3944 6404
489 421 629 478 i667

1450 407 1535 464 AD
1569 410 1791 467 OPERA
1828 408 1885 463 S.
1926 403 2248 464 GREGOR“
2285 400 2721 460 APPENDICES.

3554 404 3702 461 {068

484 549 607 588 rum
635 527 1055 586 ineonsideratas
1093 525 1469 595 usurpationes
1499 523 1697 579 referre
1732 521 2029 578 consuevit.
2062 522 2106 577 A
2132 533 2261 588 pare
2289 531 2397 573 non
2422 524 2657 572 veretur.
2701 511 2901 583 Nempe
2920 510 3250 570 tolerabilius
3281 527 3529 586 peccaret
3556 516 3607 573 si
3626 518 3707 571 de

485 622 635 676 Unde
659 635 764 673 non
792 617 971 671 omnia
1019 630 1139 684 qua:
1189 615 1242 667 in
1271 628 1335 668 eo
1381 612 1580 682 scripta
1618 612 1886 680 leguntur,
1935 626 2033 680 pro

481 706 862 766 ecclesiasticis
896 704 1263 760 sanctionibus
1299 703 1539 771 recipere
1572 700 1867 754 debemus:
1901 714 2036 768 pra:-

482 800 667 854 sertim
718 797 807 851 illa
839 794 1061 849 minime
1104 808 1223 863 quce
1265 807 1296 846 a
1336 789 1845 845 consideratissimis
1892 788 2034 841 anti-

481 902 711 957 quorum
756 884 975 939 Patrum
1034 882 1312 938 sententiis
1357 880 1571 939 deviare
1635 879 1914 942 videmus;
1968 892 2035 946 ex

391 1014 395 1019 .
480 976 679 1043 quibus
707 990 804 1029 vos
827 974 935 1028 duo
963 973 1204 1040 exempla
1238 970 1519 1041 posuistis,
1553 982 1673 1037 qua:
1702 976 2034 1022 sacramenta

484 1066 876 1134 neophytorum
931 1063 1064 1117 adeo
1104 1061 1496 1131 profanantyut
1533 1058 1806 1113 ordinatos
1852 1057 1920 1111 ab
1970 1056 2037 1111 iis

394 1140 399 1144 ’
480 1154 865 1209 reordinandos
904 1161 1175 1215 censeant,
1195 1150 1339 1220 quod
1384 1156 1438 1202 et
1471 1147 1603 1217 ipsis
1653 1146 1911 1216 apostolis
1944 1160 2036 1199 eo—

481 1259 708 1313 rumque
738 1241 1145 1297 successoribus
1174 1214 1435 1292 Romanis
1482 1236 1845 1306 pontiﬁcibus,
1883 1234 2034 1287 aliis-

481 1348 588 1402 que
608 1332 807 1388 sanctis
842 1329 1095 1391 Patribus
1127 1328 1398 1383 adversari
1440 1342 1548 1381 non
1586 1327 1881 1388 dubitatur.
1931 1323 2035 1392 ipsi

482 1422 625 1475 enim
661 1421 889 1489 apostoli
927 1421 983 1473 in
1021 1419 1137 1474 suis
1172 1417 1473 1472 canonibus
1498 1431 1596 1471 eos
1631 1417 1917 1471 damnasse
1960 1414 2035 1466 le-

480 1519 699 1577 guntur,
743 1512 1047 1578 quicunque
1074 1509 1369 1562 secundam
1404 1521 1600 1561 manus
1638 1504 2031 1573 impositionem

476 1600 751 1669 accepisse
794 1600 1186 1668 detegerentur.
1220 1597 1374 1651 item
1423 1595 1479 1648 S.
1524 1594 1824 1663 Gregorius
1844 1607 1978 1661 papa
2012 1590 2031 1643 l

479 1688 597 1758 (tib.
630 1705 689 1753 ιι,
724 1689 876 1758 epist.
919 1688 1031 1756 '52),
1056 1687 1297 1741 scribens
1323 1684 1518 1738 Joauni
1545 1684 1795 1752 episcopo
1819 1681 2031 1735 Raven-

483 1777 622 1839 nati;
649 1777 781 1830 item
806 1776 1227 1844 pranieeeSsores
1253 1774 1370 1842 ejus
1407 1771 1657 1825 Zozimus
1681 1776 1839 1839 papa,
1870 1779 2032 1837 atque

2134 606 2288 660 altari
2332 618 2529 674 corpus
2559 616 2719 657 suum
2733 602 3009 656 communi
3041 616 3182 671 pane
3216 602 3478 671 reﬁceret,
3522 619 3707 673 quam

2136 692 2371 749 animam
2395 706 2550 748 suam
2571 690 2910 745 damnatoria
2940 690 3321 746 communione
3341 691 3699 747 interﬁceret.

2134 780 2449 851 Nam,juxta
2459 780 2770 849 Apostolum
2790 798 2802 831 :
2820 776 3365 849 Qui(Eucharistiam)
3376 780 3589 850 indigne
3601 796 3700 832 suo

2136 870 2249 935 mit,
2254 868 2516 936 judicium
2526 867 2627 920 sibi
2641 865 2924 919 manducat
2943 875 2993 919 et
3014 866 3142 919 bibit
3156 865 3336 936 (lCor.
3353 867 3452 936 xx).
3465 865 3701 937 Indigne

2136 967 2313 1012 autem
2341 957 2508 1011 sumit
2526 958 2620 1026 qui
2647 953 2886 1009 nondum
2915 954 3235 1009 criminibus
3275 954 3591 1025 paenitendo
3637 969 3702 1009 se

2133 1046 2397 1115 purgavit,
2420 1060 2582 1114 quem
2612 1058 2711 1097 nec
2750 1044 3007 1098 canonica
3046 1043 3303 1098 severitas
3330 1044 3403 1113 ad
3422 1043 3700 1114 pceniten-

2134 1133 2260 1186 dum
2288 1138 2521 1188 excitare
2548 1131 2738 1201 potuit.
2766 1128 2823 1185 In
2846 1132 3277 1187 ordinationibus
3305 1147 3523 1200 quoque
3566 1132 3697 1202 qni-

2134 1222 2261 1277 libet
2298 1223 2585 1276 damnatus
2631 1221 2812 1275 minus
2860 1220 3193 1291 delinqueret
3232 1223 3281 1277 si
3328 1223 3464 1276 nihil
3513 1222 3698 1285 daret,

2133 1326 2296 1379 quam
2332 1325 2427 1379 per
2458 1320 2856 1364 sacramentum
2884 1309 3244 1381 ordinationis
3262 1311 3510 1366 ordinato
3531 1325 3700 1366 suam

2131 1402 2527 1456 damnationem
2558 1401 2837 1470 irrogaret'.
2868 1399 2938 1454 Et
2965 1402 3164 1455 mirum
3195 1401 3249 1455 in
3284 1401 3527 1466 modum,
3556 1401 3701 1455 dum

2132 1508 2250 1546 eam
2280 1494 2377 1547 alii
2416 1493 2637 1562 irrogat,
2665 1493 2880 1562 penitus
2901 1493 3005 1548 sibi
3035 1493 3206 1561 ipsam
3258 1508 3367 1547 non
3413 1493 3699 1556 diminnit,

2132 1584 2224 1637 sed
2257 1583 2590 1652 multiplicat.
2622 1581 2970 1653 Nequaquam
3010 1583 3174 1653 igitur
3197 1584 3435 1638 damnati
3470 1583 3539 1637 de
3563 1598 3694 1651 per-

2134 1674 2337 1728 nieiosa
2359 1674 2707 1742 usurpatione
2730 1682 3191 1737 sacramentorum
3216 1672 3544 1741 appla’udant
3561 1655 3713 1734 sibi;

2133 1778 2257 1821 cum
2281 1772 2429 1817 tanto
2445 1763 2846 1832 irreparabilius
2866 1764 3073 1833 seipsos
3086 1763 3466 1827 condemnem,
3483 1771 3723 1832 quantn_

481 1842 956 1917 ltonil‘acius'cum
1002 1878 1176 1917 ccxvu
1216 1860 1419 1915 sanctis
1451 1858 1699 1914 Patribus
1747 1856 2031 1925 Carthagi-
2060 1842 2105 1893 Β
2132 1853 2402 1907 sanctiora
2459 1863 2588 1908 sunt
2613 1869 2734 1924 qua:
2756 1854 2885 1909 dare
2907 1854 2990 1908 vel
3032 1854 3274 1924 accipere
3311 1863 3499 1909 contra
3523 1856 3608 1910 l'as
3641 1864 3697 1907 et

479 1951 665 2007 nensis
710 1952 948 2017 concilii,
979 1950 1427 2005 reordinationem
1449 1961 1600 2017 aeque
1627 1955 1685 2001 ut
1733 1946 2032 2015 rebaptiza-
2126 1943 2217 2010 jus
2242 1941 2499 2011 sacrilege
2528 1949 2881 2010 praesumunt.

481 2038 682 2093 tionem
710 2040 1059 2094 damnavere.
1452 2077 1459 2084 ς

553 2126 703 2191 Quod
716 2135 894 2180 autem
907 2126 981 2180 illi
993 2125 1085 2194 qui
1095 2125 1324 2180 ordinati
1336 2132 1463 2179 sunt
1473 2123 1721 2194 necphyti
1735 2137 2035 2178 sacramen-

484 2224 597 2268 tum
622 2212 980 2268 ordinationis
1005 2229 1110 2267 non
1136 2212 1313 2267 minus
1340 2212 1573 2267 habeant
1596 2228 1758 2280 quam
1776 2210 2032 2272 licerelici,

480 2302 728 2372 superius
745 2302 1072 2363 sanctissimi
1097 2301 1281 2357 Patres
1312 2301 1419 2355 Leo
1446 2316 1582 2369 papa
1616 2309 1671 2353 et
1694 2300 2032 2363 Ambrosius,

481 2392 617 2444 alter
651 2392 886 2458 decreto,
918 2391 1303 2458 alterexemplo
1338 2405 1437 2443 nos
1466 2390 1805 2457 apertissime
1836 2388 2034 2442 docue-

482 2491 626 2534 runt.
657 2477 976 2549 Quieunque
999 2480 1161 2549 igitur
1190 2479 1469 2533 ordinatos
1517 2479 1815 2547 neophytos
1839 2478 2045 2535 iterum
2070 2502 2073 2505 ·

481 2568 813 2623 ordinandos
834 2568 1127 2632 censuerit,
1163 2568 1351 2636 procul
1396 2566 1560 2620 dubio
1598 2574 1788 2620 contra
1818 2573 2036 2620 sanctos

482 2657 666 2712 Patres
685 2657 830 2712 facit.
845 2656 1043 2713 Eodem
1067 2627 1226 2712 modo
1238 2666 1291 2710 et
1315 2657 1403 2711 illa
1430 2656 1755 2711 reordinatio
1776 2627 2055 2725 reproba/

484 2759 596 2810 tur,
618 2759 777 2815 quam
802 2744 1082 2801 Alel‘redus
1103 2745 1581 2801 Hildesheimensis
1601 2745 1885 2814 episcopus
1910 2744 2034 2800 fecit

481 2833 543 2886 in
565 2834 649 2890 bis
673 2849 812 2902 quos
845 2834 958 2889 Ebo
996 2834 1275 2907 Remensis
1309 2835 1614 2906 episcopus,
1667 2835 1760 2889 sed
1805 2836 2031 2889 damna-

481 2930 594 2984 tus,
617 2920 898 2979 ordinavit.
927 2920 1079 2999 Nam,
1100 2922 1633 2999 juxta'Augustinum
1649 2921 1746 2990 (De
1769 2922 1898 2974 bona
1918 2937 2035 2999 con-

481 3010 671 3085 iugali,
710 3028 826 3080 cap.
855 3012 968 3081 Ἡ),
1000 3014 1046 3067 si
1082 3014 1197 3080 quis
1238 3013 1503 3080 episcopus
1530 3010 1599 3083 [si
1630 3014 1903 3081 quicquam
1947 3027 2034 3064 or-
2072 3022 2082 3028 ‘

482 3097 723 3170 dinatus]
741 3114 835 3168 pro
870 3097 1054 3171 aliqua
1077 3099 1227 3167 culpa
1258 3100 1321 3152 ab
1356 3100 1535 3167 ofﬁcia
1578 3108 1917 3165 removeatur,
1939 3091 2024 3152 sa-

482 3195 744 3238 tramenta
778 3185 933 3239 semel
976 3187 1346 3254 impositoaon
1367 3186 1581 3254 carebit,
1604 3187 1741 3256 quod
1780 3185 2034 3257 [quamvis

482 3272 554 3327 ad
579 3272 840 3339 judicium
886 3273 1240 3346 permanente]
1271 3274 1646 3328 damnabiliter
1695 3275 2035 3330 nihilominus

483 3362 612 3414 dare
657 3378 811 3431 quam
840 3362 1025 3416 habere
1046 3366 1261 3433 poterit.
1297 3362 1384 3419 Sic
1405 3373 1461 3419 et
1477 3364 1708 3420 Aeacius
1738 3365 2032 3435 depositus,

482 3446 551 3498 de
573 3460 682 3513 quo
705 3462 868 3520 supra
902 3449 1206 3516 retulimus,
1237 3452 1436 3506 multos
1464 3440 1752 3516 ordinavit,
1775 3466 1931 3520 quos.
1953 3460 2034 3506 ta-

483 3548 611 3594 men
633 3534 822 3612 beatus
843 3534 1161 3592 Anastasius
1190 3554 1327 3608 papa
1380 3539 1622 3608 (epistola
1661 3540 1838 3608 unica)
1893 3540 2032 3593 inte-

481 3635 642 3693 grum
665 3621 1019 3677 ordinationis
1073 3633 1468 3678 sacramentum
1511 3626 1579 3688 ab
1613 3639 1678 3679 eo
1710 3626 2032 3695 percepisse,

481 3718 539 3763 et
580 3710 649 3766 ob
678 3711 781 3765 hoc
832 3727 939 3765 non
975 3713 1363 3777 reordinandos
1391 3730 1514 3769 esse
1540 3715 1818 3785 judicavit.
1844 3715 2035 3770 Nullus

478 3805 660 3858 autem
693 3800 979 3861 damnatus
1012 3803 1095 3857 vel
1125 3812 1624 3867 excommunicatus
1668 3804 1771 3860 sibi
1804 3805 1870 3860 de
1899 3819 2033 3859 eon-

478 3889 711 3947 fectione
736 3904 1200 3953 sacramentorum
1235 3888 1523 3967 applaudat
1550 3916 1563 3953 :
1598 3899 1708 3954 imo
1733 3900 1787 3954 in
1803 3900 1906 3954 hac
1934 3915 2030 3955 eu—

480 3980 686 4035 mulum
715 3997 827 4041 suae
848 3982 1212 4051 damnationis
1236 3987 1512 4057 agnoscat,
1537 4003 1660 4044 cum
1689 3998 1838 4045 tanto
1865 3991 2032 4063 scele-

480 4069 651 4122 ratior
704 4078 758 4124 et
808 4072 878 4127 ob
929 4072 1034 4149 hoc
1078 4075 1178 4149 sibi
1232 4085 1382 4130 tanto
1437 4077 1770 4146 perniciosor
1813 4078 2028 4143 existat,

486 4168 685 4216 euanto
737 4137 1665 4240 sanctius'repittatquod'sacrilego
1710 4186 1848 4226 ausu
1871 4137 2031 4226 usur;

2203 2037 2338 2092 ilinc
2369 2047 2588 2093 sanctus
2613 2039 2908 2110 Gregorius
2922 2040 3113 2111 papa!
3161 2037 3309 2111 (967)
3353 2040 3405 2094 in
3461 2039 3708 2111 Hegesia

2133 2141 2234 2180 suo
2261 2127 2397 2194 (cap.
2427 2127 2513 2180 vei
2539 2143 2656 2180 can.
2678 2128 2807 2196 9.49)
2851 2129 3020 2197 partis
3063 2130 3344 2195 secundae,
3373 2130 3706 2185 damnatum

2134 2208 2465 2269 sacerdotem
2488 2216 2699 2285 pristini
2721 2216 2879 2271 ollicii
2900 2227 3275 2286 usurpatorem
3311 2227 3565 2287 perpetua
3595 2235 3701 2273 ex-

2135 2304 2619 2359 eommunieatione
2663 2306 2904 2365 damnat.
2932 2317 2993 2360 ut
3021 2308 3109 2361 vix
3137 2307 3190 2362 ei
3220 2307 3476 2361 viaticum
3501 2308 3558 2362 in
3584 2310 3708 2362 line

2133 2393 2256 2447 vita:
2283 2395 2558 2448 concedat.
2598 2393 2736 2449 Hine
2781 2397 2955 2451 sancti
3008 2396 3195 2451 Patres
3244 2397 3300 2450 in
3353 2397 3708 2463 Antioche!»

2133 2482 2362 2536 coneili'o
2394 2484 2531 2552 (cap.
2555 2485 2639 2538 vel
2660 2501 2777 2537 can.
2799 2486 2854 2554 4)
2882 2486 3101 2552 cuilibet
3118 2487 3395 2552 damnato,
3410 2487 3457 2541 si
3484 2487 3705 2556 aliquid

2132 2571 2199 2625 de
2228 2568 2387 2627 ’sacro
2427 2574 2728 2628 ministerio
2770 2576 3077 2646 attingeret,
3101 2592 3317 2631 omnem
3347 2592 3497 2646 spem
3530 2579 3701 2632 resti-

2133 2661 2377 2725 tutionis,
2404 2661 2487 2715 vel
2516 2662 2695 2715 locum
2725 2661 3110 2718 satisfactionis
3136 2665 3351 2734 penitus
3385 2664 3697 2735 denegave—

2132 2758 2287 2816 runt;
2320 2764 2637 2819 omnesque
2667 2751 2735 2804 ei
2781 2751 2920 2806 intra
2960 2753 3361 2808 damnationem
3384 2756 3698 2809 communi-

2131 2848 2317 2892 cantes
2341 2838 3022 2914 sub‘excommunicatione
3046 2841 3457 2896 damnaverunt.
3481 2840 3542 2896 Si
3560 2856 3707 2912 ergo

2135 2942 2233 2996 pro
2254 2928 2600 2998 usurpatione
2623 2929 2761 2983 sacri
2791 2928 3077 2989 ministerii
3128 2939 3238 2983 tam
3284 2930 3477 2985 acriter
3529 2930 3696 2983 dam-

2135 3025 2333 3071 nantur
2354 3017 2447 3085 qui
2475 3016 2590 3072 solo
2609 3017 2785 3072 oliicio
2812 3002 3116 3093 privamur,
3144 3024 3346 3087 quanto
3388 3017 3565 3087 magis
3611 3017 3699 3070 ilii

2137 3104 2253 3174 qui,
2269 3104 2442 3159 otlleio
2457 3113 2511 3160 et
2530 3107 2909 3162 communioue
2928 3104 3155 3175 privati,
3181 3105 3306 3159 talia
3328 3119 3696 3174 presumpse-

2136 3206 2264 3248 runt
2296 3193 2518 3265 indigni.

2205 3292 2441 3347 Caveant
2459 3307 2674 3363 quoque
2698 3302 2753 3348 et
2778 3293 2879 3364 ipsi
2901 3293 3164 3350 Catholici
3190 3309 3258 3349 ne
3282 3294 3571 3364 aliquando
3598 3308 3699 3349 sa-

2134 3388 2410 3434 cramenta
2459 3396 2489 3435 a
2529 3382 3138 3452 damnatis'pereipiant,
3166 3398 3236 3437 ne
3262 3398 3322 3438 se
3343 3384 3445 3438 sub
3462 3397 3693 3439 eteoru-

2135 3468 2552 3522 municationem
2576 3462 2887 3524 sanctorum
2909 3469 3133 3524 Patrum
3160 3479 3382 3539 ponant.
3412 3470 3698 3540 Proripite
3736 3498 3739 3501 π

2137 3563 2318 3609 autem
2337 3555 2403 3610 de
2434 3558 2786 3630 sacramentis
2815 3557 3406 3613 excommunicatorum
3440 3567 3692 3623 caveant,

2136 3644 2278 3714 quod
2303 3659 2397 3713 per
2425 3645 2572 3710 haec,
2596 3645 2750 3715 juxta
2787 3636 3181 3702 attestationem
3230 3654 3537 3700 sanctorum
3580 3645 3663 3699 Pa

2136 3739 2301 3798 trum,
2326 3748 2433 3787 non
2464 3733 2711 3801 salutem,
2756 3726 3270 3804 seddamnationetﬁ
3288 3742 3343 3788 et
3361 3735 3695 3789 exsecratio-

2138 3835 2262 3875 nem
2293 3822 2518 3895 quilibet
2558 3824 2940 3893 participantes
2984 3824 3274 3892 accipiunt,
3319 3823 3518 3892 quibus
3576 3837 3695 3876 non

2134 3908 2258 3963 dico
2292 3909 2346 3963 in
2372 3913 2752 3986 sacramentis,
2790 3912 2884 3967 sed
2918 3912 2965 3966 si
3006 3911 3061 3972 in
3099 3912 3288 3972 osculo
3315 3910 3693 3984 communica-

2134 3997 2327 4062 verint,
2342 4000 2658 4063 canonicam
2685 4000 3297 4057 excommunimtionem
3317 3996 3701 4070 subterfugere

2135 4100 2245 4141 non
2277 4096 2549 4155 poterunt.

497 4270 3658 4322 ===================It:================-===========================================================a====r=l=aa

1169 4331 1994 4564 autsimul
2048 4418 2987 4571 BERNALDI
3070 4338 3071 4347 ψ
3238 4382 3243 4387 ”

1321 4702 2822 4950 APOLOGETICUS

2002 5018 2167 5059 SUPER
2220 5047 2225 5053 .

1240 5145 1275 5157 ~
1331 5101 2227 5237 excommculom
2265 5121 2645 5203 emetur
2683 5142 2824 5209 vn.
2851 5105 2869 5125 ”
2956 5150 2959 5155 ·
3033 5136 3037 5141 ·

539 5369 890 5461 'Sententiam
938 5375 1527 5456 exeontmunicationls,
1570 5392 1732 5451 quam
1783 5352 2036 5434 cominus
2134 5370 2413 5456 mulgavit,
2430 5388 2674 5444 nonnulli
2703 5384 2958 5458 sacrilega
3006 5388 3301 5446 temeritate
3350 5390 3508 5461 quasi
3564 5392 3697 5450 irri-

488 5473 672 5519 Ioster
688 5458 972 5532 Gregorius
992 5451 1129 5535 papa
1153 5465 1238 5519 Vll
1259 5467 1550 5536 apostolica
1571 5468 1888 5523 auctoritate
1911 5482 2036 5537 pro-

494 5638 693 5690 σδέιηδ.

2136 5480 2246 5526 tam
2264 5474 2510 5543 judicare
2544 5485 2906 5557 praesumunt,
2929 5492 3094 5547 seque
3123 5479 3176 5533 in
3209 5481 3330 5547 hoc,
3356 5481 3516 5550 juxta
3546 5491 3697 5538 aue-

736 5567 852 5625 Lib.
880 5588 951 5639 tv,
979 5575 1129 5658 epist.
1165 5594 1217 5644 ν,
1242 5577 1331 5631 ad-
1355 5561 1672 5669 Gregorium
1709 5578 2029 5637 Venantium
2055 5581 2364 5653 episc0pum
2395 5586 2716 5641 Lunensem.
2772 5586 2900 5645 Vide
2932 5591 3094 5648 etiam
3118 5592 3172 5648 d.
3203 5592 3272 5650 50
3294 5609 3345 5650 c.
3385 5593 3455 5649 10
3478 5593 3587 5649 Λο-
