3944 6394
277 422 428 483 {069

1165 425 1447 483 APPEND.
1489 429 1574 484 Ill.
1615 460 1682 470 —
1716 423 2143 488 MONUMENTA
2181 430 2637 489 GREGORIANA.

3359 435 3494 490 Ib?"

272 538 571 593 stationem
598 545 909 591 sanctorum
929 535 1170 599 Patrum,
1187 538 1490 606 apostolica:
1513 539 1845 598 auctoritatis
1874 542 1918 599 Α
1948 539 2062 591 dem
2074 539 2356 608 judicabit.
2407 538 2585 610 Neque
2617 539 2755 592 enim
2803 539 2865 591 ab
2923 539 3176 608 Augusto,
3220 556 3378 611 neque
3429 545 3494 597 ab

271 641 412 682 reos
431 625 837 696 perniciossime
861 624 1112 680 eﬂiciunt.
1143 625 1245 680 Sed
1282 627 1335 679 in
1371 627 1470 679 hac
1499 643 1682 681 eorum
1708 643 1844 696 prte-

273 715 594 784 snmptione
651 729 752 770 nec
801 715 900 784 ipsi
943 724 1229 786 peccarent
1282 729 1380 768 nec
1432 715 1566 768 alios
1620 730 1842 784 peccare

274 802 544 868 facerent,
569 804 614 858 si
651 805 939 874 cujuslibet
982 805 1186 873 praelati
1229 803 1282 856 in
1342 803 1577 859 Ecclesia
1628 804 1841 872 privile—

274 892 453 963 gium,
479 908 583 946 non
610 893 731 947 dico
767 892 989 947 Romani
1021 892 1309 961 pontiﬁcis.
1335 893 1622 961 primatum
1670 901 1839 946 atten-

188 1007 192 1009 -
270 980 490 1035 derent.
529 981 623 1036 Est
665 983 808 1036 enim
865 983 1114 1054 generale
1161 983 1492 1053 privilegium
1533 984 1839 1052 hujusmodi

271 1071 649 1138 pmlatorum,
669 1071 820 1140 juxta
845 1055 1236 1125 institutionem
1265 1082 1571 1124 sanctorum
1595 1070 1835 1135 Patrum,

269 1169 340 1212 ut
379 1159 622 1214 subditos
638 1159 902 1229 judicent,
928 1175 1026 1214 nec
1068 1159 1266 1214 subditi
1298 1174 1484 1213 eorum
1509 1160 1728 1228 judiciis
1757 1170 1834 1214 te-

270 1265 429 1304 mere
461 1250 739 1315 resultent,
763 1251 960 1318 quibus
989 1250 1191 1320 absque
1237 1248 1382 1302 omni
1419 1249 1838 1304 contradictione

268 1340 576 1394 secundum
640 1355 873 1395 canones
921 1339 1135 1411 obedire
1176 1340 1388 1394 debent.
1439 1340 1710 1409 Scriptum
1757 1350 1840 1395 est

265 1429 423 1482 enim
451 1447 464 1482 :
501 1429 619 1482 Non
649 1439 723 1482 est
748 1430 1035 1498 discipulus
1063 1419 1221 1497 supra
1276 1431 1585 1498 magistrum
1620 1431 1832 1496 (Matth.

268 1518 365 1582 x);
406 1528 458 1572 ct
483 1539 493 1570 :
521 1518 622 1583 Qui
652 1520 848 1572 resistit
883 1521 1148 1588 potestati,
1174 1519 1269 1571 Dei
1294 1519 1614 1572 ordinationi
1642 1521 1835 1573 resistit

265 1607 453 1677 (Rom.
482 1607 561 1676 ιι).
589 1607 654 1660 Et
684 1607 730 1662 si
772 1608 875 1661 hoc
915 1607 1139 1677 apostoli
1182 1607 1248 1662 de
1285 1607 1526 1660 sreculari
1577 1615 1836 1675 potestate

264 1698 544 1761 dixerunt,
567 1697 695 1766 quid
725 1711 823 1751 nos
874 1697 976 1752 sub
1011 1697 1374 1751 ecclesiastica
1428 1706 1689 1770 potestate
1738 1697 1832 1752 dc—

263 1797 462 1856 gentes
491 1802 647 1858 agere
668 1787 944 1853 debemus,
974 1788 1064 1840 ubi
1107 1787 1461 1841 inobedientia
1494 1802 1590 1858 pro
1635 1788 1832 1841 ariola-

1947 633 2085 681 omm‘
2117 628 2276 696 clero,
2310 647 2469 698 neque
2497 648 2528 682 a
2559 631 2782 699 regibus,
2814 645 2970 697 neque
3022 646 3052 681 a
3102 631 3289 698 populo
3329 631 3496 700 ,ἐπάρας

1936 717 2280 783 judicabitur.
3084 776 3089 781 .

2007 806 2208 860 Beatus
2243 819 2416 861 autem
2465 817 2645 861 noster
2691 808 2980 877 Gregorius
3030 825 3185 881 papa,
3235 815 3493 871 canonice

1943 897 2156 962 quidem
2185 897 2482 962 ordinatus,
2510 906 2568 950 ut
2607 891 2791 950 sancta
2837 897 3073 952 Ecclesia
3103 898 3342 955 Romana
3366 903 3495 957 ﬁde.

1943 985 2146 1040 lissimc
2184 996 2427 1052 testatur,
2460 986 2527 1041 ab
2563 987 2814 1041 omnibus
2841 989 3124 1044 catholicis
3158 989 3321 1058 judex
3368 995 3491 1046 uni~

1944 1079 2164 1132 versalis
2186 1077 2439 1134 Ecclesiae
2482 1088 2534 1132 et
2573 1094 2668 1148 pro
2712 1079 2951 1134 Romano
2995 1081 3244 1148 pontiﬁce
3285 1098 3495 1155 semper

1943 1168 2258 1234 habebatur,
2285 1170 2427 1238 quod
2467 1179 2520 1223 et
2565 1170 2666 1239 ipsi
2711 1170 2828 1238 ejus
2863 1171 3309 1225 exeommunicati
3337 1173 3403 1226 de
3430 1189 3498 1227 co

1936 1258 2327 1326 judicaverunt,
2353 1273 2474 1312 cum
2501 1259 2567 1312 ad
2587 1260 2703 1328 ejus
2730 1245 3216 1315 reconciliationem
3245 1276 3490 1330 saepenu~

1941 1362 2090 1400 mero
2118 1347 2462 1412 recurrerint,
2514 1347 2639 1401 licet
2693 1348 2760 1401 ad
2811 1348 3069 1402 vomitum
3112 1365 3270 1404 suum
3309 1361 3493 1418 postea

1941 1436 2114 1489 redire
2133 1451 2239 1490 non
2266 1435 2554 1489 timuerint.
2581 1433 2866 1504 Nunquam
2892 1451 3022 1491 sane
3047 1438 3263 1506 aliquod
3286 1439 3494 1496 crimen

1940 1524 1992 1577 in
2022 1525 2113 1578 illo
2162 1526 2244 1580 vel
2283 1526 2350 1579 ab
2381 1525 2614 1579 inimicis
2643 1525 2916 1579 inventum
2947 1536 3029 1580 est
3061 1528 3143 1582 vel
3186 1529 3493 1596 probatum,

1939 1616 2078 1688 quod
2107 1626 2415 1687 susceptum
2445 1615 2546 1669 sibi
2584 1615 2826 1669 illicitum
2855 1615 3051 1671 faceret
3081 1617 3334 1673 ofﬁcium.
3385 1620 3492 1676 Sed

1939 1705 1984 1759 si
2020 1705 2162 1774 quod
2212 1706 2316 1761 tale
2363 1707 2566 1760 crimen
2612 1707 2937 1772 admisisset,
2983 1710 3229 1779 nunquid
3278 1712 3493 1769 tandem

1940 1795 2229 1861 inauditus,
2265 1810 2369 1848 non
2411 1796 2689 1850 confessus
2737 1813 2838 1852 nec
2901 1800 3178 1854 convictus
3237 1802 3495 1861 canonico

265 1877 420 1929 tione
447 1884 500 1928 et
534 1857 829 1930 idololatria
890 1886 1168 1944 reputatur
1227 1876 1281 1944 (1
1301 1877 1424 1945 Reg.
1457 1857 1574 1945 Li)?
1609 1877 1665 1930 Si
1704 1893 1833 1948 ergo
1869 1857 1909 1909 Β
1936 1884 2181 1937 damnari
2210 1857 2632 1952 posset,etiamsi
2663 1884 2883 1938 ultimus
2913 1887 3262 1947 ecclesiastici
3287 1857 3494 1948 ordinis

267 1965 587 2020 inobediens
632 1966 1009 2021 ecclesiastica:
1062 1967 1340 2034 potestati,
1389 1968 1593 2021 scilicet
1636 1968 1832 2022 divinze

263 2055 617 2120 ordinationi,
644 2071 740 2124 pro
770 2055 1045 2109 idololatra
1069 2056 1258 2109 merito
1283 2053 1585 2125 deputatur,
1612 2056 1739 2125 quid
1765 2057 1829 2111 de

266 2145 368 2198 illo
391 2147 715 2200 censendum
744 2155 827 2200 est
855 2147 947 2215 qui
967 2147 1208 2200 eamdem
1257 2155 1571 2216 potestatem
1615 2148 1830 2217 penitus

265 2237 534 2307 abrogare
560 2237 817 2294 conatur?
848 2235 1035 2291 Videat
1081 2245 1259 2291 autem
1306 2237 1528 2311 quilibet
1578 2237 1828 2307 praelatus

263 2341 436 2395 quam
463 2328 564 2381 sibi
587 2327 938 2381 reverentiam
981 2342 1012 2380 a
1049 2327 1279 2384 subditis
1326 2328 1521 2397 exigat,
1560 2343 1660 2381 nec
1707 2342 1825 2384 eam

265 2413 516 2474 Romano
561 2415 798 2486 pontiﬁci
848 2417 1112 2488 denegare
1153 2417 1312 2481 velit,
1335 2433 1365 2470 a
1391 2432 1500 2486 quo
1523 2417 1700 2472 omnis
1735 2432 1826 2472 ee-

264 2506 574 2562 ciesisstica
602 2517 838 2576 potestas
880 2507 1138 2576 procedit.
1186 2506 1436 2580 Nunquid
1474 2509 1620 2562 enim
1671 2523 1827 2563 suam

263 2607 586 2668 potestatein
613 2599 792 2653 statim
836 2598 1040 2652 irritam
1065 2597 1177 2651 fore
1199 2599 1478 2667 judicabit,
1507 2599 1553 2651 si
1582 2599 1674 2667 qui
1709 2607 1827 2651 tan-

265 2698 389 2746 tum
409 2705 474 2742 ea
496 2688 751 2758 subjectis
771 2687 888 2756 ejus
909 2687 980 2740 ita
1003 2687 1393 2756 judicavcrint?
1438 2686 1688 2756 Nunquid
1711 2697 1824 2768 sta-

263 2779 370 2836 tim
407 2792 558 2834 suam
601 2777 958 2846 praelationem
990 2776 1102 2844 ipse
1125 2776 1425 2847 denegabit,
1448 2776 1496 2830 si
1514 2776 1729 2846 quidam
1759 2792 1824 2830 ex

263 2866 388 2921 suis
406 2866 594 2931 ovibus
616 2880 738 2919 eum
766 2879 862 2934 pro
881 2865 1099 2936 praelato
1120 2865 1316 2920 habere
1345 2866 1651 2922 noluerint?
1674 2864 1825 2919 Non»

262 2957 400 3027 quid
433 2972 586 3011 suam
623 2957 934 3011 canonicam
965 2957 1573 3016 exconimunieationem
1614 2957 1666 3013 in
1693 2957 1824 3012 sub-

262 3047 412 3101 ditos
437 3048 644 3102 irritam
673 3048 1040 3112 arbitrabitur,
1064 3047 1109 3102 si
1144 3048 1362 3117 quidam
1388 3055 1596 3100 tantum
1618 3062 1827 3100 eorum-

1931 1971 2514 2041 exstitisset?Nunquid
2534 1971 2593 2041 [ι.
2609 1970 2816 2043 Nonne]
2832 1973 2975 2026 enim
3001 1975 3234 2044 legitime
3257 1978 3492 2037 cilicium

1932 2050 2089 2115 suum
2103 2072 2393 2127 exerceret,
2410 2078 2580 2136 usque
2595 2063 2720 2117 dum
2735 2063 2992 2120 canonice
3001 2064 3274 2132 judicatus
3295 2067 3362 2122 ab
3377 2068 3494 2128 οω.

1931 2150 2014 2203 cio
2038 2166 2250 2205 cessare
2266 2151 2581 2223 juberetur?
2601 2151 2665 2204 Et
2680 2153 2782 2206 hoc
2803 2153 2988 2221 utique
3012 2152 3270 2211 Dominus
3300 2167 3486 2213 noster

1929 2238 2218 2308 Gregorius
2254 2255 2388 2308 papa
2437 2256 2774 2308 nequaquam
2803 2243 3008 2305 abnuit,
3039 2247 3169 2312 quin
3206 2262 3354 2300 more
3388 2264 3502 2303 ους.

1923 2330 2145 2397 juslibct
2177 2329 2355 2383 clerici
2381 2330 2640 2383 duntaxat
2663 2331 2921 2384 canonice
2955 2333 3247 2388 audiretur.
3295 2336 3358 2390 Et
3387 2339 3490 2400 hoc

1927 2418 2204 2489 privilegio
2239 2403 2464 2472 Romani
2493 2420 2758 2487 pontiﬁcis
2800 2421 3154 2492 incongruum
3185 2441 3306 2481 esse
3335 2429 3486 2485 vide.

1930 2519 2102 2575 retur;
2130 2509 2418 2564 adversarii
2442 2519 2622 2564 autem
2645 2511 2763 2579 ejus
2783 2527 2880 2566 nec
2910 2513 3014 2567 hoc
3033 2530 3272 2585 unquam
3295 2533 3491 2576 conee~

1927 2601 2053 2654 dere
2073 2600 2375 2652 voluerunt.
2407 2598 2627 2654 Nam'in
2660 2603 2748 2653 tali
2794 2603 3189 2664 examinatione
3233 2618 3286 2668 ct
3330 2611 3478 2670 illum

1927 2688 2357 2758 expurgandum,
2407 2698 2460 2741 et
2513 2705 2570 2742 se
2615 2691 3002 2746 contumeliose
3032 2691 3486 2771 [contumeliosw]

1926 2779 2322 2836 criminationis
2359 2780 2709 2848 inculpandos
2757 2780 2871 2834 fore
2921 2798 3026 2835 non
3082 2784 3482 2844 dubitaverunt.

1926 2869 2067 2940 Ergo
2096 2871 2416 2924 sententiam
2446 2872 2754 2940 apostolica:
2782 2873 3122 2928 auctoritatis
3155 2876 3206 2929 in
3256 2881 3484 2946 apertis-

1927 2962 2096 3015 simos
2149 2969 2496 3016 contumaces
2520 2963 2588 3037 ab
2616 2977 2681 3015 eo
2709 2963 3079 3032 depromptam
3111 2967 3292 3021 nullus
3324 2969 3484 3023 Chri-

1927 3051 2137 3105 stianus
2166 3051 2680 3128 irritam-iudicabit,
2703 3052 2795 3120 qui
2818 3055 3093 3109 canonicis
3114 3058 3486 3118 sanctionibus

260 3137 390 3192 dem
426 3138 759 3194 subditorum
795 3139 897 3193 hoc
934 3153 1174 3192 asserere
1200 3139 1586 3206 conantur,qui
1613 3146 1818 3192 tantum
1848 3165 1888 3218 (ς
1925 3149 2235 3194 sanctorum
2271 3139 2489 3201 Patrum
2521 3141 2889 3195 contradicere
2921 3143 3173 3198 noluerit.
3204 3145 3311 3216 ipsi
3338 3148 3482 3202 enim

259 3225 496 3298 [tamen]
524 3236 746 3283 eotenus
769 3227 836 3290 ei,
870 3238 928 3281 ut
952 3227 1188 3296 legitimo
1232 3227 1454 3295 pastori,
1483 3227 1816 3291 obedicrunt,

258 3324 321 3373 et
355 3317 647 3372 sententias
688 3317 806 3385 ejus
850 3317 906 3370 in
956 3317 1091 3370 alios
1131 3325 1278 3370 ratas
1309 3312 1435 3370 esse
1464 3317 1821 3370 censuerunt?

256 3404 521 3476 Nunquid
547 3404 866 3462 sententiam
887 3422 1039 3462 suam
1064 3407 1267 3476 judicio
1293 3397 1628 3462 subditorum
1650 3415 1820 3460 retra-

257 3496 422 3563 ctari,
447 3497 643 3552 nedum
695 3497 909 3566 penitus
958 3497 1220 3551 annullari
1269 3512 1505 3566 unquam
1556 3496 1864 3566 patietur?‘

254 3585 382 3640 Non
423 3587 596 3655 plane.
641 3585 779 3654 Ergo
800 3586 1172 3652 reverentiam,
1200 3601 1360 3654 quam
1392 3588 1505 3654 ipse
1532 3601 1561 3639 a
1591 3586 1818 3642 subditis

255 3677 381 3732 suis
399 3677 500 3730 sibi
527 3677 709 3746 exigit,
732 3675 890 3730 etiam
923 3675 1021 3745 ipsi
1055 3676 1272 3744 praelato
1303 3690 1420 3739 suo,
1438 3675 1589 3744 juxta
1619 3684 1816 3730 statuta

253 3775 574 3824 sanctorum
609 3765 850 3833 Patrum,
890 3765 1164 3836 rependat,
1193 3773 1246 3820 et
1272 3765 1536 3837 prtecipue
1565 3766 1816 3836 episcopo

253 3858 407 3912 sedis
433 3857 753 3927 apostolicae.

335 3946 506 4015 Hujus
533 3947 718 4016 utique
755 3947 1072 4002 sententiam
1108 3948 1278 4005 sancti
1320 3948 1504 4003 Patres
1545 3965 1812 4020 nusquam

253 4033 560 4099 retractari,
592 4035 784 4088 nedum
823 4034 1107 4100 adnullari,
1140 4037 1206 4092 ab
1235 4037 1412 4105 aliquo
1435 4039 1810 4107 permiserunt.

255 4124 401 4179 llinc
434 4124 622 4179 beatus
648 4123 897 4179 Nieolaus
927 4139 1061 4194 papa
1083 4125 1308 4194 primus,
1333 4126 1582 4180 omnibus
1608 4129 1813 4195 cpisco-

252 4214 347 4285 pis
371 4213 610 4270 scribens
656 4214 801 4284 (968)
846 4213 1122 4282 :Nemini,
1156 4216 1348 4287 inquit,
1371 4216 1574 4270 licitum
1624 4225 1701 4270 est
1752 4219 1814 4272 de

253 4305 398 4359 sedis
426 4305 724 4374 apostolica:
758 4305 966 4374 judicio
990 4307 1251 4379 judicare,
1276 4317 1367 4360 aut
1405 4307 1550 4361 illius
1614 4318 1813 4362 senten-

256 4397 393 4451 tiam
414 4406 694 4453 retractare
711 4400 1298 4468 permissum,videlicet
1321 4409 1534 4474 prepter
1558 4399 1813 4458 Romanze

256 4482 513 4541 Ecclesia:
541 4487 846 4556 primatum.
1691 4545 1694 4548 ,

331 4575 459 4631 Item
478 4569 665 4632 beatus
687 4578 928 4637 Gelasius
955 4579 1021 4634 ad
1043 4579 1320 4650 episcopos
1342 4579 1618 4636 Dardania:
1631 4580 1776 4652 (969)
1795 4603 1806 4636 :

1921 3241 1973 3284 et
2011 3229 2350 3282 temerariam
2380 3231 2665 3298 cujuslibet
2717 3230 2988 3288 inferioris
3019 3234 3258 3303 episcopi
3287 3237 3484 3291 dunta-v

1923 3327 2012 3373 xat
2039 3319 2288 3372 catholici
2313 3319 2951 3389 excommunicationem,
2984 3337 3156 3390 usque
3199 3325 3265 3377 ad
3309 3340 3479 3380 cano.

1921 3411 2095 3464 nicam
2125 3410 2583 3465 examinationem
2620 3418 2790 3465 ratam
2814 3425 2934 3466 esse
2961 3422 3307 3484 censuerunt,
3337 3424 3396 3476 ut
3421 3418 3480 3482 in

1923 3501 2227 3564 Sardicensi
2258 3501 2486 3555 concilio
2515 3516 2562 3555 c.
2599 3500 2661 3553 l'i
2692 3501 2886 3573 legitur

1987 3601 2268 3669 Necillam
2297 3602 2908 3681 excommunicationem
2939 3615 3124 3661 noster
3149 3610 3480 3677 apostolicus

1919 3693 2165 3761 privatim
2180 3683 2536 3762 deprompsit;
2563 3695 2676 3759 sed,
2692 3695 2923 3764 generali
2939 3697 3143 3764 synodo
3159 3700 3474 3766 praesidens,

1918 3784 2208 3838 universali
2231 3783 2434 3852 judicio
2463 3783 2713 3838 Ecclesia:
2757 3783 2850 3851 jus
2895 3784 3096 3852 ligandi
3148 3793 3311 3855 atque
3359 3791 3474 3843 sol-

1917 3876 2095 3940 vendi,
2119 3876 2172 3929 in
2195 3890 2423 3943 persona
2449 3873 2588 3926 Petri
2605 3880 2905 3941 acceptum,
2933 3890 3142 3945 semper
3167 3877 3409 3935 obtinere
3442 3897 3474 3945 a

1919 3966 2063 4019 nullo
2106 3964 2247 4018 ﬁdeli
2292 3963 2584 4027 dubitatur,
2609 3971 2668 4016 ut
2702 3965 3030 4020 sanctissimi
3080 3975 3240 4036 atque
3279 3969 3503 4030 ﬁdelis-_

1916 4056 2037 4112 simi
2061 4054 2247 4112 Patres
2289 4053 2482 4118 nostri,
2532 4053 2853 4122 Cyprianus,
2901 4055 3254 4126 Augustinus,
3310 4067 3474 4127 atquo

1915 4145 2022 4200 Leo
2057 4144 2279 4214 Magnus
2309 4144 2360 4197 in
2391 4144 2606 4212 scriptis
2643 4144 2757 4198 suis
2785 4145 3099 4198 docuerunt.
3151 4146 3473 4216 Quicunque

1913 4253 2040 4308 ergo
2070 4237 2186 4307 ejus
2212 4236 2414 4305 judicio
2443 4235 2495 4286 in
2521 4243 2660 4286 terra
2685 4233 2832 4300 ligati
2859 4243 3002 4299 sunt,
3045 4235 3145 4302 ipsi
3191 4236 3470 4296 nihilomi-

1917 4345 2018 4382 nus
2066 4327 2193 4381 etin
2234 4325 2369 4379 caelo
2399 4323 2541 4391 ligati
2569 4322 2933 4376 indubitanter
2975 4326 3285 4382 creduntur.
3319 4328 3472 4396 Quae

1915 4427 2149 4488 propter,
2183 4414 2330 4468 omni
2351 4412 2647 4482 postposita
2692 4415 3134 4481 contradictione,
3179 4418 3300 4478 illos
3329 4404 3470 4490 quos

1844 4477 1887 4530 θ
1913 4477 2169 4562 ίὶοῐιὶίιιυδ
2199 4513 2382 4558 noster
2409 4502 2700 4574 Gregorius
2729 4521 2867 4574 papa
2893 4507 3096 4575 judicio
3144 4477 3468 4569 universalis

1910 4597 2098 4667 synodi
2151 4596 2658 4660 excommunicavit,
2709 4603 2762 4648 et
2817 4611 2916 4649 nos
2971 4597 3467 4652 excommunicatos

255 4665 483 4729 Cuncta,
513 4666 705 4736 inquit,
719 4684 810 4736 per
822 4670 1072 4727 mundum
1093 4672 1231 4724 novit
1250 4670 1503 4737 Ecclesia,
1518 4670 1660 4742 (970)
1673 4673 1808 4739 quod

1926 4701 2026 4741 :sse
2057 4687 2359 4752 credimus,
2384 4702 2452 4740 ne
2488 4686 2618 4754 ipsis
2657 4684 3135 4740 cxcommunicatis
3189 4686 3468 4743 damnabi-e

253 4765 593 4812 sacrosancta
627 4755 864 4810 Romana
905 4757 1144 4830 Ecclesia
1179 4760 1529 4830 quarumlibet
1554 4762 1812 4830 episcOpo-

1908 4776 2070 4832 liores
2100 4778 2290 4833 merito
2313 4777 2634 4845 judicemur,
2658 4772 2891 4842 qui,etsi
2914 4774 3150 4843 qualibet
3181 4777 3467 4834 occasione

256 4861 374 4907 runt
400 4845 566 4918 ligata
602 4846 766 4914 possit
811 4825 1091 4937 absoltifre,
1117 4859 1166 4901 et
1190 4825 1260 4902 Ide
1287 4852 1426 4902 omni
1455 4825 1689 4904 Ecclesia
1724 4825 1809 4920 las

1931 4825 2069 4832 η---
2101 4825 2284 4833 ...ν---η
2313 4825 2634 4845 ,πμ---μη
2675 4825 2690 4842 .
2921 4825 3146 4843 τέμνηπ
3191 4825 3465 4834 ww---“

1926 4864 2449 4922 :xcommunicationi
2479 4863 2809 4932 subjaceaut,
2862 4878 2968 4915 non
3027 4872 3207 4920 tamen
3263 4875 3466 4923 temere

254 4933 444 4989 habeat
453 4934 717 5004 judicare,
731 4951 888 5006 neque
911 4933 1151 5006 cuiquam
1175 4937 1239 5003 de
1256 4937 1366 5007 ejus
1393 4937 1549 4997 liceat
1574 4940 1814 5012 judicare

1929 4957 2191 5027 igamenta
2220 4955 2470 5008 Ecclesiae
2490 4954 2774 5022 denegant.
2804 4952 2938 5006 Nam
2969 4957 3157 5024 procul
3189 4957 3352 5010 dubio
3375 4973 3466 5012 ne-

355 5041 476 5081 861οο

355 5041 476 5081 κιο.

250 5025 456 5167 ﬂ“item
483 5123 702 5172 sanctus
729 5114 996 5187 Sylvester
1019 5130 1155 5186 papa
1190 5115 1697 5190 universalissynodl
1723 5121 1812 5190 juv

255 5200 402 5258 dicio
431 5204 565 5273 (cap.
586 5205 678 5275 20)
705 5206 940 5262 decrevit
976 5224 988 5260 :
1032 5205 1216 5273 Nemo,
1241 5205 1436 5277 inquit,
1466 5211 1691 5277 primum
1731 5226 1811 5262 se-

503 5370 638 5444 Vidc
668 5389 717 5429 c.
744 5374 912 5454 17.,rq.
939 5377 1024 5454 ιζ-
1047 5391 1096 5454 ς.
1146 5375 1231 5454 ξο.
1279 5375 1506 5431 Nemini.
1531 5377 1660 5454 _Ubi
1706 5380 1806 5434 hoc

253 5441 578 5498 scholiolum
630 5441 937 5512 apponitur.
983 5443 1215 5514 Epistola
1250 5461 1313 5499 ex
1367 5461 1476 5514 quo
1531 5447 1631 5516 hoc
1683 5464 1800 5516 cap.

251 5520 532 5596 sumptum
554 5521 661 5596 est,
691 5522 1020 5596 non-essay
1057 5517 1258 5596 aliquid
1291 5523 1466 5568 tamen
1507 5515 1683 5568 simile
1704 5515 1805 5569 ba-

251 5582 414 5637 betur
435 5581 591 5647 epist.
626 5598 644 5636 ι
671 5583 737 5636 ad
766 5581 1095 5649 lichaelem,
1127 5581 1254 5654 iinp.

323 5647 470 5722 (sse)
501 5647 905 5722 B._Gelasius_l.
944 5651 1161 5722 Dehoc
1196 5654 1312 5708 vide
1336 5654 1388 5719 9,
1417 5669 1470 5722 q.
1502 5652 1643 5722 5,,c.
1699 5649 1800 5722 107

251 5728 306 5774 et
361 5718 492 5791 {08,
546 5720 766 5780 Cuncta.
824 5720 919 5775 Est
973 5720 1210 5798 alioquin
1254 5718 1409 5799 epist.
1436 5718 1480 5775 'x
1514 5721 1801 5776 editionnis

1906 5045 2119 5100 fandius
2151 5060 2270 5099 esse
2313 5046 2598 5112 deputatur
2625 5045 2917 5113 quemlibet
2943 5046 3115 5114 ipsam
3141 5046 3467 5104 ecclesiastiv

1902 5149 2022 5188 cam
2054 5143 2372 5203 potestatem
2395 5134 2594 5205 ligandi
2623 5142 2783 5203 atque
2811 5134 3047 5188 solvendi
3073 5149 3181 5188 non
3215 5136 3457 5201 credere,

1902 5240 2086 5294 quam,
2114 5226 2260 5280 salva
2283 5225 2404 5293 ﬁde,
2423 5220 2807 5286 ecclesiasticis
2833 5223 3046 5277 statutis
3065 5239 3174 5279 non
3214 5225 3451 5289 obedire,

1911 5401 2804 5541 Rc}?7a(ll‘)w.0uonignt_qtto_rttmlibet_
2819 5469 3083 5541 sententiis
3107 5452 3285 5541 ligata
3314 5479 3444 5541 νοτε-ο
3500 5519 3508 5524 η

1909 5528 2127 5610 tiﬁ‘cum',
2154 5528 2307 5610 52m,
2322 5537 2384 5590 Β.
2403 5528 2506 5610 'Bet
2513 5537 2579 5610 rt;
2583 5537 2823 5610 apostoli
2822 5538 2912 5605 jus
2928 5531 3127 5610 _ftqbeat
3144 5528 3443 5610 (emittendi,

1906 5595 2081 5678 ulpote
2113 5595 2248 5678 'quod
2273 5607 2500 5678 deomni
2534 5595 2770 5678 Ecclesia
2795 5595 2877 5672 fas
2918 5603 3101 5655 habeat
3143 5595 3418 5668 judicent“

1906 5673 2080 5746 neque,
2111 5673 2213 5732 etc.
2247 5677 2323 5731 sic
2350 5676 2504 5729 Rom.
2535 5673 2718 5735 editio.

2281 5803 2310 5810 '—
