3944 6404
478 456 599 510 ωτι

1429 455 1518 507 ΑΙ)
1554 452 1776 508 ΟΡΕΒΛ
1818 453 1873 505 S.
1914 449 2236 504 GillltiORll
2274 450 2707 507 APPENMCES.

3536 460 3682 513 itit-3

470 566 603 620 llinc
634 567 687 619 S.
719 567 1009 638 Gregorius
1036 582 1169 635 papa
1200 567 1406 635 primus
1432 566 1498 619 ad
1520 565 1885 619 Theoctistam
1932 579 2017 631 pa~
2046 569 2087 620 Α
2115 564 2257 632 quod
2287 566 2597 618 communio
2622 564 2882 621 malorum
2912 578 3017 618 non
3047 565 3275 621 maculet
3298 566 3401 621 nisi
3439 582 3674 623 causen-

468 658 673 710 triciam
724 657 966 712 scribens
989 657 1102 725 (lib.
1132 658 1366 725 tx,epist.
1391 656 1480 723 39)
1509 663 1763 708 testatur:
1796 654 2017 721 Ipsi,|n-

466 748 602 814 quit,
650 748 750 798 sibi
794 756 943 799 testes
968 755 1088 799 sunt
1132 748 1254 815 quia
1299 745 1585 799 Christiani
1610 761 1708 797 non
1731 753 1871 807 sunt,
1895 744 2015 812 quia

466 836 746 903 ligamenta
768 843 961 887 sancttr
979 833 1224 886 Ecclesia'
1244 835 1386 885 ranis
1413 832 1594 901 {rariis
1628 832 1723 885 Ed.
1753 830 2016 901 Romana]

466 942 518 976 se
540 925 841 976 existimant
867 924 1136 975 conatibus
1164 923 1374 974 solrcre.
1438 934 1443 939 '
1580 970 1587 977 .

434 1038 437 1041 -
534 998 822 1065 Sciendum
866 1020 1043 1065 autem
1083 1012 1224 1081 quod
1256 1011 1424 1065 sancti
1457 1010 1643 1065 Patres
1670 1024 1767 1079 pro
1795 1023 2014 1063 excom-

465 1090 753 1154 municatis
782 1100 1085 1154 habuerunt
1113 1116 1220 1154 non
1250 1102 1425 1155 solum
1458 1101 1576 1155 illos
1600 1100 1693 1169 qui
1723 1108 1844 1169 post
1862 1113 2017 1166 aper-

462 1198 572 1243 tam
604 1205 788 1246 eorum
823 1190 1213 1244 contumaciam
1241 1175 1543 1257 specialiter
1565 1187 2015 1242 excommunicati

465 1290 619 1345 sunt;
650 1281 819 1335 sedet
850 1279 968 1335 illos
1001 1281 1093 1349 qui
1120 1280 1230 1348 jam
1272 1278 1465 1332 factam
1500 1278 2015 1332 excommunicatio—

416 1416 419 1417 ν
463 1385 583 1422 nem
618 1369 889 1423 incurrere
936 1384 1061 1428 non,
1093 1356 1406 1429 timuerunt,
1448 1368 1691 1422 videlicet
1718 1375 1811 1421 aut
1855 1382 1914 1421 se
1961 1368 2015 1420 in

462 1467 665 1525 partem
707 1457 1293 1512 excommunicatorum
1334 1456 1691 1523 conferendo,
1735 1465 1828 1510 aut
1871 1455 2015 1525 quod

463 1547 565 1601 sub
610 1546 1164 1600 excommunicatione
1202 1546 1307 1600 illis
1350 1546 1653 1615 specialiter
1688 1544 2014 1613 prohibitum

465 1643 550 1686 est
582 1634 924 1703 acceptando.
959 1632 1093 1689 llinc
1127 1641 1372 1687 sanctum
1405 1633 1693 1686 concilium
1741 1630 2015 1685 Nicaenum

460 1724 695 1777 Arianos
733 1738 945 1790 omnes,
994 1722 1077 1777 vel
1126 1723 1374 1792 quisquis
1407 1722 1459 1774 in
1494 1722 1633 1775 hanc
1677 1730 1877 1790 pestem
1905 1721 2016 1773 sive

459 1830 726 1869 consensu
765 1829 861 1869 seu
888 1814 1267 1869 communione
1288 1812 1590 1877 decidisset,
1614 1820 1671 1866 ut
1690 1810 1745 1865 Β.
1772 1811 2017 1865 (lt-Iasius

461 1918 596 1972 papa
637 1911 883 1969 testatur,
923 1902 1241 1967 damnavit;
1266 1917 1424 1970 quem
1466 1915 1672 1955 morem
1704 1909 1757 1954 et
1794 1901 1845 1952 in
1890 1899 2009 1953 aliis

457 1992 1104 2047 escomtuunicationibus
1148 1992 1264 2046 suis
1328 1998 1515 2045 saneta
1559 1998 1730 2042 mater
1773 1987 2008 2042 Ecclesia

457 2082 745 2136 observare
801 2081 1099 2135 consuevit.
1134 2079 1351 2134 .Bcatus
1428 2094 1643 2149 quoque
1679 2105 1693 2118 ι
1720 2078 2010 2149 Gregorius

458 2184 595 2239 papa
622 2170 827 2238 primus
859 2170 973 2238 (lib.
1005 2185 1083 2233 nt,
1124 2170 1276 2236 epist.
1312 2168 1425 2233 ΞΟ),
1466 2178 1870 2222 consecratores
1906 2167 2009 2220 Sa-

458 2258 682 2312 lonitani
712 2258 1113 2326 pnesumptoris
1140 2256 1635 2309 exeonnnunieatos
1667 2270 1787 2309 esse
1826 2255 2007 2308 decla-

459 2349 619 2413 ravit,
636 2363 701 2401 eo
720 2346 864 2416 quod
895 2347 1063 2415 ipsam
1086 2346 1543 2400 consecrationem
1570 2345 1672 2421 sub
1700 2358 2008 2398 excommu-

458 2439 725 2492 nicatione
757 2437 838 2491 eis
868 2436 1171 2505 specialiter
1200 2438 1535 2490 interdictam
1562 2435 1736 2487 facere
1768 2444 2007 2489 tentavc-

458 2528 582 2579 rint.
619 2526 789 2590 Quam
819 2542 923 2577 rem
956 2541 1066 2589 nos,
1116 2525 1305 2593 inquit,
1351 2524 1493 2576 nullo
1538 2523 1689 2575 modo
1738 2539 2008 2590 possumus

456 2617 626 2669 dicere
653 2616 1110 2677 consecrationem,
1146 2630 1261 2683 qua:
1289 2615 1351 2665 ab
1382 2612 1844 2666 cxcommunicatis
1874 2612 2007 2664 cele-

460 2709 611 2759 brata
644 2714 738 2759 est.
775 2704 865 2759 Sic
893 2705 1077 2774 utique
1098 2705 1321 2774 quilibet
1358 2703 1582 2757 Romani
1607 2702 1889 2772 pontifices
1912 2717 2009 2771 pro

459 2793 937 2848 “communicatis
984 2794 1287 2847 habuerunt
1326 2806 1420 2845 eos
1454 2791 1659 2858 utique,
1700 2790 2007 2857 quicunque

461 2886 637 2953 aliqua
658 2884 759 2937 sub
779 2881 994 2952 speciali
1014 2876 1567 2933 cxcommunicatione
1588 2876 1853 2945 prohibita
1875 2890 2009 2944 prse-

458 2980 821 3042 sumpserunt.
860 2968 1001 3038 Ergo
1023 2977 1075 3021 et
1097 2982 1126 3020 a
1150 2965 1303 3020 nobis
1339 2980 1527 3020 omnes
1556 2965 1862 3034 hujusmodi
1896 2979 2009 3018 me-

453 3062 581 3125 rito,
613 3071 669 3112 ut
693 3055 1163 3121 excommunicati,
1197 3053 1520 3118 devitantur,
1546 3068 1717 3123 usque
1743 3054 1871 3108 dum
1913 3068 2005 3109 ec-

455 3150 759 3203 clesiastico
791 3163 940 3201 more
964 3145 1395 3201 reconcilientur.
1416 3143 1555 3197 Sunt
1574 3154 1753 3198 autem
1776 3145 2033 3211 quatuor.

454 3254 545 3292 res
592 3239 645 3292 in
676 3238 875 3307 quibus
903 3251 996 3290 eos
1029 3234 1331 3305 specialiter
1356 3233 1589 3287 devitare
1617 3233 1893 3296 debemus,
1924 3232 2009 3286 vi-

450 3330 647 3381 delicet
697 3329 752 3381 in
804 3325 1145 3389 salutatione,
1188 3325 1244 3378 in
1290 3324 1493 3385 osculo,
1548 3323 1598 3375 in
1648 3322 1907 3387 oratione,
1956 3322 2010 3375 in

452 3418 725 3479 convictu,
740 3416 895 3484 quod,
914 3424 972 3467 ιιι
994 3414 1050 3467 S.
1078 3413 1334 3467 Callistus
1353 3427 1485 3480 papa
1504 3411 1913 3477 testaturlepist.
1929 3410 2007 3477 2),

454 3509 747 3576 quicunque
790 3504 1272 3567 excommunicatis,
1316 3502 1393 3554 vel
1438 3504 1490 3553 in
1535 3500 1636 3564 his,
1681 3500 1757 3552 cel
1801 3500 1855 3553 in
1886 3500 2009 3554 aliis

453 3600 728 3667 prohibitis
761 3596 1275 3653 communicaverint,
1307 3592 1471 3644 simili
1511 3591 2009 3643 excommunicatio—

454 3692 530 3754 ni,
558 3690 716 3756 juxta
743 3686 1119 3739 institutionem
1148 3682 1522 3751 apostolorum,
1559 3681 1867 3747 subjacebit.

528 3777 632 3830 Sed
660 3776 844 3839 multi,
873 3774 939 3827 ad
967 3774 1293 3827 excusandas
1314 3772 1673 3824 excusationes
1694 3772 2006 3849 inpetratis,

455 3866 629 3935 (Psal.
654 3865 775 3933 cn)
818 3864 1179 3931 multipliciter
1220 3876 1277 3914 sc
1309 3869 1570 3913 excusant
1601 3860 1747 3931 quod
1786 3874 2007 3914 excom-

453 3955 757 4013 municatos
779 3952 949 4005 vitare
976 3967 1081 4004 non
1111 3949 1357 4004 debeant.
1398 3948 1497 3999 Alii
1519 3948 1663 4000 enim
1699 3948 1844 4001 illam
1886 3962 2001 4001 sen-

451 4046 680 4099 tentiam
701 4044 840 4095 beati
866 4042 1147 4109 Augustini
1173 4039 1505 4108 praetendunt
1545 4037 1687 4106 quod
1716 4038 2008 4090 communio

452 4132 711 4185 malorum
738 4145 837 4181 non
865 4129 1087 4180 maculet
1125 4129 1228 4179 nisi
1261 4128 1666 4189 consentientes;
1702 4127 1792 4180 alii
1822 4126 2008 4181 dicunt

452 4222 588 4291 quod
643 4218 1009 4272 ecclesiasticis
1053 4214 1347 4284 pastoribus
1396 4218 1500 4267 sire
1544 4230 1721 4267 eorum
1748 4218 2008 4270 sanctioni

454 4309 671 4377 subjecti
697 4324 797 4360 non
818 4308 944 4368 sint,
974 4321 1031 4357 eo
1059 4304 1193 4373 quod
1226 4302 1416 4357 sarculo
1436 4303 1639 4370 penitus
1672 4302 2009 4354 abrenuntia-

452 4400 649 4459 t-erint;
677 4398 765 4450 alii
787 4398 948 4449 etiam
972 4394 1072 4446 sibi
1104 4394 1445 4447 obedientiam
1479 4394 1530 4444 in
1554 4392 1831 4461 praelatum
1856 4409 2007 4446 suum

454 4490 677 4557 sufficere
718 4495 922 4556 putant,
955 4501 1015 4536 ne
1052 4485 1313 4536 canonicis
1351 4485 1766 4537 institutionibus
1804 4485 2011 4538 obedire

452 4580 670 4633 debeant
698 4576 777 4645 (S.
806 4576 1161 4639 AlTGL'S‘l'lMTS,
1186 4574 1382 4642 passim
1414 4576 1466 4625 in
1508 4574 1659 4627 libris
1690 4584 1871 4629 contra
1898 4575 2031 4629 Do-'

453 4670 747 4735 nastistas).
790 4664 896 4719 Sed
936 4678 1125 4718 omnes
1166 4663 1263 4717 has
1329 4665 1704 4719 excusationes
1759 4667 2007 4733 quamvis

454 4758 557 4826 ipsi
587 4756 811 4825 apostoli
839 4754 1218 4816 indubitanter,
1246 4762 1304 4806 ut
1334 4753 1646 4821 praedictum
1677 4762 1783 4817 est,
1809 4757 2004 4809 annul-

454 4848 707 4910 laverint,
752 4860 875 4899 eum
937 4844 1367 4898 communionem
1421 4844 2006 4899 excommunicatorum

442 4937 773 5008 generaliter
800 4934 1053 4989 omnibus
1098 4932 1200 4987 sub
1247 4934 1819 4998 excommunicatione,
1854 4934 2006 5002 juxta

455 5025 849 5080 attestationem
874 5022 929 5076 S.
955 5024 1161 5077 Callisti
1177 5038 1347 5091 papae,
1367 5022 1767 5089 interdixerint;
1795 5040 1895 5079 nos
1920 5033 2005 5078 ta-

456 5134 580 5171 men
605 5115 866 5185 singulas,
884 5129 1045 5183 quam
1065 5113 1265 5168 frivola:
1292 5114 1432 5178 sint,
1464 5113 1765 5183 specialiter
1780 5116 2006 5170 demon-

456 5215 628 5261 strare
658 5221 761 5258 non
788 5205 1004 5275 pigebit.
1031 5202 1095 5257 Et
1117 5202 1219 5256 hoc
1256 5205 1442 5272 utique
1475 5206 1631 5273 periti
1675 5205 2003 5261 ecclesiasti-

455 5310 643 5349 carum
672 5295 976 5364 regularum
1019 5291 1174 5348 facile
1217 5307 1313 5362 per
1339 5308 1397 5346 se
1438 5294 1873 5363 deprehendunt;
1905 5311 2006 5351 nos

456 5396 634 5441 autem
666 5385 1087 5455 simplicioribus
1113 5394 1322 5437 tantum
1352 5383 1608 5438 fratribus
1639 5386 1692 5438 in
1717 5388 1818 5440 hoc
1842 5388 2004 5442 satis-

458 5477 635 5530 facere
652 5478 922 5541 volumus,
958 5484 1019 5530 ut
1044 5482 1195 5527 tanto
1216 5475 1511 5530 studiosius
1532 5475 1600 5530 ab
1638 5481 2008 5531 excommuni-

457 5566 593 5619 catis
621 5580 679 5619 se
704 5566 1024 5631 abstineant,
1054 5569 1260 5634 quanto
1294 5564 1709 5621 inexcusabilius
1744 5580 1802 5620 se
1834 5564 1886 5618 in
1908 5580 2004 5620 eo-

460 5671 577 5709 rum
606 5673 623 5706 ι
638 5657 981 5711 ommunione
1002 5654 1261 5711 maculari
1286 5665 1630 5723 cognoscant.

532 5745 605 5797 llli
635 5763 760 5817 ergo
790 5746 881 5817 qui
911 5748 1228 5801 sententiam
1257 5744 1315 5801 Β,
1360 5744 1646 5816 Augustini
1670 5747 2003 5818 praetendunt

2118 656 2331 718 tientes,
2360 654 2425 707 ad
2447 656 2909 724 exaggerationem
2941 670 3053 710 sua:
3078 650 3446 711 'excusationis
3476 658 3673 712 subm-

2116 743 2254 797 ferrc
2283 745 2454 797 solent
2498 761 2815 813 summopere
2841 744 2942 798 sibi
2984 745 3208 798 crimina
3243 749 3670 800 excommunica—

2117 843 2309 899 torum,
2338 833 2633 901 displicere,
2660 850 2749 888 nec
2779 834 2889 888 ullo
2916 834 3066 887 modo
3088 850 3336 887 seeorum
3358 837 3671 889 criminibus

2114 925 2382 989 assentire,
2402 933 2449 976 et
2470 924 2584 975 ideo
2604 924 2907 977 exteriorem
2929 939 3105 976 eorum
3128 926 3535 976 communionem
3560 941 3668 976 non

2112 1016 2185 1066 eis
2214 1030 2408 1067 nocere.
2442 1012 2544 1067 Sed
2578 1014 2690 1067 htcc.
2720 1014 2980 1067 sententia
3016 1013 3155 1066 beati
3189 1012 3495 1083 Augustini,
3533 1022 3662 1066 tan-

2112 1112 2226 1155 tum
2252 1101 2319 1156 de
2342 1101 2718 1155 communione
2751 1102 3016 1156 malorum
3041 1103 3217 1157 adhuc
3250 1105 3303 1155 in
3331 1103 3531 1157 unitate
3564 1118 3665 1171 po-

2114 1188 2362 1253 sitorum,
2393 1197 2446 1242 ct
2467 1189 2705 1242 nondum
2740 1203 2839 1257 pro
2873 1204 2971 1242 sua
2997 1190 3198 1243 malitia
3227 1195 3667 1246 «communica»

2113 1286 2289 1331 tozum
2311 1278 2622 1346 deprompta
2653 1278 3049 1332 evidentissime
3069 1295 3132 1332 ex
3157 1281 3334 1334 verbis
3356 1281 3525 1349 ipsius
3553 1284 3666 1334 Au-

2090 1366 2313 1436 gustini
2362 1367 2636 1435 probatur.
2676 1350 2842 1421 lPonit
2883 1368 3025 1421 enim
3058 1370 3299 1423 eamdem
3343 1374 3669 1427 sententiam

2112 1454 2355 1509 scribens
2368 1455 2435 1508 ad
2460 1454 2766 1511 Donatistas
2792 1474 2803 1509 :
2840 1455 3107 1526 Quisquis,
3124 1457 3315 1526 inquit,
3342 1460 3394 1511 in
3421 1458 3666 1511 Ecclesia

2114 1542 2233 1596 bene
2253 1544 2462 1609 uixerit,
2486 1544 2617 1596 nihil
2642 1545 2690 1597 ei
2708 1546 3053 1614 praejndicant
3084 1546 3256 1599 aliena
3280 1560 3513 1615 peccata,
3533 1565 3668 1618 quo-

2113 1633 2254 1685 niam
2274 1635 2623 1704 unusquisque
2636 1636 2903 1704 proprium
2918 1651 3047 1687 onus
3071 1637 3146 1702 (in
3167 1639 3248 1703 ea)
3262 1638 3488 1705 portabit
3513 1637 3663 1706 (Cal.

2111 1721 2185 1788 v).
2212 1719 2297 1779 Sic
2319 1731 2369 1775 et
2390 1722 2667 1790 Apostolus
2692 1724 2859 1776 dicit:
2886 1721 2953 1774 Et
2975 1724 3261 1792 quicunque
3276 1726 3349 1792 (in
3366 1725 3446 1792 ea)
3472 1740 3671 1793 corpus

2076 1816 2079 1817 ⁷
2114 1806 2312 1862 Christi
2330 1810 2715 1863 manducauerit
2734 1811 2961 1880 indigne,
2967 1810 3228 1877 judicium
3254 1811 3355 1862 sibi
3378 1814 3665 1864 mamlucat

2044 1886 2083 1940 Β
2107 1908 2156 1953 et
2189 1899 2317 1953 bibit
2346 1899 2400 1971 (Ι
2422 1899 2544 1955 Car.
2575 1900 2673 1971 ιι).
2702 1901 2835 1956 Cum
2859 1911 3031 1954 autent
3058 1902 3186 1954 dicit
3212 1902 3514 1970 :judiciunt
3556 1904 3663 1956 sibi

2111 1992 2391 2045 manducet
2420 2000 2472 2045 et
2495 1990 2646 2056 bibit,
2674 1992 2804 2044 satis
2838 1990 3062 2044 ostendit
3093 1991 3231 2060 quod
3259 2006 3359 2042 non
3394 1991 3548 2043 alteri
3562 1992 3661 2059 ju-

2106 2079 2325 2145 dicium,
2349 2079 2438 2132 sed
2474 2079 2594 2133 sibi.
2634 2077 2744 2133 Hoc
2779 2095 2872 2132 nos
2906 2081 3136 2149 egimus,
3155 2090 3203 2132 et
3235 2080 3573 2144 ostendimus,
3609 2091 3665 2132 et

2109 2167 2427 2239 obtinuimus
2464 2168 2603 2237 quod
2649 2168 2943 2221 communio
2987 2168 3246 2221 malorum
3294 2186 3392 2221 non
3425 2170 3661 2222 maculat

2108 2254 2332 2325 aliquem
2368 2258 2768 2325 participatione
2811 2265 3283 2320 sacramentorum,
3314 2258 3403 2311 sed
3439 2274 3660 2312 consen-

2107 2343 2251 2396 sione
2275 2342 2554 2411 factorum.
2581 2341 2723 2396 Nam
2742 2345 2790 2397 si
2817 2346 2872 2397 in
2908 2345 3065 2412 {actis
3102 2345 3257 2397 malis
3283 2362 3385 2398 non
3413 2346 3489 2398 eis
3513 2363 3660 2416 quis—

2106 2432 2223 2499 quis
2244 2431 2551 2497 consentiat,
2576 2440 2749 2501 partat
2773 2432 2941 2485 malus
2973 2447 3188 2485 causam
3216 2448 3387 2498 suam,
3402 2444 3451 2487 et
3474 2449 3659 2503 persa-

2107 2534 2229 2569 nam
2256 2534 2425 2583 suam,
2444 2534 2533 2571 nec
2554 2519 2865 2586 prtejudicat
2886 2519 3059 2583 alteri,
3080 2536 3231 2589 quem
3252 2521 3305 2572 in
3328 2521 3663 2573 consensione

2109 2602 2235 2661 ntali
2258 2604 2425 2673 operis
2452 2605 2648 2657 socium
2678 2620 2779 2659 nou
2805 2606 2957 2658 habet
2984 2606 3240 2659 criminis.

2177 2692 2313 2748 Ecce
2340 2694 2672 2763 apertissime
2701 2693 2759 2747 Β.
2784 2694 3120 2764 Augustinus
3143 2709 3252 2749 non
3276 2709 3335 2749 se
3357 2694 3459 2751 hoc
3479 2696 3545 2751 de
3568 2712 3657 2751 ex-

2106 2782 2517 2837 communicatis
2536 2782 2739 2839 dixisse
2762 2782 3092 2849 manifestat,
3118 2798 3241 2839 cum
3281 2783 3350 2838 de
3377 2799 3443 2838 eo
3473 2787 3567 2854 qui
3601 2787 3665 2840 in

2107 2866 2347 2925 Ecclesia
2375 2886 2572 2941 corpus
2615 2871 2827 2927 Domini
2860 2873 3074 2942 indigne
3099 2875 3285 2939 sumit,
3313 2874 3472 2929 dicat.
3516 2873 3659 2929 Nam

2106 2961 2356 3029 superius
2382 2960 2447 3015 ad
2480 2961 2698 3017 eosdem
2729 2959 3037 3016 Donatistas
3063 2961 3129 3016 de
3175 2966 3663 3019 excommunicatis

2106 3048 2382 3119 praemisit,
2395 3048 2581 3105 dicens
2605 3067 2618 3104 :
2651 3048 2899 3121 Quisquis
2926 3066 2957 3102 a
2979 3049 3238 3103 catholica
3271 3049 3508 3104 Ecclesia
3528 3054 3663 3119 {uc--

2109 3138 2179 3188 rit
2227 3137 2520 3205 separatus,
2573 3138 2950 3209 quantumlibet
3001 3139 3341 3193 laudabiliter
3389 3156 3443 3193 se
3493 3141 3665 3193 cicere

2112 3228 2400 3293 existimat,
2432 3228 2525 3279 hoc
2550 3226 2659 3279 solo
2679 3227 2884 3292 scelere,
2908 3231 3043 3297 quod
3067 3247 3097 3281 a
3127 3229 3528 3284 Christianitate
3551 3231 3666 3283 disp

2104 3318 2317 3386 junctus
2338 3324 2434 3380 est,
2457 3331 2558 3369 non
2584 3314 2790 3371 habebit
2819 3317 3010 3375 ritum:
3033 3320 3120 3371 sed
3144 3320 3225 3371 ira
3250 3318 3341 3372 Dei
3369 3329 3541 3371 manet
3564 3336 3663 3371 m-

2109 3423 2200 3473 per
2226 3422 2342 3459 eum
2376 3403 2552 3475 (Joan.
2596 3405 2697 3475 ιιι).
2743 3404 2944 3462 Deinde
2989 3408 3055 3461 de
3085 3408 3171 3463 bis
3195 3409 3288 3478 qui
3328 3408 3381 3461 in
3416 3407 3661 3467 Ecclesia

2044 3493 2052 3501 ’
2109 3501 2236 3547 sunt
2265 3492 2425 3563 positi
2457 3503 2849 3560 consequenter
2869 3494 3062 3563 adjecit
3087 3516 3099 3549 :
3132 3495 3379 3566 Quisquis
3401 3507 3571 3551 autem
3599 3500 3666 3551 in

2110 3582 2365 3646 Ecclesia,
2412 3589 2466 3634 et
2511 3582 2662 3650 reliq.
2711 3591 2769 3636 ut
2807 3597 2969 3651 supra
3011 3584 3260 3642 diximus.
3297 3584 3438 3638 lJem
3476 3588 3660 3655 (epist.

2108 3670 2270 3738 CLXII)
2298 3668 2529 3735 Eleusio,
2553 3680 2607 3725 et
2627 3671 2996 3728 Grammatino
3019 3672 3203 3745 [Felici
3223 3672 3619 3751 Grammatice)

2110 3759 2329 3824 Quibus,
2361 3760 2555 3830 inquit,
2594 3762 2721 3814 mali
2759 3763 2962 3831 placent
3001 3766 3054 3817 in
3086 3767 3313 3829 unitate,-
3356 3767 3457 3833 ipsi
3508 3783 3647 3819 com-

2110 3852 2374 3903 municant
2423 3851 2609 3915 malis;
2667 3853 2850 3921 quibus
2906 3863 3079 3906 autem
3132 3854 3429 3923 displicent,
3474 3865 3524 3908 et
3568 3872 3661 3909 eos

2107 3942 2377 3994 emendare
2399 3958 2499 3994 non
2526 3954 2758 4011 possunt,
2776 3960 2836 3997 ne
2862 3954 2979 3998 ante
3005 3955 3201 4013 tempus
3228 3946 3404 3999 messis
3425 3946 3659 3999 audeant

2110 4032 2315 4084 zisania
2361 4032 2647 4097 eradicarc,
2696 4050 2757 4086 ne
2810 4034 2967 4086 simul
3006 4035 3267 4089 eradicent
3317 4046 3368 4090 et
3420 4038 3662 4089 triticum

2110 4122 2321 4193 (Matth.
2351 4139 2469 4189 xm,
2499 4122 2612 4193 29),
2645 4140 2744 4176 non
2765 4124 2920 4192 factis
2945 4126 3241 4187 eorum,sed
3270 4125 3431 4177 altari
3453 4124 3658 4179 Christi

2109 4215 2511 4277 communicant,
2532 4215 2607 4266 ita
2621 4224 2677 4266 ut
2699 4230 2799 4267 non
2826 4214 2991 4267 solum
3012 4215 3075 4265 ab
3096 4216 3169 4267 eis
3186 4230 3287 4266 non
3308 4214 3657 4279 maculentur,

2108 4304 2195 4357 sed
2218 4305 2377 4357 etiam
2401 4304 2589 4356 divinis
2612 4304 2776 4357 verbis
2797 4304 3007 4357 laudari
3019 4305 3391 4376 prcedicarique
3415 4323 3658 4361 mercati-

2109 4402 2222 4456 tur;
2239 4394 2504 4462 quoniam,
2518 4410 2771 4457 nenomen
2782 4392 2977 4448 Christi
2989 4411 3077 4463 per
3086 4395 3357 4453 horribilia
3367 4396 3658 4451 schismata

2109 4484 2509 4552 blasphemetur,
2532 4501 2624 4553 pro
2640 4487 2768 4537 bona
2788 4486 3007 4538 unitatis
3031 4485 3250 4539 tolerant
3269 4486 3405 4553 quod
3413 4501 3505 4555 pro
3520 4486 3659 4539 bono

2107 4576 2369 4647 thuitatis
2403 4575 2637 4629 oderunt.
2662 4574 2725 4628 Et
2754 4577 2857 4630 hoc
2883 4578 3069 4647 utique
3101 4578 3168 4631 de
3191 4578 3347 4632 malis
3369 4578 3422 4631 in
3445 4579 3659 4634 unitate

2107 4665 2316 4734 positis,
2339 4679 2447 4717 non
2469 4665 2535 4718 de
2554 4666 3031 4720 excommunicatis
3051 4666 3446 4723 evidentissima
3471 4680 3653 4726 sonat.

2176 4755 2317 4809 Idem
2345 4754 2411 4808 ad
2448 4752 2741 4810 Emeritam
2768 4774 2782 4810 :
2814 4754 2883 4809 Et
2914 4756 3068 4825 illud,
3101 4757 3293 4828 inquit,
3337 4776 3437 4812 non
3464 4770 3540 4815 est
3565 4771 3658 4814 ta-

2107 4845 2345 4911 cendum,
2364 4852 2413 4897 et
2427 4846 2655 4914 cognitos
2678 4845 2842 4900 malos
2867 4846 3009 4901 bonis
3030 4864 3131 4901 non
3142 4849 3312 4901 obesse
3328 4849 3380 4902 in
3395 4848 3662 4917 Ecclesia,

2108 4936 2155 4987 si
2172 4949 2255 4987 eos
2276 4949 2308 4985 a
2331 4936 2683 4988 communione
2703 4935 3005 5003 prohibendi
3023 4944 3116 4988 aut
3137 4945 3361 5005 potestas
3385 4940 3539 5003 desit,
3562 4950 3658 4991 aut

2110 5027 2289 5095 aliqua
2302 5028 2436 5078 ratio
2449 5028 2810 5081 conservandi:
2820 5029 2964 5095 pacis
2981 5029 3247 5097 impediat.
3264 5030 3327 5083 Et
3337 5039 3656 5099 postpanca:

2112 5116 2447 5185 Manifestum
2459 5128 2530 5170 est
2552 5134 2653 5174 non
2673 5117 2767 5169 hoc
2784 5116 3003 5187 [malum
3017 5118 3111 5173 Ed.
3128 5118 3215 5190 P.]
3231 5120 3356 5187 edici
3371 5120 3661 5186 hominem,

2108 5209 2243 5280 quod
2261 5218 2335 5263 est
2350 5208 2517 5262 malus
2541 5209 2811 5277 quisquam
2831 5225 2947 5261 cum
2968 5225 3066 5278 quo
3079 5209 3147 5261 ad
3159 5208 3326 5261 altare
3337 5206 3549 5262 Domini
3562 5228 3662 5263 ac-

2106 5301 2327 5364 ceditur,
2350 5299 2554 5352 etiamsi
2583 5312 2683 5349 non
2705 5298 2773 5350 sit
2795 5286 3173 5367 incognitus,si
3204 5306 3405 5351 tantum
3433 5316 3535 5353 non
3558 5318 3659 5369 ap’

2105 5391 2367 5459 probetur,
2388 5396 2437 5439 et
2459 5404 2491 5439 a
2524 5386 2655 5440 bona
2683 5388 2996 5441 conscientia
3026 5387 3345 5456 displicentia
3365 5403 3657 5458 separetur.

2177 5477 2320 5533 Idem
2346 5477 2401 5531 in
2445 5492 2605 5531 serm.
2649 5478 2717 5532 i7
2756 5478 2823 5532 de
2858 5476 3144 5547 Evangelia
3176 5480 3473 5535 secundum
3515 5480 3662 5538 Mat-

2106 5569 2305 5623 tliteum
2342 5568 2410 5624 de
2437 5568 2651 5623 duobus
2682 5567 2885 5623 oecis:
2928 5558 2994 5620 In
3034 5570 3234 5635 multis,
3277 5569 3472 5639 inquit,
3518 5571 3664 5627 San—

2105 5666 2303 5710 ctorum
2334 5658 2584 5710 librorum
2612 5655 2741 5709 locis
2775 5657 3093 5725 apertissime
3122 5666 3274 5712 sonat
3300 5675 3408 5713 esse
3435 5662 3584 5715 intus
3605 5664 3665 5715 in

2105 5746 2337 5804 Ecclesia
2367 5755 2417 5800 et
2448 5746 2603 5799 bonos
2632 5754 2681 5800 et
2712 5745 2896 5816 malos,
2938 5752 3061 5820 quos
3104 5763 3236 5817 περι
3276 5750 3500 5804 dicimus
3544 5753 3665 5823 (nt-

3716 56 3903 311 Ἴ
