3944 6412
511 467 653 523 £075

1481 470 1569 526 AD
1604 470 1829 531 OPEBA
1867 471 1925 526 S.
1965 470 2289 528 GREGORII
2326 466 2766 562 APPENDICES‘.

3626 50 3883 450 η

3582 474 3720 530 1076

510 596 669 636 suum
704 580 1054 640 Cletnentium
1086 572 1154 642 de
1185 589 1347 643 illatis
1393 591 1710 646 criminibus
1754 606 1874 645 cum
1911 591 2056 645 omni
2085 592 2129 647 Α
2156 588 2335 645 itidem
2373 592 2677 647 necessario
2695 600 2750 646 et
2772 591 2839 646 de
2865 590 2983 660 eius
3030 590 3319 660 ligamento
3351 590 3715 661 iudicabitur;

511 672 866 731 soliicitudine
892 678 1278 745 examinarent,
1312 694 1389 747 ut,
1412 681 1591 736 audita
1638 682 1687 737 si
1706 697 1830 736 vera
1858 690 2056 748 essent,

509 763 711 819 ultione
736 766 995 822 canonica
1022 779 1372 836 resecaretur,
1402 770 1506 825 hoc
1544 771 1855 826 terribiliter
1881 771 2063 826 subin-

508 854 708 922 ferens,
728 856 870 926 quod
892 858 1032 933 apud
1047 857 1225 931 Deum
1250 860 1561 917 eorundem
1581 862 1867 917 criminum
1901 862 2064 931 parti—

508 959 632 1013 ceps
663 944 916 1002 existeret
938 949 1245 1020 quicunque
1274 965 1465 1006 eorum
1492 951 1580 1008 illa
1617 951 1884 1007 subtiliter
1910 952 2064 1007 inda”-

507 1046 635 1105 gare
660 1035 1000 1106 neglexisset.
1048 1050 1053 1055 ‘
1466 1048 1497 1113 ς
1542 1052 1549 1055 “

578 1120 702 1179 llaec
728 1132 779 1179 et
801 1125 906 1181 alia
933 1126 1240 1198 huiusmodi
1262 1129 1314 1184 in
1337 1129 1715 1187 ecclesiasticis
1752 1139 2066 1186 sanctorum

484 1208 729 1279 ‘Patrum
770 1218 988 1273 statutis
1021 1219 1346 1274 suﬂlcienter
1382 1219 1619 1274 invenire
1657 1221 1900 1290 potestis,
1947 1235 2068 1293 qua:

509 1303 667 1359 nobis
695 1297 1090 1364 evidentissima
1108 1311 1483 1364 demonstrant
1503 1326 1667 1380 quam
1708 1311 2067 1367 obedientiam

510 1392 737 1463 subiecti
768 1396 1049 1466 cujuslibet
1073 1399 1277 1469 praelati
1305 1399 1371 1453 ad
1396 1400 1727 1470 superiorem
1753 1409 2072 1469 potestatem

510 1480 762 1550 debeant,
785 1497 999 1555 quze‘et
1026 1488 1174 1557 ipsos
1199 1490 1456 1544 damnare
1495 1491 1713 1560 mrtem,
1756 1491 1803 1545 si
1835 1490 1917 1545 vel
1944 1506 2073 1560 pra-

510 1563 621 1629 lato
642 1589 744 1629 suo
766 1584 951 1631 contra
986 1579 1156 1647 ipsam
1192 1579 1507 1636 obedierint.
1544 1580 1663 1635 Non
1701 1595 1831 1651 ergo
1876 1580 2073 1651 aliquis

511 1663 871 1719 obedientiam
904 1667 1106 1736 prazlati
1140 1670 1223 1723 sui
1263 1670 1532 1740 superflue
1570 1671 1882 1740 praetendat,
1928 1671 2073 1741 quod

510 1757 795 1827 pracipuos
819 1760 1089 1827 potestati,
1122 1761 1368 1816 videlicet
1408 1763 1714 1832 apostolica:
1737 1771 1790 1818 et
1815 1762 2071 1818 ecclesia-

511 1844 663 1901 stica:
683 1847 1011 1915 auctoritati,
1042 1850 1097 1904 in
1125 1850 1920 1921 devitandisexcommunicatis
1945 1853 2073 1908 obe-

2158 682 2400 737 viuelicet
2429 692 2488 736 ut
2525 692 2579 736 et
2610 689 2730 750 post
2759 689 2986 736 mortem
3026 680 3269 751 ligatoris
3306 696 3457 750 teque
3497 692 3685 750 prmia
3705 709 3718 720 ο

2159 782 2281 826 neat
2335 771 2529 841 ligatus
2567 772 2660 840 qui
2700 786 2806 825 uon
2853 767 3015 825 fuerit
3052 768 3414 824 ecclesiastico
3455 784 3607 823 more
3631 782 3720 822 re-

2161 861 2496 916 conciliatus.

2228 950 2382 1005 Lihet
2426 960 2604 1004 autem
2651 949 2969 1005 sententiam
2996 949 3057 1002 Β.
3086 947 3338 1019 Cypriani
3376 948 3630 1018 martyris
3663 955 3723 1013 et

2160 1042 2361 1114 egregii
2378 1041 2612 1096 doctoris
2631 1040 2697 1095 de
2723 1039 3272 1094 conunuiticatoribus
3291 1038 3721 1093 excommunica-

2161 1141 2340 1188 torum
2366 1132 2703 1197 subnectere,
2726 1139 2786 1185 ut
2813 1130 2915 1199 ipsi
2937 1129 3267 1199 perpendant
3308 1142 3469 1198 quam
3500 1127 3720 1197 pericu-

2164 1224 2277 1278 lose
2320 1223 2422 1278 sibi
2466 1221 2599 1291 ipsis
2645 1221 2712 1275 ab
2755 1235 2942 1276 eorum
2993 1219 3265 1274 consortio
3317 1227 3720 1277 nontcaveant.

2167 1312 2420 1370 Scribens
2438 1311 2579 1366 enim
2604 1310 2671 1365 ad
2694 1309 2941 1380 Magnum
2964 1309 3335 1380 presbyterum
3359 1326 3372 1362 :
3399 1306 3722 1369 Invenimus,

2165 1403 2360 1474 inquit,
2389 1403 2444 1456 in
2476 1401 2572 1455 tali
2602 1401 2832 1470 facinore
2881 1415 2982 1452 non
3009 1398 3176 1453 solum
3202 1398 3356 1452 duces
3380 1408 3428 1451 et
3458 1406 3719 1462 auctores,

2166 1497 2256 1551 sed
2290 1504 2340 1550 et
2369 1495 2648 1565 participes
2683 1494 2845 1564 pmtis
2879 1493 3165 1558 destinari,
3205 1487 3307 1545 nisi
3336 1508 3390 1546 se
3424 1507 3457 1545 a
3491 1507 3723 1545 cominu—

2169 1587 2320 1640 nione
2355 1584 2611 1638 malorum
2643 1584 3019 1654 separaverint,
3058 1583 3385 1653 prtecipiente
3418 1597 3510 1652 per
3545 1579 3726 1634 Mosen

2172 1674 2412 1741 Domino,
2438 1683 2487 1729 et
2506 1675 2743 1729 dicente:
2771 1670 3101 1743 Separamini
3127 1690 3159 1726 a
3182 1671 3528 1727 tabernaculis
3556 1670 3727 1723 Itami-

2171 1779 2292 1818 nunt
2311 1764 2531 1817 istorum
2552 1762 2973 1827 durissimarum,
2993 1770 3040 1816 et
3062 1762 3222 1815 nolite
3243 1771 3449 1831 tangere
3474 1759 3537 1812 ab
3558 1757 3728 1812 omni-

2172 1859 2289 1913 bus‘
2312 1872 2428 1929 qua:
2446 1863 2567 1910 sunt
2587 1855 2684 1920 eis,
2706 1869 2767 1907 ne
2786 1852 2943 1906 simul
2966 1852 3186 1922 pereatis
3214 1853 3269 1905 in
3296 1850 3518 1921 peccatis
3547 1863 3728 1904 eorum

511 1935 626 1992 dire
646 1950 755 1992 non
788 1937 1012 2007 debeat;
1046 1940 1156 1997 imo
1180 1950 1291 1997 tam
1321 1942 1595 2013 subjectus
1628 1959 1790 2014 quam
1818 1943 2070 2013 prailatus
2101 1928 2146 1983 Β
2169 1928 2356 2019 (Nutu.
2388 1945 2531 2015 xvi);
2568 1953 2619 1999 et
2646 1944 2782 2014 quod
2815 1940 3157 1997 comminatus
3194 1958 3285 2011 per
3329 1939 3507 1994 Mosen
3548 1934 3732 1993 Darni-

508 2040 604 2082 cos
641 2026 875 2084 devitarc
906 2028 1175 2097 studeant,
1212 2047 1278 2087 ne
1303 2032 1476 2087 eidem
1504 2033 2065 2101 excommunicationi,

505 2111 661 2187 juxta
677 2118 1044 2188 apostolorum
1068 2121 1479 2189 institutionem,
1504 2125 1707 2193 pariter
1735 2125 2064 2195 subiaceant.

581 2204 685 2262 Sed
712 2216 766 2263 et
791 2209 867 2263 illi
899 2212 1255 2278 excusationi,
1286 2227 1449 2282 quam
1477 2214 1693 2284 quidam
1724 2214 1992 2285 simplices
2014 2214 2068 2269 in

511 2306 698 2355 nostro
721 2308 961 2372 tempore
978 2304 1334 2373 praetendunt,
1353 2304 1489 2375 quod
1506 2307 1939 2362 excommunicati
1952 2307 2070 2377 jam

508 2388 573 2446 in.
602 2397 805 2447 tantum
828 2390 1204 2448 abundaverint
1240 2404 1296 2448 ut
1324 2411 1644 2468 nequaquam
1679 2405 1771 2451 aut
1799 2398 1887 2452 via:
1927 2396 2071 2452 devi—

513 2477 619 2536 tari
656 2482 877 2551 possint,
913 2482 1069 2539 facile
1094 2485 1451 2555 respondetur
1477 2486 1622 2556 quod
1653 2485 1937 2543 difﬁcultas
1961 2488 2073 2543 evi-

510 2569 680 2637 tandi,
704 2586 811 2627 non
836 2573 1213 2644 negligentiam
1243 2572 1470 2639 nutrire,
1512 2574 1605 2630 sed
1645 2576 1903 2645 majorem
1943 2591 2069 2631 cau-

510 2660 673 2716 telam
720 2660 787 2716 ad
830 2661 1146 2717 devitandas
1186 2664 1679 2719 excommunicatos
1724 2664 1881 2720 debet
1916 2666 2074 2720 nobis

511 2752 764 2807 excitare.
805 2749 1066 2820 Quamvis
1089 2754 1232 2809 enim
1257 2754 1470 2811 ditilcile
1488 2755 1742 2822 vitentur,
1761 2770 1871 2810 non
1892 2764 2074 2809 tamen

513 2852 613 2908 pro
637 2841 784 2896 nullo
822 2851 1039 2911 peccato
1082 2853 1332 2914 reputare
1368 2845 1625 2900 debemus
1656 2846 1702 2900 si
1750 2846 1830 2900 eis
1884 2854 2074 2899 contra

514 2930 874 2986 ecclesiastica
903 2941 1103 2987 statuta
1134 2935 1729 2999 communicavcrimus,
1771 2947 1893 3003 quae
1921 2934 2075 3003 juxta

515 3029 731 3091 sanctos
757 3018 943 3077 Patres
971 3037 1145 3093 usque
1169 3024 1235 3078 ad
1271 3024 1587 3096 sanguinem
1627 3023 1958 3079 defendenda
1986 3038 2077 3079 co-

517 3112 820 3181 gnovimus.
860 3111 994 3167 Nam
1038 3121 1092 3170 et
1129 3114 1441 3185 quotidiana
1485 3122 1705 3184 peccata
1747 3127 1854 3169 non
1895 3113 2077 3170 minus

517 3214 617 3269 pro
652 3202 887 3269 peccatis
920 3212 1251 3271 reputamus',
1280 3205 1380 3260 etsi
1408 3219 1471 3259 ea
1505 3216 1848 3273 nequaquam
1889 3204 1947 3259 in
1974 3204 2077 3259 hac
2103 3252 2147 3273 η.

517 3290 628 3345 vita
656 3291 893 3346 devitarc
914 3293 1205 3348 valeamus.
1254 3291 1409 3348 Unde
1428 3303 1481 3347 et
1501 3293 1814 3361 quotidiana
1836 3293 1916 3347 eis
1949 3306 2076 3361 pro-

521 3388 707 3436 curata
736 3388 860 3437 sunt
883 3381 1136 3457 remedia,
1168 3381 1474 3436 orationum
1501 3381 1747 3436 videlicet
1770 3389 1823 3435 et
1849 3380 2080 3436 eleemo-

523 3485 777 3543 synarum
802 3511 820 3537 ,
864 3479 923 3526 ut
964 3468 1202 3541 quotidie
1246 3481 1613 3543 amputaretur
1661 3471 1803 3541 quod
1842 3473 2081 3542 quotidie

520 3561 660 3621 male
696 3561 957 3631 pullulare
997 3563 1226 3618 videtur.
1283 3563 1375 3618 Sic
1417 3563 1603 3632 utique
1652 3562 2081 3635 quotiescunque

520 3651 1104 3708 excommunicatorum
1128 3642 1504 3708 communione
1524 3654 1877 3718 maculamur,
1898 3654 2081 3708 statim

520 3741 589 3796 ad
629 3742 998 3813 ptenitentiam
1027 3751 1080 3797 et
1110 3740 1604 3798 reconciliationem
1641 3740 1898 3795 festinare
1918 3742 2081 3796 debe-

520 3845 663 3887 mus.
695 3828 830 3885 Nam
854 3829 1137 3886 diliicultas
1158 3830 1393 3886 evitandi
1420 3838 1513 3884 aut
1537 3844 1726 3900 parum
1755 3846 1855 3886 nos
1889 3839 1983 3886 aut
2006 3831 2083 3886 ni-

520 3923 597 3977 hil
616 3923 685 3978 ad
705 3922 1103 3978 excusationem
1122 3920 1350 3990 juvabit,
1373 3920 1419 3975 si
1442 3934 1540 3975 nos
1561 3920 1628 3974 ad
1676 3922 2082 3990 praecavendum

520 4021 576 4069 et
597 4022 780 4084 postea
807 4013 873 4069 ad
896 4010 1337 4068 satisfaciendum
1369 4010 1782 4101 negligentiores
1825 4010 2079 4076 eli‘eccrit,

521 4118 661 4174 quos
692 4103 749 4159 in
787 4103 880 4158 tali
904 4103 1223 4159 necessitate
1252 4102 1319 4157 ad
1347 4101 1607 4171 majorem
1631 4102 1959 4173 diligentiam
1989 4117 2082 4156 cx-

521 4194 688 4249 citare
706 4193 970 4250 debuerit.

591 4284 820 4350 Quidam
861 4285 1025 4339 etiam
1074 4284 1406 4354 ineptissime
1434 4300 1497 4339 se
1529 4270 1649 4339 cum
1682 4290 1851 4339 morte
1876 4274 2079 4340 domini

524 4372 765 4444 Gregorii
789 4389 938 4444 papae
961 4385 1224 4431 excusant
1254 4373 1421 4446 (972),
1465 4374 1622 4445 quasi
1647 4375 2081 4430 excommunica-

518 4463 727 4535 tionem
753 4460 981 4517 Romani
1010 4464 1276 4532 pontiﬁcis
1303 4474 1425 4533 post
1448 4474 1675 4520 mortem
1704 4451 1874 4534 ipsius
1896 4465 2080 4520 obser—

2166 2054 2262 2092 nus
2291 2037 2483 2106 fuerat,
2522 2032 2773 2104 implerit,
2808 2040 2866 2085 ut
2902 2031 3134 2101 quisquis
3169 2046 3223 2083 se
3262 2046 3295 2083 a
3336 2027 3467 2084 Core
3520 2036 3572 2102 ei
3614 2026 3769 2109 λυα-⁸

2168 2127 2295 2190 than
2321 2108 2372 2182 et
2394 2127 2592 2181 Abiron
2612 2142 2715 2180 non
2744 2133 3056 2195 separasset,
3088 2139 3262 2193 pennas
3299 2121 3480 2203 statim
3507 2136 3603 2190 pro
3627 2121 3732 2172 int-

2164 2220 2253 2289 pia
2280 2218 2636 2272 communione
2660 2210 2989 2285 persolveret.
3030 2213 3143 2279 Quo
3170 2213 3404 2283 exemplo
3438 2211 3733 2265 ostenditur

2154 2319 2215 2368 et
2240 2305 2493 2378 probatur
2552 2306 2801 2361 obnoxios
2839 2320 3013 2358 attines
3045 2313 3092 2358 et
3128 2303 3295 2372 culpa
3322 2313 3369 2356 et
3399 2316 3560 2371 paena:
3589 2302 3733 2371 futu-

2167 2416 2275 2467 ros,
2299 2401 2389 2470 qui
2412 2415 2465 2453 se
2492 2396 2838 2452 schismaticis
2864 2405 3046 2449 contra
3067 2395 3371 2465 prtrpositos
3425 2402 3476 2445 et
3497 2390 3735 2454 sacerdo-

2172 2499 2246 2544 tes
2287 2490 2583 2559 irreligiosa
2623 2489 2911 2542 temeritate
2943 2486 3241 2540 miscuerint
3274 2483 3446 2554 (epist.
3480 2482 3590 2548 76).
3628 2479 3735 2533 Ca-

2169 2591 2328 2636 veant
2368 2595 2498 2651 ergo
2541 2594 2728 2634 omnes
2773 2587 2883 2632 tam
2928 2577 3203 2646 subjectus
3249 2589 3412 2644 quam
3457 2570 3734 2642 przlatus,

2169 2678 2281 2727 tam
2318 2670 2592 2725 saecularis
2631 2684 2792 2738 quam
2836 2667 3138 2737 religiosus,
3162 2681 3193 2719 a
3227 2663 3609 2720 communione
3637 2677 3736 2718 ex-

2171 2762 2716 2825 communicatorum;
2764 2757 2909 2828 quod
2957 2756 3137 2811 nullus
3177 2755 3400 2811 omnino
3446 2752 3735 2823 excipitur,

2173 2868 2297 2908 cum
2316 2853 2568 2907 omnibus
2582 2848 2889 2920 huiusmodi
2906 2847 3217 2904 communio
3243 2846 3347 2902 sub
3372 2844 3741 2901 excommunb

2173 2942 2384 2997 catione
2411 2942 2479 2995 ah
2508 2940 2638 3010 ipsis
2657 2939 2913 3009 apostolis
2936 2936 3304 3001 interdicitur;
3328 2945 3383 2990 et
3402 2936 3594 2990 saltem
3610 2949 3735 2990 cum

2173 3030 2651 3087 excommunicatis
2675 3028 2850 3099 perire
2875 3027 3183 3092 timeamus,
3199 3023 3246 3080 si
3266 3040 3367 3079 nec
3384 3039 3481 3093 pm
3495 3038 3739 3079 revera.

2177 3124 2249 3177 tia
2287 3103 2595 3193 apostolica:
2642 3118 3039 3176 interdictionis
3069 3132 3163 3171 eos
3192 3115 3427 3170 devitarc
3462 3128 3739 3169 curemus.

2243 3214 2352 3283 ipsi
2401 3214 2568 3269 etiam
2610 3211 3098 3268 communicatores
3149 3206 3743 3263 excommunicatorum

2177 3303 2449 3357 devitandi
2489 3310 2636 3368 sunt,
2684 3300 2785 3357 etsi
2826 3299 3138 3354 communio
3159 3310 3347 3352 eorum
3384 3311 3489 3350 non
3517 3293 3623 3350 sub
3650 3308 3746 3351 cx-

2178 3392 2666 3449 communicatione
2708 3400 2819 3446 tam
2858 3389 3133 3460 evidenter
3161 3396 3221 3444 ut
3245 3384 3746 3441 excommunicato-

2177 3499 2299 3555 rum
2321 3483 2475 3539 nobis
2505 3482 2786 3538 interdicta
2810 3481 3037 3551 legatur.
3067 3467 3212 3534 'Nam
3239 3478 3293 3532 in
3326 3476 3496 3532 sacris
3524 3476 3748 3531 canoni-

2177 3574 2279 3629 bus
2301 3564 2668 3645 smpenumero
2692 3568 2957 3639 reperitur
2998 3578 3056 3624 ut
3091 3568 3187 3638 qui
3239 3568 3608 3621 communicat
3647 3582 3744 3620 cx-

2143 3660 2616 3722 -communicato,
2670 3658 3186 3713 excommunicatur.
3242 3653 3354 3709 Nec
3410 3661 3623 3707 tantum
3673 3653 3747 3706 ibi

2180 3747 2483 3819 specialiter
2517 3747 2767 3817 adjicitur
2820 3755 2881 3799 ut
2902 3754 2957 3800 et
2985 3743 3462 3799 communicatoris
3497 3756 3748 3795 commu-

2180 3826 2415 3905 nicatorf
2449 3837 2551 3893 sub
2600 3835 3165 3892 excommunicatione‘
3195 3833 3481 3905 damnetur
3513 3845 3750 3900 :nempe

2181 3929 2368 3995 multa,
2404 3927 2513 3982 imo
2543 3927 2697 3996 plura
2728 3932 2874 3991 sunt,
2903 3940 3025 3999 quae
3049 3937 3318 3991 nusquam
3361 3921 3441 3975 vel
3482 3920 3588 3976 sub
3624 3932 3749 3990 spe-

2180 4019 2302 4075 ciali
2325 4017 2703 4089 prohibitione,
2739 4017 2936 4071 nedum
2970 4011 3544 4078 excommunicatione,
3586 4010 3749 4067 nobis

2180 4108 2448 4179 prohibita
2471 4108 2743 4180 leguntur,
2774 4114 2835 4160 ut
2857 4121 3072 4160 carnem
3096 4103 3379 4160 comedere
3403 4103 3458 4158 in
3484 4100 3747 4158 Parasce-

2180 4213 2263 4265 ve,
2293 4208 2342 4255 et
2379 4199 2482 4254 alia
2512 4194 2842 4267 huiusmodi,
2873 4211 2995 4265 qua:
3023 4203 3199 4250 tamen
3226 4210 3326 4263 pro
3354 4194 3469 4249 sola
3488 4193 3748 4249 ecclesia-

2179 4291 2311 4345 stica
2353 4287 2739 4343 consuetudine
2772 4284 3073 4361 necessario
3090 4284 3424 4350 devilamus,
3456 4298 3544 4348 ne,
3587 4283 3748 4353 iuxta

2178 4369 2537 4450 Augustinum
2561 4378 2626 4432 ad
2655 4362 2985 4447 Casulan'um
3011 4374 3403 4444 presbyterum,
3445 4380 3507 4426 ut
3537 4388 3750 4442 praevac

2177 4468 2438 4523 ricatores
2471 4466 2666 4522 divinae
2703 4466 2837 4537 legis
2862 4464 3188 4534 iudicemur.
3241 4461 3299 4516 Si
3344 4475 3472 4532 ergo
3511 4461 3748 4529 plurima

520 4567 651 4611 Vare
683 4568 792 4608 non
824 4553 1070 4608 debeant-
1121 4552 1228 4607 δαὶ
1276 4553 1332 4606 hi
1374 4554 1591 4609 audiant
1632 4555 1941 4625 “sationem
1970 4554 2078 4608 lio-
2107 4569 2153 4627 υ
2179 4575 2276 4631 pro
2296 4560 2409 4614 sola
2431 4558 2793 4615 ecclesiastica
2809 4555 3194 4612 consuetudine
3206 4552 3529 4619 devitamus,
3542 4560 3747 4620 quanto

520 4645 669 4702 mani
696 4643 966 4716 pontificis
991 4658 1098 4698 non
1124 4642 1304 4698 minus
1333 4649 1505 4713 ratam
1535 4645 1772 4711 reputari
1802 4658 1963 4713 quam
1988 4660 2077 4700 so-

522 4736 801 4802 lutionem,
831 4735 958 4806 quia
984 4735 1043 4788 B.
1082 4733 1240 4789 Petro
1265 4743 1317 4789 et
1344 4733 1460 4789 suis
1493 4733 1896 4787 successoribus
1921 4749 1952 4786 a
1974 4732 2078 4787 Do-

525 4826 673 4882 mino
700 4828 791 4896 jus
824 4827 1023 4897 ligandi
1056 4825 1245 4881 eodem
1281 4835 1467 4879 tenore
1493 4831 1547 4877 et
1571 4822 1841 4887 ﬁrmitate,
1882 4829 1940 4875 ut
1974 4823 2081 4876 sol-

527 4915 706 4978 vendi,
728 4931 1044 4971 concessum
1069 4926 1170 4971 est.
1210 4915 1417 4971 Salutio
1440 4921 1618 4968 autem
1648 4911 1932 4984 cuiuslibet
1955 4924 2083 4980 apo-

529 5002 727 5067 stolici,
771 5004 883 5057 sive
915 5005 972 5059 in
1006 5006 1438 5060 reconciliatione
1471 5000 2080 5065 excommunicatorum,

530 5093 645 5145 sive
670 5090 726 5145 in
747 5090 1084 5147 restitutione
1110 5095 1401 5162 lapsorum,
1427 5095 1585 5148 etiam
1601 5103 1720 5163 post
1743 5101 1967 5147 mortem
1991 5106 2083 5145 so-

530 5179 726 5235 lutoris
751 5178 928 5233 valere
949 5193 1057 5233 non
1082 5180 1377 5234 dubitatur.
1418 5181 1667 5251 Nunquid
1688 5183 1830 5237 enim
1858 5181 2083 5252 quilibet

530 5267 913 5324 reconciliatus
967 5268 1079 5323 sive
1142 5267 1420 5323 restitutus
1466 5283 1566 5335 pro
1619 5270 2083 5324 excom’tﬁunieato

530 5361 615 5415 rel
644 5360 887 5431 deposito
923 5374 982 5414 se
1012 5356 1192 5416 statim
1225 5357 1508 5426 reputabit,
1536 5356 1819 5426 postquam
1845 5360 2084 5413 reconci-

533 5449 691 5503 liator
739 5450 857 5519 eius
913 5450 1026 5505 sive
1102 5448 1379 5504 restitutor
1439 5442 1673 5500 obicrit?
1733 5441 1847 5500 Non
1902 5444 2080 5502 credo.

2180 4650 2351 4719 magis
2385 4649 2534 4714 illud,
2574 4648 2716 4717 quod
2749 4646 3010 4701 asanctis
3047 4642 3299 4698 Patribus
3340 4640 3443 4695 etsi
3495 4655 3606 4694 non
3648 4640 3748 4694 sub

2179 4737 2755 4799 excommunicatione,
2800 4744 2978 4789 tamen
3028 4731 3338 4786 firmissime
3381 4728 3748 4800 proscriptum

2181 4827 2548 4896 cognovimus,
2596 4824 2801 4879 scilicet
2842 4836 2910 4875 ne
2950 4820 3495 4875 eommunicatoribus
3521 4834 3748 4874 excomc

2184 4913 2578 4968 municatorum
2604 4911 3083 4967 communicemus.
3122 4908 3258 4962 Nam
3280 4910 3471 4963 beatus
3496 4908 3750 4962 Gelasius

2184 5018 2341 5071 papa,
2392 5002 2486 5071 qui
2540 5009 2593 5054 et
2639 5000 2866 5053 aliorum
2916 5006 3223 5051 sanctorum
3282 4994 3502 5048 Patrum
3547 4995 3751 5063 scripta

2185 5092 2478 5162 apostolica
2506 5091 2822 5145 auctoritate
2842 5084 3188 5143 .cauonizavit
3213 5083 3382 5154 (975),
3411 5083 3659 5163 scribens
3684 5083 3749 5138 ad

2185 5183 2467 5252 episcopos
2495 5180 2792 5244 Dardaniae,
2823 5178 2962 5232 hanc
2990 5174 3313 5231 sententiam
3346 5173 3745 5243 promulgavit“.

2192 5269 2363 5337 Nihil,
2394 5270 2586 5340 inquit,
2602 5268 2747 5323 nobis
2775 5280 3041 5320 commune
3065 5276 3183 5316 cum
3210 5261 3503 5314 hominibus
3524 5274 3729 5315 continu

2188 5362 2358 5416 nionis
2400 5371 2645 5426 externae,
2675 5358 2731 5414 in
2766 5357 2854 5412 his
2889 5354 3155 5425 praecipue
3184 5351 3345 5408 rebus
3384 5366 3523 5423 quas
3577 5351 3747 5407 sancti

2190 5451 2376 5506 Patres
2404 5451 2559 5505 nobis
2586 5446 2927 5519 prohibuisse
2964 5440 3335 5513 cognovimus.
3377 5439 3521 5508 idem
3560 5440 3624 5495 in
3645 5453 3747 5496 Ie-

537 5534 597 5592 Si
631 5539 792 5610 igitur
822 5542 1019 5596 solutio
1062 5538 1348 5619 cujuslibet
1396 5535 1643 5591 catholici
1687 5531 1921 5605 pastoris
1971 5547 2093 5603 post
2166 5541 2486 5625 quentibus
2516 5539 2691 5641 (gpist.
2723 5535 2809 5604 il)
2840 5553 2854 5588 :
2884 5532 3024 5600 Quid
3038 5533 3190 5603 juvat
3219 5533 3265 5587 si
3287 5534 3404 5604 quis
3454 5531 3621 5585 alicui
3651 5528 3733 5584 αὖ

538 5639 762 5683 mortem
808 5630 977 5697 ipsius
1026 5638 1141 5683 rata
1182 5636 1234 5682 ct
1270 5626 1597 5681 observanda
1644 5642 1747 5679 non
1794 5625 2089 5692 dubitatur,

608 5720 754 5807 (θῇ)
781 5739 1019 5813 Scripsit
1065 5739 1539 5813 ergonliernaldUs
1582 5743 1719 5797 hanc
1766 5744 2085 5813 apologiam,

542 5814 752 5889 mortuo
774 5810 885 5878 iam
915 5808 1170 5879 Gregorio
1200 5808 1306 5861 Vll.

2166 5620 2169 5625 ’
2193 5628 2416 5682 dentiori
2446 5620 2689 5682 hterético
2714 5642 2813 5679 non
2836 5626 3193 5691 communicet,
3225 5634 3276 5678 et
3303 5624 3385 5676 Itis
3411 5631 3586 5675 tamen
3608 5634 3747 5674 eoin-

2265 5710 2413 5815 (975)
2449 5736 2504 5789 Id
2530 5746 2633 5815 est,
2669 5738 2969 5793 authentira
2999 5735 3308 5799 declaravit,
3337 5740 3391 5788 ct
3426 5732 3494 5786 ab
3519 5741 3747 5800 apocry-

2198 5805 2318 5872 phis
2342 5805 2591 5875 seunxit.
