3944 6394
354 439 502 499 ωτι

1230 432 1512 493 ᾹΡΡΕΜ).
1556 438 1635 490 lll.
1682 468 1743 474 -—
1786 433 2206 490 MONL‘M’ENTA
2245 435 2698 492 GREGORIANA.

3433 426 3566 482 1078

352 559 610 610 munione
639 558 902 625 iungatur,
932 556 1016 624 qui
1040 556 1101 609 ab
1125 554 1268 608 illius
1305 571 1406 606 non
1429 563 1546 607 sunt
1569 555 1922 606 communione
1952 555 1995 608 Α
2016 572 2252 642 jusmodi
2287 570 2774 625 communicaret-es
2808 565 3122 626 (tet-iremus,
3161 577 3227 615 ne
3270 571 3321 615 et
3354 575 3451 613 nos
3479 575 3574 627 per

350 646 558 697 diuersi
585 646 610 697 .’

439 731 513 786 Nc
543 733 670 802 quis
699 742 880 787 autem
911 735 1048 787 hanc
1081 733 1400 788 sententiam
1430 733 1588 801 quasi
1623 733 1800 787 minus
1838 743 1921 786 ra-

355 836 480 875 tam
508 832 832 886 contemnat,
857 839 922 878 eo
950 823 1090 891 quod
1117 838 1329 891 poenam
1354 822 1922 875 excommunicationis

356 915 670 985 specialiter
703 915 988 982 ascriptam
1015 929 1121 965 non
1147 914 1356 975 habeat,
1380 911 1659 980 diligenter
1679 912 1920 964 attenda-

359 1011 460 1054 tur
489 1001 614 1070 quid
645 999 702 1052 Β.
743 999 990 1052 Nicolaus
1014 1014 1147 1068 papa
1166 999 1205 1062 l,
1232 999 1283 1051 in
1311 999 1543 1067 generali
1567 999 1768 1068 synodo
1784 1014 1920 1066 pra:-

355 1089 572 1151 sitiens,
604 1087 833 1155 generali
859 1086 1096 1153 ejusdem
1111 1087 1299 1155 synodi
1317 1087 1520 1154 judicio
1539 1087 1788 1140 decernat
1810 1085 1918 1154 (‘26,

355 1193 418 1244 q.
452 1192 487 1237 ι,
518 1194 562 1228 c.
604 1176 705 1242 18).
755 1174 857 1229 Sed
889 1177 933 1229 si
959 1177 1092 1245 quis,
1125 1176 1318 1245 inquit,
1349 1177 1614 1246 dogmata,
1650 1177 1919 1239 mandata,

355 1267 684 1330 interdicta,
729 1267 1018 1319 sanctiones
1058 1269 1161 1320 sive
1202 1269 1406 1320 decreta
1447 1285 1478 1319 a
1521 1267 1740 1335 prtesule
1786 1266 1921 1319 sedis

354 1356 669 1423 apostolica:
708 1356 1035 1426 promulgata
1086 1357 1464 1425 contempserit,
1517 1357 1802 1408 anathema
1832 1357 1919 1409 sit.

355 1443 478 1499 Nec
509 1446 609 1500 hoc
645 1446 828 1514 utique
858 1445 1029 1499 sancti
1059 1444 1246 1498 Patres
1289 1444 1652 1498 necessarium
1688 1443 1801 1497 fore
1836 1443 1923 1512 ﬁt-

352 1533 698 1599 dicaverunt,
728 1545 785 1591 ut
819 1536 1028 1604 singula
1055 1522 1281 1602 quaeque
1303 1533 1634 1602 prohibenda
1663 1533 1922 1602 singulari

349 1624 921 1677 cxconuuunicatione
950 1623 1312 1691 prohiberent,
1343 1637 1464 1674 cum
1489 1621 1782 1689 sazpissime
1802 1636 1920 1674 om-

355 1711 520 1764 nium
557 1712 1041 1766 ecclesiasticarum
1083 1711 1478 1765 institutionum
1506 1710 1792 1764 violatores
1823 1710 1923 1763 sub

350 1800 598 1868 generali
623 1799 966 1853 damnatione
988 1799 1293 1852 multarent.
1334 1798 1434 1852 Sed
1458 1808 1509 1852 et
1532 1799 1645 1866 ipsa
1672 1798 1922 1853 ecclesia-

351 1891 500 1943 stica
537 1891 868 1945 consuetudo
891 1890 1210 1945 sententiam
1236 1889 1375 1944 beati
1413 1889 1610 1944 Gelasii
1648 1905 1798 1958 papae
1827 1891 1921 1943 oh-
1956 1871 1996 1922 Β

351 1994 580 2033 scrvare
613 1988 854 2045 conatur,
891 1996 1006 2049 qua:
1035 1981 1520 2034 communicatorem
1565 1982 1918 2032 exconununi-

350 2069 470 2135 cati
497 2069 714 2134 recipere
736 2085 836 2120 non
866 2067 1018 2134 solet,
1053 2069 1156 2120 nisi
1185 2068 1596 2121 reconciliatum.
1641 2067 1793 2120 Nihil
1821 2085 1917 2120 au—

351 2167 463 2208 tem
493 2158 694 2225 ﬁrmius
723 2167 798 2210 est
824 2159 1115 2225 tenendum,
1142 2168 1203 2213 ut
1227 2156 1282 2212 S.
1317 2158 1647 2226 Augustinus
1673 2167 1916 2223 testatur,

341 2259 517 2312 quam
539 2243 671 2296 illud
705 2245 758 2296 in
786 2262 884 2314 quo
911 2247 1098 2298 veritas
1120 2246 1485 2299 consuetudini
1505 2246 1847 2315 stt/fragatur.

429 2332 555 2387 Ideo
583 2344 760 2387 autem
787 2335 956 2389 sancti
984 2334 1168 2389 Patres
1198 2335 1505 2403 hujusmodi
1549 2333 1916 2388 communica-

343 2434 506 2477 tores
543 2424 764 2478 devitari
789 2426 1092 2489 voluerunt,
1123 2425 1266 2492 quod
1296 2425 1440 2492 ipsos
1468 2425 1622 2491 quasi
1663 2438 1693 2476 a
1728 2423 1917 2491 seipsis

346 2510 643 2566 damnatos
672 2513 992 2566 habuerunt.
1037 2512 1125 2567 Sic
1149 2512 1402 2582 praefatus
1430 2513 1756 2582 apostolicus
1777 2513 1916 2567 Aca-

348 2599 526 2667 cium,
562 2612 769 2669 recepta
821 2603 1200 2656 communione
1239 2603 1405 2668 Petri,
1454 2619 1512 2657 se
1553 2605 1728 2672 ipsum
1767 2604 1918 2657 dam—

349 2703 520 2744 nasse
552 2697 795 2744 testatur.
846 2689 994 2745 Unde
1021 2702 1074 2746 et
1099 2692 1288 2747 beatus
1334 2692 1479 2745 Felix
1525 2708 1660 2760 papa
1704 2694 1755 2745 in
1802 2694 1916 2761 ipsa

351 2778 624 2833 sententia
649 2795 754 2847 qua
779 2780 1034 2832 Acacium
1063 2780 1534 2834 auathematizavit
1572 2781 1677 2835 hoc
1707 2780 1915 2849 signan-

347 2879 441 2924 ler
463 2872 707 2940 apposuit
734 2890 744 2923 :
772 2869 917 2924 Ilabe
941 2887 1061 2940 ergo
1085 2888 1200 2924 cum
1229 2871 1308 2924 his
1332 2887 1456 2941 quos
1474 2871 1692 2925 libenter
1721 2870 1916 2940 ample-

349 2960 514 3013 cteris
543 2962 849 3028 portionem,
877 2962 978 3016 hoc
1012 2972 1112 3027 est,
1145 2978 1266 3017 cum
1298 2963 1808 3028 excommunicatis;
1854 2979 1916 3018 ac

350 3052 405 3103 si
427 3049 628 3105 diceret
647 3071 664 3104 ;
691 3049 806 3105 Non
838 3063 945 3106 tam
974 3068 1166 3106 novam
1191 3054 1800 3108 excommunicationem
1825 3070 1916 3108 su-

350 3156 457 3209 per
501 3150 552 3195 te
601 3140 848 3206 fecimus,
893 3158 1052 3212 quam
1088 3153 1336 3208 veterem,
1361 3145 1454 3212 qui
1480 3154 1529 3197 te
1562 3146 1735 3212 ipsum
1767 3160 1915 3199 com-

355 3231 687 3284 municando
708 3231 1186 3286 “communicatis
1212 3232 1910 3296 innodasti,conﬁrmamus.

353 3316 471 3372 Nec
492 3319 592 3370 hoc
613 3334 742 3372 sane
773 3321 1093 3390 negligenter
1114 3321 1503 3389 inspiciendum
1555 3323 1697 3390 quod
1720 3322 1778 3375 B.
1809 3323 1913 3377 Ge-

353 3406 526 3460 lasius
563 3417 671 3460 tam
717 3423 970 3478 expresse
1001 3411 1230 3480 subjecit
1296 3428 1394 3465 cur
1439 3413 1729 3480 apostolica
1763 3414 1914 3468 sedes

354 3497 616 3550 Acacium
643 3500 1153 3555 communicatorem
1180 3500 1321 3556 Petri
1362 3501 1670 3557 refutaverit
1698 3522 1710 3556 :
1742 3503 1912 3569 Beati,

355 3587 552 3656 inquit,
592 3587 738 3642 Petri
773 3590 914 3643 sedes
961 3608 1021 3644 ne
1055 3609 1144 3660 per
1166 3594 1414 3646 Acacium
1441 3595 1494 3646 in
1519 3593 1667 3647 Petri
1703 3611 1914 3648 consor-

356 3678 493 3730 tium
549 3679 841 3744 duceretur,
887 3673 1055 3748 ipsum
1095 3698 1295 3750 quoque
1343 3701 1374 3735 a
1420 3701 1516 3736 sua
1562 3685 1941 3738 communione-

350 3769 634 3821 submorit.
675 3767 816 3822 idem
866 3770 1149 3826 Anastasio
1192 3772 1320 3840 imp.
1368 3775 1546 3841 (epist.-
1586 3774 1672 3842 lO)
1709 3793 1722 3826 :
1753 3774 1913 3827 Post-

355 3873 516 3926 quam
543 3857 764 3912 Aeacius
800 3863 1174 3916 communionis
1205 3872 1430 3916 extorum
1465 3865 1638 3933 factus
1680 3859 1778 3929 est,
1815 3881 1915 3917 non

353 3947 528 4015 potuit
575 3948 676 4001 nisi
717 3965 749 4001 α
788 3950 1046 4004 catholica
1084 3960 1133 4005 et
1173 3952 1459 4020 apostolica
1507 3968 1626 4006 mox
1674 3954 1916 4007 societate

353 4037 595 4107 pra’cidi,
621 4054 683 4092 ne
707 4056 798 4108 per
823 4057 958 4106 eum,
978 4043 1023 4093 si
1050 4041 1124 4094 vel
1145 4043 1418 4110 paululum
1454 4061 1787 4109 cessaremus,
1825 4061 1914 4096 nos

353 4143 556 4198 quoque
601 4129 887 4182 videremur
939 4124 1138 4182 subisse
1178 4133 1417 4200 contagia
1465 4133 1798 4200 perﬁdorum.
1852 4131 1917 4185 Et

353 4221 523 4290 paulo
550 4220 796 4288 superius
822 4239 833 4272 :
869 4219 988 4273 Non
1011 4229 1200 4290 potest,
1225 4221 1414 4290 inquit,
1443 4224 1676 4292 quilibet,
1715 4239 1916 4292 perver-

354 4310 536 4362 sitatis
574 4311 1008 4364 communicatore
1046 4321 1300 4382 suscepto,
1341 4329 1440 4367 non
1483 4316 1679 4382 pariter
1722 4331 1919 4384 pert-er-

352 4415 448 4452 ωε
476 4399 717 4466 probari;
746 4417 833 4453 nec
857 4411 1020 4469 potest
1067 4403 1288 4470 refutari
1316 4407 1643 4472 perversitas,
1674 4405 1919 4471 complice

353 4491 714 4559 perversitatis
741 4492 987 4545 admisso.
1030 4490 1258 4546 Videsne
1284 4508 1444 4561 quam
1486 4495 1788 4548 necessario
1817 4493 1918 4548 hu-

429 4687 580 4759 (975)
618 4684 989 4759 Sequebantur
1017 4690 1141 4743 hinc
1165 4691 1217 4744 in
1254 4705 1356 4744 ms.
1392 4689 1532 4754 cod.,
1564 4706 1683 4759 quae
1725 4691 1915 4759 necgatl

352 4756 730 4829 antecedentia
788 4773 886 4812 nec
927 4759 992 4812 ad
1033 4761 1412 4829 subsequentia
1470 4756 1752 4827 pertinent.
1802 4757 1914 4812 Non

353 4824 646 4881 omisimus
682 4832 882 4891 tamen,
905 4837 962 4882 ut
982 4831 1162 4885 omnia
1189 4824 1391 4885 codicis
1426 4824 1564 4882 bona
1587 4829 1688 4881 ﬁde
1717 4841 1913 4895 reprae-

352 4904 714 4952 seutaremus.

2021 677 2208 716 eorum
2237 661 2568 714 consortium
2607 655 2851 724 contagia
2879 652 3202 721 perfidorum
3242 650 3450 703 subisse
3488 649 3576 715 ju-

2019 747 2302 802 dieemur?
2339 745 2394 797 Si
2436 745 2557 813 quis
2594 752 2770 796 autem
2803 742 2916 794 haec
2937 738 3117 793 omnia
3142 737 3302 790 latius
3331 735 3576 789 conside-

2023 853 2140 890 rare
2167 835 2452 898 desiderat,
2483 834 2682 901 scripta
2712 831 2951 900 ejusdem
2988 827 3265 896 apostolici
3292 825 3358 879 ad
3398 824 3576 878 diver-

2021 944 2112 982 sos
2134 929 2198 982 de
2220 929 2556 980 anathemate
2581 923 2760 980 Aeaci‘i
2783 938 2888 976 non
2921 919 3227 976 transitorie
3256 918 3424 984 legat;
3455 930 3576 983 qua:

2022 1019 2066 1073 si
2098 1017 2318 1071 fideliter
2344 1015 2642 1084 pet-legerit,
2682 1013 2824 1066 nulla
2868 1011 2916 1064 ei
2962 1009 3191 1077 amplius
3237 1007 3304 1059 de
3346 1003 3574 1056 vitandis

2022 1102 2566 1159 counnunicatoribus
2587 1097 3170 1155 excommunicatorum
3197 1090 3457 1148 dubitatio
3490 1103 3574 1143 re—

2021 1194 2277 1250 manebit.

2089 1279 2367 1350 'Accipiant
2397 1297 2522 1351 ergo
2549 1295 2691 1348 saepe
2723 1278 2850 1333 dicti
2873 1269 3357 1332 communicatures
3383 1285 3575 1324 sanum

2018 1372 2325 1438 consilium,
2362 1379 2414 1426 et
2445 1371 2700 1424 festinent
2718 1368 2782 1436 ad
2807 1365 3221 1422 ecclesiasticam
3256 1358 3573 1414 reconcilia-

2017 1462 2244 1525 tionem,
2285 1476 2383 1514 nec
2418 1459 2739 1514 catholicam
2782 1455 3143 1511 sinceritatem
3173 1461 3390 1506 externa
3428 1464 3575 1502 com-

2021 1551 2296 1614 munione,
2330 1549 2480 1618 juxta
2510 1546 2570 1600 B.
2614 1545 2906 1608 Gelasium,
2936 1542 3481 1606 commaculent;aut
3528 1537 3575 1591 si

2021 1642 2119 1710 ipsi
2152 1656 2304 1695 suam
2342 1639 2569 1694 salutem
2597 1635 2945 1706 neglexerint,
2977 1648 3074 1687 nos
3106 1641 3304 1695 tamen,
3346 1631 3438 1698 qui
3473 1627 3576 1681 Ca-

2019 1731 2202 1785 tholici
2229 1745 2438 1796 sumus,
2469 1728 2622 1783 nobis
2657 1726 2723 1780 ab
2757 1739 2944 1779 eorum
2975 1719 3452 1777 commaculationc
3481 1731 3575 1771 ca-

2022 1836 2256 1876 veamus.

2425 1949 2488 2002 In
2525 1947 2941 2002 Simoniacorum
2979 1946 3169 1998 causis.

2099 2083 2246 2152 (9T5)
2279 2081 2549 2136 Iudicium
2572 2093 2723 2148 aqua:
2747 2075 2953 2145 frigida:
2987 2089 3093 2128 non
3119 2072 3426 2140 recipimus,
3469 2085 3570 2124 nec

2018 2174 2206 2228 eorum
2251 2170 2616 2226 testimonium
2647 2167 2740 2236 qui
2773 2166 2945 2219 eidem
2981 2164 3169 2217 morbo
3212 2160 3570 2241 consentiunt,

2017 2261 2111 2316 sed
2137 2260 2512 2329 religiosorum
2566 2256 2792 2310 fratrum
2832 2254 2924 2322 qui
2946 2252 3125 2306 eidem
3177 2249 3362 2305 sceleri
3401 2248 3576 2303 studio

2015 2359 2068 2402 et
2115 2350 2386 2402 voluntate
2423 2346 2702 2400 resistunt.
2754 2342 2856 2407 Qui
2899 2355 3077 2396 tamen
3125 2348 3288 2393 testes
3328 2351 3435 2390 non
3482 2351 3576 2404 per

2017 2451 2210 2506 aquam
2234 2433 2609 2505 frigidam,scd
2643 2431 2701 2502 [ι.
2724 2447 2842 2496 seu,
2863 2429 2963 2482 Ed.
2984 2426 3076 2498 P.]
3108 2426 3440 2494 perignitum
3465 2423 3573 2475 fer-

2015 2540 2158 2589 rum,
2187 2525 2269 2578 vel
2310 2523 2600 2577 ferventem
2639 2534 2834 2588 aquam
2875 2526 3001 2572 sunt
3039 2513 3350 2583 acquirendi
3403 2511 3572 2580 (974).

2088 2613 2378 2668 Simoniaci
2405 2627 2510 2666 non
2533 2611 2884 2664 admittuntur
2907 2607 2971 2660 ad
2992 2605 3277 2674 judicium,
3307 2603 3352 2656 si
3381 2600 3578 2670 proba-

2013 2707 2148 2760 biles
2175 2718 2436 2773 personw,
2467 2703 2628 2756 etiam
2658 2700 2918 2754 laicorum
2948 2697 3027 2749 vel
3071 2695 3414 2757 feminarum,
3454 2704 3576 2758 pre-

2013 2797 2146 2851 tium
2173 2811 2230 2850 se
2252 2795 2322 2848 ab
2346 2795 2425 2848 eis
2461 2792 2724 2860 recepisse
2748 2798 3026 2844 testantur.
3077 2785 3187 2841 Nec
3209 2784 3353 2839 aliud
3374 2791 3455 2837 est
3477 2796 3578 2850 pro

2016 2882 2317 2937 manifestis
2358 2881 2541 2936 venire
2570 2881 2636 2934 ad
2662 2878 2947 2947 judicium,
2991 2875 3095 2929 nisi
3141 2883 3345 2928 tentare
3388 2871 3577 2925 Domi-

2015 2989 2164 3027 num.
2209 2970 2360 3026 Unde
2393 2979 2446 3025 et
2488 2968 2726 3029 fallimur
2772 2965 3045 3020 multoties
3087 2963 3142 3016 in
3189 2962 3404 3026 talibus,
3450 2959 3578 3029 quia

2016 3063 2156 3119 Deus
2197 3064 2352 3131 longe
2388 3070 2470 3116 est
2512 3061 2580 3114 ab
2620 3051 2704 3131 “is
2746 3057 2840 3126 qui
2887 3065 3093 3111 tentant
3145 3054 3296 3108 illum
3326 3051 3472 3120 (Sap.
3513 3061 3576 3118 ι).

2083 3153 2183 3208 Per
2208 3153 2405 3208 multos
2428 3152 2540 3221 jam
2568 3164 2738 3204 annos
2766 3147 2916 3216 regni
2948 3144 3227 3199 Teutonici
3263 3141 3486 3196 latitudo
3509 3141 3576 3192 ab

2017 3244 2321 3313 apostolicae
2358 3241 2501 3295 sedis
2530 3240 2737 3293 unitate
2759 3238 2926 3291 divisa
2955 3244 3054 3288 est.
3096 3233 3151 3286 In
3183 3247 3291 3300 quo
3320 3229 3594 3282 nimirum'

2015 3333 2304 3386 schismate
2331 3339 2537 3384 tantum
2570 3327 2791 3396 periculi
2823 3325 3021 3376 factum
3050 3329 3130 3375 est
3159 3330 3238 3384 ut,
3271 3318 3415 3386 quod
3443 3332 3571 3370 cum

2014 3421 2199 3475 dolore
2228 3419 2478 3481 dicimus,
2508 3417 2595 3469 vix
2625 3414 2781 3483 pauci
2817 3410 3122 3466 sacerdotes
3151 3418 3243 3461 aut
3269 3405 3449 3460 clerici
3479 3421 3574 3459 ca-

2014 3506 2197 3563 tholici
2237 3507 2289 3559 in
2319 3514 2466 3558 tanta
2499 3512 2765 3557 terrarum
2791 3497 3068 3553 latitudine
3091 3493 3444 3564 reperiantur.
3476 3491 3578 3547 Tot

2017 3598 2176 3668 igitur
2199 3596 2320 3650 filiis
2338 3595 2391 3648 in
2422 3594 2522 3648 hac
2551 3602 2727 3661 strage
2747 3587 3068 3659 jacentibus,
3088 3584 3408 3640 Christiana:
3430 3584 3579 3652 pacis

2017 3689 2309 3743 necessitas
2330 3685 2494 3754 exigit
2520 3693 2579 3735 ut
2612 3681 2896 3752 superbos
2935 3687 3174 3732 materna
3203 3675 3453 3730 Ecclesiae
3492 3673 3577 3726 vi—

2016 3792 2168 3831 scera
2209 3775 2537 3844 aperiantur.
2587 3771 2806 3826 Patrum
2837 3771 3016 3838 itaque
3043 3778 3348 3822 nostrorum
3393 3777 3577 3816 excm-
3648 3841 3650 3843 g

2015 3868 2118 3937 plis
2161 3877 2212 3922 et
2248 3866 2460 3935 scriptis
2519 3864 2796 3925 instructi,
2843 3862 2932 3928 qui
2977 3858 3202 3912 diversis
3246 3853 3577 3922 temporibus

2015 3955 2361 4020 Novatianos,
2399 3953 2725 4013 Donatistas,
2770 3959 2820 4000 et
2857 3947 2991 4000 alios
3045 3944 3325 3998 haereticos
3369 3942 3424 3995 in
3462 3942 3578 3997 suis

2016 4047 2296 4100 ordinibus
2326 4051 2698 4112 susceperunt,
2747 4038 2953 4108 prmfati
2992 4037 3144 4107 regni
3186 4037 3468 4107 episc0pos
3520 4036 3575 4088 in

2017 4133 2304 4188 schismate
2348 4132 2644 4196 ordinatos,
2685 4128 2786 4183 nisi
2817 4139 2910 4181 aut
2950 4128 3225 4180 invasores
3276 4134 3368 4177 aut
3405 4122 3577 4174 Simo-

2020 4223 2159 4278 niaei
2204 4235 2297 4276 aut
2338 4220 2614 4276 criminOsi
2665 4218 3101 4285 eomprobentur,
3156 4213 3210 4265 in
3255 4210 3427 4264 ofﬁcio
3461 4210 3575 4277 epi-

2020 4314 2221 4381 swpali
2254 4311 2598 4377 suscipimus.
2659 4306 2894 4372 ldipsum
2935 4304 3001 4356 de
3038 4301 3249 4356 clericis
3277 4299 3584 4368 cujuscun—

2019 4418 2123 4469 que
2143 4399 2349 4452 ordinis
2365 4395 2762 4458 constituimus,
2788 4407 2924 4460 quos
2939 4391 3046 4444 vita
3073 4388 3403 4458 scientiaque
3425 4402 3580 4444 com-

1953 4511 1995 4564 ι)
2021 4489 2252 4545 mendat.

2093 4686 2238 4754 (974)
2274 4683 2474 4740 Omnes
2506 4685 2622 4740 ista:
2647 4682 3037 4754 probationes}!
3069 4676 3238 4753 sacris
3273 4671 3572 4754 canonihus

2022 4743 2392 4824 prohibentur.
2423 4769 2480 4810 ut
2504 4743 2725 4824 patct'in
2752 4748 3124 4808 decretalibus,
3159 4747 3235 4798 tit.
3273 4743 3336 4796 de
3371 4756 3570 4811 [urgo‘

1968 4853 1970 4862 ι
2021 4827 2164 4880 tione
2196 4825 2415 4895 vulgari.
