3944 6402
760 26 1033 49 arula-rm
1056 36 1305 47 -=-—---—-—
1340 38 1359 45 -

1504 438 1596 492 AD
1631 396 1857 496 orsus
1899 445 1952 498 s.
1994 446 2315 503 curconu
2356 416 2788 512 Aprtzxulcts.

575 565 3749 634 “MM

603 710 1699 815 SYNODUSROMANA
1775 733 1986 822 SUB
2058 739 2667 836 GREGORIO
2735 750 2913 838 VII
2990 751 3712 859 CELEBBATA.

787 898 1072 967 (Dedimus.
1095 919 1255 973 supra
1285 908 1680 966 interconcilia
1707 913 1885 970 Roma
1907 920 2167 976 celebrata
2190 933 2415 995 tempore
2441 927 2496 982 S.
2527 928 2763 1000 Gregorii
2795 930 2923 989 VII.
2950 933 3048 989 Est
3072 938 3251 993 ordine
3278 942 3511 1015 quinta.)

1913 1268 2369 1363 INCIPIT

1064 1459 1571 1610 UTILIS
1653 1471 2545 1595 ALTERCATIO
2629 1371 3212 1608 D|UORUM

1713 1707 1768 1747 st
1794 1707 1906 1748 rL-‘a
1950 1709 2212 1759 Qt’UDAM
2254 1713 2580 1771 CAPITL’LO,

1459 1844 1553 1902 ως
1601 1845 2219 1910 INCONTINENTIA
2265 1854 2819 1923 SACERDO'I‘UM.

2024 2007 2371 2028 ᾗ.

607 2165 835 2223 Domino
857 2184 918 2224 ac
948 2172 1257 2226 venerando
1290 2175 1554 2229 sacerdoti
1577 2177 1832 2241 Ausone,
1869 2180 2083 2233 scicntia

2198 2167 2299 2267 rali
2332 2184 2507 2268 c‘csvu
2536 2173 2778 2246 Patrum,
2808 2186 2895 2240 cui
2916 2188 3165 2260 egregius
3205 2189 3395 2248 doctor
3420 2193 3766 2268 Augustinus

538 2264 592 2309 et
616 2256 859 2310 litoribus
885 2258 1165 2315 adornato.
1196 2258 1507 2318 BLRSALDL'S
1531 2264 1730 2318 bonum
1761 2266 2090 2335 indelicicns,

539 2346 680 2413 quod
708 2354 789 2399 cst
812 2347 1083 2439 (.Ihristus.

604 2435 739 2488 Cum
772 2435 1014 2504 proxime
1053 2437 1217 2492 simul
1257 2454 1524 2508 essemus,
1546 2452 1600 2497 et
1635 2446 1795 2499 verba
1838 2446 1903 2500 dc
1929 2462 2093 2503 cauo-

529 2531 666 2577 num
694 2522 1063 2579 sanctionibus
1095 2526 1161 2579 ad
1184 2526 1413 2582 invicem
1435 2528 1824 2601 conferremus,
1854 2534 2096 2604 aliquan-

534 2610 705 2664 tulum
738 2611 805 2664 de
827 2612 1064 2682 capitulo
1085 2613 1286 2675 Sicani
1315 2620 1529 2675 concilii
1554 2622 1930 2681 dissensimus.
1954 2626 2091 2682 Cum

533 2701 679 2754 enim
709 2701 849 2756 inter
877 2718 998 2769 nos,
1033 2714 1090 2759 ut
1118 2707 1333 2774 recolis,
1361 2710 1428 2764 de
1470 2713 1802 2781 prohibenda
1844 2720 2095 2773 sacerdo-

532 2799 647 2844 tum
678 2792 1067 2849 incontinentia
1108 2810 1290 2851 sermo
1314 2812 1690 2858 consereretur
1717 2803 1781 2876 [Ῑ.
1817 2804 2093 2861 conferre-

534 2877 667 2950 tur].
697 2896 817 2947 qua:
847 2882 901 2935 in
930 2885 1091 2939 tertio
1127 2887 1370 2955 ejusdem
1415 2893 1629 2945 concilii
1682 2896 1921 2963 capitulo
1958 2897 2093 2952 adeo

530 2971 865 3038 prohibetur,
894 2988 959 3027 ne
1007 2974 1194 3030 saltem
1218 2976 1401 3032 clerici
1442 2980 1673 3037 debeant
1694 2984 1941 3040 habitare
1967 3003 2092 3042 cum

528 3060 745 3119 feminis
773 3064 917 3118 nulla
945 3069 1412 3139 consanguinitate
1452 3072 1791 3144 propinquis,
1822 3085 1878 3131 tu
1913 3079 2090 3148 quod-

527 3150 651 3205 dam
681 3153 827 3208 aliud
851 3164 1014 3224 caput
1039 3171 1119 3215 ex.
1136 3156 1502 3215 ecclesiastica
1527 3159 1785 3230 llistoria,
1808 3181 1929 3235 qua:
1952 3167 2099 3222 dici-r

529 3247 616 3293 tur
641 3237 931 3310 Tripartita
969 3242 1134 3309 (Hist.
1163 3244 1310 3302 Eccl.
1350 3248 1605 3320 Tripart.,
1630 3252 1724 3307 lib.
1751 3270 1808 3319 ιι,
1833 3268 1953 3324 cap.
1985 3256 2088 3324 I4),

529 3329 818 3397 protulisti,
849 3331 995 3401 quod
1041 3336 1331 3405 quemdam
1364 3338 1741 3410 Paphnucium
1777 3353 2010 3399 testatur
2035 3346 2090 3400 in

524 3418 713 3473 eodem
758 3423 990 3477 concilio
1015 3425 1344 3494 surrexisse,
1377 3438 1432 3485 et
1458 3445 1488 3484 a
1517 3440 1629 3487 tota
1667 3434 1873 3503 synodo
1910 3451 2089 3491 sacer-

524 3505 743 3583 dotibus
774 3519 831 3563 ut
866 3512 1167 3569 dormirent
1206 3532 1333 3572 cum
1379 3521 1640 3576 uxoribus
1677 3525 1792 3579 suis
1815 3526 2086 3583 licentiam

526 3594 866 3664 impetrasse.
892 3599 1117 3671 Insuper
1148 3606 1311 3660 etiam
1342 3607 1482 3661 idem
1519 3611 1693 3679 ipsum
1724 3613 1969 3682 capitulis
1995 3615 2085 3670 Ni-

522 3687 653 3740 caeni
678 3690 890 3743 concilii
921 3693 1102 3749 minus
1123 3696 1460 3753 considerate
1481 3704 1868 3758 annumerasti.

594 3770 746 3827 Unde
774 3791 879 3829 non
910 3792 1099 3846 parum
1132 3783 1290 3837 doleo
1329 3785 1395 3839 dc
1424 3795 1476 3840 te
1503 3794 1666 3844 tanta:
1717 3791 1916 3849 indolis
1940 3793 2081 3860 viro,

524 3859 578 3913 in
628 3864 801 3917 sacris
850 3865 1044 3922 litteris
1077 3877 1188 3923 tam
1238 3874 1473 3941 erudito,
1523 3878 1667 3945 quod
1704 3880 1812 3956 hoc
1840 3859 2081 3952 unquam

520 3950 973 4033 excellentissimo
1004 3957 1257 4024 concilio,
1279 3961 1434 4028 juxta
1464 3974 1711 4020 sanctum
1740 3950 2081 4039 Gregorium,

519 4050 671 4104 teque
702 4046 758 4091 ut
809 4038 1156 4110 Evangelium
1187 4052 1513 4118 venerando,
1538 4055 1816 4126 assignare
1838 4038 1947 4115 non
1976 4059 2080 4115 du-

520 4126 723 4188 bitasti,
769 4132 911 4198 quod
948 4147 1046 4187 nec
1072 4135 1343 4205 ultilnum,‘
1376 4140 1486 4197 imo
1524 4145 1730 4200 nullum
1756 4150 1897 4203 inter
1916 4164 2084 4205 cano-

520 4213 644 4267 nica
674 4218 907 4285 capitula
937 4221 1096 4276 habet
1122 4225 1322 4291 locum,
1340 4227 1587 4285 videlicet
1611 4234 1755 4302 quod
1772 4238 2083 4304 apostolica:

517 4314 571 4357 it
603 4306 923 4375 evangelicae
952 4309 1270 4368 adversatur
1295 4318 1573 4376 doctrinae.
1618 4319 1753 4377 Nam
1788 4323 1906 4394 ipse
1931 4327 2082 4396 prin-

517 4409 644 4462 ceps
663 4398 1032 4462 apostolorum
1057 4399 1109 4453 in
1143 4399 1380 4471 Epistola
1395 4421 1492 4463 sua
1520 4409 1574 4479 (Ι
1603 4410 1751 4467 Petr.
1781 4415 1886 4484 in),
1916 4416 2079 4473 etiam

517 4484 667 4537 laicis
694 4487 931 4554 pra-cipit
984 4499 1041 4541 ut
1078 4504 1300 4558 parcant
1342 4498 1603 4555 uxoribus
1632 4502 1766 4568 suis,
1819 4506 2081 4575 neimpe-

516 4574 733 4627 diautur
762 4577 1035 4629 orationes
1062 4592 1271 4643 carum.
1307 4583 1405 4639 Cui
1427 4597 1481 4640 tt
1523 4589 1701 4658 ipsum
1734 4607 1829 4647 vas
1857 4574 2078 4650 electio-

519 4664 607 4717 nis
631 4661 832 4719 I‘aulus
861 4669 1156 4722 concordat
1188 4670 1374 4727 dicens
1400 4693 1411 4727 :
1438 4676 1706 4733 Abstinete
1746 4697 1830 4735 ros
1850 4682 1921 4736 ad
1949 4692 2081 4737 tem-

2197 2255 2460 2348 niterfuit,
2508 2276 2632 2320 vere
2660 2266 2833 2337 ipsius
2884 2255 3069 2331 sacrae
3096 2276 3388 2348 Scriptum
3432 2255 3761 2345 armarium.

2196 2339 2463 2401 Deliberat
2510 2350 2653 2406 enim
2710 2358 2998 2425 praedictus
3058 2339 3498 2437 archiepiscopus

2194 2447 2322 2487 cens
2356 2436 2504 2507 (975)
2536 2458 2548 2494 :
2580 2440 2766 2499 Placet
2796 2456 2851 2501 nt
2892 2452 3186 2507 sacerdotes
3239 2465 3287 2508 et
3323 2436 3515 2526 let-itte,
3561 2462 3642 2515 rei
3667 2465 3764 2533 qui

2194 2529 2539 2583 sacramentis
2573 2533 2764 2588 divinis
2816 2538 3125 2609 inserviunt,
3175 2546 3495 2603 continentes
3548 2552 3658 2606 sint
3701 2555 3765 2609 its

2194 2619 2454 2713 omnibus,
2483 2634 2585 2688 quo
2628 2626 2830 2692 possint
2866 2629 3180 2700 simpliciter
3203 2634 3342 2705 quod
3364 2654 3396 2691 a
3438 2638 3549 2694 Deo
3568 2649 3761 2713 postit-

2194 2700 2305 2755 laut
2344 2705 2642 2776 impetrare,
2690 2722 2748 2766 ut
2791 2718 2929 2785 quod
2962 2720 3185 2788 apostoli
3215 2700 3517 2781 idocuerunt
3562 2700 3615 2784 et
3641 2733 3763 2802 ipsa

2194 2795 2415 2847 servarit
2461 2799 2754 2869 antiquitas
2802 2820 2894 2858 nos
2938 2823 3139 2877 quoque
3186 2812 3566 2869 custodiamus.
3599 2795 3762 2885 Quod

2192 2884 2548 2943 constitutum
2584 2904 2614 2944 a
2644 2891 2834 2962 legatis
2858 2898 3168 2965 apostolica:
3198 2902 3341 2959 sedis
3368 2884 3637 2962 Faustino
3664 2924 3761 2966 ve-

2194 2973 2420 3027 nerabili
2449 2977 2726 3049 episcopo,
2773 2991 2826 3038 et
2866 2985 2934 3039 ab
2966 2988 3219 3045 omnibus
3259 2993 3526 3066 episcopis
3558 2998 3761 3055 unani-

2193 3062 2353 3118 miter
2390 3079 2513 3120 cum
2537 3069 3025 3142 subscriptionibus
3064 3086 3148 3133 est
3176 3062 3575 3140 confirmatum.
3623 3086 3762 3145 Item

2193 3150 2310 3220 ipsa
2356 3152 2565 3211 Veritas
2613 3158 2841 3217 allirmat
2876 3163 2928 3217 in
2966 3164 3277 3236 Evangelia,
3305 3170 3493 3227 dicens
3539 3190 3553 3227 :
3585 3176 3759 3233 Ame-

2191 3241 2311 3292 dico
2339 3244 2499 3308 rosis,
2528 3246 2631 3298 nisi
2661 3249 3003 3304 abundat-erit
3018 3256 3236 3321 Justitia
3258 3267 3429 3313 uestra
3449 3259 3570 3330 plus
3596 3278 3761 3334 quam

2194 3326 2497 3386 Scribarum
2519 3345 2566 3387 et
2598 3334 3013 3408 PImrisworum,
3052 3358 3153 3396 non
3176 3326 3521 3404 intrabitisritt
3542 3326 3761 3420 regnans

2191 3420 2438 3474 calorum
2468 3422 2683 3493 (.llatth.
2720 3429 2793 3496 v).
2829 3426 3044 3485 iustitia
3075 3441 3255 3488 autem
3280 3444 3521 3493 veterum
3549 3451 3672 3496 erat
3699 3453 3762 3498 ut

2172 3511 2495 3567 sacerdotes
2535 3529 2678 3569 anno
2703 3516 2839 3572 vicis
2883 3521 3173 3587 snas,.dum
3197 3525 3438 3581 nondum
3466 3542 3620 3597 vera,
3655 3532 3751 3585 sed

2188 3599 2489 3655 umbratica
2513 3611 2723 3658 tantum
2748 3605 3016 3661 sacrificia
3049 3609 3406 3680 celebrarent,
3435 3629 3546 3669 non
3568 3616 3755 3672 solum

2185 3688 2254 3743 ad
2282 3704 2501 3759 uxores,
2525 3693 2620 3748 sed
2644 3702 2700 3749 et
2723 3693 2793 3749 ad
2828 3695 3021 3752 domos
3063 3713 3193 3755 suas
3215 3701 3399 3757 venire
3426 3704 3648 3773 penitus
3664 3704 3754 3760 vi-

2184 3784 2381 3833 tarent.
2413 3777 2566 3853 Hane
2589 3781 2757 3852 igitur
2779 3792 3023 3845 veterum
3046 3786 3314 3856 justitiam
3344 3790 3659 3863 quicunque
3684 3808 3757 3851 ex

2184 3869 2461 3927 modernis
2485 3873 2855 3930 sacerdotibus
2888 3890 2997 3930 non
3031 3876 3155 3931 dico
3182 3893 3463 3948 superare,
3492 3883 3590 3938 sed
3635 3885 3756 3941 sal-

2182 3963 2290 4012 tem
2324 3959 2527 4013 imitari
2564 3963 2864 4032 contendit,
2892 3979 3171 4035 nunquam
3206 3977 3330 4039 post
3350 3970 3755 4033 ordinationem

2179 4062 2336 4104 suam
2360 4049 2428 4105 ad
2457 4050 2740 4124 conjugale
2763 4068 2901 4125 opus
2921 4056 3138 4125 redibit,
3162 4073 3290 4115 cum
3316 4061 3462 4116 nulla
3481 4062 3600 4119 dies
3616 4078 3762 4136 pra-

2181 4148 2349 4195 tereat
2392 4156 2499 4211 qua
2554 4144 2873 4199 sacerdotali
2925 4145 3102 4203 cilicio
3148 4163 3339 4205 vacare
3384 4167 3493 4206 non
3528 4153 3753 4211 debeat.

2249 4231 2496 4300 Amplius
2520 4243 2705 4288 sancta
2734 4241 2790 4307 et
2800 4236 3104 4292 veneranda
3123 4240 3368 4310 synodus
3386 4239 3625 4310 Nicena,
3655 4247 3755 4301 cui

2178 4319 2494 4388 pmdictum
2524 4324 2819 4391 capitulum
2847 4325 3157 4396 assignasti,
3180 4328 3235 4382 in
3261 4331 3421 4384 tertio
3447 4333 3627 4401 capite
3656 4349 3757 4404 pe-

2180 4407 2328 4467 nitus
2357 4408 2608 4478 prohibet
2632 4409 2867 4468 -clericis
2893 4413 3057 4468 etiam
3094 4416 3551 4473 cohabitationem
3582 4420 3750 4478 femi-

2179 4509 2392 4565 narum,
2420 4498 2524 4554 nisi
2552 4501 3014 4572 consanguinitate
3042 4518 3431 4573 pronmarum.
3469 4506 3606 4563 Illud
3648 4525 3754 4563 su-

2179 4594 2286 4639 tem
2305 4597 2458 4642 tuum
2481 4604 2580 4644 nec
2616 4590 2860 4659 prohibet
2888 4594 3272 4649 concubitum;
3287 4592 3612 4666 Quicunque
3640 4598 3752 4670 igi-

2180 4684 2268 4729 tur
2294 4686 2387 4732 tuo
2427 4678 2667 4747 capitulo
2699 4680 2987 4748 consentit,
3022 4698 3052 4736 a
3083 4680 3339 4753 prmdicto
3371 4688 3604 4744 concilio
3630 4690 3750 4747 dis-

512 4771 629 4821 pus,
660 4764 715 4806 ut
746 4758 936 4808 vacetis
985 4762 1214 4814 orationi
1255 4760 1307 4826 (l
1341 4762 1463 4819 Cor.
1497 4768 1614 4825 vlt).
1649 4768 1706 4822 Si
1751 4771 1915 4841 igitur
1954 4774 2077 4830 laici

2189 4764 2366 4826 sentit.
2395 4763 2550 4823 Unde
2580 4775 2635 4823 et
2680 4768 2970 4826 damnatus
3015 4780 3099 4827 est
3148 4773 3491 4831 anathemate
3518 4793 3631 4849 quo
3683 4778 3747 4836 S.

512 4843 597 4895 die
623 4841 733 4912 quo
753 4845 939 4899 volunt
954 4860 1111 4902 orare
1134 4853 1475 4918 prohibentur
1508 4860 1576 4913 ab
1605 4874 1766 4929 opere
1792 4863 2082 4934 conjugali,

517 4931 722 5000 liquido
754 4938 1108 5006 consequitur
1131 4950 1185 4993 ut
1218 4944 1544 5011 sacerdotes;
1577 4950 1776 5016 quilms
1809 4931 2081 5021 quotidia-

516 5039 645 5076 num
672 5033 753 5077 cst
774 5025 1008 5081 ollicium
1032 5032 1243 5094 orandi,
1271 5033 1353 5087 vel
1393 5037 1757 5104 sacrificandi,
1783 5044 1864 5095 vel
1904 5044 2078 5113 bapti-

517 5115 693 5178 zandi,
734 5131 1010 5185 nunquam
1039 5134 1068 5171 a
1098 5121 1184 5173 die
1232 5124 1589 5182 ordinationis
1622 5143 1735 5182 sua:
1756 5132 2078 5204 coujugibus

515 5206 630 5259 suis
656 5207 886 5260 debeant
910 5209 1271 5264 commisceri.
1843 5281 1846 5284 ἢ

588 5293 734 5348 lianc
761 5306 938 5351 autent
982 5299 1369 5359 continentiam
1398 5304 1467 5357 ab
1501 5305 1630 5374 ipsis
1659 5309 1937 5378 apostolis,
1984 5328 2075 5367 sa-

516 5383 824 5436 net-dotibus
864 5392 918 5436 et
946 5386 1122 5442 levitis
1155 5404 1276 5444 esse
1318 5377 1576 5446 indictam
1624 5377 1853 5451 teStatur
1903 5400 2074 5455 Aure-

516 5465 621 5524 lius
650 5472 1092 5544 tisi-tlaaginensis
1117 5480 1554 5551 archiepiscopus
1575 5481 1627 5535 in
1645 5484 1875 5539 concilio
1910 5502 2071 5555 gene-

587 5585 732 5653 (975’)
768 5585 896 5644 Vide
934 5590 1224 5645 concilium
1271 5594 1585 5650 Africanum
1628 5597 1729 5652 sub
1753 5597 2069 5655 Bonifaciol

517 5664 569 5727 ςι
596 5656 810 5727 titulus-1.
841 5655 857 5708 I
886 5660 1072 5727 pontii".
1098 5677 1217 5714 cun.
1250 5662 1336 5721 37.
1369 5665 1491 5717 dist.
1516 5666 1606 5727 5‘2,
1634 5689 1682 5720 ι’.
1718 5668 1793 5720 15.
1832 5669 2059 5723 Placuit.

519 5672 569 5709 Pl
596 5672 810 5710 tne-test.
841 5672 857 5708 ι
920 5672 1072 5712 onm.
1098 5677 1217 5714 can.
1250 5672 1336 5721 37.
1369 5672 1491 5717 dist.
1516 5672 1606 5727 .32,
1634 5689 1682 5720 «υ.
1718 5672 1793 5720 15.
1832 5672 2059 5723 Placuit.

519 5718 647 5777 κίεις
678 5727 836 5780 ctiam
867 5672 990 5779 (Ilzt.
1022 5729 1106 5794 83,
1150 5749 1198 5784 c.
1244 5732 1285 5784 ί.
1322 5732 1450 5785 Cum
1487 5736 1548 5786 de
1586 5741 1929 5799 thru"'!cm.
1962 5737 2063 5793 l'lti

2184 4853 2476 4928 Gregorius
2510 4856 2565 4911 in
2590 4858 2846 4929 synodica
2889 4875 2986 4915 sua
3018 4875 3208 4916 omnes
3236 4878 3267 4916 a
3290 4862 3505 4919 Nicaeus
3537 4868 3749 4937 synodo

2184 4947 2890 5003 dissentientesdamnavit.

2251 5034 2307 5089 Si
2333 5044 2513 5091 autem
2552 5035 2784 5093 fortasse
2829 5052 2992 5108 negas
3036 5040 3280 5096 eamdem
3327 5044 3593 5113 synodum
3614 5058 3750 5114 pro-

2181 5125 2424 5182 hibuisse
2472 5128 2685 5185 clericis
2715 5129 2958 5185 habitare
2989 5146 3113 5184 cum
3164 5131 3401 5198 feminis,
3435 5134 3662 5204 antiqua
3690 5144 3763 5192 et:

2177 5217 2487 5272 authentica
2517 5226 2859 5287 perscrutare
2876 5220 3226 5289 exemplaria,
3248 5234 3371 5290 qua
3390 5220 3591 5275 ibidem
3616 5237 3753 5279 con-

2184 5311 2368 5365 cilium
2411 5311 2465 5364 in
2517 5308 2589 5363 20
2626 5323 2745 5378 cap.
2781 5323 2905 5364 cum
2951 5324 3178 5364 cccxvm
3223 5308 3447 5365 Patrum
3493 5312 3749 5368 subscri-

2184 5402 2365 5470 ptione
2405 5399 2683 5456 continent
2712 5400 3047 5465 rohoratum,
3090 5401 3233 5470 quod
3278 5401 3524 5456 etiamin
3549 5403 3755 5467 eodem

2182 5506 2410 5544 numero
2452 5489 2813 5561 capitulorum
2854 5504 2885 5543 a
2917 5490 3275 5548 sanctissimis
3320 5491 3599 5564 episcopis
3632 5490 3754 5565 Cy-

2180 5602 2341 5657 verba
2397 5603 2559 5673 hujus
2594 5618 2716 5683 can.
2755 5600 2910 5656 aliter
2936 5603 3403 5683 paulumuhabeut,
3433 5603 3581 5659 sicut
3601 5613 3659 5661 et
3690 5605 3751 5664 in

2178 5688 2331 5727 conc.
2369 5671 2555 5728 recens
2572 5671 2728 5725 editis
2752 5686 2762 5722 :
2791 5671 2983 5728 sensus
3002 5683 3080 5728 est
3113 5671 3310 5741 alioqui
3341 5688 3593 5731 concors.
