3944 6398
194 456 333 509 1081

1064 458 1342 514 APPEND.
1384 460 1471 516 ill.
1512 492 1581 501 —
1618 458 2049 520 MONUMENTA-
2084 466 2539 551 GilECOIUANA.

3275 470 3418 527 1082

192 569 347 631 ratio,
381 567 688 624 Alexandro
717 568 1142 643 [Alezandrino],
1169 582 1223 626 et
1260 573 1435 629 Attico
1454 575 1761 631 Constanti-
1789 584 1832 638 Α
1860 590 2039 650 caput,
2088 584 2363 637 continere
2390 583 2627 638 nollent?
2670 596 2778 635 non
2824 582 3030 651 utique.
3074 580 3235 637 Novit
3268 583 3412 643 enim

190 650 518 724 uopolitano
532 657 601 710 ad
628 659 941 726 praedictum
968 661 1249 727 praesulem
1271 660 1569 730 Aurelium,
1596 663 1760 720 et're—

191 744 386 813 liquos
414 744 611 801 Africa:
636 748 919 818 episcopos
961 749 1154 819 legitur
1196 766 1315 807 esse
1356 754 1755 811 transmiSSum.

190 831 328 901 Ipsa
352 834 515 890 etiam
554 834 846 907 Tripartita
884 839 1128 905 historia,
1152 856 1314 909 quam
1345 842 1571 897 nimium
1600 858 1762 898 vene-

194 926 318 979 rari
344 926 649 994 videris,20
676 929 910 998 capitula
935 929 990 982 in
1026 931 1279 999 praedicta
1308 934 1512 1004 synodo
1533 942 1762 989 testatur

193 1030 331 1071 esse
376 1019 687 1073 constituta.
725 1020 781 1074 in
816 1021 931 1087 his,
983 1023 1233 1091 inquam,
1261 1024 1685 1094 exemplaribus,
1716 1026 1762 1079 si

195 1104 387 1176 legere
435 1106 692 1179 digneris,
748 1113 1063 1180 praedictum
1102 1113 1343 1170 invenies
1379 1116 1665 1171 concilium
1707 1115 1763 1170 in

166 1192 177 1195 ⁷“
196 1196 242 1248 5
267 1198 443 1266 capite
472 1199 685 1255 clericis
714 1217 819 1256 non
846 1204 1005 1258 modo
1036 1204 1257 1272 coitum,
1288 1206 1378 1260 sed
1403 1218 1458 1285 et
1487 1207 1764 1261 cobabita—
1803 1215 1806 1218 ’

86 1288 95 1295 ’
196 1286 411 1340 tionem
438 1303 532 1357 per
560 1291 743 1346 omnia
773 1292 1089 1347 interdicere
1108 1310 1233 1349 cum
1261 1295 1492 1351 feminis.

274 1373 538 1433 Praeterea
571 1378 799 1437 Siricius
828 1398 965 1453 papa
988 1385 1042 1438 in
1072 1384 1301 1441 decretis
1328 1387 1443 1442 suis
1471 1384 1630 1457 (decr.
1659 1387 1693 1442 5
1713 1396 1767 1442 et

199 1464 241 1518 4
267 1466 326 1520 in
353 1470 582 1524 concilio
606 1470 949 1543 Arelatensi),
986 1473 1044 1529 Β.
1073 1473 1430 1546 Hieronymus
1459 1476 1514 1530 in
1540 1477 1764 1546 epistola

199 1569 310 1609 sua
335 1558 400 1611 ad
435 1556 705 1615 Oceanum
729 1580 743 1627 ;
771 1572 824 1616 et
845 1564 899 1616 in
924 1564 1287 1618 ecclesiastica
1308 1564 1573 1620 Eusebius
1587 1564 1766 1621 Histo-

200 1646 293 1698 ria
310 1646 455 1716 (976)
471 1666 485 1712 ;
504 1658 723 1704 sanctus
747 1652 907 1704 etiam
932 1650 1222 1720 Gregorius
1251 1637 1650 1727 (lib.vu,cpist.
1674 1653 1763 1722 59)

1858 672 2000 739 quod
2023 687 2120 726 nec
2155 673 2307 729 laicis
2330 674 2570 743 quidem,
2608 673 2714 728 nisi
2748 682 2867 742 post
2898 673 3204 726 triduanam
3240 673 3416 727 conti-

1860 762 2094 817 nentiam
2116 762 2295 817 divina
2317 764 2686 821 concedantur
2709 771 3067 827 sacramenta,
3081 777 3205 816 cum
3225 770 3279 817 et
3298 761 3416 831 ipse

1860 852 2045 920 David,
2073 870 2232 925 quem
2264 856 2525 914 Dominus
2559 857 2855 913 secundum
2901 872 2994 911 cor
3035 870 3194 932 suum
3232 855 3411 925 elegit,

1843 955 2026 1015 .panes
2071 948 2459 1016 propositionis
2514 964 2625 1003 non
2672 948 2986 1017 accepisset,
3022 946 3335 1015 priusquam
3378 960 3413 1000 a

1860 1036 2135 1091 sacerdote
2157 1047 2533 1107 percunctatus
2549 1055 2607 1095 se
2629 1039 2808 1093 triduo
2831 1038 3165 1093 continuisse
3190 1050 3413 1105 respon-

1859 1125 2027 1182 disset
2042 1127 2227 1200 (Leuit.
2243 1130 2333 1199 21)
2356 1130 2808 1201 Quomodoigitur
2822 1129 3278 1184 incontinentibus
3298 1128 3416 1182 dia-

1861 1218 2087 1274 conibus
2119 1219 2479 1277 ministerium
2517 1237 2680 1276 suum
2703 1234 2953 1274 exercere
2990 1219 3412 1287 permitteretur,

1860 1309 1976 1378 qui,
1998 1309 2152 1378 juxta
2175 1310 2385 1365 decreta
2411 1320 2725 1366 sanctorum
2753 1310 3131 1374 Patrum,cum
3160 1309 3291 1377 ipsis
3328 1323 3417 1362 sa-

1826 1406 1830 1410 “
1862 1399 2169 1455 cerdotibus
2191 1400 2256 1454 ad
2286 1400 2465 1455 divina
2494 1412 2832 1455 sacramenta
2859 1399 3208 1463 conﬁcienda,
3235 1397 3415 1467 perci-

1863 1488 2076 1557 pienda,
2113 1491 2197 1545 vel
2230 1492 2417 1545 saltem
2474 1492 2771 1556 tractanda,
2834 1506 2941 1545 non
2974 1489 3279 1544 intermissa
3322 1484 3415 1542 sed

1863 1580 2104 1649 quotidie
2124 1581 2320 1635 debent
2346 1582 2518 1650 parati
2548 1582 2707 1635 esse?

1931 1669 2193 1725 Praeterea
2216 1671 2342 1725 item
2365 1672 2691 1741 apostolicus
2728 1670 2841 1739 (lib.
2872 1685 2954 1735 Ill,
2985 1671 3136 1739 epist.
3163 1670 3252 1737 54)
3282 1668 3418 1723 scri-

202 1734 457 1833 {laruam
474 1737 743 1833 defensori
776 1741 1039 1833 scribens,
1071 1753 1124 1799 el
1150 1744 1239 1797 alii
1267 1746 1612 1815 quamplures
1631 1758 1766 1813 ἱππ-
1862 1758 1994 1814 bens
2018 1761 2083 1814 ad
2108 1759 2341 1816 Leonem
2371 1734 2685 1831 episcopum
2717 1734 3088 1815 Catinensium
3118 1734 3414 1829 [Catanen-

199 1823 738 1895 dictum'capitulum
782 1829 836 1882 in
882 1829 1096 1886 Nicena
1131 1833 1335 1903 synodo
1376 1833 1610 1902 probant
1640 1847 1763 1888 esse

1866 1847 2053 1919 slum],
2083 1849 2187 1904 hoc
2213 1851 2374 1905 etiam
2411 1851 2832 1906 subdiaconibus
2857 1866 2979 1905 esse
3006 1850 3358 1905 constitutum
3385 1862 3418 1901 a

201 1921 493 1967 statutum.
548 1914 687 1987 Ergo
722 1917 849 1973 illud
885 1928 1034 1974 tuum
1058 1962 1074 1986 ,
1120 1936 1242 1977 cum
1289 1922 1377 1977 isti
1424 1922 1657 1976 maxime
1694 1922 1765 1975 sit

1864 1936 2255 2004 praedecessore
2278 1952 2378 1991 suo
2410 1945 2655 2003 testatur,
2690 1947 2748 1991 ut
2769 1938 2863 2007 qui
2886 1953 2951 1992 eo
2976 1946 3212 2004 tempore
3237 1940 3423 1989 essent

200 2004 564 2071 contrarium,
633 2008 916 2062 anathema
975 2009 1280 2065 nullatenus
1345 2011 1532 2065 evadet
1564 2011 1765 2080 Grego-

1864 2024 2156 2094 conjugati,
2189 2038 2356 2079 unum
2385 2024 2451 2079 de
2479 2026 2690 2080 duobus
2733 2004 3013 2094 eligerent,
3039 2025 3091 2078 id
3117 2032 3202 2078 est
3247 2031 3341 2076 aut
3363 2037 3421 2076 se

200 2092 442 2148 riaaum.
505 2093 624 2164 Ipse
673 2098 821 2152 enim
862 2099 1051 2155 doctor
1102 2100 1434 2179 apostolicus
1495 2100 1611 2171 (lib.
1644 2115 1760 2165 vu,

1864 2110 1931 2164 ab
1958 2092 2220 2169 uxoribus
2247 2112 2596 2177 abstinerent,
2632 2121 2725 2166 aut
2749 2092 2892 2166 certe
2926 2112 3229 2164 nullatenus
3259 2110 3422 2162 mini-

198 2180 361 2246 epist.
390 2180 512 2251 H3)
541 2185 721 2238 omnia
762 2186 1059 2241 canonibus
1097 2186 1319 2243 adversa
1350 2188 1407 2241 in
1435 2188 1642 2258 synodo
1667 2202 1759 2257 ge-

1865 2207 2038 2254 strare
2078 2212 2481 2269 praesumerent.
2521 2200 2810 2271 Diligenter
2854 2202 3017 2255 etiam
3072 2198 3318 2253 attendas
3358 2197 3416 2252 S.

199 2272 379 2361 εξεηίί
419 2274 522 2329 ειη)
565 2276 902 2332 anathemate
937 2274 1062 2333 ίθείῑ
1102 2279 1367 2345 damnari.
1395 2279 1467 2334 ita
1519 2278 1761 2334 scribens
1866 2291 2182 2361 Gregorium
2224 2292 2291 2345 ad
2321 2300 2530 2361 tempus
2558 2300 2765 2346 tantum
2800 2307 2831 2344 a
2876 2289 3195 2345 diaconibus
3224 2287 3421 2343 Siciliae

203 2359 441 2433 Syagrio
484 2362 961 2435 Augustodunensi
988 2368 1241 2439 episcopo
1272 2387 1284 2422 :
1328 2368 1539 2434 Omnia,
1571 2367 1763 2436 inquit,

1865 2359 2251 2433 continentiam
2280 2394 2387 2432 non
2416 2359 2679 2449 exegisse.
2711 2379 2844 2434 Nam
2871 2380 2925 2433 in
2948 2381 3133 2434 eadem
3167 2380 3280 2447 ipsa
3306 2378 3420 2446 cpi-

198 2467 327 2520 qute
368 2454 566 2506 sanctis
603 2457 912 2523 canonibus,
942 2458 1081 2511 sicut
1106 2458 1468 2531 pra’diximus,
1498 2465 1620 2509 sunt
1666 2456 1765 2509 ad-

1866 2464 2002 2522 stola
2030 2464 2342 2520 deliberavit
2364 2474 2423 2519 ut
2443 2467 2622 2521 nullus
2642 2468 3017 2536 episcoporum
3044 2466 3298 2534 deinceps
3318 2466 3419 2518 ali-

204 2557 381 2606 tersa,
419 2542 657 2597 districte
677 2546 771 2598 sub
791 2546 1141 2601 anathematis
1179 2548 1571 2618 interpositione
1616 2547 1769 2599 dam-

204 2641 429 2695 nentur;
450 2632 508 2685 id
534 2642 610 2687 est
634 2642 689 2686 ut
714 2634 889 2690 nullus
909 2653 1004 2706 pro
1024 2635 1376 2707 adipiscendis
1403 2636 1767 2691 ecclesiasticis

202 2721 482 2775 ordinibus
509 2722 638 2776 dare
666 2722 881 2793 aliquod
903 2728 1227 2781 commodum
1240 2735 1545 2801 praesumat,
1574 2725 1652 2779 vel
1672 2741 1767 2794 pro

203 2806 355 2861 datis
386 2812 653 2881 accipere;
689 2818 849 2883 neque
889 2830 956 2868 ea:
1000 2815 1139 2869 laico
1168 2815 1350 2869 habitu
1385 2815 1657 2885 quisquam
1683 2829 1766 2867 re-

202 2907 359 2967 pente
395 2902 610 2954 accedat
654 2902 723 2955 ad
769 2902 942 2956 locum
989 2906 1129 2958 sacri
1181 2905 1447 2977 regiminis
1484 2905 1763 2975 peruenire.

210 2985 395 3058 Seque
426 2990 635 3058 utalia
681 2992 921 3048 mulieres
956 3012 1071 3049 cum
1110 2996 1464 3051 sacerdotibus
1512 2995 1765 3062 habitent,

207 3077 318 3130 nisi
338 3076 420 3131 lue
442 3094 559 3148 qua'
581 3082 747 3135 sacris
773 3084 1056 3137 canonibus
1085 3094 1205 3138 sunt
1227 3074 1539 3155 permissis...

285 3188 387 3245 Sed
408 3188 635 3247 forsitan
664 3194 864 3248 asseris
887 3194 953 3248 ad
974 3203 1120 3249 tuam
1145 3204 1352 3265 partem
1381 3194 1767 3251 defendendam

206 3277 490 3336 Nicaabum
515 3284 823 3349 concilium,
844 3284 997 3353 juxta
1020 3285 1371 3338 assertionem
1402 3285 1582 3354 magni
1603 3284 1769 3339 Atha-

208 3371 353 3425 nasii
399 3374 646 3441 praesulis
669 3373 1013 3431 Alexandrini
1036 3382 1090 3427 et
1123 3372 1288 3427 Marci
1310 3388 1481 3443 papae,
1522 3373 1685 3428 etiam
1714 3374 1772 3430 in
1804 3378 1809 3383 ’

211 3460 283 3513 70
305 3462 555 3531 capitulis
583 3474 852 3519 constare.
897 3462 975 3518 Ex
1005 3465 1225 3535 quibus,
1257 3466 1405 3535 quod
1432 3481 1531 3520 nos
1562 3474 1772 3521 tantum

207 3549 285 3603 20
314 3551 369 3605 in
402 3567 505 3607 usu
546 3539 828 3620 habemus,
872 3554 1001 3611 illud
1032 3564 1185 3609 tuum
1234 3555 1460 3625 reliquis
1509 3557 1650 3626 apud
1678 3573 1774 3614 vos

212 3642 429 3701 usitatis
458 3659 814 3699 annumerare
837 3646 1072 3711 conaris,
1098 3646 1192 3701 sed
1212 3645 1559 3719 frustra.Ego
1584 3664 1775 3719 nempe

209 3731 568 3787 assertionem
601 3732 700 3787 SS.
737 3733 957 3788 Patrum
992 3735 1057 3789 de
1108 3735 1174 3788 70
1218 3736 1469 3805 capitulis
1519 3753 1621 3792 nec
1650 3740 1773 3794 volo

212 3838 315 3877 nec
342 3836 567 3892 possum
600 3837 825 3893 negare;
855 3838 1132 3892 nunquam
1153 3832 1332 3879 tamen
1358 3825 1493 3879 adeo
1517 3841 1611 3880 ero
1640 3827 1774 3882 insi-

209 3912 388 3981 piens,
423 3911 532 3968 Deo
558 3912 866 3979 miserante,
912 3921 973 3967 ut
1007 3914 1155 3984 ipsos
1184 3916 1516 3973 venerabiles
1546 3932 1771 3974 cccxvui

174 3998 181 4003 ’
206 3999 402 4057 Patres
426 4017 662 4071 unquam
687 4002 886 4072 aliquid
914 4003 1014 4057 sibi
1048 4004 1129 4059 vel
1166 4006 1473 4074 aposmlica:
1515 4008 1773 4064 doctrinm

207 4089 546 4143 contrarium
593 4092 839 4159 suspicer
887 4093 1251 4148 constituisse.
1281 4094 1414 4161 lmo,
1458 4097 1639 4150 omnia
1672 4112 1769 4152 eo-

207 4194 335 4233 rum
382 4179 465 4234 vel
511 4180 875 4249 apostolorum
918 4182 1200 4237 sententiis
1256 4186 1611 4253 repugnantia
1656 4200 1767 4241 non

204 4270 401 4325 dubito
424 4270 729 4329 damnasse.
759 4269 891 4336 Quis
938 4272 1081 4326 enim
1114 4274 1232 4327 sani
1264 4274 1456 4343 capitis
1475 4274 1584 4328 duo
1606 4274 1769 4331 simul

204 4357 487 4412 obsonari
517 4358 887 4427 constitueret,
940 4376 1174 4431 quorum
1223 4379 1391 4418 unum
1422 4364 1764 4420 observatum

202 4447 355 4501 aliud
395 4447 671 4502 observari
718 4449 1059 4519 prohiberet?
1105 4450 1161 4505 Si
1215 4452 1380 4517 enim,
1419 4453 1574 4521 juxta
1610 4463 1762 4508 tuum

203 4548 390 4609 caput,
435 4539 740 4595 sacerdotes
783 4540 926 4594 licite
957 4541 1185 4610 singulis
1223 4544 1473 4597 noctibus
1494 4558 1617 4597 cum
1644 4545 1758 4600 suis

205 4631 472 4686 uxoribus
511 4630 803 4695 dormiunt,
845 4632 1118 4699 quomodo
1139 4648 1207 4688 ne
1232 4633 1287 4687 in
1324 4650 1429 4688 una
1465 4634 1757 4691 domoha-

204 4721 383 4775 bitent
412 4718 824 4773 observabitur?
846 4721 1092 4777 videlicet
1135 4726 1181 4779 si
1217 4724 1271 4780 in
1306 4739 1419 4780 uno
1448 4725 1585 4781 lecto
1608 4726 1758 4797 jace-

203 4814 362 4876 bunt,
390 4810 664 4879 quomodo
685 4826 781 4865 nec
802 4810 857 4865 in
879 4828 987 4868 una
1010 4814 1172 4872 domo
1202 4818 1527 4872 manebunt?

279 4891 384 4957 Sed
411 4917 509 4956 nec
556 4902 663 4957 hoc
684 4904 933 4975 transibo,
950 4907 1093 4974 quod
1117 4915 1223 4961 tuae
1248 4908 1384 4976 parti
1408 4906 1639 4962 maxime
1658 4923 1761 4977 pu-

203 5004 291 5049 tas
342 4992 647 5064 suffragari,
689 4995 887 5064 quippe
929 4982 1079 5070 Quod
1121 4995 1317 5066 legitur.
1353 4996 1409 5050 in
1451 4996 1674 5067 epistola
1704 4997 1760 5052 S.

202 5085 472 5155 Gregorii,
496 5084 639 5153 quod
663 5085 778 5153 ipse
801 5086 1053 5141 diacones
1078 5086 1224 5157 (977)
1260 5085 1456 5142 Sicilia:
1482 5087 1548 5141 ad
1585 5089 1761 5151 conti-

164 5176 449 5231 snentiam
476 5205 484 5225 ι
511 5188 580 5227 on
610 5175 894 5243 coegisset,
932 5176 1072 5241 illos,
1104 5177 1346 5246 inquam,
1370 5188 1602 5246 tantum,
1625 5195 1763 5249 quos

198 5264 317 5334 jam
361 5271 488 5317 ante
530 5261 819 5317 triennium
868 5276 1005 5315 nova
1039 5260 1328 5331 prohibitio
1360 5265 1763 5321 incontinentiae

203 5353 531 5423 conjngatos
582 5351 804 5405 invenit.
850 5348 1104 5420 Nunquid
1150 5358 1328 5407 tamen
1364 5351 1420 5407 S.
1472 5352 1761 5422 Gregorius

200 5443 404 5499 alicubi
433 5441 491 5494 in‘
516 5443 702 5495 cantu
728 5442 953 5510 epistola
988 5443 1253 5511 praedictis
1280 5442 1548 5498 concessit
1575 5444 1759 5498 diaco-

202 5535 371 5605 nibus
388 5541 446 5587 ut
469 5531 876 5587 ot‘n‘ciumsnum
898 5544 1223 5601 exercerent,
1253 5534 1299 5589 si
1330 5549 1407 5599 se,
1426 5534 1580 5603 juxta
1606 5543 1761 5590 tuum

297 5666 423 5736 976)
452 5664 648 5721 Bullini
672 5663 735 5718 ad
773 5663 1059 5736 Eusebium
1104 5668 1449 5736 appendicem
1491 5668 1758 5736 intelligit.

297 5667 401 5723 976
452 5666 648 5721 Bullini
672 5666 735 5718 ad
773 5666 1059 5719 Eusebium
1104 5668 1449 5736 appendicem
1491 5668 1658 5721 intelli
1699 5670 1758 5725 it.

272 5666 423 5813 597Ἱέ
455 5736 511 5813 lu
546 5735 861 5813 marg._cod.
884 5734 1021 5813 "lucc
1046 5738 1204 5813 verba
1230 5739 1434 5813 adjecta
1463 5747 1589 5813 sunt
1613 5756 1624 5789 :
1651 5685 1760 5793 lgo-

203 5820 255 5866 tn
280 5803 424 5879 quod
457 5806 511 5861 in
547 5803 954 5859 emendatiorib.
983 5803 1328 5876 exemplarib.
1362 5824 1465 5863 non
1491 5807 1760 5879 diaconos,

1866 2571 2027 2627 quem
2061 2556 2340 2611 diaemcm
2372 2557 2623 2611 ordinare
2670 2566 3041 2626 praesumeret,
3090 2554 3193 2609 nisi
3238 2554 3421 2623 quise

1866 2654 2012 2701 casto
2032 2647 2298 2701 victurum
2336 2646 2693 2714 promisisset,
2730 2662 2828 2700 nec
2854 2646 3231 2715 praedictorum
3259 2646 3443 2699 etiam

1865 2736 2219 2789 diaconorum
2259 2735 2456 2803 aliquis
2481 2736 2546 2789 ad
2572 2751 2787 2789 sacrum
2814 2736 3057 2789 ordinem
3098 2735 3419 2805 perveniret,

1866 2825 1958 2895 qui
1995 2841 2053 2879 se
2081 2834 2201 2894 post
2232 2824 2646 2894 prohibitionem
2696 2832 2826 2878 tunc
2852 2832 2976 2878 ante
3009 2822 3301 2877 triennium
3334 2821 3418 2876 fa-

1867 2924 2006 2972 ctam
2037 2916 2105 2969 ab
2136 2914 2441 2969 uxore'non
2476 2914 2850 2970 continuisset.
2912 2965 2916 2973 ,

1936 3005 2272 3076 Quapropter
2306 3005 2654 3061 manifestum
2688 3015 2770 3061 est
2794 3004 3042 3060 eumdem
3067 3003 3421 3074 apostolicum

1866 3096 2120 3151 diaeones
2171 3096 2578 3169 [subdiaconos]
2633 3105 2840 3151 tantum
2892 3096 3036 3149 illius
3092 3094 3350 3163 temporis
3372 3100 3428 3148 et

1868 3188 1973 3244 loci
1996 3188 2065 3243 ad
2098 3189 2482 3248 continentiam
2525 3205 2632 3244 non
2665 3189 3021 3257 compulissc;
3055 3202 3218 3255 quam
3249 3195 3425 3240 tamen

1795 3254 1837 3311 (δ
1869 3280 2141 3349 deinceps,
2172 3281 2240 3334 ab
2261 3281 2511 3334 omnibus
2535 3281 2629 3348 qui
2650 3254 2905 3334 diacones
2942 3254 3138 3331 vellent
3165 3276 3301 3341 ﬁeri,
3332 3290 3429 3343 per

1868 3370 2257 3440 professionem
2287 3370 2663 3439 statuitex‘igi.
2698 3368 2968 3434 Quantum
2995 3358 3174 3420 autem
3197 3365 3300 3419 hoc
3322 3373 3429 3417 tuae

1871 3464 2009 3533 parti
2041 3463 2372 3526 adversetur,
2421 3476 2635 3515 mecum
2674 3468 2765 3513 tua
2803 3458 3038 3513 cbaritas
3085 3455 3431 3511 considerare

1873 3570 1981 3610 non
2028 3562 2311 3627 gravetur..
2330 3552 2505 3606 Tuum
2558 3550 2701 3605 enim
2746 3558 2905 3619 caput
2946 3548 3219 3611 omnibus,
3265 3545 3427 3611 etiam

1873 3646 2162 3717 episcopis,
2202 3644 2467 3713 cujusque
2513 3641 2768 3710 temporis
2818 3639 3099 3709 conjugnle
3139 3652 3276 3705 opus
3324 3634 3429 3687 fre-

1873 3745 2134 3805 quentare
2166 3734 2446 3805 permittit,
2474 3726 2633 3801 quod”
2657 3730 2712 3783 S.
2747 3729 3037 3799 Gregorius
3079 3726 3163 3779 vix
3208 3726 3261 3778 in
3308 3723 3430 3791 qui-

1872 3813 2099 3880 busdam
2123 3825 2445 3879 diaconibus
2472 3822 2538 3877 ad
2573 3833 2786 3890 tempus
2829 3817 3093 3880 toleravit,
3121 3830 3219 3869 nec
3249 3821 3430 3866 tamen

1874 3916 1990 3971 sine
2021 3931 2210 3987 poena;
2243 3930 2366 3969 nam
2404 3929 2553 3982 spem
2586 3906 2942 3979 prOmotionis
2973 3905 3190 3975 penitus
3232 3902 3434 3957 ademit

1871 4006 2095 4062 eisdem.
2129 4002 2577 4058 [incontinentiam
2628 3998 2860 4066 denique
2895 3994 3147 4050 concedis
3178 3992 3429 4047 sacerdo-

1870 4096 2033 4160 tibus,
2084 4094 2194 4146 imo
2234 4076 2525 4161 episcopis,
2556 4096 2777 4158 propter
2806 4101 2970 4156 quam
3017 4083 3302 4153 prtedictus
3334 4081 3432 4133 (lo-

1867 4192 1984 4239 ctor
2009 4199 2160 4254 spem
2184 4180 2480 4253 superioris
2511 4180 2711 4252 gradus
2754 4174 3061 4231 intercludit
3088 4168 3428 4225 diaconibus.

1868 4274 2126 4331 Videlicet
2140 4274 2400 4345 episcopi,
2428 4273 2581 4341 juxta
2615 4279 2765 4323 tuum
2802 4276 2983 4333 caput,
3009 4258 3132 4317 cum
3170 4260 3430 4314 uxoribus

1866 4368 1985 4423 suis
2006 4367 2335 4422 dormientes
2366 4345 2823 4415 abrenuntiabunt
2849 4354 3103 4419 castitati,
3128 4368 3291 4423 quam
3316 4353 3431 4421 ipse

1864 4458 2050 4523 etiam,
2079 4456 2148 4510 ab
2173 4454 2424 4509 omnibus
2450 4451 2543 4521 qui
2574 4450 2829 4518 deinceps
2861 4448 3061 4502 vellent
3086 4446 3203 4501 ﬁeri
3250 4446 3433 4529 diaco-

1862 4562 1977 4614 nes,
2002 4561 2099 4616 per
2125 4544 2514 4616 professionem
2548 4542 2803 4611 praecepit
2828 4540 2997 4611 exigi!
3033 4538 3168 4594 Cum
3212 4540 3268 4592 in
3313 4546 3430 4590 tan-

1858 4646 1974 4693 tum
2004 4653 2134 4708 ergo
2152 4636 2207 4690 S.
2227 4634 2519 4705 Gregorius
2532 4644 2627 4689 tuo
2652 4633 2967 4688 adversetur
2987 4630 3239 4699 capitulo,
3264 4626 3426 4679 etiam

1860 4730 1916 4782 in
1961 4714 2073 4782 hac'
2107 4738 2275 4784 causa
2321 4725 2414 4781 ubi
2466 4741 2575 4781 non
2629 4738 2822 4795 parum
2871 4722 3102 4791 rigorem
3154 4711 3424 4771 canunum

1862 4816 2145 4889 mitigavit,
2180 4827 2235 4874 et
2268 4817 2359 4873 ubi
2403 4817 2649 4888 quaedam
2684 4822 2889 4887 tantum
2925 4824 2989 4863 eo
3021 4816 3261 4877 tempore
3288 4807 3426 4860 tole-

1861 4908 2029 4964 randa
2058 4908 2437 4971 dissimulavit,
2484 4912 2628 4974 patet
2656 4903 2819 4955 etiam
2849 4899 3029 4953 idiotis
3057 4896 3112 4950 in
3164 4905 3424 4974 quantum

1865 5005 1953 5051 tua
1990 5012 2115 5067 pars
2145 4965 2499 5065 impugnetur-
2542 4991 2654 5043 imo
2689 4989 2979 5043 damnetur
3018 5001 3046 5041 a
3079 4965 3422 5057 generalibus

1846 5088 2077 5146 statutis
2088 5086 2328 5155 ejusdem
2346 5081 2543 5148 Patris,
2557 5095 2678 5151 quae
2699 5080 2832 5149 ipse,
2854 5079 3010 5149 juxta
3032 5076 3422 5133 districtionem

1863 5191 2151 5239 canonum,
2176 5189 2286 5228 non
2322 5180 2535 5227 tantum
2588 5172 2656 5227 ad
2710 5181 2920 5239 tempus
2966 5169 3060 5224 sed
3108 5166 3252 5220 omni
3284 5172 3441 5213 tem-.

1862 5282 1996 5338 pore
2034 5265 2287 5335 deinceps
2326 5263 2661 5320 observanda
2699 5260 3083 5331 promulgavit,
3127 5255 3181 5306 in
3228 5249 3424 5319 quibus

1859 5359 2023 5415 etiam
2053 5355 2503 5414 cobabitationem
2518 5368 2642 5408 cum
2668 5351 2883 5407 feminis
2936 5349 3036 5401 sub
3066 5340 3420 5397 anathematis

1859 5447 2230 5519 impositione,
2287 5451 2348 5498 ut
2380 5442 2623 5513 praedixi,
2673 5438 3042 5499 sacerdotibus
3080 5426 3418 5500 fecit‘prohi-

1862 5540 1995 5597 beri.
2591 5558 2595 5563 τ

1865 5673 1955 5727 sed
1984 5669 2327 5724 subdiaconos
2354 5670 2618 5737 leguntur.
2652 5664 2809 5737 [Etsie
2835 5661 3131 5737 legendum.
3164 5649 3415 5737 Sicinini

1866 5715 2434 5807 ῖιὶἤιῖἶιη,ἰιι›ῖ’ὶζ’έιῖῗ³
2458 5736 2524 5789 ιε
2553 5736 2617 5789 ad
2656 5715 3283 5789 Petrumusubdiaconum
3330 5715 3417 5768 sa—

1868 5809 2021 5866 Cilite.
3385 5818 3392 5824 ’
