3944 6408
580 470 716 525 1083

1541 481 1630 536 AD
1668 480 1890 537 OPEHA
1929 484 1983 535 5.
2026 478 2344 535 (illi-L001"!
2384 479 2818 535 AI’I‘ENDICES.

3604 54 3904 255 πη,

3656 471 3788 529 εδει

642 579 748 635 Sed
789 579 963 637 adhuc
1010 582 1256 652 forsitan,
1305 597 1364 642 ut
1410 588 1802 659 aliquantulum
1842 604 1943 647 tue
1992 591 2126 661 pazai
2160 594 2199 645 Α
2229 591 2523 645 reverentia
2552 592 2728 659 ipsum
2756 601 2907 644 tuum
2933 597 3091 657 caput
3132 588 3509 651 adimnlemus.
3545 585 3665 643 Non
3692 602 3759 641 au

573 671 806 727 videaris
842 673 1145 745 mihagari,
1177 680 1339 733 etiam
1371 681 1424 733 in
1462 682 1628 749 hujus
1661 686 1917 751 temporis
1945 685 2124 736 dini-o-

574 763 754 825 nibus,
810 770 872 817 ut
916 764 972 817 in
1029 767 1318 834 pradictis,
1354 771 1796 825 incontinentiam
1847 774 2126 826 co:.tetu_‘is

570 866 693 905 esse
721 853 1088 923 tolerandam;
1129 858 1219 911 sed
1248 858 1468 913 frustra.
1513 862 1946 929 Consi-queretur
1981 863 2123 915 enim

570 952 629 994 ut
651 944 962 1013 conjugium
994 946 1048 999 in
1074 956 1267 1015 quarta
1297 953 1643 1016 generatione
1671 954 1833 1005 etiam
1864 952 2022 1005 modo
2045 961 2125 1005 to-

571 1030 861 1097 lerarelur;
906 1037 1052 1103 quod
1085 1037 1224 1090 idem
1268 1040 1458 1093 dot-tor
1506 1040 1832 1109 apostolicus
1882 1042 1995 1110 (lib.
2030 1056 2121 1106 stt,

568 1125 833 1188 responsio
887 1125 954 1176 ad
997 1141 1050 1178 γι
1080 1128 1538 1197 interrogationem
1590 1133 1893 1201 Augustini)
1940 1132 2124 1200 Anglis

566 1211 780 1264 noviter
808 1216 1085 1270 conversis
1113 1218 1180 1269 ad
1212 1227 1424 1287 tempus
1455 1238 1512 1273 se
1546 1224 1879 1275 cottct'ssis‘st'
1906 1225 2091 1289 prolite
2110 1252 2122 1261 -

570 1306 679 1352 tur.
715 1299 770 1352 Si
801 1302 946 1355 enim
988 1303 1091 1357 hoc
1128 1314 1367 1375 tempore
1413 1310 1727 1363 alterutrum
1761 1311 1953 1365 borum
1980 1320 2124 1364 esset

562 1387 861 1449 tolerabile.
892 1392 1073 1460 potius
1099 1393 1204 1448 tale
1230 1396 1541 1465 conjugium
1584 1399 1741 1450 tuoin
1769 1407 1911 1451 esset
1959 1400 2119 1452 sulfu-

562 1479 790 1534 l‘endutu
819 1480 963 1549 quod
989 1483 1179 1537 saltem
1212 1485 1501 1555 aliquando
1529 1486 1749 1541 licenter
1781 1489 1973 1557 legitur
1994 1505 2125 1542 ('ttlt-

562 1581 799 1632 cessum,
824 1586 988 1637 quam
1020 1572 1403 1628 incontinentia
1434 1576 1808 1642 diaeonorum,
1844 1594 1965 1647 quae
1993 1595 2123 1632 nus-

559 1671 724 1724 quam
747 1658 826 1711 ibi
864 1676 1145 1727 concessa,
1189 1665 1280 1719 sed
1310 1662 1399 1718 vii
1429 1667 1481 1718 in
1513 1668 1722 1735 paucis,
1775 1668 1840 1720 ad
1885 1678 2115 1737 tempus,

560 1761 669 1800 non
699 1758 876 1805 tamen
920 1754 1038 1806 sine
1074 1756 1434 1825 subsequente
1477 1758 1729 1822 vindicta,
1773 1769 1832 1813 ut
1879 1761 2114 1827 pra-dixi,

559 1836 757 1905 legitur
779 1852 899 1895 esse
941 1843 1298 1899 dissimulata.
1334 1844 1473 1916 lit-go
1510 1864 1631 1901 cum
1675 1850 1779 1902 tale
1807 1850 2114 1917 cot.ju;:ium

2227 685 2329 729 teni
2362 678 2572 732 mireris
2600 677 2769 746 ipsius
2798 675 3091 730 Historiam
3139 676 3193 728 in
3235 677 3509 745 aliquibus
3550 689 3674 731 esse
3707 691 3793 729 re-

2223 765 2540 832 spuendam,
2571 780 2695 817 cum
2718 762 2951 817 Historia
2976 762 3214 825 Eusebii,
3246 778 3409 830 quam
3438 761 3496 818 S.
3528 761 3793 834 Hierony-

2225 871 2344 906 mus
2378 856 2505 915 (imo
2545 852 2809 923 llullinus)
2845 852 2911 906 de
2944 850 3131 906 Graeco
3179 852 3234 904 in
3268 849 3520 905 Latinum
3560 867 3793 907 conver-

2223 946 2305 1007 tit,
2336 945 2422 996 vix
2460 946 2515 997 in
2554 943 2824 1012 pnedictis
2863 942 3096 997 decretis
3133 941 3330 997 Gelasii
3368 957 3518 1011 papa:
3547 928 3793 996 obtineat

2223 1048 2289 1085 ne
2318 1033 2542 1085 omnino
2582 1043 2861 1095 renuatur,
2908 1032 3032 1086 licet
3073 1031 3305 1085 multum
3348 1031 3600 1085 utilitatis
3631 1031 3688 1083 in
3729 1046 3791 1084 ea

2222 1123 2535 1189 reperiatur.
2577 1120 2759 1176 Sancti
2793 1121 3040 1177 videlicet
3070 1122 3172 1175 viri
3211 1121 3377 1175 multa
3431 1121 3498 1175 ad
3546 1129 3791 1174 nostram

2220 1212 2575 1265 ei‘ttdilioncttt
2629 1211 2781 1265 utilia
2832 1226 2940 1265 non
2999 1212 3175 1265 solum
3230 1211 3647 1275 transtulerunt,
3694 1210 3791 1263 sed

2219 1302 2379 1355 etiam
2415 1318 2480 1354 ex
2531 1305 2720 1356 eoru‘tn
2771 1301 2987 1371 propria
3036 1316 3265 1370 persona
3318 1303 3786 1371 conscripserunt,

2221 1407 2452 1459 quorum
2476 1392 2653 1460 aliqua
2689 1401 2741 1445 et
2768 1393 2873 1495 ipsi
2902 1393 3244 1462 postmodum
3283 1392 3671 1461 judicaverunt
3701 1407 3786 1446 re-

2221 1481 2479 1547 spuenda.
2507 1480 2676 1549 Hujus
2703 1482 2777 1534 rei
2794 1477 2935 1535 'satis
2956 1481 3175 1535 evidens
3199 1481 3570 1535 testimonium
3596 1479 3656 1534 S.
3682 1477 3788 1535 Au-

2220 1571 2465 1639 gustinus
2507 1572 2657 1625 alfert
2686 1571 2840 1625 nobis
2880 1562 2933 1624 in
2974 1569 3113 1624 libro
3160 1569 3650 1634 Retractationum,
3692 1571 3783 1625 ubi

2218 1673 2352 1728 pene
2395 1677 2460 1713 ex
2490 1660 2713 1729 singulis
2759 1661 2912 1715 libris
2952 1675 3091 1729 quos
3137 1661 3251 1728 ipse
3293 1659 3621 1729 composuit,
3676 1674 3784 1714 non

2219 1765 2386 1817 pauca
2423 1752 2645 1818 ipsemet
2675 1752 2944 1805 renueuda
2968 1750 3199 1804 censuit.
3226 1748 3340 1803 Hoc
3380 1750 3528 1804 enim
3573 1750 3784 1804 donum

2217 1841 2432 1907 preprie
2456 1842 2788 1909 sapientibus
2826 1841 2959 1895 adeo
2999 1849 3084 1894 cst
3123 1840 3458 1905 attributum,
3492 1849 3553 1893 ut
3596 1854 3697 1895 nec
3730 1840 3784 1893 in

558 1928 721 1981 modo
767 1930 1074 1988 nullatenus
1121 1934 1175 1986 in
1217 1914 1427 2004 aliquo,
1464 1938 1809 2005 quantumvis
1837 1914 1919 1990 ad
1945 1914 2117 1991 conti-
2150 1914 2191 1965 Β
2218 1929 2351 1992 θυῖε.
2395 1929 2589 1983 nedum
2627 1930 2682 1982 in
2728 1930 2955 1984 aliorum
3002 1929 3153 1983 libris
3196 1927 3480 1982 defelldere
3518 1928 3690 1981 Velim
3737 1929 3785 1982 Si

556 2020 796 2073 nentiam
825 2020 1040 2076 inﬁrmo
1088 2025 1159 2077 sit
1186 2026 1546 2089 tolerandum,
1592 2028 1762 2081 multo
1803 2028 1982 2081 minus
2013 2028 2116 2083 hoc

555 2113 796 2175 tempore
817 2110 1170 2167 diaconotum
1196 2114 1584 2170 incontinentis
1609 2117 1805 2171 alicubi
1833 2128 1916 2171 est
1950 2118 2112 2173 suile-

556 2198 742 2251 renda.

627 2327 702 2380 Et
743 2326 828 2384 liis
859 2346 987 2401 ergo
1021 2333 1319 2389 rationibus
1361 2344 1418 2388 tu
1466 2336 1579 2405 ipse
1605 2336 1827 2405 colligas
1873 2338 2003 2407 quid
2046 2338 2112 2393 de

554 2420 872 2474 sacerdotali
915 2420 1127 2494 fastigii)
1176 2442 1396 2481 censere
1444 2427 1659 2481 debeas.
1709 2430 1810 2483 Sed
1860 2445 1967 2483 non
1996 2431 2109 2500 jam

553 2508 758 2562 diutius
799 2512 852 2564 in
896 2514 1244 2582 exquirendis
1284 2517 1587 2571 rationibus
1614 2518 1955 2583 demorabor,
1986 2535 2110 2573 cum

552 2598 803 2665 qua-libet
831 2617 936 2654 una
962 2604 1342 2671 praedictarum
1379 2606 1511 2659 satis
1554 2588 1917 2661 indubitanter
1957 2618 2108 2662 tuum

550 2688 792 2742 destruat
818 2693 1141 2760 capitulum;
1166 2695 1307 2764 quod
1334 2710 1441 2749 non
1471 2711 1536 2750 ex
1559 2696 1740 2765 aliquo
1767 2698 1904 2751 libro
1932 2714 1961 2751 a
1992 2714 2112 2754 san-

551 2778 650 2830 riis
681 2778 926 2834 l‘atribus
955 2785 1294 2851 canonizato,
1334 2786 1426 2840 sed
1466 2802 1529 2839 ex
1573 2785 1861 2856 Tripartita
1893 2805 2109 2843 assum--

547 2875 698 2934 ptutn
737 2880 819 2923 est
850 2868 1083 2925 Historia
1109 2893 1122 2938 ;
1154 2888 1273 2943 qua:
1314 2877 1562 2944 quamvis
1588 2878 1745 2931 nobis
1774 2895 1880 2932 non
1918 2894 2107 2947 parum

548 2956 615 3007 ad
651 2958 897 3013 notitiam
940 2958 1122 3016 rerum
1168 2974 1441 3033 gestarum
1496 2968 1565 3021 sit
1616 2966 1780 3029 utilis.
1830 2985 2107 3037 nunquam

545 3054 727 3099 tamen
757 3046 945 3103 elliciet
972 3060 1028 3105 ut
1048 3053 1249 3122 aliquid
1276 3056 1323 3109 ci
1350 3056 1563 3110 credam
1608 3058 1748 3127 quo]
1771 3076 1851 3111 sai
1870 3076 1935 3111 ιω
1964 3059 2109 3112 Ser;-

547 3142 719 3202 pturze
746 3141 1068 3211 statutisque
1113 3154 1422 3200 sanctorum
1463 3146 1701 3211 l'atrum,
1736 3148 1843 3200 ituo
1884 3146 2104 3217 Spiritui

546 3237 754 3293 sancto,
799 3231 995 3284 borum
1052 3237 1279 3300 auctori,
1350 3237 1742 3306 deprehendam
1807 3226 2172 3293 a-j'.'ersari.'C

546 3315 745 3373 Beatus
771 3318 962 3391 nempe
1011 3321 1256 3401 C-dasius
1309 3342 1444 3397 papa
1494 3328 1660 3397 (978),
1708 3331 2103 3398 ~L'2‘l[.L’lral'U!ll

546 3407 825 3477 indagator
868 3412 1275 3479 sum-tissimus,
1307 3417 1358 3469 in
1389 3418 1620 3471 decretis
1662 3419 1796 3483 suis,
1842 3420 1932 3471 ubi
1979 3436 2105 3473 cum

544 3497 924 3555 eruiitissitnis
974 3518 1078 3557 ιιι
1131 3505 1400 3575 episcopis
1436 3506 1772 3562 diversorum
1821 3519 2102 3564 auctorum

545 3591 655 3638 tam
683 3580 991 3643 Grmcorum
1017 3606 1180 3660 quam
1217 3593 1531 3648 Latinorum
1568 3596 1732 3650 libros
1755 3600 2100 3662 examinavit,

542 3685 597 3728 et
626 3674 907 3747 diligenter
945 3680 1036 3748 qui
1088 3696 1277 3736 eorum
1329 3694 1509 3738 essent
1554 3686 1845 3754 recipiendi
1889 3690 1967 3741 vel
2015 3705 2101 3742 re-

543 3768 744 3820 nuendi
788 3768 1137 3837 deliberavit,
1202 3791 1471 3843 nusquam
1522 3778 1763 3839 eamdem
1802 3775 2098 3834 Historiam

537 3855 857 3923 jamdudum
885 3874 916 3913 a
940 3861 1113 3916 tribus
1141 3861 1343 3917 Gneeis
1374 3868 1751 3933 compositam,
1777 3871 2102 3939 recipiendis

543 3945 919 4003 adnumeravit
944 3949 1258 4020 Scripturis,
1288 3954 1379 4007 sed
1406 3955 1580 4022 ipsam
1620 3956 1674 4008 in
1705 3958 1805 4011 ltoc
1824 3970 1927 4011 tuo
1954 3958 2102 4026 capi—

541 4036 657 4094 tulo
696 4041 1049 4110 rcspuendam
1077 4060 1194 4097 esse.
1226 4046 1564 4106 monstravit.
1598 4047 1795 4116 quippe
1820 4048 2099 4104 venerabi-

540 4127 662 4184 liter
685 4132 1027 4202 suscipiendo
1057 4141 1372 4206 sanctorum
1413 4133 1634 4191 Patrum
1674 4138 1885 4194 decreta
1928 4138 2099 4194 eidem

541 4221 725 4291 capiti,
754 4233 813 4277 ut
833 4224 1091 4291 diximus,
1120 4226 1334 4294 penitus
1353 4228 1643 4281 contraria.

615 4352 886 4410 Fortassis
909 4365 1086 4410 autem
1116 4359 1391 4413 contendis
1422 4360 1685 4428 przedicta:
1709 4358 1958 4416 Historiae
1983 4362 2101 4418 ideo

541 4458 638 4515 per
683 4444 864 4497 omnia
912 4445 1236 4499 credendum
1267 4461 1404 4506 esse.
1443 4450 1587 4515 quo}
1626 4449 1985 4505 Cassiodorus
2034 4467 2098 4505 ex

2216 2018 2346 2086 quid
2373 2019 2426 2071 iu
2455 2019 2533 2072 eis
2556 2020 2835 2073 catholica:
2859 2018 3071 2072 veritati
3091 2018 3423 2073 contrarium
3456 2017 3782 2071 invenerint.

2213 2104 2358 2163 lieni
2381 2109 2542 2161 etiam
2572 2110 2923 2176 Augustinus,
2953 2107 3198 2163 seritens
3224 2107 3291 2160 ad
3318 2105 3375 2160 S.
3393 2104 3786 2177 Hieronymum

2216 2196 2388 2263 (epist.
2415 2198 2491 2260 9),
2526 2214 2582 2250 se
2607 2199 2777 2266 ipsius
2810 2207 2863 2252 et
2905 2197 3271 2267 quorumlibet
3299 2206 3614 2251 sanctorum
3648 2196 3789 2251 seri-

2213 2294 2302 2353 pta
2325 2286 2397 2338 ita
2418 2287 2602 2355 legere
2633 2296 2881 2351 testatur,
2917 2297 2976 2340 ut
3002 2295 3181 2342 tamen
3220 2286 3532 2339 nullatenus
3555 2285 3787 2353 recipiat

2213 2377 2258 2429 si
2287 2376 2414 2445 quid
2446 2376 2519 2429 ibi
2548 2386 2744 2444 apertae
2776 2376 2985 2431 veritati
3014 2376 3347 2429 contrarium
3380 2373 3639 2443 reperiat.
3671 2370 3787 2427 Hac

2212 2465 2375 2535 igitur
2399 2467 2827 2521 consideratione
2854 2465 3088 2521 Historia
3116 2464 3426 2520 Cassiodori
3448 2472 3533 2518 cst
3553 2462 3783 2533 legenda

2213 2557 2380 2625 (979).
2401 2572 2561 2624 quam
2590 2566 2917 2610 nontantum
2935 2572 2999 2609 ex
3017 2571 3114 2621 sua
3141 2551 3526 2624 persona[non.
3558 2550 3662 2605 Ed.
3678 2548 3781 2621 .P.]

2211 2648 2532 2715 composuit.
2561 2646 2653 2701 sed
2677 2646 2788 2715 jam
2812 2647 3013 2701 dudum
3037 2662 3067 2700 a
3083 2646 3259 2699 tribus
3281 2644 3485 2698 Graecis
3511 2657 3623 2697 non
3645 2642 3784 2697 adeo

2211 2738 2355 2790 notis
2392 2737 2744 2805 compositam
2769 2729 3055 2800 Ordinavit,
3070 2743 3123 2789 et
3148 2733 3368 2796 cuilibet
3395 2733 3594 2787 horum
3607 2732 3780 2786 trium

2210 2827 2485 2895 proprium
2508 2841 2645 2896 opus
2675 2827 2988 2897 assignavit.
3017 2824 3169 2881 Unde
3200 2839 3308 2880 non
3336 2834 3446 2879 tam
3478 2822 3583 2878 sibi
3606 2838 3780 2893 quam

2210 2916 2519 2969 auctoribus
2544 2916 2784 2983 ejusdem
2815 2915 3061 2971 Historiae
3094 2925 3179 2969 est
3216 2914 3593 2984 imputandum
3629 2914 3782 2984 quo!

2209 3005 2262 3058 in
2319 3019 2382 3058 ea
2434 3005 2704 3059 invenitur
2768 3004 3194 3074 reprobandum;
3260 3014 3353 3058 aut
3410 3002 3597 3059 forsan
3656 3002 3783 3072 Epi—

2209 3094 2439 3162 phanius
2468 3095 2651 3148 nescio
2692 3099 2816 3164 quis
2855 3094 3232 3160 scholasticus,
3271 3108 3394 3149 cum
3416 3093 3670 3147 eamdem
3713 3093 3787 3148 de

2210 3182 2396 3237 Grzeeo
2425 3183 2480 3236 in
2505 3182 2752 3238 Latinum
2789 3193 3038 3250 verteret,
3066 3200 3173 3238 non
3197 3181 3422 3237 ﬁdeliter
3450 3180 3664 3235 Latinis
3692 3181 3782 3234 lit-

2208 3272 2336 3324 teris
2375 3272 2771 3326 commendavit
2799 3273 2943 3342 quod
2972 3280 3152 3326 tamen
3181 3288 3243 3342 pr
3258 3272 3529 3325 )ltabiliter
3557 3269 3611 3323 in
3638 3267 3790 3323 Cm

2118 3394 2131 3405 ο
2204 3377 2269 3415 co
2292 3362 2551 3429 scriptum
2573 3363 2955 3433 invenit(980).
2982 3360 3175 3417 Utrum
3200 3371 3380 3417 autem
3401 3379 3466 3417 es
3493 3363 3594 3417 hac
3617 3379 3691 3417 an
3713 3378 3790 3417 ex

2205 3451 2307 3511 alia
2335 3452 2570 3522 qualibet
2594 3467 2757 3508 causa
2785 3452 2972 3507 eadem
2997 3450 3233 3507 Historia
3256 3454 3535 3507 canonica:
3552 3454 3789 3508 veritati

2205 3555 2311 3595 non
2337 3559 2525 3611 parum
2570 3542 2878 3598 inveniatur
2912 3541 3200 3613 refragari.
3240 3553 3336 3597 tuo
3380 3543 3580 3599 iudicio
3608 3545 3793 3600 relin-

2203 3632 2474 3702 quendum
2496 3633 2725 3686 restituo.

2271 3720 2407 3775 Cum
2454 3722 2619 3791 igitur
2646 3722 2961 3792 przedictum
3003 3730 3160 3777 tuum
3192 3732 3375 3792 caput,
3404 3723 3649 3778 omnium
3678 3737 3791 3778 au-

2203 3813 2451 3868 ctoritate
2480 3814 2819 3880 destitutum,
2853 3814 3085 3869 decretis
3111 3822 3422 3868 sanctorum
3464 3812 3693 3869 Patrum
3716 3823 3782 3869 et

2200 3903 2521 3972 evangilicis
2548 3913 2709 3972 atque
2739 3904 3053 3972 apostolicis
3082 3902 3400 3971 Scripturis,
3446 3904 3555 3960 imo
3597 3901 3786 3973 Spiri-

2202 3994 2276 4045 tui
2305 4003 2512 4057 sancto,
2543 3994 2701 4061 cujus
2727 3994 2989 4048 instinctu
3030 3993 3147 4047 haec
3174 3994 3357 4046 omnia
3388 3993 3577 4062 procul
3606 3993 3787 4050 dubio

2203 4094 2327 4136 sunt
2347 4083 2679 4152 deprompta,
2706 4084 3007 4139 certissime
3036 4084 3321 4154 probatum
3348 4084 3418 4139 sit
3436 4101 3779 4155 repugnare;

2201 4174 2330 4242 quid
2364 4175 2507 4228 aliud
2560 4184 2747 4241 restat,
2799 4175 2904 4230 nisi
2944 4183 3005 4228 ut
3053 4173 3389 4244 Gregoriano
3428 4175 3782 4230 anathemate

2201 4265 2427 4318 feriatur
2472 4265 2786 4334 quicunque
2812 4264 2942 4319 illud
2978 4263 3236 4333 deinceps
3270 4272 3460 4318 contra
3480 4265 3783 4320 canonicas

2204 4354 2510 4409 sanctiones
2535 4353 2823 4408 defendere
2854 4353 3113 4408 conatur?
3151 4352 3342 4407 Cesset
3370 4354 3552 4423 itaque
3576 4352 3779 4409 frater-

2202 4446 2344 4507 nitas
2366 4454 2455 4498 tua
2479 4444 2610 4497 illud
2651 4444 2878 4513 posthac
2901 4442 3289 4498 sacratissimis
3314 4440 3518 4496 Niczeni
3551 4443 3779 4498 concilii

540 4542 790 4589 senatore
813 4535 1132 4597 monachus,
1163 4536 1245 4589 vir
1273 4536 1325 4591 in
1348 4536 1541 4591 divinis
1561 4549 1613 4592 et
1634 4541 1885 4593 humanis
1905 4540 2098 4595 litteris
2131 4543 2173 4597 Ι)
2199 4535 2448 4606 capitulis
2496 4549 2873 4601 annumerare,
2916 4533 3001 4590 vel
3027 4533 3193 4590 etiam
3237 4531 3470 4601 alicujus
3506 4535 3777 4588 momenti

538 4622 960 4687 eruditissimus,
1009 4624 1278 4678 ordinavit
1320 4630 1583 4681 eamdem.
1644 4627 1748 4683 Sed
1800 4629 1959 4698 hujus
1998 4630 2098 4681 viri

539 4728 791 4782 persona,
822 4716 1170 4783 quantumvis
1200 4717 1522 4781 veneranda,
1551 4735 1657 4771 non
1686 4722 1881 4788 poterit
1901 4720 2096 4774 annul-

540 4806 652 4862 lare
698 4806 988 4859 canonicas
1028 4804 1084 4860 S.
1134 4805 1355 4862 Patrum
1401 4808 1784 4870 institutiones.
1835 4825 1992 4878 quas,
2041 4821 2101 4865 ut

540 4896 781 4964 puedixi,
815 4894 1119 4971 nullatenus
1153 4894 1438 4952 observare
1480 4898 1741 4962 valemus,
1772 4898 1817 4952 si
1860 4914 1957 4971 pro
1981 4900 2099 4967 ejus

2202 4627 2496 4690 aestimare;
2570 4641 2656 4689 ne,
2690 4626 2736 4679 si
2776 4624 2905 4680 illud
2945 4638 3047 4695 pro
3105 4622 3418 4679 authentico
3472 4622 3773 4693 reCeperis.

2204 4714 2431 4786 Spiritui
2499 4726 2730 4781 saneto,
2788 4725 2850 4770 ut
2911 4715 3228 4785 praedictum
3272 4723 3355 4769 cst
3384 4754 3401 4780 ,
3468 4728 3775 4786 repugnare

2200 4806 2491 4877 judiceris.
2547 4805 2692 4875 quod
2747 4813 3025 4876 peccatum
3086 4819 3187 4861 nec
3249 4803 3339 4860 hic
3383 4818 3484 4860 nec
3544 4805 3600 4859 in
3676 4803 3771 4860 fu-

2206 4886 2328 4953 turo
2353 4897 2552 4953 sasculo
2591 4911 2709 4953 esse
2734 4896 3110 4953 dimittendum
3148 4904 3362 4952 constat
3393 4894 3607 4967 (Mutat.
3643 4897 3766 4961 xu).

536 5003 3722 5029 MM

892 5054 1529 5119 CONTUMELIOSA
1569 5058 1978 5120 RESCRIPT
1976 5060 2063 5121 10
2102 5060 2262 5121 PR!)
2298 5060 2749 5125 SUPERIORJ
2784 5061 3041 5122 CAPIT
3038 5057 3195 5121 ULO
3240 5058 3427 5141 (ὧι).

608 5221 887 5277 Βεκειιιοο
923 5232 1109 5279 contra
1149 5222 1349 5277 librum
1378 5223 1709 5291 superiorem
1742 5222 1941 5279 molam
1972 5225 2096 5280 abs«

538 5324 643 5379 que
674 5310 924 5367 inferiore
947 5312 1210 5367 feneranti
1233 5311 1298 5385 [ί.
1325 5310 1586 5384 versanti]
1614 5313 1897 5370 ALBOINUS.

608 5422 757 5491 (978)
795 5423 1019 5479 Decreto
1048 5425 1114 5477 de
1156 5424 1478 5492 apocryphis
1517 5422 1869 5493 scripturis;
1898 5427 2098 5493 episto-

539 5494 713 5546 larum
733 5494 1009 5560 decretal.,
1042 5493 1198 5547 Hom.
1227 5491 1353 5546 edit.
1386 5503 1517 5547 tom.
1550 5491 1597 5557 Ι,
1628 5491 1747 5563 pag.
1776 5492 1878 5545 ιιϋ
1900 5491 1952 5547 et
1981 5510 2092 5562 seq.

542 5573 594 5616 et
622 5563 763 5631 apud
791 5563 942 5617 Grat.

542 5710 552 5715 _
609 5633 755 5703 (979)
795 5631 945 5715 Vide
970 5630 1338 5701 przefationem
1380 5629 1689 5685 Cassiodori
1731 5632 1784 5685 in
1833 5630 2094 5702 Triparti-

538 5710 756 5825 “Igilii”
825 5769 1074 5822 Fideliter
1116 5731 1291 5822 [vertit
1351 5769 1699 5838 Epiphanius.
1754 5769 1967 5823 Fabula?
2029 5771 2092 5824 de

536 5837 840 5907 Paphnutio
893 5850 1136 5895 audires
1188 5850 1308 5894 sunt
1362 5837 1711 5899 Sortitucnus.
1754 5840 1842 5892 lib.
1882 5856 1927 5905 t,
1973 5856 2090 5909 cap.

2267 5224 2382 5280 Non
2412 5222 2810 5279 ambidextrum
2836 5222 2954 5278 Aod
2981 5221 3134 5293 (led.
3165 5222 3266 5293 tu)
3305 5230 3423 5281 tam
3464 5220 3766 5291 improviso

2196 5317 2353 5387 quasi
2390 5316 2532 5369 inter
2566 5314 2861 5370 oscitantes
2914 5327 3074 5382 posse
3118 5310 3353 5383 opprimi
3405 5308 3598 5383 (981'),
3622 5311 3768 5370 inter

2198 5425 2298 5488 9.2;
2346 5434 2399 5478 et
2428 5422 2702 5492 Socrates,
2731 5422 2823 5476 lib.
2850 5436 3091 5492 At,_cap.
3135 5419 3192 5492 β.
3232 5418 3345 5475 duo
3369 5434 3437 5477 ex
3476 5420 3652 5492 tribus
3694 5438 3765 5477 ex

2199 5504 2431 5562 quorum
2460 5493 2630 5562 dictis
2660 5490 2895 5547 Historia
2926 5488 3217 5562 Tripartita
3246 5491 3625 5562 consarcinata
3654 5501 3765 5545 est.

2271 5563 2417 5629 (98!)
2458 5560 2529 5615 De
2557 5561 2804 5623 Alboino,
2856 5558 3037 5629 qualis
3066 5558 3261 5629 fuerit,
3304 5559 3545 5629 diximus
3571 5573 3769 5628 supra,

2204 5624 2486 5700 inprzet‘at.
2514 5631 2581 5685 ad
2634 5631 2745 5685 haec
2792 5624 3069 5698 opuscula.
3119 5624 3342 5685 Calebat

3736 5715 3772 5753 ιι

3560 5711 3772 5753 suumn

2274 5771 2389 5833 (98!
2437 5771 2476 5836 ‘)
2516 5767 2807 5820 Exordium
2864 5767 3179 5822 memlosum
3232 5775 3284 5821 et
3321 5765 3776 5836 intricatum,“-

2204 5838 2325 5893 tuile
2357 5838 2449 5893 toti
2480 5835 2734 5907 epistolae.
