3944 6398
171 419 316 475 Ιυ85

1048 430 1326 487 APl‘EiiD.
1368 433 1453 490 ΙΙῖ.
1491 467 1559 476 —-
1596 436 2037 517 MONUMESTA
2060 442 2516 500 CREGORIANA.
2605 510 2618 517 κ

3256 447 3390 504 1086

168 529 409 585 dumosa
449 531 527 585 tui
582 547 748 590 cornu
807 537 1034 603 petentis
1085 540 1274 597 tironis
1323 544 1552 602 divortia
1600 552 1733 604 mihi

1832 558 2149 615 mstizantes
2197 560 2409 613 cautius
2450 566 2668 627 agente;
2718 557 2807 610 illo
2846 567 3024 612 autem
3069 560 3206 614 inter
3232 575 3400 637 eam».

166 619 332 685 quasi
365 621 596 678 tremulo
620 624 751 691 pede
777 626 862 679 vix
893 627 1020 694 itur,
1063 630 1172 686 imo
1209 634 1368 688 etiam
1399 639 1731 698 millefoﬂnis

163 699 354 759 Protei
385 709 593 776 species
623 713 840 780 praepeti
871 730 1031 769 manu
1087 721 1364 787 rapientis,
1413 719 1732 794 impediente

162 794 451 849 variarum
475 813 656 852 rerum
682 800 956 869 instantia,
1002 805 1132 860 heu!
1168 825 1340 880 neque
1368 813 1515 868 !ocus
1560 833 1731 887 neque

162 885 390 950 tempus
418 883 577 939 datur
605 887 700 940 tibi
725 889 806 941 vel
835 891 899 942 ad
922 907 1090 960 pauca
1113 911 1210 962 pro
1233 897 1382 952 libitu
1407 883 1731 969 responden-

157 970 236 1022 di.
282 970 425 1027 llinc
454 985 607 1044 urget
629 979 773 1031 enim
810 995 936 1034 vero
978 985 1220 1050 quzedam
1253 1000 1561 1045 nostrorum
1601 1010 1730 1048 con-

158 1053 403 1113 fratrum
448 1060 746 1134 antiquitus
780 1067 1023 1124 instituta
1069 1076 1258 1128 orandi
1291 1080 1553 1147 conditio;
1587 1083 1731 1140 illinc

158 1147 334 1205 instat
371 1155 543 1207 nostri
569 1158 804 1213 ‘senioris
832 1161 886 1214 in
929 1166 1318 1233 expeditionem
1361 1174 1522 1227 eundi
1569 1190 1730 1230 orna-

155 1237 270 1326 tio;
295 1241 390 1294 cui
412 1241 616 1316 [cujus]
647 1249 925 1316 comitatu,
954 1268 1018 1308 ac
1058 1255 1103 1308 si
1130 1255 1327 1326 iniquae
1370 1265 1565 1318 mentis
1592 1267 1729 1319 asel-

155 1324 268 1391 lus,
299 1326 432 1383 licet
456 1331 597 1386 mille
619 1335 851 1392 stimulis
879 1340 1133 1410 agitatus,
1167 1324 1252 1399 vix
1288 1362 1352 1402 ac
1379 1350 1465 1402 vix
1492 1354 1724 1420 enatavi;

154 1418 307 1511 quod
333 1417 519 1511 tibi'in
553 1441 737 1480 aurem
787 1445 1012 1485 susurro
1059 1450 1165 1488 non
1199 1452 1392 1506 magno
1439 1442 1543 1495 mei
1587 1417 1730 1511 peri;-

155 1505 310 1599 cul-o.
346 1506 494 1599 Inter
531 1510 645 1565 haec
687 1517 887 1599 omnia,
929 1520 1092 1574 veluti
1124 1538 1190 1575 ne
1219 1505 1555 1595 dedignando
1587 1505 1726 1599 pra:-

156 1594 326 1648 terire
364 1597 550 1651 videar
579 1601 654 1654 tui
695 1597 837 1674 [tua]
867 1607 1029 1672 dicta,
1069 1623 1285 1678 operam
1329 1594 1456 1670 dare
1481 1594 1604 1671 volo
1643 1635 1727 1674 re-

156 1685 436 1751 spondere
459 1688 552 1741 tibi
582 1691 664 1744 vel
693 1694 757 1746 ad
799 1695 997 1764 aliqua.

228 1767 338 1836 Me,
365 1773 445 1826 uti
474 1777 581 1830 tuis
606 1777 798 1835 litteris
839 1793 1079 1839 notatum
1109 1803 1230 1842 esse
1259 1793 1515 1860 percipio,
1564 1811 1726 1851 cano-

154 1860 298 1938 nicis
333 1862 790 1924 .institutionibus
852 1873 1144 1930 decretisve
1213 1879 1267 1932 in
1320 1881 1499 1950 aliquo
1564 1888 1729 1940 recla-
1763 1871 1803 1923 Β

155 1966 343 2041 tnassc
371 1956 679 2041 nullatenus
707 1965 1003 2018 consentio.
1039 1966 1141 2020 Sed
1172 1967 1275 2024 hoc
1299 1986 1574 2041 nunquam
1597 1992 1726 2030 eou-

154 2035 367 2093 fessum
397 2039 564 2097 fuisse
604 2047 886 2112 erubesco,
915 2060 969 2104 et
1015 2053 1191 2108 adhuc
1221 2035 1464 2112 confiteri
1503 2076 1609 2115 non
1644 2080 1725 2117 re-

157 2138 317 2191 cuso,
365 2131 622 2200 omnique
650 2137 1029 2206 astipulatione
1064 2143 1327 2198 firmando
1362 2146 1631 2204 firmatum
1658 2154 1724 2206 iri

156 2216 440 2284 desidero,
498 2223 735 2279 nondum
785 2228 897 2298 lege
951 2231 1300 2300 preltibitum,
1366 2240 1538 2306 primo
1582 2244 1726 2296 aditu

158 2309 485 2364 austeritate
520 2311 650 2382 legis
677 2330 796 2370 esse
821 2319 1212 2385 prohibendum
1255 2326 1723 2396 vindicandumve,

158 2401 252 2454 sed
282 2403 574 2470 parvulum
622 2409 794 2478 magis
821 2410 961 2465 laete
996 2427 1160 2481 quam
1207 2415 1382 2470 solido
1423 2419 1544 2472 cibo
1599 2437 1728 2473 enu-

157 2490 457 2547 triendum.
507 2494 586 2548 Ad
623 2495 727 2551 hoc
771 2500 954 2567 procul
1002 2501 1166 2559 dubio
1229 2506 1396 2558 tendit
1441 2507 1730 2580 Gregorius

161 2581 478 2653 theolo‘gus;
508 2585 610 2639 hoc
644 2587 803 2640 etiam
856 2591 1043 2657 probat
1082 2593 1216 2661 ipse,
1247 2597 1592 2663 etsiluschs,
1638 2599 1726 2655 Dii

157 2671 352 2726 videns
384 2673 740 2742 Paphnutius,
763 2681 854 2747 qui
871 2682 1048 2746 amltvn,
1071 2685 1203 2739 velis
1228 2686 1386 2749 nolis,
1411 2689 1730 2743 condescen-

159 2759 296 2814 dunt
325 2765 530 2818 nostris
559 2767 976 2825 infirmitatibus.
1010 2771 1142 2826 Nam
1175 2775 1278 2827 isto
1306 2776 1370 2828 de
1399 2786 1522 2829 ante
1545 2794 1730 2833 conse—

159 2851 464 2907 crationem
495 2860 766 2926 usurpatis
803 2862 1039 2914 nomium
1085 2863 1139 2916 in
1172 2873 1401 2930 tantum,
1430 2875 1488 2919 ut
1516 2869 1724 2935 opinor,

163 2947 258 2994 tuo
316 2945 476 2998 tertio
516 2948 708 3016 capite,
746 2951 875 3018 (quo
917 2961 972 3004 tu
1014 2954 1227 3022 quidem
1274 2956 1494 3011 urbana:
1537 2957 1728 3013 frontis

161 3030 556 3105 obstinatzeque
596 3041 787 3094 mentis
821 3058 980 3110 supra
1017 3045 1232 3098 modum
1269 3046 1458 3115 haeres,
1503 3052 1728 3103 canoni-

164 3124 308 3192 1310)
337 3125 448 3179 sive
485 3139 699 3197 propter
740 3133 1000 3200 quosdam
1045 3135 1286 3190 infirmos
1313 3148 1435 3191 ante
1462 3141 1725 3208 synodum

157 3211 441 3282 jugalibus
466 3218 712 3286 alligatos
749 3226 890 3288 (qua:
935 3239 1020 3277 res
1046 3239 1140 3292 per
1167 3235 1294 3280 tunc
1335 3229 1589 3294 temporis
1617 3246 1722 3284 non

166 3303 299 3355 tanti
342 3306 562 3360 sceleris
612 3309 692 3360 uti
737 3325 880 3364 nunc
925 3327 1044 3366 esse
1085 3315 1416 3380 perhibetur)
1455 3317 1566 3370 sive
1598 3334 1721 3385 pro—

164 3398 283 3457 pter
324 3395 588 3461 quosdam
625 3397 900 3452 haereticos
935 3399 1202 3470 legitimas
1241 3405 1455 3471 nuptias
1492 3391 1717 3460 anathe-

172 3550 1439 3588 “Mm

1834 647 1952 700 nice
1975 648 2190 710 tradita,
2224 649 2315 702 sed
2345 662 2452 701 non
2484 647 2742 701 canonice
2780 648 3050 715 prohibita
3086 649 3393 703 misericor-

1831 734 1954 788 dius
1976 735 2272 802 mediante;
2302 746 2591 804 utrumque
2620 737 2776 804 quasi
2799 738 3069 804 geminum
3096 753 3215 806 par,
3245 739 3394 794 intus

1833 841 1892 877 ac
1916 824 2066 888 foris,
2099 837 2222 880 ante
2252 837 2304 880 et
2340 835 2482 880 retro
2517 828 2782 888 oculatus,
2819 827 2961 878 nulla
2989 836 3136 880 caret
3161 828 3387 882 ratione.

1833 915 1980 968 Anne
2008 916 2172 968 etiam
2196 925 2269 979 te,
2293 918 2363 969 tni
2404 916 2589 984 frater,
2617 911 2723 968 non
2763 916 2924 983 pudet
2969 925 3116 968 tuam
3167 927 3390 970 contro-

1832 1005 2059 1058 versiam
2087 1005 2138 1058 in
2166 1007 2265 1060 hoc
2293 1006 2598 1060 defendisse
2625 1022 2655 1058 a
2679 1015 2864 1059 sancto
2893 1006 3147 1074 Gregorio
3179 1006 3388 1062 Sit-iii:-

1832 1109 1930 1148 nos
1949 1094 2201 1150 diacanos
2224 1112 2518 1164 suspensos
2541 1097 2608 1148 ab
2641 1095 2832 1159 oﬂicio,
2857 1097 3008 1164 quasi
3042 1111 3137 1163 pro
3159 1098 3387 1164 quadam

1832 1198 1987 1252 pinna
2021 1183 2207 1248 fuisse,
2240 1203 2362 1240 cum
2387 1195 2595 1239 constet
2623 1186 2770 1236 illum
2797 1185 3012 1237 eosdem
3045 1201 3164 1238 cont
3207 1187 3389 1238 uxorio

1831 1274 1955 1336 bus,
1985 1284 2101 1342 post
2153 1277 2570 1344 prohibitionem
2626 1285 2748 1327 ante
2818 1273 3108 1326 triennium
3163 1272 3388 1337 fartam,

1831 1372 1977 1414 caste
2025 1363 2336 1416 cohabitare
2388 1364 2576 1432 digna},
2621 1362 3038 1416 retuunerationi
3099 1362 3386 1430 ascripsis-

1830 1453 2030 1507 sc?Eo
2058 1465 2236 1508 autem
2259 1463 2352 1508 tuo
2383 1455 2482 1507 rite
2529 1454 2774 1522 probato,
2823 1451 2930 1506 eris
2984 1452 3114 1504 mihi
3163 1459 3389 1518 magno:

1830 1542 2039 1612 Apollo.

1900 1654 2030 1719 Quae
2057 1665 2235 1708 autem
2259 1653 2627 1709 convenientia
2650 1667 2833 1720 quieve
2877 1652 3013 1704 ratio
3040 1649 3386 1718 Tripartitam

1832 1741 2144 1808 Historiam,
2175 1755 2391 1813 propter
2421 1742 2635 1797 Eusebii
2666 1743 2861 1809 scripta
2893 1742 2978 1793 vix
3003 1741 3258 1794 atielasio
3284 1757 3384 1793 au-

1832 1832 2079 1885 tbenticis
2125 1833 2437 1900 approbata,
2479 1848 2649 1900 neque
2697 1831 2763 1883 ab
2792 1831 2978 1883 eodem
3025 1829 3257 1893 Gelasio,
3290 1844 3384 1882 ne-

1827 1938 1932 1990 que
1957 1923 2024 1974 ab
2045 1922 2226 1990 aliquo
2266 1922 2547 1975 doctorum
2575 1921 2928 1988 repudiatam,
2967 1918 3238 1986 triumque
3268 1926 3384 1970 tum

1827 2011 2174 2063 szeeularibus
2213 2018 2326 2063 tum
2356 2010 2733 2064 ecclesiasticis
2773 2007 3032 2075 probabili
3070 2008 3384 2061 testimonio

1827 2099 2164 2162 allirmatam,
2189 2109 2306 2168 post
2335 2108 2413 2152 tot
2434 2099 2629 2153 saecula
2650 2115 2678 2150 a
2704 2098 2859 2149 nobis
2873 2112 2992 2151 esse
3010 2095 3344 2150 refutandatn
3359 2097 3388 2146 ἲ

1788 2186 2028 2256 ’Νυεωε
2079 2198 2170 2242 attt
2216 2187 2450 2241 fabulam
2482 2196 2532 2240 te
2579 2202 2825 2240 narrasse
2855 2195 3010 2253 putas
3059 2185 3242 2248 surdo,
3289 2191 3382 2236 aut

1826 2279 2025 2345 quaeris
2050 2278 2248 2331 nodum
2275 2279 2328 2330 in
2351 2279 2548 2344 scirpo.
2575 2275 2710 2340 Quid
2737 2275 2922 2342 plura?
2943 2275 2996 2326 Si
3021 2284 3074 2325 tu
3103 2274 3171 2326 ita
3198 2273 3251 2325 in
3284 2288 3381 2327 nos

1827 2375 2148 2433 nostrosque
2185 2364 2484 2418 confratres
2524 2366 2693 2417 multo
2741 2364 2833 2416 tibi
2882 2373 2934 2414 et
2973 2362 3102 2413 mihi
3132 2361 3381 2415 meliores

1828 2456 2003 2523 pergis
2031 2454 2278 2523 perplexa
2316 2453 2491 2521 loqui;
2523 2452 2616 2506 sed
2652 2466 2846 2519 ponam
2895 2449 3121 2516 digitum
3160 2449 3263 2512 ori,
3311 2463 3381 2502 ne

1827 2545 1946 2612 plus
1967 2555 2132 2612 qum:
2159 2543 2342 2600 deceat
2366 2543 2756 2610 presbyterum,
2781 2555 2976 2608 arguar
3005 2537 3270 2606 progredi.
3306 2536 3382 2592 De

1826 2645 2020 2690 Crete-ro
2047 2635 2123 2689 uti
2159 2643 2380 2687 coaetus
2403 2633 2480 2686 tui
2517 2631 2684 2700 ipsius
2722 2631 3066 2683 incitamento
3105 2639 3156 2681 te
3192 2643 3379 2696 aggre-

1825 2723 1943 2777 diar
1992 2720 2152 2778 nudis
2197 2723 2394 2785 verbis,
2425 2730 2484 2774 ut
2536 2721 2664 2788 quid
2706 2719 3009 2787 pudibunda
3047 2716 3220 2769 l’atris
3269 2713 3381 2770 Noe

1825 2813 2097 2867 denudari:
2128 2825 2233 2865 non
2275 2811 2549 2880 pavescis?
2577 2826 2699 2863 cum
2731 2817 2936 2860 certum
2970 2806 3040 2859 sit
3088 2816 3136 2858 te
3174 2805 3238 2858 de
3273 2820 3376 2857 .eo-

1825 2903 1968 2967 de"),
2011 2901 2305 2954 secundum
2353 2910 2499 2952 tuam
2522 2898 2689 2967 ipsius
2734 2905 2956 2957 sectam,
2987 2902 3204 2962 peccato
3253 2905 3373 2944 esse

1826 2993 2182 3066 progenitum,
2206 3003 2312 3060 qua
2345 2991 2567 3052 ratione,
2609 3003 2781 3056 quove
2808 2985 2984 3049 modo,
3018 2994 3073 3037 tu
3119 2984 3228 3052 ipse
3257 2996 3380 3050 pec-

1827 3093 2028 3146 catum,
2058 3083 2110 3134 in
2136 3081 2242 3133 alio
2268 3081 2348 3133 vis
2391 3080 2649 3132 damnare
2700 3074 3010 3143 peceatum?
3035 3073 3174 3126 Cave
3202 3080 3260 3125 ut
3284 3069 3380 3124 tibi

1756 3195 1799 3253 ρ
1831 3162 2133 3226 Sermonem
2194 3169 2388 3225 faciam
2438 3168 2592 3236 juxta
2641 3164 3025 3219 Salomoncm:

1895 3301 2028 3352 Ante
2065 3316 2215 3351 suum
2243 3307 2440 3365 tempus
2481 3297 2634 3348 nimia
2671 3295 2904 3348 exaltuta
2926 3301 3204 3360 Juventua;

1849 3439 1854 3444 .
1896 3387 1979 3442 Ne
2028 3387 2162 3438 ntali:
2214 3386 2445 3448 labatur,
2475 3385 2602 3452 pede
2628 3385 2898 3436 desursum
2932 3381 3248 3433 retrahatur.

2045 3550 3387 3591 Μικκα-

1419 3566 2078 3592 ΜΝ

745 3720 1513 3812 SUPERIORUM
1587 3717 2756 3813 CONTROVERSI‘ARUM

423 3908 1083 3969 [RRFFRAGABILIS
1115 3906 1504 3999 DEPULSIO
1556 3910 1658 3968 ET
1722 3906 2111 3968 PRJEDICTI
2165 3908 2530 3969 CAPITULI
2587 3899 3126 3968 PROSCRIPTIO.

237 4191 470 4248 Domino
528 4189 759 4246 Amor-vo
827 4191 1112 4256 sacerdoti,
1181 4207 1310 4254 non,
1341 4200 1398 4245 ut
1453 4190 1720 4254 lsboseth,

165 4280 541 4337 fraudulenter
593 4281 832 4350 impetito
861 4281 947 4350 (11
997 4282 1119 4352 Reg.
1153 4284 1248 4351 tv),
1278 4283 1369 4336 sed
1399 4283 1598 4335 Chusai
1626 4283 1722 4334 Ar-

165 4371 438 4427 chitofelis
461 4372 678 4441 perfidia
706 4373 930 4427 fideliter
956 4373 1273 4442 prtemonito
1295 4371 1344 4439 (1
1355 4371 1378 4424 I
1414 4373 1532 4442 Reg.
1567 4374 1720 4437 xvu),

1827 4194 2072 4248 videlicet
2115 4202 2174 4248 ut
2206 4208 2311 4245 non
2344 4202 2450 4247 tam
2489 4210 2629 4248 mea:
2657 4209 2819 4262 quam
2856 4192 3068 4258 illorum
3097 4191 3209 4245 sint
3241 4192 3387 4261 judi—

1827 4286 2030 4338 candte.
2070 4284 2409 4353 Quapropter
2470 4286 2584 4338 sine
2627 4298 2791 4336 causa
2834 4282 3030 4333 videris
3071 4291 3258 4335 contra
3301 4299 3387 4337 me

1828 4383 2132 4426 commotus
2163 4389 2302 4436 esse,
2331 4388 2453 4424 eum
2493 4371 2715 4438 epistola
2744 4386 2858 4422 mea
2899 4371 2989 4424 tibi
3019 4380 3225 4425 tantum
3266 4389 3388 4428 sen-

167 4461 502 4529 BERNALDUS,
551 4465 710 4518 etiam
766 4465 1148 4534 improperanti
1185 4465 1499 4518 charitatem
1534 4463 1723 4517 oﬂ‘erre
1759 4473 1799 4524 ι)
1827 4464 2024 4517 tentias
2083 4472 2395 4516 sanctorum
2459 4461 2682 4516 Patrum
2729 4464 3041 4518 charitative
3087 4465 3387 4530 describat,

165 4567 410 4625 paratus,
444 4556 513 4609 ab
537 4570 601 4608 co
627 4556 864 4608 benedici
885 4556 977 4624 qui
1014 4571 1120 4608 non
1152 4555 1326 4606 solum
1359 4555 1600 4608 maledici
1631 4555 1723 4607 sed

165 4646 327 4697 etiam
359 4660 460 4712 pro
491 4645 646 4698 nobis
683 4645 852 4698 voluit
875 4652 1151 4713 peccatum
1177 4642 1311 4695 fieri.

234 4731 462 4784 Multum
500 4732 666 4786 miror
689 4734 754 4786 de
782 4743 869 4786 tua
900 4732 1230 4785 fraternitate
1251 4730 1395 4798 quod
1449 4731 1577 4783 mihi
1613 4739 1722 4784 tam

167 4821 483 4888 perturbato
518 4822 842 4890 rescripsisti
873 4821 1073 4885 animo,
1097 4836 1221 4874 cum
1270 4820 1398 4872 nihil
1428 4822 1479 4873 in
1533 4820 1724 4875 litteris

169 4914 303 4967 meis
332 4911 652 4974 invenisses,
681 4912 824 4979 quod
873 4912 928 4964 in
973 4911 1165 4966 litteris
1219 4911 1398 4964 nescio
1447 4913 1491 4964 si
1530 4913 1580 4965 in
1619 4915 1726 4967 tuis

169 5005 348 5074 aliqua
407 5003 613 5056 ratione
663 5002 883 5070 dignum
930 5009 1019 5054 tua
1068 5001 1364 5056 offensione
1413 5004 1720 5070 probasses.

170 5093 283 5149 Non
318 5095 465 5150 enim
496 5093 820 5155 invitusjnec
842 5093 1175 5146 verecundus
1217 5102 1328 5146 tam
1356 5096 1567 5152 erudito
1590 5112 1724 5163 prm-

169 5183 323 5251 eipue
349 5192 405 5237 et
426 5183 602 5238 amico
629 5182 890 5245 cederem,
940 5181 986 5234 si
1036 5195 1065 5234 a
1103 5190 1157 5234 te
1198 5183 1586 5238 rationabiliter
1618 5186 1725 5237 sal-

173 5279 274 5324 tem
309 5273 654 5342 aliquatenus
687 5288 716 5326 a
763 5288 888 5326 vero
923 5271 1165 5325 deviasse
1216 5281 1565 5326 monstrarer.
1620 5272 1721 5327 Sed

174 5357 310 5415 Deus
334 5370 421 5414 est
443 5363 596 5416 testis
624 5364 964 5417 conscientiae
992 5376 1139 5424 mete,
1179 5361 1411 5414 rationes
1439 5376 1585 5415 meas
1605 5363 1723 5415 nul-

173 5447 436 5504 latenusa
465 5451 702 5520 vestigiis
747 5463 1054 5508 sanctorum
1103 5451 1320 5506 Patrum
1369 5453 1721 5517 exorbitasse,

174 5582 364 5650 spiritu
388 5595 500 5648 quo
521 5579 762 5636 hodierni
800 5585 1034 5650 sectarii,
1077 5585 1167 5640 sed
1211 5592 1439 5636 mentem
1484 5593 1722 5638 mutasse,

176 5652 493 5726 videtur,_ut
524 5662 742 5726 apparet
767 5666 847 5726 ex_
861 5654 1045 5726 ultima
1080 5655 1332 5726 epistola,
1358 5662 1416 5726 __et
1436 5669 1498 5705 ex
1526 5654 1723 5726 princi-

177 5720 262 5790 pio
285 5717 617 5791 Apologeliri
662 5717 902 5771 Bernaldi
946 5739 1040 5788 pro
1068 5717 1298 5776 tlecretis
1337 5717 1575 5788 Gregorii
1612 5721 1716 5775 Vil.

1827 4569 1947 4621 quae
1977 4567 2082 4604 non
2119 4551 2240 4604 dico
2267 4561 2440 4612 tuum.
2486 4553 2578 4605 sed
2624 4553 2803 4621 potius
2833 4555 3016 4607 nescio
3042 4555 3196 4623 cujus
3225 4553 3390 4608 Sozo—

1777 4666 1782 4672 ·
1827 4642 1966 4694 meni
1994 4642 2285 4710 capitulum
2333 4643 2868 4696 anathematizabant.
2895 4643 3111 4696 Debere:
3144 4647 3300 4708 enim,
3333 4655 3388 4698 ut

1825 4734 2027 4801 opinor,
2054 4735 2228 4802 potius
2268 4743 2438 4804 grates
2462 4732 2651 4800 referre
2676 4748 2830 4800 quam
2862 4731 3148 4798 indignari,
3175 4732 3311 4798 quod
3341 4740 3389 4784 te
3420 4802 3422 4805 ι

1825 4824 1888 4878 de
1917 4826 2142 4877 cavemlo
2191 4823 2522 4876 anathemate
2553 4830 2606 4874 ut
2630 4819 2856 4871 amicum
2894 4821 3201 4886 pramonui,
3239 4839 3301 4875 ne
3343 4824 3387 4876 εἰ

1827 4915 2102 4970 Sezomem'
2156 4913 2443 4984 capitulum
2503 4912 2580 4980 (in
2645 4909 2937 4978 Tripartita
2977 4909 3069 4963 lib.
3116 4927 3182 4975 ιι,
3216 4927 3262 4965 c.
3301 4913 3387 4981 14)

1825 5007 2110 5074 reciperes,
2145 5007 2372 5073 teipsum
2402 4999 2504 5054 sub
2541 4999 2874 5070 Gregoriano
2902 5002 3239 5057 anathemate
3292 5018 3388 5072 po-

1823 5097 2047 5150 suisses.
2077 5093 2195 5162 Ipse
2216 5093 2358 5145 enim
2379 5091 2567 5144 doctor
2595 5091 2946 5159 apostolicus,
2973 5093 3183 5161 imoper
3210 5094 3384 5160 ipsum

1825 5183 2057 5252 Spiritus
2101 5192 2342 5243 sanctus,
2380 5195 2572 5235 omnes
2603 5197 2632 5235 a
2662 5179 2877 5236 Nieaena
2931 5183 3136 5252 synodo
3173 5183 3382 5235 dissen-

1823 5275 2033 5337 tientes,
2065 5282 2117 5325 et
2143 5274 2323 5325 omnia
2352 5273 2522 5326 sacris
2549 5273 2851 5326 canonibus
2870 5272 3117 5332 adversa,
3149 5269 3200 5320 in
3223 5279 3382 5335 syno-

1822 5365 1889 5418 do
1916 5365 2150 5433 generali
2182 5365 2283 5418 sub
2312 5365 2654 5417 anathemate
2704 5362 2831 5416 feeit
2879 5358 3145 5413 damnari.
3179 5354 3380 5408 Prmdi—

1823 5464 1967 5511 ctum
1999 5466 2181 5510 autem
2233 5451 2516 5506 Sozomcni
2549 5458 2729 5520 caput,
2759 5460 2812 5503 et
2855 5463 3042 5502 omnes
3088 5447 3215 5500 illud
3255 5442 3382 5496 reei-

1825 5586 1899 5640 De.
1926 5587 2024 5639 hac
2056 5595 2165 5638 tota
2194 5579 2555 5635 controversia
2587 5579 2698 5640 lege
2745 5575 3150 5634 Bellarminum,
3179 5573 3271 5625 lib.
3307 5572 3368 5621 li"

1827 5619 1899 5640 ur.
1926 5619 2012 5639 ηαι
2061 5619 2165 5638 ιυιοι
2194 5619 2555 5635 ιυιηιιννυ.υ...
2588 5619 2618 5629 η
2671 5619 2697 5628 ..
2746 5619 2798 5628 .-ι
2820 5619 2903 5628 ης..
2920 5619 3150 5634 --..--..--.,
3181 5619 3270 5625 ---η
3328 5619 3335 5621 .

1825 5654 2069 5711 Cleriris.
2104 5651 2395 5718 praesertim
2441 5661 2562 5718 cap.
2594 5619 2682 5699 ‘28.
2717 5645 2805 5698 ubi
2849 5661 2911 5697 ex
2956 5643 3202 5695 instituto
3246 5641 3364 5694 fabu

1827 5726 1929 5776 lant
1969 5725 2032 5774 de
2065 5716 2365 5788 l‘aphmttio
2403 5716 2608 5766 ιειὶιιίῑ.
