3944 6412
1460 40 1937 61 -rM—q‘ﬁ

612 471 751 528 1087

1563 466 1654 522 AD
1688 465 1915 522 OPERA
1953 465 2008 521 S.
2051 464 2373 523 GilEGOlill
2409 462 2845 523 APPENDICES.

3696 47 3910 393 Ἶ

3675 460 3815 517 1088

614 588 821 658 pientes
870 586 1237 653 sacratissimo
1283 585 1476 640 eanoni
1540 593 1896 640 adversantur
1916 626 1931 648 ,
1998 598 2156 652 quem
2188 584 2228 638 Α
2257 581 2532 636 ascrihant
2550 596 2644 636 eas
2664 595 2920 648 personas
2938 577 3248 633 indubitata:
3273 577 3595 643 sanctitatis,
3620 585 3683 631 ut
3709 575 3816 631 sub

614 678 805 732 beatus
841 690 979 746 papa
1022 674 1251 730 Siricins
1274 717 1288 741 ,
1328 684 1550 731 sanctus
1592 690 1808 745 quoque
1845 674 2154 744 Gregorius,

612 766 800 821 beatus
811 766 974 821 etiam
1000 764 1379 836 Hieronymus,
1404 775 1457 820 et
1475 764 1566 819 alii
1592 764 2006 819 innumerabiles
2033 778 2160 817 san-

612 856 682 911 cti
711 856 941 926 probant
965 855 1021 910 in
1044 852 1493 911 excellentissimo
1528 862 1791 935 statutum
1830 868 1951 909 esse
1976 853 2160 908 conci-

610 945 705 1012 lio,
726 961 879 1015 aeque
920 954 983 1001 nt
1004 944 1352 1016 Evangelium
1398 945 1721 1000 venerando.
1761 942 1948 998 Videat
1998 943 2161 1014 igitur

610 1035 847 1093 charitas
867 1043 960 1090 tua
989 1049 1156 1106 quam
1200 1034 1503 1104 periculoso
1546 1034 1890 1089 anathemate
1917 1034 2161 1112 plectan-

600 1132 702 1189 Itnr
741 1125 1050 1196 quicunque
1076 1122 1361 1179 Sozomeni
1385 1126 1622 1195 capitulo
1645 1125 1923 1195 astipulari
1956 1140 2158 1179 conan—

613 1223 721 1282 tur,
756 1213 833 1270 De
856 1215 961 1271 hoc
985 1214 1166 1284 itaque
1184 1215 1425 1285 periculo
1451 1214 1839 1272 fraternitatem
1866 1225 2014 1270 tuam
2038 1213 2161 1269 dili-

612 1313 799 1374 genter
817 1320 1148 1375 praamonere
1179 1308 1385 1373 curavi,
1415 1322 1511 1376 pro
1531 1321 1640 1376 quo
1662 1315 1714 1362 te
1738 1321 1846 1360 non
1873 1305 2159 1372 oﬂ‘endere,

612 1392 708 1449 sed
730 1395 923 1467 magis,
950 1396 998 1471 si
1024 1395 1265 1451 oﬂ‘ensus
1288 1411 1456 1461 esses,
1487 1396 1697 1466 placare
1710 1392 1926 1467 putavi.

682 1489 808 1559 Sed,
831 1491 937 1547 heu
952 1493 966 1545 l
984 1492 1115 1545 heu!
1133 1506 1243 1557 res,
1256 1499 1314 1545 ut
1334 1490 1542 1560 opinor,
1566 1491 1619 1545 in
1643 1491 1974 1547 contrarium
1997 1490 2160 1545 devc-

613 1581 712 1635 nit.
735 1579 949 1635 Litterae
972 1581 1113 1635 enim
1143 1590 1267 1646 tum,
1291 1581 1336 1636 si
1369 1589 1545 1635 tamen
1560 1589 1666 1635 tua:
1688 1590 1864 1647 erant,
1893 1588 2002 1635 tam
2024 1581 2162 1635 male

613 1677 837 1725 tornatte
861 1677 914 1724 te
938 1677 992 1724 et
1020 1670 1248 1725 amicam
1267 1670 1685 1725 admonitionem
1709 1671 1976 1740 sprevisse
1996 1680 2051 1727 et
2074 1672 2160 1727 in-

613 1777 775 1832 super
797 1763 1209 1818 ‘contumeliosa
1248 1763 1592 1832 respondisse
1627 1762 1917 1830 denotant,
1953 1779 2052 1820 nec
2086 1773 2164 1819 ta-

614 1863 737 1902 men
763 1848 966 1918 aliquid
1003 1864 1090 1904 me
1133 1849 1230 1904 tibi
1264 1851 1551 1920 scripsiSsc
1582 1849 1804 1922 dignum
1839 1852 2159 1907 contumelia

611 1938 951 2010 aiiqnatenns
971 1939 1219 2008 probant.
1247 1940 1364 2006 Qua
1391 1940 1458 1994 de
1483 1954 1541 1996 re
1576 1934 1814 1997 nondum
1842 1943 2029 2001 censui
2048 1957 2162 1999 cre-

610 2029 843 2084 dendum
889 2045 1011 2085 esse
1045 2037 1125 2095 te,
1165 2045 1345 2085 meum
1404 2030 1652 2087 videlicet
1685 2032 1922 2089 amicum
1945 2073 1963 2100 ,
2005 2048 2158 2090 sacra

613 2118 891 2189 Scriptura
913 2127 1025 2174 tam
1045 2120 1336 2187 eruditum,
1359 2135 1600 2190 unquam
1621 2121 1752 2176 mihi
1772 2122 1935 2177 talem
1963 2123 2163 2179 rescri-

609 2208 787 2277 psisse
811 2209 1114 2278 epistolam,
1137 2225 1259 2279 quas
1283 2218 1337 2264 et
1362 2224 1468 2274 me,
1493 2210 1617 2264 licet
1644 2209 1790 2265 nulla
1814 2212 2022 2267 ratione
2039 2227 2164 2267 con-

611 2300 833 2365 victum,
862 2300 1276 2369 blasphemaret,
1304 2315 1404 2355 nec
1427 2308 1605 2354 tamen
1635 2309 1783 2355 tuam
1806 2311 2012 2370 partem
2050 2299 2161 2357 sal-

528 2428 534 2433 ο
615 2399 721 2445 tem
740 2390 922 2462 aliquo
952 2390 1112 2448 modo
1133 2390 1366 2461 juvaret.
1409 2388 1582 2457 Quam
1608 2390 1742 2446 satis
1765 2392 2036 2448 evidenter
2055 2410 2163 2464 qua

615 2479 915 2537 invectione
954 2481 1115 2552 digna
1147 2490 1296 2538 esset
1336 2491 1714 2548 monstrarem,
1752 2478 1798 2538 si
1832 2498 1941 2538 non
1977 2499 2099 2540 eam
2132 2500 2164 2539 a

613 2568 707 2623 tali
734 2570 911 2624 amico
931 2570 1062 2643 mihi
1086 2570 1462 2625 transmissam
1483 2565 1828 2640 accepissem.
1849 2571 1984 2639 Quis
2019 2575 2165 2629 enim

612 2660 801 2715 videre
818 2674 924 2714 non
953 2660 1128 2715 valeat
1151 2676 1313 2731 quam
1340 2646 1669 2732 negligenter
1701 2662 1818 2731 ipsa
1845 2671 1952 2718 tua:
1976 2664 2168 2719 volun-

613 2740 711 2805 tati
748 2765 874 2806 cum
920 2750 1037 2817 suis
1079 2750 1327 2808 obscuris
1366 2751 1683 2826 ambagibus
1719 2752 2006 2819 deserviat,
2042 2769 2166 2809 cum

614 2840 801 2895 eadem
824 2848 973 2895 tuam
994 2841 1344 2896 intentionem
1361 2856 1467 2897 non
1489 2841 1827 2898 solummodo
1846 2843 1981 2897 nihil
1995 2843 2165 2914 juvet,

616 2930 710 2983 sed
736 2929 899 2983 etiam
926 2944 1151 2999 prorsus
1176 2930 1487 2999 impugnet?
1520 2928 1724 2984 indicat
1746 2932 1892 2986 enim
1914 2940 1969 2987 te
1990 2934 2166 2987 nulla-

614 3026 775 3072 tenus
793 3006 1109 3073 sanctorum
1148 3016 1368 3073 Patrum
1397 3018 1612 3073 decreta
1663 3020 1970 3090 respuisse;
2003 3023 2167 3097 unde,

613 3121 739 3162 cum
772 3105 983 3162 Veritas
1001 3106 1229 3163 aﬂirmet
1260 3126 1273 3162 :
1306 3107 1411 3173 Qui
1436 3125 1537 3163 non
1561 3119 1636 3163 est
1664 3127 1864 3165 mecum
1888 3120 2069 3167 contra
2090 3129 2169 3168 me

615 3207 694 3250 est
722 3195 937 3267 (ﬂeuit.
968 3213 1075 3264 xu;
1104 3197 1232 3253 an.
1271 3199 1380 3268 xi),
1405 3209 1460 3255 et
1487 3208 1538 3255 te
1567 3201 1756 3282 eadem
1792 3202 2075 3272 recepisse,
2116 3212 2172 3259 et
2196 3223 2239 3282 ς

619 3300 717 3354 per
745 3285 931 3342 eadem
974 3295 1025 3343 te
1062 3285 1347 3343 Sozomeni
1385 3299 1546 3359 caput
1579 3291 1824 3361 probavit
1856 3293 2171 3349 anathema-

621 3374 841 3432 tizasse.
867 3378 889 3457 Τ
1242 3434 1243 3437 η

678 3484 954 3541 Ρηιοιιει
973 3489 1358 3559 multiplicibus
1384 3493 1566 3561 verbis
1587 3496 1870 3551 contlrmat
1906 3497 2022 3567 ipsa
2057 3514 2171 3555 rem

622 3577 858 3633 nondum
885 3576 999 3648 lege
1035 3581 1359 3648 prohibitam
1386 3585 1698 3639 austeritate
1729 3585 1860 3656 legis
1903 3602 2025 3643 esse
2056 3589 2173 3644 vin-

606 3668 923 3741 dicandam,
946 3676 1070 3725 Cum
1100 3671 1278 3740 potius
1318 3681 1423 3726 tua:
1464 3672 1603 3740 parti
1640 3676 1998 3744 convenisset,
2029 3679 2074 3734 si
2117 3680 2170 3732 in

622 3761 861 3817 nondum
891 3761 1005 3832 lege
1035 3762 1323 3831 prohibitis
1350 3777 1458 3816 non
1483 3751 1852 3820 austeritatem
1884 3766 2037 3838 legis,
2080 3768 2173 3824 sed

620 3849 892 3906 lenitatem
924 3856 1277 3909 exercendam
1323 3853 1566 3909 dixisset.
1608 3850 1764 3922 Quod
1806 3857 2003 3913 saltem
2025 3866 2175 3914 tuam

625 3948 830 4007 partem
856 3955 963 3994 non
997 3945 1129 3998 adeo
1151 3945 1508 4015 impugnaret,
1542 3945 1665 4001 licet
1695 3961 1815 4002 eam
1850 3948 1988 4003 nihil
2017 3949 2172 4018 peni-

624 4039 713 4085 tus
737 4030 895 4100 adjici
929 4031 1088 4097 valet,
1134 4046 1258 4086 cum
1295 4049 1381 4089 res
1409 4034 1465 4089 in
1508 4052 1616 4105 qua
1654 4038 1966 4107 praedictum
2012 4050 2174 4117 caput

620 4122 793 4192 legem
829 4137 935 4177 non
975 4119 1096 4177 dico
1133 4121 1397 4192 mitigare,
1423 4124 1515 4179 sed
1547 4140 1768 4193 prorsus
1790 4129 2070 4186 annullare
2088 4139 2174 4187 c'o-

621 4221 800 4281 natur,
828 4213 991 4269 etiam
1015 4220 1140 4267 ante
1163 4227 1224 4267 cc
1258 4225 1430 4268 annos
1458 4221 1513 4269 et
1544 4227 1610 4267 eo
1637 4207 1901 4284 amplius;
1930 4217 1987 4271 in
2015 4234 2174 4288 gene-

621 4302 723 4355 rali
760 4303 965 4374 synodo
1027 4304 1268 4374 legaliter
1337 4302 1440 4359 sub
1502 4303 1843 4360 anathemate
1892 4304 2172 4364 interdicta

624 4387 850 4460 legatur.

2255 684 2442 725 earum
2477 671 2758 726 sanctiLate
2781 685 2970 726 eorum
2994 669 3319 739 recipiantur
3342 668 3565 735 omnia;
3598 668 3695 723 sed
3724 666 3813 721 in-

2257 776 2493 816 cassum.
2525 760 2738 826 Quanto
2762 758 2906 814 enim
2946 760 3124 815 minus
3148 759 3215 814 de
3246 773 3430 813 earum
3452 772 3816 829 personarum

2258 851 2540 906 sanctitate
2570 851 2908 917 dubitamus,
2952 859 3105 905 tanto
3141 850 3312 921 magis
3350 849 3556 905 manias
3617 848 3818 903 iisdem

2259 940 2523 1010 ascriptas
2552 939 2828 995 canonicis
2848 939 3274 995 institutionibus
3306 937 3606 995 contrarias
3631 937 3816 993 credi-

2258 1045 2382 1085 mus
2400 1043 2522 1086 esse
2542 1028 2725 1085 falsas.
2753 1028 2993 1085 Transeo
3015 1039 3193 1085 autem
3216 1029 3386 1098 ipsius
3403 1026 3645 1098 epistola:
3683 1043 3820 1081 eon-

2254 1120 2491 1189 jecturas
2508 1160 2525 1186 ,
2552 1119 2608 1174 in
2635 1119 2832 1189 quibus
2851 1135 2957 1189 qua
2980 1120 3260 1174 occasione
3280 1117 3606 1188 praedictum
3650 1122 3822 1188 captu

2260 1209 2330 1264 sit
2356 1210 2643 1264 eontietum
2683 1208 2817 1263 satis
2865 1210 3021 1264 caute
3064 1208 3356 1273 dubitatur,
3393 1207 3644 1277 quamvis
3679 1204 3817 1261 nihil

2259 1297 2469 1354 intersit
2496 1298 2767 1369 invenisse
2815 1313 2914 1354 cur
2946 1298 3017 1353 sit
3072 1298 3453 1367 conscriptum,
3495 1312 3618 1352 cum
3670 1295 3817 1350 idem

2261 1387 2437 1457 ipsum
2482 1403 2650 1443 sacra:
2711 1385 3004 1458 Scriptnree
3055 1372 3331 1455 adversari
3393 1385 3694 1441 certissfme
3714 1394 3721 1398 ‘
3744 1385 3820 1439 sit

2259 1477 2562 1546 probatum.
2952 1482 2957 1487 ’

2278 1620 2287 1628 ,
2328 1564 2599 1631 Quantum
2641 1580 2768 1620 vero
2806 1565 2921 1635 ipsa
2956 1565 3181 1635 epistola
3212 1563 3388 1620 deviet
3412 1579 3445 1619 a
3498 1563 3725 1618 veritate
3757 1564 3816 1618 in

2259 1654 2577 1712 diaconihns
2596 1652 2811 1722 Siciliae,
2831 1663 2901 1710 ex
2925 1655 3140 1724 scriptis
3168 1653 3311 1710 beati
3332 1652 3574 1725 Gregorii
3608 1653 3816 1724 poteris

2261 1744 2508 1814 colligere
2524 1740 2545 1810 ;’
2567 1759 2598 1798 a
2617 1744 2815 1814 quibus
2844 1758 2930 1798 me
2943 1743 2997 1798 in
3020 1742 3320 1798 rationibus
3341 1742 3477 1797 meis
3503 1742 3816 1797 nullatenus

2260 1833 2504 1889 deviasse
2550 1833 2812 1903 iudicabit
2870 1832 3180 1915 quicunque
3226 1832 3444 1887 easdem
3498 1838 3553 1886 et
3613 1832 3814 1901 scripta

2259 1922 2401 1977 beati
2425 1921 2669 1993 Gregorii
2701 1920 3352 1996 ﬁdeliter'considerabit;
3398 1935 3499 1975 nec
3543 1920 3688 1976 dicet
3731 1935 3817 1975 me

2257 2011 2472 2069 dixisse
2487 2013 2631 2083 quod
2663 2021 2882 2069 sanctus
2910 2011 3203 2084 Gregorius
3233 2010 3679 2068 incontinentiam
3702 2011 3819 2066 dia-

2258 2117 2520 2169 conorum
2567 2092 2762 2160 Siciliae
2802 2117 2897 2174 per
2931 2103 3342 2173 suspensionem
3382 2101 3564 2168 cilicii,
3592 2101 3691 2157 sed
3719 2115 3821 2170 per

2259 2193 2678 2263 prohibitionem
2728 2193 3025 2262 superioris
3062 2192 3260 2264 gradus
3304 2192 3658 2258 vindicasset;
3716 2208 3821 2247 nec

2259 2283 2402 2345 dicet
2422 2280 2480 2337 S.
2493 2281 2811 2353 Gregorium
2827 2282 2900 2336 ibi
2920 2281 3123 2338 eisdem
3142 2282 3460 2338 diaconibns
3475 2283 3823 2340 eoneeSsisse

2263 2383 2321 2428 ut
2345 2372 2497 2429 altari
2519 2360 2827 2429 ministrare
2852 2372 3105 2449 deberent
3140 2372 3190 2428 si
3215 2386 3275 2428 se
3311 2387 3418 2427 non
3454 2372 3818 2429 continerent.

2262 2462 2408 2519 Idem
2433 2461 2596 2518 etiam
2624 2462 2804 2519 videre
2826 2463 3039 2535 poterit,
3063 2456 3120 2516 S.
3143 2460 3457 2537 Gregorium
3478 2462 3821 2517 continentes

2266 2552 2463 2608 Sicilire
2483 2551 2735 2609 diaeones
2758 2538 2856 2625 pro
2870 2552 3344 2619 acontinentia,non
3370 2567 3469 2622 pro
3493 2550 3818 2623 feminarum

2265 2643 2678 2710 cohabitatione,
2697 2644 2993 2705 laudandos
3003 2641 3396 2713 pronuntiasse.

2334 2730 2486 2797 Quod
2514 2740 2691 2787 autem
2714 2732 2964 2802 deinceps
2991 2732 3181 2787 litterae
3201 2747 3231 2786 a
3255 2739 3307 2787 te
3325 2730 3457 2786 mihi
3486 2731 3824 2790 transmissa:

2265 2821 2332 2876 de
2358 2820 2647 2900 Tripartita
2673 2822 2882 2893 tingunt
2900 2821 3144 2887 historia,
3169 2820 3424 2895 necipsac
3446 2804 3697 2878 videntur
3723 2838 3824 2877 ex-

2256 2910 2525 2977 plicasse;
2550 2909 2604 2963 in
2625 2925 2730 2980 qua
2744 2911 3048 2987 nullatenus
3068 2910 3269 2981 aliquid
3284 2912 3680 2982 repudiandum
3699 2926 3825 2966 esse

2267 2998 2474 3066 censui,
2503 2997 2604 3055 nisi
2617 3000 2763 3070 quod
2776 3016 2806 3055 a
2820 3000 3021 3056 sanctis
3043 2999 3295 3056 Patribus
3312 3001 3824 3057 anathematiaatnm

2269 3089 2507 3158 recipere
2545 3104 2654 3145 non
2684 3077 3021 3162 praesumpsi.
3051 3089 3241 3146 Postea
3264 3106 3394 3147 vero
3419 3091 3553 3161 ipsa:
3573 3105 3696 3158 non
3719 3090 3827 3145 ali-

2269 3172 2375 3249 qua
2401 3179 2608 3235 ratione
2653 3181 2902 3252 probant,
2950 3181 3043 3237 sed
3072 3180 3283 3236 tantum
3317 3181 3646 3237 verbotenus
3693 3197 3830 3252 pro—

2272 3269 2521 3325 nuntiant
2548 3285 2634 3325 me
2660 3271 2843 3334 nescio,
2860 3270 2990 3341 quid
3010 3279 3197 3327 contra
3213 3271 3554 3327 sacerdotum
3577 3270 3833 3327 ordinem

2270 3360 2585 3430 protulisse;
2600 3376 2723 3417 eum
2747 3346 2846 3419 nec
2865 3362 3062 3419 etedem
3085 3363 3273 3418 saltem
3287 3370 3475 3419 contra
3496 3362 3834 3434 tc,adqucm

2269 3451 2573 3519 specialiter
2604 3451 2820 3524 scripsi,
2854 3466 2940 3507 me
2966 3452 3179 3524 aliquod
3202 3452 3595 3523 reprobandum
3628 3455 3712 3509 vel
3734 3464 3837 3529 tua

2271 3540 2568 3597 otl‘cnsione
2580 3541 2806 3611 dignum
2829 3543 3168 3612 aliquatenus
3191 3534 3417 3613 probent
3432 3544 3653 3600 dixisse.
3682 3542 3832 3599 Nun-

2271 3631 2401 3699 quid
2441 3618 2587 3684 enim
2629 3632 2825 3710 merito
2857 3632 3025 3691 level
3064 3630 3184 3687 illos
3208 3632 3445 3699 offendit,
3472 3633 3521 3689 si
3570 3648 3671 3704 ego
3716 3648 3837 3690 non

2272 3733 2421 3773 meas
2446 3719 2541 3774 sed
2558 3716 2777 3774 Patrum
2800 3721 3228 3791 rationes,eaput
3247 3721 3531 3777 bozomeni
3545 3720 3833 3778 destruen-

2272 3816 2355 3863 tes
2388 3815 2442 3863 et
2488 3808 2591 3863 sub
2630 3810 2971 3865 anathemate
3000 3798 3590 3877 dampnatos/ﬁdeliter
3607 3812 3834 3884 collegi,

2272 3907 2450 3967 teque,
2479 3906 2541 3954 nt
2561 3898 2820 3966 amicum,
2844 3898 2911 3955 de
2935 3901 3180 3959 cavendo
3211 3901 3553 3957 anathemate
3592 3918 3834 3974 praemo-

2271 3989 2401 4044 nui?
2420 3987 2560 4056 Quid
2584 4004 2774 4060 nempe
2801 3998 2987 4045 contra
3019 3998 3070 4070 te
3095 3989 3195 4045 feci
3223 3990 3446 4061 dignum
3467 3992 3831 4064 blasphemia,

2220 4114 2221 4117 η
2271 4080 2316 4134 si
2339 4079 2705 4134 testimonium
2728 4089 3036 4135 sanctorum
3074 4079 3295 4136 Patrum
3324 4079 3666 4155 Hieronymi,
3688 4082 3834 4141 Gre-

2270 4168 2428 4240 gorii,
2456 4167 2634 4224 Sirieii
2662 4177 2718 4225 et
2760 4163 3086 4241 reliquorum
3106 4172 3171 4228 de
3193 4171 3441 4243 capitulis
3465 4168 3831 4235 Nicaniéou-

2262 4258 2379 4320 ,cilii
2401 4260 2596 4333 potius_
2627 4259 2967 4323 credendum.
2990 4276 3111 4318 esse
3136 4263 3365 4331 asserui,
3392 4279 3556 4337 quam
3577 4254 3831 4325 Historia:

2274 4347 2456 4401 nescio
2484 4347 2640 4416 cujus
2664 4346 2983 4405 Sozomeui?
3078 4358 3081 4375 ‘
3170 4396 3173 4397 ν

2344 4433 2449 4490 Sed
2477 4452 2576 4492 cur
2597 4438 2909 4493 earumdem
2934 4436 3236 4495 litterarum
3269 4441 3448 4496 denuo
3473 4441 3658 4499 incudi
3694 4445 3825 4500 red-

696 4498 813 4570 lpsa
836 4499 995 4553 etiam
1022 4499 1244 4568 epistola
1268 4512 1511 4558 sanctum
1542 4505 1670 4560 mihi
1698 4506 1879 4562 laudat
1913 4506 2168 4578 Paphnua

2270 4525 2564 4581 dendarum
2606 4528 2858 4599 ambages
2902 4544 3197 4601 prosequar
3242 4530 3490 4597 ulterius,
3529 4548 3658 4595 cum
3695 4498 3829 4604 ipsa

620 4589 998 4697 ι’ῖιωξγυιδυξ
1286 4593 1437 4697 fail“
1474 4595 1576 4697 ν-ίξί
1615 4597 1816 4697 aliquit]
1854 4600 2175 4668 Ρενευειάεεῑ
2209 4589 2213 4590 ν
2274 4625 2434 4687 caput
2461 4589 2936 4689 Sozomeniiquoil
2975 4589 3096 4674 non.
3130 4628 3417 4697 potuerunt
3443 4589 3684 4691 ratione,
3708 4589 3827 4694 iam

623 4682 781 4751 quod
796 4696 826 4735 a
862 4682 1082 4735 veritate
1099 4681 1399 4747 dissentiat,
1422 4684 1514 4744 sed
1537 4684 1755 4741 frustra.
1780 4686 1960 4755 Ipsum
1983 4706 2175 4761 nempe

623 4781 802 4842 «tego
828 4771 1005 4837 laudo,
1050 4788 1210 4842 quem
1259 4773 1506 4845 stigmata
1551 4772 1678 4829 Iesu
1719 4774 1771 4828 in
1818 4792 2040 4847 corpore
2075 4796 2176 4836 suo

627 4870 868 4928 portasse
901 4863 1124 4919 libenter
1171 4866 1361 4933 credo;
1396 4881 1671 4935 nunquam
1710 4873 1890 4921 tamen
1927 4868 2061 4923 adeo
2093 4869 2180 4925 de-

630 4953 821 5019 sipiant
851 4961 909 5004 ut
929 4955 1075 5021 prius
1103 4958 1396 5011 reverentia
1425 4972 1669 5027 persona:
1691 4957 1893 5027 aliquid
1922 4958 2173 5028 recipiam

628 5042 773 5110 quod
804 5056 969 5096 sacra:
987 5042 1294 5114 Scriptum,
1329 5048 1436 5102 imo
1465 5047 1687 5117 Spiritui
1727 5058 1916 5103 sancto
1938 5050 2010 5104 sit
2041 5064 2175 5105 eon-

629 5135 852 5187 tvarium
869 5175 881 5194 ,
911 5142 969 5188 ut
995 5134 1061 5189 de
1084 5134 1365 5191 Sozomeni
1386 5139 1617 5207 capitulo
1638 5140 2075 5212 irrefragabiliter
2094 5149 2178 5198 est

565 5240 568 5245 ’
627 5233 934 5294 probatum,
961 5227 1103 5294 quod
1124 5226 1300 5295 ipsum
1338 5226 1693 5283 Sozomennm
1721 5232 1788 5285 de
1823 5232 1982 5286 beato
1999 5232 2175 5302 Paph-

629 5319 789 5395 itucio
824 5319 937 5388 jam
979 5305 1180 5372 dudum
1217 5315 1469 5371 defuncto
1512 5318 1690 5385 potius
1730 5322 1892 5377 credo
1934 5323 2171 5392 ﬁnxisse,

627 5422 789 5477 quam
818 5409 872 5463 in
895 5408 1293 5487 derogationem
1323 5407 1619 5461 sanctitatis
1643 5409 1879 5477 praedicti
1906 5412 2176 5471 confesso-

631 5501 706 5554 ris
751 5500 1015 5570 suspicari
1082 5514 1401 5571 praesumam
1453 5499 1625 5567 ipsum
1673 5498 1831 5552 talem
1892 5504 2175 5569 protulisse

564 5606 569 5611 ’
632 5590 1033 5660 llasphemiam.
1079 5590 1191 5646 lloc
1216 5600 1299 5647 est
1331 5592 1473 5645 enim
1514 5590 1643 5645 satis
1682 5590 1902 5660 vulgare
1944 5592 1996 5645 in
2024 5593 2175 5649 libris

634 5698 901 5751 nzznquam
917 5684 1263 5750 eanonizatis,
1291 5693 1369 5749 ut,
1400 5698 1520 5737 eum
1548 5680 1747 5737 naenias
1775 5697 1901 5736 suas
1928 5685 2175 5740 omnibus

657 5774 966 5826 ttz‘t't‘d3bilt‘s
1010 5776 1210 5831 (ﬂiecrc
1264 5778 1423 5832 velint
1485 5776 1671 5830 saltem
1723 5774 2058 5845 verisiinilcs,
2094 5777 2171 5832 eis

2275 4708 2531 4765 conviciis
2554 4709 2794 4765 nitantur
2803 4708 3120 4767 defendere?
3141 4709 3292 4779 Quae,
3314 4711 3557 4783 inquam,
3583 4704 3825 4769 convicia

2276 4813 2384 4853 non
2414 4798 2545 4854 mihi
2591 4814 2804 4867 nocere,
2836 4801 2926 4856 sed
2958 4802 3140 4872 potius
3176 4802 3232 4857 in
3261 4798 3423 4873 caput
3475 4796 3650 4873 ipsius
3689 4803 3828 4859 seri-

2278 4886 2445 4954 ptoris
2476 4888 2774 4945 redundare
2802 4890 2986 4945 leviter
3006 4891 3339 4962 probassem,
3373 4890 3422 4948 si
3443 4907 3552 4947 non
3574 4908 3678 4966 pro
3703 4893 3828 4948 talis

2280 4973 2439 5028 amici
2480 4973 2773 5033 reverentia
2809 4979 3155 5035 dimisissem.
3194 4980 3307 5053 Ego
3352 4981 3571 5050 quidem
3611 4978 3825 5034 Patrem

2270 5060 2381 5118 Noe
2401 5079 2611 5135 semper
2630 5068 2826 5125 habere
2837 5070 3103 5137 desidero,
3123 5070 3279 5141 cujus
3299 5069 3545 5140 pudenda
3564 5084 3690 5128 cum
3707 5060 3825 5140 iam

2270 5152 2474 5209 dudum
2508 5170 2604 5225 per
2645 5158 3014 5226 penitentiam
3066 5160 3176 5216 sint
3211 5156 3508 5234 annnllata,
3552 5153 3829 5215 denudare

2272 5259 2372 5300 nec
2390 5245 2513 5299 volo
2561 5260 2661 5303 nec
2690 5247 2861 5303 valeo.
2892 5246 3486 5319 Quieunqneenim’illa
3505 5257 3628 5319 post
3652 5250 3839 5321 pceni-'

2273 5335 2493 5390 tentiam
2542 5336 2868 5392 remansisse
2914 5345 3164 5405 testatur,
3193 5354 3302 5405 non
3335 5339 3701 5409 Christianus,
3730 5344 3829 5398 sed

2277 5425 2606 5483 Novatianns
2651 5440 2773 5508 esse
2806 5425 3099 5495 iudicatur,
3122 5442 3243 5511 cum
3284 5430 3398 5500 ipse
3429 5429 3832 5511 Dominus'per

2278 5515 2963 5599 Ezechielemq’prophetam
3010 5519 3193 5575 dicat:
3226 5518 3480 5591 Impietas
3531 5525 3685 5595 impii
3724 5540 3831 5578 non

2277 5608 2475 5662 nocebit
2497 5610 2566 5685 ei,
2591 5610 2647 5662 in
2662 5610 3068 5678 quacuttque‘dt'e
3086 5626 3354 5667 conversus
3377 5613 3536 5683 fuerit
3559 5612 3622 5667 ab
3648 5601 3833 5685 inpie-

2276 5704 2381 5779 tate
2408 5714 2520 5750 sua.
2538 5697 2748 5767 (Ezech.
2779 5698 2989 5768 .v-xxm).
3021 5698 3270 5757 Puden‘da
3292 5702 3537 5761 videlicet
3560 5718 3674 5758 non
3691 5699 3829 5768 Noe,

2276 5786 2366 5841 sed
2394 5784 2613 5855 Nicola-i,
2644 5785 2792 5844 Pauli
2825 5788 3186 5861 Samosateni,
3214 5794 3447 5866 episcopi
3480 5792 3828 5858 Antiochcni,

3588 6086 3910 6310 .-.Δ
