3944 6398
121 424 256 479 1089

996 419 1271 475 APPEND.
1312 418 1397 473 Ill.
1435 446 1503 459 -
1536 415 1957 472 nonnum“
1996 388 2448 477 cnsconma.

3165 429 3185 481 1
3198 426 3299 481 090

115 546 163 589 et
211 533 545 604 reliquorum
621 530 925 603 lmjusmodi
970 530 1187 585 Patrum
1230 529 1513 593 denudari,
1567 529 1657 597 qni
1691 531 1730 585 Α
1759 537 2033 596 peccatum
2065 532 2425 598 nominantes,
2455 542 2508 587 et
2541 546 2633 589 eos
2659 548 2779 589 vere
2813 550 2998 592 servos
3024 553 3143 593 esse
3171 557 3297 611 pec-

116 640 310 679 omnes
334 624 661 677 unanimiter
687 630 1072 676 consenserunt
1098 620 1540 673 anathematizato
1566 618 1660 671 So-

114 714 327 768 tomeni
354 714 607 783 capitulo.
622 712 826 781 Quippe
852 711 1120 775 Nicolaus,
1137 711 1188 764 in
1212 708 1524 779 Apocalypsi
1546 708 1658 763 bte-

114 804 419 858 resiarches
442 803 745 867 denotatus,
771 802 882 856 suis
896 800 1310 856 condiaconibus
1338 799 1497 851 etiam
1520 798 1661 852 cem-

112 908 309 946 munes
373 892 636 947 concessit
684 905 878 946 uxores
926 890 1105 960 (Apoc.
1162 893 1242 959 ιι).
1297 889 1494 943 Paulus
1530 903 1658 943 vero

113 982 507 1036 Samosatenus
533 999 601 1035 ne
649 984 815 1050 ipsea
852 982 1059 1035 clericis
1100 981 1213 1034 suis
1252 980 1317 1033 de
1339 978 1655 1033 feminarum

108 1070 480 1125 familiaritate
527 1081 868 1127 accusaretur
886 1112 900 1135 ,
929 1071 1126 1124 eisdem
1151 1069 1466 1127 feminarum
1491 1069 1655 1123 coha-

110 1161 428 1215 bitationem
454 1162 781 1217 concessisse
802 1162 851 1214 in
876 1161 1235 1215 ecclesiastica
1274 1159 1502 1214 Historia
1532 1174 1654 1229 per-

109 1250 327 1303 hibetur
352 1249 565 1319 (Ecssn.
589 1251 820 1304 historice
837 1250 1015 1303 eccles.
1045 1250 1134 1303 lib.
1151 1266 1243 1312 vn,
1272 1265 1319 1314 c,
1349 1249 1438 1315 25,
1467 1250 1650 1317 interp.

111 1339 355 1409 Ruﬁno).
382 1339 534 1395 Unde
555 1351 608 1395 et
638 1340 737 1410 ipsi
782 1357 895 1410 prae
918 1340 1050 1403 aliis
1084 1340 1198 1394 suis
1224 1338 1519 1394 lneresibus
1558 1354 1656 1407 pro

108 1430 206 1483 hac
245 1431 366 1499 ipsa
398 1446 585 1485 eorum
632 1420 1001 1499 usurpatione,
1051 1430 1152 1483 sub
1184 1438 1385 1483 aeterno
1418 1428 1654 1483 damnati

105 1527 230 1572 sunt
249 1521 615 1575 anathemate.
646 1519 867 1584 Horum,
907 1520 1147 1588 inquam,
1188 1518 1525 1586 pudenda,et
1545 1533 1576 1571 a
1604 1526 1655 1571 te

102 1617 152 1661 et
177 1608 248 1672 ab
268 1609 526 1665 omnibus
548 1610 716 1664 zelum
739 1608 831 1663 Dei
858 1608 1173 1662 habentibus
1196 1616 1323 1661 sunt
1342 1607 1651 1677 detegenda,

102 1712 167 1749 ne
196 1695 458 1752 fraternae
478 1699 666 1753 mortis
694 1698 895 1753 crimen
919 1696 1227 1761 incurratis,
1255 1696 1300 1751 si
1324 1682 1507 1751 idiota‘
1525 1710 1651 1766 per:-

102 1795 225 1839 eant
260 1786 506 1856 ipsorum
529 1787 979 1857 perniciosissima
1015 1786 1340 1854 deceptione,
1362 1785 1453 1855 qui
1468 1785 1655 1839 etalio-

102 1892 219 1930 rum
248 1878 501 1946 pudenda
523 1893 617 1947 per
642 1877 960 1931 obstinatam
983 1874 1340 1930 defensionem
1361 1874 1649 1931 eﬂ‘ecerunt

105 1967 200 2019 sibi
226 1967 468 2035 propria.

169 2043 375 2110 Deinde
396 2056 662 2125 praadictae
695 2055 883 2111 litterae
910 2054 1230 2110 catholicam
1261 2054 1537 2109 veritatem
1564 2068 1648 2109 se—

104 2154 241 2199 ctam
293 2146 626 2201 nominando
668 2146 1073 2215 blasphemant,
1119 2145 1335 2214 ﬁlioque
1378 2144 1647 2213 baptizata

104 2235 271 2303 patris
331 2245 666 2305 peccatum,
708 2236 820 2305 jam
870 2235 1070 2291 dudum
1115 2244 1169 2289 et
1220 2235 1276 2288 in
1329 2235 1445 2303 ipso
1500 2244 1648 2303 patre

105 2343 194 2395 per
212 2326 580 2396 paenitentiam
615 2326 988 2390 annihilatum,
1014 2323 1306 2393 Pelagiana:
1340 2323 1528 2377 haeresi
1568 2321 1647 2376 fa-

104 2415 270 2469 vendo
291 2415 578 2484 imputant.
607 2412 759 2480 Quod
791 2412 1225 2482 quamimpium,
1247 2426 1407 2481 quam
1433 2411 1645 2465 hazreti-

105 2518 251 2567 cum,
306 2518 477 2572 quam
524 2500 894 2555 detestandum
938 2508 1080 2554 esset
1138 2492 1404 2554 aestimare
1427 2542 1441 2564 ,
1493 2498 1647 2554 facile

103 2602 485 2657 monstrarem,
514 2591 559 2645 si
580 2606 685 2645 non
708 2606 805 2660 pro
833 2598 1076 2659 respectu
1107 2598 1210 2643 tua:
1236 2588 1514 2642 charitatis
1537 2588 1647 2642 dis-

66 2748 69 2753 η
103 2680 467 2733 simulandum
494 2679 670 2748 potius
691 2694 852 2747 quam
880 2678 1240 2733 ventilandum
1272 2690 1391 2730 esse
1438 2676 1646 2743 judica-

104 2783 232 2822 rcm.
276 2767 399 2837 Ipse
440 2767 583 2821 enim
629 2765 860 2836 Spiritus
903 2776 1120 2822 sanctus
1169 2781 1264 2836 per
1316 2763 1645 2828 Ezechielem

103 2857 417 2926 prophetam
442 2866 663 2913 testatur
686 2857 908 2912 dicens:
952 2856 1125 2910 Filius
1154 2873 1255 2911 non
1284 2857 1508 2927 portabit
1540 2856 1645 2909 ini-

102 2949 349 3015 quitatem
380 2947 564 3001 Patris
590 2947 800 3019 (Ezech.
829 2947 1011 3017 xvtu),
1034 2948 1123 3017 qui
1160 2956 1212 3002 et
1233 2947 1334 3001 sub
1370 2947 1643 3001 tremenda

103 3038 458 3093 obtestatione
502 3038 750 3108 prohibet
784 3052 850 3092 ne
872 3039 995 3107 quis
1027 3038 1213 3092 dentes
1253 3038 1483 3092 ﬁliorum
1524 3052 1646 3106 pcr-

1758 618 1863 667 eati
1908 628 2311 687 monstrantes,
2356 637 2443 675 me
2490 622 2646 692 quasi
2679 624 2951 679 dominum
2990 632 3297 687 eorumdcm

1760 705 1953 759 habere
1986 708 2197 762 vellent.
2230 708 2490 766 Praeterea
2525 720 2578 766 et
2610 728 2740 782 ego,
2781 714 2825 768 si
2861 729 2957 783 pro
2994 724 3082 770 tua
3121 720 3300 774 chari-

1758 801 1863 845 tate
1892 809 1997 847 non
2026 797 2442 865 dissimularem,
2470 802 2680 856 veracia
2707 804 2868 879 etiam
2900 808 3115 861 nomina
3137 821 3299 878 caput

1759 881 2038 939 Sozomeni
2088 890 2527 959 amplectentibus
2550 908 2654 947 non
2676 894 2796 947 dico
2823 894 3169 964 imponerem,
3204 902 3296 954 sed

1757 971 2049 1040 antiquitus
2099 976 2349 1047 imposita
2392 978 2630 1048 proferre
2665 990 2889 1036 ‘nossem
2922 1001 2934 1035 :
2964 984 3015 1036 in
3066 1001 3296 1054 quorum

1755 1064 2049 1131 prolatione
2068 1081 2176 1120 non
2204 1083 2324 1138 ego,
2355 1078 2569 1139 prOptcr
2592 1072 2947 1135 mendacium,
2972 1084 3025 1126 et
3065 1077 3295 1130 animam

1755 1168 1926 1207 meam
1957 1144 2254 1211 occiderem
2298 1168 2353 1212 et
2376 1159 2552 1213 locum
2582 1160 2633 1212 in
2667 1169 2855 1229 stagno
2889 1162 3027 1231 ignis
3061 1166 3297 1221 ardentis

1753 1245 2192 1311 promeruissem,
2220 1249 2312 1303 sed
2354 1248 2500 1318 ipsos
2544 1265 2641 1319 pro
2680 1250 2878 1303 eisdem
2906 1252 3211 1307 nominibus
3242 1264 3298 1308 et

1755 1347 1896 1387 nunc
1924 1334 2421 1402 anathematizatos,
2450 1346 2501 1391 et
2529 1340 2867 1407 postmodum
2906 1348 3102 1395 aeterno
3144 1343 3250 1414 igni
3278 1383 3292 1408 ,

1729 1421 1857 1475 .nisi
1895 1422 2286 1493 resipiscerent,
2313 1425 2515 1495 liquido
2536 1428 2817 1495 probarem
2847 1444 2967 1484 esse
2994 1431 3297 1500 mancipan—

1752 1509 1869 1563 dos.
1906 1509 2023 1565 Non
2066 1521 2242 1581 autem
2290 1514 2516 1567 nimium
2562 1516 2760 1569 eisdem
2799 1518 2987 1573 litteris
3032 1521 3293 1590 indignari

1751 1599 1893 1664 volo,
1922 1616 2088 1669 quas,
2121 1602 2173 1654 in
2206 1603 2583 1657 contumeliam
2622 1605 2800 1673 potius
2842 1621 3060 1660 suarum
3091 1607 3291 1680 [suam]

1750 1701 1910 1755 quam
1940 1705 2136 1755 meam,
2164 1690 2300 1746 falso
2324 1708 2409 1745 me
2430 1703 2694 1761 peccatum
2725 1696 3030 1751 nominasse
3046 1712 3141 1766 pro
3176 1698 3290 1767 ipsa

1756 1773 1985 1831 Veritate
2003 1780 2259 1848 percipio,
2282 1796 2419 1849 quae,
2441 1782 2592 1850 juxta
2617 1784 2949 1853 Apostolum,
2995 1787 3153 1840 etiam
3195 1803 3292 1857 pro

1752 1864 1931 1935 impiis
1962 1867 2102 1923 facta
2125 1878 2208 1923 est
2236 1879 2511 1939 peccatum
2538 1871 2678 1940 (Gal.
2711 1874 2811 1941 ιιι).
2845 1873 2959 1943 ipsa
3002 1877 3193 1945 quippe
3237 1879 3288 1931 in

1747 1951 2037 2025 Evangelio
2074 1959 2230 2012 nobis
2257 1959 2425 2013 dicit:
2473 1960 2625 2014 Beati
2667 1963 2821 2027 estis,
2860 1979 2973 2015 cum
3006 1966 3289 2019 nia/edixe-
3324 1958 3334 1967 ’

1746 2047 1852 2098 rint
1892 2045 2033 2100 vobis
2061 2047 2293 2101 homines
2318 2089 2333 2114 ,
2359 2058 2408 2102 et
2435 2042 2685 2118 persecuti
2721 2067 2805 2104 vos
2837 2051 3028 2120 fuerint
3063 2062 3111 2106 et
3145 2055 3292 2107 dixe—

1746 2138 1851 2191 rint
1896 2152 2043 2191 omne
2076 2137 2273 2191 malum
2309 2140 2551 2192 adversus
2602 2156 2689 2194 vos
2740 2142 3036 2195 mentientes
3086 2154 3293 2212 propter

1745 2244 1843 2293 me,
1873 2236 1974 2281 etc.
2007 2226 2221 2297 (Hattlt.
2251 2229 2327 2296 v).
2350 2228 2491 2299 Ergo
2520 2238 2574 2283 et
2606 2246 2705 2299 ego
2734 2246 2831 2285 nec
2856 2248 3041 2286 verum
3065 2234 3292 2287 dicendo

1688 2334 1689 2339 η
1743 2316 2022 2384 praedictas
2051 2317 2276 2382 litteras,
2301 2326 2359 2371 ut
2380 2328 2710 2384 meruerunt,
2750 2320 3122 2389 blasphemare
3145 2324 3285 2377 volo.

1743 2402 1877 2458 Novi
1903 2404 2047 2458 enim
2082 2420 2244 2474 quam
2274 2406 2581 2484 terribiliter
2606 2406 2772 2462 Judas
2807 2410 3083 2478 apostolus
3124 2411 3289 2465 silen-A

1745 2495 1879 2548 tium
1917 2495 2157 2565 imponat
2182 2496 2699 2565 blasphemantibus,
2739 2514 2984 2554 asserens
3011 2502 3154 2571 quod
3194 2518 3293 2557 nec

1744 2582 1966 2637 Michael
2012 2584 2367 2655 archangelus
2406 2602 2587 2641 secum
2625 2588 2969 2642 altercantem
3019 2589 3288 2644 diabolum

1743 2672 2113 2741 blasphemare
2156 2672 2319 2727 fuerit
2362 2689 2547 2730 ausus.
2581 2675 2758 2744 ipsum
2793 2692 3007 2744 quoque
3048 2694 3142 2732 vas
3183 2680 3291 2733 ele-

1742 2762 1935 2817 ctionis
1974 2770 2202 2817 testatur
2244 2766 2489 2833 quoniam
2537 2764 2779 2817 maledici
2823 2782 3031 2834 regnum
3065 2766 3158 2821 Dei
3187 2784 3287 2821 non

1742 2852 2151 2925 possidebuntU
2182 2852 2301 2909 Cor.
2329 2856 2425 2926 vr).
2457 2854 2623 2910 David
2665 2855 2825 2910 etiam
2858 2857 2910 2910 in
2939 2872 3035 2912 sua
3059 2872 3288 2926 persona

1744 2944 1873 2997 satis
1924 2944 2215 2998 terribilem
2264 2946 2515 2999 omnibus
2573 2946 2822 3016 proponit
2882 2947 3286 3003 conditionem:

1744 3030 1804 3087 Si
1842 3034 2073 3100 reddidi,
2113 3035 2314 3105 inquit,
2367 3037 2763 3091 retribuentibus
2794 3038 2923 3090 mihi
2952 3036 3111 3103 mala,
3147 3038 3289 3092 deci-

104 3128 290 3183 acerba
321 3144 428 3183 uva
469 3144 499 3182 a
543 3128 787 3199 patribus
815 3136 1049 3183 comesta
1073 3121 1246 3198 (ibid.)
1271 3128 1645 3196 obstupescere
1670 3140 1710 3196 α
1742 3124 1864 3177 dam
1893 3126 2075 3178 merito
2103 3112 2417 3193 ab‘inimicis
2445 3128 2569 3180 meis
2592 3128 2765 3181 inanis
2795 3127 2947 3194 (Psal
2972 3129 3158 3199 vn),et
3189 3144 3292 3184 ca:-

103 3216 443 3287 dogmatizet.
501 3215 616 3271 Non
659 3231 758 3287 ego
792 3217 988 3291 quippe
1032 3216 1290 3287 dedignor
1339 3230 1461 3270 cum
1507 3215 1643 3283 ipso,

104 3322 259 3374 quem
301 3305 563 3361 Dominus
589 3306 880 3361 secundum
900 3321 994 3361 cor
1018 3321 1177 3361 suum
1218 3306 1393 3379 elegit,
1420 3304 1596 3359 dicere
1628 3321 1641 3357 :

106 3394 233 3448 Ecce
256 3397 399 3449 enim
419 3398 475 3449 in
502 3396 863 3467 iniquitatibus
890 3404 1160 3466 conceptus
1188 3412 1323 3462 sum,
1352 3404 1401 3450 et
1432 3396 1487 3448 in
1526 3411 1644 3464 pec-

105 3486 231 3538 catis
255 3486 491 3557 concepit
515 3502 593 3539 me
609 3496 776 3540 mater
804 3503 916 3540 mea
942 3486 1112 3557 (Psal.
1142 3488 1214 3557 ι).
1254 3485 1540 3557 Nunquam
1562 3494 1645 3540 ta-

108 3587 222 3629 men
245 3576 384 3630 adeo
406 3590 491 3630 me
519 3577 716 3645 ipsum,
743 3576 852 3631 Deo
872 3578 1186 3642 miserante,
1216 3578 1558 3647 impugnabo,
1588 3586 1647 3631 ut

107 3664 169 3720 de
191 3667 347 3734 plena
372 3666 690 3720 remissione
714 3675 1051 3734 peccatorum
1080 3667 1134 3719 in
1162 3667 1427 3734 baptismo
1462 3678 1645 3721 contra

109 3755 258 3809 tidem
311 3755 632 3820 catholicam
674 3771 793 3810 cum
844 3754 1059 3824 Pelagio
1104 3755 1355 3810 dillidam.
1396 3754 1645 3810 Nimium

108 3854 243 3899 certe
287 3846 455 3901 alium
510 3845 879 3914 blasphemare
922 3854 1166 3911 conatur,
1220 3846 1313 3915 qui
1366 3845 1421 3899 in
1461 3847 1646 3900 eadem

94 3930 215 4003 ipsa
255 3934 589 4002 blasphemia
644 3936 960 3990 catholicam
1009 3935 1166 3989 fidem
1192 3936 1505 4007 impugnare
1530 3952 1649 4005 pro-

105 4020 275 4076 batur.

171 4132 369 4192 Parum
413 4134 574 4189 etiam
614 4135 808 4189 eaedem
846 4135 1035 4190 litterae
1074 4144 1221 4190 tuam
1253 4145 1457 4206 partem
1489 4137 1645 4207 juve-

104 4232 245 4287 runt,
284 4239 413 4279 cum
438 4232 620 4279 contra
650 4224 858 4280 Domini
900 4237 1219 4297 praeceptum
1259 4244 1343 4282 me
1364 4244 1459 4298 per
1507 4228 1649 4284 blas-

106 4314 669 4385 phemiampeccatum
708 4317 1142 4381 nominaverunt;
1168 4334 1286 4387 qua:
1306 4334 1410 4372 non
1433 4319 1553 4373 dico
1576 4328 1645 4383 te,

1746 3222 1857 3267 tera
1884 3198 2305 3283 hnjusmodifSi
2343 3218 2505 3285 igitur
2542 3220 2661 3273 talis
2694 3234 2850 3287 paena
2881 3218 3103 3273 debetur
3128 3221 3289 3275 etiam

1744 3305 1819 3358 illi
1863 3305 1953 3374 qni
2008 3320 2105 3374 pro
2168 3306 2309 3360 bono
2356 3308 2554 3360 malum
2609 3309 3088 3364 reddenti‘malum
3134 3313 3291 3366 retri-

1743 3394 1896 3459 buit,
1954 3395 2084 3465 quid
2137 3395 2204 3450 de
2259 3395 2731 3465 illo‘judicabitur,
2767 3398 2860 3467 qui
2920 3399 3120 3453 malum
3176 3398 3290 3455 fra-

1747 3485 1814 3538 tri
1856 3500 1956 3539 suo
1997 3485 2073 3539 nil
2099 3485 2206 3540 nisi
2250 3486 2455 3540 malum
2476 3488 2799 3555 promerenti
2831 3488 3126 3544 reddidisse
3160 3505 3292 3545 con-

1746 3576 2013 3632 vincitur?

1814 3709 2089 3765 Incassum
2113 3725 2239 3781 ergo
2272 3711 2468 3766 eaedem
2496 3712 2688 3768 litterae
2709 3712 2840 3767 mihi
2864 3722 3140 3783 opponunt
3160 3714 3289 3768 illud

1747 3799 2052 3856 Salomonis
2094 3820 2106 3854 :
2141 3800 2387 3855 Jurenem
2426 3803 2579 3855 nimis
2621 3802 2729 3854 alta
2766 3811 3013 3869 petentem
3055 3819 3165 3856 esse
3204 3820 3291 3857 re-

1747 3893 2051 3945 trahendum
2076 3932 2090 3956 ,
2126 3906 2246 3945 cum
2278 3891 2380 3943 hoc
2408 3905 2513 3943 non
2554 3891 2693 3953 mihi
2712 3931 2726 3956 ,
2755 3892 2847 3945 sed
2882 3891 2985 3947 illis
3012 3892 3082 3947 sit
3109 3894 3293 3948 dicen-

1744 3982 1871 4034 dum
1906 3981 1999 4049 qui
2023 4020 2038 4044 ,
2064 3980 2391 4034 conculcatis
2419 3980 2586 4049 ipsius
2630 3983 2799 4036 sancti
2835 3981 3065 4053 Spiritus
3094 4000 3291 4053 prtece-

1743 4071 1868 4139 ptis,
1916 4084 1975 4123 se
2003 4070 2141 4123 altos
2171 4070 2458 4135 aestimant,
2494 4071 2765 4140 sequendo
2797 4071 2985 4126 inanes
3012 4112 3027 4137 ,
3075 4072 3184 4124 imo
3227 4071 3291 4123 ti-

1746 4170 1860 4216 ctas
1898 4160 2175 4215 hominum
2205 4160 2534 4215 traditiones.
2564 4161 2753 4215 Videat
2784 4160 2945 4229 igitur
2980 4160 3291 4213 fraternitas
3371 4188 3377 4195 ι

1749 4258 1839 4304 tua
1865 4265 2027 4319 quam
2049 4265 2259 4319 parum,
2282 4251 2365 4303 vel
2392 4250 2569 4318 potius
2596 4254 2755 4317 quam
2788 4250 2920 4302 nihil
2950 4250 3038 4303 illa
3063 4250 3288 4319 epistola

1749 4350 1837 4393 tua
1870 4339 2161 4407 providerit
2184 4339 2398 4403 honori,
2428 4353 2547 4408 quae
2573 4347 2626 4392 et
2651 4346 2796 4393 tuam
2828 4348 3055 4409 partem,
3080 4348 3141 4394 ut
3164 4356 3291 4410 pro-

107 4404 195 4457 sed
222 4419 441 4459 onmem
471 4416 631 4500 caput
653 4405 931 4500 Sozomeni
956 4408 1505 4500 suscipientem,_vere
1534 4423 1648 4500 Set-
1680 4445 1722 4499 Ι)
1752 4404 1934 4482 liatu—m
1962 4435 2063 4493 est,
2092 4404 2540 4499 impugnavitiet,
2554 4429 2697 4499 quod
2726 4404 2879 4500 pejus
2892 4439 2993 4495 est,
3103 4404 3288 4485 contra

107 4508 226 4551 vum
246 4510 369 4551 esse
404 4496 627 4565 peccati,
652 4510 758 4550 non
801 4496 1015 4565 quidem
1058 4505 1264 4565 sponte,
1289 4496 1382 4551 sed
1404 4506 1534 4551 nutu
1561 4498 1643 4551 di-

106 4584 226 4637 vino
253 4593 457 4641 coacta
485 4585 860 4654 probaverunt.
914 4584 1073 4641 Juxta
1108 4585 1449 4657 Evangelium
1476 4588 1639 4655 enim,

107 4671 412 4744 quicunque
436 4682 639 4742 peccat,
669 4673 1362 4747 servuspeccatiexstatUl
1385 4676 1528 4730 Petr.
1566 4693 1638 4742 n;

108 4756 251 4813 Rom.
293 4760 372 4832 6).
399 4762 674 4819 Praedicta:
701 4773 879 4832 autem
909 4766 1099 4821 litterae
1140 4781 1285 4829 cum,
1328 4774 1640 4819 sanctorum

110 4847 321 4906 Patrum
356 4854 570 4909 statutis
598 4847 1005 4924 consentiendo,
1043 4870 1137 4909 eos
1164 4854 1257 4924 qui
1300 4862 1459 4922 caput
1478 4854 1644 4908 Sozo-

111 4941 247 4995 meni
300 4943 569 5013 recipiunt
616 4942 1099 5008 anathematizent,
1144 4943 1361 4997 eosdem
1430 4944 1642 4997 mortali

112 5040 323 5094 peccato
340 5026 604 5101 obligatos
640 5048 759 5087 esse
790 5032 980 5086 docent
1012 5052 1026 5087 :
1057 5049 1183 5104 ergo
1209 5044 1258 5089 et
1280 5035 1494 5090 eosdem
1519 5051 1642 5090 vere

111 5132 287 5179 servos
306 5139 427 5181 esse
448 5125 649 5194 peccati
678 5123 1015 5179 conﬁrmant.

180 5233 409 5295 Videsne
449 5240 613 5311 igitur
651 5227 816 5310 quam
858 5254 1049 5309 parum
1079 5239 1207 5307 ipsae
1235 5238 1517 5309 praedictos
1562 5240 1645 5293 vi-

110 5320 330 5382 deamur
376 5330 674 5387 honorasse
696 5372 710 5398 ,
763 5347 885 5386 cum
915 5330 1110 5385 caedem
1150 5345 1233 5385 me
1259 5372 1272 5395 ,
1318 5331 1442 5386 licet
1470 5330 1605 5385 falso
1628 5372 1644 5396 ,

1747 4518 2078 4574 sacerdotale
2100 4516 2341 4571 ofﬁcium
2366 4526 2489 4574 tuos
2516 4520 2720 4576 amicos
2744 4520 2878 4575 nihil
2903 4536 2931 4574 a
2964 4529 3032 4585 te,
3063 4520 3163 4573 nisi
3192 4520 3290 4573 bo-

1748 4626 1876 4663 num
1897 4609 2237 4678 promeritos,
2260 4608 2397 4664 falso
2418 4610 2817 4680 blasphemasse
2847 4610 3097 4663 indicavit
3115 4622 3288 4673 :cnm,

1742 4699 1893 4766 juxta
1922 4697 2131 4753 Domini
2158 4690 2500 4769 praeceptum,
2518 4716 2614 4754 nec
2637 4700 2854 4753 inimico
2879 4699 2949 4751 sit
2970 4698 3291 4752 maledicen-

1746 4792 1874 4844 dum
1920 4791 2132 4863 (Matth.
2179 4794 2251 4862 v).
2292 4792 2626 4859 Quapropter
2668 4788 2983 4842 charitative
3025 4786 3291 4841 admoneo

1745 4891 1797 4935 te
1852 4898 1918 4936 ne
1970 4898 2205 4952 unquam
2243 4884 2297 4935 in
2333 4889 2438 4933 tua:
2465 4878 2739 4949 religionis
2764 4886 2817 4932 et
2848 4877 3165 4931 eruditionis
3199 4878 3291 4931 de—

1744 4973 2077 5040 rogationem
2122 4969 2281 5023 alicui
2310 4977 2422 5022 tam
2464 4968 2778 5022 maledicam
2802 5008 2817 5033 ,
2860 4976 2971 5023 tam
3012 4970 3289 5021 illimatam

1743 5063 2076 5116 transmittas
2122 5060 2421 5129 epistolam,
2446 5074 2536 5125 ne,
2577 5058 2624 5115 si
2672 5060 2889 5128 aliquis,
2930 5059 3021 5127 qui
3064 5056 3291 5108 libenter

1744 5153 1871 5206 velit
1914 5152 2237 5207 contendere
2281 5159 2483 5220 tuoque
2525 5152 2719 5205 honori
2762 5164 2949 5219 parum
2987 5144 3286 5215 providere,

1745 5242 1916 5310 ipsam
1937 5240 2243 5310 perspiciat,
2258 5256 2446 5297 omnes
2464 5242 2581 5311 ejus
2601 5238 2957 5307 blasphemias
2984 5237 3035 5288 in
3058 5235 3287 5303 teipsum

1746 5341 2070 5402 retorqueat.
