3944 6412
1523 455 1613 509 ΑΙ)
1647 453 1873 510 OPERA
1913 451 1968 507 S.
2011 448 2333 507 GREGORII
2367 447 2805 506 APPENDICES.

2061 723 2259 786 ITEM

1309 899 2230 1000 CONTUMELIOSA
2301 895 2997 990 RESCRIPTIO

1760 1093 1882 1153 Pro
1910 1089 2230 1166 superiori
2259 1084 2560 1165 capitulo.

621 1414 816 1480 Fratri,
840 1413 970 1467 hcu!
993 1411 1046 1465 in
1067 1418 1148 1465 tot
1166 1408 1348 1480 hydra:
1371 1404 1544 1474 capita
1573 1400 1805 1456 tumenti
1827 1399 2112 1452 ansawo
2141 1399 2186 1453 Α
2211 1387 2642 1461 compassionem
2693 1391 2874 1460 magni
2929 1388 3226 1462 Paphnuci.
3246 1433 3261 1457 ,
3315 1396 3772 1464 quemadmodum

550 1509 836 1568 ALBOINl'S,
859 1518 916 1556 se
940 1500 1244 1554 nullatenus
1265 1497 1420 1552 cmcis
1439 1493 1685 1549 cerastzei
1712 1489 1902 1544 veneni
1931 1487 2109 1540 corni-

554 1599 654 1651 bus
683 1591 995 1665 periclitari.
1600 1666 1603 1667 ν

619 1685 677 1739 Si
715 1698 822 1738 non
850 1683 953 1737 sub
977 1693 1142 1734 suave
1177 1674 1378 1732 Christi
1412 1666 1603 1741 jugum
1633 1669 1769 1724 colla
1804 1665 2109 1722 submissus

545 1775 658 1842 jam
693 1772 896 1828 dudum
930 1773 1252 1822 testamento
1287 1763 1436 1832 pacis
1463 1760 1733 1829 respirare
1764 1766 2067 1827 appeterem
2093 1793 2109 1819 ,
2150 1804 2152 1806 ,

552 1865 660 1917 tuis
703 1860 983 1916 maledicis
1037 1855 1316 1924 rescriptis
1342 1853 1562 1922 dignum
1595 1849 1848 1904 talionem
1890 1844 2112 1900 reddere

550 1969 658 2008 non
691 1950 1118 2008 succumberem.
1150 1945 1253 1999 Sed
1283 1959 1379 2014 per
1410 1955 1551 1994 nunc
1588 1938 1847 2007 temporis
1880 1935 1932 1990 id
1962 1950 1991 1988 a
2027 1946 2114 1986 me

552 2042 700 2108 fieri,
730 2043 846 2110 ipsa
875 2041 1088 2093 ratione
1117 2035 1375 2104 magistra
1399 2073 1416 2098 ,
1448 2039 1662 2085 constat
1690 2027 1983 2099 prohiberi,
2021 2038 2111 2077 ra-

551 2133 698 2187 tione
741 2132 984 2200 inqnam,
1023 2143 1088 2182 ne
1118 2125 1280 2180 alicui
1328 2123 1530 2178 malum
1580 2137 1677 2190 pro
1713 2119 1854 2172 malo
1892 2116 2113 2171 reddam

552 2220 725 2286 (nam.
763 2219 881 2285 xn).
935 2218 1011 2272 Ac
1059 2232 1173 2280 me,
1202 2215 1282 2268 uti
1314 2213 1422 2268 tuis
1467 2211 1660 2265 litteris
1706 2208 1911 2278 liquido
1949 2215 2111 2275 patet,

552 2313 729 2370 scisso
763 2309 920 2378 peplo
949 2306 1202 2371 Palladis,
1233 2303 1390 2373 quasi
1421 2301 1648 2371 injurias
1675 2298 1976 2358 concitasse
2005 2296 2115 2365 pri-

550 2415 724 2464 orem,
757 2400 803 2454 si
824 2398 995 2464 unedo
1034 2397 1213 2466 aliqua
1235 2409 1371 2450 .cura
1404 2402 1567 2457 esset,
1607 2390 1822 2444 facilius
1845 2389 1989 2448 dicto
2016 2401 2117 2440 ex-

551 2505 781 2560 purgare
803 2487 1119 2557 potuisscm.
1146 2485 1229 2539 Nil
1257 2495 1436 2540 autem
1464 2483 1589 2535 item
1617 2481 1818 2536 dictum
1844 2493 1964 2532 esse
1985 2492 2118 2530 con—

553 2580 920 2642 tumeliosuin,
954 2578 1150 2646 cuique
1176 2577 1404 2637 litteras,
1449 2571 1548 2626 etsi
1571 2571 1710 2624 male
1740 2576 2004 2630 tornatas,
2031 2574 2114 2620 ta-

553 2684 676 2724 men
719 2684 867 2723 meas
907 2667 1136 2736 legenti,
1168 2666 1287 2720 luce
1319 2664 1517 2718 clarius
1553 2662 1611 2715 fit
1639 2670 1941 2732 expertum.
1976 2657 2116 2723 Quid

551 2759 607 2814 in
641 2759 746 2814 hoc
800 2757 937 2810 male
983 2756 1082 2809 feci
1145 2755 1229 2808 vel
1272 2753 1401 2824 quid
1452 2751 1766 2822 promerui,
1797 2750 1842 2804 si
1870 2764 1970 2820 ego
2000 2763 2032 2802 a
2069 2757 2118 2802 te

552 2846 710 2918 quasi
739 2847 963 2901 fideliter
989 2845 1362 2916 praemonitus,
1393 2845 1577 2908 etiam,
1605 2857 1760 2896 versa
1787 2841 1922 2904 vice,
1947 2839 1998 2894 té
2020 2852 2117 2908 pro

551 2937 735 3008 aliqua
767 2951 1099 3006 przemonere
1127 2935 1349 2990 curavi?
1380 2933 1484 2987 Sed
1514 2941 1594 2997 ut,
1625 2947 1747 2985 meo
1777 2930 1969 2984 honori
1989 2943 2117 2998 pro—

549 3027 801 3092 videndo,
828 3026 966 3091 aliis,
992 3040 1100 3080 non
1132 3025 1227 3078 tibi
1267 3038 1352 3078 me
1390 3023 1455 3078 de
1488 3023 1589 3077 hac
1617 3020 1838 3075 infamia
1877 3020 2117 3075 securio-

554 3133 668 3171 rem
710 3117 950 3180 reddam,
994 3117 1122 3170 libet
1164 3115 1240 3170 uti
1289 3129 1578 3188 parumper
1613 3113 1799 3182 pedem
1838 3111 2119 3166 retrahens

552 3207 726 3262 nostri
764 3207 971 3279 negocii
1007 3205 1302 3273 primordia
1335 3205 1399 3256 ad
1441 3203 1675 3256 medium
1722 3203 1935 3256 ducam.
1981 3201 2115 3254 Cum

553 3311 641 3350 me
687 3310 815 3350 vero
863 3296 970 3349 tuis
1012 3295 1375 3352 curatidribus
1426 3293 1592 3365 [[ονι.
1647 3290 2117 3362 accuratioribus]

553 3385 791 3455 scriptis,
819 3386 1257 3453 coacervatisqne
1282 3397 1594 3438 sanctorum
1628 3383 1952 3438 testimoniis
1973 3424 1986 3448 ,
2019 3399 2119 3437 ceu

555 3475 780 3530 ﬁdeliter
812 3477 1212 3544 praemonendo,
1237 3491 1265 3527 a
1293 3475 1552 3528 canonica
1578 3474 1759 3544 regula
1784 3474 2030 3528 deviasse
2053 3489 2118 3528 ex

555 3565 775 3634 obliquo
808 3565 1026 3627 notasti,
1057 3566 1244 3634 quales
1269 3574 1444 3634 grates
1491 3565 1572 3616 vel
1601 3565 1730 3633 quid
1754 3564 1880 3616 boni
1907 3579 2121 3632 prome-

555 3657 762 3710 ruisses
804 3671 910 3709 non
955 3656 1088 3710 satis
1117 3653 1273 3708 facile
1313 3654 1551 3707 invenire
1585 3654 1773 3722 potui:
1805 3654 1948 3723 quod
1965 3654 2117 3707 .ami~

556 3761 679 3804 cum
720 3747 836 3804 sine
860 3761 1027 3800 causa
1072 3747 1362 3799 admonere
1385 3787 1399 3810 ,
1431 3745 1558 3813 quid
1614 3753 1698 3799 est
1744 3746 1848 3799 nisi
1884 3744 2120 3799 infamia:

557 3836 825 3890 maculam
873 3836 925 3891 in
977 3836 1127 3890 illum
1175 3835 1296 3904 plus
1327 3835 1612 3904 Spargere?
1646 3833 1780 3887 Nam
1816 3837 1906 3889 ubi
1947 3851 2118 3904 neque

556 3942 644 3982 res
669 3941 849 3996 neque
876 3941 1011 3994 opus
1039 3923 1361 3979 admonendi
1390 3923 1571 3986 instat,
1595 3910 1865 3992 ubi,quid,
1883 3926 2113 3994 quando,

553 4018 663 4080 cui,
713 4017 823 4068 imo
878 4031 1106 4084 qumque
1159 4016 1566 4069 circumstantia
1592 4025 1774 4081 vacat;
1807 4031 1957 4085 ergo,
1988 4016 2114 4070 abs-
2145 4038 2184 4093 ο

554 4120 663 4175 que
686 4105 770 4162 his
795 4147 809 4169 ,
837 4105 966 4175 quid
989 4104 1220 4173 alicujus
1267 4104 1555 4158 admonere
1587 4106 1731 4160 aliud
1760 4108 1971 4173 valeat,
2012 4110 2116 4162 nisi

556 4205 785 4262 tantum,
819 4205 878 4249 ut
902 4203 1078 4264 poeta,

627 4307 792 4361 Omne
815 4323 1188 4376 supervacuum
1219 4306 1368 4375 pleno
1399 4323 1464 4361 ae
1490 4317 1692 4376 pectore
1727 4307 1947 4363 manui?

556 4420 638 4476 Me
665 4435 794 4476 vero
823 4421 875 4472 in
903 4428 1118 4486 recepto
1144 4417 1429 4474 Sozomeni
1459 4423 1632 4490 capite
1657 4463 1672 4487 ,
1702 4424 1768 4477 de
1802 4439 1912 4492 quo
1941 4423 2120 4479 adhuc

557 4514 660 4566 sub
696 4513 877 4582 judice
915 4510 980 4564 lis
1010 4519 1094 4564 est
1114 4551 1128 4575 ,
1157 4509 1232 4563 nil
1262 4526 1500 4581 unquam
1528 4527 1557 4564 a
1587 4529 1718 4565 sana
1752 4514 1997 4568 doctrina
2025 4516 2118 4570 de-

556 4604 762 4667 viasse,
791 4601 987 4670 cuique
1027 4601 1164 4655 scire
1192 4601 1576 4672 volenti’patet
1619 4604 1829 4672 gemina
1867 4604 2078 4658 ratione
2102 4646 2116 4672 ,

558 4709 664 4748 una
691 4694 894 4749 scilicet
919 4690 1062 4764 quod
1093 4691 1167 4744 nil
1208 4690 1262 4744 iu
1282 4693 1492 4758 eodem,
1523 4703 1669 4748 certo
1695 4695 1814 4749 loco
1837 4735 1851 4759 ,
1883 4703 2121 4764 tempore

559 4783 906 4853 probatisque
942 4782 1187 4848 personis
1221 4783 1445 4836 recitato
1466 4823 1479 4846 ,
1528 4783 1730 4850 scripto
1750 4824 1764 4847 ,
1815 4787 2078 4842 translato
2105 4807 2116 4841 :

560 4874 664 4928 nisi
735 4871 1102 4928 authenticum
1159 4883 1213 4926 et
1273 4873 1550 4941 probabile
1619 4874 1913 4942 perspicio;
1955 4876 2119 4932 altera

559 4963 704 5016 enim
730 5003 745 5026 ,
798 4961 843 5033 si
887 4975 995 5016 non
1041 4961 1303 5032 probabili
1343 4965 1619 5016 meliorem
1670 4964 1999 5019 intellectum
2035 4968 2123 5020 ad-

562 5053 756 5107 hibens
811 5049 976 5122 Hart.
1030 5049 1362 5124 adhibeat],
1434 5053 1569 5106 nihil
1615 5055 1716 5110 sub
1774 5056 1892 5125 ejus
1957 5072 2120 5112 occa—

561 5143 714 5199 sione
767 5141 1004 5211 perversi
1069 5142 1373 5212 dogmatizo
1398 5184 1412 5209 ,
1485 5158 1661 5218 neque
1726 5148 1804 5200 tui
1871 5147 2121 5203 admoni-

561 5233 710 5287 tione
736 5247 875 5303 opus
902 5232 1106 5302 habeo,
1138 5247 1240 5288 nec
1266 5231 1600 5304 Gregoriano
1628 5236 1955 5293 anathemati
1987 5239 2119 5294 sub-

559 5323 734 5392 jaceo.
1157 5349 1163 5355 -

633 5409 770 5468 Nam
808 5429 982 5483 neque
1014 5423 1072 5470 tu
1123 5429 1300 5484 neque
1335 5412 1532 5483 aliquis
1557 5429 1703 5470 sanae
1728 5417 1941 5484 frontis,
1971 5420 2118 5474 salva

563 5504 806 5568 veritate,
829 5503 882 5556 in
907 5500 1097 5557 faciem
1124 5505 1366 5561 confiteri
1394 5514 1570 5575 potest
1597 5508 1740 5577 quod
1757 5523 1842 5562 me
1857 5525 2115 5579 unquam,

567 5596 668 5649 sub
691 5595 851 5662 hujus
875 5593 1095 5663 capituli
1121 5595 1427 5661 occasione,
1457 5597 1540 5651 vel
1568 5613 1691 5652 cum
1716 5596 1991 5657 Nicolaitis
2036 5604 2119 5657 vel

568 5699 689 5737 cum
718 5682 1064 5737 Paulianistis
1089 5684 1333 5752 pr0prias
1369 5702 1565 5742 uxores
1600 5689 1968 5747 sacerdotibus
1989 5709 2120 5750 con-

567 5773 796 5830 cessisse
807 5772 1036 5841 audiret;
1051 5775 1141 5829 sed
1165 5774 1217 5831 id
1241 5779 1616 5832 tantummodo
1627 5790 1842 5849 propter
1869 5797 2117 5852 magnam

2209 1483 2478 1552 quoddam
2503 1481 2895 1550 Gregorianum
2945 1482 3210 1550 recepisse
3234 1499 3319 1538 me
3340 1485 3546 1554 absque
3573 1490 3776 1544 rubore

2210 1570 2381 1628 fateor
2406 1591 2417 1624 :
2445 1580 2662 1640 propter
2687 1586 2851 1640 quam
2881 1585 2992 1624 rem
3015 1572 3096 1625 vel
3127 1587 3156 1625 a
3183 1579 3255 1639 te,
3285 1575 3366 1628 vel
3388 1575 3456 1629 ab
3480 1577 3666 1646 aliquo
3687 1593 3776 1633 me

2210 1662 2386 1716 notari
2412 1675 2520 1715 non
2546 1676 2752 1724 vereor,
2780 1662 2946 1730 quod,
2962 1661 3100 1715 sicut
3123 1661 3180 1714 S.
3205 1662 3461 1734 Gregorio
3486 1665 3778 1724 Sicilianos

2210 1749 2467 1804 diaconos
2511 1750 2580 1803 ab
2627 1751 2889 1804 uxoribus
2945 1765 3052 1802 non
3101 1751 3155 1803 in
3207 1760 3446 1820 tempore
3487 1757 3780 1824 prohibitis

2210 1840 2472 1893 violenter
2494 1849 2548 1893 et
2577 1839 2879 1892 inordinate
2924 1840 3163 1906 separari
3185 1881 3199 1905 ,
3235 1841 3557 1904 deteriorem
3585 1860 3778 1900 casum

2212 1929 2442 1993 timenti,
2473 1928 2654 1982 minus
2679 1929 2913 1998 placuit;
2945 1930 3022 1982 uti
3050 1927 3393 1998 Paphnucius
3425 1945 3550 1988 ante
3584 1949 3781 1990 consc-

2213 2020 2510 2074 crationcm
2548 2019 2780 2088 legitime
2807 2019 2986 2073 ductis
3014 2020 3274 2074 uxoribus
3292 2062 3306 2086 ,
3336 2023 3583 2078 similiter
3611 2038 3779 2079 occa-

2213 2109 2418 2165 sionem
2435 2108 2808 2163 fornicationis
2823 2109 3141 2174 abhorrens,
3163 2112 3470 2168 sacerdotes
3492 2129 3600 2168 non
3620 2129 3780 2170 como

2213 2199 2429 2253 misceri
2462 2199 2807 2263 contradixit;
2834 2199 2913 2253 sic
2944 2201 3105 2254 ctiam
3133 2200 3266 2253 mihi
3295 2201 3648 2269 homunculo,
3685 2220 3783 2259 vc-

2214 2289 2312 2343 luti
2345 2304 2469 2343 cum
2493 2297 2604 2342 tam
2629 2289 2833 2343 sanctis
2853 2290 2983 2344 viris
3012 2290 3066 2342 in
3089 2287 3229 2343 idem
3259 2292 3619 2347 consentienti
3645 2335 3659 2358 ,
3690 2295 3780 2349 ni-
3815 2354 3822 2359 _

2217 2380 2321 2434 mis
2345 2394 2409 2433 ac
2447 2379 2609 2437 nimis
2642 2380 2927 2434 temeraria
2970 2379 3140 2434 nostri
3183 2381 3441 2450 temporis
3463 2383 3779 2452 prohibitio,

2215 2483 2325 2522 non
2349 2484 2413 2522 ex
2440 2467 2586 2522 omni
2618 2477 2767 2548 parte
2792 2468 2944 2522 beata
2968 2468 3135 2523 videri
3161 2471 3355 2539 potuit.
3385 2469 3545 2526 Verbi
3568 2473 3738 2542 gratia
3765 2513 3781 2538 ,

2217 2558 2360 2627 quod
2386 2573 2662 2626 nunquam
2679 2559 3024 2625 acquisitum,
3047 2560 3218 2629 multo
3234 2559 3445 2615 facilius
3459 2562 3779 2632 denegatur,

2219 2663 2382 2716 quam
2419 2647 2709 2717 aliquando
2743 2658 3043 2716 acceptum,
3086 2648 3131 2701 si
3171 2649 3363 2717 placet,
3391 2649 3690 2711 auferatur.
3724 2651 3781 2706 Si

2220 2749 2438 2808 propter
2467 2739 2603 2791 hanc
2635 2753 2745 2790 rem
2772 2738 3097 2792 anathemati
3126 2739 3404 2808 suhjaeere
3424 2741 3615 2804 debeo,
3644 2741 3784 2796 Gre-

2220 2830 2428 2898 gorinm
2452 2837 2613 2896 atque
2634 2826 3003 2895 Paphnucium
3028 2843 3237 2881 mecum
3262 2830 3315 2882 in
3341 2846 3501 2886 causa
3525 2843 3648 2886 esse
3676 2848 3783 2885 non

2219 2933 2409 2986 parum
2434 2917 2661 2987 gaudeo.
2697 2917 2800 2971 Sed
2831 2925 3008 2970 autem
3037 2932 3225 2971 vereor
3251 2935 3315 2972 ne
3339 2920 3426 2974 ille
3448 2923 3624 2990 magis
3653 2938 3778 2974 ana-

2219 3006 2653 3064 thematizandus
2708 3007 2969 3061 subsistat
3007 3008 3100 3076 qui
3140 3009 3304 3063 tantis
3359 3009 3533 3075 viris,
3589 3026 3785 3080 expers

2217 3097 2591 3163 discretionis,
2644 3107 2947 3168 repugnat;
2995 3099 3082 3153 ille
3125 3099 3286 3172 etiam
3331 3101 3506 3156 adhuc
3549 3103 3783 3157 anathe-

2218 3191 2348 3251 mati
2395 3189 2647 3242 deteriori
2696 3188 3010 3242 succumbat
3033 3189 3145 3258 qui,
3173 3200 3361 3244 contra
3385 3192 3598 3246 decreta
3632 3193 3782 3262 ejus-

2217 3278 2339 3332 dem
2381 3278 2624 3348 Gregorii
2647 3319 2662 3343 ,
2704 3277 2977 3332 Eleutheri
3004 3294 3302 3348 paparum,
3333 3279 3597 3347 Anacleti,
3633 3281 3785 3337 Pon-

2219 3369 2371 3434 tiani,
2417 3367 2656 3434 Eusebii,
2693 3369 2999 3423 sacerdotes
3045 3385 3073 3422 a
3119 3370 3469 3425 szecularibus
3510 3370 3787 3439 infestari.

2218 3463 2497 3526 accusari,
2546 3463 2752 3526 arceri,
2795 3461 3042 3528 despici,
3095 3462 3387 3527 contemni,
3432 3463 3502 3515 ab
3533 3464 3786 3520 ecclesiis

2219 3554 2422 3620 absque
2449 3553 2689 3622 synodali
2713 3552 2917 3619 judicio
2943 3551 3209 3604 eliminari
3242 3551 3519 3620 approbat.

2287 3640 2607 3710 Quicunque
2633 3649 2892 3711 :egrotum
2923 3643 3105 3695 solerti
3139 3656 3271 3696 cura
3309 3657 3499 3696 sonare
3526 3643 3744 3698 studeat
3769 3683 3787 3708 ,

2218 3731 2600 3801 circumposita
2652 3731 2914 3796 membra,
2970 3731 3285 3800 priusquam
3334 3732 3509 3800 ipsum
3559 3733 3785 3796 vulnus.

2217 3822 2434 3891 palpare
2455 3821 2751 3891 provideat.
2780 3820 2838 3873 Si
2866 3821 3041 3888 ipsum
3067 3820 3264 3873 vulnus
3290 3820 3561 3876 incautius
3602 3821 3784 3891 primo

2218 3913 2364 3964 aditu
2413 3919 2645 3974 tractat,
2695 3910 2945 3964 omnibus
2986 3909 3160 3964 modis
3204 3909 3452 3967 infirmus
3496 3911 3782 3968 reclamat.

2218 3999 2329 4054 ilac
2349 4001 2492 4054 enim
2527 4000 2826 4054 intentione
2855 4001 2969 4070 ipse
2995 4000 3340 4056 secretarium
3370 3999 3519 4072 [Ῑοτι.
3552 4011 3763 4058 secreta

2220 4089 2354 4162 rius]
2383 4090 2582 4145 Christi
2609 4090 2804 4154 Moses,
2855 4105 2963 4160 quo
2991 4092 3172 4160 pejora
3207 4101 3591 4160 compesceret,
3619 4092 3774 4148 libel-

2219 4181 2329 4234 lum
2360 4181 2567 4250 repudii
2594 4180 2862 4248 asportari
2883 4180 3053 4249 jubet.
3098 4180 3210 4234 Sub
3247 4182 3348 4235 hac
3374 4182 3574 4236 etenim
3614 4197 3751 4240 occa

2218 4269 2370 4322 sione
2407 4269 2591 4336 justus
2624 4267 2781 4330 Loth,
2814 4277 2873 4321 ut
2905 4269 2979 4321 ita
3009 4270 3185 4323 dicam
3212 4311 3227 4334 ,
3258 4270 3328 4325 ob
3371 4255 3524 4341 pejus
3571 4275 3780 4330 malum

2217 4355 2594 4410 declinandum
2621 4398 2636 4422 ,
2666 4357 2811 4425 ipsas
2843 4355 2981 4410 ﬁlias
3018 4356 3310 4412 Sodomitis
3340 4361 3638 4415 concedere
3680 4379 3764 4418 vo

2216 4445 2317 4500 luit
2340 4446 2666 4500 abutendum
2695 4446 2845 4516 (Gen.
2873 4448 3047 4516 xvui).
3071 4445 3258 4502 Nonne
3283 4447 3443 4502 etiam
3478 4447 3596 4519 ipse
3623 4466 3776 4506 sumo

2218 4551 2339 4590 mus
2365 4536 2628 4600 Pontifex,
2659 4538 2752 4605 qui
2776 4537 2942 4590 caelos
2969 4537 3282 4606 penetravit,
3313 4553 3419 4593 non
3445 4555 3638 4596 omnes
3676 4542 3777 4597 her

2215 4625 2440 4679 verbum
2467 4626 2729 4679 castitatis
2750 4641 2940 4696 capere
2964 4615 3181 4696 (Matth.
3216 4627 3330 4695 xxx)
3353 4669 3368 4691 ,
3401 4643 3580 4698 neque
3610 4631 3774 4686 etiam

2218 4729 2418 4788 novum
2460 4723 2697 4769 mustum
2739 4716 2793 4769 in
2839 4724 3048 4770 veteres
3088 4724 3233 4769 utres
3280 4714 3430 4772 fundi
3484 4723 3776 4777 convenire

2220 4803 2432 4872 (Matth.
2461 4805 2559 4874 ix),
2588 4805 2809 4875 insuper
2834 4805 2997 4860 rudes
3029 4805 3337 4874 discipulos,
3373 4809 3616 4877 quandiu
3648 4826 3772 4866 cum

2218 4892 2323 4948 illis
2354 4890 2596 4961 Sponsus
2615 4900 2698 4947 est
2721 4934 2734 4958 ,
2760 4909 2867 4947 non
2885 4893 3130 4963 jejunare
3151 4894 3431 4962 profitetur
3459 4897 3654 4967 (tllarc.
3690 4917 3728 4954 ιι
3755 4918 3771 4964 ;

2221 4981 2411 5035 Hatth.
2464 4982 2581 5050 xx),
2642 4982 3043 5040 infirmitatibus
3099 4985 3298 5040 nostris
3349 4987 3775 5042 misericorditer

2219 5070 2451 5139 compati
2496 5086 2605 5126 non
2650 5071 3005 5143 dedignatur?
3057 5070 3246 5128 Nonne
3291 5074 3494 5130 Paulus
3527 5091 3625 5130 vas
3659 5077 3771 5132 ele-

2217 5162 2562 5232 ctionis,qui,
2608 5177 2781 5232 usque
2821 5163 2888 5216 ad
2915 5162 3057 5216 tertii
3086 5164 3206 5219 coeli
3232 5173 3418 5233 raptus
3453 5167 3768 5235 paradisum

2220 5249 2307 5319 (ΙΙ
2333 5249 2453 5305 Cor.
2482 5250 2604 5319 xu),
2632 5252 2709 5305 uti
2742 5265 2846 5305 nos
2885 5251 2952 5307 ad
2975 5253 3399 5322 eompassionem
3425 5259 3772 5330 promulgare

2151 5378 2195 5432 Β
2220 5337 2560 5410 [provocare]
2609 5339 2852 5404 studeat,
2896 5356 2996 5397 nos
3037 5341 3284 5399 homines
3327 5357 3448 5400 esse
3491 5346 3770 5413 admonet,

2219 5428 2358 5482 sicut
2380 5428 2656 5496 seipsum?
2687 5429 2778 5484 ille
2800 5431 2941 5486 idem
2969 5431 3116 5485 enim
3136 5447 3284 5498 vero,
3311 5437 3770 5503 quemadmodum

2219 5517 2709 5586 Paphnucius,non
2744 5521 2918 5574 solum
2945 5529 3164 5591 propter
3189 5523 3390 5578 sobolis
3423 5529 3769 5597 propagatio-

2219 5622 2364 5673 uem,
2412 5609 2504 5663 sed
2544 5610 2613 5662 ob
2650 5609 2984 5680 devitandam
3029 5609 3434 5667 fornicationem
3473 5603 3770 5689 unicuique

2219 5698 2487 5752 concessit
2516 5713 2669 5752 suam
2698 5713 2917 5755 uxorem
2961 5699 2981 5769 (
3006 5699 3048 5752 1-
3074 5700 3197 5755 Cor.
3239 5701 3375 5768 vn).
3428 5700 3770 5778 Quapropter

2223 5787 2506 5845 Sozomeni
2537 5798 2693 5859 caput
2724 5805 2752 5843 a
2791 5791 2945 5846 nobis
2988 5802 3097 5847 tam
3142 5807 3283 5863 smpc
3312 5793 3499 5851 tritum
3542 5799 3769 5855 nullate-
