3944 6402
570 413 707 478 4095

570 626 663 671 aut
709 631 805 685 pro
833 629 989 683 posse
1022 613 1269 669 defensas
1299 614 1380 668 vel
1418 615 1727 669 emendatas
1761 615 1853 667 tibi
1881 614 2118 667 remitte-

568 721 710 771 rem;
735 705 816 759 sin
842 712 1040 768 autem,
1064 704 1309 757 dexteras
1329 704 1504 757 dando
1537 712 1641 756 tuae
1661 703 1979 757 cavillationi
2004 718 2119 755 mo-

569 810 681 849 rem
722 809 981 864 gererem.
1036 791 1080 847 0
1133 792 1364 862 lepidum
1410 794 1599 860 caput!
1633 807 1793 860 quam
1825 792 2113 861 eleganter,

567 884 723 954 quasi
748 883 1032 952 providens
1064 897 1185 937 meo
1213 882 1423 946 honori,
1448 882 1493 935 si
1519 897 1649 935 mea:
1675 890 1873 947 essent,
1904 883 1968 936 ad
2010 898 2098 936 cu-

568 973 877 1027 mulandum
911 987 1087 1027 meum
1108 972 1358 1037 dedecus,
1394 971 1791 1040 percunctando
1830 970 2103 1025 dubitasti.

569 1060 709 1115 Vah!
747 1062 995 1115 callidum
1042 1062 1345 1127 consilium,
1382 1071 1533 1115 tuum
1568 1062 1799 1116 amicum
1829 1062 1907 1116 sic
1934 1072 2103 1115 retra-

568 1150 693 1203 here
716 1149 767 1202 in
798 1151 1175 1219 praecipitium!
1206 1150 1261 1205 Si
1285 1160 1463 1204 autem
1487 1160 1537 1204 te
1559 1167 1623 1204 ex
1648 1166 1801 1220 aequo
1821 1151 2089 1205 convenis-

566 1252 702 1305 sem,
735 1244 855 1294 tuas
874 1240 1105 1294 carbone
1134 1239 1309 1294 notari
1344 1240 1553 1309 dignas,
1581 1248 1632 1293 te
1660 1240 1712 1292 in
1745 1239 1795 1293 id
1823 1240 1956 1293 mihi
1974 1255 2103 1294 con-

574 1376 1413 1405 -——'————.

1569 411 1654 465 AD
1690 411 1913 466 OPERA
1954 412 2009 465 S.
2050 411 2370 468 CREGORII
2404 411 2841 468 APPENDICES.

452 524 455 525 ⁷
566 527 752 582 lariter
776 526 842 581 ad
881 540 1027 597 meas
1050 492 1520 579 manusredirent
1551 534 1749 595 puncta
1779 524 2110 593 proscripta),
2142 506 2410 583 A’scntire
2461 538 2525 577 ex
2576 539 2767 593 magna
2829 533 2977 594 parte
3022 526 3427 595 cempellercm,
3479 531 3525 585 si
3576 546 3770 586 carum

3641 423 3783 478 £098

2222 614 2418 676 thesin,
2454 612 2871 677 distinctionem,
2909 612 3433 682 subdistinctioncm,
3482 620 3661 674 media
3695 624 3782 675 veli

2215 701 2456 768 periodo,
2484 701 2614 774 colo.
2630 710 2684 755 et
2704 710 2993 766 commate,
3022 703 3168 771 quod
3203 704 3370 759 absit!
3418 720 3605 761 carere
3647 724 3779 779 per»

2216 790 2513 858 spicerem,
2562 790 2668 844 nisi
2718 791 2771 843 in
2808 800 3013 844 tantum
3060 793 3408 860 opprobrium
3455 796 3778 851 malaeatorm

2160 894 2165 899 ί
2212 880 2444 933 nationis
2511 894 2708 948 rugosa
2766 878 2940 934 fronte
2999 881 3451 950 obstupescerem.
3484 882 3572 937 .Si
3624 887 3777 939 enim

2209 983 2336 1021 vero
2370 968 2422 1021 in
2455 966 2561 1022 tuis
2605 968 2795 1023 litteris
2827 969 3228 1039 macrologiam,
3259 985 3593 1041 quam-saepe
3626 974 3779 1027 solem

2208 1072 2356 1113 scere
2398 1057 2563 1127 (982)
2609 1056 2791 1128 [quam
2826 1073 2966 1128 saepe
3013 1060 3157 1114 soles
3194 1058 3580 1132 frequentare].
3612 1077 3779 1117 caveo

2206 1164 2322 1213 res,
2351 1162 2457 1202 non
2490 1161 2578 1201 me
2616 1147 2771 1220 quasi
2809 1148 3135 1203 silicernium
3182 1148 3235 1206 in
3269 1148 3458 1204 faciem
3512 1152 3771 1206 caederes.

2208 1236 2372 1291 Habe.
2716 1236 2717 1239 “

988 1545 1692 1639 SUPERIORIS
1760 1544 2376 1637 EPISTOLIE
2448 1526 3324 1667 RETRACTATUS,

1652 1750 1731 1791 ΕΤ
1759 1749 1924 1792 ΒΕΡΕ
1951 1748 2125 1792 “IT!
2150 1748 2437 1792 CAPITULI

1418 1850 2078 1950 ranunculus
2135 1850 2888 1954 ANATHEMArtsMUS.

1998 2047 2379 2065 ὴ

634 2173 860 2229 Domino
886 2172 1137 2240 Atsomo,
1180 2174 1236 2228 in
1282 2174 1482 2242 templo
1517 2173 1729 2226 Domini
1770 2188 1873 2226 non
1922 2171 2109 2226 idonee
2140 2177 2182 2251 β
2206 2187 2301 2240 per
2329 2172 2698 2225 cbaritativam
2728 2142 3141 2228 admonitionem
3171 2175 3456 2233 voluerunt
3480 2197 3755 2241 ueroeam.

562 2282 756 2321 nemus
778 2266 1035 2335 plantanti
1055 2264 1361 2319 Bentt/lenus
1388 2283 1400 2318 :
1430 2279 1536 2318 non
1561 2263 1800 2317 fabulosa
1823 2263 2106 2317 verborum

565 2343 712 2421 folia,
749 2356 841 2410 sed
868 2355 1173 2410 sententias
1198 2353 1534 2408 indubitabili
1574 2353 1794 2408 veritate
1829 2352 2104 2407 subnixas.

636 2445 883 2512 Acceptis
902 2445 1098 2498 litteris
1118 2459 1149 2497 a
1178 2452 1270 2498 tua
1310 2442 1644 2498 fraternitate
1669 2444 1799 2496 mihi
1829 2442 2110 2499 transmis-

550 2534 664 2597 sis,
695 2533 894 2602 aliquid
928 2534 980 2587 in
1006 2533 1089 2588 eis
1130 2533 1361 2602 reperire
1398 2532 1693 2586 desideravi
1749 2532 1891 2599 quod
1918 2538 1972 2584 et
1994 2530 2110 2583 ani—

566 2638 714 2676 mum
743 2638 923 2676 meum
964 2622 1033 2676 ob
1079 2622 1331 2691 injuriam
1387 2622 1582 2689 prioris
1635 2620 1872 2689 epistolae
1920 2618 2109 2672 merito

568 2698 896 2765 commotum
945 2711 1235 2782 mitigaret,
1271 2721 1430 2779 teque
1478 2712 1663 2765 saltem
1711 2710 1891 2779 aliquo
1925 2708 2108 2763 defen-

570 2800 739 2853 sionis
774 2799 955 2853 colore
983 2800 1051 2853 de
1077 2808 1183 2853 tam
1214 2800 1513 2867 perniciosa
1537 2799 1865 2867 blasphemia
1891 2812 2107 2865 quoquo

568 2887 728 2940 modo
755 2895 1095 2957 expurgaret.
1123 2886 1227 2941 Sed
1249 2889 1415 2941 eheu!
1441 2888 1573 2942 nihil
1594 2888 1903 2955 hujusmodi
1922 2887 1975 2940 in
1998 2886 2107 2939 eis-

563 2975 689 3031 dem
709 2976 901 3031 litteris
922 2976 1160 3031 invenire
1184 2976 1355 3046 potui,
1382 2976 1577 3047 quippe
1596 2991 1717 3045 quae
1748 2976 1814 3030 ad
1835 2975 2108 3030 cumulum

564 3065 766 3134 prioris
796 3066 1009 3136 injuriae
1034 3083 1181 3122 meas
1203 3068 1425 3135 litteras,
1446 3068 1589 3121 nulla
1618 3068 1824 3121 ratione
1851 3065 2107 3129 adhibita,

567 3154 754 3208 dicunt
781 3152 1088 3220 maledicas,
1139 3170 1330 3224 meque
1377 3156 1610 3224 priorem
1664 3155 1889 3223 injurias
1931 3155 2109 3209 conci-

564 3251 734 3307 tasse,
760 3230 923 3312 teque
949 3243 1023 3295 nil
1045 3237 1486 3305 contumeliosum
1520 3243 1649 3295 mihi
1681 3243 1880 3297 dixisse
1904 3251 2106 3298 tantum

568 3320 934 3400 pronuntiant,
966 3348 1069 3385 non
1103 3333 1278 3401 aliqua
1314 3334 1500 3387 saltem
1529 3332 1825 3389 ratiuncula
1863 3333 2103 3400 probant.

2275 2259 2390 2314 Non
2420 2270 2597 2316 autem
2634 2262 2895 2317 modoest
2918 2266 3278 2319 necessarium
3310 2278 3368 2321 ut
3395 2272 3560 2326 etiam
3593 2276 3757 2343 hujus

2205 2352 2442 2420 epistolae
2498 2352 2737 2422 singulas
2765 2367 2871 2406 non
2898 2353 3018 2413 dico
3043 2356 3278 2411 rationes
3319 2360 3409 2412 sed
3440 2367 3761 2430 pronuntia-

2206 2440 2381 2494 tiones‘
2422 2455 2741 2510 expugnem,
2780 2455 2915 2519 quas
2953 2442 3007 2496 in
3048 2430 3318 2511 prioribus
3348 2449 3485 2504 meis
3513 2452 3759 2519 epistolis

2208 2529 2568 2585 indubitanter
2596 2531 2895 2597 anuullavi;
2920 2531 2972 2584 in
3002 2534 3197 2600 quibus
3222 2550 3395 2591 meam
3425 2539 3755 2598 admonitio-

2208 2635 2329 2673 nem
2372 2619 2739 2674 rationabilem
2773 2630 2827 2675 et
2872 2623 3128 2689 amicam,
3160 2633 3414 2697 tuamque
3440 2633 3756 2703 rescriptio-

2207 2725 2328 2763 nem
2379 2709 2473 2764 tibi
2512 2709 2868 2779 perniciosam
2894 2712 3131 2782 mihique
3165 2719 3609 2775 contumeliosam
3636 2725 3755 2777 evi-

2205 2799 2532 2854 dentissimis
2550 2799 2849 2855 rationibus
2864 2802 3116 2870 probavi,
3144 2818 3373 2873 quarum
3403 2818 3458 2863 tu
3500 2826 3600 2865 nec
3625 2813 3758 2869 ulti-

2208 2903 2351 2942 mam
2381 2888 2432 2940 in
2460 2880 2563 2941 hac
2585 2888 3159 2961 epistola'destruxisti.

2275 2975 2369 3031 His
2407 2975 2569 3045 igitur
2606 2974 3038 3056 irrefragabiliter
3078 2981 3340 3053 probatis,
3382 2985 3607 3041 ultimus
3652 2990 3755 3042 tibi

2208 3065 2530 3135 respondere
2558 3065 2753 3123 merito
2776 3066 3150 3133 detrectarem,
3202 3070 3248 3124 si
3290 3086 3395 3125 non
3442 3083 3548 3130 tua:
3573 3076 3760 3131 ehari-

2207 3155 2302 3209 tati
2323 3163 2377 3209 et
2396 3156 2497 3209 hac
2530 3154 2647 3209 vice
2674 3169 2877 3209 morem
2906 3172 3087 3226 gerere
3100 3152 3449 3229 destinarem,
3469 3165 3665 3235 quippe
3693 3178 3759 3221 ut

2206 3252 2260 3299 et
2284 3245 2336 3299 in
2366 3245 2466 3299 hac
2492 3244 2713 3314 epistola
2736 3254 2846 3311 tua,
2874 3247 2999 3317 quid
3018 3255 3162 3301 tuam
3192 3250 3551 3307 eruditionem
3579 3264 3759 3312 tuam-

2207 3348 2311 3402 que
2342 3334 2650 3403 religionem
2691 3334 2961 3401 dedeceat,
3004 3352 3088 3391 me
3115 3338 3209 3391 tibi
3250 3340 3475 3397 ﬁdeliter
3515 3342 3759 3400 indicare

568 3421 840 3485 Quantum
882 3430 1059 3474 autem
1104 3420 1217 3476 haec
1248 3438 1432 3475 earum
1474 3424 1836 3491 pronuntiatio
1858 3423 2030 3476 deviet
2074 3437 2104 3477 a
2148 3489 2163 3491 Α
2210 3437 2318 3489 non
2347 3423 2551 3477 taedeat.

566 3523 716 3574 vero,
750 3510 878 3563 nulli
927 3510 1086 3563 etiam
1127 3512 1302 3565 idiota:
1335 3489 1535 3576 latcbit,
1557 3513 1649 3581 qui
1695 3514 1972 3583 utriusque
2008 3526 2105 3564 uo-
2132 3489 2173 3546 (ἶ

569 3606 743 3652 strum
773 3598 1027 3666 epistolas
1053 3600 1333 3667 diligenter
1358 3602 1703 3668 perspexerit.

642 3684 820 3739 Prima
871 3686 1013 3739 enim
1062 3688 1285 3755 epistola
1329 3702 1489 3756 quam
1535 3688 1631 3741 tibi
1672 3688 1737 3741 de
1780 3688 1884 3741 hac
1927 3692 2109 3741 nostra

562 3775 866 3843 quaestione
894 3776 1190 3840 transmisi,
1221 3785 1271 3830 te
1299 3786 1503 3832 tantum
1538 3790 1631 3844 per
1655 3777 1963 3831 testimonia
1992 3790 2113 3829 san-

569 3862 1003 3919 torum‘Patrum
1033 3864 1257 3918 ﬁdeliter
1292 3872 1345 3918 et
1372 3866 1542 3918 amice
1570 3865 1890 3933 przemenu‘it
1928 3865 1994 3919 de
2021 3878 2112 3917 ca-
2144 3883 2147 3887 ‘

568 3954 747 4007 vendo
774 3954 1131 4021 anathemate,
1172 3961 1233 4023 ut
1258 3970 1355 4007 nec
1382 3963 1440 4006 tu
1477 3954 1587 4023 ipse
1615 3954 1811 4023 aliquid
1851 3956 1907 4007 in
1932 3968 1993 4007 ea
2021 3947 2108 4008 re-

568 4042 827 4113 perisses,
848 4043 995 4111 quod
1018 4051 1123 4099 tua:
1147 4044 1336 4097 litterae
1359 4043 1543 4098 saltem
1570 4043 1797 4111 alicujus
1817 4042 2111 4098 oll‘ensione

558 4133 789 4203 'dignum
822 4133 952 4189 mihi
980 4144 1203 4201 possent
1232 4134 1472 4201 probare.
1498 4132 1638 4199 Quot
1661 4142 1837 4203 autem
1861 4132 2109 4202 blasphe-

572 4223 730 4287 mias,
758 4238 921 4291 quam
950 4224 1282 4303 inhonestas,
1322 4218 1481 4292 quam
1524 4223 1850 4291 perniciosas
1886 4237 1983 4319 prp
2010 4222 2111 4275 hac

572 4309 942 4364 benevolentia
970 4312 1104 4367 mihi
1136 4312 1521 4379 rescripsisses,
1552 4312 1747 4366 referre
1772 4309 1956 4380 pudet,
1987 4327 2111 4373 cum

450 4436 453 4437 ν
568 4398 710 4451 adeo
739 4396 963 4463 feteant,
995 4406 1068 4471 ,ιιι
1090 4399 1175 4452 vel
1205 4399 1425 4455 inimico
1448 4403 1590 4457 tales
1629 4402 1825 4457 inferre
1866 4418 1974 4457 non
2014 4402 2111 4457 de-

674 4494 714 4539 L
728 4500 729 4505 ,

674 4502 729 4539 μ
1957 4521 1961 4524 .

567 4502 892 4631 cc“Secunda
924 4589 1054 4630 vero
1094 4576 1488 4663 meaepistola,
1534 4587 1719 4632 contra
1756 4579 1966 4633 easdem
1997 4574 2113 4632 bla-

576 4668 846 4737 sphemias
877 4666 969 4720 tibi
999 4667 1219 4732 directa,
1249 4681 1358 4720 non
1388 4668 1807 4722 remaledicendo
1838 4666 1931 4720 tibi
1960 4668 2113 4722 talio-

578 4773 699 4855 πτῖῗη
720 4758 1095 4855 τθάδίδίίνέῬά
1125 4769 1175 4813 ιε
1196 4768 1426 4855 fw???"
1453 4767 1512 4855 ’ξι
1537 4759 1786 4855 “.m‘w‘“:
1816 4774 1847 4855 ἒ
1873 4758 2116 4855 “iam?”
2143 4770 2185 4852 ί)
2209 4758 2464 4853 exceptis
2508 4783 2862 4855 Paulinam.

578 4847 704 4900 miis
748 4858 863 4901 non
923 4850 1055 4903 mihi
1121 4851 1211 4905 sed
1269 4850 1579 4917 tibimetipsi
1640 4848 2111 4918 perniciosissimis

576 4949 919 5003 compescere
964 4940 1185 4994 studuit.
1232 4940 1427 4995 Procul
1448 4941 1611 4995 dubio
1639 4941 1780 4994 enim
1821 4940 1941 4994 novi
1968 4940 2111 5009 quod

582 5026 760 5094 ipsum
806 5040 903 5080 vas
946 5028 1220 5083 electionis
1267 5030 1484 5096 Paulus,
1531 5046 1625 5100 per
1669 5047 1831 5100 quem
1878 5030 2113 5100 loquitur

581 5117 698 5185 ipse
729 5113 995 5183 Christus,
1039 5118 1323 5173 maledicos
1349 5122 1626 5175 tradiderit
1673 5120 1903 5188 Satanae,
1939 5130 1999 5176 ut
2023 5122 2109 5176 di-

580 5210 793 5258 scerent
836 5205 943 5256 non
987 5204 1355 5273 blasphemare
1388 5205 1441 5273 (I
1485 5206 1618 5261 Tim.
1650 5210 1710 5277 ι).
1760 5209 1915 5263 Patet
1948 5210 2110 5278 igitur

582 5293 715 5347 satis
741 5293 1010 5349 evidenter
1047 5296 1169 5364 quis
1198 5306 1375 5364 caput,
1421 5296 1529 5349 imo
1566 5298 1686 5365 quis
1715 5314 1925 5352 summa
1950 5299 2109 5354 fuerit

464 5368 479 5393 ³
584 5383 746 5449 hujus
772 5386 999 5455 injuriae,
1023 5395 1078 5441 et
1109 5401 1272 5456 quam
1316 5386 1547 5441 indebite
1572 5394 1691 5443 mea
1724 5388 1921 5460 scripta
1946 5403 1977 5443 a
2004 5389 2111 5443 tuis

582 5484 840 5530 vocentur
865 5476 1140 5543 maledica,
1182 5485 1372 5547 ([0818
1397 5492 1427 5531 a
1454 5478 1822 5533 conviciorum
1861 5477 2112 5547 voragine

657 5645 797 5716 (983)
834 5648 1030 5717 Locus,
1055 5661 1111 5707 ut
1137 5653 1364 5723 videtur,
1388 5655 1694 5712 mendosus.

2273 3541 2334 3595 In
2378 3542 2566 3612 primis
2621 3541 2801 3611 itaque
2852 3544 2972 3613 volo
3020 3553 3074 3597 te
3125 3542 3262 3601 seire
3309 3548 3758 3607 circumstantias

2208 3630 2483 3683 rhetorum
2529 3629 2657 3706 huic
2682 3640 2867 3685 nostro
2901 3633 3116 3702 negotio
3159 3648 3269 3688 non
3312 3646 3635 3706 competere,
3679 3656 3756 3696 ex

2207 3718 2405 3787 quibus
2426 3704 2667 3773 oratores
2688 3719 2896 3790 lingunt
2935 3735 3063 3777 suas
3096 3704 3455 3792 conjecturas,
3500 3742 3605 3782 non
3637 3736 3753 3784 tam

2207 3808 2273 3864 de
2300 3808 2521 3862 veritate
2541 3823 2704 3877 quam
2731 3809 2798 3863 de
2821 3810 3281 3867 verisimilitudine
3314 3800 3585 3884 curames.
3625 3817 3758 3875 Hac

2209 3896 2353 3949 enim
2381 3904 2757 3952 nostra-causa
2784 3898 2961 3967 potius
2981 3899 3047 3953 ad
3074 3900 3251 3955 thesin
3288 3918 3451 3971 quam
3478 3905 3545 3960 ad
3579 3906 3755 3982 hypo-

2209 3986 2382 4039 thesin
2416 3986 2681 4055 pertinere
2708 3996 2975 4055 censetur,
2999 4005 3099 4045 nec
3120 3994 3396 4047 tractanda
3425 4003 3509 4049 est
3534 4012 3629 4065 per
3656 4014 3756 4053 ve-

2208 4074 2483 4135 risimilem
2511 4084 2815 4130 oratorumv
2828 4079 3121 4144 suadelam,
3158 4080 3250 4135 sed
3272 4097 3369 4150 per
3403 4083 3763 4156 irrefragabi-

2204 4165 2313 4217 lem
2356 4165 2796 4235 philosophorum
2831 4167 3361 4225 demonstrationem.
3402 4170 3547 4227 Dicis
3586 4174 3758 4244 igitur

2211 4254 2263 4306 in
2290 4254 2514 4322 epistola
2538 4262 2631 4330 tua
2660 4254 2953 4311 Sozomeni'
2978 4257 3269 4327 capitulum
3298 4258 3500 4314 idcirco
3527 4262 3625 4315 tibi
3652 4249 3755 4316 au-

2208 4343 2499 4397 tlienticum
2526 4344 2691 4400 videri
2719 4346 2863 4413 quod
2895 4353 3045 4400 certo
3069 4347 3189 4400 loco
3220 4354 3276 4399 et
3301 4355 3537 4415 tempore
3562 4364 3593 4402 a
3618 4366 3754 4418 pro-

2129 4459 2148 4499 ~_
2212 4431 2350 4485 batis
2375 4433 2616 4500 personis
2643 4436 2713 4492 sit
2736 4436 3040 4500 recitatum,
3055 4434 3312 4503 scriptum
3338 4443 3500 4504 atque
3526 4440 3760 4493 transla—

2209 4528 2359 4584 tum;
2399 4522 2494 4574 sed
2540 4520 2740 4575 falleris
2774 4522 2828 4575 in
2869 4524 2972 4576 hac
3001 4523 3403 4592 consequentia.
3439 4522 3579 4585 Num
3606 4527 3753 4583 enim

2207 4605 2503 4675 Categoriae
2552 4609 2805 4680 pracipui
2841 4610 3075 4677 doctoris
3117 4612 3420 4681 Augustini,
3475 4615 3756 4687 ipsiusque

2211 4694 2466 4763 scriptum
2510 4694 2584 4749 De
2618 4696 2875 4751 electione
2906 4697 3071 4753 Jawb
3111 4708 3165 4754 et
3197 4704 3571 4771 reprobatione
3605 4706 3751 4763 Esau

2901 4789 2973 4847 ab
3012 4791 3196 4860 aliquo
3230 4794 3349 4849 sani
3379 4796 3576 4864 capitis
3612 4798 3752 4851 reci-

2209 4872 2430 4940 piuntur
2457 4887 2553 4943 pro
2595 4875 2951 4932 authenticis?
2987 4894 3106 4947 quae
3141 4890 3318 4941 tamen
3351 4894 3501 4937 certo
3545 4885 3667 4947 loco
3697 4895 3754 4940 et

2211 4970 2446 5029 tempore
2488 4977 2553 5016 ex
2591 4978 2819 5032 persona
2859 4950 3245 5035 probatissim:
3274 4986 3382 5025 non
3437 4971 3753 5027 dubitantur

2212 5049 2475 5121 descripta
2500 5069 2515 5117 ;
2560 5067 2624 5106 ex
2665 5055 2860 5124 quibus
2884 5059 3179 5127 categorias
3207 5060 3385 5113 nullus
3409 5058 3549 5113 bene
3572 5075 3754 5122 sanus

2212 5140 2532 5197 authenticis
2566 5146 2959 5216 annnmerabit,
3009 5148 3236 5209 alterum
3268 5154 3450 5201 autem
3489 5149 3748 5226 scriptum

2215 5228 2351 5283 idem
2385 5230 2573 5286 doctor
2597 5231 2651 5287 in
2678 5233 2814 5289 libro
2840 5234 3300 5294 Retractationum
3333 5236 3617 5305 repudium
3641 5256 3748 5296 non

2212 5320 2443 5374 erubuit.
2466 5319 2607 5387 Haec,
2636 5322 2876 5392 inquam,
2892 5333 2948 5377 et
2964 5324 3078 5377 alia
3109 5322 3417 5391 huiusmodi
3439 5329 3750 5396 praedictam

2210 5404 2493 5477 destruunt
2529 5412 2988 5481 consequentiam.
3018 5409 3170 5465 Unde
3192 5426 3314 5473 cum
3346 5412 3757 5475 Soumeni'ca-

2213 5502 2309 5561 put
2341 5498 2577 5553 nondum
2605 5512 2725 5555 esse
2748 5498 3120 5554 authenticum
3154 5503 3460 5574 probasses,
3507 5521 3612 5565 nec
3654 5520 3757 5577 per

2289 5664 2431 5735 (985)
2468 5666 2687 5726 Videtur
2706 5668 2905 5738 aliquid
2928 5671 3130 5743 deesse,

3678 6076 3944 6360 ’τι
