3944 6388
155 503 290 559 1097

1027 501 1291 556 APPEND
1353 503 1437 555 ΙΙΙ.
1481 533 1545 541 —
1586 501 2012 558 MONUMENTA
2053 500 2510 556 Glll-ZGt)ltl.\.\'.\.

3241 508 3384 561 ltttlS'

152 617 254 670 hoc
283 616 514 685 probare
539 613 785 683 potuisti,
814 622 876 666 ιιι
899 627 964 668 eo
992 618 1207 682 recepto
1234 615 1366 667 nihil
1394 631 1424 668 a
1459 629 1587 669 sana
1619 614 1715 669 do-
1746 618 1788 670 .-\
1817 614 2147 667 c‘obabitatio
2179 614 2519 682 sacerdotmu
2546 630 2667 665 cum
2700 613 2930 674 feminis,
2959 625 3009 666 et
3043 617 3220 668 orituia
3251 634 3398 684 qezc.

151 705 328 758 ctrina
366 704 659 758 deviasses.

219 794 691 848 Absurdissimum
738 801 915 846 autem
954 792 1162 844 videtur
1207 791 1350 859 quod
1390 793 1622 858 dcnegas
1665 802 1715 845 te

149 881 356 950 aliquid
398 881 636 950 perversi
687 882 788 935 sub
814 882 1002 933 eodem
1045 881 1278 948 capitulo
1304 881 1710 947 dogmatizasse,

148 987 274 1029 cum
302 971 623 1038 jamdudum
655 986 786 1031 mea:
810 971 1000 1023 littera:
1039 969 1177 1021 idem
1211 969 1384 1036 ipsum
1420 979 1578 1037 caput
1606 979 1712 1022 tam

149 1060 596 1131 irrefragabilitcr
617 1060 961 1129 probaverint
976 1073 1308 1127 perversum,
1325 1059 1519 1126 quippe
1537 1058 1713 1111 Evan-

148 1150 363 1216 gelicis,
401 1159 455 1204 et
481 1151 791 1220 apostolicis
831 1149 1048 1224 scriptis
1075 1156 1238 1217 atque
1265 1148 1321 1201 S.
1355 1149 1571 1202 Patrum
1604 1159 1714 1203 sta-

147 1241 282 1293 tutis
304 1240 616 1293 adversum.
655 1239 876 1293 Frustra
906 1253 1035 1306 ergo
1069 1237 1383 1305 protestaris
1416 1235 1558 1305 qhod
1591 1238 1712 1289 nul-

148 1328 234 1382 lus
281 1339 335 1382 te
388 1329 759 1382 sacerdotibus
790 1311 1305 1380 uxorcsi‘onccdere
1343 1341 1577 1394 unquam
1613 1343 1711 1378 au-

147 1418 346 1470 disset.
381 1416 513 1470 Nam
542 1425 594 1470 et
623 1433 743 1486 ego,
774 1425 828 1470 et
857 1417 1037 1485 plures
1059 1417 1148 1468 alii
1174 1417 1276 1468 hoc
1301 1417 1561 1483 lusa-pius
1585 1432 1712 1468 con-

148 1507 346 1560 ccdere
374 1508 699 1571 audivimus,
730 1491 851 1562 cum
891 1507 1213 1574 idcm‘caput
1243 1521 1347 1558 non
1387 1514 1592 1558 tantum
1619 1522 1714 1573 pro

147 1581 301 1658 vero,
343 1597 435 1649 sed
459 1597 618 1649 etiam
650 1597 1084 1664 proauthentieo
1107 1595 1394 1662 przedicare
1424 1611 1520 1648 nec
1539 1596 1714 1648 adhuc

147 1685 526 1752 pertitnrscas.
562 1684 742 1754 ipsum
774 1685 917 1737 enim
950 1693 1110 1752 caput
1143 1683 1338 1737 asserit
1364 1682 1420 1736 S.
1458 1684 1711 1752 Paphnu-

148 1773 296 1825 eium
329 1774 383 1825 in
424 1771 637 1827 Nicarna
671 1774 878 1842 synodo
915 1774 1236 1835 surrexisse,
1266 1781 1319 1824 et
1344 1772 1712 1827 sacerdotibus

150 1872 208 1915 ut
252 1863 555 1914 dormirent
596 1879 720 1916 ettm
756 1863 1016 1915 uxoribus
1061 1862 1174 1915 suis
1217 1862 1488 1914 licentiam
1539 1862 1708 1931 inme-

148 1959 348 2004 trasse.
393 1940 708 2019 Quicunque
737 1951 898 2021 igitur
924 1952 1026 2003 hoe
1062 1967 1168 2003 non
1209 1960 1415 2004 tantum
1445 1967 1541 2019 pro
1563 1968 1706 2016 vero,

147 2040 240 2092 sed
269 2048 327 2092 et
355 2055 452 2107 pro
493 2041 805 2093 authentico
839 2038 1198 2107 recipiendum
1234 2049 1286 2094 et
1314 2041 1706 2095 observandum

147 2129 429 2196 praedicat,
459 2129 762 2182 nullatenus
789 2129 1053 2198 denegare
1073 2129 1215 2184 valet
1258 2131 1387 2198 quin
1411 2121 1705 2186 sacerdoti-
1755 2137 1761 2143 ’

146 2217 250 2271 bus
287 2233 491 2272 uxores
518 2219 796 2272 concedat.
1567 2276 1570 2280 .

217 2305 500 2359 Incassum
531 2323 745 2375 quoque
789 2307 1071 2377 subjungis
1115 2323 1222 2377 qua
1262 2309 1543 2362 occasione
1578 2311 1705 2364 illud

147 2408 246 2460 pro
301 2395 616 2448 authentico
669 2395 965 2463 receperis,
1013 2412 1136 2448 cum
1187 2397 1363 2465 ipsum
1425 2414 1455 2450 a
1507 2407 1555 2451 te
1605 2400 1707 2451 sub

147 2485 448 2540 inevitabili
484 2489 825 2542 anathemate
877 2489 1121 2543 relictum
1161 2491 1304 2542 mdla
1333 2492 1537 2546 ratione
1577 2509 1704 2560 pro-

147 2574 366 2628 baveris
410 2576 802 2629 authenticum.
839 2574 984 2628 Nihil
1020 2577 1164 2630 enim
1207 2576 1429 2633 interest
1471 2581 1708 2647 qualibet

145 2665 442 2717 occasione
467 2665 593 2718 illud
617 2680 713 2733 pro
738 2665 1049 2720 authentico
1075 2665 1322 2733 recipias,
1353 2668 1496 2734 quod
1532 2685 1596 2722 ne
1627 2669 1699 2722 ita

150 2743 448 2822 recipiatur
475 2757 579 2819 sub
606 2748 1294 2824 anathemate'probibitum
1342 2757 1579 2810 nondum
1607 2759 1704 2810 du-

149 2842 374 2898 bitatur.
421 2843 552 2898 Nam
595 2861 807 2914 semper
839 2847 942 2899 sub
987 2845 1176 2899 eodem
1223 2840 1562 2901 anathemate
1604 2848 1707 2901 erit

147 2933 464 3002 quicunque
513 2935 640 2989 illud
686 2936 1026 3004 aliquatenus
1068 2927 1164 3005 pro
1206 2937 1513 2989 authentico
1561 2954 1705 2992 recc—

147 3024 310 3090 perit.
344 3023 540 3078 Beatus
578 3039 795 3093 quoque
845 3006 1190 3094 Paphnucius
1228 3026 1327 3079 hac
1376 3026 1703 3094 blasphemia

148 3127 260 3166 non
305 3122 392 3166 est
435 3115 900 3180 dehonestandus,
950 3116 1060 3167 imo
1106 3113 1462 3186 Sozomenus,
1513 3116 1598 3168 cui
1652 3115 1705 3168 id

149 3214 316 3272 caput
345 3205 638 3273 assignavit
656 3204 1042 3278 Cassiodorus.
1062 3204 1502 3271 Quantiscunque
1526 3213 1702 3256 autem
1731 3241 1772 3294 Ο

149 3311 200 3347 vi
217 3295 336 3366 rbis
359 3309 446 3347 res
473 3295 572 3348 sibi
597 3295 736 3363 ipsis
778 3295 1122 3348 adversantes
1151 3292 1498 3347 reconciliare
1543 3290 1704 3345 eone-

152 3385 250 3447 ris,
275 3400 554 3452 nunquam
591 3393 767 3437 tamen
806 3367 940 3436 adeo
961 3381 1240 3450 desipiam,
1267 3389 1325 3434 ut
1347 3380 1702 3435 Sozomenum

152 3473 316 3526 beato
381 3472 638 3538 Gregorio
699 3472 753 3525 in
817 3472 1088 3546 praadieto/
1128 3470 1299 3539 capite
1364 3471 1706 3524 consensisse
1751 3529 1756 3534 κ

153 3576 431 3614 censeam.
482 3559 597 3629 lpse
641 3561 783 3614 enim
839 3561 1169 3614 Sozomenus
1195 3561 1346 3630 tingit
1391 3560 1443 3612 in
1493 3558 1704 3613 Nicrena

143 3648 365 3718 ‘svnodo
385 3649 719 3716 conjugalem
741 3648 1182 3725 incontinentiam
1207 3647 1571 3701 sacerdotibus
1600 3662 1704 3720 non

151 3755 276 3794 esse
307 3741 649 3808 prohibitam,
679 3741 770 3795 sed
794 3742 970 3809 potius
1000 3756 1100 3810 pro
1125 3741 1368 3794 castitate
1389 3750 1705 3810 rcputatam,
1742 3754 1745 3758 '

152 3846 321 3900 quam
346 3829 400 3883 S.
418 3830 707 3901 Gregorius
729 3847 826 3886 nec
847 3832 1162 3886 diaconibus
1191 3830 1388 3885 Siciliae
1410 3834 1462 3884 in
1485 3824 1707 3900 cpistola

154 3936 254 3973 sua
282 3919 582 3983 concessit;
615 3921 706 3974 sed
734 3923 786 3974 in
819 3922 1140 3990 quibusdam
1175 3937 1360 3975 eorum
1407 3921 1710 3990 ad‘tempus

152 4016 368 4060 tantum
417 3995 825 4074 dissimulando,
865 4023 973 4062 non
1020 4009 1224 4062 licitam
1260 4009 1574 4072 asserenda,
1603 4024 1709 4062 non

153 4109 284 4148 eum
343 4093 578 4170 diaconii
633 4095 1132 4159 administratione,
1196 4097 1288 4149 sed
1350 4093 1452 4150 sub
1505 4096 1709 4150 altioris

156 4183 364 4252 gradus
387 4183 746 4264 prohibitione
778 4183 970 4251 legitur
997 4184 1270 4236 tolerasse.

226 4270 474 4339 Denique
504 4271 636 4324 nihil
668 4269 800 4324 adeo
820 4271 978 4325 alicui
1002 4272 1262 4340 reperitur
1285 4271 1546 4325 dissimile
1567 4271 1710 4340 quod

155 4375 269 4413 non
301 4376 426 4414 cum
463 4360 648 4415 eodem
685 4361 918 4430 aliquem
945 4361 1310 4418 similitudinis
1349 4362 1539 4414 habeat
1560 4362 1709 4415 colo-

156 4465 310 4511 rem,
362 4464 484 4503 cum
527 4458 580 4503 et
626 4450 738 4518 ipse
784 4449 1031 4503 diabolus
1063 4465 1122 4503 se
1176 4450 1228 4502 in
1275 4450 1521 4522 angelum
1576 4451 1712 4504 lucis

1814 705 1978 755 sacris
2014 703 2311 754 cauonibus
2343 704 2698 755 :ulversantur
2745 705 2844 754 sub
2875 705 3096 756 terribili
3144 710 3368 758 auatlze-

1815 802 1954 844 mate
1979 793 2323 844 damnantur.

1884 879 2004 932 llzec
2041 879 2204 945 igitur
2226 880 2268 931 si
2305 890 2359 931 tu
2396 879 2620 931 ﬁdeliter
2641 880 2980 945 attendisses,
3009 897 3282 947 nunquam
3314 884 3366 935 in

1815 971 1888 1021 tui
1919 969 2214 1036 periculum
2245 969 2445 1020 domini
2476 969 2756 1036 apostolici
2783 973 3102 1022 sententiam
3144 972 3367 1024 ninnium

1814 1060 2097 1112 temerarie
2120 1074 2374 1112 vocasses
2403 1061 2764 1119 tcum-rariam,
2811 1077 2930 1127 qum.
2957 1069 3161 1113 tantum
3191 1061 3367 1112 Simo-

1814 1149 1998 1200 niacos
2049 1157 2102 1200 ct
2154 1148 2549 1201 incontinentes
2601 1149 2939 1218 presbyteros
2992 1165 3020 1201 a
3071 1151 3372 1218 pernicioso

1813 1238 1913 1290 sibi
1946 1237 2122 1288 oﬂicio
2165 1237 2459 1290 clementer
2501 1249 2796 1304 separarat,
2821 1254 2958 1306 quos
3001 1237 3056 1290 S.
3084 1239 3271 1307 Grcgm
3291 1241 3370 1294 ius

1813 1342 1933 1379 cum
1975 1327 2196 1394 reliquis
2232 1342 2501 1379 canonum
2530 1328 2852 1380 adversariis
2889 1328 3051 1381 simul
3082 1345 3189 1380 uno
3238 1341 3370 1383 tem-

1813 1433 1940 1485 pore
1969 1419 2069 1470 sub
2098 1419 2445 1470 severissimo
2475 1421 2814 1472 anathemate
2844 1421 3144 1473 damnarat.
3184 1419 3336 1472 Nulla

1814 1517 1975 1560 tenus
2034 1508 2145 1574 ipse
2209 1522 2266 1559 se
2329 1508 2427 1561 hac
2487 1509 2831 1562 damnat‘onc
2893 1509 3182 1574 obligavit,
3251 1510 3285 1562 Ii
3321 1520 3374 1563 et

1815 1595 2176 1650 Siciliensium
2221 1596 2573 1648 diaconorum
2611 1597 3056 1650 im'ontiuentiam
3106 1599 3368 1652 dissimu-

1812 1684 2006 1747 lando,
2057 1701 2162 1737 non
2211 1687 2362 1753 quasi
2415 1685 2650 1746 licitam,
2704 1687 3026 1737 toleraverit.
3082 1685 3181 1754 Ipsi
3226 1687 3368 1739 enim

1810 1772 2012 1827 Μαιδιιί
2040 1773 2230 1826 Patres
2262 1775 2570 1826 nullatenus
2595 1775 2837 1841 apostolii
2857 1791 2900 1826 :e
2926 1775 3033 1827 sedi
3060 1775 3369 1842 primatum,

1814 1865 1927 1916 sive
1957 1864 2293 1932 privilegium
2329 1865 2594 1924 adimunt,
2630 1881 2750 1916 cum
2778 1865 3017 1916 ιιιιιιιὶιιιιι
3053 1865 3212 1917 etiam
3243 1880 3371 1932 [.m—

1811 1953 2106 2006 vinciat'unt
2155 1954 2446 2016 antistites,
2492 1953 2649 2020 juxta
2686 1970 2888 2007 morem
2940 1953 3164 2006 Romani
3197 1955 3372 2022 porti-

1809 2042 1963 2105 ﬁcis,
2016 2044 2226 2110 propria
2277 2043 2499 2109 jubeant
2565 2032 2856 2095 oliscrvare
2922 2042 3213 2108 privilegia.
3275 2041 3370 2094 list

1805 2140 1984 2185 autem
2011 2131 2346 2200 privilegium
2401 2130 2624 2182 Ilomaui
2655 2131 2952 2197 pontiﬁcis.
2991 2131 3141 2195 juxta
3187 2148 3366 2182 asser-

1796 2218 2002 2273 tionem
2045 2219 2099 2272 Β.
2129 2219 2408 2289 Sylvestri,
2441 2218 2662 2278 Gelasii,
2693 2228 2745 2270 ct
2773 2219 3099 2285 reliquorum
3127 2217 3367 2282 l’atrum,

1806 2315 1867 2359 ut
1916 2309 2029 2375 ipse
2063 2309 2128 2361 de
2170 2308 2422 2360 omnibus
2470 2307 2723 2360 Ι’Σ‹·‹·1ιιδὶἱς
2750 2307 2992 2374 judicare
3035 2309 3234 2369 valeat,
3268 2323 3368 2359 me

1806 2395 2266 2463 aliutjusjudicio
2293 2396 2596 2459 subjaccat;
2620 2403 2670 2447 et
2703 2405 2759 2448 ιιι
2805 2395 3042 2462 ipsorutn
3073 2409 3366 2456 canonum,

1804 2491 1857 2534 et
1891 2483 2230 2534 decretorum
2259 2483 2596 2534 severitatem
2644 2497 2740 2550 pro
2763 2483 3018 2549 temporis
3048 2484 3368 2536 necessitate

1805 2572 1998 2634 valeat,
2023 2573 2132 2622 imo
2161 2572 2351 2623 debeat
2395 2573 2641 2632 mitiyare.
2672 2571 2779 2634 (ubi
2825 2573 3026 2639 supra).
3064 2571 3231 2639 llujus
3261 2572 3368 2638 pri-

1805 2660 1979 2728 vilegii
2027 2660 2349 2713 auctoritate
2388 2676 2494 2712 non
2545 2661 2910 2728 impugnando
2955 2675 3229 2724 canones,
3274 2661 3366 2712 sed

1805 2749 2170 2811 observando,
2226 2748 2544 2802 diaconibus
2596 2747 2793 2802 Siciliae
2845 2748 3236 2815 aliquantulum
3299 2750 3366 2803 ad

1805 2845 2014 2904 tempus
2042 2835 2311 2904 pepercit;
2347 2852 2450 2887 non
2474 2836 2572 2896 eis,
2606 2851 2728 2888 eum
2760 2835 3082 2899 Summi-no,
3111 2838 3366 2904 peccandi

1806 2927 2073 2979 licentiam
2101 2926 2262 2978 dedit.
2302 2924 2449 2977 l'ude
2474 2941 2569 2977 nec
2606 2925 2841 2992 seipsum
2884 2942 3004 2978 cum
3042 2927 3366 2978 adversariis

1807 3016 2386 3089 proprio.anathemate
2409 3015 2684 3083 obligavit,
2710 3015 2822 3078 sed,
2840 3015 2991 3080 juxta
3025 3024 3169 3068 tuam
3197 3016 3366 3082 ipsius

1807 3105 2180 3166 assertionem,
2211 3114 2262 3156 te
2306 3105 2503 3166 solum,
2540 3119 2645 3155 non
2694 3104 2815 3156 dico
2867 3120 2988 3155 cum
3033 3102 3271 3171 Paphum
3291 3103 3362 3166 io,

1806 3193 1897 3246 sed
1924 3194 2085 3244 etiam
2115 3207 2237 3244 cum
2263 3192 2516 3244 omnibus
2546 3192 2828 3244 Sozomeni
2857 3193 3232 3254 sectatorilms,
3264 3195 3366 3246 sub

1803 3282 1989 3334 eodem
2012 3281 2350 3334 anathemate
2380 3282 2614 3349 reliquit.
2665 3281 2769 3349 Ipsi
2813 3282 2956 3334 enim
2996 3271 3098 3335 SS.
3142 3282 3360 3337 Patrum

1803 3378 2000 3424 statuta
2029 3371 2191 3423 etiam
2225 3370 2505 3423 ammilare
2524 3379 2877 3437 pra-sunmut,
2902 3371 3025 3423 licet
3049 3372 3128 3424 cis
3156 3372 3361 3424 nulhun

1804 3460 2141 3528 privilegium
2189 3474 2425 3530 canones
2482 3459 2878 3521 concesserint,
2939 3469 2996 3512 ut
3044 3459 3247 3526 aliquid
3294 3475 3363 3513 ex

1805 3549 2111 3618 apostolicis
2137 3547 2351 3600 statutis
2378 3547 2563 3599 saltem
2596 3546 2839 3615 mitigare
2867 3545 3096 3613 possint.

1876 3656 2167 3710 Anathcma
2199 3656 2359 3708 etiam
2385 3655 2524 3722 quod
2557 3655 2837 3724 subjuugis
2861 3656 3090 3709 maxime
3117 3653 3374 3711 convenit

1806 3745 2159 3798 sectatoribus
2183 3743 2490 3802 Sozomcni,
2527 3753 2598 3806 et,
2627 3753 2679 3795 ut
2705 3744 3140 3810 compendiosius
3161 3745 3360 3810 dicam,

1811 3835 2215 3896 Sozomcnislis,
2247 3835 2338 3902 qui
2366 3851 2468 3885 non
2490 3834 2611 3884 dico
2634 3833 2950 3901 approbant,
2983 3833 3091 3886 imo
3112 3851 3273 3886 causa
3310 3845 3366 3889 et

1808 3935 1966 3992 caput
2016 3931 2143 3978 sunt
2182 3931 2241 3976 ut
2288 3923 2574 3976 steculares
2611 3923 2903 3976 ineitcntur
2945 3931 3131 3975 contra
3177 3938 3364 3975 sacer-.-

1808 4014 1980 4067 dotes.
2008 4012 2113 4081 Ipsi
2135 4010 2278 4064 enim
2303 4026 2400 4064 sua
2429 4010 2808 4062 nefandissima
2849 4011 3199 4076 persuasione
3227 4010 3358 4063 sim-

1808 4103 2062 4168 pliciores
2079 4100 2424 4168 presbyteros
2447 4098 2512 4148 ad
2534 4093 2955 4150 contemnendos
2973 4113 3209 4160 canones
3231 4101 3367 4152 adeo

1808 4187 2133 4250 eonfortant,
2166 4195 2225 4238 ut
2248 4194 2482 4239 rectores
2519 4184 2880 4238 Eeclesiarum
2908 4171 3209 4252 necessario
3233 4187 3365 4240 Gre-

1809 4278 2061 4346 gorianas
2108 4275 2404 4330 sententias
2461 4275 2526 4328 ad
2583 4275 3190 4341 stcrularesproferant.
3253 4271 3367 4343 Ipse

1808 4367 1952 4420 enim
1978 4366 2166 4419 doctor
2205 4364 2532 4433 apostolicus
2561 4363 2819 4417 Jcnuasio
2849 4365 3078 4431 patricio
3107 4366 3176 4417 ita
3226 4369 3364 4418 scri-

1810 4457 1922 4532 bit:
1964 4453 2109 4508 Scito
2157 4465 2350 4516 autent,
2388 4453 2467 4520 ﬁli
2517 4453 2982 4518 excellentissime,
3029 4457 3073 4506 si
3126 4457 3367 4510 t-irtorius

157 4540 340 4592 soleat
369 4538 751 4594 transformare
775 4538 861 4608 (11
885 4539 1006 4593 Cor.
1039 4542 1118 4608 ιι).
1148 4538 1285 4604 Quid
1310 4539 1471 4608 igitur
1492 4541 1707 4605 mirum,
1744 4557 1785 4609 ι)
1809 4544 2066 4614 queritis,
2113 4543 2156 4594 si
2193 4544 2481 4594 ronnnissa:
2522 4545 2663 4595 rohis
2707 4545 2988 4610 proriuciu’
3033 4546 3364 4597 securitatem

155 4629 204 4682 si
260 4639 322 4682 tu
370 4629 567 4698 scripta
602 4629 840 4700 Gregorii
875 4630 1140 4698 ﬁgmentis
1180 4630 1460 4684 Sozomeni
1496 4645 1712 4698 quoquo

157 4711 717 4794 modoassimilasti,
756 4725 877 4778 eum
905 4733 1081 4778 tamen
1124 4723 1256 4780 adeo
1307 4721 1626 4777 dissentiant
1653 4731 1714 4776 ut

157 4809 332 4878 hujus
360 4809 608 4878 figmenta
658 4812 962 4867 nullatenus
1001 4812 1386 4881 Gregorianum
1428 4811 1710 4864 anathema

159 4894 534 4965 subterfugere
577 4897 819 4952 valeant?
842 4897 1149 4954 Justissime
1191 4904 1381 4954 autem.
1421 4915 1526 4954 non
1574 4901 1714 4953 hanc

159 4983 514 5055 temporalem
541 4991 595 5038 et
636 4984 1078 5053 dispensatoriam
1119 4985 1177 5040 S.
1233 4986 1475 5056 Gregorii
1519 4988 1713 5040 tolera—

162 5075 392 5137 tionem,
425 5073 516 5133 sed
547 5073 811 5140 generalia
840 5072 1010 5140 ipsius
1035 5080 1089 5125 et
1128 5072 1457 5141 reliquorum
1492 5073 1712 5126 Patrum

155 5162 384 5225 decreta
403 5162 720 5231 generaliter
746 5162 848 5215 hoc
867 5168 1104 5228 tempore
1121 5159 1375 5228 jubemur
1395 5161 1710 5224 observare;

165 5264 296 5303 eum
342 5250 532 5307 beatus
574 5265 710 5320 papa
748 5250 875 5314 Leo,
913 5259 1018 5302 tute
1064 5250 1230 5316 partis
1280 5255 1598 5311 assentator,
1655 5255 1715 5300 ut

167 5336 431 5399 aestimas,
459 5340 526 5393 ad
556 5341 842 5408 episcopos
884 5337 1214 5392 Mauritaniae
1237 5338 1377 5390 hanc
1409 5335 1711 5404 generalem

169 5423 411 5493 proferat
459 5431 792 5483 sententiam.
823 5429 935 5483 Non
979 5442 1106 5498 ergo
1137 5427 1189 5479 in
1227 5425 1546 5493 cujusquam
1585 5438 1709 5491 per-

170 5529 309 5568 sona
367 5523 451 5568 est
502 5513 1008 5584 pramermittendum
1062 5518 1202 5588 quod
1262 5516 1313 5569 in
1379 5513 1714 5584 generalibus

128 5596 140 5602 ”
171 5604 393 5659 statutis
415 5600 738 5659 continetur.
767 5607 926 5676 Atqui
955 5611 1006 5663 in
1027 5607 1360 5680 generalibus
1387 5604 1598 5658 statutis
1621 5618 1715 5670 per

173 5695 548 5748 auctoritatem
585 5693 640 5748 S.
666 5693 904 5764 Gregorii
927 5698 1206 5768 inisynodo.
1227 5694 1454 5765 generali
1478 5691 1714 5760 promul-

176 5787 339 5856 gatis,
385 5785 499 5859 ipsa
549 5799 652 5836 non
715 5775 931 5837 tantum.
978 5786 1359 5847 condormitio,
1412 5783 1502 5837 sed
1552 5780 1712 5833 etiam

493 5863 503 5871 ’
547 5868 838 5947 εΡΑιΊιὸι..
876 5871 1199 5932 CXLVIII.

1444 5927 1491 5952 ‘LA

1791 4635 2074 4692 .tractatis,
2111 4633 2242 4684 nihil
2286 4632 2432 4684 aliud
2483 4633 2620 4686 robii
2665 4635 2835 4703 magis
2876 4634 2944 4684 ad
2975 4635 3068 4686 hoc
3094 4634 3361 4701 proﬁcere,

1811 4739 1966 4792 quant
1990 4723 2150 4774 κειατί
2177 4722 2503 4773 sacerdotum
2537 4722 2719 4784 vitam,
2749 4731 2796 4772 et
2817 4721 3068 4792 {intestina
3103 4716 3365 4790 Hateriu-

1813 4828 1958 4874 rum,
2002 4813 2057 4863 in
2097 4821 2349 4880 quantum
2399 4809 2644 4884 possibile
2685 4817 2791 4868 est,
2839 4805 2973 4857 bella
3029 4821 3362 4872 comparere.
3430 4797 3437 4802 ’

1812 4899 1954 4952 idem
1977 4899 2136 4956 etiam
2169 4914 2318 4965 reges
2352 4896 2679 4948 Francorum
2711 4895 2761 4945 in
2794 4893 3122 4959 adjutorium
3168 4894 3266 4946 sibi
3300 4897 3365 4948 a:l

1811 4967 2199 5042 correctionem
2254 4984 2594 5037 sacerdotum
2664 4983 2762 5036 hac
2819 4982 3043 5036 terribili
3105 4986 3368 5038 seut.ei.tia

1812 5075 2051 5129 incitavit
2078 5080 2386 5126 contestans
2409 5090 2419 5123 :
2453 5071 2623 5135 Quod,
2650 5072 2819 5140 inquit
2841 5113 2855 5134 ,
2877 5074 3059 5140 procul
3083 5074 3242 5124 a’uI-io
3283 5074 3368 5140 fa-

1813 5165 1994 5215 cientis
2043 5150 2250 5227 culpnm
2303 5161 2484 5223 habet,
2543 5163 2630 5229 qui
2688 5163 2824 5231 quod
2884 5171 3047 5230 potest
3088 5163 3364 5227 corrigere,

1816 5247 2025 5316 negligit
2058 5245 2348 5299 emendare.
2379 5245 2488 5301 Nec
2525 5256 2700 5300 tamen
2740 5249 2877 5300 idem
2903 5231 3226 5316 apostolicus
3272 5258 3364 5308 p:r

1813 5339 1916 5393 hoc
1938 5337 2138 5406 aliquid
2168 5337 2437 5390 commisit
2458 5339 2510 5391 in
2544 5338 2641 5391 SS.
2668 5338 2883 5391 Patrum
2913 5342 3112 5387 statuta
3131 5371 3144 5394 ,
3178 5345 3358 5382 sacer-

1814 5429 1967 5482 dotes
2005 5444 2033 5481 a
2067 5425 2418 5482 saecularibus
2455 5425 2808 5479 defendentia.
2852 5418 3010 5471 Novit
3052 5419 3196 5470 enim
3240 5429 3358 5466 cere

1817 5518 2026 5571 tissime
2064 5515 2193 5568 haec
2225 5513 2410 5566 eadem
2440 5514 2643 5565 nullum
2691 5509 3024 5563 sacerdotem
3071 5521 3100 5557 a
3134 5500 3359 5555 smuda-

1819 5605 1969 5658 rilms
2015 5599 2318 5654 defendisse
2363 5599 2455 5666 qui
2513 5597 2681 5650 sacris
2743 5594 3042 5651 canouibus
3092 5587 3361 5643 obstinato

1821 5694 2001 5746 animo
2028 5687 2318 5744 resisteret.
2349 5685 2456 5737 imo
2480 5679 2577 5751 qui
2608 5686 2675 5736 ab
2719 5685 2905 5736 iisdem
2941 5683 3225 5735 damnatus
3247 5675 3359 5741 jam

1821 5780 2019 5834 dudum
2049 5791 2077 5827 a
2103 5762 2416 5837 sacerdotio,
2445 5773 2583 5840 apud
2606 5772 2770 5824 Deum
2796 5770 3098 5823 decidisset.

2979 5857 3054 5912 τἶῦ
