3944 6398
551 507 685 562 1039

1505 497 1594 551 ΑΙ)
1629 493 1854 552 OPERA
1896 490 1951 546 S.
1991 481 2312 545 GRECORH
2350 481 2786 541 APPENDICES.

3604 475 3747 530 H00

620 616 844 671 Videsne
875 615 1034 684 igitur
1061 567 1547 682 quam'justissime
1571 591 1827 677 praedicto
1870 601 2091 656 anathe-
2119 605 2156 656 ia
2189 595 2547 684 auditoribus,
2578 592 2733 684 quod.
2758 565 2886 645 fecit
2926 587 3040 684 ipse
3079 584 3330 684 Christus
3356 599 3372 649 ;
3409 593 3514 684 nec
3535 580 3749 684 domm!

549 707 678 759 mati
711 703 1024 771 subiaceant
1052 700 1455 762 Sozomenistaa,
1478 696 1571 766 qui
1613 695 1805 764 quosli;
1844 701 1883 746 2t
1916 705 2095 745 sacer-

549 796 700 847 dotes
721 793 854 846 adeo
888 805 1124 845 canones
1145 795 1502 849 contemnere,
1539 785 1675 839 adeo
1699 796 1854 836 suam
1880 780 2097 832 «’amna-

551 889 747 935 tionem
777 894 1032 950 spernere
1045 877 1257 941 docent,
1286 883 1346 930 ut
1363 873 1568 944 praelati
1581 885 1769 926 eorum
1792 884 1890 923 nec
1915 865 2096 921 ssario

546 971 652 1025 sibi
691 971 745 1024 in
785 968 1110 1038 adiutorium
1164 965 1451 1020 szeculares
1499 976 1599 1032 pro
1642 959 1776 1030 ipsis
1809 972 1841 1012 a
1870 957 2095 1011 damna-

554 1059 702 1112 tione
727 1057 1042 1112 revocandis
1065 1056 1370 1125 implorent.

624 1146 818 1200 Parum
844 1154 1055 1210 autem,
1087 1145 1198 1198 imo
1241 1142 1378 1197 nihil
1410 1149 1518 1194 tua:
1563 1133 1847 1192 intentioni
1881 1133 2101 1203 prodest

555 1236 696 1306 quod
740 1242 819 1289 tot
861 1233 1299 1303 compassionum
1341 1227 1584 1298 exempla
1631 1238 1934 1288 enumeras,
1972 1221 2100 1275 dum

557 1326 660 1378 hoc
681 1322 896 1377 cuilibet
909 1321 1123 1376 erudito
1149 1319 1220 1375 sit
1240 1315 1584 1372 manifestum
1609 1312 1750 1382 quod
1767 1310 2096 1372 nullatenus,

555 1426 652 1480 pro
675 1409 904 1478 alicujus
928 1408 1260 1472 infirmitate,
1288 1421 1345 1460 se
1381 1403 1576 1473 aliquis
1615 1401 1806 1456 debeat
1828 1414 1858 1452 a
1886 1397 2102 1451 Christo

559 1512 834 1566 separare;
867 1486 1012 1567 quod
1041 1509 1230 1550 omnes
1263 1492 1487 1558 faciunt,
1518 1490 1828 1560 quicunque
1850 1486 1969 1540 aliis
1994 1493 2103 1538 tam

560 1589 828 1642 obstinato
854 1586 1036 1640 animo
1067 1593 1253 1640 contra
1299 1580 1698 1637 sacratissimos
1738 1590 1972 1632 canones
2006 1574 2102 1627 ad-

559 1674 862 1730 miniculari
901 1681 1184 1737 conantur,
1227 1679 1288 1724 ut
1318 1678 1372 1725 et
1401 1669 1501 1738 ipsi
1522 1669 1644 1737 jure
1693 1680 1816 1720 cum
1856 1664 1960 1718 illis
2005 1663 2106 1717 sub

562 1776 670 1815 uno
721 1761 1059 1815 anathemate
1120 1757 1337 1812 multari
1373 1762 1702 1810 mereantur.
1743 1751 1907 1817 Nam,
1952 1749 2105 1818 juxta

563 1847 1076 1916 Apostolum,digni
1118 1854 1238 1898 sunt
1284 1851 1446 1896 morte
1480 1857 1581 1893 non
1626 1839 1796 1892 solum
1837 1838 1926 1906 qui
1975 1835 2105 1887 talia

566 1938 786 2005 faciunt,
825 1936 914 1988 sed
955 1946 1002 1988 et
1026 1936 1112 2002 qui
1138 1931 1447 2002 facientibus
1491 1929 1812 1982 censentium
1847 1925 2016 1995 (Rom.
2044 1924 2102 1992 i).

568 2027 623 2079 Si
644 2039 772 2079 vero
807 2025 966 2095 digna
990 2025 1148 2077 rebus
1169 2021 1386 2076 nomina
1411 2020 1684 2088 imponere
1702 2016 1976 2078 volumus,
2001 2026 2106 2066 non

566 2120 672 2172 hoc
715 2117 1020 2170 misericors
1067 2112 1390 2181 compassio,
1441 2109 1533 2164 sed
1579 2108 1759 2177 potius
1787 2103 2108 2160 miserabilis

568 2205 937 2261 condemnatio
967 2201 1382 2270 nuncupabitur,
1412 2211 1536 2250 cum
1569 2195 1766 2263 aliquis
1793 2206 1902 2247 non
1949 2190 2110 2244 modo

571 2309 748 2356 suum,
781 2292 871 2345 sed
896 2299 947 2344 et
978 2289 1200 2344 alterius
1227 2295 1502 2355 peccatum
1529 2283 1662 2337 adeo
1690 2280 1970 2336 defendere
2004 2291 2110 2332 non

570 2383 794 2444 dubitat,
825 2389 882 2433 ut
909 2395 936 2431 a
961 2378 1106 2432 fonte
1135 2376 1379 2429 omnium
1419 2375 1684 2428 honorum
1719 2372 1956 2438 scipsnm
1991 2369 2112 2421 alie-

484 2454 488 2459 ’
572 2485 700 2524 nare
749 2485 855 2523 non
889 2470 1092 2521 timeat.
1139 2464 1256 2518 Non
1305 2473 1388 2518 est
1435 2462 1595 2518 modo
1643 2459 2006 2515 necessarium
2055 2466 2116 2510 ut

571 2557 813 2627 exempla
858 2556 1314 2623 compassionum,
1361 2567 1482 2620 qua:
1528 2549 1726 2603 frustra
1769 2547 2111 2615 multiplicas,

573 2648 733 2700 etiam
766 2644 1037 2714 sigillatim
1085 2640 1392 2703 discutiam,
1423 2652 1547 2693 cum
1588 2637 1773 2691 eadem
1801 2634 2116 2706 generaliter

575 2734 705 2786 nihil
752 2742 858 2786 tua‘.
895 2730 1034 2800 parti
1069 2729 1324 2798 prodesse
1367 2727 1478 2795 jam
1533 2733 1946 2788 monstrassem,
1996 2737 2117 2791 quae

576 2823 734 2873 etiam
777 2821 831 2872 in
859 2818 1134 2887 epistolari
1168 2816 1428 2870 brevitate
1455 2813 1765 2884 singulatim
1791 2818 2118 2880 pertractare

579 2911 738 2964 nimis
763 2911 982 2978 longum
1008 2908 1232 2962 aestimo.

648 3001 780 3054 Volo
826 3008 1006 3052 tamen
1054 2997 1158 3050 hoc
1212 3004 1318 3049 tute
1353 2990 1672 3048 fraternitati
1726 2987 1949 3042 fideliter
1995 2985 2120 3039 inti-

579 3104 725 3140 mare
799 3085 941 3154 quod
1013 3083 1142 3137 illud
1193 3081 1493 3149 exemplum
1547 3076 1691 3148 quod
1757 3076 1965 3144 justum
2021 3071 2124 3126 Lot

580 3178 714 3228 mlas
765 3189 892 3227 suas
945 3187 1043 3239 pro
1084 3169 1386 3239 hospitibus
1436 3163 1757 3234 stuprandas
1813 3159 2122 3216 exhibuisse

586 3263 738 3333 (ficu.
766 3260 941 3327 xvut),
987 3267 1212 3311 testatur
1239 3273 1269 3309 a
1307 3255 1368 3308 Β.
1415 3243 1716 3322 Augustino
1746 3251 1882 3303 inter
1907 3247 2124 3300 vitanda

586 3352 761 3418 [ullius
807 3362 967 3417 quam
1005 3344 1260 3398 imitanda
1309 3356 1477 3396 sacrae
1525 3338 1815 3406 Scriptura:
1856 3335 2125 3403 exempla,

586 3442 726 3492 sicut
771 3445 822 3502 et
867 3434 1201 3488 mendacium
1238 3429 1423 3483 Rahab
1469 3433 1765 3495 reputatur.
1811 3422 1951 3478 Idem
1985 3423 2127 3476 enim

588 3511 921 3597 Augustinus
953 3520 1372 3578 evidentissimis’
1410 3516 1708 3572 rationibus
1754 3513 1945 3583 probat
1984 3514 2128 3582 quod

594 3619 895 3668 nullatenus
931 3614 1162 3680 aliquem
1186 3624 1281 3678 pro
1316 3607 1489 3661 aliena
1511 3600 1822 3657 infirmitate
1851 3612 2128 3671 peccatum

591 3703 922 3754 committere
943 3698 1119 3760 liceat,
1145 3711 1241 3764 pro
1286 3709 1394 3762 quo
1419 3690 1725 3755 devitando,
1765 3704 1862 3744 nec
1901 3691 2133 3758 propria:

591 3786 889 3842 inﬁrmitati
913 3799 1132 3854 parcere
1157 3783 1366 3836 debeat.
1600 3771 1608 3823 Ῐ
1741 3829 1744 3832 ,

657 3876 788 3928 lllud
827 3882 1005 3928 autem
1047 3869 1325 3940 Apostoli:
1361 3866 1720 3936 Unusquisque
1762 3883 1911 3919 suam
1948 3865 2134 3920 habeat

587 3983 799 4021 uxorem
825 3963 877 4033 (1
917 3963 1035 4016 Cor.
1063 3960 1188 4029 vn),
1220 3973 1342 4012 cum
1372 3971 1471 4012 nec
1515 3956 1808 4010 infirmitati
1837 3957 2133 4009 monacho-
2184 4016 2186 4018 ν

587 4074 730 4123 rum,
758 4070 855 4109 nec
885 4051 1161 4122 fragilitau'
1189 4047 1576 4118 quarumlibet
1600 4046 1898 4100 velatarum
1931 4046 2135 4114 aliqua-

589 4160 745 4203 tenus
800 4141 1230 4206 condescendat,
1293 4137 1464 4192 multo
1529 4136 1709 4190 minus
1761 4135 2138 4189 condescendit

595 4235 992 4297 sacerdotibus,
1041 4228 1286 4283 videlicet
1329 4226 1422 4295 qui
1457 4239 1586 4278 non
1644 4222 1872 4292 simplici
1928 4230 2134 4276 tantum

597 4325 961 4379 lzci‘iedictione
997 4320 1067 4376 ad
1110 4317 1491 4373 continentiam
1538 4324 1664 4374 sunt
1708 4314 1887 4378 dicati,
1927 4313 2018 4367 sed
2044 4328 2137 4382 per

597 4411 953 4464 venerandam
982 4422 1176 4459 manus
1203 4405 1630 4473 impositionem,
1671 4411 1725 4457 et
1760 4418 1852 4471 per
1881 4403 2137 4456 sacratis-

2193 682 2476 753 apostolici
2531 679 2826 735 auctoritas
2883 677 3158 731 minuetur
3181 712 3196 740 ,
3257 670 3469 728 etiamsi
3518 668 3754 739 quilibet

2194 773 2364 843 magis
2425 771 2631 842 perire,
2700 782 2862 838 quam
2933 764 3244 835 apostolicis
3316 758 3751 817 institutionibus

2193 863 2411 916 obedire
2431 867 2674 924 conetur,
2698 872 2797 928 pro
2818 871 2925 926 quo
2967 857 3130 909 etiam
3154 867 3315 908 orare
3353 850 3602 920 prohibet
3631 849 3752 917 ipse

2194 947 2579 1002 dilectissimus
2634 943 2883 998 Domini:
2924 941 3048 1007 Est,
3102 942 3310 1010 inquit,
3354 945 3626 1007 peccatum
3678 935 3752 988 ad

2195 1043 2433 1099 mortem,
2461 1049 2564 1087 non
2610 1031 2727 1098 dico
2773 1040 2830 1084 ut
2869 1031 2986 1100 quis
3029 1038 3138 1082 oret
3177 1039 3270 1096 pro
3319 1019 3466 1095 eo'(l
3493 1022 3652 1076 Joan.
3683 1025 3748 1090 t).

2197 1121 2302 1192 Ipsi
2332 1121 2582 1177 videlicet
2606 1121 2739 1176 tales
2763 1121 2830 1176 ad
2859 1135 2955 1176 cor
2987 1125 3316 1173 revertentes
3346 1114 3526 1184 potius
3546 1127 3647 1180 pro
3722 1127 3753 1164 θ

2197 1221 2251 1267 et
2278 1228 2376 1283 pro
2403 1212 2527 1267 aliis
2548 1211 2744 1265 debent
2785 1223 2960 1273 orare,
2997 1208 3070 1261 ita
3094 1207 3343 1261 dicentes
3368 1220 3382 1256 :
3417 1202 3606 1257 Omnia
3632 1214 3754 1268 qu"

2201 1302 2371 1369 fecisti
2413 1299 2592 1364 nobis,
2629 1297 2876 1360 Domine,
2914 1298 2967 1349 in
3006 1311 3121 1349 vero
3153 1293 3361 1361 judicio
3404 1291 3593 1358 fecisti,
3621 1288 3754 1356 quia

2199 1389 2520 1458 peccavimus
2561 1387 2688 1451 tibi,
2730 1394 2779 1438 et
2820 1384 3084 1438 mandatis
3127 1384 3231 1436 tuis
3279 1397 3380 1433 non
3412 1379 3748 1432 obediriutus.

2203 1475 2363 1544 (Dan.
2399 1474 2501 1543 tu).

2273 1602 2408 1658 Volo
2441 1603 2603 1656 etiam
2644 1610 2704 1655 ut
2749 1601 3027 1682 diligenter
3073 1597 3362 1668 inspicias,
3408 1597 3678 1666 quoslibet
3718 1607 3754 1650 ι

2203 1692 2400 1762 populo
2435 1690 2683 1746 vitandos
2727 1704 2846 1744 esse
2892 1704 2999 1743 non
3044 1696 3154 1743 tam
3209 1697 3426 1756 propter
3459 1686 3756 1739 humanam

2206 1780 2674 1851 incontinentiam,
2712 1775 2901 1846 quam
2937 1785 3152 1846 propter
3189 1776 3505 1829 diabolicam
3569 1773 3759 1827 inobc-

2137 1893 2180 1948 υ
2206 1869 2482 1932 dientiam,
2512 1875 2572 1920 ut
2616 1865 2851 1934 Spiritus
2889 1874 3110 1918 sanctus
3136 1878 3230 1932 per
3253 1862 3556 1917 Samuclem
3590 1870 3758 1921 testa:

2207 1965 2332 2010 tur:
2364 1954 2552 2008 Melior
2583 1962 2660 2007 est
2682 1953 2973 2007 obedientia
3005 1968 3161 2020 quam
3191 1951 3432 2015 uictima,
3461 1959 3507 2003 et
3541 1949 3756 2001 auscul-

2209 2054 2318 2098 tare
2353 2045 2519 2113 magis
2552 2058 2707 2112 quam
2749 2043 2932 2110 offerre
2961 2041 3163 2108 adipem
3187 2041 3429 2104 arietum,
3457 2039 3578 2107 quia
3605 2041 3760 2108 quasi

2207 2141 2475 2202 peccatum
2513 2130 2779 2184 ariolandi
2821 2127 2901 2184 est
2946 2145 3260 2199 repugnare,
3302 2138 3352 2183 et
3393 2130 3542 2197 quasi
3590 2128 3762 2180 scelus

2207 2221 2522 2276 idololatria:
2538 2220 2674 2273 nolle
2695 2220 3012 2287 acquiescere
3043 2217 3095 2289 (Ι
3118 2217 3239 2286 Reg.
3267 2218 3375 2286 xv).
3409 2216 3542 2270 Hinc
3568 2225 3621 2270 et
3644 2217 3765 2285 ipse

2207 2311 2457 2378 princeps
2510 2307 2916 2376 apostolorum,
2977 2313 3040 2358 ut
3097 2304 3156 2358 Β.
3221 2304 3524 2358 Alexander
3581 2315 3719 2372 papa
3745 2345 3762 2365 ,

2210 2398 2372 2468 capit.
2421 2397 2475 2460 6,
2526 2381 2754 2450 testatur
2783 2396 2837 2448 in
2872 2393 3209 2449 ordinatione
3242 2391 3301 2446 Β.
3333 2391 3765 2455 Clementis,fir-

2211 2487 2454 2542 missime
2487 2485 2766 2550 deliberat,
2802 2493 2863 2538 ut
2903 2482 3130 2552 pepnlus
3175 2495 3274 2536 nec
3305 2482 3492 2535 saltem
3526 2482 3670 2549 loqui
3714 2480 3768 2534 ci

2214 2575 2438 2639 audeat,
2483 2588 2644 2643 quem
2688 2571 2972 2642 praeceptis
3018 2571 3328 2640 apostolica:
3373 2570 3517 2624 sedis
3578 2569 3768 2623 inobe-

2215 2664 2453 2718 dientem
2505 2662 2719 2734 sentiat.
2779 2661 3005 2730 Propter
3049 2659 3458 2714 inobcdicntiam
3521 2659 3772 2713 videlicet

2215 2755 2329 2823 ipse
2351 2753 2551 2808 Paulus
2587 2750 2999 2815 Samosatenus,
3046 2750 3203 2818 cujus
3245 2764 3481 2803 errorem
3531 2749 3585 2801 in
3627 2762 3772 2817 saepe

2216 2843 2344 2895 trito
2374 2841 2608 2910 capitulo
2635 2839 2957 2893 restauravit
2987 2838 3323 2893 Sozomenus
3347 2838 3414 2891 ab
3453 2837 3772 2907 episcopatu

2219 2931 2429 2997 publica
2468 2918 2629 2982 manu
2660 2928 2885 2996 turpiter
2926 2934 3010 2980 est
3049 2926 3328 2993 expulsus,
3365 2934 3426 2980 ut
3453 2927 3570 2996 ipsa
3605 2939 3773 2994 qnam

2219 3017 2444 3071 nimium
2476 3016 2751 3094 veneraris
2776 3015 3008 3070 Historia
3044 3013 3259 3069 fatetur.
3297 3014 3523 3069 Siricius
3555 3030 3777 3084 quoque

2219 3121 2354 3175 papa
2417 3095 2800 3160 sacerdotalem
2853 3103 3296 3158 incontinentiam
3359 3101 3778 3157 defendentibus

2150 3211 2192 3267 ο
2221 3207 2330 3246 non
2344 3191 2740 3260 promotibnem
2775 3198 2982 3243 tantum
3007 3190 3226 3255 ademit,
3250 3189 3342 3244 sed
3369 3182 3584 3243 omnem
3609 3189 3778 3242 etiam

2225 3280 2428 3334 aditum
2459 3280 2801 3349 indulgentia:
2815 3278 2927 3347 jam
2963 3271 3088 3334 tunc
3118 3279 3198 3334 eis
3219 3279 3434 3348 penitus
3480 3278 3775 3332 obseravit.

2229 3368 2447 3424 Decreta
2482 3368 2678 3422 Leonis
2705 3383 2876 3437 papae,
2899 3382 3022 3436 quae
3051 3376 3156 3422 tuae
3177 3367 3314 3436 parti
3345 3366 3522 3420 favere
3549 3369 3778 3436 putasti,

2227 3457 2628 3514 Sozomenistas
2665 3471 2888 3527 prorsus
2930 3455 3312 3519 condemnant,
3361 3470 3482 3525 qua:
3520 3455 3783 3509 omnibus

2225 3549 2525 3624 apostolica-
2550 3556 2813 3617 pratcepta
2855 3545 3327 3601 contemnentibus
3357 3545 3567 3598 veniam
3611 3544 3782 3598 dene-

2227 3628 2341 3710 gari
2377 3636 2635 3691 indicant.

2298 3767 2524 3824 Multum
2550 3775 2728 3821 autem
2763 3774 2868 3821 tute
2899 3764 3186 3820 eruditioni
3208 3764 3434 3833 derogas
3458 3765 3511 3818 in
3536 3769 3616 3834 eo
3632 3766 3784 3834 quod

2229 3858 2568 3928 generalibus
2590 3856 2807 3911 statutis
2827 3855 2887 3908 B.
2907 3854 3082 3910 Siricii
3111 3842 3553 3923 dispensatoriam
3577 3853 3632 3908 S.
3652 3854 3787 3912 Gre-

2235 3949 2371 4019 gorii
2405 3947 2798 4012 tolerationem,
2827 3946 3025 4019 quippe
3049 3945 3274 3999 localem
3309 3953 3363 3998 et
3402 3945 3783 4013 temporalem,

2232 4037 2450 4091 miraris
2478 4036 2777 4090 dissonare.
2821 4033 3010 4088 Nullus
3033 4033 3173 4088 enim
3206 4035 3535 4102 apostolicus
3563 4049 3786 4089 succes-

2231 4141 2407 4182 sorem
2435 4141 2590 4180 suum
2625 4125 2904 4193 privilegio
2929 4124 3072 4187 sedis
3095 4124 3400 4192 apostolicae
3425 4125 3621 4192 privat,
3647 4125 3785 4192 quin

2231 4233 2329 4286 pro
2370 4217 2455 4270 sui
2499 4217 2756 4284 temporis
2789 4215 3106 4271 necessitate
3149 4227 3258 4282 non
3307 4214 3481 4267 solum
3521 4229 3785 4276 canones,

2233 4306 2325 4359 sed
2351 4303 2649 4383 etiamasu‘i
2694 4303 3051 4357 antecesseris
3098 4302 3404 4356 sanctiones
3433 4301 3608 4355 valeat
3635 4299 3788 4355 miti.-

2233 4409 2379 4466 gare,
2410 4407 2511 4448 nec
2535 4402 2714 4446 tamen
2749 4391 2803 4445 in
2829 4391 2934 4444 hoc
2964 4404 3066 4444 suo
3085 4390 3467 4458 praedecessori
3496 4401 3785 4459 repugnat,

600 4503 722 4560 simi
759 4499 1064 4555 chrismatis
1122 4496 1428 4548 unctionem
1467 4485 1687 4562 reliquis
1720 4493 2136 4556 continentibus,
2170 4515 2214 4569 ι)
2237 4497 2395 4569 quem
2434 4490 2487 4535 et
2515 4480 2729 4550 propria
2776 4486 2974 4533 statuta
3020 4477 3310 4546 aliquando
3353 4478 3629 4548 mitigasse
3673 4493 3787 4534 non

501 4649 504 4652 .
599 4596 709 4649 imo
747 4589 1062 4660 virginibus,
1110 4590 1236 4638 sunt
1259 4582 1481 4650 praelati,
1511 4582 1602 4648 qui
1643 4589 1695 4633 et
1727 4581 1795 4633 al
1833 4581 2140 4648 persolven-

597 4687 726 4741 dum
754 4679 1004 4742 ofﬁciunt,
1038 4674 1198 4728 nullis
1244 4671 1346 4724 nisi
1371 4668 1774 4724 continentibus
1805 4667 1968 4731 licitc,
2003 4683 2140 4735 quo—

597 4775 728 4827 tidie
769 4771 960 4825 debent
1007 4778 1128 4819 esse
1173 4762 1364 4833 parati.
1403 4760 1643 4826 Denique
1687 4757 1822 4810 idem
1856 4757 2142 4824 Apostolus

601 4860 899 4912 informans
927 4854 1106 4907 Titum
1142 4853 1207 4906 de
1237 4847 1577 4905 ordinatione
1604 4844 1717 4899 sive
1759 4845 1825 4898 de
1859 4858 2144 4897 conversa-

604 4948 749 5001 tione
771 4944 1125 5007 sacerdotum,
1154 4940 1517 4994 indubitanter
1539 4934 1768 4988 afﬁrmat
1791 4933 1935 5002 quod
1963 4947 2142 4986 sacer-

605 5037 784 5089 dotem
820 5038 1059 5098 oporteat
1089 5044 1207 5082 esse
1243 5028 1626 5082 continentem.
1766 5070 1796 5092 ,

676 5121 828 5173 Scias
874 5116 1036 5170 etiam
1087 5131 1183 5183 pro
1230 5124 1376 5168 certo
1427 5114 1485 5166 Β.
1539 5111 1895 5181 Augustinum
1944 5111 2143 5164 nullam

605 5208 930 5265 mentionem
957 5205 1032 5258 tui
1071 5202 1286 5272 capituli
1323 5201 1534 5264 fecisse,
1565 5216 1688 5254 cum
1723 5209 1974 5254 tractaret
2001 5201 2143 5270 quod

609 5293 972 5363 multipliciter
999 5287 1178 5343 divina
1212 5284 1488 5351 Scriptura
1530 5284 1748 5352 intelligi
1773 5295 1970 5352 posset.
2016 5286 2148 5350 Quis

606 5385 750 5439 enim
797 5381 914 5436 sani
966 5377 1156 5447 capitis
1198 5373 1376 5443 ipsum
1411 5371 1548 5423 inter
1595 5370 1774 5423 divina
1817 5380 2148 5437 computarct

608 5471 750 5540 quod
780 5470 846 5522 ab
873 5467 1005 5538 ipsis
1045 5463 1241 5518 divinis
1279 5457 1647 5513 sanctionibus
1671 5455 1784 5522 jam
1820 5455 1887 5508 ab
1928 5456 2147 5523 antiquo

609 5554 1089 5627 irrecuperabiliter
1112 5549 1617 5605 anathematizatum
1640 5543 1946 5598 constaret?
1962 5542 2150 5599 Nullus

609 5658 786 5702 autem
836 5641 1199 5697 Sozomenista
1244 5651 1454 5694 summo
1485 5634 1689 5688 medico
1719 5641 1802 5687 est
1835 5647 2150 5699 comparan-

611 5737 729 5797 dus,
757 5735 881 5801 quia
913 5731 1058 5784 nulio
1103 5730 1260 5784 modo
1303 5728 1417 5780 sine
1445 5741 1539 5779 sua
1583 5723 1818 5792 pernicie
1856 5720 1969 5775 suis
2009 5719 2148 5773 favet

2247 4567 2475 4636 ignorat.

2313 4702 2450 4756 Nolo
2477 4709 2658 4754 autem
2681 4700 2873 4753 iterum
2906 4699 3180 4754 exinanire
3221 4701 3366 4755 illam
3402 4710 3560 4757 tuam,
3593 4702 3791 4772 decep-

2247 4791 2438 4845 toriam
2488 4787 2890 4842 similitudinem
2938 4787 3219 4844 Sozomeni
3262 4805 3386 4846 cum
3425 4790 3703 4860 Gregorio,
3731 4800 3793 4846 et

2247 4881 2396 4933 illum
2428 4886 2579 4930 tuum
2604 4877 2970 4945 pr0pbetalem
3003 4876 3300 4933 funiculum
3321 4880 3642 4948 abrumpere
3675 4894 3791 4932 non

2248 4967 2607 5022 necessarium
2671 4967 2842 5031 duco,
2895 4967 3020 5036 quia
3059 4966 3346 5023 Jeremiam
3391 4969 3460 5023 de
3512 4968 3792 5022 lacum:-

2243 5071 2378 5111 noso
2426 5055 2632 5109 extrahi
2682 5055 3103 5120 desiderantem,
3158 5071 3266 5111 non
3301 5055 3570 5108 obstinate
3625 5055 3791 5109 saluti

2243 5159 2355 5199 sua:
2425 5143 2810 5208 reluctantem,
2867 5143 2987 5198 inde
3033 5149 3333 5196 extractum
3404 5153 3512 5192 non
3543 5125 3787 5211 ignoro.

2245 5233 2376 5303 (Jer.
2408 5232 2660 5302 xxxviii.)

2316 5364 2463 5418 Sciat
2489 5364 2651 5418 etiam
2679 5361 2986 5417 fraternitas
3015 5368 3106 5413 tua
3133 5375 3239 5414 non
3260 5359 3670 5428 Cassiodorum,
3697 5364 3793 5418 sed

2252 5453 2606 5522 Epiphanium
2638 5450 2818 5504 nescio
2844 5463 3002 5517 quem
3028 5451 3404 5507 scholastieum
3440 5452 3792 5522 Tripartitam

2251 5542 2593 5596 transtulisse
2645 5538 2957 5604 historiam,
3004 5539 3157 5608 cujus
3201 5540 3507 5597 Cassiodori
3563 5558 3795 5611 persona

2252 5630 2555 5684 nullatenus
2579 5627 3083 5682 anathematizatum
3111 5629 3394 5686 Sozomeni
3433 5639 3597 5700 caput
3628 5645 3795 5686 cano-

2253 5718 2478 5784 nizahit,
2533 5730 2653 5770 cum
2691 5729 2787 5769 nec
2842 5715 3133 5790 indubitata
3171 5721 3425 5775 sanctitas
3476 5714 3796 5774 llieronvmi
