3944 6400
151 474 286 528 MOI

1029 472 1312 527 APPEND.
1353 471 1438 527 ΙΙΙ.
1480 502 1546 512 —-
1583 467 2008 525 IONUHENTA
2045 470 2498 528 GREGORIANA.

3217 480 3348 536 “0!

151 582 449 638 historiam
476 579 693 638 Eusebii
714 581 784 636 ab
811 581 928 652 ipso
955 583 1272 636 translatam
1299 580 1446 652 (984)
1475 580 1714 638 eﬂecerit
1739 586 1784 642 Α
1809 581 2147 636 anathemate
2179 583 2364 652 procul
2385 583 2550 640 dubio
2579 584 2654 639 illi
2708 585 3001 643 multantur
3042 589 3350 661 quicunque

149 675 528 730 authenticam
554 715 570 740 ,
616 688 779 744 quam
824 673 939 742 ipse
993 672 1363 743 Hieronymus
1392 673 1447 728 in
1487 672 1583 728 lib.
1635 671 1712 728 De

149 763 472 819 iilustribus
497 764 629 818 viris
659 770 809 817 notat
834 762 1214 832 deceptoriam.

220 850 377 906 idem
399 867 617 922 quoque
644 852 832 906 doctor
865 851 1097 906 eximius
1131 851 1361 920 teipsum
1387 850 1526 905 idem
1553 858 1715 920 caput

148 955 307 995 sane
335 942 596 996 doctrina:
615 942 897 996 adversum
921 941 1061 996 intra
1083 941 1260 995 crines
1287 940 1593 1010 alienigena:
1612 941 1711 995 do-

147 1032 269 1085 cuit
299 1031 640 1094 abscindere,
681 1030 825 1100 quod
866 1045 991 1084 cum
1035 1031 1332 1098 susceptori
1365 1045 1484 1093 suo,
1519 1041 1577 1082 ut
1599 1029 1712 1098 jam

145 1122 363 1190 sapius
390 1121 718 1176 inculcatum
756 1128 859 1185 est,
891 1121 960 1174 sit
999 1120 1379 1188 perniciosum,
1409 1120 1712 1175 nullatenus

144 1207 297 1264 inter
327 1209 510 1263 divina
543 1210 790 1264 mandata
817 1224 976 1278 super
1011 1223 1204 1264 aurum
1242 1219 1295 1265 et
1338 1209 1603 1278 topazium
1631 1217 1714 1262 est

143 1299 472 1354 amandum.

221 1387 378 1444 Satis
404 1404 534 1444 vero
557 1389 839 1460 diligenter
865 1390 1131 1460 quoslibet
1157 1405 1188 1444 a
1217 1387 1520 1458 recipiendo
1544 1387 1710 1442 δοιο-

144 1479 304 1533 lncni
357 1479 531 1549 capite
576 1480 836 1545 deterrcs,
864 1495 1005 1534 ‘cum
1047 1480 1562 1535 administrationem
1602 1488 1710 1531 tam

143 1569 546 1622 venerabilium
570 1577 1028 1622 sacramentorum
1054 1569 1336 1638 episcopis,
1366 1568 1708 1638 presbyteris,

143 1655 482 1712 diaconibus
511 1672 665 1726 aequa
709 1659 1014 1712 conditione
1041 1659 1200 1712 doces
1236 1658 1528 1726 iniunctam
1567 1671 1705 1711 esse.

147 1743 291 1809 Quis
312 1756 494 1800 autem
525 1754 768 1801 nostrum
792 1746 973 1800 funem
1002 1747 1104 1802 sibi
1129 1747 1228 1816 ipsi
1253 1747 1318 1801 ad
1345 1761 1558 1800 crucem
1585 1761 1710 1815 por-

146 1836 304 1898 tarit,
339 1835 448 1889 imo
477 1837 599 1904 quis
625 1836 736 1904 jam
765 1836 817 1889 in
848 1851 1007 1890 cruce
1043 1851 1335 1906 suspensus
1363 1836 1705 1909 strangulan-

146 1932 263 1979 tcrn
307 1927 511 1980 nodum
554 1941 660 1979 non
697 1927 989 1994 abruperit,
1026 1926 1118 1980 sed
1155 1927 1356 1981 arctius
1383 1927 1582 1996 gutturi
1613 1941 1712 1980 suo

149 2013 435 2066 innectere
458 2014 739 2077 studuerit,
765 2021 820 2067 tu
842 2015 954 2082 ipse
977 2015 1030 2068 in
1057 2015 1422 2082 superioribus
1441 2015 1712 2070 evidenter

149 2103 466 2167 ostendisti,
506 2103 599 2156 ubi
633 2103 862 2171 teipsum
901 2104 957 2156 in
995 2103 1307 2174 Grcgoriani
1353 2103 1710 2159 anathematis

148 2192 350 2246 eculeo
379 2207 700 2261 suspensum
730 2193 1015 2262 reliquisti.

222 2278 418 2334 Laudo
452 2288 628 2334 tamen
667 2281 811 2350 quod
856 2283 1068 2350 plenam
1114 2283 1484 2338 remissionem
1522 2298 1710 2351 pecca-

151 2377 344 2424 torum
391 2370 444 2423 in
474 2370 742 2439 baptismo
772 2380 820 2424 te
863 2373 1080 2428 credere
1115 2367 1396 2440 profiteris,
1426 2387 1521 2440 per
1547 2387 1708 2440 quam

150 2458 549 2526 professionem
590 2460 948 2527 blasphemias
976 2461 1214 2528 epistolae
1248 2468 1352 2514 tua:
1381 2461 1706 2529 reprobasti;

154 2549 209 2600 in
236 2564 371 2617 qua,
405 2549 642 2618 inquam,
669 2549 895 2618 'epistola
925 2549 1034 2603 filio
1061 2550 1171 2618 jam
1199 2549 1398 2604 dudum
1421 2549 1708 2617 baptizata,

153 2639 332 2705 patris
373 2647 651 2707 peccaturo
691 2637 987 2708 imputasse
1039 2638 1261 2693 notaris.
1306 2638 1453 2694 Illam
1496 2654 1712 2708 quoque

155 2735 310 2780 tuam
333 2728 771 2796 propositionem,
801 2728 1053 2796 quidquid
1080 2729 1311 2781 convenit
1333 2731 1494 2796 parti,
1530 2745 1712 2782 conve-

155 2820 234 2866 ni!
264 2825 319 2869 et
354 2817 468 2878 toti,
503 2824 554 2868 et
596 2815 698 2869 alia
733 2815 1040 2884 huiusmodi
1066 2817 1348 2886 exempla,
1369 2831 1476 2870 non
1505 2831 1567 2870 ex
1597 2825 1711 2870 arte

154 2907 389 2972 prolata,
417 2905 666 2959 facillime
695 2915 1068 2970 monstrarem,
1095 2906 1141 2959 si
1162 2921 1270 2959 non
1299 2905 1351 2959 in
1381 2906 1473 2959 tali
1502 2905 1712 2975 negotio

152 2997 224 3050 de
267 3005 386 3055 arte
421 2995 566 3064 loqui
608 2996 786 3049 minus
824 2995 1071 3049 idoneum
1111 3004 1431 3064 reputarem.
1468 2995 1709 3049 Alio;um

155 3086 359 3156 quippe
377 3086 584 3155 judicio
599 3085 848 3149 arbitror,
897 3099 1002 3138 non
1025 3073 1242 3147 'nostro,
1283 3083 1708 3151 relinquendum,

155 3177 290 3244 quid
320 3177 386 3230 de
422 3185 634 3228 tuarum
682 3174 979 3227 litterarum
1020 3173 1133 3228 sive
1167 3187 1407 3228 mearum
1451 3172 1712 3241 composi-
1736 3209 1776 3264 Ο

155 3267 307 3320 tione
335 3265 406 3320 sit
431 3265 776 3320 censendum.

226 3354 565 3424 Propulsatis
595 3355 757 3424 igitur
786 3351 1222 3422 irrefragabiliter
1251 3353 1359 3408 tuis
1392 3353 1708 3422 objectioni-

154 3443 263 3499 bus
289 3446 505 3510 iterum,
537 3453 607 3510 te,
647 3444 773 3498 licet
799 3444 1090 3513 ingratum,
1122 3443 1432 3497 chazitative
1464 3458 1560 3512 per
1588 3443 1711 3496 subo

157 3536 359 3605 scripta
381 3536 619 3590 rationes
639 3522 769 3588 libet
797 3533 1101 3596 convenire,
1123 3541 1183 3587 ut
1206 3534 1391 3588 saltem
1414 3532 1525 3601 jam
1551 3533 1708 3585 tertio

157 3627 468 3681 admonitus
493 3625 560 3680 ad
585 3640 678 3680 cor
699 3623 907 3690 redeas,
933 3638 1000 3678 ne
1026 3637 1150 3678 cum
1172 3623 1526 3678 sectatoribus
1551 3621 1711 3676 Sozo-

94 3778 97 3780 _
158 3717 303 3771 meni
340 3714 820 3770 anathematizatus
864 3713 917 3765 in
953 3721 1211 3766 aeternum
1248 3727 1454 3781 pereas.
1493 3710 1708 3766 Nullum

156 3814 322 3875 caput
357 3805 630 3858 canonica:
668 3801 879 3857 veritati
907 3802 1233 3856 contrarium
1273 3817 1371 3871 pro
1403 3803 1711 3856 authentico

157 3905 240 3951 est
268 3895 656 3964 recipiendum,
683 3894 830 3963 atqui
866 3901 1018 3946 tuum
1047 3893 1289 3962 tepazion
1332 3892 1710 3948 sacratissimis

156 3982 456 4039 canonibus
500 3991 584 4038 est
623 3982 971 4038 contrarium.
1013 3981 1219 4036 Asserit
1256 3982 1400 4035 enim
1440 3979 1708 4035 Nicaznam

158 4074 426 4141 synodum
479 4071 847 4126 sacerdotibus
893 4070 1334 4124 incontinentiam
1378 4085 1484 4122 non
1525 4069 1708 4138 prohi-

158 4159 364 4222 buisse,
393 4159 588 4227 quibus
631 4156 686 4210 S.
717 4156 1092 4227 Hieronymus,
1136 4155 1380 4221 Siricius,
1421 4156 1708 4226 Gregorius

157 4264 268 4303 non
300 4249 474 4304 solum
498 4249 719 4312 coitum,
745 4247 838 4302 sed
863 4257 916 4300 et
937 4247 1385 4301 cobabitationem
1409 4259 1532 4300 cum
1561 4246 1710 4301 femi-

158 4340 246 4394 nis
267 4340 323 4392 in
338 4339 532 4394 eadem
554 4338 756 4408 synodo
776 4339 990 4407 penitus
1010 4338 1332 4408 prohibitam
1355 4353 1475 4393 esse
1502 4346 1705 4395 testan-

157 4436 270 4484 tur.
302 4428 442 4498 Ergo
476 4429 604 4483 illud
633 4433 785 4482 tuum
815 4429 1060 4498 topazion
1095 4443 1201 4483 non
1239 4430 1398 4483 etiam
1429 4445 1526 4498 pro
1557 4445 1704 4491 vero,

1814 673 1942 728 illud
1974 683 2126 728 tuum
2163 684 2322 746 caput
2357 691 2454 746 pro
2494 678 2802 732 authentico
2838 689 3178 746 venerantur,
3206 683 3348 751 quod

1812 763 2115 818 nullatenus
2158 765 2419 820 catholica
2464 763 2703 821 Ecclesia
2747 768 2964 838 recipit,
3010 785 3134 824 cum
3183 772 3350 828 sacris

1813 848 2104 920 Scripturis
2137 853 2407 908 adversari
2436 869 2544 907 non
2569 853 2857 911 dubitctur.

1878 932 2148 1009 Amplius:
2173 941 2520 997 Beatissimus
2545 959 2679 1012 papa
2710 942 2990 1010 Damasus,
3015 945 3256 1000 scribens
3283 946 3348 1000 ad

1811 1030 2154 1084 Aurelianum
2185 1031 2657 1102 Carthaginensem
2681 1034 3158 1103 archiepiscomtm,
3180 1036 3348 1090 veris-

1811 1118 1946 1172 sime
1977 1127 2201 1173 testatur
2230 1119 2349 1172 illos
2382 1121 2650 1198 manifeste
2677 1118 2934 1187 Spiritum
2970 1133 3207 1175 sanctum
3235 1122 3348 1176 bla-

1809 1208 2094 1276 sphemare.
2125 1210 2210 1276 qui
2244 1217 2423 1260 contra
2460 1225 2633 1262 sacros
2670 1225 2887 1262 canones
2916 1225 3017 1262 non
3052 1213 3355 1266 necessitate

1809 1296 2082 1364 compulsi,
2117 1298 2206 1349 sed
2247 1298 2465 1352 libenter
2513 1297 2735 1367 aliquid,
2780 1307 2869 1350 aut
2909 1308 3137 1366 proterve
3170 1311 3353 1370 agunt,

1811 1397 1901 1438 aut
1945 1387 2086 1456 loqui
2129 1398 2469 1454 prresumunt,
2511 1396 2601 1439 aut
2645 1388 2813 1455 facere
2849 1388 3130 1442 volentibus
3175 1399 3356 1460 sponte

1810 1476 2152 1529 consentiunt.
2205 1474 2521 1544 Quicunque
2555 1486 2734 1531 autem
2778 1485 2927 1533 tuum
2968 1482 3214 1549 topazion
3258 1496 3354 1551 pro

1808 1561 2069 1619 canonico
2096 1565 2377 1634 recipiunt,
2400 1579 2504 1618 non
2532 1566 2706 1619 solum
2728 1568 2941 1621 eosdem
2966 1585 3201 1627 canones
3213 1587 3352 1640 prae-

1809 1656 2136 1719 varicantur,
2174 1657 2266 1709 sed
2309 1657 2469 1709 etiam
2510 1655 2708 1709 eisdem
2755 1657 3024 1712 obstinato
3062 1657 3264 1725 aninio,
3295 1668 3358 1714 ut

1804 1743 1915 1811 jam
1957 1746 2152 1811 sazpius
2197 1745 2478 1812 probatum
2523 1752 2623 1807 est,
2667 1745 3032 1800 adversantur.
3076 1747 3214 1818 Ergo
3254 1749 3354 1818 ipsi

1807 1847 1930 1886 cum
1965 1831 2224 1901 Spiritum
2247 1843 2492 1886 sanctum
2521 1833 2908 1902 blasphement,
2941 1836 3110 1905 ipsius
3130 1838 3357 1892 damna~

1743 1901 1786 1955 Β
1810 1921 2030 1987 tionem,
2049 1923 2201 1991 juxta
2236 1921 2471 1991 praedicti
2502 1901 2780 1990 apostolici
2808 1901 3222 1992 attestationem,
3248 1942 3356 1982 non

1807 2012 2054 2078 evadent,
2101 2011 2367 2080 praecipue
2409 2025 2532 2064 cum
2565 2011 2676 2078 ipsa
2718 2009 2927 2066 Veritas
2969 2014 3022 2067 in
3070 2014 3357 2086 Evangelio

1807 2107 2034 2155 testetur
2069 2102 2212 2170 quod
2239 2100 2565 2169 blasphemia
2605 2100 2659 2152 in
2689 2098 2946 2169 Spiritum
2977 2113 3222 2158 sanctum
3256 2121 3355 2160 nec

1807 2191 1915 2257 hic,
1941 2205 2043 2246 nec
2082 2190 2133 2244 in
2175 2188 2359 2244 futuro
2392 2191 2693 2249 remittatur
2721 2189 2867 2258 (Luc.
2899 2193 3027 2261 xu);
3072 2193 3358 2264 ipsumque.

1806 2280 2459 2349 ConstantinOpolitanum
2489 2280 2794 2344 concilium,
2825 2283 2966 2350 quod
2988 2292 3070 2338 est
3095 2300 3262 2338 unum
3288 2300 3354 2340 ex

1806 2379 2040 2441 quatuor
2079 2370 2324 2426 conciliis
2357 2385 2509 2439 aeque
2542 2378 2602 2424 ut
2643 2369 2982 2440 Evangelium
3011 2375 3350 2440 venerandis,

1807 2460 2006 2528 ipsum,
2051 2461 2294 2529 inquam,
2335 2459 2641 2523 concilium,
2687 2474 2804 2528 cap.
2845 2459 2896 2524 ι,
2941 2475 3061 2515 cum
3101 2465 3351 2520 omnibus

1809 2549 2106 2605 hmresibus
2133 2551 2292 2604 etiam
2322 2551 2712 2604 contumaciam
2738 2550 2958 2619 Spiritui
2981 2562 3166 2607 sancto
3194 2569 3354 2622 repu-

1809 2641 2086 2711 gnantium
2119 2640 2560 2703 anathematizat;
2601 2653 2736 2708 quos
2777 2649 2830 2692 et
2859 2641 3073 2708 speciali
3115 2644 3350 2710 nomine,

1803 2729 1956 2796 juxta
1977 2729 2264 2798 quamdam
2295 2728 2699 2782 translationem
2729 2731 3236 2797 pncumatomachos
3257 2746 3351 2786 co-

1808 2819 2103 2888 gnominat.

1877 2909 2157 2978 Amplius:
2189 2909 2420 2978 Spiritus
2464 2917 2683 2966 sanctus
2717 2924 2812 2979 per
2838 2911 3149 2979 Apostolum
3192 2914 3352 2968 istam

1808 2999 2161 3068 promulgavit
2181 3001 2526 3054 sententiam:
2555 2999 2612 3053 Si
2632 3002 2746 3068 quis
2774 3017 2874 3052 non
2896 3010 3039 3054 amat
3059 3002 3348 3067 Christum,

1808 3088 1880 3139 sit
1907 3088 2210 3149 anathema,
2238 3103 2422 3140 maran
2444 3087 2582 3139 Atha
2610 3086 2665 3156 (1
2699 3087 2818 3142 Cor.
2871 3090 3004 3158 xvi).
3047 3091 3349 3148 Sectatores

1809 3185 1986 3230 autem
2017 3175 2301 3234 Sozomeni
2333 3191 2438 3231 non
2467 3184 2645 3230 amant
2666 3175 2961 3240 Christum,
2987 3194 3110 3233 cum
3140 3181 3355 3236 indubi-

1808 3275 1986 3321 tanter
2031 3266 2402 3336 blasphement
2443 3265 2701 3336 Spiritum
2741 3276 3014 3335 sanctum,
3059 3285 3153 3338 per
3191 3287 3352 3341 quem

1807 3356 1922 3424 ipse
1941 3355 2189 3410 Christus
2208 3355 2817 3411 canonicas’sanctioncs
2837 3357 3116 3425 inspiravit
3137 3358 3233 3413 SS.
3259 3360 3356 3414 Pa-

1805 3443 1996 3498 tribus.
2025 3443 2163 3512 Ergo
2191 3444 2291 3512 ipsi
2317 3443 2594 3513 subjacent
2619 3443 2908 3512 apostolico
2935 3447 3279 3502 anathemati.

1873 3534 2116 3603 Amplius
2136 3553 2155 3590 _:
2183 3534 2241 3586 B.
2266 3532 2509 3588 Gelasius
2529 3547 2665 3601 papa
2687 3533 2741 3585 in
2762 3533 3051 3601 apostolica
3076 3537 3201 3592 sede
3226 3554 3354 3594 cum

1805 3639 1911 3678 ιιι
1934 3624 2197 3694 episcopis
2220 3621 2840 3699 nominatimeicolaum
2861 3622 2922 3678 Β.
2947 3623 3200 3695 Stephani
3228 3645 3357 3700 pro-

1807 3713 2116 3784 tomartyris
2141 3713 2550 3779 condiaconum,
2567 3711 2798 3766 ‘Paulum
2828 3711 3234 3771 Samosatenum
3261 3733 3360 3787 pa-

1807 3801 2096 3856 triarcham
2138 3801 2551 3866 Antiochenam,
2597 3815 2890 3870 omnesque
2930 3803 3210 3859 hzereticos
3243 3806 3358 3862 sive

1807 3893 2214 3957 schismaticos,
2252 3901 2306 3946 et
2343 3906 2532 3945 omnes
2570 3905 2757 3947 eorum
2799 3899 3090 3947 sectatores
3130 3893 3354 3951 irreme-

1805 3981 2073 4037 diabiliter
2124 3980 2604 4036 anathematizatos
2654 3993 2774 4034 esse
2822 3983 3190 4048 pronuntiavit
3228 3999 3354 4040 cum

1806 4071 2059 4124 omnibus
2084 4085 2206 4138 qua:
2243 4069 2559 4133 docuerunt,
2591 4069 2703 4124 sive
2734 4071 3186 4141 conscripserunt.
3217 4073 3353 4142 Qui-

1805 4174 2018 4228 cunque
2045 4168 2224 4213 autem
2261 4158 2457 4213 docent
2487 4157 2780 4227 capitulum
2811 4157 3091 4215 Sozomcni
3118 4177 3216 4230 pro
3253 4177 3354 4216 au-

1807 4249 2044 4310 thentico
2081 4248 2274 4304 debere
2317 4248 2499 4316 recipi,
2539 4256 2814 4302 sectantur
2855 4246 3078 4302 Paulum
3111 4257 3164 4302 et
3196 4247 3358 4304 Nico-

1808 4338 1953 4392 laum
1989 4338 2396 4398 haeresiarchas,
2425 4350 2549 4389 cum
2574 4335 2626 4387 in
2667 4330 2853 4388 eodem
2880 4337 3051 4405 capite
3083 4337 3358 4394 ascribant

1809 4427 2177 4482 sacerdotibus
2219 4425 2500 4493 conjugale
2545 4438 2702 4493 opus.
2749 4422 3031 4490 Quomodo
3063 4442 3200 4499 ergo,
3230 4429 3355 4498 ipsi,

159 4520 361 4574 nedum
395 4532 494 4587 pro
528 4519 834 4572 authentico
863 4527 945 4572 est
974 4516 1368 4584 praedicandum
1401 4532 1433 4569 a
1467 4516 1706 4584 quolibet
1738 4531 1781 4584 ι)
1806 4516 1910 4570 nisi
1952 4513 2289 4583 resipiscant,
2318 4528 2506 4566 eorum
2547 4513 2831 4568 anathema
2870 4514 3236 4587 subterfugere
3262 4517 3360 4588 po-

159 4608 213 4662 in
236 4609 412 4663 sacris
435 4608 623 4662 litteris
646 4607 875 4670 erudito,
910 4620 1033 4659 cum
1058 4605 1314 4674 scriptum
1343 4605 1440 4660 sit:
1474 4604 1546 4659 0s
1572 4606 1709 4675 quod

159 4700 428 4761 mentitur,
469 4697 658 4750 occidit
690 4696 920 4749 animam
949 4696 1096 4766 (Sap.
1124 4695 1183 4765 ι).
1225 4695 1353 4752 Item
1383 4695 1442 4751 Β.
1477 4695 1710 4752 Joannes

157 4787 439 4856 apostolus
473 4787 634 4843 dicit:
677 4787 920 4850 Timidis,
955 4797 1082 4854 etc.,
1109 4798 1160 4842 et
1200 4789 1534 4843 mendacibus
1564 4788 1706 4842 locus

156 4888 231 4932 est
263 4879 320 4930 in
359 4887 543 4947 stagno
579 4879 714 4947 ignis
749 4879 978 4933 ardentis
1020 4880 1199 4947 (Apoc.
1224 4878 1358 4946 xxx).
1388 4877 1518 4937 Item
1554 4877 1706 4934 Psal-

158 4968 361 5023 mista:
408 4966 602 5020 Perdes
651 4982 825 5018 omnes
843 4949 881 5056 ,ς
906 4969 995 5036 qui
1055 4967 1337 5037 loquuntur
1381 4969 1705 5023 mendacium

159 5057 335 5126 (Psal.
373 5057 445 5128 ν).

223 5147 509 5216 Amplius:
550 5147 924 5202 sanctissimus
967 5163 1104 5217 papa
1149 5147 1259 5204 Leo
1299 5164 1396 5218 per
1428 5150 1707 5219 episcopos

159 5235 208 5288 in
257 5251 276 5288 ι
313 5234 569 5290 Toletana
604 5236 806 5307 synodo
831 5236 1179 5306 congregatos
1201 5237 1455 5292 Balconio
1475 5237 1706 5293 Gallicire

157 5329 410 5396 episcopo
433 5328 571 5382 hanc
590 5328 914 5382 sententiam,
927 5327 1066 5380 inter
1084 5327 1188 5380 alia
1210 5328 1507 5382 transmisit
1529 5327 1699 5396 (985):

159 5415 215 5469 Si
235 5417 354 5486 quis
387 5416 600 5480 dixerit,
625 5416 701 5469 rel
721 5418 998 5471 crediderit
1033 5416 1168 5470 alias
1196 5417 1482 5484 scripturas
1519 5426 1704 5485 printer

156 5519 286 5571 quas
321 5501 582 5554 catholica
614 5500 851 5556 Ecclesia
880 5505 1081 5574 recipit,
1103 5496 1158 5556 in
1184 5502 1496 5556 auctoritate
1516 5503 1705 5555 haben-

157 5595 274 5656 das,
305 5593 380 5646 oet
428 5590 744 5646 venerandos
781 5609 910 5657 esse,
950 5595 1225 5647 anathema
1254 5592 1341 5644 sit.
1386 5588 1500 5647 Hoc
1544 5592 1706 5662 igitur

226 5727 373 5794 (98‘)
413 5726 658 5783 Ruiiinus
681 5728 950 5784 transtulit

231 5797 374 5857 I985)
416 5795 482 5849 In
515 5799 798 5850 assertione
841 5797 979 5852 fidei.
1010 5809 1130 5855 quae
1176 5795 1444 5850 invenitur
1471 5803 1589 5847 00st
1615 5807 1706 5847 ca-

1808 4614 2009 4669 ternnt,
2035 4619 2264 4674 quorum
2292 4602 2557 4659 nefarium
2581 4605 2772 4675 dogma
2792 4605 3141 4672 confirmare,
3170 4616 3223 4661 et
3245 4609 3358 4664 dis-

1809 4685 2075 4750 seminare
2095 4709 2201 4748 non
2238 4695 2568 4750 timuerunt?
2843 4738 2846 4741 .

1877 4784 2160 4854 Amplius:
2203 4782 2596 4840 Hreresiarches
2633 4781 2947 4837 Iovinianus
2982 4797 3011 4836 a
3052 4781 3110 4836 Β.
3143 4781 3358 4842 Gelasio

1807 4875 1946 4930 inter
1972 4875 2208 4945 reliquos
2231 4874 2511 4928 haereticos
2531 4871 2831 4940 specialiter
2851 4873 3355 4949 anathematizatus,

1807 4965 1932 5020 licet
1951 4965 2199 5020 heretica
2220 4960 2656 5018 incontinentiam
2681 4961 3022 5017 continentia:
3041 4963 3355 5033 adaequarit,

1809 5069 2085 5124 nunquam
2130 5062 2307 5106 tamen
2336 5051 2470 5106 adeo
2509 5050 2761 5120 desipuit,
2805 5059 2863 5104 ut
2898 5053 3198 5122 episcopale
3241 5052 3356 5107 otii-

1809 5148 1973 5209 cium,
2001 5142 2326 5213 singularem
2365 5141 2551 5210 utique
2591 5131 2644 5195 et
2683 5141 3034 5211 principalem
3072 5141 3354 5195 continen-

1811 5237 1942 5290 tium
1970 5233 2302 5304 dignitatem,
2329 5232 2786 5286 incontinentibus
2813 5232 3005 5285 ascribi
3037 5244 3193 5299 posse
3225 5229 3354 5298 dog-

1811 5325 2096 5380 matizarit.
2122 5322 2306 5378 satius
2331 5322 2473 5377 enim
2500 5322 2601 5377 sibi
2641 5321 2919 5373 videbatur
2947 5328 3004 5373 ut
3027 5320 3131 5373 hoc
3168 5333 3355 5388 repro-

1807 5415 1984 5471 bando
2025 5431 2138 5470 sua:
2176 5413 2369 5468 haeresi
2411 5411 2785 5480 refragaretur,
2827 5423 2988 5475 quam
3018 5408 3353 5463 incontinen-

1806 5507 1936 5560 tiam
1958 5504 2298 5560 continentiaa
2318 5510 2532 5558 tantum
2550 5501 2874 5566 adzequarct,
2905 5507 2963 5551 ut
2983 5507 3168 5552 contra
3198 5495 3278 5550 fas
3298 5503 3353 5548 et

1805 5597 1896 5666 jus
1933 5596 2096 5649 etiam
2147 5591 2584 5647 incontinentiam
2613 5588 2810 5642 divinis
2845 5589 3114 5658 mysteriis
3153 5582 3350 5639 admit-

1810 5743 1980 5782 noncs
2003 5724 2274 5780 Toletana:
2309 5739 2325 5776 ι
2350 5722 2557 5792 synodi.
