3956 6394
3657 60 3913 262 Ἴ

544 513 682 566 nos
952 481 956 484 “
1512 498 1598 553 AD
1633 495 1858 553 OPERA
1899 495 1956 548 s.
1998 486 2321 547 caecam:
2357 463 2794 553 arcesarces.
3621 476 3758 528 no.

543 619 757 675 tendam
792 622 1074 668 assereret.
1121 612 1260 681 Ergo
1296 605 1701 672 Soromenistte,
1734 608 1826 675 qui
1858 607 1958 660 hoc
1995 606 2100 656 im-
2131 603 2173 658 Α
2200 594 2619 681 admonitionem
2652 594 2900 663 recipias,
2945 604 3043 645 nec
3077 601 3153 681 te_
3162 590 3315 681 juxta
3342 587 3761 681 S._-Gregorium

542 710 804 779 pudenter
831 703 1124 758 asserenda
1156 674 1402 755 eumdem
1427 674 1800 753 interesiarcam
1843 695 1896 748 in
1919 706 2101 748 errore
2201 679 2507 758 apostolicae
2539 682 3066 779 auctoritatis-reum
3105 679 3330 779 ulterius
3363 675 3587 779 efficias,

544 764 872 867 prmcedunt,
921 792 1193 862 quomodo
1246 791 1414 858 ipsius
1465 787 1769 841 inevitabile
1815 784 2100 838 anathema
2197 781 2309 848 jam
2335 777 2537 830 dudum
2567 774 2759 829 fecisse
2785 770 3051 867 probaris,
3078 783 3202 867 cum
3239 768 3443 867 domini
3477 764 3764 867 apostolici

545 855 914 950 subterfugere
939 855 1224 934 ialebunt?
1252 855 1358 932 llas
1381 881 1540 948 igitur
1566 876 1967 944 irrelragabiles
1985 889 2104 928 san-
2203 875 2529 939 prmeeptum
2558 862 3053 950 eontempsisse,iet
3076 858 3128 913 ei
3146 859 3233 950 ide
3257 857 3437 950 verbis
3461 866 3517 910 et
3543 855 3766 924 scriptis

544 981 753 1027 ctorum
783 947 1004 1021 ﬁatrum
1049 968 1340 1022 sententias
1369 969 1652 1034 diligenter
1690 965 1964 1033 inspicias,
2007 975 2105 1014 nec
2201 960 2491 1026 derogasse
2513 970 2620 1008 non
2647 951 2928 1008 dubiteris.
2957 949 3061 1014 Qui
3089 949 3250 1002 etiam
3273 956 3327 1001 et
3347 947 3482 1000 alios
3496 960 3604 1014 ~per
3627 960 3764 998 ana-

544 1073 732 1118 eontra
774 1063 1002 1116 salutem
1034 1061 1180 1111 tuam
1215 1057 1500 1110 Sozomeni
1535 1064 1697 1126 caput
1732 1055 1983 1122 deinceps
2007 1066 2105 1121 pro
2205 1047 2604 1102 thematizatum
2632 1052 2793 1112 caput
2815 1058 2846 1096 a
2869 1051 2920 1096 te
2944 1041 3082 1094 inter
3108 1038 3412 1093 authentica
3433 1036 3765 1105 descriptum

545 1146 858 1205 authentico
884 1151 1120 1217 recipere
1148 1161 1462 1214 przesumas.
2204 1136 2540 1206 confortasse
2571 1133 2873 1198 infamaris,
2903 1139 2964 1186 ut
2989 1128 3303 1200 apostolicis
3329 1133 3628 1196 repugnent
3651 1134 3767 1179 sta-

619 1238 724 1293 Sed
766 1216 1195 1293 forsitanadbuc
1238 1235 1375 1288 dicis
1408 1244 1459 1288 te
1495 1233 1624 1286 illud
1660 1247 1759 1301 pro
1797 1230 2107 1284 authentico
2207 1228 2354 1280 tutis.
2383 1224 2698 1284 Certissime
2717 1232 2894 1277 autem
2918 1221 3040 1274 volo
3067 1227 3120 1272 te
3148 1217 3307 1282 scire,
3348 1216 3491 1285 quod
3519 1230 3623 1269 nec
3644 1228 3767 1268 mo-

546 1320 806 1396 recipere,
845 1341 951 1380 non
979 1341 1076 1395 pro
1119 1325 1221 1377 alta
1247 1339 1435 1386 causa,
1479 1322 1583 1376 nisi
1609 1335 1719 1391 pro
1747 1320 2103 1390 quorumdam

549 1419 889 1469 infirmorum
919 1414 1312 1482 compassione.
1353 1411 1526 1477 Quam
1568 1410 1942 1479 objectionem,
1987 1410 2110 1462 licet

547 1506 601 1559 in
625 1503 993 1574 superioribus
1017 1503 1149 1558 satis
1172 1501 1560 1556 rationabiliter
1579 1499 1903 1564 adnularim,
1929 1507 2109 1550 tamen

549 1587 746 1648 iterum
787 1587 981 1655 eidem,
1011 1607 1107 1660 pro
1133 1599 1222 1644 tua
1257 1591 1538 1655 charitate,
1585 1605 1690 1644 non
1717 1587 1977 1657 gravabor
2013 1585 2110 1639 ob-

547 1682 716 1735 viare.
745 1680 940 1734 Beatus
968 1679 1126 1734 Pater
1149 1679 1503 1747 Augustinus,
1532 1677 1642 1732 imo
1669 1691 1762 1746 per
1789 1677 1963 1745 ipsum
1991 1674 2109 1742 Spi-

547 1772 684 1825 ritus
723 1779 963 1834 sanctus,
997 1771 1052 1822 in
1088 1771 1226 1823 libro
1260 1779 1449 1822 contra
1493 1765 1830 1821 mendacium
1888 1767 2025 1833 (cap.
2056 1764 2108 1830 7)

546 1868 774 1913 testatur
817 1858 910 1922 ita,
955 1859 1179 1910 dicens:
1215 1855 1295 1909 Eu
1354 1871 1470 1924 qua:
1503 1864 1704 1908 constat
1737 1870 1846 1908 esse
1877 1862 2108 1922 peccata,

2206 1317 2357 1370 derni
2379 1313 2622 1384 Gregorii
2643 1311 2788 1381 (986)
2808 1311 3092 1364 anathema
3115 1307 3209 1361 tibi
3231 1305 3418 1370 deerit,
3442 1305 3486 1358 si
3501 1304 3767 1374 adipsum

2209 1407 2320 1459 htec
2335 1403 2576 1467 infamia,
2589 1404 2698 1470 jam
2719 1395 2850 1460 ldete
2870 1399 3030 1468 vulgo
3049 1397 3422 1459 disseminata,
3435 1395 3766 1463 pervenerit,

2207 1509 2329 1563 qua:
2359 1503 2410 1547 te
2447 1494 2778 1563 pmcipuum
2807 1490 3107 1552 doctorem,
3134 1485 3497 1549 defensorem,
3530 1483 3642 1536 imo
3669 1497 3770 1535 vo-

2208 1598 2324 1638 cem
2356 1598 2478 1637 esse
2510 1581 2707 1636 asserit
2729 1579 3003 1648 omnium,
3045 1577 3138 1645 qui
3165 1574 3441 1630 canonicis
3467 1581 3523 1628 et
3558 1579 3775 1642 aposto-

2208 1675 2325 1729 licis
2347 1671 2777 1727 institutionibus
2800 1670 3071 1724 obstinato
3097 1667 3280 1720 animo
3303 1664 3575 1718 resistant.

2277 1763 2424 1817 Hane
2448 1763 2611 1833 igitur
2633 1760 2910 1815 infamiam
2936 1759 3161 1812 fideliter
3181 1755 3444 1810 admoneo
3465 1763 3515 1806 te
3539 1763 3600 1807 ut
3621 1767 3775 1806 com-

2210 1868 2421 1923 pescas,
2441 1868 2616 1922 neque
2633 1850 2886 1917 deinceps
2905 1846 3216 1916 apostolicis
3230 1843 3469 1908 statutis,
3485 1843 3538 1896 in
3549 1844 3772 1911 perieu-
3873 1879 3876 1883 ι

549 1945 693 1999 nullo
714 1946 859 1998 bona:
879 1961 1054 1998 euasit:
1075 1946 1305 2006 obtentu,
1329 1922 1472 1996 nullo
1494 1943 1646 2011 quasi
1667 1943 1797 1994 bona
1819 1942 1940 2008 line,
1965 1939 2110 1990 nulla
2144 1922 2185 1974 Β
2211 1922 2321 1997 tum
2346 1952 2517 2006 tuum,
2541 1940 2880 2009 aliquatenus
2905 1935 3484 2006 refragaripratsumas.
3505 1930 3772 1985 Utautem

545 2035 684 2090 relnt
721 2033 854 2097 bona
895 2034 1180 2086 intentione
1207 2033 1450 2100 facientia
1474 2043 1612 2086 sunt.
1651 2031 1906 2101 Recipere
1935 2033 2111 2085 autem

550 2126 836 2180 Sozomeni
859 2135 1021 2192 caput
1051 2140 1157 2176 non
1186 2133 1394 2176 tantum
1423 2139 1518 2192 pro
1545 2138 1693 2189 vero,
1721 2124 1814 2177 sed
1834 2123 1995 2176 etiam
2017 2136 2114 2190 pro

551 2216 864 2270 authentico
892 2215 1003 2266 sive
1040 2214 1322 2275 canonico,
1349 2213 1652 2266 damnabile
1692 2221 1965 2281 peccatum
1994 2226 2115 2265 esse

552 2307 830 2375 probatur,
856 2321 980 2357 cum
1007 2305 1147 2356 idem
1175 2313 1354 2370 caput,
1382 2311 1435 2355 et
1459 2303 1732 2356 canonica:
1751 2301 1958 2356 veritati
1986 2316 2112 2354 con-

553 2393 781 2444 trarium
820 2402 874 2443 et
914 2391 1014 2442 sub
1045 2391 1386 2442 anathemate
1413 2405 1442 2442 a
1481 2390 1683 2443 sanctis
1710 2388 1958 2443 Patribus
1986 2405 2111 2458 pro-

555 2482 782 2535 hibitum
829 2497 933 2533 non
986 2480 1280 2532 dubitetur.
1331 2479 1488 2534 Nullo
1531 2481 1693 2549 igitur
1738 2479 1894 2533 bona:
1939 2494 2114 2532 causa:

552 2570 796 2631 obtentu,
827 2570 974 2622 nullo
1002 2570 1154 2635 quasi
1186 2569 1326 2622 bono
1353 2571 1476 2633 line,
1509 2569 1653 2622 nulla
1679 2567 1834 2637 quasi
1862 2567 2002 2620 bona
2033 2568 2116 2620 in-

555 2659 792 2712 tentione
836 2665 919 2710 est
961 2659 1344 2725 recipiendum.
1393 2657 1554 2727 Ergo,
1593 2675 1690 2713 nec
1728 2674 1825 2728 pro
1866 2673 2114 2728 compas-

555 2748 706 2801 sione
728 2747 1052 2815 aliquorum.
1086 2745 1237 2800 llunc
1261 2749 1439 2816 itaque
1460 2749 1656 2802 librum
1678 2749 1964 2817 Augustini
1990 2749 2034 2802 si
2059 2758 2114 2802 tu

555 2837 780 2891 fideliter
807 2838 1127 2902 attenderis,
1171 2854 1445 2906 nunquam
1490 2837 1646 2893 nobis
1687 2838 1902 2907 aliquod
1932 2853 2117 2906 pecca-

555 2937 670 2982 tu]
704 2928 1010 2982 faciendum
1047 2942 1186 2992 esse,
1231 2927 1311 2980 vel
1341 2942 1438 2996 pro
1474 2928 1919 2997 alieujuszeterna
1948 2928 2119 2982 salute

538 3017 842 3088 ‘judieabis.

625 3105 740 3172 Qua
770 3108 835 3159 de
863 3122 920 3160 re.
948 3106 1230 3175 diligenter
1251 3115 1304 3160 et
1331 3107 1528 3161 obnixe
1553 3116 1700 3161 tuam
1731 3107 2118 3163 fraternitatem

557 3211 666 3249 non
698 3211 853 3248 cesso
884 3197 1192 3262 implorare,
1232 3206 1291 3248 ut
1330 3198 1517 3249 saltem
1564 3198 1724 3252 modo
1763 3198 1918 3250 toties
1953 3197 2119 3251 ratio-

557 3285 807 3338 nabiliter
831 3284 1139 3338 admonitus
1176 3285 1369 3338 anitum
1395 3296 1499 3340 ture
1540 3286 1696 3339 saluti
1715 3285 2010 3354 provideas,
2043 3295 2120 3339 te-

556 3368 724 3444 que'a
755 3385 865 3427 tam
910 3375 1213 3442 pernicioso
1242 3376 1581 3430 anathemate
1612 3376 1919 3440 subtrahas,
1947 3392 2119 3446 neque

557 3465 918 3532 simpliciores
946 3465 999 3516 in
1033 3473 1176 3515 tuam
1209 3474 1262 3515 ct
1293 3464 1532 3531 ipsorum
1556 3464 1848 3531 perniciem
1874 3477 1968 3530 per
1985 3477 2118 3516 ana-

559 3554 890 3609 thematizati
931 3552 1121 3622 capitis
1151 3554 1510 3622 reccptionem
1541 3554 1785 3608 seducas.
1831 3551 2122 3621 Vigilanter

558 3660 688 3699 sane
729 3645 971 3698 attendas
996 3644 1156 3697 verba
1194 3642 1405 3696 Domini
1436 3643 1743 3697 terribiliter
1781 3643 2120 3697 comminan-

560 3734 629 3790 tis
663 3735 712 3788 ei
742 3735 835 3804 qui
875 3735 1109 3804 aliquem
1149 3733 1215 3787 de
1260 3733 1466 3802 pusillis
1513 3732 1631 3801 ejus
1683 3732 2124 3787 scandalizaverit

562 3824 779 3893 (Matth.
818 3828 988 3891 xvm).
1033 3822 1418 3877 Prceoretiam
1456 3831 1507 3876 te
1531 3830 1595 3876 ut
1633 3831 1687 3876 et
1725 3823 1778 3876 in
1815 3823 1918 3877 hoc
1951 3837 2126 3877 meam

2208 2031 2574 2088 damnatorias
2608 2029 2905 2084 sententias
2943 2025 3115 2080 nostri
3161 2023 3469 2094 apostolici,
3505 2031 3559 2076 et
3597 2023 3775 2090 ipsius

2208 2123 2468 2194 principis
2502 2120 2870 2190 apostolorum
2916 2131 3079 2186 super
3106 2115 3374 2169 Ananiam
3397 2121 3454 2168 et
3481 2111 3775 2182 Saphiram

2212 2215 2348 2281 (Act.
2377 2216 2428 2279 ν)
2458 2212 2574 2280 pari
2607 2208 2841 2264 efficacia
2871 2207 3071 2276 pollere
3113 2220 3219 2259 non
3256 2205 3492 2268 dubites,
3537 2203 3776 2256 damna-

2211 2287 2410 2357 tionem
2450 2301 2722 2370 Spirensis
2748 2298 2987 2368 cpiscopi
3024 2305 3079 2350 et
3116 2305 3346 2349 mortem
3382 2295 3501 2362 ejus
3529 2293 3779 2346 studiose

2209 2391 2540 2456 consideres,
2567 2389 2684 2458 qui,
2720 2389 2776 2441 in
2813 2386 3084 2457 praeterito
3119 2400 3284 2449 anno,
3315 2384 3410 2453 qui
3437 2392 3553 2438 erat
3577 2383 3648 2436 ab
3683 2381 3778 2436 ln-

2211 2481 2518 2536 carnatione
2547 2478 2759 2532 Domini
2789 2477 2942 2543 l075,
2984 2478 3039 2530 in
3065 2475 3236 2544 prima
3261 2473 3599 2528 hebdomada
3626 2471 3781 2539 Qua-

2211 2571 2549 2639 dragesimte,
2592 2569 2777 2621 eadem
2806 2568 2913 2632 die,
2942 2566 2994 2620 id
3039 2574 3122 2620 est
3163 2581 3215 2619 vn
3259 2563 3377 2619 Kal.
3415 2563 3592 2618 Martii
3623 2563 3778 2634 (987)

2212 2659 2323 2712 imo
2349 2659 2532 2712 eadem
2561 2657 2695 2710 hora
2717 2656 2917 2719 subito,
2939 2656 3098 2724 quasi
3124 2654 3359 2723 quodam
3383 2653 3639 2726 invisibili
3667 2654 3781 2709 telo

2213 2749 2512 2819 perculsus,
2537 2747 2677 2816 apud
2705 2746 2919 2815 Spiram
2948 2745 3205 2799 infirmari
3234 2745 3399 2812 coepit
3429 2759 3535 2814 qua
3565 2745 3705 2799 hora
3728 2753 3783 2798 et

2213 2855 2432 2893 causam
2460 2839 2593 2907 ejus.
2620 2838 2672 2891 in
2703 2837 2948 2891 Romana
2991 2834 3201 2907 synodo
3228 2843 3410 2889 uoster
3446 2835 3784 2902 apostolicus

2215 2931 2472 2984 ventilare
2500 2930 2679 2998 carpit.
2724 2928 2867 2982 Idem
2907 2941 3125 2996 quoque
3168 2925 3325 2979 tertia
3358 2924 3466 2990 die,
3496 2925 3551 2978 id
3585 2933 3676 2978 est
3731 2940 3784 2977 tv

2218 3019 2334 3074 Kal.
2361 3019 2556 3083 Martii,
2589 3019 2722 3072 heu!
2754 3017 3133 3072 miserabiliter
3153 3015 3467 3083 exspiravit,
3503 3030 3613 3084 qua
3653 3031 3785 3069 eum

2219 3112 2379 3166 etiam
2421 3109 2637 3164 definita
2667 3109 2837 3164 nostri
2862 3106 3104 3177 Gregorii
3126 3104 3417 3160 sententia,
3437 3103 3625 3159 Romae
3657 3119 3786 3160 cum

2173 3245 2187 3260 ,
2223 3198 2560 3253 indubitabili
2603 3198 2837 3251 efficacia
2885 3197 3178 3250 damnavit.
3219 3198 3311 3251 Sic
3355 3196 3502 3249 enim
3545 3209 3790 3249 concors

2222 3289 2456 3343 fidelium
2491 3287 2679 3340 relatio
2710 3287 2948 3339 virorum
2987 3293 3233 3349 testatur,
3279 3299 3510 3353 quorum
3558 3284 3791 3352 quidam

2222 3394 2289 3434 eo
2315 3387 2556 3446 tempore
2579 3378 2635 3429 in
2667 3375 2908 3429 Romana
2936 3374 3142 3445 synodo
3175 3373 3508 3429 damnationi
3535 3373 3792 3440 ejusdem

2222 3468 2651 3539 praevaricatoris
2691 3465 3012 3531 interfuere;
3043 3467 3264 3535 quidam
3300 3480 3426 3520 vero
3471 3464 3616 3534 apud
3660 3464 3793 3534 Spi-

2223 3575 2374 3627 ram;
2403 3561 2547 3630 quod
2574 3559 2713 3612 idem
2741 3559 3028 3626 episcOpus
3048 3564 3157 3609 tam
3187 3556 3387 3621 subito,
3417 3565 3526 3609 tam
3555 3554 3796 3609 misera—

2225 3650 2404 3703 biliter
2448 3649 2671 3703 obiisset
2711 3655 3003 3716 praesentes
3051 3646 3399 3700 exhorruere.
3447 3645 3591 3717 Ergo
3628 3656 3688 3701 et
3735 3655 3795 3699 tu

2229 3751 2376 3792 cave.
2409 3735 2514 3792 Das
2531 3737 2616 3792 dir
2635 3737 2748 3808 jeth
2776 3737 2982 3793 alsamo
3008 3737 3273 3793 besehehe
3299 3735 3466 3808 (988).

1280 3990 1855 4142 EPISTObA
1931 4013 3067 4146 RECONCILIATIONIS

1540 4197 1662 4256 Pro
1690 4199 2085 4274 superiorum
2113 4199 2520 4276 epistolarum
2547 4202 2826 4283 injuriis.

1950 4299 2344 4316 _———I——-

635 4363 772 4417 Filio
796 4362 995 4415 dextra:
1018 4359 1332 4412 BEBNHALDO
1354 4358 1636 4421 ALnoxttzs,
1664 4372 1761 4426 par
1779 4356 1935 4423 velle,
1967 4358 2135 4412 idem-

566 4469 674 4524 que
704 4453 862 4505 nolle.

638 4543 713 4598 Ne
735 4543 804 4598 sit
828 4543 965 4594 inter
987 4554 1086 4594 nos
1135 4538 1283 4592 zelus
1325 4547 1379 4591 et
1425 4538 1718 4603 contentio,
1759 4539 2132 4608 propheticum

567 4644 726 4689 sonat
769 4648 891 4686 cum
930 4630 1185 4698 Apostolo
1234 4626 1289 4697 (1
1314 4627 1435 4683 Cor.
1475 4629 1577 4697 nt).
1623 4627 1962 4697 Quapmpter
2006 4630 2131 4682 boni

567 4723 911 4779 aemulatores
947 4734 1066 4772 esse
1093 4717 1425 4782 studeamus,
1462 4725 1732 4786 quatenus
1751 4717 2014 4787 quidquid
2038 4732 2132 4771 no-

2238 4365 2603 4432 proficiamus.
2639 4365 2695 4418 Si
2722 4379 2828 4418 non
2861 4374 3080 4434 propter
3118 4365 3283 4420 Deum
3335 4368 3484 4422 omni
3528 4380 3800 4428 creatura

2215 4453 2520 4522 .subjacere
2546 4451 2599 4522 (Ι
2634 4451 2778 4506 Petr.
2806 4455 2866 4519 ιι)
2886 4453 3157 4518 deberem,
3189 4463 3407 4523 propter
3426 4463 3533 4510 tua:
3555 4460 3799 4514 redinteo

2236 4541 2451 4614 granda:
2477 4542 2727 4597 amicitiae
2752 4550 2952 4596 statum
2981 4542 3288 4597 nullatenus
3324 4545 3666 4599 contentioni
3711 4563 3799 4602 ce-

2233 4631 2360 4684 dere
2388 4645 2713 4684 recusarem.
2739 4629 2822 4683 Me
2842 4645 2987 4695 vero,
3014 4630 3060 4685 si
3089 4631 3220 4700 quid
3246 4631 3356 4685 dixi
3389 4633 3542 4699 quod
3577 4633 3680 4687 tibi
3717 4636 3797 4688 vel

2232 4717 2394 4774 alicui
2419 4720 2665 4774 subolere
2697 4727 2874 4787 potest
2901 4721 3064 4784 bono,
3095 4735 3204 4787 quo
3225 4720 3447 4788 spiritus
3468 4722 3661 4778 salvus
3683 4725 3795 4787 fiat,

567 4822 687 4867 ceat
723 4811 975 4864 facillime
993 4808 1218 4861 evadere
1239 4809 1534 4861 valeamus.
1563 4806 1620 4861 Si
1643 4824 1750 4876 qua
1771 4807 2129 4863 dissensionis
2162 4826 2206 4880 ι)
2232 4808 2288 4874 in
2335 4808 2611 4862 interitum
2664 4809 2844 4864 carnis
2894 4808 3034 4862 tradi
3089 4806 3142 4876 (1
3188 4807 3310 4864 Cor.
3341 4810 3398 4880 v)
3432 4823 3541 4864 non
3601 4829 3794 4868 renuo.

567 4897 992 4956 :emulationisve
1014 4897 1218 4950 zizania
1245 4897 1384 4951 inter
1419 4911 1520 4950 nos
1566 4896 1862 4966 pullulasse
1904 4898 2125 4952 videan-

566 5001 677 5056 tur,
711 4990 985 5044 identitate
1018 5001 1168 5056 purae
1191 4986 1513 5052 dilectionis,
1545 4988 1772 5057 ejusque
1799 4987 2158 5056 propinquat,

567 5079 689 5134 ﬁdei
713 5078 848 5134 falce
864 5078 1122 5132 radicitus
1139 5075 1456 5131 evellantur.
1471 5077 1642 5131 Omne
1657 5078 1826 5133 nostri
1843 5076 2136 5148 [nostrum]

569 5169 867 5240 negotium,
890 5166 1044 5236 juxta
1113 5165 1272 5220 Tullii
1311 5173 1365 5219 et
1420 5164 1736 5231 Quintiliani
1777 5166 2136 5230 conditiones,

567 5273 809 5320 vertatur
844 5263 898 5315 in
923 5259 1055 5315 utile
1077 5267 1133 5312 et
1158 5259 1467 5312 honestum.
1510 5258 1565 5311 Si
1597 5257 1861 5314 hactenus
1887 5274 1982 5328 per
2016 5259 2138 5314 lon-

568 5370 665 5423 gas
693 5351 1094 5407 lucubrationes
1108 5347 1443 5400 contentiose
1471 5357 1526 5400 et
1547 5345 1881 5402 infructuose
1902 5348 2132 5417 egimus,

570 5460 714 5500 nunc
741 5442 1066 5496 sententiose
1093 5447 1147 5492 et
1185 5435 1503 5492 charitative
1555 5451 1651 5506 per
1692 5449 1862 5505 pauca
1909 5437 2134 5489 multum

634 5556 792 5625 (986),
825 5531 1049 5625 Vivebat
1082 5563 1212 5625 ergo
1238 5548 1426 5625 adhuc
1468 5545 1763 5625 βνφεοτίιιε
1793 5543 1883 5596 vn
1918 5545 2134 5613 quando

573 5615 870 5678 Bernaldus
896 5622 1035 5674 banc
1062 5615 1343 5686 epistolam
1375 5615 1611 5686 scripsit.

643 5691 797 5773 £9.37).
827 5688 1064 5773 terte“.
1081 5682 1229 5773 e59.
1261 5682 2132 5773 [easﬁliistrﬁt'e'drifie'e

579 5751 731 5813 1076.
759 5758 832 5811 De
853 5759 952 5811 hos
983 5751 1503 5823 episcopoﬁpirensi
1529 5753 1823 5823 Beroaldus
1865 5760 2049 5804 noster
2076 5751 2128 5803 in

579 5844 679 5883 suo
710 5827 963 5884 chronici,
994 5819 1136 5878 anno
1164 5819 1318 5875 l075.
1349 5819 1552 5874 Nomen
1583 5821 1705 5874 huic
1733 5822 1984 5888 episcopo
2013 5829 2131 5874 erat

2229 4898 2459 4968 Amodo,
2486 4907 2756 4968 utcunque
2782 4913 2868 4952 res
2895 4911 2953 4952 se
2979 4896 3189 4964 habeat,
3213 4897 3413 4954 fervida
3439 4901 3522 4954 vis
3557 4902 3802 4957 charita-

2237 4986 2306 5040 tis
2330 4987 2578 5051 nesciens
2599 4986 2917 5050 minui,sole
2930 4984 3173 5051 calidior,
3199 4985 3482 5040 adamante
3500 4989 3800 5056 perennius

2236 5078 2292 5131 in
2316 5083 2576 5130 aeternum
2601 5076 2816 5130 et'ultra
2841 5084 3173 5144 permaneat.
3205 5075 3325 5130 Jam
3341 5076 3455 5146 jam
3485 5085 3799 5145 per-stemus

2235 5173 2290 5220 et
2321 5180 2583 5221 conemur
2610 5165 2689 5218 uti
2710 5179 2910 5220 novum
2939 5179 3040 5235 par
3083 5165 3333 5220 amicitia:
3362 5164 3601 5226 invicem
3634 5183 3796 5240 gene-

2238 5269 2359 5309 rare
2383 5253 2678 5308 videamur.
3068 5307 3073 5313 .

2320 5346 2472 5402 Finis
2520 5348 2908 5419 disceptationis
2949 5349 3013 5402 de
3039 5348 3356 5403 continentia
3379 5349 3725 5409 derisor-un.

2241 5544 2501 5600 Henricus
2549 5543 2681 5599 Vide
2719 5543 2786 5598 de
2813 5543 2918 5598 hoc
2951 5541 3195 5599 Romano
3222 5544 3488 5604 Condlio.
3528 5553 3687 5604 torno
3711 5547 3794 5603 ω.

2237 5585 2512 5679 ὄόιῖἑῖῗᾶ
2535 5585 2918 5668 ιξὲιῖηῗῖοὲὄ
2934 5585 3194 5677 ὶὶἵῖιῖἱὶὄ
3209 5585 3603 5670 ἔέἕίέιῖῐδτῖξ

2237 5752 2248 5762 _
2307 5683 2452 5762 (988)
2497 5682 2620 5736 Haac
2655 5679 2975 5762 Germanica
3009 5682 3171 5737 verba
3209 5680 3471 5738 claudunt
3508 5687 3797 5756 epistohm

2235 5755 2288 5806 in
2317 5755 2437 5808 cod.
2462 5755 2845 5820 manuscripto.
