3956 6404
585 413 718 467 “07

1534 419 1630 475 AD
1661 417 1885 476 OPEBA
1916 421 1981 477 ‘S.
2020 411 2344 479 GREGORII
2379 422 2814 480 APPENDICES.

3644 425 3763 483 H08

598 534 3737 576 W

3453 547 3677 557 ——

950 720 1484 901 lNCIPIT
1558 747 2620 937 APOLOGETICUS
2705 750 3400 864 BERNALDI

1646 990 1652 993 ‘
1693 977 2072 1069 SUPER
2147 979 2674 1069 DECRETA

588 1161 746 1237 Quae
772 1162 1154 1227 venerabilis
1183 1178 1343 1245 papa
1392 1162 1742 1243 Gregorius
1781 1163 2065 1244 ejusdem
2124 1163 2406 1227 nominis
2459 1161 2596 1235 VII,
2654 1162 2723 1224 in
2771 1164 3050 1227 Romana
3087 1166 3332 1245 synodo
3361 1165 3759 1247 promulgavit

1246 1266 1464 1324 contra
1490 1259 1884 1324 Simoniacos
1908 1267 1983 1325 et
2008 1262 2482 1325 incontinentes
2512 1258 2727 1323 altaris
2764 1263 3095 1327 ministros

1918 1623 2468 1705 PROLOGUS.
2514 1592 2515 1595 γ

649 1792 707 1847 In
735 1791 1104 1859 superioribus
1131 1790 1375 1861 epistolis
1399 1793 1475 1864 illi
1510 1801 1699 1849 nostro
1720 1792 1975 1866 [Alboino
2008 1796 2124 1851 cod.
2156 1798 2203 1854 Α
2232 1814 2253 1849 ι
2290 1794 2444 1851 Sicut
2464 1803 2651 1849 sancta
2673 1781 2961 1864 Evangelia
2980 1801 3213 1860 quatuor
3233 1791 3319 1865 [ϐ.
3340 1791 3400 1846 η.
3422 1793 3589 1847 sancti
3611 1791 3763 1846 Evan-

468 1900 477 1906 λ
582 1876 754 1950 Ben],
789 1881 923 1935 nolit
949 1880 1089 1937 Deus
1111 1892 1171 1937 ut
1189 1883 1438 1954 deincrps
1456 1884 1632 1940 dicam
1656 1886 1870 1952 aemulo,
1887 1886 1979 1941 sed
2001 1887 2135 1941 ami-

586 1969 826 2035 cissimo,
852 1970 1163 2026 satisfacere
1196 1972 1443 2028 studuiet
1471 1974 1764 2043 capitulum
1797 1976 2015 2030 statutis
2037 1991 2134 2030 no-

582 2059 682 2113 stri
703 2059 983 2129 apostolici
1021 2061 1350 2116 contrarium
1391 2062 1697 2117 nullatenus
1730 2062 2133 2129 attendendum,

586 2154 650 2201 ut
680 2157 807 2216 puta
835 2150 937 2203 sub
963 2151 1304 2205 anathemate
1326 2150 1676 2219 prohibitum,
1695 2152 1969 2206 evidenter
1990 2167 2138 2206 mon-

585 2236 771 2302 stravi,
794 2237 928 2292 adeo
950 2237 1196 2293 videlicet
1223 2247 1284 2293 ut
1314 2238 1428 2308 ipse
1447 2238 1655 2294 amicus
1696 2247 1881 2295 noster
1920 2254 1978 2295 se
2023 2232 2136 2309 jam

585 2339 693 2378 non
717 2325 941 2381 ulterius
963 2327 1311 2389 contentioni,
1336 2326 1428 2381 sed
1464 2326 1714 2381 amicitia;
1739 2341 1959 2396 operam
1976 2327 2133 2381 datu-

586 2426 708 2467 rum
729 2415 856 2468 mihi
887 2415 1225 2470 rescriberet.
1250 2414 1355 2471 Sed
1374 2416 1557 2485 plures
1577 2415 1753 2470 adhuc
1786 2424 1995 2470 restant
2043 2415 2137 2485 qui

586 2503 788 2560 eisdem
802 2505 1019 2559 statutis
1040 2504 1311 2559 obstinato
1332 2505 1515 2559 animo
1540 2504 1794 2557 nimirum
1816 2491 2141 2572 periculose,

588 2593 697 2645 imo
721 2590 1021 2661 perniciose
1053 2592 1341 2657 resistunt;
1369 2593 1535 2661 quiet
1578 2591 1714 2647 alios
1758 2591 2136 2663 simpliciores,

587 2682 784 2752 quippe
810 2695 918 2735 non
944 2681 1173 2735 multum
1200 2681 1474 2736 studiosos
1506 2681 1573 2735 ad
1608 2680 2027 2735 considerandos
2047 2695 2138 2735 ca»

588 2770 922 2835 nones,adeo
942 2771 1223 2836 seducunt,
1240 2779 1361 2825 utet
1382 2771 1483 2840 ipsi
1503 2769 1784 2839 praedictas
1804 2769 2140 2825 authenticos

590 2856 894 2915 sanctiones
925 2864 1269 2915 “contemnant
1292 2869 1345 2915 et
1376 2874 1526 2914 suam
1574 2858 2015 2913 consuetudinem
2038 2858 2142 2927 'ju-

594 2945 982 3001 cundissimam
1031 2947 1270 3016 quidem,
1322 2947 1415 3001 sed
1460 2944 1973 3015 perniciosissimam
2007 2946 2139 3000 reti-

592 3048 723 3090 nere
749 3033 1095 3112 contendant.
1131 3032 1283 3099 Quod
1306 3047 1412 3087 non
1437 3033 1620 3103 plures
1640 3047 1827 3087 eorum
1867 3031 2139 3098 fecissent,

2235 1883 2358 1954 gelii
2383 1890 2614 1953 quatuor
2639 1880 2836 1947 libros;
2893 1882 2970 1955 sic
3025 1882 3185 1934 etiam
3215 1882 3363 1934 habet
3391 1879 3538 1933 Rom.
3569 1868 3791 1951 editio];

2235 1972 2315 2027 sic
2346 1979 2579 2042 quatuor
2598 1969 2825 2025 concilia
2848 1970 3122 2039 suscipere
3148 1979 3202 2024 et
3222 1968 3465 2022 venerari
3488 1983 3571 2022 me
3588 1966 3760 2021 fateor:

2235 2059 2511 2116 Nicamum
2538 2059 2745 2113 scilicet
2778 2058 2832 2111 in
2860 2072 2971 2127 quo
3005 2070 3317 2126 perversum
3341 2055 3453 2108 Arii
3480 2056 3662 2125 dogma
3680 2056 3762 2108 dc-

2235 2151 2462 2205 struitur
2508 2147 3163 2216 Constantinopolitanum
3198 2159 3435 2215 quoque,
3463 2144 3516 2197 in
3545 2158 3648 2213 quo
3673 2142 3762 2196 Eu-

2236 2242 2404 2297 nomii
2445 2250 2501 2295 et
2547 2237 2843 2295 Macedonii
2864 2252 3017 2291 error
3039 2237 3416 2300 convincitur;
3464 2232 3764 2303 Ephesinunt

2234 2331 2396 2385 etiam
2430 2330 2684 2400 primum,
2716 2327 2771 2381 in
2808 2341 2917 2396 quo
2951 2323 3181 2382 Nestorii
3227 2323 3762 2393 itnpictasjudicatur;

2236 2419 2675 2474 Clialccdonense
2698 2431 2847 2479 vero,
2894 2414 2948 2468 in
2971 2427 3079 2484 quo
3095 2412 3407 2482 Eutychetis
3432 2411 3603 2483 (Rom.
3628 2413 3765 2465 editio

2242 2504 2561 2576 Euthychis]
2599 2503 2952 2573 Dioscorique
3003 2505 3243 2573 pravitas
3276 2505 3633 2575 'reprobatur,
3673 2515 3764 2559 tota

2237 2593 2521 2648 devotione
2546 2592 2893 2661 complector,
2925 2593 3271 2663 integerrima
3298 2595 3764 2665 approbationecu-

2238 2682 2435 2745 stodio,
2464 2680 2588 2751 quia
2613 2680 2667 2747 in
2703 2669 2805 2745 liis,
2836 2682 2980 2736 velut
3008 2683 3059 2735 in
3084 2684 3349 2753 quadrato
3373 2684 3571 2754 lapide,
3593 2692 3766 2738 sancta:

2238 2770 2359 2826 ﬁdei
2385 2777 2654 2825 structura
2701 2771 2979 2840 consurgit
3019 2780 3074 2826 et
3118 2772 3406 2842 cujuslibet
3461 2773 3583 2827 vitae
3630 2781 3767 2842 atque

2242 2860 2468 2914 actionis
2493 2873 2684 2913 norma
2718 2858 2998 2925 consistit;
3047 2862 3295 2932 quisquis
3319 2876 3510 2916 eorum
3551 2861 3767 2916 solidita-

2238 2956 2347 3001 tem
2382 2960 2489 2999 nou
2518 2940 2682 3009 tenet,
2709 2944 2881 3023 etiam
2916 2946 2965 3001 si
2992 2946 3127 3014 lapis
3152 2947 3564 3023 esse_videatur
3604 2946 3766 3018 [Rom

2239 3034 2421 3098 editio,
2443 3031 2725 3113 cernitur],
2768 3041 2947 3088 tamen
2975 3043 3127 3090 extra
3161 3034 3447 3089 aedilicium
3472 3035 3641 3110 jacet,
3676 3041 3764 3088 etc.

591 3131 653 3176 ut
678 3121 808 3175 mihi
828 3108 1055 3187 videtur,
1079 3122 1125 3178 si
1147 3116 1280 3193 ipsis
1308 3124 1442 3179 bene
1461 3131 1792 3192 compertum
1814 3131 1956 3178 esset
1983 3136 2145 3192 quam
2177 3103 2219 3157 Β
2246 3122 2481 3179 Cunctas
2511 3108 2660 3189 vero,
2689 3103 2826 3193 quas
2852 3121 3072 3193 praefata
3094 3124 3400 3180 veneranda
3428 3103 3647 3179 concilia
3665 3137 3767 3192 per-

592 3224 805 3280 parum,
826 3209 910 3263 vel
933 3208 1113 3280 potius
1151 3225 1313 3280 quam
1333 3225 1439 3275 non
1486 3211 1625 3281 (cod.
1648 3209 1768 3264 Rat.
1794 3210 1947 3278 nihil)
1966 3219 2147 3264 noster

593 3294 936 3370 apostolicus'
946 3300 1000 3353 in
1026 3299 1295 3369 prtedictis
1319 3301 1532 3356 statutis
1554 3300 1778 3355 devicta
1813 3300 2014 3357 sanctis
2045 3299 2147 3354 Pa-

599 3389 790 3444 tribus.
818 3389 1157 3459 Quapropter
1181 3390 1313 3445 mihi
1342 3391 1552 3460 meique
1591 3390 1857 3446 similibus
1900 3378 2148 3446 commo-

597 3471 727 3531 dum
760 3472 878 3528 fore
905 3478 1115 3543 censui,
1139 3478 1185 3531 si
1200 3478 1389 3532 eadem
1428 3487 1653 3543 statuta,
1677 3478 1954 3552 canonicis
2001 3476 2149 3533 Scri-

598 3562 772 3630 pturis
817 3562 1135 3630 confemm,
1177 3572 1232 3618 et
1265 3574 1506 3619 mutuam
1550 3573 1738 3620 eorum
1805 3565 2149 3619 concordiam

599 3649 990 3719 qualiscunque
1011 3651 1132 3721 styli
1159 3651 1333 3706 olllcio
1352 3652 1587 3706 briaviter
1620 3667 1683 3706 ac
1734 3653 1959 3708 fideliter
1998 3667 2150 3718 com-

604 3736 931 3791 mendarem.
956 3736 1024 3791 Et
1043 3737 1148 3793 hoc
1165 3753 1228 3793 ea
1262 3739 1560 3797 intentione
1591 3747 1672 3805 ut,
1698 3739 1747 3810 si
1768 3741 1892 3809 quis
1927 3739 2151 3795 forsitan

602 3844 671 3883 ex
722 3826 903 3883 idiotis
942 3828 1057 3883 haec
1100 3828 1367 3897 inspicere
1423 3828 1673 3899 dignetur
1730 3837 1881 3907 tanto
1913 3827 2155 3884 vivacius

601 3917 670 3973 ad
734 3917 1090 3974 obedientium
1146 3914 1461 3989 apostolicis
1516 3918 1775 3977 institutis
1848 3920 2152 3988 resipiscat,

601 4016 805 4077 quanto
823 4007 1122 4065 evidentius
1148 4009 1325 4063 videat
1349 4008 1465 4064 haec
1475 4006 1992 4062 eadem'nullatenns
2016 4023 2047 4062 a
2069 4023 2155 4088 saj

603 4096 922 4154 cratissimis
942 4099 1242 4153 canonibus
1268 4098 1509 4165 deviare,
1535 4098 1629 4154 sed
1653 4115 1777 4155 cum
1833 4099 2035 4155 eisdem
2088 4114 2154 4154 ex

606 4183 723 4251 ipsa
748 4200 900 4241 sacra
924 4185 1200 4258 Scriptura
1222 4188 1569 4257 processisse.

676 4270 806 4329 ϐλν.
856 4271 898 4327 l.
931 4273 991 4333 ιιι
1037 4274 1224 4344 primis
1277 4275 1440 4346 igitur
1480 4276 1805 4332 decretalem
1869 4276 2153 4347 epistolam

611 4359 786 4414 nostri
815 4362 1093 4427 apostolid
1126 4364 1427 4419 describere
1445 4365 1615 4435 juvat,
1651 4374 1712 4419 ut
1731 4374 1882 4421 tanto
1917 4367 2157 4438 apertius

608 4449 890 4518 sequentia
918 4449 1221 4505 elucesccre
1241 4453 1476 4532 valeant.

685 4555 704 4589 ι
748 4535 1051 4592 Caesonius
1084 4537 1386 4611 episcopus,
1422 4554 1607 4593 servus
1632 4554 1911 4596 servorum
1936 4540 2051 4608 Dei,
2073 4542 2157 4597 di-

612 4622 754 4685 lecto
787 4626 842 4683 in
879 4625 1097 4683 Christo
1146 4626 1301 4682 fratri
1343 4624 1549 4682 Oruonr
1599 4625 2002 4685 Constantiensi
2048 4631 2192 4701 epi—'

611 4729 808 4785 scopo,
858 4717 1087 4774 salutem
1112 4725 1168 4772 et
1198 4717 1548 4787 apostolicam
1568 4715 2013 4773 benedictionem.

689 4820 711 4854 ι
751 4801 1009 4861 Instantis
1035 4804 1348 4860 nuntiorum
1374 4812 1615 4871 tuorum,
1649 4821 1669 4855 ι
1698 4811 1802 4860 etc.
1828 4802 2045 4872 Reliqua
2069 4820 2164 4859 οω-

617 4898 761 4944 stant
813 4890 871 4943 in
896 4892 1114 4945 concilio
1143 4891 1375 4948 Romano
1411 4892 1462 4960 1,
1488 4908 1665 4963 supra.

687 4975 817 5038 Car.
854 4973 918 5032 ll.
970 4975 1073 5032 Sed
1102 4980 1415 5049 priusquam
1460 4981 1575 5037 haec
1619 4990 1821 5037 statuta
1855 4980 2166 5052 singulatim

617 5065 1043 5131 consideremus,
1066 5066 1319 5136 quiddam
1340 5070 1405 5125 de
1429 5072 1960 5143 ipsorumcanonum
1981 5080 2167 5127 aucto-

618 5157 778 5212 ritate
808 5170 917 5211 non
946 5155 1344 5212 incommodum
1367 5159 1574 5219 aestimo
1603 5160 1902 5229 praelibare,
1938 5170 1997 5216 ut
2019 5170 2168 5218 tanto

622 5246 831 5304 ﬁrmius
883 5254 1131 5311 teneatur
1156 5245 1416 5317 quidquid
1457 5260 1521 5300 ex
1545 5246 1626 5301 eis
1661 5248 1729 5301 ad
1776 5250 2169 5305 observandum

624 5335 783 5396 nobis
834 5336 1198 5393 denuntiatur.
1260 5331 1645 5391 Sanctissimus
1698 5348 1837 5402 papa
1880 5332 2175 5403 Gregorius

576 5498 577 5501 η
626 5424 755 5480 Ηίὺ.
786 5438 825 5489 ι.
848 5440 930 5493 op.
958 5424 1073 5493 24),
1101 5438 1262 5495 quem
1293 5431 1476 5477 uoster
1502 5423 1833 5491 apostolicus
1861 5422 2097 5488 nomine,
2119 5434 2174 5478 et

2245 3228 2409 3268 sonas
2456 3220 2735 3282 respuunt,
2768 3227 2995 3281 respuo;
3025 3228 3162 3282 quas
3203 3221 3561 3278 venerantur,
3596 3212 3769 3281 ample-

2246 3310 2381 3367 ctor,
2402 3286 2695 3370 quia,dum
2716 3299 3004 3379 uniVersali
3033 3286 3161 3356 sunt
3188 3316 3457 3355 consensu
3487 3301 3766 3361 constituta,

2246 3405 2305 3449 se
2357 3399 2411 3445 et
2439 3405 2545 3444 non
2575 3390 2663 3444 illa
2690 3390 2936 3455 destruit,
2965 3390 3212 3460 quisquis
3246 3390 3526 3460 praesumit
3553 3397 3639 3444 aut
3676 3389 3770 3443 ωι-

2248 3494 2373 3536 vere
2413 3495 2552 3549 quos
2586 3480 2831 3548 religant
2863 3474 2948 3549 [0.
2980 3479 3043 3531 Ii.
3073 3489 3122 3532 et
3154 3479 3304 3533 Rom.
3336 3480 3522 3545 editio,
3573 3476 3769 3549 ligant],

2250 3578 2345 3623 aut
2369 3569 2597 3637 religare
2634 3581 2775 3636 quos
2796 3569 2910 3621 solv
2920 3577 3033 3623 unt.
3056 3568 3315 3639 Quisqms
3327 3584 3457 3638 ergo
3475 3569 3613 3623 aliud
3632 3568 3768 3637 sapit,

2251 3658 2533 3713 anathema
2562 3657 2650 3711 sit.
2689 3673 2708 3708 ι
2746 3655 3037 3726 llucusque
3070 3658 3385 3727 Gregorius.
3659 3714 3663 3718 ,

2321 3744 2472 3800 Hanc
2504 3752 2682 3799 autem
2727 3746 3034 3816 synodalem
3069 3745 3349 3814 epistolam
3350 3781 3381 3825 λι
3407 3746 3544 3799 idem
3578 3750 3771 3813 aposto-

2252 3834 2390 3889 licus
2420 3833 2601 3888 statim
2630 3842 2751 3902 post
2777 3833 3168 3887 ordinationem
3209 3847 3367 3886 suam
3390 3829 3694 3900 composuit,
3728 3837 3774 3881 et

2256 3922 2478 3991 reliquis
2508 3922 2884 3993 ppatriarchis,
2934 3923 3132 3993 quippe
3172 3907 3770 3989 Constantinopolitano,

2254 4011 2613 4066 Alexandrino
2634 4052 2650 4077 ,
2703 4010 3059 4078 Antiocheno,
3104 4010 3585 4082 Hierosolymitano
3621 3998 3774 4065 trans-

2254 4100 2416 4155 misit.
2448 4098 2790 4155 Consuetudo
2816 4100 2961 4154 enim
2987 4109 3103 4155 erat
3143 4114 3211 4155 eo
3263 4109 3520 4170 tempore,
3562 4108 3616 4153 ut
3637 4098 3774 4167 quili.

2257 4186 2348 4244 bet
2375 4186 2429 4242 in
2475 4188 2654 4258 aliqua
2686 4188 3129 4259 patriarchalium
3167 4188 3379 4243 sedium
3424 4188 3622 4242 noviter
3646 4186 3773 4261 ordi-

2256 4285 2450 4343 natus,
2501 4268 2883 4347 serprardictas
2925 4282 2987 4333 tv'
3006 4277 3242 4348 synodos
3273 4277 3542 4333 custodire
3577 4275 3772 4345 reliquis

2256 4366 2475 4422 sedibus
2520 4367 3091 4447 transmissaepistola
3120 4364 3488 4434 profiteretur,
3517 4372 3774 4447 antequam

2258 4468 2453 4508 nomen
2484 4455 2604 4523 ejus
2646 4455 2787 4523 apud
2838 4454 3073 4523 reliquas
3106 4452 3263 4507 sedes
3313 4451 3368 4505 in
3412 4450 3668 4520 diplychis
3694 4446 3773 4501 de-

2259 4540 2424 4595 scribi
2490 4549 2806 4594 mereretur.
2856 4537 3061 4593 Nomen
3114 4535 3362 4591 videlicet
3403 4531 3774 4607 prauiecessoris

2259 4626 2402 4697 ejus,
2430 4626 2553 4681 licet
2576 4625 2816 4681 defuncti
2838 4626 3056 4694 reliquae
3083 4624 3241 4681 sedes
3259 4624 3635 4695 computabant
3660 4622 3776 4677 inter

2263 4712 2523 4776 viventes,
2567 4710 2742 4768 donec
2763 4711 2933 4781 ipsius
2959 4709 3169 4765 noviter
3193 4710 3536 4767 inthronizati
3562 4707 3777 4782 presuiis

2263 4804 2575 4877 synodicam
2604 4803 2900 4874 reciperent
2917 4802 3227 4872 epistolam;
3256 4817 3399 4872 quae,
3416 4801 3541 4872 quia

2264 4895 2576 4964 episcopum
2595 4901 2828 4963 quatuor
2848 4891 3083 4964 synodos
3108 4892 3377 4962 recepisse
3396 4886 3676 4949 denotavit,
3694 4883 3780 4937 hoc

2266 4983 2369 5038 sibi
2405 4996 2621 5047 nomen,
2648 4981 2700 5037 id
2741 4989 2853 5047 est,
2896 4981 3211 5052 synodicam
3239 4980 3312 5036 ab
3348 4980 3550 5035 eisdem
3589 4969 3777 5045 synodi!

2268 5087 2374 5127 non
2405 5071 2696 5140 incongrue
2715 5070 2927 5126 videtur
2956 5079 3253 5127 mutuasse.

2340 5159 2491 5232 lianc
2526 5168 2705 5215 autem
2740 5160 3182 5219 consuetudinem
3212 5156 3354 5211 illius
3376 5151 3623 5222 temperis
3642 5148 3780 5206 misse

2270 5250 2410 5306 idem
2436 5249 2814 5317 sanctissimus
2840 5263 2979 5320 papa
3010 5254 3240 5303 testatur
3279 5244 3341 5298 in?
3366 5243 3586 5313 epistola
3606 5242 3668 5297 ad
3699 5239 3778 5295 Se-

2270 5339 2563 5395 cundinum
2610 5354 2826 5405 servum
2858 5337 2954 5391 Dei
2999 5335 3268 5389 inclusum
3295 5331 3422 5403 (lib.
3459 5348 3553 5399 vn,
3573 5348 3649 5402 ep.
3673 5328 3778 5393 53);

2271 5443 2433 5498 quam
2489 5423 2544 5481 et
2589 5443 2762 5497 usque
2793 5427 2862 5481 ad
2910 5433 3152 5496 tempora
3184 5421 3322 5476 beati
3372 5437 3523 5493 papae
3564 5416 3780 5481 Adriani.

626 5520 834 5574 actione
877 5521 1076 5576 nostris
1130 5527 1476 5591 reprmscntat
1526 5518 1611 5589 lC.
1641 5518 1702 5571 It.
1752 5519 2176 5589 reprtesentavit]
2275 5516 2470 5585 quippe
2500 5516 2564 5569 ad
2585 5515 2839 5569 Carolum
2867 5528 3067 5583 regem,
3090 5512 3412 5581 perdurasse
3428 5512 3658 5591 Joannes
3696 5506 3781 5561 Bo-

632 5608 987 5674 tctuporibus,
1021 5611 1073 5665 in
1117 5627 1214 5665 sua
1244 5610 1518 5682 synodica,
1559 5609 1610 5663 id
1651 5616 1763 5671 est,
1788 5607 2031 5678 synodali
2057 5609 2175 5679 cpi-

636 5691 795 5757 stola,
843 5698 1176 5756 sanctissima
1202 5706 1434 5772 quatuor
1474 5696 1700 5754 concilia
1734 5694 2016 5751 confirmat
2050 5694 2120 5750 ita
2161 5716 2175 5751 :

2276 5619 2447 5659 manm
2478 5603 2731 5658 Ecclesize
2755 5605 3016 5657 diaconus
3033 5602 3244 5669 asserit,
3274 5604 3369 5673 qui
3388 5603 3556 5657 vitam
3584 5586 3779 5654 SfGreo

2278 5693 2500 5764 gorii,ex
2516 5700 2781 5765 praecepto
2798 5691 2853 5747 S.
2869 5691 3090 5748 Joannis
3105 5706 3276 5762 papae,
3287 5680 3779 5754 tidelitcrdescrirtit
