3956 6392
195 414 316 470 H09

1053 394 1462 472 APPENDHII.
1503 450 1570 458 -
1609 415 2034 474 Μοκωιωτλ
2069 418 2522 476 ΟΒΕΕΟΝΑΝΑ.

3251 382 3416 467 itio-

192 522 291 578 Sed
308 531 490 578 utrum
517 524 692 580 adhuc
709 525 892 580 eadem
913 529 1508 599 consuetudoperduret
1524 533 1730 602 ignoro.
1763 533 1808 588 Α
1833 531 2239 607 canonizabant.
2280 530 2479 598 Nempe
2505 530 2604 584 sub
2635 528 2874 598 piissimo
2903 527 3221 596 imperatore
3242 524 3382 580 Con-

190 613 354 676 Quam
381 622 565 667 tamen
593 613 827 682 prmfatis
855 617 1183 684 temporibus
1215 617 1382 672 fuisse
1407 635 1513 673 non
1531 619 1734 674 dubito.

188 698 331 754 Patet
360 701 528 770 igitur
553 703 951 758 evidentissime
981 720 1144 772 quam
1189 721 1395 776 magna:
1423 710 1531 761 sint
1558 716 1742 762 aucto—

188 791 356 845 ritavis
384 791 478 844 illa
508 801 742 860 quatuor
775 793 1022 858 concilia,
1056 809 1176 862 quae
1208 793 1263 847 S.
1303 794 1608 866 Gregorius,
1632 796 1742 850 imo

187 893 277 946 per
323 880 506 947 ipsum
537 880 771 948 Spiritus
807 891 1045 945 sanctus,
1079 897 1185 936 non
1217 883 1413 950 semel,
1445 893 1505 938 ut
1525 884 1740 953 ,praedi-

187 977 328 1022 ctum
375 978 491 1034 est,
544 970 636 1024 sed
671 970 866 1038 saepius
910 981 963 1024 et
1016 969 1314 1042 Evangeliis
1342 983 1647 1042 comparat,
1687 982 1742 1028 et

187 1073 370 1112 omnes
409 1059 479 1112 ab
508 1057 709 1115 eisdem
746 1059 1120 1116 dissentientes
1140 1063 1569 1116 anatliematizat.
1611 1062 1742 1128 Quae

187 1155 236 1199 et
265 1148 493 1215 quilibet
520 1148 757 1206 novitius
787 1149 1089 1216 patriarcha
1114 1165 1170 1204 se
1198 1151 1606 1205 observaturum
1648 1166 1742 1220 per

184 1237 462 1305 epistolam
513 1251 669 1292 suam
718 1238 937 1306 reliquis
984 1239 1199 1293 sedibus
1235 1240 1466 1308 proﬁteri
1494 1241 1738 1305 debebat,

186 1327 318 1381 si'se
350 1327 497 1379 inter
536 1328 829 1382 catholicos
874 1329 1208 1398 patriarchas
1239 1331 1290 1382 in
1342 1329 1603 1400 diptycbis
1644 1331 1738 1385 de-

189 1417 350 1470 scribi
378 1419 613 1471 volebat.
718 1413 720 1416 ’
1250 1431 1260 1440 ·

247 1505 373 1560 CAP.
410 1507 498 1560 lll.
541 1507 761 1561 Decreta
807 1523 932 1562 vero
959 1509 1424 1563 sanctissimorum
1468 1504 1740 1563 Romano-

184 1610 299 1647 rum
323 1597 662 1663 pontiﬁcum,
688 1598 732 1651 si
753 1613 1056 1666 possemus,
1081 1599 1240 1651 etiam
1264 1598 1556 1652 studiosius
1577 1613 1738 1666 quam

183 1685 266 1738 illa
285 1694 520 1752 quatuor
538 1687 762 1740 concilia
783 1687 1023 1740 venerari
1043 1696 1096 1740 et
1115 1687 1395 1741 observare
1405 1688 1737 1762 deberemus,

182 1791 301 1828 cum
330 1785 387 1827 et
413 1776 532 1842 ipsa
562 1778 792 1830 concilia
823 1777 970 1829 omni
999 1776 1248 1830 ﬁrmitate
1274 1785 1533 1842 carerent,
1565 1776 1611 1829 si
1633 1791 1737 1830 non

182 1865 492 1932 apostolica:
541 1866 681 1919 sedis
730 1867 1017 1934 pontiﬁces
1037 1866 1221 1919 eadem
1259 1881 1355 1935 per
1383 1865 1733 1934 apostolicam

182 1955 558 2007 auctoritatem
583 1963 633 2007 ct
663 1969 986 2024 congregare
1012 1963 1064 2007 et
1093 1956 1440 2009 corrobOi-are
1466 1955 1734 2008 decrevis-

181 2051 313 2095 sent.
367 2041 524 2096 Unde
571 2053 623 2095 et
660 2044 848 2098 beatus
879 2058 1014 2111 papa
1045 2043 1327 2098 Marcellus
1351 2044 1461 2110 (ep.
1517 2059 1554 2108 1,
1581 2043 1728 2095 Rom.

181 2132 486 2201 editionis),
521 2133 614 2201 qui
646 2142 699 2185 et
745 2141 868 2186 ante
896 2130 1171 2186 Nicaenum
1195 2133 1481 2187 concilium
1513 2148 1611 2186 sua
1639 2132 1732 2185 de-

181 2231 319 2274 creta
365 2223 627 2292 martyrio
666 2220 1015 2286 consecravit,
1047 2223 1180 2292 ipse,
1217 2222 1456 2291 inquam,
1499 2221 1580 2274 vir
1607 2237 1734 2289 apo-

183 2312 419 2375 stolicus,
449 2314 504 2364 in
529 2313 760 2368 decretis
791 2313 923 2378 suis,
951 2326 1069 2380 cap.
1103 2313 1190 2375 11,
1220 2320 1445 2366 testatur
1467 2312 1538 2364 ita
1567 2311 1732 2378 :tlpsi

182 2399 416 2464 Apostoli
447 2416 744 2468 eorumque
769 2415 1130 2462 successores,
1159 2399 1387 2452 Domino
1410 2400 1730 2467 inspirante,

184 2488 574 2561 constituerunt
598 2498 656 2541 ut
682 2490 826 2542 nulla
842 2489 989 2541 ﬁeret
1016 2487 1252 2557 synodus
1275 2496 1464 2556 praeter
1483 2487 1734 2542 Romamn

185 2576 323 2629 sedis
367 2579 766 2632 auctoritatem.
801 2597 818 2629 ι
873 2574 1103 2631 Sanctt'is
1149 2592 1362 2646 quoque
1409 2577 1733 2632 Athanasius

184 2665 374 2730 praesul
403 2667 817 2730 Alexandrinus,
856 2666 948 2734 qui
979 2681 1086 2718 non
1116 2667 1338 2718 minima
1363 2681 1486 2734 pars
1518 2667 1731 2720 concilii

185 2750 379 2806 Nicaeni
403 2756 526 2821 fuit,
555 2756 608 2807 in
621 2756 841 2824 epistola
872 2755 937 2807 ad
954 2753 1182 2808 Felicem
1206 2769 1415 2822 papam,
1442 2754 1613 2820 capite
1643 2756 1726 2819 ll,

186 2842 254 2894 ita
280 2842 408 2897 dicit
433 2859 445 2894 :
471 2863 488 2894 ι
522 2842 734 2898 Scimus
762 2845 815 2896 in
837 2841 1049 2896 Nicmna
1072 2826 1265 2912 magna
1286 2843 1488 2912 synodo
1507 2858 1730 2898 cccxvtii

186 2933 560 3000 episcoporum
594 2933 660 2986 ab
689 2934 940 2987 omnibus
970 2933 1303 2987 concorditer
1337 2949 1456 2986 esse
1509 2935 1731 2987 robora—

187 3030 316 3086 tum,
345 3037 454 3076 non
480 3023 674 3077 debere
703 3023 906 3091 absque
931 3021 1158 3075 Romani
1182 3021 1446 3090 pontiﬁcis
1469 3025 1730 3077 sententia

1771 1833 1812 1888 B

1842 619 2078 672 stantino
2123 632 2352 687 magnus
2417 615 2612 672 Hosius
2661 613 3021 668 Cordubensis
3068 613 3380 680 episcopus,

1843 705 2026 761 Victor
2051 717 2104 761 et
2133 705 2474 770 Vincentius,
2507 705 2800 774 presbyteri
2833 702 3084 755 Romana:
3112 699 3379 764 Ecclesia;

1839 810 1906 850 ex
1930 805 2080 866 parte
2109 797 2280 850 sancti
2306 793 2559 866 Sylvestri
2587 809 2735 862 papa:
2761 791 2975 846 Nicaeno
2997 789 3222 844 concilio
3248 805 3382 858 pra:-

1841 885 2138 940 fueruntet
2173 887 2346 955 ipsum
2386 883 2664 954 principali
2701 882 3093 948 subscriptione
3139 879 3378 931 ﬁrmave-

1839 986 1984 1030 runt.
2013 975 2164 1040 ltem,
2197 975 2526 1044 temporibus
2554 972 2843 1025 Theodosii
2875 969 3112 1023 Junioris
3138 968 3378 1036 Augusti,

1840 1073 2060 1118 sanctus
2111 1062 2341 1134 Cyrillus
2370 1060 2673 1130 patriarcha
2703 1057 3061 1111 Alexandrina
3080 1075 3113 1120 ς,
3142 1066 3192 1108 et
3221 1055 3382 1107 Arca-

1835 1152 1960 1207 dius
1987 1153 2268 1222 episcopus
2296 1168 2360 1206 ex
2387 1151 2536 1205 Italia
2559 1150 2672 1204 vice
2698 1146 2989 1202 beatissimi
3034 1161 3182 1213 papm
3208 1145 3382 1198 Coele--

1840 1244 1966 1298 stini
1995 1243 2264 1312 Epliesino
2285 1242 2516 1296 concilio
2536 1237 2862 1308 praefuerunt
2882 1244 2933 1290 et
2964 1235 3136 1303 ipsum
3170 1244 3382 1300 aposto—

1840 1333 1941 1385 lica
1978 1333 2092 1387 vice
2144 1333 2643 1388 corroboraverunt.
2676 1327 2826 1391 Item,
2867 1336 3103 1393 tempore
3129 1323 3379 1376 Marciani

1840 1424 2116 1492 principis,
2171 1421 2534 1475 Paschasinus
2582 1428 2637 1473 et
2671 1417 2982 1472 Vincentius
3029 1414 3278 1484 episcopi,
3331 1422 3380 1463 et

1839 1511 2146 1566 Bonifacius
2192 1511 2467 1580 presbyter
2515 1509 2632 1561 vice
2681 1507 2851 1560 sancti
2904 1504 3100 1558 Leonis
3148 1517 3294 1572 papae
3331 1504 3378 1552 in

1839 1600 2261 1656 Chalcedonensi
2285 1600 2512 1654 concilio
2541 1613 2634 1668 per
2663 1595 2941 1649 duodecim
2970 1595 3083 1648 dies
3119 1595 3381 1645 (τριςιει-ςιευ

1840 1691 1995 1759 primi
2027 1692 2262 1755 fuerunt,
2293 1691 2383 1760 qui
2410 1699 2462 1744 et
2495 1687 2743 1741 Anatolio
2770 1684 3091 1754 patriarchae
3118 1682 3378 1736 Constan-

1841 1781 2194 1848 tinopolitano
2238 1780 2505 1848 quoddam
2535 1775 2867 1846 privilegium
2903 1774 2956 1842 in
2985 1772 3206 1825 concilio
3233 1786 3374 1822 usur-

1837 1870 2001 1938 panti,
2038 1870 2326 1924 liberaliter
2354 1867 2811 1929 contradixerunt,
2841 1874 2892 1916 et
2921 1863 3140 1930 reliquis
3169 1863 3381 1910 statutis

1834 1959 2126 2026 apostolica
2158 1960 2272 2014 vice
2304 1957 2759 2024 subscripserunt,
2792 1963 2848 2004 ut
2878 1954 3010 2005 liber
3031 1953 3200 2005 sancti
3233 1950 3393 2000 Libe-

1833 2047 2399 2118 ratiCai‘thaginensis
2429 2043 2790 2098 archidiaconi
2831 2043 2896 2093 de
2935 2042 3119 2092 eodem
3151 2041 3380 2089 concilio

1834 2142 2074 2187 testatur.
2115 2134 2238 2187 llaec
2267 2142 2442 2186 autem
2476 2128 3022 2184 omtiia'nianil‘cslins
3057 2127 3141 2178 ille
3183 2125 3376 2176 κως-δη

1835 2225 2142 2292 quicunque
2189 2223 2497 2277 eorumdcm
2549 2219 2896 2274 conciliorum
2962 2215 3379 2281 subscriptiones

1833 2313 2067 2365 studiose
2087 2313 2434 2380 perspexerit.
2463 2311 2599 2378 Ergo
2623 2308 2971 2362 reverentiam
3000 2308 3108 2358 sive
3131 2306 3364 2357 obedien

1835 2401 1982 2462 tiam,
2030 2414 2191 2467 quam
2252 2396 2631 2452 sacratissimis
2661 2404 2892 2461 quatuor
2938 2391 3178 2443 conciliis
3229 2391 3381 2455 juxta

1833 2498 2078 2543 sanctum
2107 2487 2422 2558 Gregorium
2449 2484 2640 2539 merito
2666 2483 2978 2537 exhibemus
3002 2479 3227 2533 decretis
3255 2493 3379 2544 apo-

1833 2581 2034 2633 stolicae
2063 2579 2204 2633 sedis
2239 2578 2543 2632 nullatenus
2592 2575 2873 2643 denegare,
2907 2572 3034 2636 imo,
3059 2569 3105 2624 si
3130 2567 3378 2637 possit-ile

1830 2679 1938 2732 cst,
2015 2669 2308 2722 studiosius
2372 2666 2676 2733 impendere
2734 2663 3021 2724 debemus,
3081 2675 3200 2712 cum
3267 2657 3378 2710 sine

1831 2774 2020 2813 eorum
2051 2759 2371 2813 auctoritate
2413 2771 2513 2810 nec
2547 2755 2663 2824 ipsa
2692 2751 2917 2807 concilia
2956 2749 3036 2803 l‘as
3063 2757 3205 2802 esset
3247 2761 3372 2799 reei-

1832 2864 1977 2918 pere.

1900 2938 2024 2992 CAP.
2061 2937 2146 2991 ιν.
2186 2937 2290 2992 Sed
2332 2953 2431 2991 nec
2471 2937 2674 3004 reliqua
2698 2935 2925 2989 conciiia
2974 2934 3122 3002 parvi
3155 2933 3380 3000 pendere

1832 3029 2104 3091 debemus,
2157 3027 2206 3079 in
2242 3027 2437 3096 quibus
2478 3027 2666 3088 multa,
2699 3039 2964 3091 nusquam
2993 3023 3118 3074 alibi
3145 3023 3376 3081 iuventa,

188 3111 408 3164 concilia
454 3104 733 3167 celebrari.
771 3131 788 3162 ι
827 3111 930 3165 Sed
963 3120 1016 3165 et
1056 3112 1222 3165 beata:
1254 3106 1525 3165 memoriae
1559 3111 1731 3167 Julius
1759 3136 1798 3192 ε
1831 3116 2202 3170 ecclesiastica:
2223 3124 2399 3168 tamen
2424 3113 2809 3182 dispensationi
2832 3111 2994 3182 [c.n.
3017 3108 3380 3179 dispositioni}

187 3213 316 3268 papa
364 3201 632 3269 idipsum,
679 3202 848 3268 capite
867 3201 918 3265 5,
963 3201 1261 3268 proﬁtetur,
1294 3202 1516 3253 dicens:
1572 3219 1589 3251 ι
1628 3201 1731 3268 Ipsi

186 3303 307 3340 vero
330 3290 523 3356 primae
551 3290 690 3342 sedis
718 3289 971 3342 Ecclesiae
995 3288 1464 3342 convocandorum
1507 3303 1730 3356 genera-

187 3375 310 3429 lium
333 3377 664 3445 synodorum
680 3378 802 3446 jura
823 3387 875 3430 et
891 3377 1091 3445 judicia
1113 3379 1506 3446 episcoporum,
1544 3380 1730 3449 singu-

187 3465 279 3518 lari
325 3468 608 3537 privilegio
651 3467 1025 3537 ‘evangelicis,
1080 3477 1134 3522 et
1183 3469 1512 3537 apostolicis,
1570 3477 1731 3538 atque

187 3558 458 3612 canonicis
488 3573 741 3612 concessa
771 3569 896 3613 sunt
925 3559 1205 3612 institutis.
1246 3577 1262 3608 ι
1301 3557 1495 3612 Beatus
1520 3574 1732 3627 quoque

189 3643 442 3700 Damasus
477 3647 625 3712 (989)
660 3662 795 3713 papa
834 3648 886 3698 in
917 3647 1146 3700 decretis
1189 3646 1322 3709 suis,
1352 3662 1467 3714 cap.
1497 3648 1548 3711 9,
1595 3650 1733 3702 lianc

187 3733 357 3787 intulit
409 3735 729 3788 sententiam
782 3732 877 3804 [Ο.
908 3734 970 3788 R.
1005 3736 1305 3804 generalem
1370 3736 1668 3806 interserit]
1716 3756 1727 3790 :

192 3841 207 3870 ι
239 3823 388 3878 Nulla
434 3838 673 3892 unquam
708 3825 935 3879 concilia
983 3832 1098 3877 rata
1140 3824 1407 3894 leguntur,
1459 3841 1578 3894 qua:
1623 3841 1728 3880 non

185 3923 307 3966 sunt
331 3914 465 3967 fulta
495 3915 788 3980 apostolica
817 3915 1155 3968 auctoritate.
1209 3935 1212 3937 λ

251 4000 340 4057 His
400 4012 581 4056 autem
631 4005 911 4057 sententiis
967 4005 1152 4058 beatus
1203 4003 1464 4066 Isidorus,
1504 4005 1731 4058 rimator

187 4090 560 4160 Scripurarum
587 4091 986 4161 sagacissimus,
1034 4093 1256 4146 ﬁdeliter
1287 4092 1605 4159 astipulatur
1643 4093 1728 4146 di-

182 4198 303 4237 cens
328 4203 375 4235 :c
410 4182 745 4253 Synodorum
768 4198 894 4236 vero
911 4183 1404 4252 congregandarum
1437 4183 1728 4238 auctoritas

183 4274 498 4340 Apostolicze
545 4273 656 4326 sedi
700 4275 908 4340 privata
953 4275 1243 4328 commissa
1295 4282 1376 4327 est
1412 4276 1729 4329 auctoritate

183 4359 264 4433 [(3.
295 4362 356 4415 Β.
386 4363 685 4433 potestate]
719 4363 862 4432 (990)
904 4371 1255 4433 congregata,
1287 4365 1368 4416 vel
1412 4363 1562 4417 fulta.
1605 4363 1730 4419 Haac

1832 3205 2135 3256 necessaria
2171 3202 2484 3269 reperimus.
2523 3200 2653 3265 Quae
2699 3201 2914 3268 quidem
2946 3215 2974 3252 a
3013 3197 3376 3266 superioribus

1830 3289 2149 3341 atitlienticis
2174 3288 2540 3340 sanctionibus
2563 3287 2708 3338 nullo
2729 3286 2885 3338 modo
2904 3286 3226 3351 discrepant,
3251 3297 3371 3334 cum

1799 3431 1801 3434 .
1829 3368 2148 3431 Christiana:
2173 3376 2414 3444 relig'oni
2453 3374 2786 3442 apertissime
2815 3373 3147 3425 conveniant.
3176 3370 3377 3438 Hujus-

1835 3469 2007 3532 modi,
2061 3468 2307 3535 inquam,
2345 3465 2606 3533 capitula,
2669 3464 2722 3516 in
2767 3463 3091 3531 quibuslibet
3137 3463 3378 3515 conciliis

1831 3557 2063 3620 inventa,
2099 3556 2401 3609 nullatenus
2419 3555 2484 3607 ab
2503 3555 2681 3622 aliquo
2703 3552 2963 3606 catholico
2987 3561 3113 3606 sunt
3135 3562 3376 3606 contem-

1832 3647 2022 3710 nenda,
2041 3647 2330 3714 praesertim
2354 3661 2476 3698 cum
2499 3645 2611 3712 ipsa
2622 3643 2823 3712 reliqua
2843 3643 3086 3706 concilia,
3109 3658 3172 3695 ex
3196 3657 3375 3695 sacra—

1831 3738 2158 3790 tissimarum
2185 3737 2498 3789 auctoritate
2529 3734 2863 3787 sanetiouum
2891 3731 3228 3784 descendisse
3269 3747 3376 3781 non

1829 3825 2174 3888 dubitcntur;
2207 3842 2325 3893 qua:
2356 3841 2448 3892 per
2484 3823 2722 3889 singulas
2768 3821 3068 3888 provincias
3101 3820 3224 3873 bina
3263 3822 3372 3887 epi-

1830 3931 2112 3983 scoporuni
2143 3916 2364 3967 concilia
2406 3914 2677 3964 annuatim
2710 3911 2822 3962 ﬁcri
2852 3910 3156 3978 ﬁrmissime
3187 3911 3361 3963 decet-

1829 4014 1980 4056 nunt.
2008 4003 2137 4065 lloc,
2162 4001 2596 4070 inquam,beatus
2612 3999 2897 4053 Anacletus
2919 4001 2986 4052 ab
3008 4001 3123 4068 ipso
3140 4001 3376 4075 principe

1829 4092 2188 4160 apostolorum
2253 4091 2527 4159 prcsbytcr
2573 4089 2849 4143 ordinatus
2891 4091 2944 4142 in
2991 4090 3216 4143 decretis
3261 4092 3372 4141 suis

1828 4182 1986 4250 capit.
2021 4181 2106 4246 17,
2137 4181 2435 4252 certissime
2480 4181 2718 4238 decernit
2749 4198 2760 4230 :
2816 4198 2833 4227 ‹
2878 4179 3253 4245 Congregatio,
3290 4178 3372 4228 in-

1827 4271 1962 4339 quit,
1999 4283 2333 4323 summorum
2379 4282 2472 4334 per
2512 4266 2752 4334 singulos
2791 4278 2960 4317 annos
2988 4264 3102 4318 ﬁeri
3147 4266 3279 4318 solet
3320 4274 3374 4318 et

1826 4364 1996 4417 debet.
2039 4382 2056 4411 »
2096 4361 2206 4413 Hoc
2233 4358 2677 4412 excellentissima
2707 4356 2944 4426 synodus
2985 4354 3220 4422 Nicmna,
3248 4371 3365 4424 cap.

183 4453 435 4507 canonica
467 4461 692 4506 testatur
721 4453 1041 4515 auctoritas,
1089 4452 1200 4504 haec
1244 4452 1601 4505 ecclesiastica
1641 4452 1725 4504 lii-
1758 4436 1801 4490 ι)
1830 4451 1882 4516 5,
1915 4449 2209 4504 constituit.
2250 4467 2266 4498 ι
2308 4447 2466 4510 Bene,
2502 4446 2694 4514 inquit,
2727 4446 2923 4514 placuit
2953 4445 3178 4515 singulis
3201 4436 3376 4498 annis

184 4545 342 4596 st'iria
373 4542 612 4603 roborat,
648 4543 763 4599 haec
797 4540 966 4593 sancti
987 4539 1173 4594 Patres
1201 4541 1537 4594 conﬁrmant.
1587 4558 1604 4590 ι

251 4632 306 4685 Si
349 4633 514 4702 igitur
563 4632 649 4684 illa
681 4640 912 4699 quatuor
961 4632 1189 4686 concilia
1215 4633 1362 4685 omni
1407 4631 1724 4685 auctoritate

181 4731 443 4788 carerent,
477 4721 580 4775 nisi
609 4722 974 4792 principaliter
1002 4736 1067 4777 ex
1102 4723 1328 4777 decretis
1360 4720 1722 4776 Romanorum

184 4813 490 4880 pontiﬁcum
520 4813 823 4869 ﬁrmitatem
851 4812 1170 4875 obtinerent,
1195 4813 1318 4878 quis
1359 4809 1585 4862 inﬁciari
1625 4822 1720 4876 po-

184 4902 303 4957 terit
326 4903 457 4972 quin
491 4903 702 4955 decreta
871 4902 1017 4969 ipsos
1043 4901 1364 4968 apostolicos
1415 4898 1561 4953 viros
1595 4911 1721 4967 pro-

184 4994 434 5063 mulgata,
451 4993 641 5060 majori
665 4994 1003 5046 veneratione
1023 4991 1180 5061 digna
1195 4991 1384 5045 merito
1404 5001 1724 5045 censeantur

185 5099 338 5153 quam
371 5087 486 5156 ipsa
533 5083 776 5147 concilia,
804 5098 925 5150 qua:
959 5097 1067 5135 non
1098 5098 1192 5150 per
1228 5084 1468 5151 ipsorum
1503 5089 1720 5150 aposto-

186 5173 402 5228 licorum
429 5173 788 5243 praesentiam,
830 5169 922 5224 sed
953 5177 1158 5222 tantum
1181 5184 1274 5236 per
1303 5171 1544 5237 ipsorum
1574 5171 1721 5237 lega-

187 5259 378 5314 tionem
401 5260 709 5314 autlientica
737 5260 853 5313 ﬁeri
879 5257 1255 5312 merebantur?
1279 5255 1368 5310 Sic
1396 5259 1538 5310 enim
1566 5258 1723 5326 legati

186 5350 320 5404 sedis
334 5349 640 5419 apostolicae
651 5350 960 5402 earumdem
981 5347 1350 5415 principalium
1371 5346 1721 5400 conciliorum

189 5442 483 5494 sanctiones
533 5436 787 5505 primaria
833 5437 1226 5506 subscriptione
1275 5435 1569 5504 apostolica
1608 5433 1722 5488 vice

237 5619 389 5739 I{39.9)
419 5593 670 5736 quti‘sog,
721 5617 772 5669 in
828 5619 1071 5686 rescripto
1102 5617 1168 5670 ad
1205 5614 1523 5705 Oricnrtales;
1558 5612 1712 5666 Rom.

255 5703 265 5739 i
295 5704 360 5739 ιιι.
391 5704 513 5739 nae.
553 5695 586 5736 ξι
663 5725 675 5738 .

192 5695 360 5750 editi»,
391 5704 513 5756 pag.
553 5695 675 5738 ξξυδ.

1827 4557 1920 4610 per
1943 4553 2374 4608 unamquamque
2409 4536 2737 4605 provinciam
2773 4536 2854 4590 bis
2889 4537 2941 4588 in
2978 4535 3120 4588 anno
3146 4535 3374 4588 concilia

1825 4629 2104 4692 celebrari,
2154 4636 2213 4681 ut
2246 4627 2604 4682 communiter
2642 4626 2892 4678 omnibus
2919 4623 3077 4675 simul
3107 4623 3374 4689 episcopis

1823 4720 2161 4790 congregatis
2205 4719 2562 4772 discutiantur
2606 4710 2913 4780 bujusmodi
2958 4710 3298 4777 quaestiones.
3351 4731 3368 4760 δ

1822 4808 1952 4866 Item
1971 4853 1984 4876 ,
2021 4805 2668 4874 Constantinopolitanum
2713 4799 3021 4864 concilium,
3047 4801 3376 4861 enumeratis

1823 4887 2453 4970 privilegiisdiversarum
2466 4891 2847 4953 Ecclesiarum,
2861 4903 2977 4957 Cap.
2998 4890 3053 4942 11
3074 4888 3158 4961 [Ε.
3175 4891 3238 4943 R.
3255 4890 3372 4962 ita],

1825 4989 2104 5045 constituit
2144 5005 2156 5037 :
2227 5005 2243 5036 ι
2283 4985 2514 5037 Servata.
2548 4980 2729 5048 regula
2785 4994 2906 5048 quae
2948 4981 3144 5047 scripta
3184 4989 3264 5032 est
3307 4981 3374 5034 de

1825 5074 2318 5150 gubernationibus,
2347 5069 2690 5124 manifestum
2711 5077 2793 5122 est
2813 5068 2951 5136 quod
2976 5068 3084 5132 illa,
3106 5082 3226 5135 quae
3247 5078 3372 5121 sunt

1824 5184 1918 5238 per
1951 5177 2384 5232 unamquamque
2418 5159 2747 5230 provinciam
2789 5157 2955 5223 ipsius
2977 5157 3263 5222 provinciae
3283 5171 3370 5224 sy-

1829 5257 2004 5311 nodus
2039 5255 2377 5322 dispensetur
2416 5250 2500 5319 [C.
2530 5247 2592 5300 Β.
2622 5242 2943 5312 dispenset],
2981 5244 3121 5298 sicut
3154 5243 3366 5295 Nicasno

1828 5355 2040 5400 constat
2059 5345 2330 5399 decretum
2357 5354 2474 5393 esse
2500 5333 2744 5388 concilio.

1896 5435 2025 5489 ltem
2069 5430 2500 5487 Clialcedoncnse
2541 5422 2851 5484 concilium,
2890 5436 3008 5489 cap.
3046 5419 3128 5479 19,
3174 5413 3301 5468 dicit
3344 5431 3358 5466 :

1897 5609 2041 5678 (990)
2067 5606 2173 5660 Nec
2200 5602 2666 5678 ullamAsvnodum
2715 5609 2882 5652 ratam
2913 5611 3030 5650 esse
3073 5593 3356 5662 legitimus,

1829 5673 1946 5752 quae
1974 5673 2088 5746 ejus
2124 5689 2228 5728 non
2256 5673 2430 5726 fuerit.
