3956 6404
561 425 686 477 illi

1528 420 1616 473 AD
1653 419 1878 475 υιιιῖιιει
2017 418 2340 473 (ιιιιείιοιιιι
2380 422 2818 485 ΔΙῬΙίΝΙὶΗΣΕΞ.

3678 47 3956 398 Ἶ

3648 421 3793 476 1119.

563 554 578 583 ι
628 533 870 586 Decrevit
907 542 1089 585 san-ta
1122 533 1377 599 svtiodus.
1411 534 1710 587 secundum
1751 548 1987 587 canones
2014 532 2116 585 l’a-
2147 535 2189 588 Α
2218 549 2311 601 per
2333 534 2579 591 sanctum
2614 539 2931 592 Silvestrum
2964 536 3051 608 lC.
3077 537 3141 591 R.
3187 537 3406 609 papam]
3456 538 3788 609 approbato,

558 635 723 688 trum,
766 625 847 676 bis
890 624 942 676 in
977 640 1118 674 anno
1141 625 1422 691 episcopos
1465 625 1517 676 in
1555 624 1605 676 id
1636 625 1809 694 ipsum
1842 625 1892 676 in
1922 640 2114 676 unam-

556 730 826 782 «ιιιειιιιιιειυ
848 714 1177 781 provinciam
1210 714 1512 775 convenire,
1535 731 1645 784 quo
1674 716 2118 782 metropolitanns

556 804 780 855 antistes
809 802 1134 870 probaverit,
1180 811 1233 853 et
1285 803 1581 871 corrigere,
1619 804 1666 857 si
1710 819 1831 872 qua:
1866 804 2117 858 fortassis

556 892 897 945 emersi-rint.

629 982 775 1034 l’atet
801 997 928 1045 ergo
954 978 1097 1047 quod
1127 980 1447 1035 authentics'
1475 980 1784 1033 sanctiones
1811 981 1971 1033 etiam
1994 995 2110 1048 pro.

558 1074 804 1125 tittt'iatlizt
834 1072 1059 1124 concilia
1115 1073 1228 1123 Ιίιϊί
1259 1071 1593 1139 prtet'ipittttt,
1646 1072 1791 1139 quod
1844 1071 2116 1124 incassum

559 1162 924 1230 pt‘a't'ipz'l'eltl.
958 1160 1058 1212 nisi
1082 1169 1128 1211 et
1160 1176 1258 1210 nos
1288 1160 1971 1212 eorumdemconciliorum
1995 1175 2119 1227 pro-

560 1252 696 1303 labi]
721 1271 760 1301 ιδ
796 1250 1092 1302 s-nteutias
1124 1247 1416 1301 observare
1459 1249 1828 1302 decertn-rent.
1868 1247 2022 1301 [nde
2066 1258 2120 1302 et

561 1339 611 1390 ia
645 1341 800 1392 ιιιιιίη
831 1339 1091 1391 'l'oletauo
1122 1336 1355 1389 concilio
1379 1338 1673 1392 universali
1702 1338 1976 1391 decretura
2001 1349 2115 1392 est:

564 1449 580 1478 ι
618 1432 717 1495 Qui
749 1430 975 1481 com-ilia
1001 1428 1427 1482 orthmlovorum
1449 1429 1847 1497 episcoporum,
1881 1442 2120 1481 consona

559 1518 915 1571 sanctissimis
938 1528 1172 1586 quatuor
1201 1518 1448 1573 conciliis
1470 1534 1576 1570 non
1603 1519 1809 1587 recipit,
1835 1520 2120 1571 anathema

558 1609 647 1658 sit.
689 1629 702 1646 ο
741 1608 1060 1675 Quicunque
1100 1608 1261 1674 igitur
1289 1607 1371 1658 vel
1405 1607 1597 1659 horum
1636 1607 1992 1659 conciliorum
2032 1619 2121 1659 γει-ο

559 1696 902 1749 ιὶιιιιςιιιίιὶιηιδ
926 1699 1141 1750 statutis
1173 1696 1389 1747 obviare
1427 1705 1674 1757 conatur,
1704 1695 1865 1747 etiam
1898 1710 1927 1747 a
1959 1710 2120 1762 supe-

562 1786 794 1838 riui-ibus
818 1787 1143 1839 autlu-uticis
1168 1785 1538 1837 saxn'tioniluis
1561 1784 1612 1835 in
1642 1783 1937 1851 periculqu
1964 1798 2119 1835 suum

555 1875 842 1928 dissentire
885 1876 1162 1944 proliatnr.
1222 1874 1417 1927 Beatus
1466 1888 1683 1941 quoque
1740 1871 2010 1933 lsidorus,
2063 1871 2115 1923 in

558 1968 790 2033 quadam
828 1983 924 2019 sua
963 1966 1275 2034 pra-latione
1317 1965 1381 2016 de
1420 1964 1720 2017 rationibus
1750 1963 1923 2029 capite
1952 1961 2120 2014 n'nde-

560 2058 733 2119 cimo,
768 2057 1036 2124 pra-dictis
1072 2056 1370 2107 rationibus
1395 2055 1717 2122 astipulatur
1765 2053 1864 2105 hoc
1906 2050 2067 2104 modo
2105 2069 2117 2102 :

565 2164 582 2193 ι
622 2144 788 2199 Nosse
815 2146 976 2199 etiam
1004 2155 1231 2214 ttpttt‘lt‘l,
1260 2146 1385 2197 licet
1408 2154 1598 2196 cetera
1624 2157 1726 2194 non
1760 2140 2120 2202 inlirtnantur,

559 2246 791 2303 quatuor
824 2252 941 2286 esse
967 2235 1281 2302 principalia
1307 2234 1555 2285 concilia.
1596 2252 1614 2282 ι
1666 2231 1761 2283 llis
1786 2241 1963 2283 autem
1987 2243 2121 2282 enu-

562 2326 781 2379 meratis
812 2325 1079 2377 διιιιίιιῐιινι
1124 2324 1176 2376 in
1207 2323 1393 2377 eodem
1425 2322 1597 2390 capite
1626 2341 1637 2374 :
1674 2340 1690 2370 ι
1730 2321 1832 2373 Sed
1870 2319 1987 2373 etsi
2012 2334 2119 2387 qua

560 2422 685 2466 sunt
719 2413 981 2471 concilia.
1018 2428 1139 2482 qua:
1180 2412 1349 2466 sancti
1392 2409 1579 2464 Patres
1618 2409 1809 2477 spiritu
1846 2406 1939 2459 Dei
1980 2405 2120 2474 pleni

559 2512 873 2564 Saiixerunt,
912 2513 1030 2571 post
1072 2504 1299 2556 istorum
1327 2510 1562 2568 quatuor
1590 2497 1964 2551 auctoritatem
2005 2509 2123 2547 om-

562 2596 707 2649 nium
732 2606 946 2649 manent
976 2595 1207 2648 stabilita
1232 2593 1464 2664 vigore.»
1487 2590 1767 2655 llsmont‘s,
1790 2590 1924 2643 libro
1943 2587 2122 2657 Origi-

561 2700 681 2735 num
709 2700 780 2747 vt,
806 2699 923 2752 cap.
958 2684 1065 2749 lii.)

628 2775 719 2827 Est
748 2792 874 2843 ergo
923 2774 1143 2841 dignum
1192 2781 1250 2824 ut
1307 2782 1358 2823 et
1413 2769 1725 2837 hnjusmodi
1765 2767 2120 2821 conciliorum

558 2866 776 2918 statutis
804 2864 1225 2931 obletnperclttr.
1258 2862 1313 2914 Si
1358 2861 1502 2914 enim
1537 2875 1642 2913 non
1680 2874 1856 2927 parvae.
1886 2857 2124 2912 stultitia:

558 2964 790 3015 constat,
820 2956 865 3007 si
902 2954 1025 3022 quis
1046 2951 1332 3020 cujuslibet
1356 2950 1516 3004 unius
1553 2948 1788 3002 hominis
1820 2963 1955 3002 sano
1991 2962 2123 3002 con-

558 3043 680 3101 silio
706 3045 1047 3113 acquiescere
1069 3043 1351 3107 detrectat,
1385 3050 1590 3110 quanto
1624 3038 1795 3109 magis
1829 3037 2121 3107 reprelien-

560 3137 715 3188 siliile
738 3136 970 3197 videtur,
1008 3134 1052 3186 si
1081 3133 1205 3201 quis
1234 3132 1570 3199 impudenter
1599 3130 1804 3184 resistit
1838 3128 2120 3195 hujusmo—
2149 3160 2191 3214 ϐ

558 3226 611 3281 di
643 3225 997 3287 conciliorum
1022 3222 1238 3275 statutis
1269 3236 1375 3274 non
1415 3222 1596 3284 unius,
1641 3220 1734 3275 sed
1766 3218 2122 3288 plurimorum

557 3315 884 3383 sapientium
915 3314 1236 3368 auctoritate
1265 3322 1317 3365 ct
1334 3312 1541 3381 judicio
1566 3310 1790 3379 prolatis
1815 3319 1975 3378 atque
1997 3323 2123 3376 pro-

560 3403 719 3455 batis.
756 3400 955 3469 Nempe
985 3400 1293 3467 httjnsntodi
1355 3399 1601 3451 conciliis
1646 3398 1826 3464 plures
1872 3395 2123 3449 catholici

559 3502 610 3545 ct
647 3492 829 3545 eximii
862 3491 1111 3545 doctores
1142 3489 1453 3543 interfuisse
1493 3488 1763 3556 leguntur,
1791 3496 1847 3539 ut
1895 3486 1947 3539 in
1977 3484 2124 3537 Afri-

558 3584 712 3638 canis
766 3582 1010 3635 conciliis
1052 3581 1210 3649 legati
1259 3579 1403 3632 sedis
1449 3578 1759 3646 apostolicae
1799 3575 2121 3637 Faustinus,

560 3672 886 3735 Honoratus,
924 3668 1172 3724 Urbanus
1193 3667 1453 3738 episeOpi,
1503 3675 1722 3719 sanctus
1764 3665 1925 3719 etiam
1951 3663 2123 3716 Aure-

562 3763 667 3814 lias
688 3761 834 3828 (tltll)
862 3760 1304 3828 Carthaginiensis
1332 3755 1789 3825 archiepiscopus.
1831 3753 1982 3819 Item,
2012 3755 2125 3823 ipse

560 3855 643 3906 vir
670 3853 913 3906 omnium
951 3851 1207 3905 virtutum
1234 3847 1578 3916 Augustinus
1621 3845 2124 3924 Ilipponeregiensis

559 3946 867 4013 episcopus,
885 3959 1047 4013 quem
1076 3951 1297 3997 sanctus
1321 3938 1646 3993 leestinus
1674 3938 1755 3990 vir
1795 3938 2125 4006 apostolicus

562 4037 616 4089 in
673 4036 904 4089 decretis
950 4034 1061 4087 suis
1124 4039 1224 4099 (cp.
1270 4033 1323 4098 8)
1389 4030 1460 4083 ita
1520 4029 1675 4083 nobis
1729 4028 2119 4083 commendat:

562 4125 944 4196 Augustinum,
983 4124 1152 4192 inquit
1180 4163 1194 4186 ,
1260 4130 1461 4174 sanctae
1502 4119 1887 4173 recordationis
1924 4120 2119 4182 virum,

562 4232 660 4285 pro
705 4216 809 4268 vita
867 4230 965 4267 sua
1027 4224 1189 4281 atque
1242 4225 1344 4264 IIICI
1362 4208 1450 4265 itis
1514 4208 1566 4262 in
1620 4219 1804 4263 nostra
1878 4224 2123 4263 commu-

564 4307 726 4359 nione
792 4319 1004 4372 semper
1069 4301 1387 4361 habuimus;
1450 4314 1547 4353 nec
1581 4314 1820 4369 unquam
1875 4299 2018 4353 hunc
2048 4299 2123 4353 si-

567 4401 750 4451 nistra:
812 4392 1140 4462 suspici-mis
1200 4391 1389 4445 saltem
1455 4406 1642 4444 rumor
1679 4392 1907 4459 aspersit
1958 4406 2119 4460 quem

2217 626 2293 679 sic
2325 621 2841 682 sanctus.(hesarins
2899 628 3212 698 Agathe-nsi,
3264 639 3486 685 sanctus
3543 626 3791 683 Hilarius

2217 714 2583 781 Arausicensi,
2620 727 2840 771 sanctus
2871 718 3096 772 .\lbinus
3125 719 3521 783 .iureliancnsi,
3554 727 3789 773 sanctus

2219 805 2528 861 Bonifacius
2561 807 2916 878 Mogonticnsi
2971 801 3224 871 concilio,
3263 809 3344 863 sic
3395 818 3450 862 et
3500 810 3593 862 alii
3653 809 3788 863 aliis

2219 899 2469 951 colu-iliis
2502 913 2611 952 non
2643 899 2762 962 soli,
2810 898 2901 952 sed
2937 914 3062 952 cum
3108 900 3355 967 pluribus
3396 898 3519 953 aliis
3574 899 3790 953 sanctis

2218 985 2465 1041 l’attihus
2489 987 2798 1042 interfuisse
2832 989 3085 1058 leguntur
3129 990 3297 1058 quiin
3345 988 3655 1043 Christiana
3690 1005 3787 1043 rc-

2220 1077 2414 1151 ligione
2443 1089 2491 1131 et
2516 1080 2760 1132 doctrina
2803 1089 2913 1132 tam
2955 1080 3195 1149 insignes
3236 1075 3401 1133 fuisse
3443 1081 3786 1142 creduntur,

2222 1178 2275 1222 ut
2304 1170 2383 1221 vel
2406 1170 2567 1221 tutius
2587 1185 2775 1223 eorum
2800 1169 3061 1239 singulari
3083 1169 3288 1237 judicio
3308 1170 3527 1224 obviare
3547 1170 3785 1223 nimium

2220 1270 2361 1313 esset
2384 1260 2748 1313 temerarium.
2776 1258 2914 1328 Ergo
2947 1260 3239 1313 multorum
3267 1260 3590 1328 sapientium
3631 1260 3788 1329 judi-

2221 1351 2428 1404 cionon
2476 1335 2841 1418 acquiescdre,
2879 1350 3048 1402 niulto
3075 1350 3247 1418 magis
3279 1358 3361 1402 est
3421 1330 3785 1410 intolerabile,

2223 1437 2274 1488 in
2302 1431 2393 1490 his
2408 1437 2939 1506 duutaxateapitnlis
2981 1452 3101 1505 quae
3136 1437 3405 1505 pnedictis
3449 1437 3787 1491 authenticis

2222 1524 2438 1577 statutis
2476 1541 2524 1576 ιιι
2550 1540 2582 1577 ιι
2620 1525 2993 1587 adversantur,
3047 1523 3139 1577 sed
3171 1523 3492 1577 institutioni
3521 1522 3791 1576 Christia-

2223 1630 2303 1667 na:
2335 1614 2612 1682 religionis
2633 1612 2819 1682 procul
2843 1614 3008 1667 dubio
3032 1612 3413 1681 sull‘ragantnr.
3453 1610 3787 1680 Nam,jnxta

2222 1704 2362 1757 heati
2422 1706 2705 1773 Augustini
2751 1705 3013 1772 judicium
3056 1723 3072 1752 ι
3134 1719 3235 1777 pro
3296 1701 3497 1756 nullius
3534 1717 3790 1770 personae

2224 1794 2520 1847 reverentia
2577 1803 2660 1846 est
2693 1792 3080 1861 recipiendum,
3125 1792 3169 1845 si
3206 1791 3335 1859 quid
3372 1792 3645 1845 canonica:
3684 1805 3787 1843 ve-

2222 1883 2366 1936 ritati
2405 1883 2457 1934 in
2520 1882 2702 1952 aliquo
2733 1883 2968 1938 concilio
3012 1882 3093 1933 vel
3138 1880 3336 1934 alicubi
3389 1882 3655 1949 reperitur
3681 1881 3788 1933 ad-

2226 1989 2466 2043 versum.
2520 1990 2537 2022 ι

2291 2062 2551 2116 l‘rzeterea
2588 2071 2772 2115 sancta
2799 2071 2849 2114 et
2874 2058 3177 2113 veneranda
3205 2057 3444 2128 synodus
3484 2056 3792 2119 Chalcedo-

2221 2154 2404 2205 nensis
2424 2152 2584 2203 etiam
2625 2149 2970 2218 provincialia
2997 2147 3224 2201 concilia
3248 2156 3371 2200 ante
3398 2146 3572 2215 ipsum
3599 2155 3790 2199 trans-

2221 2251 2337 2295 acta
2390 2223 2743 2295 cauonizasse
2771 2255 2876 2292 non
2897 2239 3193 2301 dubitatur,
3244 2237 3316 2290 ita
3360 2237 3658 2291 decernens
3693 2253 3794 2289 ca-

2222 2331 2327 2399 pile
2343 2331 2554 2399 primo:
2590 2348 2608 2380 ι
2655 2328 2889 2398 Regulas
2920 2338 3235 2382 sanctorum
3284 2326 3506 2381 Patrum
3550 2341 3647 2395 per
3675 2328 3794 2380 sin-

2221 2422 2344 2489 gula
2407 2436 2550 2476 nunc
2610 2436 2782 2490 usque
2841 2418 3066 2474 concilia
3115 2417 3461 2482 constitutas,
3502 2418 3791 2486 proprium

2221 2510 2387 2563 robur
2443 2509 2643 2563 habere
2701 2508 3061 2562 decrevimus.
3096 2527 3115 2558 ι
3157 2506 3281 2561 llaec
3330 2515 3512 2561 autem
3552 2506 3792 2560 concilia

2221 2606 2345 2651 ante
2377 2596 2554 2665 ipsum
2600 2596 3043 2651 Chalcedonense
3087 2596 3338 2665 leguntur
3364 2595 3571 2650 fuisse:
3607 2597 3793 2667 Ancy-

2220 2702 2435 2750 rauum,
2463 2684 2928 2750 Neocaesareense,
2953 2666 3075 2754 quae
3100 2694 3156 2739 et
3178 2683 3397 2739 Memno
3426 2684 3659 2739 concilio
3678 2666 3790 2739 an-

2221 2777 2456 2845 tiquiora
2513 2776 2815 2830 traduntur.
2857 2775 3010 2842 Item,
3052 2775 3385 2846 Gangrense,
3437 2773 3789 2841 Sardieense,

2221 2866 2637 2928 Atttimhcnum,
2662 2850 3007 2919 Laodicense.
3050 2863 3192 2932 Ergo
3214 2865 3403 2920 eadem
3429 2875 3487 2920 et
3531 2865 3586 2920 in
3610 2864 3784 2919 Chal-

2223 2953 2510 3008 cedonensi
2549 2954 2755 3023 synodo
2804 2969 2910 3008 non
2965 2954 3284 3009 dubitantur
3332 2969 3456 3009 esse
3493 2956 3788 3020 roborata;

2222 3061 2360 3115 qme,
2386 3046 2547 3099 etiam
2578 3059 2700 3098 cum
2731 3043 3003 3100 Africanis
3039 3045 3340 3100 canouibus
3368 3045 3563 3099 beatus
3589 3045 3793 3099 Adria-

2224 3149 2326 3186 nus
2349 3148 2485 3201 papa
2531 3132 2727 3186 Carolo
2765 3133 3076 3201 imperatori
3130 3134 3278 3203 (992)
3305 3133 3372 3187 ad
3417 3131 3794 3202 disponendas

2227 3219 2498 3275 Eeelcsias
2556 3220 2610 3273 in
2651 3235 2821 3289 regno
2855 3235 2955 3275 suo
3010 3219 3197 3274 Romae
3241 3220 3528 3274 tradidisse
3566 3221 3790 3291 legitur.

2225 3310 2561 3379 Quapropter
2590 3325 2687 3363 nec
2712 3309 3124 3379 provincialium
3149 3308 3502 3364 conciliorum
3521 3317 3725 3364 statuta
3759 3327 3794 3363 τι

2225 3400 2464 3467 quolibet
2502 3405 2702 3453 temere
2734 3409 2863 3453 sunt
2891 3399 3213 3468 respuenda,
3254 3414 3375 3469 qua:
3406 3408 3462 3453 et
3491 3399 3796 3468 apostolica

2226 3496 2382 3550 sedes
2403 3496 2614 3556 censuit
2647 3493 2974 3563 recipienda.
3005 3491 3299 3562 Ilucusque
3328 3492 3559 3548 suﬁiciat
3582 3493 3795 3546 dixisse

2224 3587 2290 3640 de
2315 3601 2595 3640 sacrorum
2631 3599 2901 3639 canonum
2928 3580 3451 3639 auctoritate.'1\'unc
3498 3582 3568 3637 ad
3586 3596 3797 3651 propo-

2225 3674 2388 3728 situm
2418 3673 2721 3738 redeamus,
2747 3683 2802 3727 et
2814 3681 3037 3738 statuta,
3065 3688 3187 3743 quae
3235 3679 3421 3727 noster
3453 3671 3797 3740 apostolicus

2228 3762 2279 3815 in
2301 3762 2564 3831 superiori
2586 3763 2814 3831 epistola
2850 3760 3054 3817 Othoni
3088 3759 3494 3815 Constantiensi
3527 3760 3795 3829 episcopo

2224 3852 2537 3917 cautissime
2557 3851 2829 3919 descripta
2877 3849 3199 3913 transmisit,
3232 3863 3329 3918 per
3361 3847 3607 3902 ordinem
3634 3847 3798 3917 dige—

2226 3953 2429 3992 ramus.
3047 3983 3050 3987 .

2293 4028 2421 4083 Car.
2452 4026 2514 4081 Υ.
2556 4025 2759 4083 Horum
2789 4025 2921 4081 illud
2954 4036 3075 4081 erat
3093 4024 3362 4096 primum:
3397 4041 3417 4075 ι
3463 4021 3536 4077 Ut
3561 4021 3747 4077 clerici
3774 4062 3793 4087 ,

2224 4119 2459 4188 aliquem
2521 4132 2805 4173 sacrorum
2859 4116 3113 4171 ordinum
3158 4114 3386 4186 gradum
3411 4113 3496 4167 vel
3547 4110 3795 4165 oﬁcium

2225 4226 2320 4278 per
2351 4209 2586 4278 pretium
2619 4207 2819 4277 adepti,
2868 4206 3182 4260 nullatenus
3228 4204 3486 4272 deinceps
3509 4200 3567 4255 in
3597 4199 3798 4257 Eccle-

2225 4298 2306 4364 sia
2336 4292 2669 4351 ministrent.
2718 4315 2737 4346 ι

2296 4386 2648 4441 Secundum:
2696 4404 2714 4436 ι
2750 4382 2820 4439 Ut
2859 4382 3145 4439 ecclesiam
3196 4380 3370 4451 pretio
3420 4378 3748 4449 acquisitam
3774 4418 3793 4442 ,

564 4498 724 4542 tantm
774 4484 1013 4540 scientia:
1051 4484 1178 4536 olim
1212 4481 1380 4535 fuisse
1429 4481 1817 4545 meminimus,
1887 4490 1946 4535 ut
1985 4483 2124 4536 inter
2154 4480 2405 4547 Dnullns
2455 4478 2729 4542 retineat;
2785 4491 2886 4530 nec
2960 4462 3123 4529 alicui
3180 4473 3435 4542 deinceps
3496 4467 3794 4526 ecclesiam

564 4580 852 4649 magistros
887 4578 1122 4647 optinms
1159 4575 1320 4629 etiam
1361 4586 1486 4630 ante
1534 4592 1564 4629 a
1590 4577 1724 4630 meis
1755 4575 2119 4645 praedecesso-

563 4670 715 4721 rilius
780 4668 1087 4720 haheretur.
1135 4665 1276 4719 Bene
1299 4680 1427 4736 ergo
1462 4666 1529 4720 de.
1558 4680 1624 4719 eo
1663 4681 1853 4720 onmes
1895 4665 1947 4719 in
1969 4680 2120 4720 com-

567 4776 726 4813 mune
795 4766 1119 4821 senserunt,
1189 4765 1370 4825 utpote
1404 4756 1517 4826 qui
1566 4755 1763 4825 ubique
1809 4757 2018 4811 cunctis
2069 4766 2124 4811 et

567 4851 739 4903 amori
801 4850 960 4902 fuerit
997 4858 1049 4901 ct
1080 4846 1289 4900 honori.
1334 4868 1350 4894 ι
1401 4846 1538 4902 lluic
1585 4846 1747 4901 etiam
1777 4844 2117 4916 Augustino,

568 4952 624 4994 ut
678 4942 811 4995 liber
851 4940 1078 4992 Liberali
1134 4947 1363 4992 testatur
1407 4937 1742 4992 Theodosius
1807 4938 2121 5007 imperator,

570 5048 661 5100 per
708 5052 726 5081 ‹
765 5045 974 5086 sacram
1016 5047 1032 5077 ι
1096 5043 1250 5081 suam
1292 5028 1585 5093 mandavit,
1636 5037 1698 5081 ut
1744 5043 1804 5081 se
1848 5027 2122 5097 Ephesiae

568 5121 799 5177 coticilio
824 5127 1189 5189 prmsentaret.
1229 5117 1334 5172 Sed
1358 5120 1495 5173 eheu
1523 5121 1537 5172 l
1573 5128 1683 5173 tam
1715 5118 1963 5188 egregius
1992 5121 2121 5175 doc-

570 5224 653 5266 tor
678 5222 801 5267 ante
833 5212 1033 5266 innndo
1054 5212 1363 5265 subtractus
1382 5218 1664 5278 est,quam
1689 5210 1757 5263 ad
1789 5208 1937 5264 illum
1985 5209 2122 5263 invi-

572 5309 765 5357 tatoria
796 5302 1025 5357 Romani
1058 5300 1318 5369 principis
1339 5300 1565 5369 cpistola
1594 5300 1942 5368 pervenisset.

642 5392 707 5446 lli
733 5408 880 5462 ergo,
910 5408 1048 5461 quos
1078 5390 1320 5462 praedixi,
1343 5403 1395 5445 et
1434 5390 1523 5444 alii
1552 5390 1969 5443 innumerabiles
1991 5403 2120 5442 san-

573 5485 643 5538 cti
672 5483 855 5537 Patres
901 5482 1171 5536 Africanis
1217 5480 1461 5534 com-iliis
1493 5479 1801 5542 interfuere,
1852 5480 1962 5534 imo
1988 5494 2125 5548 pne-

574 5573 741 5627 fuere.
771 5573 858 5628 Sic
884 5574 1046 5625 ctiam
1068 5581 1289 5637 sanctus
1312 5570 1552 5624 Marinus
1573 5572 1867 5626 Arelatensi
1896 5558 2124 5623 concilio

647 5687 791 5742 t‘lflll
826 5684 880 5738 Ιιι
914 5684 975 5737 (ἶ.
1002 5684 1064 5737 Β.
1097 5685 1448 5737 desideratur.
1536 5678 1541 5682 ’

2223 4569 2454 4622 vendere
2482 4570 2566 4622 vel
2593 4581 2774 4621 emere
2800 4566 2977 4620 liceat.
3026 4583 3043 4615 ι

2303 4658 2579 4712 Tertium:
2624 4676 2643 4707 ι
2692 4654 2762 4709 Ut
2790 4671 2820 4709 a
2844 4655 3078 4710 clericali
3104 4652 3280 4708 ollicio
3309 4657 3524 4706 cessent
3548 4648 3792 4720 quicun-

2221 4761 2327 4817 que
2389 4761 2450 4801 se
2507 4761 2607 4816 pro
2675 4743 3067 4800 incontinentia
3127 4740 3577 4812 reprehensibiles
3625 4739 3793 4794 exhi-

2227 4836 2377 4890 bent.
2426 4854 2445 4885 ι
3251 4848 3255 4851 τ

2291 4932 2590 4998 Quartum:
2639 4950 2658 4981 ι
2696 4928 2761 4985 Ut
2794 4930 3024 5000 populus
3065 4926 3401 5006 clericorum.
3432 4924 3607 4981 oﬂicia
3661 4925 3767 4980 nul

2222 5022 2435 5076 latenus
2493 5021 2759 5091 recipiat,
2835 5035 2975 5091 quos
3033 5017 3361 5087 apo'stolicas
3412 5016 3794 5072 institutiones

2220 5119 2566 5166 contemnere
2630 5111 2828 5164 videat.
2877 5129 2896 5160 ι
2970 5107 3269 5162 Curramus
3322 5105 3491 5176 igitur
3524 5119 3625 5173 per
3669 5103 3793 5157 sin-

2223 5203 2367 5271 gula,
2398 5211 2452 5255 et
2472 5201 2658 5256 Eadem
2690 5215 2855 5270 quam
2878 5197 3208 5261 authentiea,
3240 5209 3404 5264 quam
3436 5193 3791 5262 attendenda,

2224 5291 2336 5344 imo
2358 5307 2523 5360 quam
2549 5289 2879 5345 inevitabilia
2902 5288 3031 5352 sint,
3054 5300 3164 5341 non
3181 5299 3247 5338 ex
3272 5282 3479 5338 nostris
3500 5284 3792 5353 conjectu-

2229 5380 2326 5441 ris,
2374 5380 2466 5433 sed
2518 5394 2583 5432 ex
2624 5384 2944 5455 sanctorum
2998 5375 3220 5431 Patrum
3255 5372 3484 5429 statutis
3525 5386 3795 5442 conpen—

2227 5471 2375 5524 diose
2392 5478 2776 5523 monstremus.
3696 5481 3705 5489 '

2296 5572 2423 5625 CAP.
2466 5571 2550 5623 Vl.
2593 5563 2834 5623 Primum
2891 5568 3071 5635 itaque
3100 5572 3361 5620 statutum
3391 5564 3447 5618 in
3489 5561 3796 5636 Chalcedo-

647 5755 792 5820 μυξη)
831 5755 1014 5811 Exstat
1052 5757 1161 5808 ha-c
1193 5780 1205 5800 ο
1225 5756 1423 5821 pit-une
1479 5766 1744 5825 canonum
1777 5753 1845 5805 ali
1882 5750 2117 5806 Adriano
2147 5750 2388 5804 confecta
2423 5759 2475 5803 et
2507 5749 2702 5802 Carolo
2725 5746 2915 5817 Magno
2952 5741 3161 5801 tradita.

3436 6288 3499 6301 -ι
3508 6268 3599 6301 ι-¹

3836 5734 3956 6368 J
