3956 6386
1075 404 1357 472 arma.
1399 420 1484 474 ιιι.
1525 453 1591 462 -
1631 422 2056 486 nominemus
2092 397 2547 499 οηεὰοιιιΑΝΑ.

202 523 354 578 nensi
377 523 613 578 concilio
629 524 943 593 plenissime
963 529 1432 586 etcvidentissime
1473 535 1756 603 reperitur,
1788 538 1831 592 Α
1859 545 2169 610 praedictum
2191 563 2350 621 caput
2383 562 2505 610 cum
2539 557 2668 626 ipsis
2688 561 3018 628 emptoribus
3045 556 3411 634 degradandos
3499 535 3502 538 i

208 628 301 634 ,___-
326 614 339 634 .
369 630 538 634 ______
574 630 628 634 η
669 626 788 634 μμ,
818 632 892 634 ,_,
1050 619 1080 634 ..
1145 621 1155 632 .

199 614 342 683 quod
369 630 543 668 unum
567 630 634 670 ex
663 626 898 684 quatuor
923 619 1189 686 praedictis
1229 623 1473 678 conciliis
1521 635 1760 694 tempore

197 703 441 772 quidem,
476 721 586 760 non
607 705 864 776 dignitate
893 709 1162 776 ultimum,
1186 712 1354 766 sancti
1376 711 1561 768 Patres
1596 714 1758 771 Leoni

200 795 447 864 Augusto
507 811 678 865 usque
727 797 795 851 ad
843 800 1159 868 sanguinem
1206 801 1582 858 vindicandum
1638 811 1759 861 esse

201 886 552 951 mandarunt,
587 896 645 941 ut
678 887 961 943 Liberatus
999 891 1055 944 in
1084 892 1223 946 libro
1254 909 1353 948 suo
1406 904 1651 950 testatur.
1700 896 1756 951 In

201 977 335 1042 ipso,
393 977 642 1046 inquam,
692 979 923 1033 concilio
970 981 1230 1050 scriptum
1265 993 1346 1038 est
1389 987 1565 1054 capite
1602 989 1763 1044 tertio

199 1063 383 1132 (993'):
425 1085 444 1116 ι
491 1064 547 1118 Si
577 1066 700 1135 quis
747 1067 1031 1138 episcopus
1073 1087 1169 1142 per
1207 1074 1489 1143 pecuniam
1538 1077 1756 1131 'ordina-

197 1155 400 1209 tionem
450 1155 684 1222 fecerit,
750 1167 804 1212 et
844 1161 947 1214 sub
982 1163 1158 1230 pretio
1202 1166 1465 1240 redegerit
1529 1170 1757 1238 gratiam

196 1259 318 1311 quae
357 1247 519 1300 vendi
571 1263 679 1303 non
731 1259 926 1320 potest,
971 1253 1408 1327 ordinaveritque
1456 1272 1553 1326 per
1593 1273 1758 1327 pecu-

195 1334 342 1389 niam
415 1337 730 1408 episcopum
750 1381 765 1406 ,
827 1336 1267 1414 chorepiscopum
1303 1389 1318 1412 ,
1387 1349 1756 1420 presbyterum
1810 1363 1816 1370 '

195 1435 289 1480 aut
344 1427 683 1496 diaconum,
732 1427 815 1488 vel
862 1437 1153 1505 quemlibet
1173 1438 1239 1493 de
1295 1441 1380 1495 his
1417 1443 1509 1510 qui
1559 1455 1760 1496 connu-

196 1530 483 1574 merantur
548 1522 602 1575 in
669 1525 834 1590 clero,
885 1537 978 1581 aut
1034 1533 1361 1596 promoverit
1381 1548 1476 1601 per
1502 1534 1756 1602 pecunias

195 1606 280 1677 [C.
342 1610 413 1664 li.
472 1614 751 1686 pecunias]
785 1616 1231 1688 dispensatorem,
1266 1632 1358 1677 aut
1379 1624 1712 1680 defensorem
1737 1668 1752 1692 ,

194 1700 276 1752 vel
346 1704 780 1759 mansionarium
811 1749 825 1772 ,
877 1710 960 1763 vel
1004 1726 1328 1782 quemquam
1373 1717 1614 1782 omnino,
1660 1719 1752 1786 qui

194 1791 480 1859 subjectus
535 1805 619 1849 est
677 1800 912 1868 regulaa,
978 1817 1077 1871 pro
1138 1805 1220 1858 sui
1270 1806 1562 1875 turpissimi
1617 1809 1751 1865 lucri
1784 1802 1825 1875 ,ξ

193 1886 505 1952 commodo,
569 1889 615 1941 is
662 1867 759 1958 qui
805 1891 908 1946 hoc
944 1867 1237 1950 attentasse
1283 1867 1540 1965 probatus
1593 1899 1754 1955 fuerit
1784 1867 1826 1920 Β

195 1975 405 2043 proprii
478 1978 678 2046 gradus
721 1981 958 2048 periculo
1013 1983 1329 2052 suhjacebit,
1375 1994 1446 2050 et,
1487 1987 1578 2056 qui
1607 1991 1752 2043 ordi-

194 2073 355 2119 natns
419 2077 540 2132 est,
607 2068 742 2122 nihil
785 2085 850 2125 ex
903 2072 1004 2128 hac
1055 2071 1389 2130 Ordinatione
1434 2078 1752 2147 velpromo-

192 2156 337 2210 tione
404 2172 530 2226 qua:
591 2168 670 2213 est
709 2174 804 2229 per
843 2163 1258 2233 negotiationem
1303 2166 1441 2222 facta
1477 2170 1749 2238 proﬁciat;

191 2247 284 2301 sed
317 2249 391 2302 sit
416 2249 631 2306 alienus
684 2267 715 2306 a
773 2253 1030 2325 dignitate
1065 2258 1149 2312 vel
1207 2260 1569 2316 sollicitudine
1590 2279 1750 2332 quam

193 2340 444 2405 pecuniis
503 2343 772 2410 quaesivit.
854 2344 907 2398 Si
969 2347 1092 2416 quis
1159 2364 1287 2402 vero
1338 2353 1600 2406 mediator
1643 2363 1752 2407 tam

199 2430 455 2498 turpibus
507 2443 561 2488 et
597 2433 841 2490 nefandis
879 2437 1018 2493 datis
1067 2425 1150 2502 vel
1197 2442 1428 2510 acceptis
1457 2445 1748 2509 exstiterit,

194 2519 237 2573 si
268 2521 493 2589 quidem
551 2525 781 2580 clericus
833 2526 1012 2592 fuerit,
1076 2531 1294 2599 proprio
1317 2534 1480 2602 gradu
1524 2535 1748 2589 decidat.

196 2607 250 2662 Si
291 2627 425 2666 vero
449 2614 622 2669 laicus
663 2625 756 2670 aut
791 2621 1110 2685 monachus,
1145 2625 1643 2681 anathematizetur.
1692 2647 1710 2677 ›

261 2702 330 2756 Et
350 2706 653 2761 notandum
681 2723 844 2777 quam
868 2720 1023 2764 caute
1045 2712 1188 2768 istud
1219 2716 1512 2783 capitulum
1565 2732 1752 2772 omnes

195 2788 633 2848 Simoniacorum
686 2796 913 2851 astutias
995 2799 1275 2865 excludat;
1331 2817 1453 2856 cum
1515 2805 1761 2873 quolibet.

193 2883 355 2936 modo
375 2899 474 2951 per
495 2885 775 2952 pecuniam
798 2897 1095 2957 promotos,
1138 2891 1339 2960 absque
1379 2894 1524 2946 omni
1553 2910 1646 2962 spe
1671 2910 1754 2949 reo

194 2972 560 3042 cuperationis
584 2975 833 3043 deponat.
867 2975 1052 3032 Solent
1081 2980 1224 3033 enim
1269 2981 1557 3037 Simoniaei
1582 2983 1753 3038 diver-

195 3061 270 3116 sis
295 3063 493 3128 modis,
521 3063 615 3119 sed
652 3080 761 3118 uno
780 3075 931 3119 reatu
955 3083 1138 3122 sacras
1180 3070 1466 3138 dignitates
1502 3076 1747 3127 mercari.

1861 637 1941 690 vel
1970 641 2503 702 anathematizandos
2525 664 2644 703 esse
2672 651 2925 704 decrevit.
2958 652 3020 706 Et
3050 664 3194 720 nota,
3224 657 3270 710 si
3294 674 3378 712 me
3405 690 3411 696 -

1860 727 2036 783 diator
2054 730 2334 801 degradari
2371 737 2452 789 vel
2478 740 2918 798 anathematizari
2961 744 3408 814 meritojubetur,

1859 820 1988 888 quid
2017 821 2197 876 de‘illo
2225 839 2414 880 censes
2452 828 2544 895 qui
2574 844 2669 897 per
2701 831 2942 884 eamdem
2995 835 3406 902 negotiationem

1860 909 2075 979 indigne
2097 916 2478 980 promovetur?
2503 915 2614 971 Hoc
2637 920 2838 987 utique,
2869 922 3009 989 quod
3036 925 3408 979 sanctissimus

1862 1015 1997 1069 papa
2021 1001 2312 1073 Gregorius
2344 1005 2456 1075 (lib.
2491 1023 2584 1071 vn,
2612 1025 2690 1076 ep.
2723 1011 2864 1076 112),
2919 1013 3027 1064 imo
3049 1015 3191 1081 quod
3228 1030 3321 1085 per
3341 1016 3408 1068 il-

1862 1090 1973 1144 lum
2000 1090 2235 1161 Spiritus
2265 1105 2482 1150 sanctus
2516 1098 2581 1150 de
2631 1099 2940 1166 hujusmodi
2990 1103 3410 1172 negotiatoribus

1861 1181 2221 1237 indubitanter
2250 1185 2502 1250 decrevit,
2527 1187 2619 1255 qui
2644 1188 2695 1240 in
2731 1189 2970 1256 ejusdem
3013 1193 3290 1258 apostolici
3313 1209 3411 1248 au-

1858 1272 2105 1336 riculam,
2156 1274 2258 1328 sub
2312 1275 2618 1329 columbina
2673 1279 2870 1346 specie,
2924 1280 3172 1346 quaelibet
3220 1281 3407 1334 decer-

1860 1362 2032 1433 nenda
2061 1361 2263 1416 dictare
2285 1366 2582 1418 consuevit.
2611 1363 2810 1434 Nempe
2839 1367 3097 1435 scriptum
3124 1378 3208 1422 est
3236 1370 3290 1422 in
3313 1369 3408 1424 de-

1857 1452 2020 1507 cretis
2051 1453 2184 1517 suis,
2243 1469 2380 1522 cap.-
2410 1455 2502 1506 lli-l
2564 1453 2724 1522 (apud
2758 1454 2906 1509 Crat.
2948 1455 2997 1520 Ι,
3023 1473 3072 1525 q.
3114 1459 3164 1521 l,
3196 1475 3240 1511 c.
3271 1459 3358 1526 i3)
3390 1477 3402 1512 :

1863 1561 1881 1594 α
1923 1543 2242 1612 Quicunque
2259 1560 2387 1614 ergo
2425 1547 2546 1610 hoc,
2583 1545 2635 1598 id
2684 1554 2786 1610 est,
2841 1547 3265 1601 ecclesiasticum
3293 1549 3391 1602 olli-

1855 1632 2019 1696 cium,
2086 1635 2241 1702 pretii
2269 1636 2446 1689 studet
2476 1635 2687 1689 datione
2717 1635 2962 1698 mercari,
3001 1636 3128 1688 dum
3177 1653 3284 1690 non
3325 1638 3409 1691 of-

1857 1723 2034 1777 ficium
2063 1766 2078 1788 ,
2145 1726 2237 1779 sed
2267 1725 2460 1779 nomen
2512 1725 2764 1789 attendit,
2818 1725 3068 1778 sacerdos
3099 1741 3202 1778 non
3250 1741 3403 1792 esse,

1857 1814 1948 1868 sed
2003 1814 2110 1868 dici
2154 1817 2526 1869 tantummodo
2579 1816 2808 1869 inaniter
2858 1816 3208 1884 concupiscit.
3267 1835 3284 1866 ι
3342 1815 3407 1872 Et

1853 1905 2013 1973 paulo
2040 1904 2226 1974 postin
2249 1905 2438 1958 eodem
2477 1921 2594 1978 cap.
2647 1923 2665 1954 σ
2710 1905 2847 1957 Cum
2877 1905 3077 1973 liqueat
3131 1906 3270 1959 hanc
3299 1907 3408 1959 hae-

1851 1996 2012 2049 resim
2046 1998 2099 2048 in
2150 1994 2386 2048 Ecclesia
2428 2003 2551 2048 ante
2576 2009 2764 2047 omnes
2801 1994 2977 2047 radice
3003 1995 3250 2062 pestifera
3280 1996 3408 2048 sub-

1851 2086 2082 2155 rcpsisse
2113 2127 2128 2150 ,
2193 2086 2356 2154 atque
2405 2085 2458 2138 in
2536 2084 2651 2153 ipsa
2708 2100 2805 2137 sua
2857 2084 3065 2158 origine
3111 2085 3403 2152 apostolica

1850 2191 1968 2231 esse
1995 2177 2345 2230 detestatione
2374 2175 2704 2240 damnatam,
2763 2190 2858 2228 cur
2895 2189 2999 2226 non
3023 2183 3260 2239 cavetur,
3305 2191 3404 2228 cur

1851 2284 1958 2321 non
2009 2267 2352 2339 perpenditur
2409 2267 2534 2334 quia
2593 2264 2893 2320 benedictio
2929 2264 3003 2316 illi
3063 2265 3115 2316 in
3177 2265 3402 2317 maledi-

1850 2359 2080 2413 ctionem
2144 2355 2473 2410 convertitur
2504 2355 2596 2423 qui
2625 2355 2691 2407 ad
2721 2355 2842 2417 hoc,
2895 2363 2952 2406 ut
2981 2355 3071 2405 fiat
3101 2354 3406 2416 haereticus,

1851 2449 2224 2520 promovetur?
2268 2466 2285 2497 ι
2352 2444 2493 2511 Quid
2521 2459 2647 2514 ergo
2690 2445 2910 2508 mirum,
2964 2443 3008 2496 si
3066 2450 3248 2496 noster
3279 2457 3408 2510 apo-

1853 2541 2077 2594 stolicus
2103 2553 2194 2593 eos
2217 2545 2424 2596 tantum
2457 2534 2526 2588 ab
2558 2533 2944 2589 ecclesiasticis
2987 2531 3302 2586 ministeriis
3325 2546 3405 2586 se-

1853 2631 2077 2699 paravit,
2122 2643 2258 2696 quos
2303 2625 2686 2680 sanctissimus
2737 2625 2855 2692 ejus
2888 2623 3213 2693 aequivocus,
3261 2623 3409 2676 etab

1851 2721 2090 2774 Ecclesia
2121 2725 2397 2786 separatos
2452 2729 2572 2768 esse
2599 2730 2723 2768 cum
2765 2714 2989 2781 reliquis
3017 2712 3284 2766 haereticis
3309 2711 3406 2765 de-

1852 2811 2102 2882 putavit?
2959 2898 2965 2900 _
3016 2897 3023 2900 Δ
3077 2885 3091 2900 7_
3217 2898 3221 2900 ἢ
3340 2887 3403 2900 Α,

1923 2903 2052 2957 CAP.
2115 2898 2224 2952 Vll.
2287 2895 2596 2950 Secundum
2646 2906 2860 2962 quoque
2924 2897 3185 2945 statutum
3217 2895 3407 2942 nostri

1854 2991 2132 3063 apostolici
2164 2998 2245 3043 est
2271 2987 2413 3056 quod
2442 2985 2699 3039 ecclesias
2742 2983 3074 3051 emptoribus
3104 2980 3188 3052 [C.
3221 2979 3285 3033 Β.
3311 2995 3409 3033 ean

1855 3084 1998 3156 rum]
2029 3081 2190 3136 adimi
2245 3077 2512 3148 praecipit;
2567 3075 2712 3138 item,
2746 3075 2798 3126 in
2824 3073 3078 3142 praedicto
3115 3070 3410 3124 Chalcedo-

194 3150 416 3222 Nempe.
445 3169 588 3209 nunc
609 3153 730 3224 ἱρείν
771 3172 912 3211 ηυηο
946 3173 1043 3226 Ι)Γο
1071 3159 1200 3227 ἱρεῑε
1225 3176 1412 3215 eorum
1443 3163 1598 3216 δηιίοί
1623 3179 1739 3233 We“
1771 3201 1812 3255 ρ
1845 3150 2029 3240 nensis
2064 3169 2276 3228 concilii
2311 3165 2564 3235 capitulo,
2592 3164 2716 3217 licet
2757 3163 3006 3226 obscure,
3055 3160 3408 3255 comprehen-

197 3243 328 3296 tium
389 3259 489 3313 pro
539 3257 693 3299 sacra
741 3246 1016 3315 dignitate,
1069 3250 1148 3302 vel
1187 3258 1310 3304 ante
1355 3251 1744 3307 ordinationem

196 3347 350 3385 suam
382 3334 669 3398 dederunt,
707 3335 790 3388 vel
824 3335 876 3388 in
901 3337 1016 3404 ipsa
1042 3337 1192 3402 dant,
1221 3341 1304 3392 vel
1330 3343 1669 3408 postmodum
1691 3358 1748 3396 se

194 3419 422 3474 daturos
448 3422 784 3494 promittunt.
813 3421 876 3476 Et
899 3423 1001 3477 hoc
1028 3441 1169 3480 nunc
1193 3428 1515 3483 electoribus
1537 3444 1747 3505 eorum,

197 3524 339 3565 nunc
359 3525 552 3564 eorum
581 3513 980 3570 ordinatoribus
998 3555 1013 3580 ,
1037 3516 1116 3570 vel
1161 3517 1376 3571 demum
1424 3519 1751 3589 quibuslibet

194 3614 384 3654 eorum
431 3600 750 3658 fautoribus.
805 3612 810 3616 ”

264 3689 589 3758 Quicunque
617 3691 779 3761 igitur
806 3693 987 3761 aliquo
1010 3693 1202 3748 horum
1240 3697 1520 3752 modorum
1557 3715 1748 3768 quem-

197 3779 320 3833 libet
350 3780 704 3848 promoverit,
739 3781 822 3835 vel
859 3772 928 3836 se.
958 3783 1132 3852 ipsum
1185 3784 1256 3838 ita
1286 3775 1590 3854 promotum
1631 3804 1750 3844 esse

196 3870 531 3939 cognoverit,
561 3870 927 3926 indubitanter
962 3889 990 3926 a
1017 3875 1280 3943 superiori
1302 3877 1536 3946 capitulo
1561 3878 1754 3949 degra-

194 3957 308 4011 dari
328 3959 574 4026 jubetur,
591 3969 720 4015 cum
756 3977 850 4030 per
883 3965 1184 4030 pecuniam,
1232 3968 1314 4020 vel
1341 3969 1505 4022 alium
1530 3985 1748 4039 promo-

197 4047 355 4113 visse,
388 4048 471 4101 vel
499 4049 611 4117 ipse
635 4053 918 4118 promOtus
962 4068 1081 4116 esse
1137 4070 1245 4107 non
1290 4045 1583 4111 dubite’tur.
1644 4057 1749 4112 Sed

198 4152 294 4192 nec
320 4140 431 4192 hoc
461 4139 579 4194 sine
611 4141 1040 4196 consideratione
1078 4145 1506 4212 praetereundum
1542 4147 1751 4201 videtur

195 4231 340 4298 quod
365 4229 510 4282 idem
545 4237 706 4301 caput
758 4231 867 4286 duo
893 4233 1285 4303 negotiatorum
1308 4251 1500 4306 genera
1527 4238 1752 4292 damna-

161 4330 164 4334 λ
195 4318 287 4372 vit.
322 4317 504 4374 Unum
550 4321 766 4391 quidem
807 4337 995 4378 eorum
1044 4325 1138 4394 qui
1185 4327 1252 4380 ad
1285 4326 1628 4382 diaconatum
1667 4329 1750 4383 vel

193 4410 646 4480 presbyteratum,
671 4413 755 4470 vel
803 4413 869 4467 ad
904 4414 1144 4482 aliquem
1175 4415 1480 4484 bujusmodi
1523 4417 1746 4486 gradum

1849 3287 1972 3327 sum
2000 3258 2230 3323 videtur,
2260 3257 2405 3326 quod
2437 3255 2597 3308 etiam
2633 3253 2991 3319 dispensatori
3027 3250 3413 3305 ecclesiastica-

1849 3375 1971 3416 rum
1997 3367 2175 3410 rerum
2206 3363 2299 3418 per
2321 3344 2600 3415 pecuniam
2640 3349 2888 3409 promoto
2914 3339 3142 3393 oﬂicium
3183 3339 3404 3428 dispen-

1849 3448 2003 3506 sandi
2036 3444 2188 3515 jubet
2231 3435 2449 3492 auferri.
2504 3432 2739 3498 Quilibet
2791 3429 2935 3483 enim
2986 3428 3284 3498 presbyter,
3312 3426 3408 3481 tli-

1851 3543 2131 3610 spensator
2155 3531 2310 3600 debet
2330 3526 2560 3580 existere
2588 3537 2694 3576 non
2737 3519 3129 3590 praedicationis
3176 3526 3406 3610 tantum,

1851 3605 1942 3683 sed
1978 3628 2138 3681 etiam
2169 3634 2350 3676 rerum
2392 3614 2631 3670 ecclesia:
2659 3611 2757 3665 sibi
2792 3610 3114 3674 commissae,
3141 3623 3277 3677 quas
3304 3605 3404 3662 SS.

1849 3717 2069 3780 Patres,
2123 3728 2229 3766 non
2292 3708 2462 3763 solius
2519 3701 2852 3773 presbyteri,
2907 3699 2999 3754 sed
3040 3696 3409 3766 quorumlibet
3479 3786 3482 3793 ‘

1849 3807 2115 3879 egentium
2145 3798 2453 3857 necessitati
2496 3792 3403 3879 dispensandasesseeensuerunt.
3449 3820 3453 3824 -

1921 3895 2183 3949 Praeterea
2220 3889 2276 3942 in
2325 3887 2513 3940 eodem
2541 3881 2714 3948 capite
2761 3877 2980 3932 cuilibet
3006 3876 3202 3930 clerico
3227 3877 3409 3932 omnis

1847 3981 2207 4038 ecclesiastica
2233 3972 2537 4031 sollicitudo
2563 3984 2658 4038 per
2681 3967 2912 4038 pretium
2939 3967 3205 4036 acquisita
3245 3967 3406 4036 jube-

1849 4083 1934 4128 tttr
1955 4070 2137 4126 adimi.
2167 4067 2462 4120 Proeurare
2497 4069 2678 4115 autem
2735 4060 2905 4128 ipsam
2944 4057 3236 4112 Ecclesiam
3276 4067 3401 4109 eum

1848 4159 2166 4217 sacerdotali
2187 4155 2487 4226 diligentia,
2520 4152 2575 4205 ni
2602 4151 2781 4215 fallor,
2800 4146 3068 4203 clericalis
3093 4146 3400 4200 sollicitudo

1847 4262 1930 4309 est
1955 4262 2008 4307 et
2026 4249 2386 4306 ecclesiastica
2415 4264 2426 4298 :
2457 4259 2594 4312 ergo
2615 4251 2668 4295 et
2691 4242 2743 4294 in
2777 4239 2965 4292 eodem
2987 4237 3159 4306 Capite
3215 4235 3401 4291 Eccle-

1848 4346 1943 4400 size
1971 4340 2275 4399 sollicitudo
2306 4353 2400 4406 per
2425 4333 2705 4404 pecuniam
2756 4335 3012 4396 usurpata
3050 4327 3270 4396 jubetur
3306 4344 3405 4384 an-

1849 4433 1996 4488 ferri.
2027 4430 2197 4493 Unde,
2233 4437 2287 4481 et
2308 4424 2654 4480 beatissimus
2683 4434 2819 4489 papa
2843 4418 3134 4489 Gregorius
3159 4419 3407 4474 scribens

195 4513 290 4568 per
315 4501 603 4570 pecuniam
629 4502 968 4568 ordinantur,
991 4503 1218 4556 alterum
1242 4519 1430 4558 eorum
1459 4506 1552 4574 qui
1579 4507 1645 4561 ad
1673 4509 1750 4562 di-

1854 4525 1913 4578 ad
1939 4522 2264 4576 Clementem
2309 4515 2670 4567 Bizanzennm
2720 4508 3114 4581 [Bizazenum],
3158 4510 3225 4563 de
3266 4497 3403 4576 quo-

194 4593 560 4659 spensationis
586 4592 964 4656 ministerium,
991 4593 1072 4647 vel
1099 4593 1164 4647 ad
1193 4595 1409 4665 aliquod
1440 4597 1747 4667 hujusmodi

193 4678 444 4734 clericale
470 4680 702 4736 oliicium
724 4696 819 4750 per
848 4682 1127 4751 pecuniam
1163 4695 1546 4753 promoventur
1565 4729 1580 4753 ,
1616 4702 1745 4756 qua-

195 4770 260 4824 lis
285 4778 374 4824 est
402 4771 518 4824 vice
561 4771 890 4838 dominatus,
939 4776 1311 4844 praepositum,
1358 4777 1601 4841 decania,
1661 4792 1749 4830 ar-

194 4858 711 4930 chipresbyteratus,
739 4871 794 4916 et
821 4853 906 4937 his
929 4865 1143 4944 similia.
1177 4864 1266 4920 Sic
1306 4866 1470 4934 igitur
1492 4875 1547 4920 et
1567 4874 1749 4922 noster

194 4950 528 5018 apostolicus
563 4952 672 5008 duo
698 4946 1094 5024 negotiatorum
1114 4969 1330 5023 genera,
1359 4964 1412 5009 et
1439 4971 1627 5011 omnes
1653 4974 1748 5013 ne-

195 5042 519 5110 gotiantium
552 5044 816 5098 versutias
841 5043 894 5096 in
921 5043 1096 5112 primo
1113 5044 1231 5114 ejus
1252 5054 1453 5101 statuto
1499 5063 1746 5116 compre-

193 5130 413 5196 hendit;
445 5131 498 5184 in
519 5146 629 5201 quo
675 5132 900 5188 clericos
927 5133 1160 5204 aliquem
1196 5151 1472 5192 sacrorum
1497 5139 1746 5192 ordinum

195 5223 444 5288 gradum,
473 5222 832 5289 veloﬂicium,
871 5240 1092 5294 quoquo
1120 5226 1283 5279 modo
1333 5241 1429 5294 per
1464 5227 1745 5296 pecuniam

193 5310 418 5380 adeptos
455 5311 694 5379 deponit.
739 5313 892 5380 Quod
917 5324 1110 5370 tamen
1168 5323 1424 5369 statutum
1484 5318 1750 5384 superiori

197 5402 371 5468 capite
418 5400 605 5454 mitius
646 5402 849 5471 liquido
886 5406 1171 5474 probatur;
1217 5420 1338 5458 cum
1385 5403 1748 5472 spiritualium

196 5490 494 5546 ciliciorum
533 5490 859 5556 venditores,
905 5504 958 5547 et
994 5504 1101 5548 tam
1127 5493 1345 5548 nefariae
1372 5493 1748 5562 negotiationis

197 5582 524 5635 mediatores
551 5579 726 5634 debita
757 5581 958 5637 ultione
999 5602 1104 5640 non
1133 5586 1366 5640 damnet.
1399 5583 1546 5648 Quos
1568 5590 1744 5637 tamen

266 5756 418 5828 (993)
463 5755 593 5808 i'ide
616 5772 662 5810 c.
690 5757 747 5837 i,
770 5773 822 5827 q.
863 5774 898 5822 ι,
923 5774 969 5813 c.
1004 5759 1053 5813 8.

1850 4613 1973 4666 dam
2024 4608 2337 4679 presbytero
2375 4603 2616 4658 decernit
2663 4602 2766 4654 ita:
2825 4619 2842 4649 ι
2885 4597 2974 4663 Ut,
3012 4600 3057 4653 si
3096 4598 3236 4652 idem
3276 4613 3403 4665 pre-

1849 4700 2030 4770 sbyter
2059 4680 2376 4767 -quamdam
2425 4692 2708 4748 ecclesiam
2763 4689 3085 4743 obtinuisset
3111 4702 3207 4755 per
3240 4703 3403 4756 pecu-

1849 4788 2014 4855 niam,
2071 4804 2178 4842 non
2221 4786 2394 4841 solum
2435 4782 2620 4837 eadem
2661 4778 2886 4832 ecclesia
2941 4776 3262 4845 privaretur,
3309 4779 3403 4834 sed

1846 4880 2008 4934 etiam
2039 4876 2354 4948 presbyterii
2385 4865 2397 4875 ’
2417 4875 2620 4926 honore
2677 4867 3018 4937 spoliaretur.
3071 4887 3088 4918 ι
3136 4868 3228 4923 Sic
3258 4863 3376 4938 q'uo

1847 4985 1952 5040 que
1975 4969 2029 5022 in
2059 4967 2294 5037 antiquis
2314 4971 2627 5037 nostrarum
2682 4957 3086 5026 provinciarum
3131 4958 3400 5025 conciliis,

1847 5056 2264 5129 Maguntiaeensi
2315 5051 2580 5114 videlicet,
2643 5048 2913 5112 Remensi,
2943 5049 3054 5102 sive
3099 5045 3406 5103 Turonensi

1845 5155 2102 5205 statutum
2134 5145 2327 5214 legitur
2353 5141 2708 5211 utpresbyter
2736 5138 3018 5192 ecclesiam
3047 5137 3220 5204 pretio
3274 5139 3396 5191 ade-

1845 5246 1971 5306 ptus
1994 5245 2048 5289 et
2071 5231 2405 5303 presbyterio
2425 5241 2478 5285 et
2502 5230 2727 5284 ecclesia
2765 5227 3020 5294 privetur.
3083 5224 3234 5288 Item,
3279 5227 3398 5278 bea-

1847 5335 1934 5381 tus
1971 5324 2079 5380 Leo
2112 5341 2248 5393 papa
2287 5322 2526 5391 ejusdem
2553 5317 2786 5370 nominis
2813 5313 2879 5366 l'X
2929 5324 3118 5369 nostro
3167 5313 3395 5378 tempori

1847 5431 1980 5486 pene
2001 5416 2306 5485 contiguus,
2352 5414 2405 5464 in
2431 5410 2624 5479 prima
2651 5423 2749 5460 sua
2797 5405 3034 5459 Romana
3065 5402 3267 5500 synodo
3305 5402 3394 5454 Si-

1848 5519 2148 5561 momacam
2189 5501 2434 5556 haeresim
2492 5497 2704 5566 penitus
2752 5494 3051 5556 damnavit;
3095 5494 3399 5556 emptiones

1848 5605 1899 5649 et
1928 5592 2262 5647 venditiones
2288 5585 2536 5657 altarium
2565 5587 2665 5641 sub
2710 5584 3046 5638 anathemate
3079 5577 3353 5648 prohibuit
