3956 6380
582 16 609 33 ’³⁸⁵
630 12 665 35 τ’
698 22 987 41 ’τι-’.ηεμ-
1040 22 1219 38 ______
1240 32 1249 35 Α

3578 26 3902 191 "'1

540 436 673 489 IllS
1511 427 1597 479 AI)
1630 424 1853 479 Ol‘EIlA
1896 422 1951 476 S.
1994 421 2085 476 Cll

2187 419 2316 473 DRII
2353 414 2791 477 APPENDICES.
3635 429 3655 480 I
3674 430 3696 479 Ι
3713 426 3779 480 I6

535 544 676 612 quod
702 543 984 597 anathema
1010 542 1082 594 illi
1111 555 1217 593 non
1256 549 1562 599 evaserunt,
1615 550 1924 605 quicunque
1948 534 2094 587 dein-
2123 536 2164 589 Α
2193 542 2297 585 tem
2322 548 2497 596 suam,
2530 531 2755 588 Domino
2787 542 3021 598 vetante,
3045 534 3110 588 ad
3134 534 3384 589 ellectum
3418 550 3530 589 non
3566 538 3779 605 perdu-

536 648 661 700 cvps
684 642 790 685 tam
815 632 1077 685 nefariam
1106 630 1523 699 negotiationem
1556 641 1805 681 exercere
1830 638 2090 693 praesth-

537 731 776 790 pserunt.
814 722 969 775 Libet
1005 723 1167 789 igitur
1214 720 1554 774 considerare
1599 730 1762 785 quam
1803 717 2093 770 clementer

537 821 717 864 noster
751 812 1078 881 apostolicus
1118 820 1324 865 tantum
1355 818 1560 876 emptas
1591 806 1846 861 ecclesias
1894 816 2094 873 empto-

536 892 684 956 ribus
720 917 905 955 earum
941 900 1221 961 ademerit,
1268 913 1405 967 quos
1425 898 1581 965 juxta
1644 910 1932 950 censuram
1989 892 2087 947 SS.

535 989 755 1044 I’atrum
786 1001 835 1043 et
857 992 1081 1044 ecclesia
1112 999 1163 1041 et
1218 989 1570 1057 presbyterio,
1629 988 1738 1040 imo
1782 984 2090 1037 Christiano

536 1083 753 1136 nomine
788 1091 840 1133 et
865 1082 1243 1136 connuunione
1279 1079 1566 1147 privandos
1614 1093 1735 1130 esse
1781 1090 1887 1129 non
1940 1076 2089 1144 igno-

536 1173 689 1223 ravit.

607 1263 733 1312 (λιιι.
766 1259 894 1312 VIII.
930 1261 1033 1312 Sed
1062 1277 1158 1311 i'tat'
1183 1260 1236 1311 iu
1267 1267 1473 1311 tantum
1506 1256 1839 1315 labaramus,
1869 1263 1925 1307 ut
1960 1268 2091 1322 prm-

534 1350 672 1402 dieta
720 1349 887 1403 nostri
917 1349 1192 1419 apostolici
1219 1358 1417 1402 statuta
1445 1363 1511 1402 ex
1536 1346 1805 1416 synodieis
1857 1344 1952 1397 SS.
1990 1343 2091 1397 Pa-

536 1449 675 1491 trum
720 1441 1001 1494 sententiis
1046 1439 1376 1508 procchisse
1431 1438 1905 1498 demonstremus,
1965 1449 2089 1488 cum

532 1532 716 1584 eadem
742 1549 805 1585 ex
835 1532 952 1600 ipso
994 1547 1160 1585 sacrzc
1207 1530 1499 1597 Scriptura‘
1536 1528 1772 1581 armario
1808 1540 2091 1580 emanasse

532 1619 737 1674 nullum
782 1621 1027 1674 dubitare
1074 1621 1343 1675 eruditum
1408 1618 1694 1687 putemus?
1733 1614 1864 1671 Nam
1908 1617 1961 1669 in
1997 1633 2088 1670 ca-

530 1709 650 1762 dem
681 1710 977 1778 Scriptura,
1010 1726 1198 1765 omnes
1235 1727 1480 1780 persomc
1523 1719 1629 1762 tam
1677 1708 1865 1762 nefarii
1894 1708 2088 1762 merci-

534 1801 701 1852 monii
738 1802 1004 1854 damnata:
1044 1802 1402 1869 reperiuntur,
1451 1801 1655 1854 scilicet
1697 1810 1751 1853 et
1788 1800 2091 1853 venditores

532 1892 894 1958 spiritualium
917 1893 1214 1947 olliciorum
1238 1904 1290 1946 et
1321 1902 1591 1961 emptores
1628 1901 1790 1959 atque
1814 1892 1975 1959 hujus
1998 1905 2090 1944 ne-
2121 1892 2162 1946 Β

531 1982 657 2049 gotii
686 1983 1025 2036 mediatorcs.
1065 1983 1180 2050 Ipse
1201 1984 1343 2035 enim
1372 1982 1630 2036 Dominus
1665 2000 1682 2033 ι
1730 1982 1929 2049 pariter
1961 1997 2088 2035 ven—

529 2071 715 2125 dentes
777 2082 828 2125 et
869 2082 1107 2127 ementes
1142 2074 1208 2126 de
1235 2064 1431 2142 templo
1463 2088 1563 2127 suo
1599 2072 1776 2141 ejecit,
1809 2082 1864 2125 et
1904 2072 2086 2125 cathe-

496 2152 655 2216 ‘dras
712 2165 1060 2218 vendentium
1087 2166 1368 2217 columbas
1416 2182 1432 2213 ι
1487 2165 1599 2232 jam
1629 2173 1757 2216 tunc
1800 2164 1913 2229 ipse
1948 2179 2087 2215 crer-

530 2254 1144 2317 Iitl)!atth.xx1;.llarc.
1178 2255 1274 2308 nl.
1303 2255 1457 2319 Quod
1481 2255 1536 2306 S.
1570 2254 1861 2324 Gregorius
1888 2252 1974 2305 ille
1998 2268 2085 2305 no-

529 2357 638 2399 ster
666 2346 949 2414 theologus
981 2345 1032 2397 in
1059 2362 1168 2397 λιιι
1212 2345 1296 2414 ιε.
1336 2343 1398 2396 Β.
1441 2360 1569 2407 xvn,
1598 2355 1644 2396 et
1679 2341 1836 2411 recte]
1866 2342 2085 2396 homilia

527 2436 747 2505 exponit
784 2437 884 2489 ita:
935 2455 949 2484 ι
997 2434 1262 2489 Catbedra
1287 2450 1414 2504 ergo
1442 2433 1782 2487 vendentium
1808 2431 2087 2486 columbas

528 2526 829 2588 evertitur,
903 2525 1122 2592 quando
1200 2525 1255 2577 bi
1314 2524 1405 2591 qui
1464 2522 1798 2591 spiritualcm
1860 2521 2083 2591 gratiam

527 2614 779 2677 vendunt,
856 2615 935 2666 vel
986 2624 1110 2666 ante
1144 2614 1431 2675 humanos,
1488 2612 1578 2665 vel
1614 2622 1736 2665 ante
1777 2610 1869 2663 Dei
1899 2611 2084 2664 oculos

526 2705 827 2760 sacerdotio
887 2706 1182 2773 privamur.
1236 2723 1252 2754 ι
1316 2702 1377 2755 Et
1413 2704 1624 2757 merito.
1673 2700 1807 2755 Nam
1841 2702 1955 2770 ipsa
1982 2698 2083 2753 Vc-

526 2797 657 2847 ritas
712 2796 949 2863 praeripit
1001 2795 1054 2847 in
1112 2793 1430 2862 Evangelio:
1480 2811 1496 2843 ι
1555 2792 1735 2847 Gratis
1777 2790 2080 2859 accepistis,

525 2885 693 2953 gratis
750 2883 870 2935 date
907 2882 1120 2952 (.lluttli.
1162 2883 1255 2948 xl;
1320 2903 1335 2931 ι
1411 2882 1581 2951 quod,
1630 2897 1751 2935 cum
1803 2880 1932 2934 tales
1976 2894 2081 2933 non

527 2973 822 3035 attendant,
853 2974 1014 3027 ctiam
1043 2990 1071 3027 a
1100 2972 1208 3027 Deo
1241 2974 1449 3041 seipsos
1493 2972 1753 3034 alienant,
1791 2970 1882 3039 qui
1919 2970 1971 3022 in
1997 2984 2083 3020 eo-

527 3065 648 3117 dem
702 3048 990 3135 Evangelio
1035 3063 1196 3117 dicit:
1247 3082 1264 3113 ι
1311 3063 1411 3127 Qui
1473 3074 1556 3117 est
1605 3077 1669 3115 ex
1737 3060 1865 3123 Deo,
1918 3060 2079 3113 verba

527 3152 617 3206 llei
652 3155 827 3217 audit;
860 3154 999 3217 ideo,
1025 3168 1119 3206 vos
1143 3170 1249 3206 non
1297 3153 1513 3215 auditis,
1568 3152 1693 3221 quia
1721 3168 1786 3203 ex
1833 3150 1943 3202 Deo
1974 3154 2078 3202 no'n

526 3245 655 3297 estis
682 3243 859 3312 (Joun.
890 3247 1024 3313 vni).
1076 3263 1093 3294 ι

598 3334 856 3387 Praeterea
872 3335 1120 3402 princeps
1135 3334 1511 3408 apostolorum
1535 3331 1745 3394 Petrus,
1770 3333 1879 3385 imo
1902 3346 1995 3399 per
2019 3329 2082 3382 il-

526 3424 636 3477 lum
671 3425 782 3492 ipse
810 3423 1058 3476 Christus
1080 3422 1580 3490 omnibuspraelatis
1603 3422 1657 3474 in
1688 3419 1927 3475 Ecclesia
1950 3434 2083 3487 prae—

526 3516 652 3583 cipit
678 3516 775 3567 ita:
800 3540 815 3565 ι
838 3513 1065 3577 Pascite,
1085 3514 1177 3583 qui
1200 3515 1250 3566 in
1272 3514 1424 3567 vobis
1449 3523 1552 3579 cst,
1580 3528 1792 3582 gregem
1815 3512 1927 3575 Dei,
1953 3526 2082 3581 pro-

527 3604 769 3658 videntes
790 3620 894 3657 non
909 3614 1110 3660 coacto.
1137 3606 1227 3657 sed
1247 3614 1538 3671 spontanee
1576 3603 1870 3656 secundum
1893 3601 2082 3663 Deum,

529 3692 821 3759 nonturpis
858 3691 991 3745 lucri
1016 3692 1205 3760 gratia,
1235 3692 1325 3744 sed
1360 3690 1658 3744 voluntarie
1682 3688 1735 3759 (1
1762 3688 1907 3744 Perr.
1937 3692 2009 3757 τ).
2059 3709 2076 3739 ι

526 3780 725 3834 Contra
758 3783 860 3834 hoc
894 3793 1214 3850 przeeeptuin
1262 3784 1333 3836 illi
1376 3794 1539 3851 agunt
1575 3784 1885 3852 quicunque
1920 3783 2082 3851 Spiri-

530 3872 671 3925 tuale
693 3871 926 3948 pllio-ium
951 3887 1049 3940 pro
1084 3872 1327 3925 s:eru!ari
1362 3872 1512 3925 luero
1553 3873 1808 3940 subjectis
1833 3872 1946 3926 suis
1974 3881 2085 3925 tur-

530 3961 665 4028 μὶιιϊ
697 3962 1023 4029 impendunt.
1063 3962 1136 4015 De
1171 3964 1364 4031 quibus
1400 3964 1537 4018 idem
1567 3962 1871 4032 apostolus,
1901 3963 1954 4014 in
1987 3976 2083 4015 sua

530 4050 812 4116 posteriori
844 4048 1078 4118 Epistola
1103 4061 1326 4105 testatur
1361 4072 1372 4104 :
1410 4071 1427 4102 ι
1459 4051 1639 4106 Secuti
1674 4061 1798 4105 sunt
1824 4052 1964 4105 viam
1986 4051 2085 4105 Ba-

531 4140 666 4190 laam
710 4155 771 4191 ex
806 4138 990 4205 Bosor,
1034 4141 1125 4208 qui
1175 4140 1473 4194 mercedem
1516 4140 1814 4209 iniquitatis
1853 4140 2083 4203 amavit;

530 4230 921 4297 corruptionem
980 4245 1108 4281 vero
1156 4230 1339 4282 habuit
1383 4246 1492 4283 sum
1542 4229 1769 4283 vesanite
1811 4228 2088 4298 subjugale

532 4327 736 4370 mutum
760 4316 1003 4387 [aliimal]
1062 4319 1115 4370 in
1143 4318 1375 4371 hominis
1399 4333 1526 4369 voce
1548 4318 1794 4385 loquens,
1813 4317 2086 4387 prohibuit

529 4407 799 4473 propheta:
822 4407 1180 4474 insipientiam
1204 4405 1289 4458 ιΙΙ
1319 4406 1463 4458 Pelr.
1482 4411 1561 4463 ιι).
1588 4427 1603 4453 ι
1622 4400 1774 4469 Quod
1798 4403 2087 4459 Venerabi-

529 4494 593 4547 lis
617 4494 798 4564 prcsb)
814 4503 891 4548 ter
918 4493 1055 4547 Beda
1086 4494 1136 4546 in
1167 4502 1394 4546 tractatu
1421 4509 1583 4563 super
1616 4493 1857 4547 eamdem
1879 4493 2083 4561 episto-

531 4586 635 4637 lam
664 4584 920 4637 dilucidat
944 4584 1012 4637 ita
1046 4603 1087 4636 ει
1119 4583 1250 4636 Nam
1280 4583 1362 4654 {(1.
1393 4582 1456 4635 lt.
1483 4581 1904 4653 Nonnunquam]
1928 4584 2082 4637 multi

526 4673 927 4729 Catholicorum
967 4672 1019 4725 in
1061 4681 1267 4726 tantum
1297 4672 1594 4728 mercedem
1618 4682 1801 4726 amant
1830 4673 2082 4743 iniquita-

525 4763 598 4819 tis
618 4765 857 4820 utetiam
888 4764 1033 4820 docti
1057 4763 1125 4819 ab
1155 4764 1417 4828 indoctis,
1446 4779 1476 4817 a
1512 4763 1664 4818 laicis
1688 4759 1867 4818 cl'erici
1890 4763 2084 4820 merito

524 4854 862 4916 lacerentur;
912 4854 1026 4923 qui,
1058 4855 1181 4921 jure
1223 4862 1605 4923 comparantur
1656 4855 1928 4922 prophetae
1986 4854 2079 4922 qui

525 4943 703 4999 verbis
743 4942 910 4998 asina:
940 4953 1127 4997 contra
1165 4954 1412 4998 naturam
1447 4942 1718 5012 loquentis
1753 4942 2073 5012 corripitur;

526 5050 625 5089 nec
641 5044 819 5089 tamen
845 5048 873 5087 a
899 5034 1172 5103 proposito
1193 5036 1340 5101 pravi
1358 5034 1565 5089 itineris
1594 5033 1916 5088 retardatur.
1942 5053 1960 5083 ι
1979 5032 2082 5088 Iste

525 5121 771 5177 videlicet
791 5119 1006 5175 Balaam
1037 5121 1175 5175 idem
1206 5134 1325 5175 esse
1352 5124 1634 5188 asseritur,
1670 5122 1763 5192 qui
1790 5131 1842 5176 et
1869 5122 2081 5176 beatum

522 5211 626 5267 Iob
649 5208 704 5265 in
738 5210 875 5263 libro
897 5210 1066 5278 ipsius
1091 5208 1360 5279 superﬂue
1392 5208 1459 5264 et
1488 5226 1802 5280 arroganter
1833 5212 2083 5266 docuisse

526 5302 746 5371 legitur;
773 5298 867 5369 qui
887 5307 941 5353 et
970 5297 1172 5362 Eliu,id
1186 5309 1268 5354 est
1290 5302 1494 5353 divinus
1516 5301 1584 5354 ab
1608 5300 1783 5355 ollicio
1809 5301 2083 5358 divinandi
2121 5370 2126 5374 η

523 5398 607 5444 est
636 5387 1063 5459 cognominatus.
1101 5386 1189 5441 Sic
1216 5389 1358 5442 enim
1388 5397 1615 5443 testatur
1643 5387 1699 5442 S.
1726 5387 2083 5457 Hieronymus

526 5482 582 5536 in
616 5480 705 5533 lib.
746 5478 819 5531 De.
857 5477 1133 5531 llebraicis
1167 5480 1571 5545 quaestionibus.
1620 5478 1715 5535 llic
1752 5479 1912 5548 igitur
1956 5493 2079 5531 cum

526 5579 667 5625 esset
691 5566 946 5637 propheta
983 5582 1011 5619 a
1047 5565 1205 5619 Balar
1231 5582 1351 5635 rege
1385 5568 1741 5623 Moabitarum
1770 5568 1835 5621 ad
1863 5564 2083 5620 maledi-

529 5660 754 5714 cendum
786 5656 907 5710 liliis
931 5657 1090 5710 Israel
1114 5658 1571 5722 conductus,‘Hlis
1595 5660 1812 5729 quidem
1834 5659 1890 5711 in
1920 5656 2081 5709 verbo

535 5748 741 5802 llmnini
776 5764 869 5812 pro
906 5746 1074 5815 pretio
1114 5748 1314 5802 studuit
1358 5748 1692 5807 maledicere.
1728 5748 1816 5801 sed
1846 5747 2078 5810 pravita—

686 6358 917 6367 ——————-f
930 6358 947 6363 -
1062 6358 1143 6375 ..ς-³,,

2196 624 2290 685 13?.
2325 639 2424 677 nec
2445 624 2745 677 mercedem
2791 613 3090 692 iniquitatis
3122 626 3355 693 accepit;
3402 627 3498 694 qui
3522 636 3717 681 tamen
3744 644 3776 681 a

2193 712 2300 766 Ilen
2328 713 2676 782 rcprobabilis
2700 713 3004 776 denotatur,
3049 722 3107 766 ut
3140 714 3293 766 asina
3317 715 3437 781 ejus
3467 716 3782 783 sapientior

2189 818 2255 857 eo
2286 803 2556 857 vesaniam
2576 804 2694 871 ejus
2722 812 2775 857 ct
2806 804 3164 872 insipientiam
3197 805 3527 872 corripuisse
3553 816 3607 859 et
3639 821 3774 859 eum

2190 909 2220 947 a
2245 892 2425 963 gladio
2450 894 2757 947 resistentis
2787 893 2962 963 angeli
2996 893 3264 962 eripuisse
3312 894 3550 965 legatur;
3595 911 3774 964 quam

2190 984 2305 1052 ipse
2324 984 2546 1053 angelus
2570 998 2675 1035 non
2699 983 3018 1036 morituram
3042 981 3160 1038 fore
3172 993 3404 1038 testatus
3420 993 3522 1048 cst,
3546 985 3773 1038 etiamsi

2190 1074 2364 1142 ipsum
2402 1073 2689 1142 reprobum
2723 1072 3040 1142 prophetam
3087 1071 3264 1126 debita
3303 1082 3475 1126 morte
3534 1075 3747 1127 multas

2189 1147 2269 1218 set
2313 1163 2499 1233 (Num.
2542 1163 2701 1228 nu).
2755 1160 2812 1215 Si
2851 1177 2980 1233 ergo
3017 1160 3233 1216 Balaam
3275 1171 3483 1217 tantum
3526 1165 3774 1217 amando

2189 1254 2488 1310 mercedem
2538 1251 2839 1322 iniquitatis
2888 1266 2920 1308 a
2969 1251 3079 1307 Deo
3127 1252 3324 1322 legitur
3376 1254 3770 1323 rcprobabilis,

2187 1350 2391 1412 quanto
2438 1340 2609 1411 magis
2648 1340 2736 1405 illi:
2770 1342 2911 1395 inter
2940 1342 3195 1410 rcprobos
3229 1350 3312 1396 est
3340 1344 3770 1411 computandas,

2187 1434 2279 1501 qui
2319 1446 2443 1487 eum
2478 1431 2694 1485 Balaam
2756 1431 2823 1486 de
2890 1431 3231 1500 iniquissima
3285 1434 3594 1489 venditione
3655 1437 3758 1503 spi-

2189 1522 2397 1578 ritualis
2436 1514 2593 1578 ollicii
2636 1522 2869 1592 pretium
2915 1521 3313 1577 studiosissime
3356 1525 3613 1592 requirit,
3664 1540 3771 1579 nec

2188 1622 2386 1677 cessat,
2446 1613 2615 1668 donec
2647 1611 2996 1668 ambitionem
3035 1627 3192 1667 suam
3236 1613 3303 1668 ad
3339 1612 3592 1669 cll‘ectum
3639 1630 3760 1684 per

2188 1700 2383 1756 ducat?

2258 1828 2519 1882 Praeterea
2565 1830 2757 1885 beatus
2796 1827 3185 1900 Hieronymus,
3225 1829 3280 1882 in
3321 1839 3551 1885 tractatu
3594 1849 3764 1903 super

2188 1921 2515 1986 Mattbteum,
2533 1922 2682 1975 illum
2705 1922 2936 1977 scribam
2960 1921 3052 1991 qui
3078 1921 3215 1975 dixit
3231 1919 3357 1976 Jesu
3386 1941 3398 1976 :
3438 1944 3454 1972 ι
3485 1922 3767 1993 Magister,

2188 2025 2382 2079 sequar
2417 2018 2468 2064 te
2504 2024 2831 2079 quocunque
2865 2009 2991 2064 ieris
3022 2007 3236 2079 (.llauh.
3269 2010 3410 2075 vin),
3453 2010 3573 2064 ideo
3599 2028 3738 2079 repu

2185 2098 2389 2152 diatum
2423 2114 2452 2153 a
2479 2097 2707 2152 Domino
2724 2106 2952 2152 testatur
2972 2097 3120 2167 quia,
3138 2112 3286 2152 more
3312 2097 3555 2154 Simonis
3585 2101 3759 2169 magi,

2185 2200 2307 2240 eum
2330 2187 2486 2253 sequi
2519 2186 2775 2257 voluerit,
2809 2194 2869 2239 ut
2895 2200 2960 2239 ex
2986 2199 3206 2255 operum
3243 2186 3524 2240 miraculis
3546 2188 3768 2242 lucrum

2184 2283 2582 2341 assequeretur.
2625 2270 2774 2327 Unde
2804 2281 2855 2325 et
2886 2272 2988 2327 sibi
3018 2286 3049 2324 a
3081 2271 3309 2327 Domino
3348 2276 3721 2341 respondetur
3750 2297 3765 2329 ε

2191 2383 2207 2412 ι
2223 2360 2417 2430 Vulpes
2443 2360 2888 2437 loveasbabent,»
2906 2370 2959 2415 et
2982 2362 3218 2430 reliqua;
3246 2377 3308 2416 ac
3329 2363 3373 2416 si
3387 2363 3621 2418 diceret:
3650 2367 3763 2419 Cur

2184 2462 2399 2520 propter
2432 2452 2580 2507 lucra
2610 2460 2663 2506 et
2697 2452 2913 2507 divitias
2956 2466 3042 2507 me
3080 2453 3163 2506 vis
3204 2453 3392 2522 sequi,
3432 2470 3557 2507 cum
3598 2441 3799 2507 tanta).

2184 2541 2284 2596 sim
2312 2542 2643 2611 paupertatis
2666 2550 2846 2596 utnec
2871 2542 3150 2609 prOprium
3178 2542 3406 2595 habeam
3435 2543 3764 2611 hospitium,

2183 2647 2306 2687 cum
2332 2632 2519 2700 vulpes
2541 2630 2702 2685 etiam
2724 2639 2778 2686 et
2804 2631 3052 2694 volucres
3078 2632 3322 2703 proprias
3348 2632 3583 2686 habeant
3607 2648 3757 2686 mare

2183 2721 2406 2777 siones?
2452 2741 2469 2773 ι
2513 2719 2569 2774 Si
2600 2720 2763 2791 igitur
2798 2722 2887 2776 ille
2919 2721 3013 2791 qui
3058 2721 3336 2790 spirituale
3366 2722 3601 2777 ollicium
3662 2739 3767 2791 pro

2183 2812 2345 2875 lucro
2380 2819 2587 2865 tantum
2626 2825 2880 2866 exercere
2912 2809 3086 2864 voluit
3118 2810 3188 2863 ab
3221 2810 3340 2879 ipso
3372 2809 3604 2865 Domino
3633 2811 3767 2880 jure

2182 2902 2521 2970 reprobatur,
2549 2909 2754 2969 quanto
2780 2901 2952 2970 magis
2984 2900 3073 2953 ille
3100 2899 3193 2968 qui
3216 2909 3271 2952 et
3304 2900 3620 2967 hujusmodi
3648 2899 3743 2955 olli

2182 2993 2325 3048 rium
2357 2991 2570 3061 penitus
2590 2990 2710 3045 aliis
2733 2990 3038 3045 vendidisse
3068 2989 3369 3059 detegitur-1'

2251 3122 2377 3176 CAP.
2418 3121 2507 3176 IX.
2548 3096 2829 3191 Emptores
2858 3130 3037 3175 autem
3069 3119 3433 3188 spiritualium
3475 3134 3600 3174 cum
3635 3120 3767 3189 Ipse

2102 3226 2145 3286 ρ
2178 3212 2416 3283 principe
2452 3227 2639 3266 eorum
2678 3210 2901 3264 Simone
2928 3208 3083 3278 Mago
3116 3209 3169 3261 in
3206 3209 3429 3263 Actibus
3473 3211 3766 3278 apostolu-

2183 3319 2302 3356 rum
2333 3301 2571 3356 damnati
2601 3300 2872 3371 leguntur.
2910 3298 3012 3354 Ubi
3043 3298 3131 3352 ille
3160 3307 3344 3352 noster
3381 3297 3569 3351 Simon
3602 3298 3768 3369 prin-

2181 3406 2305 3459 ceps
2335 3389 2723 3459 apostolorum,
2746 3388 2994 3442 eumdem
3034 3386 3197 3440 alium
3237 3385 3516 3441 Simonem
3548 3389 3769 3457 primi-

2179 3496 2299 3549 pcm
2326 3488 2690 3547 apostatarum
2725 3486 2923 3531 aeterna
2960 3476 3305 3530 damnatione
3374 3478 3641 3543 multavit,
3684 3480 3768 3535 Ita

2179 3568 2513 3621 decernens:
2552 3583 2571 3616 ‹
2606 3564 2837 3619 Pecunia
2878 3572 2968 3618 tua
3004 3572 3181 3619 tecum
3221 3565 3293 3619 sit
3333 3565 3389 3618 in
3427 3566 3766 3635 perditione.

2181 3654 2435 3723 quoniam
2473 3654 2795 3709 existimasti
2840 3653 3043 3707 donum
3078 3651 3172 3706 Dei
3207 3654 3433 3722 pecunia
3465 3654 3761 3723 possideri.

2182 3740 2296 3795 Non
2323 3753 2406 3796 est
2449 3742 2544 3795 tibi
2589 3757 2715 3811 pars
2745 3756 2918 3810 neque
2964 3755 3083 3794 sors
3112 3740 3167 3793 in
3197 3755 3446 3794 sermone
3478 3741 3604 3795 isto.
3647 3740 3768 3796 Cor

2182 3842 2331 3884 tuum
2363 3848 2467 3884 non
2499 3838 2582 3884 est
2606 3839 2812 3882 rectum
2841 3842 3026 3882 coram
3067 3826 3195 3881 Deo.
3240 3827 3619 3883 Pwnitentiam
3652 3830 3763 3884 ita-

2182 3936 2286 3987 que
2308 3934 2404 3988 age
2425 3920 2490 3971 de
2519 3918 2622 3972 hac
2654 3917 2856 3970 malitia
2887 3925 2999 3981 tua,
3041 3923 3096 3969 et
3142 3931 3273 3986 roga
3316 3914 3507 3983 Deum,
3540 3918 3587 3972 si
3615 3917 3762 3974 forte

2183 4008 2484 4062 remittatur
2509 4008 2602 4061 tibi
2627 4007 2740 4061 haec
2766 4006 3021 4076 cogitatio
3047 4005 3227 4061 cordis
3249 4006 3346 4059 tui.
3380 4005 3436 4060 In
3459 4006 3583 4062 felle
3606 4010 3760 4065 enim

2182 4096 2552 4151 amaritudinis
2572 4104 2625 4149 et
2646 4094 2970 4163 obligatione
2988 4093 3287 4161 iniquitatis
3314 4093 3470 4146 video
3502 4103 3554 4148 te
3572 4110 3753 4151 esse.»

2186 4186 2531 4255 Respondens
2559 4192 2738 4239 autem
2768 4182 2951 4237 Simon
2980 4182 3113 4236 dixit
3151 4199 3164 4236 :
3207 4199 3224 4232 ι
3244 4179 3547 4235 Precamini
3575 4190 3629 4237 et
3654 4197 3759 4238 vos

2183 4290 2279 4344 pro
2305 4291 2389 4328 me
2419 4275 2485 4328 ad
2534 4274 2723 4339 Deum,
2754 4283 2814 4327 ut
2855 4272 2988 4325 nihil
3023 4271 3200 4326 veniat
3233 4285 3401 4340 super
3427 4286 3516 4327 me
3550 4273 3757 4329 borum

2181 4382 2301 4435 quae
2338 4365 2548 4421 dixistis
2579 4364 2717 4432 (Acr.
2745 4364 2883 4432 vin).
2914 4380 2933 4413 ι

2253 4496 2318 4550 Et
2359 4506 2485 4551 nota
2534 4498 2710 4567 ipsum
2759 4494 3172 4550 lmresiarcham
3215 4491 3493 4567 Simonem
3532 4492 3754 4565 Magum

2117 4562 2160 4617 D
2187 4602 2283 4656 pro
2323 4586 2435 4639 sola
2477 4562 2684 4639 nefaria
2713 4583 3036 4654 cogitatione
3065 4582 3133 4637 ab
3160 4562 3438 4650 requivoco
3467 4597 3569 4637 suo
3597 4562 3757 4638 dam-

2188 4687 2403 4742 natum,
2448 4688 2609 4745 quem
2640 4673 2888 4728 videlicet
2924 4671 3200 4741 spirituale
3243 4668 3479 4725 oﬂicium
3519 4675 3756 4729 mercari

2183 4764 2523 4822 solummodo
2543 4762 2829 4834 cogitasse,
2843 4760 3150 4816 nullatenus
3160 4766 3341 4813 autem
3361 4766 3473 4815 tam
3486 4760 3754 4817 nefariam

2182 4855 2597 4925 negotiationem
2631 4852 2861 4923 legimus
2889 4849 3155 4918 implesse.
3180 4846 3415 4904 Videsne
3452 4865 3619 4918 quam
3658 4867 3756 4906 η-

2180 4944 2511 5000 tionabiliter
2560 4943 2637 4997 illi
2661 4943 2984 4996 damnentur
3018 4939 3111 5008 qui
3136 4947 3192 4993 et
3210 4947 3324 4993 tam
3355 4939 3657 5005 inbianter,
3685 4948 3754 4996 ut

2182 5038 2370 5093 Simon
2410 5033 2617 5104 Magus,
2668 5032 2966 5102 spiritualia
3005 5031 3176 5086 cilicia
3211 5032 3441 5085 mercari
3492 5032 3754 5101 concupi-

2182 5132 2373 5188 scunt,
2399 5132 2451 5179 et
2485 5123 2705 5191 insuper
2726 5122 3085 5177 desideratam
3127 5120 3547 5192 negotiationem
3580 5121 3748 5189 perti-

2182 5217 2361 5277 ciunt;
2390 5212 2504 5282 qui,
2527 5220 2581 5267 et
2606 5213 2798 5293 eadem
2822 5212 3080 5268 scelerate
3106 5210 3404 5279 acquisita,
3433 5210 3749 5269 sceleratius

2185 5305 2282 5368 uti,
2313 5304 2423 5356 imo
2441 5302 2588 5356 abuti
2604 5316 2711 5357 non
2732 5310 3005 5357 verentur.
3038 5298 3189 5353 Unde
3213 5312 3322 5352 non
3344 5314 3540 5368 parum
3568 5302 3749 5370 ipsum

2186 5381 2460 5447 Simonem
2486 5389 2697 5461 Magum
2734 5389 2787 5444 in
2813 5389 2970 5457 culpa
3001 5386 3302 5457 prrecedere
3340 5388 3614 5442 videntur.
3654 5386 3750 5445 Ille

2181 5481 2324 5534 enim
2350 5479 2694 5547 emptionem,
2724 5492 2886 5546 quam
2909 5475 3047 5529 male
3082 5476 3409 5545 concupivit,
3438 5475 3750 5533 nullatenus

2182 5569 2247 5622 ad
2273 5567 2521 5622 ell‘ectum
2542 5566 2823 5636 perduxit;
2858 5565 2948 5634 qui
2977 5579 3075 5633 pro
3110 5565 3228 5618 solo
3266 5560 3477 5619 nefario
3506 5565 3750 5634 appetitu

2182 5660 2487 5716 damnatus.
2531 5670 2625 5724 per
2670 5655 2815 5723 ipsos
2853 5655 3122 5722 apostolos
3165 5650 3307 5721 apud
3334 5649 3506 5706 Deum
3537 5653 3752 5709 enicem

2185 5746 2383 5798 studuit
2406 5754 2460 5797 ιιι
2486 5742 2848 5798 darnnatorias
2880 5741 3065 5797 eorum
3088 5738 3383 5796 sententias
3405 5738 3751 5799 subterfusco
