3956 6372
201 403 336 458 ΗΠ

1070 397 1353 451 APPEND.
1399 395 1480 451 ΙΙΙ.
1523 427 1591 437 -——
1631 395 2056 452 MONl'MENTA
2098 399 2557 455 GRHGORIASA.

3302 400 3428 451 ms

200 526 304 576 ret,
329 527 433 566 non
452 519 513 564 ut
538 509 769 564 officth
793 509 1083 565 criminose
1108 520 1398 578 appetitum
1423 510 1769 563 criminosius
1801 511 1843 565 Α
1873 510 2177 578 hujusmodi
2213 521 2563 563 mercatorem
2613 510 2723 564 sive
2759 508 3147 562 mercenarium
3187 509 3286 561 sub
3328 523 3427 558 no-

199 605 492 658 obtineret.

270 693 375 748 Sed
403 708 504 746 cur
528 690 667 744 idem
693 690 1048 744 bmresiarcha
1079 689 1356 756 spiritualc
1377 687 1608 740 officium
1634 703 1766 740 nier-

197 781 312 835 cari
341 779 666 848 appetisset,
703 779 1075 846 nisi'emptum
1110 776 1299 830 deinde
1326 777 1607 830 nefandius
1636 792 1766 829 vcn-

197 869 327 922 dere
374 867 569 940 vellet?
605 865 898 920 Non.enim
937 865 1137 918 frustra
1168 865 1232 917 de
1259 879 1324 918 eo
1356 865 1610 932 scriptum
1650 879 1767 917 esse

198 958 434 1010 videtur.
466 955 620 1022 Quod
649 954 897 1024 stupidus
930 955 995 1007 de
1018 955 1184 1023 signis
1205 963 1256 1006 et
1279 955 1568 1007 virtutibus
1594 954 1766 1006 admi-

197 1056 446 1111 raretur;
477 1061 618 1114 quae,
655 1054 715 1099 ut
756 1045 868 1114 ipse
894 1054 1078 1114 posset
1116 1043 1312 1107 facere,
1364 1061 1458 1113 per
1488 1047 1766 1114 pecuniam

196 1151 360 1190 suam
400 1136 571 1190 voluit
621 1136 848 1200 efficere,
895 1135 1137 1189 videlicet
1200 1154 1218 1187 ι
1258 1145 1336 1200 ut,
1376 1136 1527 1204 juxta
1579 1136 1767 1189 lliero-

197 1227 347 1297 nymi
391 1229 775 1289 assertionem,
813 1227 1104 1295 temporale
1142 1227 1352 1280 inerunt
1386 1244 1449 1279 ex
1497 1228 1770 1280 miraculis

197 1325 602 1383 assequeretur.
645 1335 662 1366 ι
882 1301 883 1304 ¹

268 1403 418 1474 Ergo
440 1420 545 1458 non
569 1405 740 1472 solum
769 1414 1059 1473 emptores,
1083 1405 1174 1459 sed
1206 1415 1258 1458 et
1282 1404 1584 1456 venditores
1607 1405 1769 1471 spiri-

194 1495 433 1549 tualium
487 1494 784 1550 oﬂiciorutn
833 1503 1127 1548 sectatores
1165 1493 1370 1561 pnefati
1404 1493 1771 1545 hmresiarcbze

195 1582 547 1639 denotamur.
583 1582 736 1638 Unde
763 1591 817 1637 et
853 1599 975 1636 eum
1006 1584 1192 1636 eodem
1229 1591 1440 1635 aeternae
1465 1576 1770 1634 damnatio-

197 1674 283 1727 nis
324 1674 546 1727 vinculo
573 1673 776 1727 astricti
816 1688 920 1725 non
955 1673 1589 1735 dubitantur,attestante
1619 1671 1772 1722 beato

195 1763 440 1826 Gelasio,
473 1763 526 1815 in
562 1763 790 1817 decretis
816 1763 949 1826 suis,
984 1778 1100 1830 cap.
1129 1762 1238 1826 2H
1272 1760 1438 1827 Epist.
1473 1763 1523 1823 b',
1563 1762 1605 1822 I,
1637 1777 1688 1826 q.
1721 1761 1768 1823 1,

196 1871 243 1908 ε.
268 1854 366 1922 6):
405 1874 423 1904 ι
463 1854 609 1919 Quos
641 1870 770 1907 vero
804 1853 1101 1908 constiterit
1128 1852 1373 1919 indignos
1416 1852 1639 1910 meritis,
1679 1868 1767 1904 sa-

197 1957 350 1996 cram
400 1951 670 1996 mereatos
715 1956 834 1995 esse
884 1941 1054 2008 pretio
1111 1940 1441 2007 dignitatium
1495 1942 1768 1992 convictos

167 2097 174 2104 ο
196 2039 414 2100 oportet
442 2030 634 2092 arceri,
666 2045 772 2081 non
797 2029 913 2081 sine
936 2028 1170 2096 periculo
1194 2027 1399 2081 facinus
1423 2029 1524 2079 tale
1550 2038 1767 2094 patran-

197 2128 300 2183 tes,
346 2119 478 2188 quia
518 2119 732 2172 dantem
774 2119 973 2186 pariter
1015 2126 1066 2170 et
1102 2118 1450 2184 accipientem
1494 2119 1768 2168 damnatio

198 2208 466 2272 Simonis,
491 2224 653 2277 quam
672 2224 822 2262 sacra
847 2209 1005 2260 lectio
1029 2216 1273 2269 testatur,
1298 2208 1534 2259 involvit.
1570 2228 1586 2256 ι
1625 2207 1768 2260 lianc

200 2310 382 2354 autem
409 2299 711 2368 generalem
743 2298 1094 2360 sententiain,
1127 2298 1316 2351 beatus
1356 2298 1600 2352 Gelasius
1635 2314 1767 2364 papa

201 2403 298 2458 per
349 2397 613 2442 tractatus
663 2387 997 2456 singulorum
1039 2388 1298 2455 graduum
1343 2387 1770 2439 ordinationibus
1810 2424 1813 2426 -

202 2477 522 2540 subintulit;
555 2476 692 2530 inter
717 2491 856 2544 quos
879 2477 1038 2528 etiam
1062 2475 1333 2536 ostiarios,
1368 2477 1625 2537 notarios,
1660 2477 1770 2529 sive

199 2565 522 2619 defensores
550 2565 871 2626 numeravit,
903 2565 991 2632 qui
1027 2579 1120 2615 ncc
1143 2580 1235 2630 per
1260 2579 1449 2616 manus
1475 2564 1769 2630 impositio-

200 2669 327 2708 nem
377 2653 715 2716 ordinantur,
767 2668 863 2706 nec
913 2653 1010 2720 ipsi
1056 2668 1243 2705 manus
1286 2653 1442 2706 alicui
1500 2654 1770 2720 imponere

202 2743 594 2812 permittuntur
620 2743 785 2811 (ΟΜ).
821 2742 969 2796 Unde
993 2753 1044 2796 et
1073 2744 1218 2796 illum
1244 2744 1295 2794 in
1320 2726 1547 2796 decretis
1651 2743 1771 2796 Ale-

204 2832 400 2886 xandri
432 2832 796 2887 Simoniacuin
826 2835 1004 2887 vocari
1037 2828 1140 2886 non
1165 2833 1385 2886 dubium
1415 2843 1516 2894 est,
1538 2836 1628 2902 qui
1656 2850 1770 2902 pte-

203 2924 468 2978 nitentem
497 2922 560 2976 ad
578 2923 1063 2979 reconciliationem
1093 2937 1190 2991 pro
1220 2923 1390 2990 pretio
1410 2923 1546 2991 apud
1572 2923 1774 2990 episeo-

202 3030 336 3084 pum
362 3013 537 3082 juvat.
570 3013 646 3067 Ex
676 3030 779 3083 qua
808 3029 865 3067 re
888 3012 973 3084 [C.
1005 3011 1062 3064 li.
1093 3010 1323 3080 ratione]
1369 3013 1636 3080 colligitur
1665 3006 1769 3064 non

203 3105 386 3159 solum
421 3105 539 3158 illos
568 3105 804 3173 reputari
832 3105 970 3156 inter
1007 3102 1365 3164 Simoniacos,
1403 3102 1494 3170 qui
1524 3116 1618 3169 per
1647 3117 1768 3169 pre-
1797 3119 1840 3173 (τ

203 3194 341 3255 tium
382 3194 450 3246 ad
483 3209 674 3247 manus
698 3193 1090 3262 impositionem
1128 3193 1461 3260 perveniunt,
1508 3191 1674 3245 sedet
1705 3192 1769 3242 il-

205 3281 307 3344 los,
337 3281 435 3350 qui
458 3290 513 3334 et
539 3283 645 3334 alia
671 3281 1170 3335 clericorumolficia
1190 3282 1771 3349 perpecuniamacqui-
1798 3276 1801 3277 ν

205 3379 354 3423 runt.
421 3368 612 3424 Omnia
668 3379 839 3422 autem
897 3371 948 3422 in
984 3370 1247 3436 ejusmodi
1299 3369 1486 3424 ofliciis
1531 3382 1774 3438 operatur

206 3474 341 3514 unus
365 3469 521 3527 atque
544 3459 680 3512 idem
721 3460 935 3527 spiritus
969 3457 1018 3525 (l
1047 3458 1167 3509 Cor.
1213 3459 1328 3523 xu),
1357 3457 1513 3525 cujus
1569 3460 1771 3513 donum

172 3555 317 3608 'non
387 3549 583 3620 gratis,
632 3549 722 3602 sed
772 3563 868 3617 per
915 3549 1142 3616 pretium
1202 3545 1330 3602 dare
1371 3548 1460 3600 vel"
1509 3549 1768 3615 accipere,

203 3652 315 3695 non
382 3638 749 3704 catholicum,
804 3638 896 3693 sed
954 3636 1314 3690 indubitanter
1369 3647 1451 3692 est
1499 3636 1771 3690 Simoni:-

201 3745 270 3788 ευ
279 3745 352 3783 m.

271 3819 408 3870 CAP.
443 3816 510 3870 Χ.
549 3817 866 3871 Mediatores
908 3833 1121 3890 quoque
1167 3817 1329 3884 lmjus
1375 3817 1772 3872 nefandissinta:

203 3906 588 3974 negotiationis
613 3906 680 3958 ab
707 3907 824 3972 ipso
856 3906 991 3960 Vase
1022 3908 1299 3960 electionis
1328 3907 1652 3961 damnantur
1678 3911 1767 3976 qui

203 4010 299 4051 eos
334 3995 413 4047 ita
441 3993 738 4046 detestatur
782 4013 794 4045 :
845 4014 861 4043 ι
907 3994 1038 4047 Nam
1070 3997 1213 4062 digni
1257 4005 1383 4048 sunt
1418 4006 1611 4057 morte,
1661 4013 1767 4048 non

203 4085 388 4138 solum
415 4081 506 4150 qui
533 4081 759 4135 nefanda
787 4082 1003 4146 faciunt,
1035 4083 1126 4136 sed
1143 4084 1303 4135 etiam
1333 4083 1424 4151 qui
1453 4084 1768 4137 facientibus

203 4173 554 4228 consentiunt
576 4171 744 4240 (Rom.
769 4177 826 4239 ι).
861 4192 875 4219 ι
906 4172 1030 4225 Item
1055 4173 1329 4225 citharista
1358 4183 1537 4225 noster
1560 4172 1720 4225 David
1752 4193 1763 4225 :

209 4283 227 4314 ι
269 4263 328 4317 Si
361 4264 602 4324 videbas,
635 4262 823 4331 inquit,
851 4262 1041 4326 furem,
1074 4262 1329 4315 currebas
1350 4279 1471 4315 cum
1502 4278 1565 4314 eo
1592 4262 1762 4322 (Psal.

203 4355 390 4422 ιιιι),
430 4373 448 4404 ι
482 4363 534 4406 et
573 4353 698 4407 illud
735 4371 745 4404 :
784 4371 801 4403 ε
844 4351 915 4405 Os
947 4361 1095 4405 tuum
1134 4353 1421 4404 abundavit
1455 4352 1681 4415 malitia,
1715 4363 1767 4405 ct

201 4445 393 4514 lingua
437 4451 527 4496 tua
573 4444 929 4496 concinnabat
973 4443 1124 4495 dolos
1167 4442 1374 4509 ΗΜΛ).
1422 4461 1438 4492 ›
1477 4440 1672 4494 Deinde
1700 4432 1766 4496 in

200 4534 395 4604 eodem
417 4533 624 4599 psalmo
654 4533 904 4587 terribilis
940 4532 1198 4586 sententia
1228 4532 1294 4585 de
1329 4530 1636 4600 hujusmodi
1675 4547 1764 4585 as-

200 4628 478 4676 sentatore
499 4619 786 4687 profertur,
817 4621 1061 4675 videlicet
1103 4620 1245 4687 quod
1269 4635 1298 4672 a
1323 4619 1550 4672 Domino
1584 4620 1652 4673 sit
1673 4636 1763 4672 ar-

202 4707 474 4776 guendus,
500 4721 598 4760 nec
622 4721 714 4774 per
739 4708 970 4775 aliquem
1011 4724 1040 4761 a
1073 4723 1234 4761 manu
1275 4707 1484 4761 Domini
1513 4708 1763 4776 deinceps

199 4795 514 4866 eripiendus
545 4793 754 4864 (Ibid).
789 4795 896 4850 Nec
927 4796 1158 4858 mireris,
1199 4796 1244 4848 si
1281 4796 1578 4863 spiritualis
1604 4797 1760 4852 oﬂicii

203 4893 478 4940 mercator
504 4884 607 4939 sub
636 4884 851 4937 nomine
891 4883 1024 4937 furis
1063 4884 1401 4950 designetur;
1433 4901 1556 4940 cum
1602 4895 1655 4941 et
1696 4889 1764 4942 ab

202 4974 320 5042 ipsa
343 4974 567 5028 veritate
589 4974 643 5027 in
663 4971 948 5042 Evangelio
969 4974 1038 5026 ita
1065 4975 1406 5029 nominetur:
1439 4996 1456 5026 c
1492 4975 1594 5042 Qui
1618 4978 1762 5032 enim

202 5062 422 5117 aliunde
451 5065 632 5128 intrat,
682 5063 786 5118 nisi
833 5078 927 5132 per
953 5062 1169 5125 ostium,
1206 5078 1312 5115 non
1337 5075 1520 5132 pastor
1556 5068 1761 5132 ovium,

201 5148 298 5202 sed
339 5148 430 5204 fur
460 5160 516 5206 et
558 5153 694 5207 latro
723 5150 900 5221 (Joan.
946 5151 998 5216 κ)
1036 5171 1053 5201 ι
1087 5161 1428 5219 nuncupatur
1451 5169 1482 5206 a
1509 5153 1755 5209 Domino.

203 5235 616 5306 Nempe'nullus
653 5242 707 5295 in
731 5241 968 5297 Ecclesia
1005 5240 1254 5310 prmlatus
1284 5255 1378 5308 per
1402 5243 1622 5308 ostium,
1658 5245 1760 5300 hoc

202 5333 308 5390 est,
338 5339 435 5393 per
463 5326 636 5394 ipsum
664 5329 949 5384 Dominum
991 5332 1055 5385 ad
1101 5330 1419 5398 pastoralem
1449 5346 1632 5384 curam
1672 5335 1757 5385 in-

203 5415 390 5480 travit,
409 5415 502 5483 qui
524 5431 618 5483 per
639 5420 939 5485 avaritiam,
970 5422 1021 5475 id
1043 5430 1143 5483 est,
1163 5421 1421 5473 idolorum
1448 5422 1754 5476 servitutem

205 5503 273 5558 ad
307 5505 412 5559 hoc
442 5503 674 5588 ofﬁcium
716 5511 974 5574 pervenit.
1022 5510 1137 5565 Non
1181 5509 1268 5565 est'
1301 5527 1427 5564 ervo
1479 5512 1754 5580 indignum

1868 602 2009 652 mine
2040 600 2174 652 furis
2202 600 2472 664 infamari,
2497 602 2651 668 cujus
2675 599 2925 653 furtivam
2948 601 3292 666 irreptioncm
3322 611 3429 650 non
3455 587 3469 597 ’

1866 692 2078 758 expavit
2100 691 2316 742 imitari.
2358 689 2527 759 Hujus
2556 701 2733 742 autem
2771 689 3200 774 criminosissimi
3232 687 3428 738 merci-

1869 783 2030 834 monii
2072 782 2396 834 mediatorcs
2429 777 2532 833 rion
2584 781 2910 848 negligenter
2961 780 3238 832 attendant
3281 775 3426 826 (iii-li

1869 887 2089 938 puerum
2124 870 2311 934 Elisei,
2349 873 2438 937 qui
2483 887 2544 922 ex
2585 881 2734 938 parte.
2765 871 2965 922 domini
2993 870 3097 927 sui,
3126 884 3190 918 co
3214 866 3426 932 quidem

1869 963 2158 1024 nesciente,
2190 978 2410 1013 munera
2441 970 2626 1028 sponte
2658 962 2834 1013 oblata
2870 960 3104 1025 Suscepit
3134 973 3162 1008 a
3193 956 3428 1007 Naaman

1872 1051 2026 1119 Syro,
2064 1052 2152 1118 lini
2177 1051 2286 1118 jam
2322 1068 2348 1102 a
2384 1052 2525 1118 lepra
2560 1051 2846 1102 mundatus
2881 1059 2962 1100 est
3000 1048 3067 1098 ab
3100 1045 3272 1119 liliseo
3303 1060 3430 1110 pro-

1870 1139 2044 1204 pheta.
2091 1137 2231 1190 Ideni
2272 1140 2468 1206 quippe
2520 1139 2685 1199 (ἱίυκί,
2750 1138 2870 1188 licet
2918 1137 3053 1188 inter
3100 1134 3331 1184 l-Lliseum
3380 1141 3432 1184 et

1870 1228 2105 1280 Naanmn
2139 1229 2346 1282 medius
2378 1229 2577 1281 nefarie
2611 1230 2929 1286 lucraretur,
2969 1236 3216 1277 neutrum
3251 1231 3430 1274 tamen

1871 1334 2050 1370 secum
2076 1319 2314 1384 ejusdem
2354 1319 2572 1371 sceleris
2609 1318 2734 1370 fecit
2770 1318 3079 1369 obnoxium.
3112 1313 3240 1366 Nam
3272 1325 3320 1362 et
3349 1313 3431 1363 ilic

1871 1418 2217 1474 spontaneum
2243 1408 2562 1460 oblationem
2590 1409 2720 1460 satis
2740 1410 3008 1477 eleganter
3031 1407 3251 1472 respuit,
3271 1419 3430 1471 quam

1873 1499 1970 1551 iste
1996 1515 2101 1551 non
2133 1500 2286 1565 quasi
2309 1515 2369 1549 ex
2397 1498 2575 1549 debito
2602 1499 2851 1559 eun-niis,
2884 1498 2972 1548 sed
2996 1513 3057 1548 ex
3091 1495 3319 1560 benigno
3354 1492 3432 1545 af—

1873 1587 2012 1640 fectu
2047 1588 2240 1639 mentis
2285 1587 2571 1638 liberaliter
2618 1588 2824 1638 obtulit.
2863 1586 2963 1637 Sed
3007 1585 3254 1652 quamvis
3288 1582 3434 1635 Ciczi

1875 1684 2123 1726 llt'llll'lllll
2176 1675 2368 1726 horum
2404 1675 2452 1724 in
2485 1676 2686 1727 (rinien
2718 1690 2899 1724 secum
2931 1673 3231 1729 auram-rit.
3259 1670 3347 1720 sed
3377 1686 3435 1720 se

1874 1764 2046 1815 solum
2086 1764 2222 1815 inter
2261 1764 2359 1815 hos
2386 1765 2617 1815 llll'tillllll
2660 1764 2888 1828 simplici
2917 1762 3139 1813 crimine
3167 1761 3434 1824 obligave-

1874 1854 1959 1913 rit,
1994 1855 2104 1920 ipse
2147 1863 2322 1905 tamen
2377 1864 2429 1905 et
2477 1871 2666 1906 onmes
2713 1855 2829 1919 ejus
2874 1853 3069 1919 posteri
3122 1866 3216 1917 pro
3249 1850 3433 1899 eadrm

1869 1943 2022 2009 culpa
2056 1944 2306 2011 leguntur
2334 1944 2672 1995 severissime
2697 1945 2888 2008 puniti,
2923 1942 3121 2001 St'ilit't‘l
3154 1942 3375 2005 leprani,
3407 1953 3435 1987 a

1869 2047 1971 2097 qua
2013 2032 2299 2083 Inutnlatus
2328 2042 2407 2081 est
2446 2030 2705 2094 Nazunan,
2746 2031 2898 2097 quasi
2954 2026 3342 2081 lia-reditariam
3381 2027 3434 2076 in

1869 2123 2251 2186 sempiternum
2288 2122 2458 2173 Sttl‘lill
2491 2120 2538 2174 ll
2562 2120 2594 2169 ι’
2622 2121 2739 2187 lleg.
2771 2134 2843 2186 κ).
2872 2119 3205 2186 Quapropter
3237 2116 3438 2168 Inedia-

1871 2217 2013 2261 tores
2048 2209 2368 2262 Simoniacm
2417 2211 2796 2273 negotiationis
2839 2209 3113 2261 attendant
3150 2223 3310 2273 quain
3352 2206 3435 2256 di—

1870 2298 2071 2358 stricte,
2109 2298 2215 2348 imo
2235 2314 2394 2366 quam
2425 2300 2822 2350 districtissime
2857 2298 2964 2349 sint
2995 2298 3284 2349 damnandi
3308 2336 3321 2358 ,
3345 2297 3437 2360 qui

1871 2401 1976 2436 non
2044 2388 2214 2438 solum
2278 2403 2334 2440 se
2386 2389 2558 2454 ipsos,
2613 2389 2703 2438 sed
2752 2397 2806 2438 ct
2860 2387 2975 2438 illos
3021 2402 3250 2452 quorum
3321 2399 3435 2436 nte-

1871 2475 2103 2526 diatores
2131 2485 2275 2539 sunt,
2309 2477 2408 2529 sub
2432 2488 2625 2529 a-terna
2656 2477 3000 2528 damnatione
3027 2490 3210 2528 secum
3243 2490 3437 2542 posue-

1873 2572 2019 2632 runt.

1943 2649 2085 2703 Satis
2106 2667 2255 2720 ergo,
2292 2662 2350 2705 ut
2388 2656 2598 2720 opinor,
2633 2655 2962 2706 declaratum
2993 2661 3255 2720 estquam
3282 2667 3434 2702 sum-

1872 2754 2087 2806 mopere
2109 2742 2391 2807 praedictas
2428 2743 2594 2796 nostri
2626 2743 2905 2810 apostolici
2944 2743 3250 2796 sanctiones
3280 2756 3436 2792 vene-

1872 2829 1978 2881 rari
2001 2831 2354 2883 ctobservare
2382 2832 2694 2894 debeamus,
2725 2848 2862 2899 quas
2890 2848 2996 2883 non
3019 2832 3190 2884 solum
3210 2830 3272 2881 ex
3307 2845 3436 2896 syn-

1872 2920 2041 2974 odicis
2066 2930 2117 2974 et
2147 2921 2468 2974 authenticis
2503 2920 2599 2974 SS.
2655 2921 2874 2974 Patrum
2906 2921 3182 2975 sententiis
3224 2934 3438 2987 proinav

1830 3081 1835 3086 ⁵
1871 3024 2048 3071 nasse,
2082 3011 2172 3062 sed
2198 3010 2363 3062 etiam
2393 3027 2457 3063 ex
2491 3011 2841 3078 propheticis,
2869 3009 3190 3077 evangelicis
3213 3016 3266 3059 ct
3303 3023 3432 3073 apo--

1873 3097 2077 3150 stolicis
2109 3098 2325 3166 scriptis
2370 3098 2454 3168 [(2.
2497 3099 2556 3151 ll.
2592 3097 2911 3169 Scripturis]
2950 3097 3277 3166 proeeSsisse
3305 3112 3432 3164 pro-

1873 3188 2057 3240 batum
2129 3197 2212 3241 est
2270 3189 2688 3241 evidentissime.
2756 3187 2872 3257 Ipsa
2933 3189 3176 3241 videlicet
3229 3184 3435 3239 Veritas

1871 3280 2104 3343 easdem,
2129 3289 2180 3331 et
2209 3295 2302 3347 per
2333 3295 2389 3331 se
2426 3281 2615 3347 ipsam,
2655 3291 2706 3332 et
2739 3296 2830 3346 per
2855 3293 2982 3332 suos
3013 3277 3190 3330 ﬁdeles
3221 3274 3432 3326 indubi-

1875 3379 2046 3421 tanter
2074 3371 2450 3436 promulgavit,
2478 3371 2602 3437 quia
2637 3369 2720 3437 [C.
2746 3368 2806 3419 ll.
2825 3366 2966 3436 quas]
2996 3374 3048 3418 ct
3073 3365 3172 3418 sub
3196 3363 3329 3416 fideli
3355 3373 3435 3415 at-

1876 3457 2163 3511 testatione
2200 3456 2352 3509 nobis
2374 3456 2501 3509 dicit
2529 3476 2538 3507 :
2573 3474 2589 3505 ‹
2611 3455 2799 3518 Amen,
2842 3469 2995 3507 amen
3033 3453 3153 3506 dico
3181 3451 3353 3514 vobis,
3386 3453 3435 3510 si

1870 3548 1992 3614 quis
2021 3561 2320 3599 sern'u'mcm
2357 3561 2533 3597 meum
2572 3545 2885 3604 si-rvavcrit,
2925 3561 3030 3596 non
3062 3543 3260 3595 videbit
3292 3557 3436 3618 mor-

1870 3646 1974 3688 tem
2014 3636 2064 3686 in
2090 3644 2346 3688 :eternum
2379 3633 2555 3700 (Jonn.
2586 3642 2699 3701 vni)
2721 3650 2745 3694 ;'
2771 3655 2787 3682 ι
2824 3635 2946 3687 item
2975 3633 3140 3686 alibi:
3181 3650 3197 3682 ‹
3238 3632 3293 3684 Si
3315 3634 3438 3700 quis

1870 3725 2039 3792 diligit
2071 3740 2172 3786 me,
2215 3740 2515 3775 sermonem
2544 3739 2722 3775 rm-um
2762 3723 2997 3776 servabit
3020 3721 3196 3788 (Joan.
3231 3720 3361 3787 xiv).
3411 3740 3428 3770 ι

1876 3815 2012 3883 Ergo
2042 3815 2132 3881 qui
2162 3814 2410 3865 mandata
2444 3814 2559 3879 ejus
2589 3829 2693 3865 non
2731 3814 2994 3874 observat,
3035 3812 3202 3878 ipsam
3239 3811 3433 3862 verita—

1871 3913 1972 3955 tem
2002 3919 2105 3955 non
2151 3911 2313 3954 amat.
2354 3923 2368 3950 ι
2409 3902 2507 3966 Qui
2541 3911 2718 3953 autent
2768 3917 2872 3953 non
2917 3902 3105 3969 diligit,
3151 3889 3432 3952 a'ttestantc

1870 3991 2026 4042 beato
2067 3990 2292 4050 Joanne,
2345 3997 2522 4041 manet
2566 3993 2616 4040 in
2667 3999 2837 4040 tnorte
2874 3987 2923 4056 (Ι
2947 3988 3104 4039 Ιυιιη,
3141 3988 3237 4048 ιιι).
3281 4004 3296 4034 ›
3328 3984 3430 4047 Qui

1867 4079 2028 4146 igitur
2049 4077 2224 4129 divina
2251 4086 2510 4143 praecepta
2536 4078 2846 4138 contemnit,
2881 4077 3185 4128 nullatenus
3204 4085 3428 4129 mortem

1866 4162 2234 4231 subterfugere
2264 4164 2474 4216 valebit.

1935 4263 2060 4316 CAP.
2102 4261 2190 4313 XI.
2234 4261 2471 4316 Tertium
2504 4271 2680 4316 autem
2724 4263 2894 4315 nostri
2939 4264 3218 4330 apostolici
3257 4271 3428 4316 statu-

1871 4367 1980 4410 tum
2011 4356 2154 4424 quod
2184 4356 2645 4409 incontinentibus
2663 4357 2874 4408 clericis
2906 4357 3258 4409 ministerium
3281 4357 3419 4408 alta-

1801 4432 1843 4484 D
1872 4449 1942 4501 ris
1976 4445 2263 4507 interdicit,
2294 4446 2644 4499 nihilominus
2668 4446 3040 4498 delinitumcst
3072 4461 3098 4497 a
3132 4444 3228 4497 SS.
3253 4443 3427 4496 Patri—

1810 4590 1812 4592 _
1865 4539 1984 4591 bus.
2023 4537 2116 4591 Est
2141 4536 2282 4590 enim
2325 4536 2582 4602 scriptum
2612 4537 2662 4586 in
2694 4533 2778 4603 [C.
2820 4535 2880 4587 Il.
2914 4532 3300 4602 saeratissimo]
3331 4532 3424 4584 Ni-

1863 4641 2013 4682 caeno
2058 4626 2455 4692 concilioquod
2489 4626 2782 4678 maximum
2825 4634 2908 4678 est
2949 4625 3086 4676 inter
3118 4639 3169 4675 iv
3199 4622 3426 4690 concilia

1864 4715 2169 4783 Evangeliis
2194 4715 2496 4782 adxequata,
2521 4730 2638 4780 cap.
2664 4715 2696 4766 5
2721 4732 2731 4764 :
2791 4732 2809 4761 ι
2837 4709 3108 4764 interdicit
3131 4726 3223 4778 per
3242 4714 3424 4767 omnia

1862 4821 2054 4874 magna
2085 4806 2322 4874 synodus
2351 4820 2456 4856 non
2497 4803 2767 4868 episcopo,
2807 4815 2912 4853 non
2953 4802 3284 4870 presbytero,
3314 4818 3421 4857 non

1861 4896 2111 4957 diacono,
2144 4910 2240 4945 nec
2284 4892 2441 4944 alicui
2486 4889 2707 4942 omnino
2745 4891 2834 4957 qui
2866 4891 2917 4944 in
2946 4890 3092 4942 clero
3130 4903 3230 4954 est,
3264 4893 3423 4949 licere

1862 4981 2325 5038 subintroductam
2349 4979 2544 5032 habere
2565 4980 2864 5042 mulierem,
2889 4981 2989 5033 nisi
3015 4980 3150 5034 forte
3172 4995 3418 5046 matrem,

1864 5081 1956 5126 aut
1989 5077 2254 5132 sororem,
2285 5078 2377 5121 aut
2410 5070 2650 5132 amitam,
2681 5073 2764 5123 vel
2793 5085 2885 5124 eas
2921 5080 3128 5124 tantum
3161 5085 3419 5139 personas

1862 5175 1982 5229 qua:
2009 5158 2348 5227 suspiciones
2373 5159 2650 5228 effugiunt.
2687 5179 2705 5211 ι

1931 5245 1999 5302 Ut
2034 5257 2210 5301 autem
2237 5249 2398 5318 hujus
2429 5250 2620 5317 capitis
2651 5251 2872 5303 intentio
2904 5245 3102 5300 clarius
3127 5246 3414 5308 elucescat,

1859 5339 2177 5407 apertiorem
2224 5341 2344 5406 ejus
2383 5340 2781 5391 translationem
2831 5336 3144 5390 subnectere
3185 5349 3290 5386 non
3339 5335 3416 5399 pi-

1861 5441 1998 5499 geat.
2023 5407 2360 5481 Omnimodis
2400 5439 2583 5481 saneta
2629 5425 2901 5478 interdixit
2948 5425 3204 5491 synodus,
3244 5438 3416 5488 neque

1863 5520 2134 5586 episcopo,
2177 5532 2347 5582 neque
2383 5516 2708 5581 presbytero,
2757 5530 2927 5586 neque
2962 5514 3208 5575 diacono,
3235 5526 3414 5575 neque

281 5660 425 5728 (994)
469 5657 592 5711 Haec
616 5660 866 5728 periodus
896 5662 946 5713 in
985 5664 1042 5716 C.
1080 5664 1139 5717 R.
1187 5666 1521 5719 desideratur
1548 5667 1595 5717 in
1628 5677 1909 5734 contextu;
1939 5669 2028 5721 scd
2057 5677 2232 5718 tamen
2261 5676 2336 5720 est
2362 5663 2422 5715 ad
2451 5664 2756 5735 marginem.
