3956 6390
514 428 647 483 H19

1474 429 1565 485 AD
1600 430 1826 504 OPERA
1865 432 1921 487 S.
1961 428 2283 494 GREGORII
2318 430 2759 490 APPENDICES.

3590 38 3888 131 -τ-ει

3579 435 3725 489 ii”

446 582 450 587 .
514 537 607 591 ulli
650 510 1280 607 clericorum,‘permittit
1323 539 1520 594 habere
1552 556 1735 597 secum
1784 542 2065 602 mulierem
2092 550 2139 607 Α
2161 523 2225 603 ca
2254 526 2320 601 εἰ
2349 544 2615 602 Praeterea
2643 558 2789 600 cura:
2817 549 2922 598 tua:
2942 541 3015 600 sit
3029 542 3245 599 eosdem
3275 541 3471 598 fratres
3496 552 3725 600 nostros

513 636 840 694 extraneam,
869 628 972 683 nisi
993 626 1131 684 forte
1150 639 1323 685 mater
1340 631 1429 697 sit,
1452 640 1545 685 aut
1563 647 1738 698 soror,
1767 642 1861 692 aut
1879 638 2063 693 amita.

517 715 572 768 In
600 716 685 773 his
717 733 950 788 namque
992 723 1235 790 personis
1259 732 1313 777 ct
1352 722 1549 778 horum
1590 724 1859 786 similibus
1890 732 2069 786 omnis

515 807 752 875 suspicio
783 809 1094 870 declinatur.
1123 812 1226 878 Qui
1253 813 1407 868 aliter
1432 822 1627 883 praeter
1651 814 1769 877 haec
1792 820 1903 893 agit
1927 820 2069 890 peri-

515 895 787 951 clitabitur
805 898 871 951 de
903 899 1048 954 clero
1070 916 1189 955 suo.
1222 900 1647 980 V'idesne‘igitur
1681 910 1809 979 quia
1856 912 2069 979 penitus

515 985 724 1040 clericis
767 987 1048 1061 conjngale
1088 1007 1227 1062 opus
1274 992 1364 1070 [C.
1392 998 1458 1072 li.
1494 998 1642 1071 istic]
1686 1000 2070 1056 interdicatur?

515 1074 640 1141 ιιιιίει
666 1084 720 1130 ei
747 1092 844 1145 DI'O
875 1079 989 1148 ipsa
1018 1082 1415 1152 cohabitatione
1452 1104 1552 1144 sua
1586 1088 1930 1156 feminarum,
1962 1106 2068 1144 non

515 1164 691 1218 solum
716 1166 785 1220 dc
808 1162 1027 1225 ministe
1055 1168 1111 1224 io
1140 1177 1346 1244 auaris,
1366 1177 1461 1233 sed
1479 1178 1547 1232 de
1577 1179 1830 1234 clericatu
1853 1194 1954 1235 suo
1972 1195 2067 1249 pe-

517 1250 884 1320 rit'lilarilure.
905 1275 1213 1321 censentur.
1239 1253 1349 1322 Nec
1375 1268 1480 1323 hoc
1508 1277 1714 1324 tantum
1743 1270 1810 1325 de
1828 1270 2071 1325 sacerdo-

520 1340 689 1416 tibus,
712 1351 807 1406 sed
831 1352 900 1409 de
921 1355 1175 1412 omnibus
1196 1357 1367 1412 sacris
1388 1357 1667 1413 ordinibus
1687 1360 1961 1416 evidenter
1981 1360 2071 1416 de-

517 1437 774 1495 cernitur.
910 1436 920 1444 κ

587 1527 720 1583 Item
749 1529 1194 1593 Neocaesareense
1222 1536 1533 1604 concilium,
1577 1540 1721 1609 quod
1750 1548 1872 1595 ante
1900 1540 2069 1597 Nica-

520 1632 650 1672 num
677 1622 968 1678 concilium
1018 1625 1186 1684 fuisse
1218 1629 1433 1701 legitur,
1468 1631 1553 1703 ita,
1574 1645 1701 1700 cap.
1728 1632 1757 1684 l
1787 1631 2023 1686 decrevit
2050 1649 2063 1683 :

527 1726 546 1757 ι
580 1708 883 1782 Presbyter,
910 1714 957 1769 si
996 1732 1218 1773 uxorem
1242 1720 1477 1786 duxerit,
1506 1718 1577 1774 ab
1601 1721 1790 1785 οτάἰιιε
1831 1721 2068 1791 ἀεροειδ-

523 1807 629 1852 tur.
665 1802 723 1855 Si
757 1818 885 1857 vero
916 1804 1209 1867 fornicatus
1244 1809 1427 1878 fuerit,
1456 1820 1551 1867 aut
1581 1812 1914 1867 adulterium.
1943 1824 2067 1880 per-

522 1898 758 1958 petraver
771 1893 845 1958 it,
887 1897 1117 1965 amplius
1170 1901 1293 1969 pelli
1322 1857 1475 1957 debet
1501 1912 1554 1958 et
1593 1903 1661 1957 ad
1695 1857 2063 1972 pmnitentliam

523 1981 708 2050 redigi.
758 2002 776 2034 ι
1782 2012 1787 2015 ι

590 2069 1029 2128 Chalcedonense
1068 2074 1230 2132 etiam
1272 2080 1590 2144 concilium,
1615 2080 1759 2149 quod
1798 2080 1944 2148 ipsas
1972 2079 2066 2134 Ni-

524 2170 720 2224 caenas,
748 2159 1238 2231 Neocresareenses,
1252 2167 1361 2220 imo
1379 2150 1568 2223 omnes
1580 2166 1678 2221 SS.
1691 2166 1911 2225 Patrum
1937 2183 2066 2222 san-

524 2247 731 2301 (tiones
776 2258 899 2303 ante
936 2253 1112 2321 ipsum
1159 2262 1480 2320 transactas,
1516 2264 1576 2309 ut
1602 2255 1912 2324 prmdictum
1963 2263 2066 2320 est,

524 2338 824 2403 confirmat,
853 2341 1012 2394 etiam
1042 2345 1348 2398 earumdem
1379 2346 1717 2400 sanctionum
1744 2346 2068 2414 praevaricaé

525 2435 670 2482 tores
715 2431 1033 2497 generaliter
1067 2432 1140 2486 ita
1174 2434 1519 2499 condemnat,
1568 2450 1687 2503 cap.
1724 2434 1792 2487 I0
1833 2453 1848 2487 :
1889 2453 1910 2485 ‹
1962 2433 2071 2489 Eos

524 2523 705 2570 autem
743 2518 837 2586 qui
865 2520 984 2573 ausi
1005 2520 1207 2575 fuerint
1237 2531 1360 2591 post
1384 2523 1751 2578 deﬁnitionem
1788 2538 1996 2593 magna:
2018 2531 2074 2576 et

523 2605 845 2661 universalis
868 2608 1031 2677 hujus
1060 2611 1249 2680 synodi
1272 2611 1567 2681 quidquam
1593 2627 1660 2667 ex
1688 2613 1774 2667 his
1802 2628 1924 2683 quae
1946 2622 2074 2668 sunt

522 2694 788 2763 prohibita
821 2707 1146 2767 perpetrare,
1175 2700 1610 2759 decrevitsancta
1630 2703 1868 2773 synodus
1888 2718 1920 2757 a
1944 2717 2071 2773 pro-

524 2784 644 2851 prio
678 2787 846 2854 gradu
865 2789 1133 2843 recedere.
1164 2808 1183 2840 ι
1601 2850 1604 2853 η
1786 2796 1791 2802 ’

592 2894 723 2951 Item
774 2898 1118 2955 beatissimus
1165 2916 1301 2970 papa
1339 2901 1624 2973 Sylvester,
1672 2903 1767 2972 qui
1801 2901 2073 2958 Nicmnam

526 2985 791 3056 synodum
819 2990 1184 3060 congregavit,
1218 2999 1272 3043 et
1304 2992 1546 3055 eamdem
1573 2992 1870 3061 apostolica
1890 3000 2077 3047 aucto-

525 3075 683 3132 ritate
707 3078 1094 3145 corroboravit,
1119 3074 1184 3137 .in
1206 3082 1326 3149 suis
1355 3081 1702 3152 synodalibus
1723 3082 1976 3148 decretis,
2000 3070 2074 3136 ita

2165 637 2448 705 episcopos
2481 634 2778 700 adhortari,
2822 643 2882 688 ut
2932 633 3202 703 subjectos
3227 632 3330 688 sibi
3353 634 3410 687 in
3439 634 3611 690 sacris
3630 634 3718 689 vi-

2164 726 2357 782 delicet
2373 726 2656 781 ordinibus
2682 725 3026 790 constitutos,
3060 723 3206 793 quod
3243 723 3342 793 ipsi
3386 732 3626 790 servant,
3647 724 3719 778 ad

2166 817 2570 873 similitudinem
2603 816 2688 873 sui
2736 814 2912 871 modis
2940 808 3193 869 omnibus
3224 829 3442 871 servare
3469 828 3720 870 commo-

2166 915 2347 960 neant.
2392 925 2411 957 ι
2525 902 2531 907 ’
3022 912 3025 915 ’
3106 944 3107 947 η

2234 996 2388 1064 Item,
2434 995 2725 1051 Zacharias
2768 1010 2906 1065 papa
2938 995 2995 1049 in
3033 993 3261 1051 decretis
3289 992 3585 1067 suis,vcap.
3626 990 3655 1067 1
3698 1007 3715 1041 :

2174 1104 2192 1137 ι
2235 1076 2585 1142 Decernimus
2626 1094 2687 1141 ut
2712 1085 2950 1155 episcopi
2989 1100 3112 1140 cum
3151 1082 3467 1139 mulieribus
3494 1081 3722 1137 omnino

2167 1190 2278 1230 non
2299 1175 2565 1242 habitent,
2596 1190 2664 1231 ne
2693 1175 2761 1230 ab
2789 1174 2997 1245 antiqui
3023 1174 3195 1238 hostis
3231 1169 3419 1227 fraude
3442 1171 3721 1241 decipian-

2165 1274 2274 1322 tur.
2315 1285 2334 1318 ι
2370 1265 2536 1332 Idem,
2584 1267 2637 1319 in
2690 1266 2890 1321 eisdem
2934 1280 3052 1335 cap.
3086 1265 3168 1318 2:
3213 1282 3231 1317 ι
3274 1261 3346 1317 Ut
3394 1260 3719 1332 presbyteri,

2165 1355 2252 1411 vel
2273 1350 2486 1410 diaconi
2517 1355 2954 1409 subintroductas
2970 1353 3226 1407 mulieres
3258 1351 3406 1406 nullo
3435 1350 3595 1405 modo
3624 1363 3720 1404 se-

2166 1458 2294 1499 cum
2320 1443 2518 1497 habere
2545 1442 2781 1499 audeant
2806 1483 2823 1508 ,
2853 1442 2960 1495 nisi
3003 1441 3144 1496 forte
3184 1447 3535 1495 commatrem
3558 1452 3717 1492 suam

2168 1542 2263 1586 aut
2294 1532 2686 1602 proximitatem
2735 1530 3098 1603 generationis
3144 1529 3249 1584 sibi
3282 1529 3563 1593 habentes,
3593 1541 3723 1597 qua:

2169 1622 2508 1690 suspiciones
2535 1621 2818 1694 effugiunt,
2862 1622 3004 1677 sicut
3029 1621 3084 1674 in
3113 1618 3327 1686 Nicaena
3353 1618 3557 1690 synodo
3585 1632 3724 1673 con-

2167 1711 2384 1765 tinetur.
2418 1710 2477 1764 Si
2521 1711 2645 1781 quis
2685 1719 2879 1780 praeter
2929 1711 3045 1765 haec
3090 1717 3291 1765 statuta
3316 1707 3724 1779 praesumpserit

2169 1814 2347 1871 agere,
2378 1800 2664 1855 sacerdotii
2692 1799 2778 1854 sui
2802 1800 3010 1854 honore
3038 1798 3327 1869 privetur.»
3521 1850 3528 1855 .

2235 1893 2367 1950 Item
2410 1895 2600 1951 beatus
2637 1888 2995 1966 Hieronymus
3041 1894 3287 1949 scribens
3319 1891 3386 1947 ad
3413 1891 3721 1958 Oceanum,

2165 1984 2488 2038 authenticis
2509 1983 2807 2047 rationibus
2828 1981 3072 2051 probavit
3092 1996 3201 2035 non
3221 1980 3381 2056 licere
3398 1980 3557 2034 cleris
3588 1993 3728 2033 con-

2165 2072 2369 2127 versari
2391 2086 2513 2125 cum
2545 2070 2759 2126 feminis
2777 2088 2791 2123 :
2807 2068 2874 2123 Et
2899 2069 3182 2138 postmodo
3195 2068 3477 2124 subintulit
3493 2086 3506 2121 :
3525 2086 3543 2118 ι
3561 2066 3723 2132 Quod

2165 2161 2233 2227 si,
2258 2169 2379 2229 post
2399 2169 2584 2215 nostra
2613 2159 2842 2226 monita,
2864 2158 3061 2228 aliquis
3090 2156 3342 2222 clericus,
3368 2168 3498 2212 suas
3524 2169 3727 2225 agape-

2166 2257 2250 2305 tas
2265 2249 2385 2321 [ms.
2412 2257 2710 2320 sagapetas,
2745 2248 2982 2302 mendose
3002 2245 3306 2317 adntodum]
3326 2235 3555 2315 amplius
3578 2258 3730 2313 qua-

2170 2336 2323 2392 sierit
2347 2340 2531 2390 amare
2555 2351 2717 2405 quam
2746 2334 3044 2398 Christum,
3081 2328 3725 2402 secundum,synodalem

2167 2422 2405 2494 regulam
2427 2422 2800 2487 conveniatur,
2849 2428 2903 2475 et
2925 2417 3435 2494 praecepta-Patrum
3452 2418 3515 2471 in
3542 2416 3726 2491 Nicaea

2168 2510 2391 2564 deﬁnita
2435 2509 2486 2563 ei
2512 2510 2776 2579 legantur.
2815 2507 2951 2564 Tum
2977 2518 3126 2574 vero,
3148 2506 3197 2562 si
3234 2516 3551 2572 conventus,
3585 2520 3728 2576 pra:-

2169 2595 2341 2652 dictas
2372 2595 2566 2667 fugerit
2603 2586 2991 2667 et._.reliquerit,
3014 2596 3291 2652 consecuti
3324 2612 3517 2651 sumus
3542 2596 3726 2650 maxi-

2141 2745 2143 2747 l
2170 2697 2321 2736 mum
2351 2683 2586 2737 lucrum.
2622 2682 2873 2753 Alioquin
2899 2683 3022 2739 talis
3043 2683 3113 2738 ab
3131 2681 3371 2739 Ecclesia
3403 2682 3726 2737 anathema-

2170 2771 2419 2826 tizandus
2456 2778 2559 2826 est.
2604 2770 2922 2827 Germinant
2952 2771 3099 2831 enim
3135 2769 3345 2825 femina:
3367 2770 3552 2839 spinas
3594 2784 3728 2824 etim

2170 2860 2304 2941 viris
2342 2859 2670 2927 habitantes,
2691 2869 2748 2914 et
2771 2874 2971 2915 arcana
3002 2854 3262 2914 mentium
3282 2867 3442 2915 acuto
3463 2871 3729 2914 mucrone

2173 2947 2501 3015 percutiunt.
2532 2963 2552 2996 ι
2808 2996 2825 3028 κ

2249 3050 2351 3110 Sed
2385 3054 2513 3124 quid
2535 3054 2712 3128 dicam
2740 3052 3006 3108 ulteriu‘s‘
3036 3039 3254 3108 Deﬁciet
3279 3051 3423 3107 enim
3463 3065 3549 3106 me
3581 3058 3726 3106 tem-

526 3129 790 3231 ἀεοεὶ-ιιὶὲξ
804 3129 1021 3236 ὦῗέ
1036 3129 1325 3225 ξ”ξιέἔιὲὶξ
1350 3129 1700 3241 ὦζὲἶῷξῖ
1726 3129 2075 3227 Ῑιῖἑῖῐιξῖιᾏὲέξ
2102 3161 2143 3217 c
2175 3158 2277 3241 P“s
2329 3150 2388 3241 ιξι
2408 3157 2655 3241 ea???”
2686 3129 2956 3241 λγίβυιωη
2983 3139 3079 3241 ὲβε
3119 3140 3182 3241 ’τά
3219 3138 3454 3241 ﬁlim“!
3485 3137 3728 3241 53;"-

524 3254 875 3324 praesbyterii,
898 3267 1087 3337 sumat
1102 3259 1408 3329 coniugium
1423 3278 1439 3325 ;
1456 3259 1600 3328 quod
1621 3260 1666 3315 si
1688 3262 1813 3329 quis
1836 3252 2076 3331 neglecto

526 3343 673 3409 hoc,
700 3344 855 3399 aliter
897 3340 1085 3417 egerit,
1117 3364 1190 3402 xu
1225 3349 1382 3403 annis
1409 3364 1531 3402 eum
1571 3349 1824 3424 iubemus
1876 3350 2075 3421 privari

528 3431 754 3488 honore.
811 3433 965 3500 Quod
1006 3436 1051 3490 si
1105 3437 1249 3506 quis
1289 3444 1477 3492 contra
1523 3438 1633 3505 hoc
1656 3435 2072 3510 chirographum

526 3526 768 3591 praesens
814 3525 869 3578 et
911 3527 1123 3594 publice
1171 3528 1378 3583 dictum
1428 3529 1618 3605 egerit,
1643 3529 1991 3585 damnabitur
2018 3530 2074 3584 in

529 3620 866 3679 perpetuum.
905 3632 931 3663 ι
1538 3620 1541 3621 ν

597 3718 730 3775 Item
749 3720 940 3777 beatus
963 3721 1189 3779 Siricius
1209 3706 1345 3795 papa
1370 3725 1425 3778 in
1446 3725 1832 3792 deeretis‘suis,
1853 3706 1982 3798 cap.
2008 3729 2040 3781 ’1
2058 3750 2071 3785 έ

535 3828 557 3861 ι
595 3809 833 3877 Quilibet
884 3812 1189 3883 episcopus,
1244 3814 1523 3884 presbyter
1564 3798 1726 3883 atque
1772 3815 2034 3872 diaconus
2057 3859 2073 3884 ,

431 3929 436 3935 -
528 3901 673 3972 quod
697 3917 806 3959 non
826 3909 1097 3971 optamus,
1126 3903 1378 3974 deinceps
1410 3900 1748 3968 incontinens
1789 3905 1950 3961 fuerit
1988 3907 2075 3962 in-

528 3998 742 4055 ventus,
761 3989 875 4060 jam
904 3990 1008 4046 sibi
1037 4006 1133 4060 per
1156 4007 1254 4047 nos
1273 4007 1487 4047 omnem
1510 3993 1711 4049 aditum
1736 3994 2077 4067 indulgentia:

504 4079 792 4159 intelligat
833 4081 1164 4145 obseratum.
1212 4101 1231 4134 ι
1272 4082 1433 4150 Item,
1460 4083 1516 4137 in
1556 4083 1781 4152 eisdem,
1812 4096 1930 4154 cap.
1960 4085 2071 4141 12:

535 4189 555 4223 ι
581 4171 853 4238 Feminas,
883 4173 990 4228 sed'
1020 4188 1130 4228 non
1159 4174 1301 4228 alias
1316 4188 1438 4229 esse
1463 4174 1697 4243 patimur
1730 4175 1787 4229 in
1825 4175 2075 4232 domibus

532 4258 874 4327 clericorum,
918 4259 1026 4316 nisi
1057 4277 1152 4316 eas
1192 4270 1423 4327 tantum,
1460 4279 1597 4340 quas
1637 4272 1858 4334 propter
1901 4268 2075 4322 solam

450 4430 451 4433 η
532 4347 990 4402 necessitudinum
1016 4364 1237 4433 causam
1262 4349 1654 4430 habitarecum
1693 4352 1882 4407 iisdem
1908 4369 2074 4423 syno-
2160 4363 2170 4367 ‘

448 4430 457 4457 ί
531 4436 636 4492 dus
654 4435 871 4491 Nieama
892 4430 1155 4504 permisit.
1185 4454 1203 4485 ι
1934 4458 1939 4463 -

599 4545 755 4613 Item,
799 4542 1176 4600 sanctissimus
1219 4558 1359 4629 papa
1387 4531 1692 4618 Gregorius
1739 4544 1982 4603 scribens
2005 4548 2074 4603 ad

531 4636 838 4693 Romanum
858 4634 1196 4691 defensorem
1222 4634 1339 4706 (lib.
1361 4652 1466 4717 vn,
1499 4645 1651 4706 epist.
1678 4638 1768 4708 39)
1789 4638 1864 4705 ita
1891 4638 2075 4694 decer-

508 4728 631 4805 .nit_,
671 4744 791 4797 cap.
818 4726 918 4782 I0:
947 4746 966 4779 ι
1000 4725 1173 4797 Siqui
1201 4726 1597 4797 episcOporum,
1629 4743 1769 4797 quos
1800 4726 2075 4783 commissi
2131 4730 2135 4733 “

535 4806 630 4871 tibi
671 4818 977 4885 patrimonii
1019 4818 1143 4873 linis
1182 4816 1426 4889 includit,
1467 4834 1592 4874 cum
1629 4816 1947 4873 mulieribus
1976 4816 2072 4871 de-

535 4912 689 4976 gunt,
717 4906 819 4958 hos
839 4903 926 4975 [6.
953 4907 1017 4973 ﬂ.
1039 4907 1165 4980 hoc]
1213 4909 1435 4965 omnino
1457 4922 1791 4978 compescas,
1812 4914 1866 4961 et
1882 4905 1949 4960 de
1973 4918 2077 4960 ea-

536 5004 655 5052 tero
680 5008 774 5048 eas
799 4993 910 5048 illic
946 4995 1188 5052 habitare
1210 5000 1360 5055 nullo
1382 4999 1545 5055 modo
1568 4998 1810 5069 patiaris,
1841 4996 2077 5066 exceptis

534 5086 619 5143 eis
645 5098 783 5154 quas
827 5097 1108 5138 sacrorum
1138 5102 1407 5142 canonum
1441 5104 1672 5146 censura
1698 5087 1977 5159 permittit,
2022 5086 2077 5141 id

535 5185 639 5243 est,
676 5182 869 5239 matre,
900 5172 1084 5241 amita,
1127 5189 1399 5243 germana,
1414 5189 1476 5231 .et
1508 5178 1628 5232 aliis
1651 5177 1982 5247 huiusmodi,
2010 5177 2079 5232 de

536 5266 734 5336 quibus
766 5277 933 5333 prava
957 5277 1066 5317 non
1090 5263 1393 5333 possitesse
1412 5263 1668 5333 suspicio.
1691 5263 1880 5321 Melius
1898 5273 2079 5320 tamen

536 5344 765 5420 faciunt,
794 5354 842 5410 si
870 5354 1032 5411 etiam
1074 5353 1265 5408 talium
1311 5352 1708 5409 cohabitatione
1750 5354 2077 5409 contineant.

488 5461 493 5464 '
516 5436 519 5437 ⁷
537 5444 673 5503 Nam
700 5447 895 5518 legitur
916 5447 1059 5517 quod
1074 5445 1268 5502 beatus
1281 5430 1613 5517 Augustinus
1636 5460 1735 5500 nec
1754 5459 1877 5500 cum
1897 5457 2081 5497 sorore

540 5535 782 5592 habitare
798 5536 1154 5601 consenserit,
1176 5536 1361 5594 dicens
1387 5551 1402 5587 :
1435 5534 1594 5601 «Qua:
1613 5550 1736 5590 cum
1756 5546 1944 5589 sorore
1963 5546 2082 5585 mea

546 5634 692 5696 sunt,
718 5640 933 5687 sorores
956 5640 1087 5681 mea
1108 5641 1214 5680 non
1239 5633 1381 5681 sunt.
1396 5644 1413 5677 ι
1443 5624 1594 5681 Docti
1608 5640 1736 5695 ergo
1754 5617 1855 5678 viri
1875 5622 2082 5678 cautela

545 5728 738 5785 magna
793 5716 949 5772 nobis
979 5715 1133 5772 debet
1165 5724 1307 5772 esset
1336 5716 1639 5771 instructio.
1687 5714 1755 5769 Et
1784 5722 1899 5784 past
1948 5728 2082 5782 pau-

2175 3240 2284 3313 tres
2314 3230 2557 3301 praedicti
2586 3230 2758 3315 nostri
2804 3230 3083 3309 apostolici
3117 3230 3342 3300 statutis
3370 3214 3727 3284 subscriben-

2175 3327 2276 3375 tes.
2310 3316 2444 3382 Nam
2479 3314 2668 3373 omnes
2698 3316 2963 3395 catholici
2998 3316 3185 3371 eadem
3229 3316 3564 3371 observanda
3592 3329 3726 3370 esse

2148 3450 2152 3457 .
2173 3416 2500 3464 censuerunt
2542 3409 2636 3477 qui
2664 3417 2720 3463 et
2748 3400 2792 3483 a,
2814 3407 3196 3471 sacratissimis
3219 3415 3455 3477 quatuor
3477 3406 3727 3487 conciliis

2172 3494 2460 3554 dissentire
2498 3486 2807 3553 noluerunt.
2835 3496 2912 3551 Ex
2947 3495 3143 3565 quibus
3166 3506 3350 3550 noster
3394 3493 3729 3564 apostoth

2171 3586 2393 3657 prmfata
2435 3585 2688 3655 produxit
2730 3585 2963 3639 decreta.
3005 3582 3340 3653 Quapropter
3381 3597 3482 3637 nec
3527 3583 3728 3638 idiotas

2173 3677 2339 3730 latere
2389 3674 2602 3729 aestimo
2644 3687 2808 3742 quam
2859 3671 3180 3741 periculose,
3214 3669 3299 3725 vel
3336 3668 3518 3739 potius
3557 3677 3728 3739 qua.

2174 3764 2475 3832 perniciose
2515 3762 2620 3853 sibi
2652 3761 2874 3830 suisque
2913 3760 3275 3853 sectatoribys
3294 3757 3566 3853 desipiant
3595 3759 3727 3853 qui-

2174 3866 2390 3920 cunque
2422 3865 2525 3929 per
2564 3848 2851 3905 Sozomeni
2892 3856 3053 3917 caput
3091 3846 3459 3903 sacerdotibus
3488 3847 3729 3903 inconti-

2176 3942 2415 3997 nentiam
2445 3940 2718 3995 ascribere
2756 3953 2866 3993 non
2899 3930 3205 3992 formidant.
3229 3936 3457 4014 Quibus,
3480 3937 3606 3992 licet
3628 3953 3729 3992 su—

2175 4029 2357 4098 perior
2394 4027 2743 4097 epistolarum
2786 4025 3014 4081 assertio
3040 4026 3281 4081 sullicere
3311 4026 3523 4093 debeat,
3552 4039 3729 4081 unum

2176 4129 2355 4174 tamen
2384 4117 2471 4190 [6.
2501 4116 2570 4172 R.
2608 4115 2829 4188 iterum]
2880 4131 2975 4173 eos
3006 4130 3337 4187 praemonere
3373 4116 3442 4171 de
3482 4115 3729 4170 cavendo

2174 4210 2517 4266 anathemate
2547 4222 2653 4261 non
2676 4206 2885 4261 tzedeat.
2983 4245 3008 4262 .
3162 4256 3168 4263 ,

2247 4297 2376 4352 Car.
2389 4294 2514 4354 ΧΠ.
2530 4293 2699 4349 Vetus
2713 4291 3117 4367 Testamentum
3136 4290 3333 4359 partim
3347 4290 3404 4343 in
3424 4282 3725 4360 mysteriis,

2174 4386 2371 4452 partim
2395 4384 2449 4436 in
2472 4380 2771 4435 moralibus
2789 4377 3068 4447 praeceptis
3086 4374 3412 4430 continetur.
3436 4374 3542 4429 Sed
3561 4376 3732 4431 athe-

2105 4481 2151 4534 n
2174 4473 2355 4537 niente
2376 4469 2599 4546 “Christo
2644 4465 2878 4521 cessavit
2915 4464 2970 4518 in
3009 4463 3280 4535 mysteriis
3302 4470 3376 4517 .et
3412 4462 3729 4519 carnalibus

2177 4558 2553 4625 observantiis,
2590 4556 2718 4626 quia
2746 4556 2859 4625 ipse
2897 4562 2981 4631 est
3021 4552 3166 4619 finis,
3196 4552 3311 4607 sive
3333 4551 3622 4621 completio
3643 4550 3729 4607 Ie-

2178 4653 2281 4724 gis.
2305 4648 2366 4705 In
2400 4648 2695 4704 moralibus
2733 4643 2819 4718 [6.
2866 4643 2931 4697 Β.
2978 4639 3181 4713 autem]
3226 4640 3507 4713 praceptis
3543 4640 3731 4697 adhuc

2177 4747 2377 4804 manet,
2417 4730 2544 4807 quia
2590 4747 2802 4804 semper
2844 4729 2929 4789 est
2973 4731 3407 4811 observandum:
3448 4748 3470 4782 ι
3523 4728 3729 4803 Diliges

2178 4827 2485 4898 proximum
2530 4831 2686 4879 tuum
2735 4822 2875 4878 sicut
2920 4821 3154 4890 teipsnm
3197 4817 3285 4891 [6.
3310 4817 3378 4873 Β.
3411 4827 3468 4875 et
3491 4816 3727 4899 reliqua]

2180 4916 2394 4989 (lculi.
2418 4931 2479 4982 v;
2510 4913 2664 4968 Deut.
2686 4912 2784 4984 vr).
2804 4930 2825 4964 ι
2850 4911 3168 4979 Quicunque
3184 4904 3348 4980 igitur
3371 4921 3441 4962 ex
3471 4905 3592 4975 lege
3608 4903 3726 4958 ali-

2176 5021 2339 5077 quam
2363 5004 2633 5095 carnale/tn
2668 4999 3065 5095 observantiam
3097 4995 3246 5095 Nov?
3288 4990 3726 5095 quidem-Testa-

2175 5101 2360 5151 mento
2393 5078 2698 5158 adversam,
2732 5090 2911 5145 adhuc
2930 5083 3320 5158 observandam
3346 5078 3470 5147 esse
3486 5080 3726 5151 dogma-

2177 5186 2328 5250 tizat,
2360 5183 2549 5254 procul
2565 5152 2731 5237 dubio
2757 5194 2886 5235 cum
2910 5173 3134 5257 Galatia,
3166 5152 3278 5225 imo
3309 5185 3435 5226 cum
3466 5167 3729 5226 Echioni-

2178 5275 2250 5329 tis
2272 5268 2584 5345 [Ebionitis]
2618 5269 2880 5344 judaiaat.
2918 5259 3214 5345 Coniugale
3257 5265 3437 5313 autem
3469 5272 3606 5328 opus
3626 5272 3727 5314 sa-

2175 5342 2453 5418 cerdotum
2476 5359 2617 5414 inter
2636 5342 2881 5420 carnales
2896 5347 3031 5418 legis
3048 5342 3417 5424 observandas
3435 5351 3725 5423 computa-

2176 5456 2285 5504 tur.
2326 5448 2534 5515 Quibus
2580 5457 2821 5512 unquam
2861 5435 2947 5511 ιο.
2975 5435 3043 5491 Β.
3066 5434 3309 5508 inquam]
3349 5432 3729 5495 sacerdotibus

2178 5536 2284 5592 hoc
2310 5544 2519 5591 tantum
2547 5534 2601 5587 in
2647 5531 2763 5599 lege
2787 5525 3145 5583 successionis
3174 5539 3339 5589 causa
3375 5524 3571 5595 legitur
3592 5537 3731 5581 cul-

2181 5641 2433 5692 cessum,
2456 5622 2583 5705 quia
2613 5635 2678 5697 ex
2720 5619 2824 5671 alia
2851 5615 2994 5705 tribu
3021 5615 3202 5672 nullus
3227 5631 3293 5672 eo
3333 5623 3574 5684 tempore
3595 5625 3726 5683 per-

2182 5713 2329 5768 venit
2369 5702 2852 5765 ad‘sacerdotium.
2914 5702 3047 5760 Nam
3072 5704 3132 5778 in
3157 5711 3345 5760 nostro
3380 5709 3627 5771 tempore
3650 5712 3723 5753 ea
