3956 6382
215 432 338 487 Mil

1079 428 1365 483 APPEND.
1407 428 1492 482 Ill.
1535 459 1600 468 —
1637 383 2060 484 MOlVUMENTA
2099 422 2554 487 CREGORIANA.

3293 441 3426 497 “‘23

211 539 448 610 quolibet
481 553 677 609 genere
711 539 1014 596 sacerdotes
1059 540 1255 610 eligere
1290 541 1446 605 licet,
1491 541 1689 610 quibus
1713 550 1768 594 et
1795 543 1839 598 A
1868 540 2032 606 hibet,
2065 543 2209 611 quod
2235 555 2439 611 corpus
2462 542 2662 596 Christi
2705 543 2946 612 accipere
2987 561 3097 600 non
3132 549 3428 616 permittit?

211 629 402 684 merito
449 629 793 684 interdicitur
821 629 1101 699 conjugale
1148 645 1305 699 opus,
1341 647 1464 685 cum
1500 645 1606 685 non
1650 629 1763 698 jam

209 719 442 773 habeant
469 734 815 774 successores
856 719 1209 774 necessarios.
1236 719 1574 790 Quapr0pter
1609 720 1764 789 quis-

208 808 348 877 quis,
375 818 431 862 et
456 808 562 863 hoc
596 818 836 878 tempore
856 809 986 863 illud
1011 807 1294 864 Iudaicum
1334 809 1642 880 conjugium
1673 824 1764 864 sa-

209 898 521 952 cerdotibus
571 898 734 953 licere
761 913 886 952 eum
933 897 1257 964 Sozomeno,
1291 899 1374 952 vel
1423 899 1601 967 potius
1639 913 1764 952 cum

209 986 448 1041 liehione
476 987 727 1058 [Ebionc]
753 988 1078 1058 dogmatizat
1094 1030 1110 1054 ,
1137 1003 1244 1043 non
1281 989 1609 1058 negligenter
1634 988 1765 1041 illud

208 1077 517 1132 inevitabile
545 1078 831 1132 anathema
854 1079 1178 1143 consideret,
1200 1093 1311 1148 quo
1338 1078 1451 1149 ipse
1476 1078 1764 1146 Apostolus

207 1167 516 1236 specialiter
541 1165 887 1222 Judaicarum
923 1164 1360 1223 Observationum
1387 1168 1766 1238 praedicatores

206 1256 652 1321 anathematizat,
695 1255 916 1314 Galatas
951 1258 1292 1327 judaizantes
1324 1259 1398 1313 ita
1439 1258 1760 1313 deterrens:

211 1366 228 1396 α
259 1346 506 1401 Sedlicet
528 1362 647 1412 nos,
671 1349 1006 1423 autangelus
1023 1349 1090 1403 de
1109 1350 1246 1403 cmlo
1265 1347 1592 1418 evangelizet
1613 1347 1764 1402 vobis

203 1444 398 1506 praeter
418 1437 565 1506 quod
589 1437 1077 1508 evangelizavimus
1117 1439 1270 1492 vobis
1299 1479 1315 1504 ,
1367 1439 1650 1491 anathema
1695 1437 1766 1491 sit

205 1525 348 1592 (Cal.
390 1528 454 1594 I).
481 1547 498 1578 ι
539 1526 682 1582 Idem
718 1543 846 1581 vero
871 1527 1148 1582 inculcans
1186 1527 1462 1597 subjungit
1493 1545 1506 1580 :
1552 1545 1571 1576 ι
1610 1525 1764 1580 Nunc

204 1615 397 1670 iterum
428 1617 552 1671 dico
582 1634 596 1670 :
631 1615 687 1670 Si
730 1616 854 1687 quis
897 1617 1052 1671 vobis
1087 1615 1532 1686 evangelizaverit
1571 1623 1765 1685 ρειπωι-

204 1704 276 1769 id,
305 1703 458 1772 quod
483 1704 790 1773 accepistis,
822 1705 1105 1758 anathema
1149 1705 1221 1758 sit
1263 1703 1405 1775 (Cal.
1454 1703 1535 1774 ιι).
1567 1723 1586 1754 ι
1619 1703 1763 1757 Idem

201 1796 402 1865 quippe
438 1794 639 1851 Paulus
685 1795 865 1866 ipsum
907 1796 1203 1866 principem
1244 1795 1610 1865 apostolorum
1650 1796 1762 1848 An-

1865 631 2105 700 quandiu
2151 633 2295 686 enim
2339 632 2535 700 impleo
2580 634 2756 686 mariti
2790 633 3042 701 cilicium,
3080 651 3188 690 non
3231 637 3426 707 impleo
3520 708 3523 710 _

1865 722 2208 776 continentis.
2255 721 2415 776 Jubet
2452 723 2591 776 idem
2641 723 2933 792 Apostolus
2973 727 3026 779 in
3059 727 3165 781 alio
3216 728 3338 783 loco
3367 739 3429 785 ut

1866 827 2076 881 semper
2104 827 2340 867 oremus.
2375 811 2428 882 (‘l
2457 812 2632 865 Thess.
2666 813 2741 881 v.)
2770 811 2854 883 [ϐ.
2883 813 2944 867 R.
2985 814 3147 888 Ergo]
3190 816 3244 871 Si
3277 833 3426 873 sem-

1864 909 1961 967 per
1992 899 2278 964 orandum,
2317 915 2596 969 nunquam
2635 900 2892 971 conjugio
2940 903 3279 957 serviendum
3319 912 3425 971 est,

1864 989 2102 1056 quando,
2141 991 2572 1059 quotiescunque
2603 991 2760 1043 uxori
2795 991 3033 1045 debitum
3061 993 3244 1059 reddo,
3269 1009 3426 1049 orare

1865 1093 1970 1130 non
2011 1093 2251 1146 possum.
2287 1098 2306 1130 ι
2345 1079 2434 1133 Sic
2459 1088 2514 1134 et
2555 1079 2747 1134 Petrus
2774 1083 3050 1150 apostolus
3076 1085 3232 1137 docet
3263 1083 3426 1138 Chri-

1864 1166 2070 1221 stianos
2092 1177 2150 1222 ut
2175 1169 2458 1223 infirmiori
2500 1169 2718 1223 vasculo
2758 1171 3004 1223 muliebri
3034 1173 3291 1227 honorem
3327 1175 3424 1228 tri-

1864 1257 2052 1320 buant,
2084 1257 2152 1310 ab
2187 1273 2348 1325 opere
2394 1259 2663 1328 conjugali
2693 1266 2986 1326 cessantes,
3014 1275 3082 1314 ne
3124 1261 3410 1330 impedian-

1864 1354 1952 1400 tur
1969 1361 2159 1400 eorum
2194 1348 2467 1402 orationes
2494 1347 2548 1416 (I
2575 1347 2721 1402 Petr.
2753 1347 2861 1418 tu):

1929 1423 2063 1500 Quis
2104 1436 2268 1505 igitur
2297 1451 2443 1490 sanae
2473 1437 2982 1504 mentis'praadictas
3013 1436 3252 1507 Apostoli
3300 1453 3422 1492 sen-

1863 1526 2062 1579 tentias
2092 1527 2158 1579 de
2190 1526 2490 1580 exercendo
2530 1525 2802 1595 conjugali
2841 1543 3004 1595 opere
3056 1528 3428 1583 sacerdotibus

1863 1615 2119 1680 ascribat,
2136 1631 2370 1684 quorum
2399 1616 2774 1686 quotidianum
2802 1625 2884 1670 est
2904 1616 3157 1682 ollicium,
3183 1632 3290 1671 non
3308 1632 3427 1671 mo-

1863 1702 1934 1757 do
1982 1718 2162 1770 orare,
2210 1705 2305 1758 sed
2344 1713 2407 1759 et‘
2440 1703 2620 1759 divina
2671 1712 3008 1759 sacramenta
3066 1713 3424 1773 contrectare,

1863 1793 2164 1862 praesertim
2194 1809 2320 1848 cum
2358 1794 2412 1847 in
2441 1796 2628 1849 eodem
2660 1795 2780 1850 loco
2801 1796 2963 1849 etiam
2998 1796 3216 1849 cuilibet
3263 1795 3424 1850 Chri-

205 1884 439 1949 tiochize,
470 1884 597 1938 licet
631 1884 873 1953 ejusdem
916 1885 1059 1940 sedis
1091 1885 1422 1954 episcopum,
1476 1885 1765 1939 liberaliter
1796 1877 1838 1931 Β
1863 1884 2060 1950 stiano,
2109 1892 2348 1953 tempore
2373 1885 2638 1938 orationis
2692 1886 3008 1955 injungatur
3060 1887 3426 1941 continentia?

203 1973 488 2042 corripuit,
525 1989 594 2030 eo
613 1974 756 2044 quod
789 1984 994 2043 gentes,
1018 1991 1126 2028 non
1155 1976 1370 2048 quidem
1399 1977 1757 2044 prmdicando,

203 2061 295 2115 sed
335 2077 442 2115 suo
469 2063 716 2131 exemplo
738 2061 1018 2131 judaizare
1061 2071 1296 2132 cogeret,
1325 2079 1449 2117 cum
1480 2078 1536 2117 se
1568 2064 1636 2116 ab
1668 2079 1761 2117 co—

205 2165 322 2203 rum
346 2150 600 2206 convivio
626 2165 726 2220 pro
749 2151 943 2206 timore
963 2149 1270 2207 Iudaeorum
1294 2153 1598 2208 simulando
1625 2153 1758 2208 sub-

205 2238 464 2293 traheret.

271 2325 540 2380 Praeterea
575 2327 689 2396 ipse
726 2326 1110 2382 haeresiarchcs
1133 2325 1337 2382 Hebion
1359 2344 1482 2382 cum
1509 2329 1760 2384 omnibus

205 2413 320 2468 suis
345 2415 707 2469 sectatoribus
727 2414 870 2468 inter
894 2415 1129 2484 reliquos
1151 2415 1432 2468 haereticos
1454 2416 1763 2468 anathema-

205 2506 402 2558 tizatus
433 2511 518 2559 est
552 2518 583 2557 a
611 2503 979 2558 sacratissima
1021 2505 1224 2574 synodo
1267 2503 1762 2574 Constantinopoli-

205 2604 328 2650 tana
348 2604 405 2650 et
425 2610 456 2650 a
476 2595 634 2649 beato
653 2593 867 2649 Gelasio
892 2609 1028 2664 papa
1051 2594 1104 2647 in
1125 2595 1419 2664 apostolica
1448 2595 1592 2660 sede,
1615 2596 1759 2665 quod

206 2686 492 2739 anathema
535 2683 717 2739 nullus
764 2682 1135 2753 supterfugere
1187 2684 1403 2751 poterit,
1449 2685 1760 2752 quicunque

207 2775 383 2842 ipsum
419 2773 856 2840 hzeresiarcham,
899 2787 995 2843 per
1020 2771 1307 2827 Sozomeni
1337 2782 1518 2843 caput,
1561 2774 1759 2830 sectari

207 2865 632 2932 prtesumpserit.

275 2953 404 3008 Car.
435 2953 571 3008 Xlll.
615 2954 844 3021 Quidam
893 2955 1057 3010 etiam
1099 2954 1200 3010 sibi
1245 2955 1469 3009 nimium
1512 2955 1760 3011 videntur

207 3047 380 3112 scioli,
423 3055 727 3101 asserentes
765 3047 1208 3102 incontinentiam
1245 3047 1612 3102 sacerdotibus
1640 3063 1760 3104 esse

207 3152 523 3192 concessam
568 3138 621 3194 in
653 3137 745 3192 illo
789 3137 1030 3207 Apostoli
1071 3156 1082 3191 :
1119 3157 1137 3189 ι
1181 3135 1564 3208 Unusquisque
1603 3154 1757 3192 suam

206 3243 429 3282 uxorem
459 3227 654 3282 habeat
697 3227 752 3297 (1
787 3204 908 3282 Cor.
938 3229 1053 3296 vn).
1093 3247 1112 3280 ι
1159 3227 1263 3293 Qui
1293 3204 1388 3282 aut
1424 3204 1531 3282 non
1563 3231 1759 3283 intelli-
1785 3204 1826 3259 (δ

205 3326 357 3386 gunt,
385 3333 507 3386 quae
539 3318 855 3386 loquuntur,
892 3333 1064 3388 neque
1096 3318 1164 3372 de
1197 3318 1396 3387 quibus
1413 3317 1679 3372 afﬁrmant
1706 3320 1757 3389 (1

209 3405 346 3462 Tim.
376 3409 449 3477 I);
481 3417 575 3462 aut
603 3409 650 3463 si
685 3409 1008 3479 intelligunt,
1031 3425 1185 3464 suam
1209 3410 1449 3479 ipsorum
1479 3411 1760 3465 conscien-

205 3497 333 3552 tiam
357 3487 884 3568 impugnantﬁNam,
905 3507 1190 3556 attestante
1225 3499 1383 3554 beato
1412 3496 1756 3572 Hieronymo,

203 3586 474 3644 Corinthii
513 3590 653 3643 inter
693 3599 885 3645 caatera
927 3590 996 3645 ab
1039 3591 1298 3660 Apostolo
1345 3591 1666 3660 quaesierunt
1691 3607 1759 3646 an

205 3693 380 3748 nuper
408 3679 609 3732 renatis
653 3679 709 3732 in
741 3677 961 3734 Christo
993 3681 1232 3748 carnalis
1267 3682 1458 3751 copula
1502 3682 1649 3736 licita
1673 3699 1761 3738 es-

205 3767 325 3823 set?
371 3767 569 3838 quibus
598 3767 672 3822 ita
702 3768 982 3838 rescripsit
1027 3769 1343 3838 Apostolus:
1383 3789 1401 3821 ‹
1458 3769 1531 3825 De
1562 3772 1761 3840 quibus

207 3871 386 3917 autem
437 3859 731 3930 scripsistis
772 3859 903 3914 mihi
939 3879 950 3914 :
981 3861 1183 3916 bonum
1226 3871 1310 3926 est
1339 3863 1544 3918 homini
1571 3863 1762 3919 mulie-

205 3965 319 4004 rem
369 3964 478 4004 non
533 3957 782 4020 tangere;
835 3958 1052 4020 propter
1104 3950 1513 4007 fornicationem
1580 3961 1760 4008 autem

204 4037 581 4106 unusquisque
613 4051 769 4091 suam
797 4053 1019 4092 uxorem
1060 4039 1273 4105 habeat,
1323 4048 1379 4094 et
1424 4057 1761 4110 unaquaeque

206 4129 384 4183 virum
405 4143 563 4183 suum
587 4128 800 4182 habeat.
833 4125 998 4180 Uxori
1025 4128 1103 4180 vir
1123 4128 1362 4182 debitum
1375 4130 1590 4195 reddat;
1614 4130 1761 4183 simi.

205 4218 332 4273 liter
354 4228 535 4273 autem
562 4233 700 4272 uxor
732 4219 868 4272 viro.
908 4217 1097 4272 Mulier
1137 4218 1221 4273 sui
1247 4220 1490 4288 corporis
1518 4228 1757 4289 potesta-

206 4314 312 4361 tem
352 4321 460 4360 non
506 4306 688 4372 habet,
719 4307 813 4361 sed
856 4307 960 4362 vir.
993 4307 1252 4363 Similiter
1278 4318 1457 4363 autem
1491 4317 1544 4363 et
1563 4310 1646 4364 vir
1674 4311 1758 4365 sui

204 4397 457 4468 corporis
473 4404 808 4467 potestatem
857 4413 966 4454 non
1011 4399 1192 4464 habet,
1216 4400 1309 4454 sed
1349 4400 1560 4454 mulier.
1583 4399 1759 4454 Nolite

205 4487 460 4544 fraudare
487 4488 736 4555 invicem,
765 4489 870 4543 nisi
919 4487 1062 4542 forte
1108 4503 1176 4541 ex
1216 4503 1486 4544 consensu
1514 4490 1581 4544 ad
1618 4497 1754 4544 tem-

204 4591 327 4649 pus,
353 4589 413 4634 ut
440 4580 643 4634 vacetis
679 4578 912 4632 orationi
954 4576 1165 4648 (Ibid.).
1189 4597 1208 4630 ›
1245 4577 1400 4645 Quod
1437 4579 1509 4633 ita
1539 4581 1758 4650 exponit

207 4669 266 4723 8.
297 4669 655 4740 Hieronymus
676 4669 730 4724 in
758 4669 852 4723 lib.
889 4677 1077 4725 contra
1107 4668 1450 4725 Iovinianum
1480 4671 1616 4740 (cap.
1658 4672 1712 4742 4)
1741 4690 1751 4724 :

211 4777 246 4829 ι⁸
263 4757 384 4814 Non
419 4757 554 4812 dixit
573 4758 886 4829 Apostolus,
907 4769 1124 4829 propter
1151 4753 1563 4815 fornicationem
1594 4761 1758 4814 ducat

205 4826 582 4919 unusquisque
601 4826 846 4904 uxorem.
868 4826 1136 4946 l‘Alioimin
1180 4850 1281 4904 hac
1312 4849 1659 4903 excusatione
1687 4849 1753 4902 li-

204 4937 376 4994 bidini
421 4937 573 4992 frena
618 4937 898 5022 laxasset';
926 4946 986 4993 ut
1014 4939 1447 5009 quotiescunque
1474 4955 1612 4994 uxor
1649 4955 1761 4995 mo-

205 5031 365 5097 ritur,
402 5027 564 5083 toties
600 5029 843 5083 ducenda
876 5029 950 5084 sit
985 5030 1112 5097 alia,
1150 5045 1218 5085 ne
1253 5029 1601 5086 fornicemur.
1653 5030 1757 5086 Sed

205 5120 581 5192 unusquisque
611 5133 832 5173 uxorem
879 5133 1032 5172 suam
1085 5121 1310 5200 habeat;
1355 5137 1532 5189 suam,
1561 5123 1756 5192 inquit,

206 5212 423 5278 habeat,
470 5225 570 5266 sua
617 5217 802 5264 utatur
841 5224 1005 5278 quam
1040 5208 1294 5275 habebat,
1323 5221 1614 5281 antequam
1646 5229 1758 5268 cre-

205 5302 386 5357 deret:
409 5315 574 5370 quam
603 5301 805 5354 bonum
829 5308 947 5353 erat
970 5312 1078 5354 non
1102 5305 1349 5368 tangere;
1379 5310 1434 5355 et
1459 5311 1582 5371 post
1598 5303 1754 5357 (idem

205 5389 432 5457 Christi,
467 5376 709 5444 sororem
732 5397 940 5444 tantum
978 5404 1160 5456 nosse,
1184 5406 1293 5443 non
1315 5391 1620 5461 conjugem,
1652 5392 1756 5446 nisi

208 5479 496 5538 fornicatio
515 5487 719 5533 tactum
738 5480 857 5548 ejus
877 5481 1242 5534 excusabilem
1271 5479 1489 5548 faceret,
1516 5490 1620 5536 etc.
1644 5480 1753 5535 No—

208 5575 297 5626 ltte
319 5571 570 5626 fraudare
593 5569 819 5624 invicem
846 5571 950 5625 nisi
975 5570 1112 5625 forte
1131 5585 1197 5625 ex
1232 5585 1499 5625 consensu
1526 5572 1592 5626 ad
1616 5580 1753 5626 tem-

209 5677 329 5731 pus,
359 5670 424 5715 ut
442 5660 643 5716 vacetis
676 5658 930 5714 orationi.
1368 5697 1372 5701 -

280 5770 300 5803 ι
335 5749 448 5806 Oro
467 5745 538 5816 te,
567 5750 728 5818 quale
762 5749 890 5806 illud
917 5750 1118 5806 bonum
1140 5759 1224 5807 est
1251 5749 1395 5819 quod
1430 5756 1586 5806 orare
1625 5764 1755 5817 pro-

1863 1972 1998 2028 Nam
2034 1975 2080 2028 si
2127 1974 2417 2043 Apostolus
2441 1973 2530 2028 hic
2561 1974 2721 2028 etiam
2748 1976 3120 2030 sacerdotibus
3156 1977 3426 2030 carnalem

1862 2064 2111 2132 copulam
2138 2064 2479 2130 concederet,
2510 2063 2753 2133 profecto
2799 2065 3106 2120 contrarius
3133 2066 3235 2120 sibi
3260 2077 3424 2132 esset,

1863 2153 1956 2221 qui
1995 2137 2063 2207 ad
2105 2152 2286 2207 Titum
2328 2154 2569 2208 scribens
2598 2154 2861 2224 praecipit,
2895 2162 2956 2208 ut
2990 2156 3295 2212 sacerdotes
3338 2173 3428 2212 so-

1864 2243 1986 2308 brii,
2012 2242 2149 2311 justi
2176 2243 2304 2307 sint,
2333 2252 2496 2314 atque
2520 2246 2860 2300 continentes
2884 2245 3012 2316 (Tit.
3047 2245 3106 2315 ι).
3134 2244 3292 2318 Ergo,
3318 2263 3425 2300 non

1863 2332 1950 2385 hic
1982 2333 2378 2398 sacerdotibus,
2410 2334 2503 2387 sed
2553 2335 2728 2400 laicis,
2761 2343 2815 2388 et
2841 2335 2926 2388 his
2947 2349 3054 2387 non
3093 2335 3323 2388 solidum
3348 2336 3426 2388 ci-

1863 2421 2025 2486 bum,
2063 2421 2156 2475 sed
2203 2421 2435 2476 lacteum
2473 2429 2661 2492 potum
2699 2421 2973 2475 ministrat
3019 2420 3202 2488 (Hebr.
3251 2422 3327 2491 v),
3365 2431 3426 2476 ut

1861 2518 1990 2579 puta
2013 2510 2318 2582 ne0phytis,
2345 2510 2438 2580 qui
2469 2511 2709 2569 nondum
2743 2510 2866 2574 sibi,
2909 2510 3138 2563 necdum
3169 2509 3288 2564 aliis
3311 2509 3427 2564 sur-

1862 2598 2106 2652 ﬁcienter
2138 2607 2294 2652 erant
2343 2598 2610 2653 instructi.
2656 2597 2918 2664 Qualibus
2953 2598 3092 2652 idem
3140 2596 3427 2668 Apostolus

1863 2687 2195 2741 sacerdotale
2217 2687 2450 2740 oﬂicium
2473 2688 2688 2756 penitus
2711 2687 3038 2740 intercludit.

1930 2775 2133 2832 Eadem
2157 2776 2319 2831 etiam
2349 2776 2559 2830 ratione
2603 2777 2862 2846 probatur
2901 2775 2969 2829 ad
2995 2775 3183 2840 laicos,
3215 2789 3321 2828 non
3352 2776 3419 2830 ad

1863 2868 2172 2924 sacerdotes
2210 2865 2455 2938 spectare
2490 2866 2749 2936 quidquid
2785 2866 2924 2920 idem
2956 2865 3245 2934 Apostolus
3283 2865 3422 2919 scri-

1862 2959 1942 3014 bit
1969 2961 2036 3015 de
2079 2959 2380 3014 exercendo
2413 2958 2682 3028 conjugali
2713 2972 2894 3026 opere,
2919 2966 2978 3011 ut
3027 2955 3176 3022 illud,
3215 2974 3234 3007 ‹
3277 2955 3421 3025 quod

1863 3051 1910 3105 si
1934 3066 1992 3106 se
2015 3065 2124 3104 non
2149 3049 2446 3113 continent,
2476 3048 2701 3102 nubant.
2735 3047 2923 3102 Melius
2948 3057 3030 3102 est
3056 3047 3199 3102 enim
3223 3047 3425 3101 nubere

1864 3156 2029 3210 quam
2060 3140 2147 3194 uri
2177 3137 2231 3210 (1
2265 3138 2386 3193 Cor.
2417 3138 2537 3205 vn).
2579 3157 2597 3189 ›
2635 3136 2700 3191 Et
2722 3138 2916 3192 melius
2933 3146 3017 3191 est
3036 3138 3276 3208 legitimo
3306 3152 3423 3191 ma-

1860 3230 1964 3284 rito
1993 3229 2209 3284 misceri
2246 3218 2417 3297 quam
2455 3227 2730 3280 fornicari.
2758 3226 2822 3280 Et
2856 3227 3016 3280 illud:
3051 3246 3070 3276 ι
3117 3225 3336 3280 Solutus
3365 3241 3424 3281 es

1858 3319 1926 3371 ab
1962 3333 2150 3383 uxore,
2192 3318 2302 3370 noli
2329 3332 2572 3386 quaerere
2618 3331 2861 3369 uxorem.
2903 3315 2959 3368 Si
2982 3315 3254 3383 acceperis
3280 3329 3416 3368 uxo-

1858 3423 1992 3474 rem,
2024 3423 2133 3462 non
2163 3406 2431 3477 peccasti.
2452 3405 2509 3459 Si
2560 3405 2804 3474 nupserit
2842 3405 3013 3474 virgo,
3047 3419 3155 3458 nor.
3181 3404 3427 3473 peccavit

1860 3499 2069 3568 (Ibid.).
2110 3517 2126 3549 ι
2176 3496 2291 3552 Hoc
2341 3481 2522 3566 itaque
2552 3497 2700 3550 nullo
2747 3496 2907 3550 modo
2934 3496 3000 3549 de
3034 3495 3423 3562 sacerdotilus,

1858 3591 1942 3645 vel
1969 3590 2036 3645 de
2058 3588 2179 3644 aliis
2205 3588 2553 3644 continentiae
2579 3587 2842 3642 dedicatis
2863 3586 3078 3652 dicitur,
3103 3587 3197 3641 sed
3232 3586 3298 3641 de
3319 3586 3425 3642 illis

1859 3691 2071 3737 tantum
2120 3680 2214 3750 qui
2245 3679 2481 3750 legitime
2511 3678 2792 3748 conjugari
2818 3687 3066 3746 possunt.
3106 3675 3257 3731 Unde
3308 3674 3427 3730 Hie-

1860 3786 2120 3842 ronymus
2150 3771 2204 3824 in
2227 3770 2539 3840 supradicto
2569 3770 2707 3823 libro
2735 3787 2748 3821 ε
2792 3787 2809 3818 ι
2857 3767 2935 3831 Si,
2967 3769 3205 3836 inquam,
3235 3781 3427 3835 nupse-
3473 3789 3476 3793 -

1860 3863 1930 3916 rit
1953 3863 2104 3932 virgo
2129 3876 2234 3916 non
2256 3860 2528 3930 peccavit;
2562 3874 2669 3912 non
2705 3857 2792 3909 illa
2828 3857 2998 3925 virgo,
3030 3871 3150 3925 qua:
3173 3871 3232 3910 se
3256 3857 3424 3910 semel

1861 3953 1953 4007 Dei
1984 3950 2153 4006 cultui
2197 3949 2479 4003 dedicavit.
2515 3946 2716 4000 Harum
2751 3946 2896 3999 enim
2937 3946 2982 4000 si
3024 3961 3131 4015 qua
3159 3947 3423 4016 nupserit,

1858 4041 2260 4095 damnationem
2290 4038 2536 4103 habebit;
2572 4037 2699 4107 quia
2743 4038 2972 4106 primam
3015 4038 3170 4092 [idem
3211 4038 3422 4092 irritam

1859 4131 1990 4185 fecit
2032 4128 2087 4200 (1
2115 4129 2249 4183 Tim.
2286 4130 2361 4200 v).
2396 4148 2415 4180 ι
2463 4129 2519 4184 Si
2563 4138 2743 4183 autem
2785 4129 2887 4182 hoc
2920 4128 2987 4182 de
3014 4127 3188 4182 viduis
3220 4128 3424 4181 dictum

1859 4222 2116 4292 objecerit
2139 4220 2310 4294 [quis]
2338 4229 2542 4291 quanto
2571 4219 2742 4287 magis
2778 4218 2844 4271 de
2875 4216 3174 4284 virginibus
3214 4231 3423 4284 praeva»

1859 4314 2008 4377 lebit,
2039 4328 2160 4365 cum
2187 4312 2348 4364 etiam
2393 4310 2479 4362 his
2514 4323 2621 4360 non
2667 4308 2844 4370 liccat,
2885 4305 3083 4374 quibus
3130 4305 3422 4384 aliquando
3457 4381 3460 4384 ὶ

1858 4402 2041 4455 licuit?
2066 4399 2312 4469 Virgines
2337 4399 2481 4452 enim
2511 4413 2631 4468 qua;
2650 4404 2773 4466 post
2799 4396 3262 4452 consecrationem
3286 4413 3423 4470 nup-

1788 4522 1832 4576 D
1859 4491 2028 4547 serint
2051 4506 2159 4545 non
2187 4499 2293 4544 tam
2324 4490 2580 4543 adultera:
2606 4495 2734 4543 sunt
2753 4503 2917 4556 quam
2943 4487 3178 4543 incestae.
3211 4486 3266 4541 Si
3291 4504 3420 4558 ergo

1862 4582 2126 4652 praedictae
2151 4580 2390 4649 Apostoli
2432 4579 2709 4634 sententia:
2747 4579 3054 4649 hujusmodi
3090 4579 3420 4633 continenti-

1861 4673 1964 4727 bus
1998 4672 2271 4726 carnalem
2307 4672 2556 4742 copulam
2593 4687 2700 4725 non
2738 4670 3058 4734 concedunt,
3081 4677 3283 4736 quanto
3314 4671 3419 4722 mi-

1862 4777 1966 4816 nus
1997 4763 2387 4830 sacerdotibus,
2432 4763 2665 4816 maxime
2690 4775 2814 4814 cum
2855 4759 2958 4812 illae
3001 4757 3322 4827 simpliciter
3352 4762 3420 4814 ad

1858 4853 2245 4908 continentiam
2277 4855 2383 4907 sint
2400 4858 2748 4914 consecrata},
2774 4848 2848 4902 illi
2877 4856 3055 4901 autem
3081 4848 3214 4918 ipsis
3245 4851 3424 4903 conti-

1860 4923 2112 4998 nentibus
2135 4943 2244 4996 sint
2271 4941 2494 5010 prmlati,
2518 4948 2572 4992 et
2592 4955 2686 5008 per
2706 4937 3065 4992 venerandam
3092 4954 3286 4992 manus
3315 4939 3423 4991 im-

1859 5031 2211 5100 positionem,
2266 5039 2320 5083 et
2356 5043 2452 5099 per
2482 5028 2814 5084 sacrosancti
2860 5029 3169 5099 chrismatis
3205 5028 3421 5080 unctio-

1860 5137 1980 5174 nem
1989 5160 2002 5174 .
2241 5132 2246 5137 ’

1927 5209 2191 5264 Praeterea
2215 5210 2355 5264 idem
2403 5210 2700 5279 Apostolus
2739 5210 2870 5280 ipsis
2898 5207 3097 5276 quibus
3135 5205 3420 5273 conjugale

1860 5315 1998 5370 opus
2025 5315 2277 5355 exercere
2302 5302 2566 5365 concedit,
2595 5301 2797 5353 eisdem
2816 5297 2977 5350 etiam
3006 5296 3268 5351 secundas
3289 5312 3423 5374 nup-

1859 5390 1963 5443 tias
2012 5389 2234 5444 licenter
2274 5391 2410 5446 inire
2433 5389 2707 5460 permittit.
2743 5387 2933 5440 Soluto
2961 5387 3106 5441 enim
3153 5387 3220 5441 ab
3251 5399 3418 5439 uxore

1861 5479 2023 5534 aliam
2050 5479 2248 5535 ducere
2286 5481 2552 5543 concedit,
2576 5487 2630 5531 et
2651 5477 2827 5532 viduae
2864 5477 3102 5530 nubendi
3145 5474 3416 5528 licentiam

1860 5569 2106 5641 attribuit
2123 5567 2176 5637 (I
2199 5569 2319 5623 Cor.
2345 5569 2461 5637 vu).
2488 5566 2804 5621 Nullatenus
2840 5581 2969 5634 ergo
2988 5569 3291 5622 sacerdotes
3317 5562 3419 5616 sub

1861 5657 2207 5730 permissoria
2254 5658 2486 5714 carnalis
2536 5658 2742 5725 copulae
2771 5655 3031 5711 sententia
3061 5653 3417 5730 comprehcno

1859 5749 1964 5817 dit;
2010 5745 2228 5816 quibus,
2264 5748 2317 5801 in
2364 5747 2618 5814 Epistolis
2653 5747 2718 5800 ad
2765 5743 3109 5798 Timotheum
3133 5752 3187 5798 et
3214 5741 3418 5810 Titum,
