3956 6392
520 466 653 518 ιηδ

1483 463 1571 514 ΑΙ)
1606 463 1833 518 OPERA
1871 464 1926 518 5.
1967 461 2288 519 CREGORII
2322 461 2757 518 APPENDICES.

3701 36 3893 148 *Ἴ

3577 473 3732 534 HN

518 573 801 641 bigamiam
855 573 1066 641 penitus
1111 573 1404 642 prohibuit,
1457 590 1581 628 cum
1630 576 1814 643 jubeat
1853 584 2064 629 tantum
2095 578 2139 631 Α
2163 571 2310 645 rum]
2341 562 2627 629 observare
2659 575 2943 641 decernat,
2971 586 3023 630 et
3052 578 3248 646 quibus
3283 594 3468 636 sacros
3505 581 3737 637 ordines

517 665 678 717 unius
699 663 879 716 uxoris
899 663 1074 716 virum
1097 662 1220 730 eligi
1245 664 1307 716 ad
1337 663 1697 718 sacerdotium
1729 664 1781 732 (Ι
1808 664 1941 717 Tim.
1976 681 2066 728 tu;

523 752 622 803 Tit.
656 756 712 816 ι).
763 750 894 804 Nam
925 766 1022 805 nec
1052 753 1190 820 apud
1218 753 1462 806 ethnicos
1492 753 1722 822 bigamia
1751 754 1947 808 licebat
1993 769 2078 807 sa-

517 842 842 904 cerdotibus,
876 841 1031 892 beato
1068 840 1390 910 Hieronymo
1413 850 1693 896 asserente
1714 851 1897 896 contra
1923 841 2076 896 Jovi-

519 931 757 989 nianum.
797 948 814 979 ι
853 929 1072 997 Legant,
1122 931 1316 998 inquit,
1359 935 1742 996 nostrates,’et
1785 941 2086 1002 antequam,

519 1020 703 1088 religio
739 1028 921 1071 nostra
967 1019 1192 1085 fulgeret
1239 1021 1290 1072 in
1322 1021 1560 1084 mundo,
1628 1021 1887 1076 unicuhas
1938 1039 2078 1075 scm-

519 1124 610 1175 ρει
639 1110 889 1162 habuisse
928 1111 1062 1162 inter
1091 1120 1362 1164 matronas
1387 1112 1567 1165 decus.
1629 1112 1729 1165 Per
1759 1113 1900 1176 illas,
1947 1112 2079 1164 For-

519 1208 661 1250 tunzc
693 1199 934 1254 muliebri
962 1214 1111 1250 sacra
1143 1199 1254 1251 fieri
1281 1201 1466 1260 solita;
1495 1202 1701 1255 nullum
1737 1204 2076 1256 sacerdotum

520 1285 822 1350 bigamum;
855 1288 1058 1340 nullum
1083 1287 1354 1341 flaminem
1383 1290 1712 1367 hiznaritum.
1745 1291 2077 1360 llierophan-

519 1381 602 1425 tas
637 1391 851 1443 quoque
879 1377 1280 1430 Atheniensium
1301 1394 1475 1446 usque
1509 1380 1666 1433 hodie
1691 1381 1882 1435 cicuta:
1907 1383 2080 1434 sorbi—

519 1464 662 1516 tione
691 1467 949 1529 castrari;
976 1467 1120 1534 ipsos
1143 1471 1233 1536 qui
1266 1470 1317 1520 in
1347 1469 1728 1538 pontiﬁcatum
1765 1474 1939 1527 allecti
1972 1473 2082 1526 fue—

520 1555 627 1606 rint
651 1556 793 1609 viros
823 1573 941 1616 esse
968 1558 1232 1612 desinere.
1273 1577 1291 1608 ι

585 1642 902 1712 Quicunque.
935 1656 1111 1700 autem
1139 1649 1390 1715 praelicta
1416 1652 1657 1719 Apostoli
1691 1652 1850 1706 verba
1878 1653 1930 1705 in
1965 1663 2078 1706 tan-

517 1741 631 1784 tum
681 1734 982 1787 adulterant
1013 1746 1068 1787 ut
1101 1737 1200 1790 sub
1233 1753 1421 1790 eorum
1460 1754 1710 1806 perversa
1751 1741 2071 1808 interpreta-

517 1820 679 1879 tione.
706 1823 863 1874 etiam
889 1825 1258 1878 sacerdotibus
1283 1827 1724 1882 incontinentiam
1754 1829 1913 1887 licere
1943 1846 2074 1884 con-

519 1909 737 1976 ﬁngant,
761 1913 942 1978 procul
975 1913 1137 1966 dubio
1159 1926 1456 1983 sequuntur
1481 1916 1758 1972 Nicolaum
1785 1920 2072 1975 harrcsiar-

483 2049 490 2056 ,
517 1998 673 2059 chen,
707 2015 866 2066 quem
914 2000 1164 2056 Clemens
1194 2005 1588 2062 Alexandrinus
1620 2009 1672 2062 in
1695 2009 1785 2062 lib.
1818 2026 1876 2062 ιιι
1918 2009 2068 2064 Stro-

518 2098 720 2141 matum
748 2091 925 2153 refert,
957 2109 1071 2160 cap.
1094 2095 1144 2156 5,
1174 2104 1220 2147 et
1247 2096 1336 2148 lib.
1367 2113 1422 2159 ll,
1447 2113 1563 2166 cap.
1591 2099 1642 2162 9,
1668 2115 1890 2154 uxorem
1919 2118 2070 2155 suam

517 2179 738 2231 cuilibet
767 2181 926 2233 etiam
963 2182 1160 2236 volenti
1204 2187 1564 2251 prostituisse,
1611 2196 1664 2240 ct
1695 2189 1795 2242 hoc
1825 2191 2070 2257 exemplo

518 2284 619 2322 suo
657 2270 906 2324 docuisse
953 2273 1161 2326 cunctis
1213 2276 1519 2341 promiscua
1558 2286 1719 2346 atque
1763 2280 2070 2333 communia

521 2357 840 2413 feminarum
887 2363 1158 2415 consortia
1187 2363 1367 2417 licere.
1404 2364 1465 2419 Et
1498 2367 1600 2421 hoc
1646 2367 1786 2433 ideo,
1819 2377 1874 2422 ut
1902 2385 1931 2424 a
1960 2385 2074 2423 ma-

513 2447 725 2514 joribus
767 2448 1010 2511 relatum,
1039 2452 1162 2518 quia
1196 2453 1452 2521 scriptum
1494 2465 1574 2508 est
1609 2474 1620 2507 :
1658 2456 1752 2510 «Et
1777 2466 1929 2511 erant
1967 2459 2072 2514 illis

521 2530 742 2600 (omnia)
780 2541 1085 2592 communia
1135 2542 1271 2608 (Act.
1316 2545 1444 2609 ιι);›
1472 2545 1622 2598 .iuter
1651 2561 1772 2614 qua!
1816 2545 2072 2604 Nicolaus

520 2629 819 2678 numeravit
845 2636 896 2679 et
923 2629 1190 2695 conjugia.
1227 2629 1376 2684 Sicut
1404 2632 1565 2699 igitur
1592 2635 1679 2686 ille
1719 2637 2070 2703 apostolicum

517 2717 819 2782 exemplum
862 2717 1022 2770 nimis
1049 2721 1386 2786 generaliter,
1417 2731 1468 2776 et
1501 2720 1749 2790 perverse
1793 2735 2070 2796 acceptum

519 2804 570 2858 in
606 2806 847 2859 haeresim
875 2818 1110 2863 mutasse
1141 2809 1388 2873 refertur.
1415 2812 1492 2865 sic
1520 2823 1571 2866 et
1611 2815 1719 2878 isti,
1758 2816 1888 2870 illud
1926 2818 2069 2888 Apo-

519 2895 638 2946 stoli
677 2915 687 2948 :
721 2915 738 2946 ι
773 2895 1155 2966 Unusquisque
1187 2915 1339 2953 suam
1367 2918 1585 2956 uxorem
1612 2905 1822 2970 habeat,
1863 2927 1880 2957 ι
1911 2909 2073 2966 nimis

520 2985 836 3047 generaliter
865 2994 916 3036 et
939 2987 1342 3052 perversissime
1366 2990 1800 3059 interpretantes,
1831 2995 1883 3047 in
1926 3012 2075 3051 erro-

518 3087 628 3124 rem
681 3073 902 3127 vertisse
952 3085 1230 3138 notantur;
1283 3079 1374 3147 qui
1432 3080 1533 3132 sub
1585 3082 1772 3136 eodem
1828 3086 2074 3154 exemplo

520 3172 704 3216 contra
751 3164 994 3216 eumdem
1039 3167 1349 3233 Apostolum
1379 3171 1747 3227 sacerdotibus
1793 3175 2142 3259 conjugaleﬁ

521 3265 658 3318 opus
726 3267 1039 3306 conoessum
1105 3255 1281 3310 fallaci
1348 3259 1643 3326 pertinacia
1720 3265 2068 3319 contendunt.

522 3339 781 3404 Quamvis
810 3343 955 3396 enim
1001 3343 1054 3396 in
1096 3346 1264 3399 sacris
1284 3349 1562 3404 ordinibus
1586 3352 1890 3420 promiscua
1919 3354 2073 3409 femi-

520 3445 710 3482 narum
743 3434 1008 3485 consortia
1057 3436 1227 3503 magis
1257 3438 1570 3492 detestanda
1599 3451 1724 3495 sunt
1760 3459 1922 3511 quam
1959 3445 2070 3498 sin-

521 3516 752 3586 gularia,
803 3519 1111 3587 depravatio
1155 3531 1332 3577 tamen
1371 3529 1676 3594 apostolicae
1719 3529 2072 3589 institutionis

522 3606 622 3673 ipsi
655 3595 1022 3662 hmresiarchre
1067 3610 1283 3666 Nieolao
1313 3615 1490 3669 minus
1529 3617 1838 3684 imputanda
1865 3620 2075 3676 videtur

520 3709 683 3762 quam
713 3695 849 3748 istis.
889 3695 979 3750 llle
1011 3699 1153 3751 enim
1185 3716 1249 3753 eo
1278 3703 1491 3770 quidem
1537 3713 1776 3774 tempore
1817 3711 2073 3778 apostoli-

522 3799 638 3837 cam
667 3786 962 3840 doctrinam
1007 3790 1145 3843 male
1193 3791 1574 3860 interpretatus
1601 3806 1702 3862 est,
1733 3815 1854 3854 cum
1897 3803 1982 3856 vix
2020 3802 2073 3857 in

520 3874 710 3942 primis
741 3891 932 3929 nomen
958 3876 1379 3937 Christianitatis
1407 3884 1732 3952 incoepisset,
1763 3905 1886 3943 cum
1913 3907 2075 3946 evan-

522 3965 686 4031 gelica
744 3973 797 4018 et
859 3967 1148 4033 apostolica
1209 3969 1450 4024 doctrina
1500 3974 1736 4028 nondum
1784 3986 1935 4032 esset
1980 3993 2076 4047 per

523 4061 692 4103 totum
727 4053 985 4106 mundum
1022 4055 1262 4122 dilatata,
1307 4061 1545 4115 nondum
1576 4073 1652 4118 tot
1686 4062 1854 4134 signis
1875 4076 1930 4121 et
1961 4069 2074 4122 vir-

522 4141 769 4205 tutibus,
822 4150 899 4195 tot
956 4145 1342 4202 sacratissimis
1401 4162 1712 4208 sanctorum
1775 4167 2073 4228 martyrum

519 4228 808 4296 triumphis
833 4231 1141 4298 approbata.
1167 4231 1257 4287 lsti
1281 4228 1480 4302 autem,
1513 4235 1753 4296 eamdem
1774 4245 2074 4304 doctrinam

518 4316 629 4383 jam
665 4318 861 4384 ubique
887 4333 985 4371 nec
1027 4320 1260 4388 ignotam
1288 4325 1527 4390 rusticis,
1558 4327 1672 4394 jam
1714 4329 1936 4395 dudum,
1967 4334 2076 4387 imo

525 4405 629 4469 iam
660 4407 727 4460 ab
768 4407 990 4476 antiquo
1013 4411 1272 4477 sanguine
1300 4425 1608 4470 sanctorum
1645 4418 1862 4474 Patrum
1893 4437 2077 4477 consc—

2178 663 2419 726 concedi,
2467 665 2549 717 vel
2598 665 2850 735 denegari
2902 669 3208 722 constituat.
3258 667 3391 724 Nam
3439 671 3496 724 in
3540 670 3738 724 eadem

2177 753 2466 821 apostolica
2513 753 2846 808 institutione
2889 756 3340 814 etdcfcnsoribus
3380 760 3744 815 sacerdotalis
3812 809 3818 819 .

2178 841 2578 897 incontinentia:
2600 854 2912 912 perpetuum
2956 847 3226 902 silentium
3257 851 3532 904 evidenter
3554 851 3746 921 impoo

2179 933 2342 997 nitur,
2369 943 2423 988 ct
2449 932 2666 1001 prchata
2692 935 2860 989 nostri
2890 939 3170 1005 apostolici
3211 948 3408 992 statuta
3448 939 3748 1010 irrefraga—

2179 1021 2354 1075 bililer
2377 1024 2815 1077 corroborantur.
2849 1023 3052 1094 Quippe
3079 1043 3197 1094 qua:
3226 1029 3356 1081 nulli
3383 1044 3599 1084 sacrum
3623 1031 3748 1084 olli-

2179 1109 2321 1162 cium
2367 1110 2706 1175 interdicunt,
2746 1113 2848 1167 nisi
2873 1130 3030 1182 quem
3072 1123 3125 1168 et
3149 1118 3439 1184 apostolica
3468 1128 3744 1189 praecepta

2179 1200 2392 1266 penitus
2422 1201 2489 1252 ab
2529 1201 2646 1268 ipso
2675 1217 2829 1255 sacro
2851 1203 3037 1256 ordine
3073 1207 3376 1260 secludunt.

2247 1288 2372 1341 (lie.
2403 1287 2539 1341 XIV.
2583 1288 2774 1344 Beatus
2798 1290 2958 1359 igitur
2981 1291 3178 1346 Paulus
3199 1296 3470 1363 apostolus
3493 1296 3746 1351 scribens

2181 1377 2245 1428 ad
2269 1375 2631 1443 Timotheum,
2654 1379 2727 1443 de,
2743 1380 2910 1434 sacris
2932 1381 3214 1437 ordinibus
3233 1383 3305 1437 ita
3321 1393 3549 1438 testatur
3569 1404 3582 1438 :
3604 1405 3623 1435 ι
3651 1385 3748 1440 Fi-

2280 1422 2498 1430 _-..----..
2520 1422 2631 1443 .....,
2655 1422 2718 1432 ,η
2743 1422 2910 1434 -..νην
2933 1422 3214 1437 unum”...
3233 1422 3305 1437 ...ι
3323 1422 3536 1438 ,ωηιηυ
3569 1428 3581 1438 .
3605 1422 3622 1435 ι
3651 1422 3672 1439 ι
3695 1422 3740 1440 .-

2180 1465 2338 1530 delis,
2365 1467 2556 1534 inquit,
2582 1422 2789 1532 scrmlo;
2816 1469 2860 1522 si
2882 1471 3004 1538 quis
3031 1471 3396 1540 episcopatum
3443 1473 3740 1536 desiderat,

2181 1555 2380 1608 bonum
2403 1569 2540 1622 cpus
2563 1556 2848 1611 desiderat.
2876 1555 3096 1626 Oportet
3115 1574 3243 1630 ergo
3262 1562 3571 1632 episcopum
3597 1562 3745 1616 irre-

2181 1642 2593 1711 prehensibilcm
2633 1662 2771 1709 esse,
2816 1647 2975 1700 unius
3005 1649 3191 1702 uxoris
3231 1650 3427 1716 virum,
3468 1652 3742 1714 sobrium,

2184 1733 2522 1800 prudentem,
2551 1735 2824 1802 pudicum,
2858 1746 3127 1801 ornatum,
3172 1739 3511 1808 hospitalem,
3543 1742 3741 1795 docto-

2183 1835 2317 1884 rem,
2347 1837 2453 1886 non
2483 1823 2837 1889 vinolentum,
2868 1841 2974 1878 non
3001 1841 3403 1894 percussorem,
3431 1830 3521 1884 sed
3549 1830 3742 1885 mode-

2175 1918 2345 1974 stum;
2373 1925 2478 1963 non
2502 1911 2815 1981 litigiosum,
2839 1929 2944 1968 non
2968 1917 3240 1984 cupidum,
3265 1934 3374 1972 suae
3393 1920 3573 1972 domui
3597 1921 3744 1974 bene

2173 2001 2540 2068 prtepositum,
2574 2002 2713 2057 filios
2741 2004 3021 2058 habentem
3046 2007 3290 2062 subditos
3317 2025 3439 2063 cum
3467 2009 3616 2062 omni
3645 2024 3743 2062 ca-

2175 2090 2370 2143 stitate.
2405 2088 2460 2143 Si
2504 2091 2626 2160 quis
2675 2103 2852 2148 autem
2879 2095 3061 2148 domui
3111 2112 3220 2150 suae
3260 2113 3487 2166 praeesse
3535 2099 3740 2161 nescit,

2173 2179 2442 2250 quomodo
2492 2179 2742 2235 Ecclesia:
2794 2182 2885 2236 Dei
2929 2184 3256 2254 diligentiam
3311 2187 3564 2240 habebit?
3614 2185 3741 2240 Non

2174 2268 2521 2338 neopbjtum,
2551 2286 2618 2324 ne
2654 2270 2706 2324 in
2737 2273 3041 2340 superbiam
3085 2275 3256 2329 elatus
3280 2274 3334 2328 in
3358 2277 3621 2343 judicium
3650 2277 3746 2329 in-

2173 2357 2315 2411 cidat
2353 2357 2570 2412 diaboli.
2602 2358 2825 2430 Oportet
2854 2372 3029 2416 autem
3063 2364 3213 2416 illum
3264 2373 3318 2417 et
3358 2367 3739 2419 testimonium

2175 2446 2374 2501 habere
2396 2447 2595 2502 bonum
2616 2450 2683 2503 ab
2709 2451 2792 2504 bis
2818 2452 2910 2520 qui
2933 2449 3063 2507 foris
3084 2460 3229 2516 sunt,
3251 2463 3311 2507 ut
3335 2469 3439 2507 non
3465 2456 3514 2507 in
3537 2471 3746 2523 oppro-

2174 2537 2352 2590 brium
2382 2536 2582 2592 incidat
2600 2549 2654 2593 et
2683 2541 2930 2610 laqueum
2953 2542 3169 2596 diaboli.
3197 2541 3457 2597 Diaconos
3481 2545 3729 2599 similiter

2175 2625 2422 2694 pudicos,
2450 2643 2557 2680 non
2587 2628 2869 2698 bilingues,
2895 2646 3000 2683 non
3026 2633 3192 2685 multo
3213 2634 3339 2686 vino
3366 2634 3592 2697 deditos,
3624 2651 3740 2688 non

2173 2724 2328 2785 turpe
2356 2717 2566 2772 lucrum
2596 2729 2883 2785 sectantes,
2909 2720 3166 2774 habentes
3192 2723 3500 2792 mysterium
3527 2723 3653 2776 ﬁdei
3683 2725 3740 2777 in

2172 2807 2502 2862 conscientia
2535 2824 2690 2877 pura.
2718 2808 2784 2864 Et
2829 2811 2882 2863 hl
2915 2811 3148 2878 primum
3183 2812 3502 2880 probentur,
3545 2822 3598 2866 et
3654 2815 3742 2868 sic

2175 2897 2500 2964 ministrent,
2524 2898 2729 2952 nullum
2765 2901 2965 2954 crimen
2992 2901 3268 2955 habentes.
3299 2901 3547 2956 Mulieres
3575 2904 3742 2958 simi-

2173 2987 2296 3041 liter
2334 2988 2580 3054 pudicas,
2615 3002 2720 3041 non
2753 2989 3115 3054 detrahentes,
3167 2991 3409 3056 sobrias,
3446 2994 3634 3048 ﬁdeles
3679 2996 3740 3048 in

2174 3077 2446 3131 omnibus.
2483 3075 2702 3132 Diaconi
2732 3078 2842 3133 sint
2872 3078 2974 3131 viri
3017 3079 3177 3135 unius
3207 3082 3420 3147 uxoris;
3463 3084 3556 3152 qui
3601 3084 3741 3138 filiis

2175 3167 2289 3220 suis
2318 3166 2455 3220 bene
2482 3168 2702 3235 przesint
2722 3208 2737 3232 ,
2763 3176 2816 3221 et
2843 3168 3090 3224 domibus
3118 3170 3249 3224 suis.
3282 3170 3385 3237 Qui
3419 3171 3562 3224 enim
3591 3173 3742 3228 bene

2174 3255 2618 3320 ministraverint,
2661 3257 2885 3326 gradum
2933 3258 3035 3312 sibi
3076 3259 3276 3312 bonum
3321 3264 3636 3331 nequirent,
3685 3273 3746 3318 et

2174 3346 2399 3400 multam
2427 3345 2674 3401 fiduciam
2702 3346 2756 3402 in
2801 3346 2904 3402 ﬁde
2928 3363 3049 3418 qua:
3071 3356 3153 3403 est
3179 3349 3232 3402 in
3261 3348 3478 3406 Christo
3502 3351 3744 3409 Domino

2175 3433 2227 3502 (Ι
2261 3434 2396 3488 Tim.
2429 3435 2530 3498 ιιι).
2562 3453 2582 3486 ι

2242 3522 2409 3591 idem,
2432 3526 2496 3580 ad
2520 3524 2696 3580 TLtum
2728 3545 2740 3580 :
2777 3524 3007 3596 illujus,
3034 3528 3228 3599 inquit,
3263 3531 3432 3600 gratia
3457 3533 3652 3602 reliqui
3686 3543 3743 3589 te

2171 3613 2345 3670 Creta:
2369 3655 2385 3681 ,
2441 3624 2500 3669 ut
2533 3632 2594 3670 ea
2629 3631 2750 3684 quae
2781 3617 2978 3670 desunt
3034 3619 3303 3688 corrigas,
3351 3629 3406 3674 et
3431 3624 3742 3680 constituas

2172 3720 2268 3774 per
2302 3707 2547 3760 civitates
2595 3705 2956 3777 presbyteros,
2981 3707 3125 3762 sicut
3168 3723 3268 3778 ego
3309 3710 3403 3764 tibi
3443 3712 3696 3781 disposui
3723 3757 3750 3777 ι

2174 3796 2220 3850 si
2248 3795 2370 3865 quis
2421 3795 2539 3850 sine
2569 3796 2796 3851 crimine
2844 3806 2948 3863 est,
2997 3798 3160 3854 unius
3207 3802 3393 3855 uxoris
3431 3804 3544 3868 vir,
3590 3805 3740 3858 ﬁlios

2173 3887 2378 3942 habens
2402 3887 2610 3954 fideles;
2635 3904 2743 3942 non
2771 3889 2825 3942 in
2854 3890 3194 3944 accusatione
3219 3891 3467 3958 luxuriae,
3505 3904 3599 3947 aut
3620 3909 3733 3947 non

2173 3975 2438 4028 subditos.
2487 3973 2710 4043 Oportet
2755 3986 2934 4032 autem
2985 3977 3293 4047 episcopum
3344 3981 3462 4036 sine
3503 3983 3735 4038 crimine

2173 4077 2312 4128 esse,
2341 4062 2484 4117 sicut
2519 4062 2613 4118 Dei
2653 4065 3107 4136 dispensatorem,
3135 4084 3241 4124 non
3276 4072 3587 4142 superbum,
3617 4089 3734 4130 non

2173 4151 2512 4217 iracundum,
2538 4169 2644 4208 non
2666 4155 3019 4223 vinolentum,
3045 4173 3150 4212 non
3181 4174 3558 4229 percussorem
3578 4205 3594 4228 ,
3616 4181 3732 4220 non

2172 4242 2347 4310 turpis
2377 4242 2514 4298 lucri
2565 4244 2840 4313 cupidum,
2883 4248 2976 4302 sed
3020 4247 3374 4317 hospitalem,
3411 4250 3731 4322 benignum,

2175 4332 2434 4396 sobrium,
2453 4334 2680 4401 justum,
2699 4343 2967 4401 sanctum,
2993 4337 3376 4406 continentem,
3401 4342 3734 4412 amplectem

2175 4429 2282 4474 tem
2310 4436 2454 4487 eum,
2477 4423 2568 4492 qui
2593 4425 2886 4479 secundum
2915 4427 3215 4484 doctrinam
3237 4441 3341 4496 est,
3372 4432 3578 4490 ﬁdelem
3606 4452 3730 4492 ser-

522 4504 747 4559 cratam,
800 4506 852 4549 et
874 4495 1311 4565 irrefragabiliter
1336 4505 1735 4562 corroboratam
1762 4511 2076 4568 obstinatiS-
2109 4510 2153 4564 D
2179 4511 2411 4574 mortem,
2443 4520 2504 4566 ut
2523 4521 2713 4581 petens
2730 4515 2819 4580 sit,
2846 4523 2900 4569 et
2917 4517 3190 4573 exhortari
3217 4521 3270 4573 in
3298 4495 3542 4578 doctrina
3570 4541 3727 4590 sana,

523 4583 657 4637 sima
682 4583 983 4637 temeritate
1026 4587 1272 4642 nituntur
1303 4589 1614 4660 depravare.
1645 4593 1817 4662 Unde,
1846 4608 1900 4652 et
1925 4600 2072 4654 illam

521 4671 872 4738 perditionem
889 4671 1258 4742 subterfugere
1279 4679 1766 4752 nequibuut,quam
1792 4684 1905 4754 ipse
1927 4688 2074 4756 prin-

521 4772 646 4825 ceps
672 4760 1037 4828 apostolorum
1062 4761 1501 4830 depravatoribus
1524 4768 1922 4840 Scripturarum
1943 4777 2076 4830 assi-

521 4854 668 4914 gnat,
700 4847 792 4914 qui
839 4846 1105 4914 Epistolas
1133 4855 1424 4921 coapostoli
1471 4857 1588 4926 ejus
1613 4858 1764 4913 Pauli
1802 4862 1874 4915 ita
1916 4864 2074 4919 nobis

521 4936 899 4991 commendat:
948 4957 966 4988 ι
1012 4937 1069 4991 1η
1120 4942 1345 5009 quibus,
1392 4946 1594 5016 inquit,
1643 4948 1896 5018 Epistolis
1944 4964 2074 5009 sunt

521 5025 765 5092 quaedam
789 5024 1020 5080 difficilia
1043 5027 1331 5096 intellectu,
1355 5048 1474 5101 qua:
1497 5036 1693 5092 indocti
1719 5048 1772 5093 et
1799 5039 2074 5096 instabiles

521 5114 844 5182 depravant,
899 5116 1040 5170 sicut
1086 5129 1139 5173 et
1189 5130 1410 5178 caeteras
1451 5123 1758 5196 Scripturas
1803 5131 1870 5185 ad
1916 5146 2070 5184 suam

522 5203 760 5272 ipsorum
774 5205 1148 5272 perditionem.
1163 5207 1271 5264 Vos
1285 5210 1464 5280 igitur,
1483 5213 1697 5280 fratres,
1710 5219 2070 5285 prtescientes,

520 5292 804 5353 custodite,
823 5307 890 5346 ne
918 5295 1282 5364 insipientium
1304 5295 1486 5355 errore
1511 5305 1738 5360 traducti
1762 5308 2016 5364 excidatis
2041 5327 2070 5365 a

520 5379 736 5448 propria
761 5379 1030 5438 ﬁrmitate.
1078 5405 1096 5438 ι

595 5465 663 5520 Ut
697 5477 873 5522 autem
898 5471 1096 5534 clarius
1136 5477 1334 5532 eniteat
1372 5477 1684 5547 Apostolum
1730 5485 1783 5536 in
1825 5488 2068 5555 superio-

523 5558 673 5611 ribus
702 5563 978 5616 sententiis
1009 5579 1114 5618 non
1139 5570 1524 5635 sacerdotibus,
1556 5572 1647 5626 sed
1683 5572 1835 5629 laicis
1861 5579 2074 5634 carnale

525 5648 903 5703 commercium
929 5653 1235 5719 indulsisse,
1260 5657 1537 5728 diligenter
1575 5660 1922 5730 inspiciamus
1945 5667 2073 5734 quid

530 5737 665 5790 idem
712 5739 991 5807 Apostolus
1023 5745 1298 5801 ministros
1323 5756 1632 5803 sanctorum
1676 5750 1761 5823 [ϐ.
1806 5753 1864 5807 R.
1893 5769 2072 5810 sacro-

2172 4610 2228 4654 et
2251 4616 2345 4656 eos
2368 4601 2460 4671 qui
2488 4603 2884 4671 contradicunt,
2910 4595 3160 4677 arguere.
3188 4607 3325 4664 Sunt
3355 4613 3506 4666 multi
3534 4613 3728 4669 mobe-

2173 4689 2407 4753 dientes,
2436 4692 2729 4762 vaniloqui,
2771 4703 2826 4749 et
2869 4697 3198 4765 seductores,
3247 4703 3480 4758 maxime
3523 4704 3618 4774 qui
3657 4705 3730 4761 de

2171 4779 2581 4847 circumcisione
2606 4791 2750 4845 sunt,
2776 4799 2915 4853 quos
2941 4795 3154 4856 oportet
3177 4790 3455 4862 redargui;
3481 4795 3573 4862 qui
3600 4797 3726 4850 uni-

2171 4884 2356 4923 versas
2379 4869 2570 4924 domos
2594 4871 2928 4940 subvertunt,
2944 4876 3196 4935 docentes
3216 4896 3337 4950 quae
3358 4895 3465 4936 non
3488 4893 3723 4952 oportet,

2174 4959 2348 5027 turpis
2386 4958 2524 5013 lucri
2551 4963 2720 5029 gratia
2753 4963 2880 5032 (Tit.
2911 4967 2970 5035 l).
3009 4984 3028 5017 ι
3063 4965 3128 5021 Et
3162 4977 3282 5037 post
3324 4985 3533 5039 pauca:
3583 4993 3602 5025 ι
3631 4972 3725 5028 ln-

2175 5062 2332 5115 crepa
2360 5048 2479 5101 illos
2491 5049 2652 5115 dure,
2682 5060 2743 5104 ut
2763 5054 2872 5106 sint
2892 5055 3009 5107 sani
3034 5055 3089 5108 in
3113 5055 3232 5121 ﬁde,
3255 5073 3363 5114 non
3385 5060 3723 5117 intendente:

2175 5133 2411 5192 Judaicis
2435 5136 2630 5194 fabulis
2653 5148 2706 5193 et
2731 5143 3023 5200 mendaciis
3056 5146 3335 5204 hominum
3365 5152 3720 5208 avertendum

2176 5240 2234 5280 se
2263 5240 2291 5278 a
2319 5227 2542 5281 veritate
2575 5226 2784 5297 (Ibid).
2817 5249 2835 5283 ι

2245 5315 2371 5369 Cse.
2409 5314 2521 5370 XV.
2564 5316 2620 5372 In
2657 5321 2845 5389 primis
2885 5321 3044 5392 igitur
3074 5326 3367 5380 notandum
3411 5336 3493 5382 est
3535 5328 3589 5382 in
3631 5329 3723 5385 his

2175 5404 2478 5473 apostolicis
2499 5407 2924 5467 institutionibus
2946 5412 3047 5466 sub
3066 5413 3282 5469 nomine
3302 5416 3537 5486 episcopi
3556 5418 3721 5472 etiam

2171 5495 2512 5563 presbyteros
2533 5499 2927 5568 comprehendi.
2952 5500 3390 5560 lnconvenienter
3407 5507 3552 5560 enim
3572 5505 3722 5576 Apo-

2172 5582 2344 5636 stolus
2369 5594 2490 5652 post
2513 5587 2927 5656 descriptionem
2965 5591 3202 5662 episcopi
3229 5597 3410 5650 statim
3441 5595 3508 5650 de
3533 5595 3722 5653 diaco-

2174 5671 2333 5726 nibus
2355 5675 2695 5742 subinferret,
2729 5678 2773 5733 si
2801 5693 2906 5734 non
2929 5689 2984 5735 et
3000 5683 3338 5755 presbyteros
3366 5685 3472 5741 sub
3511 5688 3723 5760 episco-

2174 5761 2279 5830 pali
2307 5762 2662 5836 descriptione
2689 5770 3192 5851 comprehenderet,
3219 5774 3312 5844 qui
3357 5786 3482 5845 post
3508 5779 3723 5838 enisur-
