3956 6372
213 445 348 498 HIS

1079 437 1362 498 nemo.
1403 443 1489 498 ιιι.
1531 473 1597 482 -
1634 428 2060 498 nosunssn
2101 442 2560 500 cnaconust.

3281 439 3412 494 “16

209 571 337 627 pum
362 553 618 626 proximi,
647 562 700 609 et
727 549 861 624 ipsis
886 552 1203 612 diaconibus
1248 553 1612 610 indubitanter
1639 561 1767 610 sunt
1794 554 1840 612 Α
1865 568 2060 609 uxores
2085 564 2321 620 vestras,
2359 557 2499 610 sicut
2525 563 2578 608 et
2600 530 2848 607 Christus
2877 550 3172 606 Eccleslam
3200 546 3409 620 (Epiros.

209 644 516 715 antepositi.
534 643 639 699 Ant
655 643 800 698 enim
823 658 1090 714 nusquam
1110 643 1178 699 de
1196 643 1533 698 ordinatione
1553 643 1769 714 presbyo

205 741 449 788 tororum
496 733 652 798 dixit,
702 741 796 788 aut
845 733 949 789 sub
995 732 1214 809 nomine
1258 734 1633 804 episcoporum
1672 748 1766 789 eos

205 821 510 892 descripsit.
537 821 754 878 Scilicet
775 822 1131 892 incongruum
1149 831 1380 889 essetut,
1404 823 1766 892 praetermisso

205 911 492 981 magistro,
526 912 835 981 ministrum
874 911 992 980 ejus
1028 911 1385 978 describeret,
1419 928 1541 967 cum
1586 921 1763 966 tamen

203 980 464 1067 magister
511 980 890 1055 ecclesiasticis
935 999 1378 1068 dispositionibus
1419 1000 1590 1069 magis
1621 1007 1766 1053 esset

202 1088 566 1142 necessarius.
593 1087 854 1153 Praeterea
877 1103 1000 1142 cum
1023 1087 1312 1158 Apostolus
1326 1088 1446 1143 Tito
1471 1089 1762 1158 pmcipiat,

199 1182 262 1227 ut
290 1190 387 1242 per
416 1175 660 1230 civitates
693 1177 1033 1246 presbyteros
1062 1177 1293 1240 ordinet,
1321 1178 1500 1232 statim
1541 1167 1666 1230 cum
1697 1177 1763 1231 de

200 1263 547 1318 ordinatione
574 1279 766 1318 eorum
805 1264 1105 1320 inl‘ormans
1128 1265 1432 1320 subinl‘ert:
1473 1284 1491 1317 t
1534 1264 1760 1334 Oportet

197 1349 517 1418 episcopum
541 1351 658 1405 sine
689 1352 913 1406 crimine
941 1353 1288 1423 essc(lbid.).
1331 1372 1349 1404 ι
1384 1352 1527 1408 idem
1572 1353 1760 1408 Timo-

198 1435 328 1488 theo
368 1436 594 1490 scribit:
633 1455 651 1487 ο
688 1435 808 1491 Noli
847 1439 1112 1508 negligere
1161 1439 1388 1509 gratiam
1437 1455 1558 1509 quae
1608 1441 1661 1494 in
1711 1450 1759 1494 te

195 1532 300 1589 est,
326 1541 454 1594 qua:
491 1528 613 1582 data
637 1536 722 1583 est
764 1529 860 1582 tibi
892 1544 988 1598 per
1010 1529 1343 1598 prophetiam
1372 1546 1492 1585 cum
1539 1531 1760 1600 imposi-

196 1615 348 1691 tione
384 1631 640 1671 manuum
675 1617 986 1687 presbyterii
1015 1616 1064 1685 (Ι
1095 1617 1228 1671 Tim.
1256 1624 1331 1686 i).
1357 1637 1375 1670 ι
1411 1618 1531 1684 Cui,
1569 1621 1622 1673 in
1669 1635 1758 1674 se-

194 1707 492 1774 quentibus
509 1707 693 1760 statim
723 1707 852 1761 dicit
877 1725 889 1760 :
927 1725 945 1758 ‹
980 1705 1191 1760 Nemini
1212 1709 1319 1761 cito
1339 1723 1558 1761 manum
1587 1711 1758 1778 impo-

194 1795 378 1849 sueris
407 1793 460 1862 (I
504 1794 637 1848 Tim.
666 1795 751 1864 v),
784 1815 802 1847 ι
829 1796 973 1865 quod
1009 1798 1221 1866 proprie
1254 1797 1626 1866 episcoporum
1650 1809 1750 1852 est.

1865 644 1970 710 v)»
1999 642 2149 699 Unde
2172 643 2528 714 Hieronymus
2551 661 2564 696 :
2596 641 2681 696 «Si
2704 643 2968 704 Christus,
2996 639 3186 708 inquit,
3209 647 3412 701 sancte,

1864 734 1910 788 si
1944 741 2110 797 caste,
2154 733 2201 788 si
2230 735 2434 803 absque
2471 733 2580 786 ulla
2629 732 2840 785 macula
2885 729 3057 797 diligit
3095 726 3410 789 Ecclesiam,

1863 821 1961 874 viri
1991 835 2207 891 quoque
2233 822 2285 874 in
2313 822 2560 876 castitate
2591 836 2787 874 uxores
2810 834 2935 873 suas
2975 819 3224 885 diligant;
3255 833 3274 865 ι
3309 823 3364 867 et
3394 829 3412 849 ο

1869 928 1886 961 ι
1921 909 2069 964 Sciat
2091 912 2465 980 unusquisque
2486 926 2579 964 vas
2610 926 2766 964 suum
2795 909 3066 978 possidere
3097 908 3148 959 in
3173 904 3408 958 sanctifi-

1861 1000 2093 1064 catione,
2132 1009 2186 1053 et
2208 1000 2435 1064 honore,
2484 1013 2591 1052 non
2620 999 2672 1052 in
2703 999 2953 1067 passione
2980 995 3248 1058 desiderii,
3272 994 3413 1048 sicut

1860 1098 1912 1143 et
1939 1100 2123 1159 gentes
2144 1106 2263 1159 quae
2290 1091 2534 1159 ignorant
2562 1089 2725 1142 Deum
2764 1087 2815 1156 (1
2849 1088 3021 1142 Thess.
3066 1087 3158 1153 iv).
3191 1104 3208 1137 ι
3243 1084 3411 1151 Quem

1812 1213 1822 1222 ο
1863 1180 2118 1231 honorem
2145 1179 2215 1232 ita
2239 1179 2617 1248 interpretatur
2642 1177 3032 1247 Hieronymus:
3064 1195 3081 1225 ‹
3118 1175 3194 1237 Si,
3220 1175 3410 1244 inquit,

1861 1267 2194 1321 abstinemus
2238 1283 2338 1322 nos
2363 1283 2391 1321 a
2424 1269 2598 1327 coitu,
2629 1268 2884 1320 honorem
2917 1266 3160 1320 muliebri
3194 1265 3414 1318 vasculo

1862 1353 2176 1418 tribuimus;
2210 1354 2254 1407 si
2292 1370 2399 1408 non
2444 1354 2804 1416 abstinemus,
2833 1355 3171 1422 perspicuum
3200 1360 3282 1405 est
3311 1354 3410 1406 ho~

1861 1443 1978 1495 nori
2006 1443 2330 1496 contrariam
2363 1458 2483 1496 esse
2514 1444 2911 1496 contumeliam.
2951 1461 2970 1494 ι

1929 1529 2188 1586 Prmterea
2212 1532 2388 1585 omnis
2416 1533 2645 1602 populus
2674 1535 2904 1586 iiliorum
2949 1531 3108 1586 Israel
3137 1531 3202 1585 ad
3250 1547 3407 1585 mon-

1856 1628 1963 1674 tem
1999 1620 2081 1691 lC.
2111 1621 2172 1674 Β.
2223 1620 2376 1692 Sina]
2421 1637 2762 1686 accessurus,
2797 1631 2850 1675 ct
2901 1621 2993 1675 Dei
3035 1622 3306 1690 eloquium
3343 1621 3410 1674 de

1857 1710 2151 1780 longinquo
2174 1720 2379 1764 tantum
2428 1713 2733 1774 auditurus,
2785 1711 2962 1764 triduo
2987 1710 3328 1774 sanetilicari,
3357 1719 3412 1764 et

1857 1815 1914 1852 se
1940 1801 2215 1852 continere
2243 1800 2312 1853 ab
2340 1801 2601 1852 uxoribus
2625 1800 2844 1867 julzetur
2875 1799 3068 1868 (Exod.
3111 1803 3244 1865 xu).
3281 1797 3409 1851 lure

195 1879 343 1951 Ergo
376 1860 624 1938 eumdem
654 1860 963 1954 episcopum
998 1860 1159 1950 dicit,
1189 1860 1349 1955 qucum
1382 1896 1436 1940 et
1475 1888 1750 1958 prcsbyte—
1787 1860 1828 1914 Β
1853 1902 1980 1955 ergo
2018 1886 2305 1955 Apostolus
2336 1903 2614 1941 sacrorum
2660 1889 2924 1942 ministris
2969 1888 3407 1941 incontinentiam

194 1985 318 2024 rum
352 1973 668 2026 nominavit.
714 1972 803 2047 Sic
853 1975 1038 2027 beatus
1085 1974 1441 2045 Hieronymus
1491 1978 1657 2046 (995),
1697 1986 1752 2031 ct

196 2057 253 2112 S.
285 2058 452 2113 Pater
491 2061 812 2115 Ambrosius
852 2063 1134 2130 prtedictas
1174 2064 1412 2131 Apostoli
1459 2067 1770 2126 sententias,

194 2146 426 2208 ﬁdeliter
448 2157 804 2216 exponentes,
837 2157 1100 2202 testantur
1141 2149 1280 2218 apud
1323 2151 1574 2218 antiquos
1610 2152 1747 2204 idem

192 2233 366 2289 fuisse
395 2237 706 2306 episcopum
737 2248 790 2291 et
816 2240 1204 2309 presbyterum,
1233 2249 1291 2294 ut
1331 2256 1525 2295 nomen
1561 2258 1745 2306 unum,

191 2335 341 2380 esset
361 2327 548 2390 ollieii,
605 2329 747 2382 aliud
779 2330 970 2382 anatis.
1016 2329 1206 2384 Postea
1248 2340 1447 2396 autem,
1480 2331 1746 2385 utlliero-

193 2430 394 2485 nymus
429 2417 644 2482 asserit,
675 2432 798 2471 cum
825 2419 1196 2488 unusquisque
1222 2435 1317 2472 eos
1345 2437 1482 2489 quas
1508 2422 1748 2490 baptiza-

191 2514 498 2581 veratsuos
529 2523 647 2561 esse
676 2516 907 2576 putaret,
939 2517 994 2561 et
1018 2523 1124 2568 non
1145 2507 1374 2572 Christi,
1408 2520 1623 2578 propter
1652 2527 1748 2565 au-

191 2591 413 2647 ferenda
453 2594 744 2648 schismata
771 2635 785 2660 ,
822 2594 876 2648 in
920 2601 1033 2648 toto
1073 2595 1346 2649 decretum
1389 2605 1474 2650 est
1518 2599 1646 2652 orbe
1690 2608 1748 2652 ut

190 2693 338 2734 unus
371 2681 439 2734 de
469 2682 792 2752 presbyteris
815 2692 1214 2752 prmponeretur
1239 2685 1464 2748 caeteris,
1494 2687 1559 2739 ad
1585 2702 1743 2756 quem

189 2769 372 2823 omnis
398 2765 529 2823 cura
557 2769 802 2826 Ecclesia:
835 2771 1142 2840 pertineret.

257 2853 393 2911 Post
417 2857 827 2928 descriptionem
858 2867 1036 2911 autem
1079 2858 1316 2928 episcopi
1343 2867 1396 2912 et
1423 2861 1738 2932 presbyteri,

188 2953 349 3000 caute
368 2947 657 3014 Apostolus
701 2949 977 3017 snbjungit
999 2948 1065 3002 de
1093 2948 1408 3002 diaeonibus
1450 2949 1521 3003 ita
1558 2951 1742 3004 decer-

187 3048 329 3090 nens
357 3054 372 3090 :
412 3056 430 3087 ι
451 3037 714 3093 Diaconos
735 3039 1002 3102 similiter,
1029 3037 1234 3092 scilicet
1257 3046 1486 3108 Oportet,
1519 3041 1740 3108 pudicos

186 3139 334 3190 esse,
370 3135 426 3180 et
452 3127 654 3196 reliqua
681 3126 734 3197 (1
774 3127 906 3180 Tim.
944 3125 1046 3195 ιιι).
1083 3146 1102 3177 i
1138 3127 1216 3182 Ac
1243 3128 1289 3182 si
1317 3128 1552 3182 diceret:
1587 3128 1784 3197 Quod,

186 3211 255 3265 de
281 3214 550 3284 episcopis
580 3224 633 3270 et
653 3215 978 3285 presbyteris
1020 3215 1255 3280 decrevi,
1297 3216 1400 3272 hoc
1440 3216 1578 3270 idem
1601 3218 1737 3272 etde

184 3299 510 3355 diaconibus
529 3317 613 3356 me
633 3303 814 3358 sciatis
843 3303 1163 3358 decrevisse.
1201 3301 1343 3378 Satis
1373 3319 1500 3373 ergo
1521 3306 1736 3360 eviden-

183 3392 272 3439 ter
305 3395 469 3453 patet,
493 3397 552 3442 nt
570 3390 798 3455 eestimo,
820 3390 1133 3458 Apostolnm
1158 3393 1210 3445 in
1235 3393 1601 3461 superioribus
1623 3397 1737 3453 suis

183 3473 595 3531 diliinitionibus
627 3477 786 3530 etiam
832 3479 1175 3548 presbyteros
1221 3494 1344 3532 cum
1375 3480 1643 3550 episcopis
1681 3492 1747 3536 et-

122 3613 130 3621 .
182 3563 506 3620 diaconibus
533 3567 1017 3642 comprehendisse.
1052 3565 1203 3622 Unde
1235 3577 1290 3622 et
1335 3571 1528 3636 merito
1574 3573 1734 3640 quili-

182 3650 280 3706 bet
307 3667 492 3708 eorum
517 3669 547 3709 a
571 3645 740 3710 sacris
766 3655 950 3710 ofﬁciis
978 3653 1307 3724 dimovetur,
1337 3659 1643 3728 quicunque
1667 3674 1732 3714 ex

181 3739 300 3796 illis
347 3742 507 3799 in-se
552 3746 900 3822 apostolicam
942 3745 1378 3802 informationem
1427 3748 1734 3819 corrupisse

181 3827 466 3894 probatur.
517 3829 715 3902 Nempe
754 3833 1042 3908 Apostolus
1071 3843 1299 3891 testatur
1337 3837 1636 3908 episcopos,
1679 3851 1734 3896 et

180 3917 546 3986 presbyteros,
572 3932 625 3976 et
647 3905 906 3980 diaconos,
939 3935 1186 3996 oportere
1207 3905 1385 3998 turpis
1419 3905 1554 3985 lucri
1582 3932 1732 4001 cupi-

177 4001 288 4055 dos
320 4018 427 4058 non
449 4020 567 4061 esse
595 4008 722 4076 (Tit.
755 4011 813 4076 l).
839 4011 1025 4067 Omnis
1055 4024 1234 4068 autem
1261 4015 1597 4074 Simoniacus
1618 4029 1730 4074 tur-

176 4088 396 4158 pissimi
424 4099 479 4144 et
507 4091 871 4150 nefandissimi
899 4098 1034 4151 lucri
1079 4100 1444 4156 indubitanter
1470 4112 1555 4158 est
1585 4107 1730 4174 cupi-

175 4177 308 4233 dus.
345 4176 486 4250 Ergo
512 4179 649 4235 inter
674 4197 857 4238 sacros
883 4185 1099 4241 ordines
1129 4187 1432 4244 nullatenus
1471 4198 1554 4244 est
1580 4205 1729 4245 com-

173 4268 474 4338 pntandus,
504 4271 704 4325 scilicet
731 4271 844 4340 jam
887 4272 1087 4328 dudum
1116 4290 1210 4344 per
1228 4277 1576 4346 apostolicam
1599 4295 1725 4334 sen-

173 4357 402 4410 tentiam
447 4359 658 4426 penitus
699 4360 767 4414 ab
809 4360 1012 4415 eisdem
1049 4373 1376 4434 segregatus.
1422 4365 1725 4423 Notandum

1849 1974 2117 2027 interdicit
2139 1974 2222 2045 [(1.
2254 1974 2315 2026 Ii.
2342 1977 2724 2027 continentiam
2755 1975 2986 2046 indixit],
3018 1977 3111 2044 qui
3162 1986 3214 2029 et
3237 1993 3409 2031 smon-

1847 2063 2052 2115 larihus
2099 2064 2293 2116 debent
2338 2065 2682 2130 przceminere
2734 2066 2785 2116 in
2845 2068 3134 2119 castitate:
3189 2067 3314 2134 qui,
3354 2075 3409 2119 et

1848 2150 2020 2219 ipsius
2067 2152 2299 2220 Spiritus
2351 2154 2519 2204 sancti
2555 2154 2875 2206 locutorium
2919 2154 3123 2216 eil‘ecti,
3169 2155 3406 2220 quotidie

1848 2237 2132 2291 Dominum
2158 2255 2254 2306 pro
2276 2241 2472 2306 populo
2489 2240 2684 2293 debent
2710 2239 3064 2308 interpellare.
3091 2242 3407 2308 Quicunque

1845 2341 1972 2395 ergo
2001 2327 2192 2380 horum
2221 2328 2557 2380 incontinens
2580 2343 2695 2379 esse
2723 2329 3005 2396 detegitur,
3030 2329 3097 2381 ab
3128 2331 3241 2396 ipso
3265 2332 3406 2397 Apo-

1846 2412 1984 2468 stolo
2013 2416 2180 2467 sacris
2211 2415 2490 2467 ordinibus
2520 2416 2777 2466 interesse.
2810 2418 3144 2482 prohibetur,
3172 2434 3290 2469 cum
3313 2431 3405 2484 per

1847 2502 2287 2557 incontinentiam
2315 2504 2622 2569 apostolico
2661 2505 2984 2556 institutioni
3014 2503 3245 2570 stipsum
3273 2505 3402 2560 sub-

1844 2596 2074 2648 traxisse
2095 2595 2356 2647 videatur.
2384 2591 2514 2644 Nam
2541 2594 2682 2660 quod
2708 2592 2996 2660 Apostolus
3018 2592 3166 2656 dicit,
3197 2611 3214 2644 t
3243 2594 3404 2648 unius

1844 2683 2031 2736 uxoris
2076 2683 2272 2745 virum,
2305 2683 2326 2732 ἰ
2380 2683 2532 2748 juxta
2579 2681 2973 2733 attestationcm
3027 2679 3124 2734 SS.
3159 2681 3400 2744 Patrum,

1848 2779 1970 2823 ante
2001 2770 2388 2822 ordinationem
2426 2779 2652 2831 lentum,
2699 2785 2804 2822 non
2831 2778 2953 2837 post
2983 2769 3172 2838 ipsam,
3209 2778 3290 2824 est
3321 2771 3403 2822 in-

1843 2858 2206 2925 telligendum.
2244 2855 2392 2909 [nde
2423 2856 2478 2908 Β.
2507 2857 2807 2925 Cyprianus
2839 2859 2889 2909 in
2918 2859 3008 2911 lib.
3045 2859 3117 2912 De
3139 2875 3211 2913 ιιι
3262 2859 3400 2914 abu-

1841 2948 2086 3000 sionibus
2101 2947 2268 3014 (996),
2291 2947 2420 2998 dicit
2438 2967 2453 2994 ι
2467 2949 2604 3013 quod
2623 2947 2742 2998 talis
2759 2961 2876 2999 esse
2888 2947 3077 3000 debeat
3097 2949 3398 3016 episcopus,

1840 3041 1900 3084 ut
1920 3040 2045 3085 ante
2067 3033 2434 3100 episcopatum
2454 3048 2612 3084 unaln
2644 3042 2850 3084 tantum
2882 3050 3102 3086 uxorem
3129 3037 3287 3086 hahu.
3309 3040 3396 3100 rit,

1841 3135 1945 3172 non
1978 3121 2177 3187 plures.
2216 3139 2233 3169 ι
2266 3119 2413 3173 Unde
2431 3130 2483 3172 et
2507 3120 2562 3172 S.
2593 3120 2945 3190 Hieronymus
2971 3122 3022 3173 in
3047 3123 3398 3192 Apologetico

1837 3209 1901 3261 ad
1918 3207 2349 3261 Patnmachium:
2382 3228 2398 3256 ι
2438 3209 2707 3276 Episcopi,
2727 3211 3043 3278 presbyteri,
3057 3215 3288 3277 diaconi,
3306 3226 3398 3266 aut

1836 3298 2069 3367 virgines
2094 3298 2386 3365 eliguntur,
2418 3308 2510 3351 ant
2539 3301 2717 3362 vidui;
2753 3299 2833 3352 vel
2885 3310 3031 3354 certe
3067 3312 3188 3368 post
3213 3317 3394 3356 sacer-

1835 3386 2040 3440 dotium
2065 3387 2116 3439 in
2139 3396 2394 3440 :eternum
2425 3388 2656 3454 pudici.»
2691 3388 2842 3452 Item,
2871 3389 3060 3443 beatus
3082 3389 3392 3457 Zacharias,

1834 3475 1918 3527 vir
1939 3475 2270 3542 apostolicus
2297 3477 2540 3528 scribens
2560 3478 2625 3529 ad
2653 3475 2707 3528 S.
2737 3475 3072 3531 Bonifacium
3100 3477 3395 3548 Maguntia-

1833 3577 2044 3617 censcm
2096 3565 2553 3632 archiepiscopum
2611 3565 2781 3632 (epist.
2829 3567 2885 3635 t)
2915 3608 2928 3629 ,
2977 3567 3048 3620 ita
3107 3569 3386 3624 decrevit:

1838 3671 1857 3704 ι
1887 3651 2052 3718 Cum,
2084 3653 2288 3720 inquit,
2326 3662 2413 3705 tua
2444 3643 2756 3709 fraternitas.
2787 3656 2838 3708 in
2871 3657 3101 3710 concilio
3143 3657 3392 3727 (Mogun-

1832 3741 1967 3810 tino)
1995 3740 2295 3795 consederit
2321 3756 2443 3794 cum
2489 3740 2895 3810 (Carlomanno)
2938 3745 3392 3800 excellentissimo

1831 3830 1968 3895 viro,
2001 3829 2046 3883 si
2075 3843 2213 3897 quos
2259 3830 2523 3896 repererit
2548 3831 2852 3898 episc0pos,
2895 3833 3256 3900 presbyteros,
3301 3845 3394 3887 aut

1829 3918 2105 3981 diaconos,
2131 3924 2316 3970 contra
2367 3931 2602 3970 canones
2633 3919 2712 3970 vel
2737 3928 2934 3973 statuta
2959 3918 3175 3972 Patrum
3202 3935 3389 3973 exces-

1829 4007 1986 4071 sisse,
2013 4006 2067 4060 id
2093 4015 2195 4069 est,
2231 4007 2281 4058 in
2319 4007 2610 4072 adulterio;
2645 4009 2748 4072 vel,
2783 4009 2826 4062 si
2851 4010 3030 4078 plures
3072 4024 3266 4062 uxores
3289 4010 3387 4062 ha-

1827 4095 2058 4149 buerunt
2083 4113 2094 4158 ;
2127 4104 2218 4146 aut
2248 4096 2290 4147 si
2322 4097 2633 4164 sanguinem
2663 4097 3116 4160 Christianorum,
3145 4098 3256 4150 sive
3288 4111 3386 4164 pa-

1825 4197 2085 4252 ganorum
2110 4183 2429 4247 eﬂ’uderunt,
2459 4184 2539 4237 vel
2561 4187 2720 4237 etiam
2744 4185 2865 4240 aliis
2894 4187 3160 4255 capitulis,
3185 4187 3388 4255 quibus

1825 4273 2122 4327 canonibus
2163 4273 2410 4327 obviasse
2463 4276 2721 4342 repererit
2764 4285 2856 4329 tua
2905 4278 3186 4341 sanctitas,
3235 4279 3387 4334 nulla

1823 4366 2030 4418 ratione
2065 4363 2353 4430 apostolica
2387 4366 2707 4418 auctoritate
2729 4369 3002 4434 permittat
3025 4365 3164 4438 [eos]
3199 4383 3383 4422 sacer-

171 4455 382 4513 autem,
405 4447 451 4503 si
481 4449 779 4520 neophytus
819 4450 959 4506 inter
981 4467 1164 4508 sacros
1195 4456 1408 4511 ordines
1438 4472 1544 4512 non
1586 4461 1722 4514 reci-
1757 4467 1800 4522 ι)
1823 4455 1967 4508 dotio
1982 4453 2474 4522 fungi,qttiatalesa
2499 4470 2596 4507 suo
2611 4458 2931 4525 proprioore
2947 4457 3080 4511 falso
3097 4460 3386 4511 nominan-

170 4534 346 4604 pitur,
380 4538 472 4605 qui
497 4547 674 4594 tamen
711 4540 848 4594 inter
866 4541 1032 4596 laieos
1059 4558 1217 4612 posse
1251 4546 1442 4600 salvari
1467 4550 1720 4615 creditur,

169 4633 382 4691 quanto
401 4628 572 4696 magis
593 4629 715 4683 inde
730 4638 856 4683 sunt
871 4634 1179 4700 segregandi
1201 4637 1400 4702 cupidi,
1421 4637 1534 4691 sive
1555 4642 1720 4707 avari,
1748 4663 1753 4669 ·

169 4712 272 4782 qui
333 4722 461 4766 sunt
504 4715 768 4770 idolorum
820 4719 990 4781 servi,
1022 4721 1144 4786 qui,
1189 4723 1340 4789 juxta
1386 4725 1720 4794 Apostolum,

168 4801 481 4856 nullatenus
506 4802 704 4857 habent
728 4805 1089 4861 hereditatem
1137 4810 1191 4862 in
1221 4826 1386 4879 regno
1430 4814 1629 4869 Christi
1669 4827 1724 4872 et

169 4889 271 4944 Dei
307 4889 518 4960 (Ep/res.
549 4893 602 4960 ν)
629 4893 652 4944 ?
1326 4917 1328 4922 ·

244 4979 376 5034 Item
402 4978 689 5050 Apostolus
721 4983 960 5052 praecipit
989 4984 1043 5038 in
1084 4989 1474 5054 superioribus,
1514 4973 1572 5046 ut
1609 4995 1721 5062 epi—

165 5069 344 5136 seOpi,
372 5070 684 5140 presbyteri,
710 5071 920 5125 diaconi
949 5074 1057 5127 sint
1087 5077 1292 5142 pudici,
1329 5078 1379 5132 id
1412 5089 1493 5134 est
1539 5085 1717 5136 conti-

169 5166 381 5211 nentes.
425 5157 532 5214 Nec
575 5162 787 5223 mirum,
811 5177 932 5216 cum
964 5171 1017 5215 et
1037 5163 1202 5218 laieos
1233 5167 1298 5219 ad
1331 5170 1718 5225 continentiam

167 5243 418 5298 hortetur
440 5247 622 5305 dicens
650 5269 666 5321 1:
707 5269 725 5302 ‹
762 5250 893 5304 V'olo
921 5260 1095 5305 autem
1129 5254 1374 5310 homines
1415 5273 1554 5322 esse,
1581 5262 1722 5314 sicut

168 5346 256 5386 me
290 5333 366 5400 ips
383 5349 464 5387 12m
489 5336 540 5401 (1
571 5339 688 5393 Cor.
713 5343 828 5410 vn),
866 5362 882 5392 ι
922 5343 1103 5410 utique
1140 5343 1496 5398 continentes.
1543 5347 1669 5402 Item
1703 5369 1714 5403 :

176 5439 196 5470 ι
230 5419 478 5490 Reliqu':
552 5437 648 5491 est,
682 5440 820 5485 utet
847 5434 938 5502 qui
983 5433 1178 5486 habent
1205 5447 1419 5498 uxores,
1458 5444 1711 5503 tanquam

168 5522 279 5563 non
326 5509 582 5566 haberaes
610 5515 716 5570 sint
759 5519 966 5592 (Ibid).
1003 5539 1020 5572 ι
1071 5520 1198 5575 item
1231 5539 1241 5573 :
1280 5539 1297 5570 ε
1334 5519 1464 5586 Viri,
1510 5524 1714 5595 diligite

530 5625 628 5674 hoc.
651 5624 790 5703 diem
834 5628 889 5683 Β.
934 5631 1075 5687 Hier.
1108 5634 1222 5703 lege
1248 5631 1550 5688 Bellarmin.
1568 5675 1584 5702 ,
1615 5624 1706 5690 lib.

168 5689 235 5743 de
250 5688 493 5753 Clericis,
516 5703 572 5740 cr
582 5706 627 5758 ξι.
664 5692 745 5747 15.

1827 4554 1914 4598 tur
1940 4544 2261 4606 sacerdotes,
2295 4554 2341 4596 et
2374 4545 2580 4612 pejores
2614 4562 2674 4598 ac
2703 4548 2998 4602 deteriores
3027 4548 3380 4602 szecularibus

1825 4645 2268 4697 essenoscuntur,
2293 4635 2384 4702 qui
2411 4651 2468 4688 se
2502 4636 3380 4703 nequeafornicationibus,neque

1773 4762 1781 4770 -
1827 4739 1856 4778 a
1879 4722 2093 4777 nefariis
2109 4726 2464 4778 matrimoniis
2488 4725 2786 4791 abstinent,
2811 4742 2982 4792 neque
3004 4726 3071 4777 ab
3096 4725 3377 4777 hominum

1827 4814 2100 4882 sanguinis
2115 4816 2369 4868 ell‘usione
2384 4830 2574 4867 manus
2595 4814 3086 4866 servantinnoxias.
3105 4813 3300 4878 Quales
3322 4828 3381 4868 se

1823 4917 1941 4956 esse
1955 4905 2592 4965 sacerdotesexistimant,
2607 4916 2692 4954 aut
2709 4903 2970 4970 quidiude
2995 4904 3263 4967 sentiunt,
3291 4905 3378 4958 di-

1822 5001 1975 5045 cente
2004 4992 2110 5044 Deo
2141 5013 2148 5040 :
2185 4993 2498 5045 Sacerdotes
2542 4992 2643 5044 mei
2673 4993 2836 5046 semel
2866 4994 3106 5046 nubant?
3151 4994 3215 5047 Et
3238 4996 3380 5063 Apo-

1823 5083 2026 5135 stolus:
2059 5080 2227 5136 Unius
2267 5083 2449 5134 uxoris
2485 5083 2681 5146 virum,
2713 5092 2765 5136 et
2790 5093 3000 5138 ca‘tera.
3030 5084 3093 5137 Et
3129 5087 3230 5138 hoc.
3251 5095 3377 5153 ante

1823 5181 2126 5239 susceptum
2155 5173 2510 5225 sacerdotium
2541 5175 2615 5226 uti
2658 5175 2862 5227 licitum
2906 5184 3004 5228 est.
3050 5174 3180 5227 Nam
3220 5189 3247 5225 a
3289 5175 3377 5227 die

1826 5264 2057 5330 Suscepti
2092 5260 2372 5316 sacerdotii
2422 5266 2585 5317 etiam
2629 5266 2696 5317 ab
2735 5267 2850 5334 ipso
2881 5267 3096 5333 proprio
3125 5265 3375 5331 conjugio

1827 5354 2138 5421 prohibendi
2179 5365 2321 5407 sunt.
2357 5373 2372 5403 ι
2407 5355 2553 5406 Unde
2580 5363 2632 5405 et
2660 5354 3014 5422 Hieronymus
3037 5354 3101 5405 ad
3141 5352 3371 5417 Vigilan-

1824 5446 1959 5498 tium
2015 5448 2255 5497 srrihens
2307 5453 2532 5497 testatur
2583 5463 2592 5493 :
2649 5462 2666 5494 ι
2730 5443 2982 5496 Ecclesizc
3035 5439 3368 5499 Orientis,“

1824 5533 2067 5604 Egypti,
2111 5546 2156 5585 et
2200 5535 2488 5600 apostolica
2519 5533 2691 5595 sedes,
2743 5543 2833 5584 aut
2874 5531 3104 5595 virgines
3145 5527 3364 5579 clericos

1893 5641 2043 5713 (996)
2085 5639 2181 5694 Hic
2205 5643 2338 5695 liber
2369 5655 2473 5692 non
2500 5648 2742 5692 censetur
2775 5637 2827 5690 S.
2853 5636 3118 5703 Cypriani.
