3956 6420
473 464 604 518 "27

1424 454 1514 506 AD
1544 452 1767 508 OPERA
1808 451 1863 503 S.
1904 447 2221 504 GREGOltll
2260 445 2697 500 APPENDICES.

3616 8 3879 131 "’1

3536 455 3686 512 ιω

475 570 760 638 accipiunt,
782 576 873 620 aut
895 566 1263 628 continentes;
1288 572 1398 626 aut,
1420 565 1464 615 si
1489 578 1684 616 uxores
1710 560 2015 625 habuerint,
2047 564 2092 618 Α
2118 559 2163 621 si
2191 558 2559 612 sacerdotibus
2589 571 2787 610 uxores
2827 571 2937 610 non
2962 557 3086 611 licet
3110 566 3345 628 tangere,
3377 560 3432 614 in
3454 576 3522 617 eo
3542 580 3692 619 san-

474 660 653 716 mariti
676 673 793 713 esse
810 658 1096 711 desistunt.
1138 674 1155 706 ι
1197 653 1481 719 Quomodo
1507 652 1652 706 enim
1691 651 1842 719 juxta
1869 666 2019 704 eum—

474 750 594 806 dem
633 747 969 817 Apostolum,
1002 756 1061 798 ut
1083 744 1397 813 prredictum
1420 750 1531 807 est,
1562 756 1620 795 se
1664 741 2019 804 continerent,

477 840 520 895 si
550 854 673 893 cum
714 837 1032 905 conjugibus
1073 833 1514 887 incontinentiam
1558 846 1808 885 exercere
1858 831 2021 885 debe-

478 934 623 991 rent;
655 940 794 994 quas,
829 925 956 992 quia
997 921 1265 976 centraria
1312 931 1438 974 sunt
1453 961 1477 999 ,ἦ
1512 920 1816 974 nullatenus
1864 920 2026 973 simul

478 1030 601 1069 esse
621 1013 887 1083 possunt?

553 1102 654 1157 Sed
676 1110 728 1155 et
754 1102 840 1155 hic
875 1100 1151 1168 diligenter
1194 1097 1585 1166 inspiciendum
1625 1096 1767 1166 quod
1792 1097 2027 1165 Aposto-

436 1214 439 1217 ‘
478 1195 565 1248 lus
587 1192 808 1262 jusserit
841 1192 961 1260 eligi
985 1190 1050 1243 ad
1079 1190 1465 1253 sacerdotium,
1510 1203 1619 1241 non
1664 1186 1756 1256 qui
1797 1187 1911 1255 jam
1935 1202 2030 1256 per

479 1277 1074 1336 incontinentiamlilios
1103 1284 1403 1345 generaret,
1432 1276 1522 1328 sed
1551 1274 1641 1343 qui
1668 1275 1867 1328 dudum
1885 1274 2030 1344 ﬁlios

479 1371 691 1425 adultos
710 1376 763 1423 et
784 1369 918 1421 bene
942 1366 1174 1419 nutritos
1203 1365 1497 1419 habuisset.
1526 1362 1662 1417 Nota
1690 1372 1868 1417 autem
1897 1378 2030 1431 apo—

481 1463 676 1516 stolum
722 1458 1085 1511 inobedientes
1119 1462 1172 1509 et
1209 1455 1526 1523 vaniloquos
1566 1454 1868 1529 nullatenus
1895 1453 2032 1506 inter

483 1566 667 1605 sacros
688 1549 900 1601 ordines
929 1555 1270 1613 comrutassc
1294 1562 1308 1609 ;
1355 1544 1464 1599 imo
1503 1545 1704 1613 peritos
1731 1546 2031 1597 sacerdotes

484 1637 737 1693 constitui
791 1636 1107 1704 praecepisse
1153 1636 1218 1688 ad
1254 1636 1352 1689 hos
1384 1634 1574 1711 utique
1613 1633 1912 1702 arguendos
1940 1629 2032 1699 qui

484 1728 765 1782 universas
813 1725 1002 1778 domos
1050 1725 1394 1788 subvertunt,
1456 1724 1706 1776 docentes
1754 1735 1873 1789 qua:
1923 1734 2030 1773 non

485 1824 714 1885 oportet,
746 1814 923 1881 turpis
943 1814 1078 1865 lucri
1101 1814 1301 1881 gratia;
1332 1826 1469 1880 quos
1505 1812 1666 1864 ctiam
1705 1811 1836 1863 dure
1859 1809 2033 1863 incre—

484 1904 601 1974 pari
627 1903 797 1971 jubet,
828 1917 895 1955 ne
922 1900 1158 1955 Judaicis
1185 1900 1379 1954 fabulis
1417 1901 1694 1953 intendant
1720 1909 1773 1953 et
1805 1898 2031 1954 manda-
2064 1886 2106 1939 Β

488 1997 556 2048 tis
588 1992 863 2046 hominum
896 1992 1259 2044 aversantium
1305 1990 1680 2060 [avertentium
1705 1988 1784 2059 se]
1823 2005 1852 2042 a
1890 1989 2031 2041 veri-

488 2092 613 2137 tate.
637 2082 709 2136 Ut
736 2082 831 2146 illi,
858 2083 948 2150 qui
973 2082 1126 2150 juxta
1158 2082 1467 2134 mandatum
1498 2080 1648 2133 Pauli
1678 2078 2032 2143 Samosatcni,

488 2172 603 2228 sive
638 2171 857 2225 Ebionis
902 2170 1180 2224 Judaicam
1230 2170 1669 2223 incontinentiam
1717 2168 2036 2222 Christianis

490 2260 855 2317 sacerdotibus
884 2260 1046 2314 licere
1071 2260 1453 2330 dogmatizant.

561 2369 699 2435 Quid
730 2384 857 2439 ergo
892 2370 1111 2435 mirum,
1158 2370 1203 2423 si
1247 2378 1301 2423 et
1352 2380 1534 2424 noster
1571 2370 1895 2439 apostolicus
1938 2372 2038 2423 hn-

487 2458 723 2529 jusmodi
749 2458 1112 2513 inobedientes
1138 2477 1170 2513 a
1202 2476 1357 2513 sacro
1406 2459 1580 2513 cilicio
1630 2460 1871 2523 dimovit.
1902 2475 2039 2529 quos

491 2556 546 2603 et
569 2547 857 2615 Apostolus
896 2547 1029 2601 dure
1071 2548 1357 2616 increpari,
1400 2563 1508 2600 non
1563 2550 1732 2602 sacris
1764 2548 2041 2601 ordinibus

493 2636 840 2690 adnumerari
870 2636 1140 2690 decrevit?
1181 2636 1411 2690 Videsne
1452 2635 1613 2706 igitur
1632 2636 2042 2713 quamincvita-

492 2726 670 2780 biliter
692 2726 800 2779 sint
840 2726 1169 2780 observanda
1202 2726 1373 2779 nostri
1399 2724 1641 2795 Gregorii
1662 2734 1858 2779 statuta
1884 2767 1898 2790 ,
1922 2741 2042 2794 qua:

495 2829 526 2866 a
555 2815 920 2883 sacratissimo
962 2814 1111 2869 fonte
1163 2814 1565 2884 Scripturarum
1605 2815 1850 2872 videmus
1896 2814 2039 2870 deri-

496 2909 637 2955 vata.
1217 2909 1222 2914 ’
1920 2932 1923 2933 ν
2000 2907 2008 2915 ’

570 2986 857 3063 Sciendum
879 3017 1057 3063 autem
1104 3010 1420 3079 Apostolum
1450 3009 1792 3065 constituisse
1815 3018 1876 3063 ut
1898 3010 2043 3063 ordi-

498 3098 681 3164 nandi,
717 3098 829 3153 sive
864 3099 1115 3165 ordinati,
1167 3100 1283 3153 sine
1304 3100 1526 3153 crimine
1564 3109 1759 3165 essent,
1792 3115 1896 3152 non
1932 3100 2045 3153 sine

496 3196 735 3265 peccato.
778 3186 912 3241 Nam
948 3190 1002 3241 in
1044 3190 1245 3243 mundo
1276 3190 1471 3256 nullus,
1493 3190 1642 3258 juxta
1666 3189 2041 3259 Augustinum,
2070 3212 2111 3267 ρ

501 3277 737 3345 exceptis
749 3277 986 3344 parvulis
1002 3279 1437 3345 baptizatis,sine
1448 3287 1665 3346 peccato
1678 3288 2043 3341 conversatur.

502 3350 788 3437 attestante
844 3366 961 3434 ipso
1013 3366 1362 3426 dilectissimo
1392 3366 1626 3422 Domini
1661 3366 1898 3420 Joanne:
1942 3386 1960 3417 ‹
1990 3365 2047 3420 Si

501 3445 814 3523 dixerimus,
865 3455 1056 3523 inquit,
1108 3456 1234 3524 quia
1265 3465 1562 3526 tpeccatum
1613 3469 1718 3508 non
1768 3456 2045 3520 habemus,

504 3546 605 3613 ipsi
657 3559 755 3597 nos
802 3532 1125 3609 seducimus,
1165 3554 1217 3598 et
1263 3546 1461 3598 veritas
1516 3545 1569 3614 in
1616 3545 1769 3598 nobis
1802 3559 1908 3599 non
1968 3553 2051 3600 est

418 3646 419 3649 γ
507 3631 739 3701 (ιΙοαη.
785 3636 845 3701 ι).
891 3652 909 3683 ι
958 3634 1108 3699 Item,
1152 3633 1317 3688 frater
1365 3634 1574 3688 Domini
1614 3618 1881 3689 Iacobus:
1942 3654 1961 3687 ι
1991 3635 2047 3689 ln

508 3719 693 3773 multis
729 3720 869 3774 enim
922 3721 1240 3793 oli'endimus
1284 3736 1475 3775 omnes
1521 3721 1661 3797 (Jac.
1698 3723 1801 3792 ιιι).
1852 3742 1870 3774 ι
1903 3723 2051 3778 Multi

511 3815 688 3862 autem
719 3808 835 3862 sine
868 3809 1091 3863 crimine
1119 3811 1476 3879 reperiuntur.
1522 3809 1673 3865 Unde
1708 3810 1767 3863 Β.
1797 3812 2051 3881 Augusti-

510 3914 615 3952 nus
640 3899 694 3951 in
721 3906 952 3952 tractatu
975 3899 1037 3951 61
1073 3915 1235 3967 super
1264 3898 1611 3969 Evangelium
1640 3899 1869 3961 Joannis
1892 3909 2055 3956 testa-

512 3996 600 4041 tur
624 4006 636 4040 :
672 4007 689 4038 ‹
731 3987 945 4042 Scilicet
972 3989 1128 4057 plane
1155 3989 1307 4042 multi
1325 3972 1459 4058 justi
1481 3989 1758 4043 dictisunt
1786 3991 1899 4044 sine
1920 4005 2053 4060 que-

510 4079 640 4145 rela,
677 4080 821 4147 quod
872 4079 1182 4148 intelligitur
1225 4080 1341 4133 sine
1387 4064 1628 4134 crimine.
1688 4078 1841 4134 Nulla
1891 4079 2051 4135 etiam

511 4169 727 4237 querela
746 4169 891 4237 justa
914 4178 996 4222 est
1017 4170 1083 4222 de
1114 4169 1217 4235 his,
1246 4170 1301 4222 in
1339 4169 1499 4225 rebus
1528 4171 1798 4238 humanis,
1830 4172 1923 4241 qui
1946 4187 2053 4226 non

512 4257 973 4311 habent'crimen.
1021 4256 1237 4312 Crimen
1276 4273 1403 4326 vero
1435 4269 1533 4314 ‘est
1571 4271 1845 4329 peccatum
1896 4277 2055 4331 grave

512 4347 854 4399 accusatione
878 4354 933 4399 et
947 4346 1288 4401 damnatione
1308 4349 1730 4417 dignissimum.)
1759 4350 1859 4415 Qui
1893 4351 2056 4422 igitur

517 4440 629 4486 tam
658 4449 817 4501 grave
842 4436 1115 4488 admiserit
1136 4445 1435 4504 peccatum,
1453 4440 1605 4507 juxta
1630 4439 1946 4511 Apostolum
1966 4456 2053 4495 sa-

2121 650 2193 704 cti
2221 656 2383 712 sunt,
2414 647 2538 716 quia
2571 647 2848 699 imitantur
2868 647 3177 715 pudicitiam
3202 649 3537 717 virginalem.
3572 651 3693 708 Sed

2122 750 2175 795 et
2212 742 2314 795 huc
2338 736 2670 794 inferendum
2702 758 2713 793 :
2764 739 2820 793 Si
2860 741 3029 794 laicus
3077 748 3132 794 et
3162 742 3471 810 quicunque
3504 743 3694 798 ﬁdelis

2124 842 2278 881 orare
2307 841 2412 879 non
2440 836 2633 895 potest,
2669 826 2771 879 nisi
2794 837 2975 880 careat
3004 825 3089 896 [Ο.
3121 826 3184 879 R.
3217 839 3371 881 vacet
3389 828 3481 899 ab]
3502 828 3695 884 ollicio

2124 916 2412 985 conjugali,
2437 916 2719 981 sacerdoti,
2733 916 2819 969 cui
2840 930 3049 984 semper
3069 915 3165 984 pro
3187 918 3385 986 p0pulo
3405 919 3692 973 oﬂ'ercnda

2127 1006 2409 1069 sacriﬁcia,
2446 1020 2657 1073 semper
2677 1006 2941 1059 orandum
2974 1014 3075 1059 est.
3106 1005 3161 1060 Si
3181 1021 3393 1077 semper
3413 1010 3689 1064 orandum

2126 1103 2225 1159 est,
2250 1109 2378 1164 ergo
2413 1110 2624 1163 semper
2656 1095 2945 1149 carendum
2993 1096 3355 1152 matrimonio.
3380 1098 3512 1152 Nam
3539 1096 3691 1165 etin

2127 1185 2291 1238 veteri
2311 1171 2449 1253 lege,
2473 1184 2565 1252 qui
2588 1199 2683 1252 pro
2722 1182 2918 1252 p0pulo
2966 1183 3174 1239 hostias
3213 1186 3527 1253 oﬂercbant,
3567 1205 3691 1243 non

2130 1274 2303 1327 solum
2333 1273 2387 1325 in
2406 1273 2655 1326 domibus
2677 1273 2788 1327 suis
2820 1288 2927 1327 non
2949 1283 3125 1339 erant,
3162 1276 3254 1329 sed
3282 1277 3445 1331 etiam
3486 1278 3691 1347 puriﬁ-

2129 1365 2410 1427 cabantur,
2434 1363 2502 1415 ab
2538 1362 2796 1415 uxoribus
2822 1364 3050 1431 separati
3079 1371 3133 1418 ct
3153 1365 3337 1418 vinum
3366 1375 3421 1421 et
3448 1368 3690 1424 siceram

2131 1468 2239 1507 non
2274 1452 2525 1507 bibebant
2553 1450 2694 1521 (Leu.
2722 1452 2774 1520 x)
2806 1467 2926 1527 quae
2953 1453 3124 1507 solent
3175 1454 3445 1509 libidinem
3480 1472 3690 1525 provo-

2131 1558 2273 1597 care.
2331 1541 2613 1611 Eliguntur
2655 1542 2850 1594 mariti"
2880 1542 2932 1594 in
2963 1544 3337 1597 sacerdotium.
3375 1544 3489 1599 Non
3541 1563 3693 1619 nego

2132 1632 2256 1701 quia
2288 1647 2393 1685 non
2423 1640 2549 1701 sunt
2576 1632 2708 1684 tanti
2744 1632 2979 1701 virgines
3007 1634 3191 1701 quanti
3237 1643 3365 1688 sunt
3392 1625 3688 1691 necessarii

2132 1722 2453 1777 sacerdotes.
2504 1720 2792 1791 Numquid,
2832 1722 2956 1790 quia
2984 1722 3037 1775 in
3074 1725 3309 1777 exercitu
3351 1724 3687 1783 fortissimus

2134 1813 2361 1881 quisque
2396 1811 2670 1881 eligendus
2713 1819 2813 1875 est,
2853 1812 3052 1865 idcirco
3088 1827 3193 1865 non
3241 1825 3583 1870 assumentur
3627 1828 3688 1872 et

2132 1902 2473 1965 inﬁrmiores,
2501 1916 2623 1954 cum
2647 1914 2834 1953 omnes
2863 1898 3029 1953 fortes
3070 1916 3189 1954 esse
3216 1917 3322 1955 non
3345 1905 3590 1972 possint?
3622 1906 3685 1973 Si
3722 1924 3725 1925 '

2132 1992 2398 2045 exercitus
2418 1990 2624 2043 viribus
2650 1999 2855 2042 tantum
2876 1998 3149 2043 constaret
3168 1999 3222 2043 et
3255 2008 3362 2046 non
3386 1994 3549 2047 etiam
3574 2012 3687 2049 nu-

2134 2095 2283 2134 mero
2311 2076 2559 2144 militum,
2592 2080 2950 2147 abjicerentur
2986 2080 3378 2137 imbecilliores.
3438 2082 3589 2139 Nune
3630 2095 3692 2140 et

2133 2160 2496 2225 secundarum
2523 2178 2576 2222 et
2602 2170 2879 2222 tertiarum
2923 2170 3117 2222 virium
3146 2172 3345 2239 gradus
3366 2176 3687 2241 assumitur,

2134 2267 2193 2311 ut
2220 2258 2375 2313 turba
2405 2268 2459 2312 et
2486 2272 2711 2313 numero
2734 2259 3003 2313 exercitus
3033 2260 3383 2329 compleatur.
3565 2261 3568 2264 ’

2210 2395 2228 2426 ι
2260 2376 2325 2429 Et
2344 2376 2633 2445 quomodo,
2666 2376 2897 2444 inquies,
2924 2375 3231 2446 frequenter
3254 2380 3309 2434 in
3349 2382 3694 2451 ordinatione

2136 2465 2451 2520 sacerdotali
2464 2466 2712 2519 sacerdos
2729 2466 2878 2535 virgo
2899 2467 3206 2537 negligitur,
3217 2477 3272 2523 et
3290 2473 3518 2525 maritus
3539 2489 3697 2528 assu-

2139 2554 2342 2608 mitur?
2373 2556 2497 2623 quia
2519 2555 2673 2621 l'orte,
2704 2564 2758 2609 et
2795 2565 2985 2625 cretera
3008 2574 3168 2627 opera
3198 2575 3304 2614 non
3338 2562 3498 2616 habet
3518 2564 3693 2633 virgi-

2139 2642 2290 2698 nitati
2318 2647 2685 2713 congruentia,
2704 2654 2797 2698 aut
2819 2647 2967 2716 virgo
2989 2656 3223 2715 putatur,
3249 2661 3303 2704 et
3328 2667 3437 2705 non
3468 2662 3571 2718 est,
3595 2662 3696 2708 aut

2136 2742 2219 2787 est
2241 2722 2517 2801 virginitas
2547 2733 2782 2801 infamis,
2833 2744 2926 2790 aut
2965 2737 3111 2811 certe
3160 2740 3277 2808 ipsa
3320 2743 3600 2812 virginitas
3637 2744 3692 2797 ei

2139 2823 2276 2891 parit
2298 2823 2619 2889 superbiam.
2647 2822 2732 2887 Et,
2755 2825 2883 2878 dum
2903 2814 3005 2880 sibi
3031 2829 3303 2897 applaudit
3337 2832 3403 2893 de
3427 2834 3541 2887 sola
3563 2849 3693 2887 cor-

2141 2912 2285 2977 poris
2328 2904 2592 2974 castitate,
2624 2910 2850 2966 virtutes
2889 2924 3110 2989 exteras
3132 2900 3381 2989 negligit,
3412 2938 3519 2976 non
3547 2922 3697 2976 fovet

2142 3002 2420 3065 pauperes,
2472 3008 2564 3051 aut
2595 3001 2845 3077 pecunias
2876 3004 3121 3070 cupidior
3159 3017 3260 3076 est.
3302 3009 3492 3064 Evenit
3523 3012 3697 3065 inter-

2140 3088 2267 3140 dum
2315 3096 2373 3140 ut
2404 3087 2611 3141 tristior
2637 3089 2833 3154 vultus,
2880 3092 3165 3148 adductum
3206 3099 3572 3165 supercilium,
3608 3100 3702 3152 ix;

2142 3192 2325 3232 cessus
2348 3192 2662 3246 pomparum
2684 3177 2900 3233 ferculis
2940 3182 3132 3253 similis
3152 3185 3383 3258 oll‘endat
3408 3191 3691 3257 populum.

2145 3267 2228 3332 Et,
2255 3269 2379 3336 quia
2405 3268 2536 3321 nihil
2560 3270 2718 3324 habet
2749 3272 2890 3340 quod
2919 3274 3268 3341 reprehendat
3300 3278 3355 3331 in
3378 3279 3508 3345 vita,
3546 3281 3698 3333 habi-

2146 3365 2261 3437 tum
2282 3357 2456 3409 solum
2481 3357 2654 3409 oderit
2691 3364 2747 3411 et
2780 3360 3069 3414 incessum.
3109 3362 3257 3418 Multi
3285 3366 3556 3435 eliguntur
3583 3383 3694 3422 non

2146 3458 2326 3496 amate
2354 3443 2456 3506 sui,
2487 3445 2578 3497 sed
2599 3445 2830 3527 alterius,
2842 3447 2984 3501 odio.
3009 3448 3067 3502 ln
3087 3450 3353 3521 plerisque
3374 3456 3695 3526 suifragium

2147 3541 2381 3586 meretur
2426 3534 2539 3588 sola
2573 3535 2907 3603 simplicitas,
2955 3548 3009 3591 et
3053 3541 3273 3595 alterius
3301 3545 3599 3610 prudentiae
3636 3555 3697 3598 et

2146 3622 2419 3687 calliditati
2469 3628 2623 3693 quasi
2668 3628 2867 3681 malitia
2934 3633 3240 3698 opponitur.
3292 3630 3696 3700 Nonnunquam

2147 3721 2291 3766 errat
2326 3711 2494 3779 plebis
2549 3713 2801 3781 vulgique
2840 3705 3137 3782 judicium;
3180 3726 3237 3770 et
3288 3718 3359 3770 in
3402 3721 3696 3776 sacer-dcti-

2149 3798 2249 3852 bus
2273 3799 2683 3867 comprobandis
2712 3804 3080 3872 unusquisque
3108 3806 3222 3859 suis
3239 3807 3481 3887 moribus
3511 3806 3648 3862 favet
3673 3828 3693 3875 ;

2151 3897 2209 3941 ut
2240 3903 2345 3940 non
2368 3894 2476 3940 tam
2503 3888 2701 3942 bonum
2724 3905 2883 3957 quam
2910 3894 2996 3946 sui
3020 3894 3247 3951 similem
3259 3911 3465 3965 quaerat
3482 3888 3695 3967 praepo-

2150 3979 2331 4033 situm.
2359 3976 2544 4033 Evenit
2585 3978 2869 4048 aliquoties
2894 3991 2952 4036 ut
2978 3980 3177 4051 mariti,
3220 4002 3339 4056 quae
3361 4003 3490 4058 pars
3521 3992 3698 4060 major

2152 4069 2204 4122 in
2230 4066 2553 4140 p0pulo_est,
2580 4070 2807 4136 maritis,
2839 4074 2991 4141 quasi
3016 4074 3137 4142 sibi,
3166 4077 3491 4146 applaudant
3515 4098 3531 4147 ;
3558 4090 3612 4134 et
3637 4081 3696 4135 in

2149 4174 2214 4225 eo
2235 4173 2293 4212 se
2339 4158 2664 4213 arbitrentur
2700 4162 2940 4218 minores
2969 4180 3076 4219 non
3115 4182 3237 4222 esse
3281 4168 3600 4239 virginibus,
3646 4170 3697 4225 si

2151 4248 2401 4311 maritum
2423 4248 2613 4321 virgini
2650 4241 2953 4319 preferant.

2226 4384 2245 4417 ι
2291 4364 2473 4419 Dicam
2510 4357 2731 4433 'aliquid
2776 4370 2924 4437 quod
2971 4370 3199 4429 forsitan
3236 4388 3361 4429 cum
3404 4377 3723 4434 multorum'

2152 4453 2353 4509 oﬂ‘ensa
2373 4454 2615 4508 dicturus
2638 4470 2777 4522 sum,
2804 4459 2896 4511 sed
2923 4459 3047 4513 boni
3073 4462 3205 4516 mihi
3240 4480 3345 4519 non
3375 4467 3697 4533 insecatur,

514 4536 667 4575 crum
692 4521 932 4620 ordinem
960 4524 1217 4620 obtinere
1254 4527 1628 4620 non-debebit.
1654 4527 1725 4580 Ut
1744 4537 1919 4581 autem
1942 4529 2058 4582 haec
2088 4525 2130 4578 D
2154 4541 2281 4609 quia
2306 4556 2399 4595 eos
2433 4545 2633 4609 peccati
2658 4521 2987 4602 conscientia
3013 4565 3121 4603 non
3162 4553 3505 4609 remordebit.
3532 4521 3700 4613 inter:

511 4790 758 4842 eamdem
789 4790 1131 4843 considerare
1162 4806 1267 4844 non
1302 4792 1503 4860 .pigeat,
1540 4792 1632 4860 qui
1670 4808 1787 4846 eam
1836 4794 1888 4847 in
1923 4794 2059 4850 libro

513 4884 707 4929 contra
735 4876 1073 4931 Iovinianum
1104 4879 1237 4948 (cap.
1268 4880 1407 4957 49's!
1429 4880 1519 4949 20)
1541 4881 1613 4933 ita
1638 4881 1919 4938 dilucidat:

591 4962 715 5014 CAP.
736 4964 874 5019 XVI.
896 4986 925 5035 ν(
953 4968 1066 5041 Sed
1091 4978 1143 5023 et
1169 4970 1283 5038 ipsa
1305 4971 1623 5041 episc0palis
1646 4972 1833 5025 electio
1855 4986 2061 5026 mecum

517 5048 669 5101 Iacit.
695 5049 809 5103 Non
839 5036 1001 5108 enim.
1021 5061 1150 5112 dicit
1176 5036 1401 5130 eligatur
1438 5036 1739 5131 episcopus,
1780 5063 1871 5131 qui
1901 5078 2062 5117 unam

523 5140 671 5193 ducit
696 5156 916 5195 uxorem
940 5152 993 5196 et
1024 5146 1160 5202 ﬁlios
1186 5149 1335 5214 facit,
1367 5152 1459 5205 sed
1498 5151 1589 5221 qui
1613 5168 1774 5206 unam
1818 5153 2065 5207 habuerit

523 5244 748 5281 uxorem
776 5238 827 5282 et
856 5230 991 5286 filios
1017 5233 1068 5285 in
1108 5237 1256 5288 omni
1296 5238 1538 5296 subditos
1586 5241 1884 5309 disciplina.
1909 5242 2063 5296 Certe

522 5318 796 5373 conﬁteris
834 5334 939 5371 non
968 5335 1125 5387 posse
1144 5338 1263 5377 esse
1284 5316 1612 5393 episcopum,
1644 5328 1737 5393 qui
1776 5328 1828 5379 in
1855 5329 2070 5394 episco-‘

518 5415 653 5477 patu
680 5407 1031 5472 filiosfaciat.
1068 5411 1336 5481 Alioquin,
1385 5414 1429 5468 si
1475 5414 1838 5483 deprehensus
1884 5414 2060 5481 fuerit,

521 5510 634 5551 non
655 5499 811 5565 quasi
830 5500 915 5553 vir
938 5486 1240 5567 tenebitur,
1273 5502 1366 5555 sed
1403 5504 1557 5571 quasi
1592 5490 1812 5556 adulter
1840 5503 2062 5555 damna-
2088 5512 2089 5517 ‘

524 5582 693 5638 bitur.
742 5586 848 5641 Aut
894 5591 1138 5658 permitte
1198 5591 1562 5647 sacerdotibus
1612 5606 1859 5645 exercere
1904 5584 2063 5657 opera

436 5686 439 5687 ⁷
533 5672 856 5744 nuPtiarum,
888 5685 940 5733 ul
967 5679 1104 5736 idem
1133 5682 1241 5735 sint
1266 5681 1519 5751 virgines,
1543 5682 1685 5750 quod
1713 5680 1886 5735 mariti
1914 5698 1927 5744 ;
1953 5686 2062 5742 aut,

2156 4824 2398 4879 quosque
2426 4820 2586 4885 atque
2609 4813 3199 4877 innocentesinhabiles
3218 4833 3449 4892 putant;
3474 4827 3560 4880 vel
3587 4825 3700 4881 aﬂ-

2160 4897 2318 4955 nihus
2350 4908 2402 4954 et
2427 4905 2668 4971 cognatis
2711 4906 2864 4975 quasi
2897 4915 3124 4965 terrena:
3161 4914 3365 4969 militiae
3396 4914 3569 4969 cilicia
3592 4915 3701 4968 lar-

2161 4985 2376 5052 giuntur
2402 5004 2416 5052 ;
2440 4988 2550 5043 sive
2596 4992 3116 5052 divitum'obediunt
3148 5000 3426 5068 jussionl;
3453 5002 3703 5071 quodque

2163 5073 2247 5128 his
2267 5076 2418 5142 pejus
2442 5087 2541 5142 est,
2570 5080 2675 5136 illis
2692 5084 2974 5142 clericatus
2993 5088 3195 5143 donant
3206 5089 3453 5159 gradum,
3469 5102 3699 5158 quorum

2162 5173 2289 5217 sunt
2312 5166 2581 5236 obsequiis
2597 5170 2820 5228 deliniti.
2856 5174 3089 5246 Alioqui,
3112 5177 3178 5241 si,
3204 5158 3358 5245 juxta
3382 5169 3703 5237 sententiam

2160 5254 2421 5322 Apostoli,
2452 5273 2558 5311 non
2578 5270 2736 5315 erunt
2755 5256 3029 5333 episcOpi,
3051 5265 3155 5318 nisi
3192 5266 3391 5334 mariti,
3427 5248 3543 5338 ipse
3562 5271 3703 5340 Apo-

2163 5345 2333 5398 stolus
2376 5347 2660 5417 episcopus
2690 5366 2809 5407 esse
2846 5367 2957 5405 non
2974 5352 3178 5419 debuit,
3211 5356 3305 5424 qui
3334 5357 3498 5414 dixit:
3541 5359 3706 5417 «Volo

2150 5439 2341 5516 autem
2371 5448 2559 5489 omnes
2591 5452 2733 5503 esse,
2763 5438 2903 5491 sicut
2925 5452 3022 5505 ego
3042 5454 3161 5493 sum
3200 5441 3252 5513 (ι
3271 5441 3407 5499 .Cor.
3432 5447 3704 5516 VII).|.EI,

2164 5514 2393 5581 Joannes
2415 5520 2662 5590 indignus
2701 5522 2805 5574 hoc
2836 5522 3001 5591 gradu
3040 5527 3449 5587 existimabitur.
3587 5517 3711 5591 all;-

2167 5618 2264 5657 nes
2288 5606 2518 5675 virgines
2545 5617 2599 5662 et
2618 5611 3185 5684 continentes,quibus
3222 5622 3377 5692 quasi
3404 5624 3711 5691 pulchari-

2169 5692 2271 5747 mis
2305 5697 2529 5762 gemmis
2556 5695 2807 5753 Ecclesiae
2831 5704 3026 5760 monile
3056 5707 3356 5766 decoratur.
3384 5711 3709 5774 Ευίκοικκ.

3412 6198 3879 6317 μία.
