3956 6384
185 441 326 494 “29

1075 429 1354 485 APPEND.
1397 428 1482 482 Ill.
1522 459 1592 469 —
1630 424 2053 482 MONL'MENTA
2092 430 2554 491 CREGORIANA.

3260 446 3389 499 “50

179 559 231 604 et
256 534 538 618 presbyter
564 554 618 599 et
641 544 900 598 diaconus
946 558 1053 597 non
1080 553 1206 597 sunt
1231 552 1544 596 meritorum
1569 555 1743 594 nomt-
1770 541 1814 596 A
1838 540 2105 596 dicatione
2146 560 2174 596 a
2211 545 2267 599 S.
2303 546 2542 603 Romana
2576 551 2809 607 Ecclesia
2849 554 3164 622 dcviarunt;
3201 564 3292 615 sed
3336 565 3389 619 in

179 655 268 701 na,
293 638 391 692 sed
415 632 732 692 olliciorum.
759 632 865 687 Nec
887 633 1112 687 dicitur:
1140 631 1193 684 Si
1225 632 1347 700 quis
1375 633 1738 699 episcopatum

177 724 473 788 desiderat,
523 724 724 776 bonum
775 720 1045 774 desiderat
1088 719 1349 788 gradum;
1403 719 1494 772 sed
1538 719 1738 770 bonum

176 825 314 879 opus
353 809 630 863 desiderat
672 807 722 878 (1
752 806 883 859 Tim.
927 804 1006 872 nt)
1041 805 1205 873 quod,
1241 805 1294 857 in
1341 805 1531 872 majori
1553 805 1738 857 ordine

175 899 531 960 constitutus,
556 897 744 965 possit,
775 895 819 947 si
851 894 996 956 velit,
1038 892 1379 946 occasionem
1413 893 1740 946 exercenda-

175 1006 298 1045 rum
329 991 537 1044 habere
565 988 844 1042 virtutum.
1569 1067 1573 1070 .

249 1099 268 1131 ι
297 1077 530 1149 Oportet
558 1092 687 1147 ergo
711 1075 1019 1144 episcopum
1061 1071 1580 1142 irreprchensibilem
1615 1086 1737 1126 esse

169 1166 224 1228 (1
257 1167 397 1220 Tim.
428 1168 512 1235 nt)
537 1173 595 1219 ut
625 1165 754 1218 nulli
779 1164 910 1217 vitio
931 1162 1265 1230 mancipatus
1295 1162 1385 1226 sit,
1413 1162 1577 1216 unius
1603 1175 1734 1215 uxo-

171 1258 245 1310 ris
281 1256 486 1319 virum,
515 1255 605 1324 qui
627 1269 788 1308 unam
826 1267 1046 1306 uxorem
1073 1251 1342 1316 habuerit,
1372 1266 1482 1305 non
1515 1250 1728 1306 habeat.

168 1343 454 1408 Subrium,
484 1344 616 1408 sive,
641 1351 701 1396 ut
725 1341 917 1394 melius
949 1341 1002 1393 in
1039 1340 1226 1394 Craico
1252 1341 1469 1406 dicitur,
1506 1342 1730 1412 vigilan-

164 1443 297 1496 tem,
331 1434 386 1486 id
411 1442 516 1496 est,
540 1433 788 1502 νηφάλιον.
822 1431 1102 1494 Pudicum,
1153 1431 1254 1485 hoc
1282 1433 1426 1486 enim
1448 1432 1730 1502 signiﬁcat,

166 1519 500 1595 σῶφρονα[ϐ.
531 1521 618 1585 R.,
649 1519 895 1595 stagnum].
918 1518 1176 1574 Ornatum
1199 1528 1252 1573 et
1272 1522 1518 1575 castitate
1543 1531 1596 1575 et
1618 1538 1732 1576 mo-

167 1610 341 1662 ribus.
374 1609 728 1678 Hospitalem,
747 1617 803 1660 ut
826 1608 1066 1660 imitetur
1090 1607 1383 1671 Abraham,
1410 1617 1463 1662 et
1484 1625 1606 1663 eum
1634 1626 1727 1679 pe-

164 1695 424 1765 regrinis,
451 1695 633 1748 imoin
657 1693 952 1768 peregrinis
978 1692 1256 1747 Christum
1289 1695 1549 1764 suscipiat
1574 1695 1723 1764 (Gen.

165 1785 340 1850 xvm).
370 1783 674 1847 Doctorum,
702 1783 832 1836 nihil
854 1784 995 1836 enim
1027 1784 1246 1852 prodest
1271 1786 1597 1841 conscientia
1621 1789 1728 1841 vir-

162 1881 339 1926 tutum
367 1873 500 1937 l'rni,
554 1872 654 1925 nisi
711 1881 764 1924 et
799 1873 1058 1926 creditum
1102 1873 1203 1925 sibi
1246 1874 1508 1942 populum
1557 1878 1729 1944 possit

163 1963 459 2024 instruere,
482 1969 540 2013 ut
585 1961 757 2014 valeat
784 1961 1054 2014 ixbortari
1090 1961 1143 2013 in
1167 1961 1406 2016 doctrina
1429 1974 1482 2016 et
1505 1980 1599 2018 eos
1633 1967 1725 2034 qui

161 2050 546 2102 contradicunt
575 2050 908 2117 redarguere.
952 2045 1068 2102 Non
1099 2050 1451 2107 vinolentum.
1479 2055 1605 2121 quia
1632 2057 1724 2122 qui

161 2153 374 2206 semper
396 2138 666 2192 insanetis
694 2147 998 2191 sanctorum
1014 2148 1115 2201 est,
1130 2150 1184 2191 et
1207 2139 1298 2208 qui
1321 2140 1475 2194 oll'ert
1498 2141 1722 2208 hostias,

160 2237 210 2278 et
244 2228 511 2280 vinumet
541 2227 766 2282 siceram
804 2243 910 2281 non
933 2229 1062 2280 bibit
1091 2228 1232 2296 (Lev.
1265 2229 1339 2296 x),
1371 2231 1496 2298 quia
1516 2231 1568 2284 in
1599 2233 1725 2285 vino

160 2316 372 2368 luxuria
403 2324 504 2369 est.
532 2315 620 2370 Sic
661 2317 806 2369 bibat
847 2318 1132 2385 episcopus
1169 2328 1220 2370 ut
1246 2334 1313 2371 an
1349 2320 1540 2373 biberit
1572 2321 1722 2390 igno-

124 2441 127 2446 ν
159 2414 326 2457 retur.
356 2403 477 2462 Non
506 2420 897 2473 percussorem,
916 2405 967 2460 id
990 2415 1090 2470 est,
1113 2407 1206 2474 qni
1227 2407 1585 2463 conscientias
1615 2426 1720 2464 non

159 2494 430 2560 percutiat
460 2495 828 2563 singulorum;
870 2509 1042 2563 neque
1071 2496 1216 2549 enim
1246 2499 1484 2566 pugilem
1512 2501 1716 2555 descri-

157 2579 233 2635 bit
259 2593 444 2636 sermo
474 2585 820 2650 apostolicus,
848 2583 942 2636 sed
989 2585 1292 2651 pontiﬁcem
1342 2586 1570 2643 instituit
1590 2591 1718 2658 quid

157 2665 332 2724 facere
383 2685 494 2723 non
526 2670 731 2725 debeat.
781 2671 946 2726 Docet
969 2687 1113 2727 nunc
1141 2689 1171 2728 c
1201 2675 1419 2744 regione
1463 2679 1591 2746 quid
1637 2679 1718 2734 fa-

157 2760 280 2812 ciat.
313 2757 421 2812 Sed
460 2759 780 2824 modestum,
809 2774 917 2813 non
946 2761 1260 2830 litigiosum,
1300 2779 1407 2818 non
1434 2768 1712 2836 eupidum,

154 2846 376 2901 domum
409 2862 564 2902 suam
592 2848 726 2902 bene
753 2848 1043 2919 regentem,
1078 2851 1510 2909 filioshabcntem
1537 2858 1715 2910 subdi-

155 2945 238 2990 tos
266 2953 393 2991 cum
443 2938 588 2990 omni
627 2939 885 2993 castitate.
930 2938 1060 2993 Vide
1087 2953 1287 3009 quanta
1313 2943 1565 3012 pudicitia
1595 2949 1712 3002 exi-

155 3035 309 3094 gatur
344 3026 402 3080 in
442 3027 712 3096 episeopo,
751 3037 828 3091 ut,
853 3028 899 3082 si
929 3028 1022 3082 lilii
1056 3029 1173 3098 ejus
1203 3031 1454 3101 impudici
1493 3035 1709 3101 fuerint,

1839 631 1956 697 ejus
1985 635 2469 690 eummunicatione
2498 655 2669 708 usque
2699 643 2762 695 ad
2794 642 2952 697 linem
2985 648 3104 700 vitte.
3134 650 3418 736 perdura-4.

1837 728 1982 772 runt.
2017 718 2072 773 In
2105 731 2310 776 tantum
2342 741 2572 795 namque
2613 730 2797 784 beatus
2839 733 3082 789 Celasius
3113 737 3164 789 in
3197 718 3426 807 praedi-4"

1837 809 1938 862 etis
1965 809 2190 866 decretis
2219 816 2590 870 auctoritatem
2715 819 3018 892 Hieronymi
3051 827 3204 881 nobis
3233 845 3384 884 eom-

1837 897 2052 952 mendat
2082 910 2138 954 ut
2167 912 2219 955 et
2247 903 2474 959 aliormu
2490 910 2770 975 opuscula,
2799 912 2950 979 juxta
2969 915 3084 981 ejus
3103 917 3383 983 judicimn,

1836 987 2137 1055 recipienda
2168 991 2248 1044 vel
2280 998 2576 1061 respuenda
2607 1013 2725 1052 esse
2748 1001 2940 1056 ibidem
2963 1004 3228 1058 decernat.
3263 1007 3388 1073 Qui-

1836 1089 2046 1144 cunque
2076 1078 2238 1147 igitur
2265 1082 2495 1137 debitam
2541 1085 2897 1144 obedientiam
2941 1095 3245 1160 apostolica:
3275 1099 3386 1151 sedi

1834 1161 2138 1231 impendere
2160 1170 2405 1236 voluerit,
2438 1174 2741 1230 nullatenus
2758 1179 2835 1231 vel
2855 1181 3158 1248 hujusniodi
3175 1183 3271 1238 SS.
3287 1186 3386 1240 Pa-

1834 1261 1974 1314 trum
2005 1255 2363 1325 singularibus
2415 1267 2694 1318 sententiis
2732 1272 3062 1337 repugnabit.
3095 1259 3384 1344 llucusque

1831 1341 2055 1396 sulliciat
2083 1345 2282 1401 dixisse
2331 1350 2459 1416 quid
2490 1352 2776 1420 Apostolus
2814 1361 2990 1426 exigat
3019 1377 3046 1412 a
3087 1364 3380 1418 sacerdoti--

1831 1429 1950 1484 bus.
1982 1430 2154 1497 Quod,
2195 1437 2502 1508 quicunque
2550 1443 2773 1503 fideliter
2803 1452 3146 1517 perspexerit,
3181 1470 3382 1523 nequa-

1829 1531 1989 1584 quam
2021 1529 2217 1577 statuta
2248 1526 2417 1578 nostri
2467 1531 2746 1596 apostolici
2789 1536 3117 1591 obliteranda
3164 1542 3374 1609 judica-

1828 1606 1922 1660 bit.
1956 1608 2104 1676 Quir,
2137 1627 2235 1666 nec
2286 1616 2481 1684 aliquis
2531 1630 2874 1678 contemnere
2914 1629 3125 1695 poterit,
3179 1634 3279 1686 nisi
3328 1647 3380 1690 et

1830 1696 2066 1766 ipsorum
2114 1706 2477 1770 apostolormn
2535 1714 2813 1774 sententiis
2863 1731 3159 1786 repugnare.
3214 1726 3377 1788 velit;

1827 1787 2023 1854 quibus
2074 1789 2189 1856 ipsa
2223 1791 2430 1849 Veritas
2479 1799 2530 1851 in
2584 1799 2869 1871 livaugelio
2908 1805 3215 1863 ﬁdelissime
3251 1787 3376 1881 pro?

1829 1875 2022 1930 mittit:
2059 1897 2075 1927 ι
2110 1877 2486 1940 Verumtamen
2504 1889 2624 1943 dico
2643 1892 2814 1957 vobis,
2847 1903 2999 1948 terrre
3023 1898 3377 1960 Sodomorum

1826 1965 2106 2021 remissius
2127 1970 2227 2022 erit
2263 1971 2314 2024 in
2345 1973 2431 2044 die
2454 1975 2640 2042 judicii
2681 1998 2698 2029 ι
2734 1997 2895 2049 quam
2921 1984 3024 2038 illis
3053 1989 3143 2056 qui
3174 2006 3377 2046 scruto-

1825 2069 1922 2109 ncs
1944 2067 2151 2112 vestros
2177 2076 2281 2114 non
2313 2077 2627 2132 receperunt
2657 2069 2869 2136 (Matth.
2904 2089 2977 2136 xi,
3005 2071 3128 2128 Luc.
3164 2080 3236 2144 κ).

1891 2145 2020 2200 Car.
2053 2147 2211 2203 XVII.
2246 2150 2503 2216 Quartum
2545 2166 2721 2211 autem
2763 2163 2928 2213 nostri
2957 2168 3229 2231 apostolici
3279 2170 3372 2224 de-

1821 2245 2025 2288 erctum
2057 2237 2293 2309 praecipit
2325 2251 2381 2295 ut
2430 2246 2659 2313 populus
2709 2248 3023 2306 clericorum
3073 2255 3240 2310 cilicia
3268 2276 3374 2314 non

1821 2323 2058 2390 recipiat,
2091 2341 2228 2394 quos
2258 2331 2429 2382 sacris
2467 2335 2784 2396 canonibns.
2827 2339 2936 2392 imo
2976 2347 3293 2413 evangelicis
3323 2361 3374 2403 et

1819 2412 2125 2477 apostolicis
2149 2415 2572 2485 institutionibus
2610 2424 2880 2479 adversari
2921 2412 3193 2500 percipiat,
3227 2439 3373 2489 vidc-

1819 2498 1940 2552 licet
1968 2516 2105 2568 quos
2125 2503 2277 2570 juxta
2302 2522 2582 2562 censuram
2613 2510 2708 2564 SS.
2743 2512 2958 2569 Patrum
3010 2498 3291 2579 damnatos
3319 2529 3371 2581 in

1817 2591 2084 2658 propriam
2116 2610 2300 2648 eorum
2333 2598 2619 2664 perniciem
2651 2602 2804 2657 altari
2828 2607 3133 2665 ministrare
3173 2616 3365 2670 videat.

1816 2675 2013 2747 Nempe
2073 2681 2463 2740 Antioelicnuui
2535 2693 2856 2757 concilium,
2901 2710 2931 2748 a
3003 2703 3370 2761 sacratissimo

1813 2765 2232 2824 Cbaleedouensi
2262 2774 2506 2839 concilio,
2533 2785 2590 2830 ut
2618 2781 2980 2848 praediximus,
3005 2787 3366 2848 indubitanter

1813 2855 2143 2920 roboratum,
2176 2858 2344 2913 ollieia
2377 2865 2750 2920 danmatorum
2788 2871 3102 2929 clericorum
3134 2895 3162 2930 a
3195 2896 3365 2950 popu-

1812 2944 1876 2998 lis
1905 2947 2067 3015 rccipi
2093 2949 2486 3007 districtissime
2511 2958 2772 3022 prohibet,
2806 2963 3005 3017 scilicet
3038 2977 3092 3020 ut
3113 2944 3365 3029 etiam-ab

1809 3036 2033 3091 ecclesia
2082 3040 2412 3108 abjicicndos
2463 3061 2584 3099 esse
2633 3048 2855 3115 judicet
2884 3058 2974 3120 qui
3029 3058 3131 3112 illis
3157 3063 3363 3119 -‘.lcricis

155 3116 266 3185 ipse
307 3118 596 3186 episcopus
640 3133 760 3172 esse
797 3133 902 3172 non
949 3119 1158 3186 possit;
1197 3127 1269 3184 et,
1317 3123 1503 3176 eodem
1534 3123 1708 3180 olIicio
1735 3133 1774 3188 C
1808 3127 1992 3181 saltem
2021 3129 2535 3186 communicaret-int
2559 3150 2694 3202 quos
2718 3137 3054 3196 interdictum
3081 3148 3179 3201 siLi
3201 3152 3361 3207 miui~

153 3206 390 3260 oll'endat
411 3206 600 3272 Deum,
623 3221 732 3276 quo
760 3207 977 3262 oﬂ'endit
1007 3206 1119 3262 Heli
1149 3209 1385 3277 pontifex
1413 3229 1425 3265 :
1451 3213 1564 3281 qui,
1588 3229 1708 3268 cor-

154 3294 387 3362 ripuerat
416 3296 630 3364 quidem
665 3296 822 3363 ﬁlios,
881 3297 996 3363 sed,
1025 3298 1150 3367 quia
1191 3313 1300 3352 non
1325 3301 1588 3369 abjecerat
1617 3304 1709 3357 de-

152 3382 478 3451 linquentes,
492 3393 781 3439 retr0rsum
793 3386 1042 3440 eeciditet
1056 3397 1390 3443 mortuusest
1401 3389 1455 3457 (I
1466 3391 1589 3460 Reg.
1609 3393 1704 3460 tv),

150 3467 368 3524 lucerna
392 3469 487 3524 Dei
535 3474 820 3540 antequam
847 3473 1289 3544 exstingueretur.
1334 3476 1600 3541 Mulieres,
1633 3482 1698 3533 si-

152 3559 348 3612 militer
377 3560 620 3628 pudicas,
650 3571 702 3615 et
742 3562 966 3630 reliqua.
998 3561 1067 3615 «In
1096 3563 1241 3615 omni
1280 3565 1444 3632 gradu
1475 3575 1527 3619 et
1550 3577 1702 3622 sexto

104 3668 108 3671 ·
148 3656 288 3700 tenet
312 3650 571 3717 pudicitia
597 3651 972 3720 principatum.
1005 3650 1192 3706 Cernis
1227 3652 1386 3721 igitur
1414 3656 1556 3722 quod
1586 3658 1700 3724 epi-

146 3749 362 3804 scopus,
377 3740 670 3808 presbyter,
701 3724 1078 3794 diaconus‘non
1111 3741 1228 3795 ideo
1257 3743 1365 3795 sint
1393 3743 1552 3809 beati,
1575 3747 1700 3813 quia

145 3825 384 3896 episcopi
431 3830 513 3882 vel
563 3828 851 3901 presbyteri
892 3829 1018 3892 sint,
1063 3838 1154 3884 aut
1199 3831 1448 3911 diaconi;
1503 3835 1614 3889 sed'
1653 3834 1704 3890 si

147 3903 367 3971 virtutes
392 3917 998 3989 .habuerint‘nomipum
1028 3932 1247 3973 suorum
1291 3907 1345 3974 et
1381 3921 1694 3980 olliciorum.

143 4005 359 4073 Alioqui
411 4007 457 4058 si
504 4006 761 4060 diaconus
810 4007 1048 4060 sanctior
1073 4008 1325 4077 episcopo
1377 4025 1480 4067 suo
1515 4011 1694 4080 fuerit,

145 4109 251 4146 non
280 4109 348 4147 ex
377 4107 444 4147 eo
483 4093 626 4162 quod
654 4094 875 4147 inferior
921 4094 1087 4162 gradu
1115 4106 1199 4150 est
1233 4099 1374 4165 apud
1419 4097 1693 4156 Christum

142 4182 375 4236 deterior
401 4181 520 4235 erit.
553 4181 704 4267 Absit
733 4190 791 4236 ut
820 4180 1122 4249 Stephanus
1149 4184 1555 4267 diaconus,lqui
1584 4193 1694 4258 pri-

143 4287 262 4325 mus
292 4271 550 4340 martyrio
602 4259 685 4324 est
730 4280 1038 4336 coronatus,
1079 4271 1253 4326 minor
1279 4259 1491 4329 futurus
1540 4278 1610 4331 sit
1637 4279 1690 4333 in
1734 4277 1735 4292 ‘

141 4377 304 4430 regno
351 4361 611 4416 ets-lorum
653 4360 834 4414 multis
882 4360 1148 4429 episcopis
1193 4370 1246 4416 et
1302 4362 1582 4419 'limotheo
1628 4383 1690 4422 ac

142 4449 260 4504 Tito
298 4465 459 4519 quos,
498 4457 556 4503 ut
608 4449 870 4518 subjicere
904 4463 1012 4503 non
1049 4450 1236 4515 audeo,
1300 4453 1370 4506 ita
1403 4469 1500 4510 nec
1545 4467 1693 4512 ante-

141 4554 355 4606 ponere.
397 4558 416 4589 ι
452 4537 739 4608 [lucusque
768 4537 1145 4608 Hieronymus.

205 4628 310 4695 Qui
339 4638 554 4697 quanta;
581 4629 914 4683 auctoritatis
942 4627 1120 4693 fuerit,
1150 4629 1309 4684 etiam
1331 4633 1470 4700 apud
1483 4633 1690 4703 episco-

125 4710 236 4781 pos
256 4716 565 4783 apostolicaa
591 4717 756 4782 sedis,
785 4718 996 4772 decreta
1027 4718 1166 4778 beati
1193 4718 1390 4775 Gelasii
1427 4737 1576 4792 papa:
1597 4739 1686 4779 sa-
1724 4715 1729 4721 ’

139 4803 208 4855 tis
234 4803 512 4857 insinuant
540 4802 637 4872 (De
666 4807 944 4875 apocryph.
981 4805 1312 4880 Scriptum),
1341 4813 1469 4880 quia
1498 4813 1696 4885 [qum].

140 4892 276 4947 inter
302 4892 636 4947 authentieas
673 4901 727 4947 et
765 4895 1052 4970 canonieas
1093 4899 1398 4955 sanctiones
1426 4905 1681 4971 Opuscula

141 4979 308 5047 ipsius
335 4980 637 5050 recipienda
675 4981 988 5048 decernunt,
1037 4985 1178 5053 sicut
1214 4997 1268 5042 et
1306 4987 1363 5042 S.
1409 4989 1680 5060 Cypriani,

140 5068 429 5135 Ambrosii,
453 5069 734 5139 Augustini
761 5070 1039 5138 opuscula,
1069 5072 1182 5126 sive
1202 5083 1486 5142 tractatus,
1515 5091 1568 5133 et
1597 5097 1682 5136 re-

139 5153 407 5224 liquorum
438 5157 537 5213 SS.
566 5157 804 5224 Patrum,
841 5158 935 5228 qui
964 5173 1064 5212 nec
1086 5159 1143 5213 in
1170 5161 1294 5227 ﬁde,
1331 5179 1434 5220 nec
1459 5166 1516 5218 in
1545 5183 1678 5235 pre-

198 5346 410 5422 (997:_8)
421 5347 786 5422 De'l‘imotheo
799 5352 1110 5422 Elurolege
1129 5351 1416 5408 Baronium
1432 5362 1562 5408 tom.
1586 5355 1675 5422 Vl,

143 5414 280 5490 anno
300 5414 670 5490 Christ.__§5'{,
701 5437 849 5474 num.
878 5422 944 5474 12
965 5430 1016 5476 et
1046 5414 1217 5490 seqq"
1250 5429 1304 5490 et
1323 5437 1466 5481 anno
1497 5423 1601 5476 460
1624 5414 1678 5478 et

143 5482 262 5546 475,
286 5484 414 5554 576,
466 5483 589 5535 477.
629 5483 770 5554 Raso,
808 5503 928 5554 quae
966 5491 1052 5544 hic
1099 5482 1227 5544 citat
1265 5489 1512 5554 Bernald,
1565 5507 1674 5547 non

143 5505 262 5546 ua,
287 5505 414 5546 ιω,
466 5505 589 5535 4η.
630 5505 770 5550 Haec,
848 5505 928 5542 tlte
966 5505 1052 5544 mc
1099 5505 1227 5544 cuat
1266 5505 1512 5554 uernam,
1565 5507 1674 5547 non

142 5561 262 5604 sunt
286 5549 507 5637 Patrum
520 5552 745 5637 Jeobcilii
765 5505 1242 5637 Cgalcedon_ensis,
1272 5558 1674 5637 sed.episc0po-

143 5633 254 5672 rum
279 5617 636 5673 auorumdam
663 5619 719 5671 in
758 5623 978 5686 epistola
1011 5628 1078 5681 ad
1118 5617 1348 5682 Leonem
1377 5617 1506 5694 imp.
1552 5617 1670 5696 qua:

443 5705 726 5795 Panos.
743 5708 1069 5772 CXLVIII.
1119 5705 1137 5720 ⁴

1809 3216 2026 3269 sterium
2075 3231 2334 3285 usurpare
2382 3225 2743 3289 cognoverint.
2797 3227 2885 3282 Sic
2912 3234 3054 3287 enim
3107 3251 3358 3306 quartum

1806 3305 2041 3373 ejusdem
2067 3307 2447 3376 eouciliicaput
2465 3319 2689 3366 testatur
2706 3313 3041 3384 (.lfderat.
3066 3305 3208 3397 ll,q.
3231 3331 3355 3398 H3,

1806 3411 1850 3446 ε,
1872 3395 1937 3462 6)
1968 3413 1979 3446 ;
2019 3414 2035 3443 ι
2075 3393 2129 3446 Si
2155 3395 2275 3464 quis
2307 3398 2590 3467 episcopus
2617 3404 2904 3463 damnatus
2933 3425 2961 3462 a
3018 3393 3239 3482 synodo,
3273 3393 3354 3473 vel

1803 3484 2077 3553 presbyter
2105 3493 2200 3537 aut
2225 3485 2483 3541 diaconus
2512 3505 2541 3541 a
2571 3507 2670 3544 suo
2689 3495 2969 3563 episeopo,
3007 3504 3122 3555 ausi
3155 3504 3356 3564 fuerint

1801 3570 2001 3637 aliquid
2037 3570 2102 3622 de
2151 3571 2450 3628 ministerio
2493 3590 2648 3631 sacro
2696 3583 3022 3652 contingere,
3067 3592 3176 3645 sive
3205 3598 3351 3664 epis-

1803 3657 2138 3725 copusjuxta
2172 3664 2553 3728 praecedentem
2595 3676 3035 3732 consuetudinem
3097 3673 3354 3761 sivepzc;

1784 3745 2104 3815 ,sbyter,aut
2126 3749 2405 3816 diaconus,
2430 3755 2577 3808 nullo
2603 3760 2760 3813 modo
2783 3762 2938 3818 liccat
2959 3769 3006 3819 ci
3039 3786 3134 3824 nec
3165 3773 3214 3826 in
3239 3745 3350 3833 alia

1800 3838 2003 3905 synodo
2033 3841 2398 3896 restitutionis
2421 3859 2566 3912 spem
2598 3857 2690 3901 aut
2713 3850 2887 3906 locum
2914 3855 3108 3912 habere
3135 3863 3350 3920 satisfa-

1798 3925 2009 3985 ctionis.
2038 3926 2140 3982 Sed
2168 3937 2220 3982 et
2271 3933 2728 3990 communicantes
2771 3939 2822 3993 ci
2869 3958 3055 4000 omnes
3103 3933 3348 4018 abjicide

1795 4014 2018 4096 ecclesia
2040 4025 2266 4084 oportet,
2296 4027 2350 4072 et
2369 4019 2619 4086 maxime,
2657 4025 2722 4088 si,
2746 4038 3028 4097 postquam
3059 4014 3344 4098 didicerint

1794 4093 2075 4158 adversum
2129 4115 2453 4162 memoratos
2492 4093 2757 4178 prolatam
2792 4093 2958 4174 fuisse
3004 4129 3338 4201 sententiam,

1791 4191 1871 4245 eis
1899 4193 2296 4249 communicare
2330 4199 2669 4255 tentavcrint.
2715 4220 2736 4254 ι

1856 4288 2015 4344 Juxta
2046 4291 2206 4360 hujus
2234 4295 2423 4363 capitis
2449 4306 2708 4364 tenorem,
2745 4307 2914 4360 sancti
2947 4308 3148 4376 Patres,
3173 4321 3263 4385 qui
3283 4321 3333 4375 in

1724 4425 1768 4478 Β
1793 4376 1999 4448 (997-8)
2029 4377 2363 4438 Chalcedone
2399 4389 2793 4448 sacratissimos
2830 4411 3064 4454 canones
3098 4376 3336 4472 pro-mul-

1793 4477 2067 4537 gaverant,
2091 4486 2276 4526 omnes
2295 4479 2780 4536 communicatores
2799 4486 3077 4554 cujusdam
3095 4493 3334 4554 damnati

1792 4553 2055 4613 Timothei
2119 4563 2362 4629 praesulis
2431 4564 2778 4625 Alexandrini
2841 4553 3335 4642 excommunicatos

1785 4659 1906 4701 esse
1927 4661 2272 4718 censuerunt,
2311 4655 2402 4722 qui
2430 4654 2604 4731 Leoni
2624 4659 2751 4729 imp.
2801 4677 2899 4731 pro
2927 4666 3110 4722 eodem
3147 4671 3330 4726 Timo-

1786 4734 1909 4789 thco
1952 4739 2252 4797 consulenti
2303 4741 2404 4796 hoc
2443 4745 2603 4798 modo
2653 4750 3076 4817 rescripserunt:
3149 4775 3182 4829 ι.
3223 4757 3336 4818 an.

1783 4825 1942 4880 etiam
1965 4828 2078 4898 qui,
2116 4846 2239 4884 cum
2278 4831 2476 4887 scirem
2513 4833 2852 4890 Timotheum
2893 4836 3060 4896 fuisse
3102 4825 3335 4911 damna-

1781 4919 1915 4978 tum,
1955 4919 2352 4972 communicare
2398 4919 2474 4971 illi
2520 4919 2640 4973 sine
2684 4923 2922 4989 periculo
2967 4932 3335 5010 crediderunt,

1777 5006 2066 5060 extraneos
2089 5021 2207 5059 esse
2234 5021 2264 5059 a
2281 5005 2373 5060 Dei
2402 5005 2637 5062 Ecclesia
2659 5010 2984 5084 jttdieamtts,
3033 5006 3331 5088 secundani

1776 5093 2214 5159 consequentiam
2263 5095 2558 5163 regularem
2608 5099 2754 5154 nulla
2790 5101 2868 5156 eis
2910 5109 3082 5174 venia,
3113 5128 3218 5170 nec
3239 5134 3334 5186 spe

1775 5178 2128 5254 restitutionis
2173 5180 2282 5234 ullo
2321 5185 2481 5239 modo
2530 5192 2859 5256 remanente,
2910 5195 3049 5250 sicut
3097 5178 3330 5258 tertia-et
3411 5262 3414 5265 ,

1775 5365 1898 5426 cum
1929 5349 2050 5426 a‘iiis
2073 5351 2318 5426 epistolis
2347 5355 2414 5426 ab
2442 5355 2740 5412 illustribus
2768 5360 3012 5426 personis
3041 5375 3144 5426 pro
3196 5359 3327 5420 cono

1775 5419 2378 5503 eiloﬂC‘haleedonensi
2436 5419 2952 5503 scriptisubabetur
2994 5419 3066 5486 λι]
3124 5419 3325 5490 calcem

1775 5489 1967 5544 concil.
1993 5488 2439 5557 Chalcedonens.,
2494 5488 2623 5544 tom.
2661 5490 2704 5543 ll
2731 5490 2962 5557 Coucil.,
3009 5513 3163 5553 novae
3195 5488 3322 5554 edit.

1773 5559 1940 5616 Colon
2009 5557 2106 5611 fol.
2136 5555 2226 5608 161
2291 5557 2614 5631 qolumnai.
2868 5616 2872 5620 ‘
2951 5555 2957 5557 '
3306 5583 3316 5594 .

2911 5721 3012 5796 ac
