  <div class='ocr_page' id='page_1' title='image "/cluster/home/n/w/nwhite01/storage/ocr_20150623/148/uva.x000829792/571.png"; bbox 0 0 3956 6384; ppageno 0'>
   <div class='ocr_carea' id='block_1_1' title="bbox 565 423 692 476">
    <p class='ocr_par' dir='ltr' id='par_1_1' title="bbox 565 423 692 476">
     <span class='ocr_line' id='line_1_1' title="bbox 565 423 692 476; baseline -0.008 0"><span class='ocrx_word' id='word_1_1' title='bbox 565 423 692 476; x_wconf 76' lang='grc'>1131</span> 
     </span>
    </p>
   </div>
   <div class='ocr_carea' id='block_1_2' title="bbox 1520 405 2791 467">
    <p class='ocr_par' dir='ltr' id='par_1_2' title="bbox 1520 405 2791 467">
     <span class='ocr_line' id='line_1_2' title="bbox 1520 405 2791 467; baseline -0.006 -1"><span class='ocrx_word' id='word_1_2' title='bbox 1520 413 1611 466; x_wconf 80' lang='lat' dir='ltr'><strong>AD</strong></span> <span class='ocrx_word' id='word_1_3' title='bbox 1643 409 1868 467; x_wconf 63' lang='lat' dir='ltr'><strong>OPERA</strong></span> <span class='ocrx_word' id='word_1_4' title='bbox 1906 408 1966 463; x_wconf 87' lang='lat' dir='ltr'><strong>S.</strong></span> <span class='ocrx_word' id='word_1_5' title='bbox 2004 406 2323 464; x_wconf 77' lang='lat' dir='ltr'><strong>GRECOBII</strong></span> <span class='ocrx_word' id='word_1_6' title='bbox 2357 405 2791 462; x_wconf 69' lang='lat' dir='ltr'><strong>APPENDICES.</strong></span> 
     </span>
    </p>
   </div>
   <div class='ocr_carea' id='block_1_3' title="bbox 3674 36 3888 381">
    <p class='ocr_par' dir='ltr' id='par_1_3' title="bbox 3678 40 3884 381">
     <span class='ocr_line' id='line_1_3' title="bbox 3678 40 3884 381; baseline 0 -268"><span class='ocrx_word' id='word_1_7' title='bbox 3678 40 3884 381; x_wconf 39' lang='grc' dir='ltr'><strong>Ὗ</strong></span> 
     </span>
    </p>
   </div>
   <div class='ocr_carea' id='block_1_4' title="bbox 3630 405 3747 461">
    <p class='ocr_par' dir='ltr' id='par_1_4' title="bbox 3630 405 3747 461">
     <span class='ocr_line' id='line_1_4' title="bbox 3630 405 3747 461; baseline 0.017 -2"><span class='ocrx_word' id='word_1_8' title='bbox 3630 405 3747 461; x_wconf 62' lang='grc'>1⁸31</span> 
     </span>
    </p>
   </div>
   <div class='ocr_carea' id='block_1_5' title="bbox 565 513 3744 604">
    <p class='ocr_par' dir='ltr' id='par_1_5' title="bbox 565 513 3744 604">
     <span class='ocr_line' id='line_1_5' title="bbox 565 513 3744 604; baseline -0.007 -15"><span class='ocrx_word' id='word_1_9' title='bbox 565 531 892 604; x_wconf 81' lang='lat' dir='ltr'><strong>octogesima</strong></span> <span class='ocrx_word' id='word_1_10' title='bbox 923 530 1104 600; x_wconf 85' lang='lat' dir='ltr'><strong>regula</strong></span> <span class='ocrx_word' id='word_1_11' title='bbox 1137 529 1203 583; x_wconf 90' lang='lat' dir='ltr'><strong>de</strong></span> <span class='ocrx_word' id='word_1_12' title='bbox 1230 526 1424 581; x_wconf 78' lang='lat' dir='ltr'><strong>talibus</strong></span> <span class='ocrx_word' id='word_1_13' title='bbox 1455 531 1635 592; x_wconf 87' lang='lat' dir='ltr'><strong>aperte</strong></span> <span class='ocrx_word' id='word_1_14' title='bbox 1671 522 1929 586; x_wconf 73' lang='lat' dir='ltr'><strong>decernit,</strong></span> <span class='ocrx_word' id='word_1_15' title='bbox 1962 519 2119 587; x_wconf 83' lang='lat' dir='ltr'><strong>cujus</strong></span> <span class='ocrx_word' id='word_1_16' title='bbox 2148 522 2192 576; x_wconf 75' lang='grc' dir='ltr'>Α</span> <span class='ocrx_word' id='word_1_17' title='bbox 2219 518 2990 586; x_wconf 74' lang='lat' dir='ltr'><strong>bujusmodipraesumptorum</strong></span> <span class='ocrx_word' id='word_1_18' title='bbox 3012 513 3182 568; x_wconf 82' lang='lat' dir='ltr'><strong>oﬂicia</strong></span> <span class='ocrx_word' id='word_1_19' title='bbox 3207 514 3443 582; x_wconf 88' lang='lat' dir='ltr'><strong>recipere</strong></span> <span class='ocrx_word' id='word_1_20' title='bbox 3463 514 3744 582; x_wconf 81' lang='lat' dir='ltr'><strong>prohibuit;</strong></span> 
     </span>
    </p>
   </div>
   <div class='ocr_carea' id='block_1_6' title="bbox 566 609 2106 688">
    <p class='ocr_par' dir='ltr' id='par_1_6' title="bbox 566 609 2106 688">
     <span class='ocr_line' id='line_1_6' title="bbox 566 609 2106 688; baseline -0.012 -10"><span class='ocrx_word' id='word_1_21' title='bbox 566 625 776 678; x_wconf 86' lang='lat' dir='ltr'><strong>initium</strong></span> <span class='ocrx_word' id='word_1_22' title='bbox 813 632 893 676; x_wconf 89' lang='lat' dir='ltr'><strong>est</strong></span> <span class='ocrx_word' id='word_1_23' title='bbox 921 640 932 673; x_wconf 94' lang='lat'>:</span> <span class='ocrx_word' id='word_1_24' title='bbox 970 639 986 669; x_wconf 74' lang='grc' dir='ltr'><strong>ι</strong></span> <span class='ocrx_word' id='word_1_25' title='bbox 1029 620 1082 672; x_wconf 93' lang='lat' dir='ltr'><strong>Si</strong></span> <span class='ocrx_word' id='word_1_26' title='bbox 1108 619 1230 688; x_wconf 84' lang='lat' dir='ltr'><strong>quis</strong></span> <span class='ocrx_word' id='word_1_27' title='bbox 1258 618 1539 685; x_wconf 87' lang='lat' dir='ltr'><strong>cpiscopus</strong></span> <span class='ocrx_word' id='word_1_28' title='bbox 1570 629 1599 666; x_wconf 91' lang='lat' dir='ltr'><strong>a</strong></span> <span class='ocrx_word' id='word_1_29' title='bbox 1621 611 1876 682; x_wconf 67' lang='lat' dir='ltr'><strong>synodo,»</strong></span> <span class='ocrx_word' id='word_1_30' title='bbox 1905 617 1959 663; x_wconf 93' lang='lat' dir='ltr'><strong>et</strong></span> <span class='ocrx_word' id='word_1_31' title='bbox 1979 609 2106 663; x_wconf 89' lang='lat' dir='ltr'><strong>reli-</strong></span> 
     </span>
    </p>
   </div>
   <div class='ocr_carea' id='block_1_7' title="bbox 573 698 2109 782">
    <p class='ocr_par' dir='ltr' id='par_1_7' title="bbox 573 698 2109 782">
     <span class='ocr_line' id='line_1_7' title="bbox 573 698 2109 782; baseline -0.012 -16"><span class='ocrx_word' id='word_1_32' title='bbox 573 729 696 782; x_wconf 82' lang='lat' dir='ltr'><strong>qua.</strong></span> <span class='ocrx_word' id='word_1_33' title='bbox 783 709 1117 778; x_wconf 82' lang='lat' dir='ltr'><strong>Quapropter</strong></span> <span class='ocrx_word' id='word_1_34' title='bbox 1174 716 1227 760; x_wconf 89' lang='lat' dir='ltr'><strong>et</strong></span> <span class='ocrx_word' id='word_1_35' title='bbox 1276 714 1458 758; x_wconf 88' lang='lat' dir='ltr'><strong>noster</strong></span> <span class='ocrx_word' id='word_1_36' title='bbox 1516 701 1841 770; x_wconf 84' lang='lat' dir='ltr'><strong>apostolicus</strong></span> <span class='ocrx_word' id='word_1_37' title='bbox 1917 698 2109 750; x_wconf 86' lang='lat' dir='ltr'><strong>merito</strong></span> 
     </span>
    </p>
   </div>
   <div class='ocr_carea' id='block_1_8' title="bbox 503 788 2100 872">
    <p class='ocr_par' dir='ltr' id='par_1_8' title="bbox 503 788 2100 872">
     <span class='ocr_line' id='line_1_8' title="bbox 503 788 2100 872; baseline -0.007 -20"><span class='ocrx_word' id='word_1_38' title='bbox 503 799 506 802; x_wconf 78' lang='grc'><strong>’</strong></span> <span class='ocrx_word' id='word_1_39' title='bbox 575 802 788 872; x_wconf 68' lang='lat' dir='ltr'><strong>populis</strong></span> <span class='ocrx_word' id='word_1_40' title='bbox 852 800 1023 853; x_wconf 84' lang='lat' dir='ltr'><strong>oilicia</strong></span> <span class='ocrx_word' id='word_1_41' title='bbox 1085 795 1392 865; x_wconf 88' lang='lat' dir='ltr'><strong>hujusmodi</strong></span> <span class='ocrx_word' id='word_1_42' title='bbox 1457 792 1777 846; x_wconf 89' lang='lat' dir='ltr'><strong>clericorum</strong></span> <span class='ocrx_word' id='word_1_43' title='bbox 1824 788 2100 856; x_wconf 72' lang='lat' dir='ltr'><strong>prohibuit</strong></span> 
     </span>
    </p>
   </div>
   <div class='ocr_carea' id='block_1_9' title="bbox 565 880 2110 959">
    <p class='ocr_par' dir='ltr' id='par_1_9' title="bbox 565 880 2110 959">
     <span class='ocr_line' id='line_1_9' title="bbox 565 880 2110 959; baseline -0.013 -11"><span class='ocrx_word' id='word_1_44' title='bbox 565 909 771 958; x_wconf 87' lang='lat' dir='ltr'><strong>eorum,</strong></span> <span class='ocrx_word' id='word_1_45' title='bbox 800 892 1039 959; x_wconf 84' lang='lat' dir='ltr'><strong>inquam,</strong></span> <span class='ocrx_word' id='word_1_46' title='bbox 1061 902 1196 957; x_wconf 88' lang='lat' dir='ltr'><strong>quos</strong></span> <span class='ocrx_word' id='word_1_47' title='bbox 1213 902 1319 940; x_wconf 90' lang='lat' dir='ltr'><strong>non</strong></span> <span class='ocrx_word' id='word_1_48' title='bbox 1349 895 1457 939; x_wconf 86' lang='lat' dir='ltr'><strong>tam</strong></span> <span class='ocrx_word' id='word_1_49' title='bbox 1490 884 1603 950; x_wconf 89' lang='lat' dir='ltr'><strong>ipse</strong></span> <span class='ocrx_word' id='word_1_50' title='bbox 1632 880 1923 941; x_wconf 81' lang='lat' dir='ltr'><strong>damnavit,</strong></span> <span class='ocrx_word' id='word_1_51' title='bbox 1949 892 2110 946; x_wconf 89' lang='lat' dir='ltr'><strong>quam</strong></span> 
     </span>
    </p>
   </div>
   <div class='ocr_carea' id='block_1_10' title="bbox 478 974 2114 1047">
    <p class='ocr_par' dir='ltr' id='par_1_10' title="bbox 478 974 2114 1047">
     <span class='ocr_line' id='line_1_10' title="bbox 478 974 2114 1047; baseline -0.012 -8"><span class='ocrx_word' id='word_1_52' title='bbox 478 1034 485 1039; x_wconf 81' lang='lat'><strong>.</strong></span> <span class='ocrx_word' id='word_1_53' title='bbox 566 1000 597 1037; x_wconf 90' lang='lat' dir='ltr'><strong>a</strong></span> <span class='ocrx_word' id='word_1_54' title='bbox 646 981 744 1036; x_wconf 89' lang='lat' dir='ltr'><strong>SS.</strong></span> <span class='ocrx_word' id='word_1_55' title='bbox 794 981 1043 1035; x_wconf 81' lang='lat' dir='ltr'><strong>Pati-ibus</strong></span> <span class='ocrx_word' id='word_1_56' title='bbox 1076 979 1188 1047; x_wconf 87' lang='lat' dir='ltr'><strong>jam</strong></span> <span class='ocrx_word' id='word_1_57' title='bbox 1233 976 1434 1030; x_wconf 89' lang='lat' dir='ltr'><strong>dudum</strong></span> <span class='ocrx_word' id='word_1_58' title='bbox 1468 974 1751 1042; x_wconf 86' lang='lat' dir='ltr'><strong>damnatos</strong></span> <span class='ocrx_word' id='word_1_59' title='bbox 1794 984 1911 1024; x_wconf 88' lang='lat' dir='ltr'><strong>esse</strong></span> <span class='ocrx_word' id='word_1_60' title='bbox 1959 982 2114 1022; x_wconf 88' lang='lat' dir='ltr'><strong>mon-</strong></span> 
     </span>
    </p>
   </div>
   <div class='ocr_carea' id='block_1_11' title="bbox 567 1074 1497 1127">
    <p class='ocr_par' dir='ltr' id='par_1_11' title="bbox 567 1074 1497 1127">
     <span class='ocr_line' id='line_1_11' title="bbox 567 1074 1497 1127; baseline -0.013 0"><span class='ocrx_word' id='word_1_61' title='bbox 567 1074 773 1127; x_wconf 82' lang='lat' dir='ltr'><strong>stravit.</strong></span> <span class='ocrx_word' id='word_1_62' title='bbox 1492 1110 1497 1115; x_wconf 89' lang='lat'><strong>.</strong></span> 
     </span>
    </p>
   </div>
   <div class='ocr_carea' id='block_1_12' title="bbox 636 1146 2115 1225">
    <p class='ocr_par' dir='ltr' id='par_1_12' title="bbox 636 1146 2115 1225">
     <span class='ocr_line' id='line_1_12' title="bbox 636 1146 2115 1225; baseline -0.013 -8"><span class='ocrx_word' id='word_1_63' title='bbox 636 1164 893 1217; x_wconf 72' lang='lat' dir='ltr'><strong>Praeterea</strong></span> <span class='ocrx_word' id='word_1_64' title='bbox 944 1157 1316 1214; x_wconf 81' lang='lat' dir='ltr'><strong>sanctissimus</strong></span> <span class='ocrx_word' id='word_1_65' title='bbox 1372 1169 1507 1225; x_wconf 85' lang='lat' dir='ltr'><strong>papa</strong></span> <span class='ocrx_word' id='word_1_66' title='bbox 1551 1149 1848 1205; x_wconf 75' lang='lat' dir='ltr'><strong>Alexander</strong></span> <span class='ocrx_word' id='word_1_67' title='bbox 1889 1163 1920 1201; x_wconf 89' lang='lat' dir='ltr'><strong>a</strong></span> <span class='ocrx_word' id='word_1_68' title='bbox 1959 1146 2115 1201; x_wconf 88' lang='lat' dir='ltr'><strong>beato</strong></span> 
     </span>
    </p>
   </div>
   <div class='ocr_carea' id='block_1_13' title="bbox 565 1241 2117 1320">
    <p class='ocr_par' dir='ltr' id='par_1_13' title="bbox 565 1241 2117 1320">
     <span class='ocr_line' id='line_1_13' title="bbox 565 1241 2117 1320; baseline -0.012 -12"><span class='ocrx_word' id='word_1_69' title='bbox 565 1252 721 1308; x_wconf 89' lang='lat' dir='ltr'><strong>Petro</strong></span> <span class='ocrx_word' id='word_1_70' title='bbox 748 1252 989 1320; x_wconf 84' lang='lat' dir='ltr'><strong>quintus,</strong></span> <span class='ocrx_word' id='word_1_71' title='bbox 1019 1248 1110 1318; x_wconf 85' lang='lat' dir='ltr'><strong>qui</strong></span> <span class='ocrx_word' id='word_1_72' title='bbox 1145 1248 1323 1316; x_wconf 89' lang='lat' dir='ltr'><strong>potius</strong></span> <span class='ocrx_word' id='word_1_73' title='bbox 1368 1245 1422 1298; x_wconf 92' lang='lat' dir='ltr'><strong>in</strong></span> <span class='ocrx_word' id='word_1_74' title='bbox 1468 1243 1682 1297; x_wconf 89' lang='lat' dir='ltr'><strong>camino</strong></span> <span class='ocrx_word' id='word_1_75' title='bbox 1718 1241 1856 1310; x_wconf 84' lang='lat' dir='ltr'><strong>ignis</strong></span> <span class='ocrx_word' id='word_1_76' title='bbox 1896 1251 2117 1292; x_wconf 85' lang='lat' dir='ltr'><strong>concre-</strong></span> 
     </span>
    </p>
   </div>
   <div class='ocr_carea' id='block_1_14' title="bbox 562 1327 2114 1409">
    <p class='ocr_par' dir='ltr' id='par_1_14' title="bbox 562 1327 2114 1409">
     <span class='ocr_line' id='line_1_14' title="bbox 562 1327 2114 1409; baseline -0.012 -13"><span class='ocrx_word' id='word_1_77' title='bbox 562 1342 701 1397; x_wconf 86' lang='lat' dir='ltr'><strong>mari</strong></span> <span class='ocrx_word' id='word_1_78' title='bbox 722 1355 884 1409; x_wconf 88' lang='lat' dir='ltr'><strong>quam</strong></span> <span class='ocrx_word' id='word_1_79' title='bbox 909 1338 1121 1392; x_wconf 87' lang='lat' dir='ltr'><strong>mentiri</strong></span> <span class='ocrx_word' id='word_1_80' title='bbox 1146 1335 1475 1389; x_wconf 90' lang='lat' dir='ltr'><strong>fortissimus</strong></span> <span class='ocrx_word' id='word_1_81' title='bbox 1519 1331 1715 1385; x_wconf 82' lang='lat' dir='ltr'><strong>athleta</strong></span> <span class='ocrx_word' id='word_1_82' title='bbox 1742 1328 1955 1398; x_wconf 77' lang='lat' dir='ltr'><strong>delegit,</strong></span> <span class='ocrx_word' id='word_1_83' title='bbox 1983 1327 2114 1395; x_wconf 88' lang='lat' dir='ltr'><strong>ipse,</strong></span> 
     </span>
    </p>
   </div>
   <div class='ocr_carea' id='block_1_15' title="bbox 567 1418 2118 1500">
    <p class='ocr_par' dir='ltr' id='par_1_15' title="bbox 567 1418 2118 1500">
     <span class='ocr_line' id='line_1_15' title="bbox 567 1418 2118 1500; baseline -0.01 -15"><span class='ocrx_word' id='word_1_84' title='bbox 567 1432 806 1500; x_wconf 85' lang='lat' dir='ltr'><strong>inquam,</strong></span> <span class='ocrx_word' id='word_1_85' title='bbox 842 1444 942 1483; x_wconf 90' lang='lat' dir='ltr'><strong>nec</strong></span> <span class='ocrx_word' id='word_1_86' title='bbox 976 1427 1299 1495; x_wconf 82' lang='lat' dir='ltr'><strong>loquendum</strong></span> <span class='ocrx_word' id='word_1_87' title='bbox 1343 1424 1421 1478; x_wconf 88' lang='lat' dir='ltr'><strong>eis</strong></span> <span class='ocrx_word' id='word_1_88' title='bbox 1460 1437 1578 1476; x_wconf 90' lang='lat' dir='ltr'><strong>esse</strong></span> <span class='ocrx_word' id='word_1_89' title='bbox 1621 1430 1873 1484; x_wconf 78' lang='lat' dir='ltr'><strong>testatur,</strong></span> <span class='ocrx_word' id='word_1_90' title='bbox 1924 1418 2118 1487; x_wconf 79' lang='lat' dir='ltr'><strong>quibus</strong></span> 
     </span>
    </p>
   </div>
   <div class='ocr_carea' id='block_1_16' title="bbox 566 1507 2117 1587">
    <p class='ocr_par' dir='ltr' id='par_1_16' title="bbox 566 1507 2117 1587">
     <span class='ocr_line' id='line_1_16' title="bbox 566 1507 2117 1587; baseline -0.009 -15"><span class='ocrx_word' id='word_1_91' title='bbox 566 1521 652 1572; x_wconf 89' lang='lat' dir='ltr'><strong>vel</strong></span> <span class='ocrx_word' id='word_1_92' title='bbox 680 1519 965 1587; x_wconf 90' lang='lat' dir='ltr'><strong>cpisc0pus</strong></span> <span class='ocrx_word' id='word_1_93' title='bbox 996 1531 1092 1584; x_wconf 91' lang='lat' dir='ltr'><strong>pro</strong></span> <span class='ocrx_word' id='word_1_94' title='bbox 1123 1514 1412 1569; x_wconf 83' lang='lat' dir='ltr'><strong>sceleribus</strong></span> <span class='ocrx_word' id='word_1_95' title='bbox 1441 1525 1628 1565; x_wconf 80' lang='lat' dir='ltr'><strong>eorum</strong></span> <span class='ocrx_word' id='word_1_96' title='bbox 1664 1509 1893 1564; x_wconf 90' lang='lat' dir='ltr'><strong>sentitur</strong></span> <span class='ocrx_word' id='word_1_97' title='bbox 1928 1507 2117 1575; x_wconf 83' lang='lat' dir='ltr'><strong>adver-</strong></span> 
     </span>
    </p>
   </div>
   <div class='ocr_carea' id='block_1_17' title="bbox 566 1598 2118 1672">
    <p class='ocr_par' dir='ltr' id='par_1_17' title="bbox 566 1598 2118 1672">
     <span class='ocr_line' id='line_1_17' title="bbox 566 1598 2118 1672; baseline -0.01 -11"><span class='ocrx_word' id='word_1_98' title='bbox 566 1624 680 1661; x_wconf 86' lang='lat' dir='ltr'><strong>sus.</strong></span> <span class='ocrx_word' id='word_1_99' title='bbox 730 1605 794 1659; x_wconf 85' lang='lat' dir='ltr'><strong>Et</strong></span> <span class='ocrx_word' id='word_1_100' title='bbox 823 1607 942 1667; x_wconf 86' lang='lat' dir='ltr'><strong>hoc,</strong></span> <span class='ocrx_word' id='word_1_101' title='bbox 972 1620 1036 1657; x_wconf 82' lang='lat' dir='ltr'><strong>ex</strong></span> <span class='ocrx_word' id='word_1_102' title='bbox 1065 1604 1232 1672; x_wconf 81' lang='lat' dir='ltr'><strong>ipsius</strong></span> <span class='ocrx_word' id='word_1_103' title='bbox 1255 1600 1511 1670; x_wconf 84' lang='lat' dir='ltr'><strong>principis</strong></span> <span class='ocrx_word' id='word_1_104' title='bbox 1541 1598 1906 1667; x_wconf 79' lang='lat' dir='ltr'><strong>apostolorum</strong></span> <span class='ocrx_word' id='word_1_105' title='bbox 1933 1604 2118 1648; x_wconf 82' lang='lat' dir='ltr'><strong>aucto-</strong></span> 
     </span>
    </p>
   </div>
   <div class='ocr_carea' id='block_1_18' title="bbox 566 1682 2119 1756">
    <p class='ocr_par' dir='ltr' id='par_1_18' title="bbox 566 1682 2119 1756">
     <span class='ocr_line' id='line_1_18' title="bbox 566 1682 2119 1756; baseline -0.008 -8"><span class='ocrx_word' id='word_1_106' title='bbox 566 1695 721 1748; x_wconf 85' lang='lat' dir='ltr'><strong>ritate</strong></span> <span class='ocrx_word' id='word_1_107' title='bbox 742 1692 1042 1756; x_wconf 79' lang='lat' dir='ltr'><strong>continuat,</strong></span> <span class='ocrx_word' id='word_1_108' title='bbox 1067 1691 1139 1743; x_wconf 86' lang='lat' dir='ltr'><strong>ita</strong></span> <span class='ocrx_word' id='word_1_109' title='bbox 1160 1690 1364 1752; x_wconf 86' lang='lat' dir='ltr'><strong>dicens,</strong></span> <span class='ocrx_word' id='word_1_110' title='bbox 1384 1703 1501 1755; x_wconf 86' lang='lat' dir='ltr'><strong>cap.</strong></span> <span class='ocrx_word' id='word_1_111' title='bbox 1525 1685 1558 1738; x_wconf 89' lang='lat'>6</span> <span class='ocrx_word' id='word_1_112' title='bbox 1581 1684 1820 1753; x_wconf 78' lang='lat' dir='ltr'><strong>(epistola</strong></span> <span class='ocrx_word' id='word_1_113' title='bbox 1847 1684 1920 1752; x_wconf 88' lang='lat' dir='ltr'><strong>l):</strong></span> <span class='ocrx_word' id='word_1_114' title='bbox 1944 1702 1962 1733; x_wconf 78' lang='grc' dir='ltr'><strong>ι</strong></span> <span class='ocrx_word' id='word_1_115' title='bbox 1988 1682 2119 1736; x_wconf 87' lang='lat' dir='ltr'><strong>Bea-</strong></span> 
     </span>
    </p>
   </div>
   <div class='ocr_carea' id='block_1_19' title="bbox 568 1770 2117 1852">
    <p class='ocr_par' dir='ltr' id='par_1_19' title="bbox 568 1770 2117 1852">
     <span class='ocr_line' id='line_1_19' title="bbox 568 1770 2117 1852; baseline -0.01 -13"><span class='ocrx_word' id='word_1_116' title='bbox 568 1795 653 1839; x_wconf 86' lang='lat' dir='ltr'><strong>tus</strong></span> <span class='ocrx_word' id='word_1_117' title='bbox 698 1770 890 1837; x_wconf 63' lang='lat' dir='ltr'><strong>Petrus</strong></span> <span class='ocrx_word' id='word_1_118' title='bbox 918 1778 1005 1852; x_wconf 76' lang='grc' dir='ltr'><strong>[ϐ.</strong></span> <span class='ocrx_word' id='word_1_119' title='bbox 1052 1779 1138 1843; x_wconf 86' lang='lat' dir='ltr'><strong>R.,</strong></span> <span class='ocrx_word' id='word_1_120' title='bbox 1187 1779 1435 1847; x_wconf 89' lang='lat' dir='ltr'><strong>princeps</strong></span> <span class='ocrx_word' id='word_1_121' title='bbox 1479 1771 1889 1843; x_wconf 87' lang='lat' dir='ltr'><strong>apostolorum],</strong></span> <span class='ocrx_word' id='word_1_122' title='bbox 1942 1772 1994 1825; x_wconf 91' lang='lat' dir='ltr'><strong>in</strong></span> <span class='ocrx_word' id='word_1_123' title='bbox 2026 1786 2117 1825; x_wconf 91' lang='lat' dir='ltr'><strong>or-</strong></span> 
     </span>
    </p>
   </div>
   <div class='ocr_carea' id='block_1_20' title="bbox 2210 604 3747 676">
    <p class='ocr_par' dir='ltr' id='par_1_20' title="bbox 2210 604 3747 676">
     <span class='ocr_line' id='line_1_20' title="bbox 2210 604 3747 676; baseline -0.001 -17"><span class='ocrx_word' id='word_1_124' title='bbox 2210 622 2348 676; x_wconf 89' lang='lat' dir='ltr'><strong>quos</strong></span> <span class='ocrx_word' id='word_1_125' title='bbox 2374 607 2751 661; x_wconf 90' lang='lat' dir='ltr'><strong>sanctissimus</strong></span> <span class='ocrx_word' id='word_1_126' title='bbox 2776 605 2894 673; x_wconf 86' lang='lat' dir='ltr'><strong>ejus</strong></span> <span class='ocrx_word' id='word_1_127' title='bbox 2920 604 3248 672; x_wconf 73' lang='lat' dir='ltr'><strong>:cqnivocus,</strong></span> <span class='ocrx_word' id='word_1_128' title='bbox 3279 613 3330 656; x_wconf 93' lang='lat' dir='ltr'><strong>et</strong></span> <span class='ocrx_word' id='word_1_129' title='bbox 3360 619 3585 671; x_wconf 81' lang='lat' dir='ltr'><strong>regnum</strong></span> <span class='ocrx_word' id='word_1_130' title='bbox 3611 604 3747 671; x_wconf 81' lang='lat' dir='ltr'><strong>culpa</strong></span> 
     </span>
    </p>
   </div>
   <div class='ocr_carea' id='block_1_21' title="bbox 2210 693 3746 764">
    <p class='ocr_par' dir='ltr' id='par_1_21' title="bbox 2210 693 3746 764">
     <span class='ocr_line' id='line_1_21' title="bbox 2210 693 3746 764; baseline -0.002 -15"><span class='ocrx_word' id='word_1_131' title='bbox 2210 711 2306 749; x_wconf 90' lang='lat' dir='ltr'><strong>sua</strong></span> <span class='ocrx_word' id='word_1_132' title='bbox 2337 710 2667 764; x_wconf 70' lang='lat' dir='ltr'><strong>prmgravarc</strong></span> <span class='ocrx_word' id='word_1_133' title='bbox 2693 703 2746 748; x_wconf 91' lang='lat' dir='ltr'><strong>et</strong></span> <span class='ocrx_word' id='word_1_134' title='bbox 2772 693 2864 748; x_wconf 85' lang='lat' dir='ltr'><strong>Dei</strong></span> <span class='ocrx_word' id='word_1_135' title='bbox 2894 694 3224 751; x_wconf 83' lang='lat' dir='ltr'><strong>iracundiam</strong></span> <span class='ocrx_word' id='word_1_136' title='bbox 3255 694 3307 745; x_wconf 92' lang='lat' dir='ltr'><strong>in</strong></span> <span class='ocrx_word' id='word_1_137' title='bbox 3349 709 3409 746; x_wconf 86' lang='lat' dir='ltr'><strong>se</strong></span> <span class='ocrx_word' id='word_1_138' title='bbox 3447 695 3614 762; x_wconf 88' lang='lat' dir='ltr'><strong>magis</strong></span> <span class='ocrx_word' id='word_1_139' title='bbox 3638 708 3746 762; x_wconf 86' lang='lat' dir='ltr'><strong>pro-</strong></span> 
     </span>
    </p>
   </div>
   <div class='ocr_carea' id='block_1_22' title="bbox 2210 782 3747 851">
    <p class='ocr_par' dir='ltr' id='par_1_22' title="bbox 2210 782 3747 851">
     <span class='ocr_line' id='line_1_22' title="bbox 2210 782 3747 851; baseline 0 -14"><span class='ocrx_word' id='word_1_140' title='bbox 2210 800 2403 838; x_wconf 80' lang='lat' dir='ltr'><strong>vocare</strong></span> <span class='ocrx_word' id='word_1_141' title='bbox 2431 784 2679 838; x_wconf 83' lang='lat' dir='ltr'><strong>asseruit.</strong></span> <span class='ocrx_word' id='word_1_142' title='bbox 2722 782 2991 851; x_wconf 84' lang='lat' dir='ltr'><strong>Scriptum</strong></span> <span class='ocrx_word' id='word_1_143' title='bbox 3021 791 3105 836; x_wconf 87' lang='lat' dir='ltr'><strong>est</strong></span> <span class='ocrx_word' id='word_1_144' title='bbox 3134 783 3276 836; x_wconf 83' lang='lat' dir='ltr'><strong>enim</strong></span> <span class='ocrx_word' id='word_1_145' title='bbox 3303 801 3314 835; x_wconf 91' lang='lat'><strong>:</strong></span> <span class='ocrx_word' id='word_1_146' title='bbox 3355 801 3373 833; x_wconf 84' lang='grc' dir='ltr'><strong>ι</strong></span> <span class='ocrx_word' id='word_1_147' title='bbox 3398 782 3502 848; x_wconf 88' lang='lat' dir='ltr'><strong>Qui</strong></span> <span class='ocrx_word' id='word_1_148' title='bbox 3524 784 3747 837; x_wconf 74' lang='lat' dir='ltr'><strong>averterit</strong></span> 
     </span>
    </p>
   </div>
   <div class='ocr_carea' id='block_1_23' title="bbox 2212 872 3733 941">
    <p class='ocr_par' dir='ltr' id='par_1_23' title="bbox 2212 872 3733 941">
     <span class='ocr_line' id='line_1_23' title="bbox 2212 872 3733 941; baseline -0.001 -15"><span class='ocrx_word' id='word_1_149' title='bbox 2212 889 2395 927; x_wconf 90' lang='lat' dir='ltr'><strong>aurem</strong></span> <span class='ocrx_word' id='word_1_150' title='bbox 2430 888 2605 937; x_wconf 90' lang='lat' dir='ltr'><strong>suam,</strong></span> <span class='ocrx_word' id='word_1_151' title='bbox 2634 889 2698 926; x_wconf 89' lang='lat' dir='ltr'><strong>ne</strong></span> <span class='ocrx_word' id='word_1_152' title='bbox 2726 873 2905 925; x_wconf 81' lang='lat' dir='ltr'><strong>audiat</strong></span> <span class='ocrx_word' id='word_1_153' title='bbox 2934 874 3124 941; x_wconf 87' lang='lat' dir='ltr'><strong>legem,</strong></span> <span class='ocrx_word' id='word_1_154' title='bbox 3152 872 3501 926; x_wconf 75' lang='lat' dir='ltr'><strong>exsecrabilis</strong></span> <span class='ocrx_word' id='word_1_155' title='bbox 3529 872 3625 924; x_wconf 90' lang='lat' dir='ltr'><strong>erit</strong></span> <span class='ocrx_word' id='word_1_156' title='bbox 3651 887 3733 925; x_wconf 89' lang='lat' dir='ltr'><strong>ora</strong></span> 
     </span>
    </p>
   </div>
   <div class='ocr_carea' id='block_1_24' title="bbox 2214 961 3731 1032">
    <p class='ocr_par' dir='ltr' id='par_1_24' title="bbox 2214 961 3731 1032">
     <span class='ocr_line' id='line_1_24' title="bbox 2214 961 3731 1032; baseline 0.001 -17"><span class='ocrx_word' id='word_1_157' title='bbox 2214 964 2288 1016; x_wconf 91' lang='lat' dir='ltr'><strong>tio</strong></span> <span class='ocrx_word' id='word_1_158' title='bbox 2309 964 2425 1032; x_wconf 82' lang='lat' dir='ltr'><strong>ejus</strong></span> <span class='ocrx_word' id='word_1_159' title='bbox 2455 963 2632 1030; x_wconf 79' lang='lat' dir='ltr'><strong>(Prov.</strong></span> <span class='ocrx_word' id='word_1_160' title='bbox 2663 966 2874 1030; x_wconf 77' lang='lat' dir='ltr'><strong>xxvui).</strong></span> <span class='ocrx_word' id='word_1_161' title='bbox 2904 982 2920 1011; x_wconf 79' lang='grc' dir='ltr'><strong>ι</strong></span> <span class='ocrx_word' id='word_1_162' title='bbox 2974 961 3094 1027; x_wconf 84' lang='lat' dir='ltr'><strong>Quo</strong></span> <span class='ocrx_word' id='word_1_163' title='bbox 3132 962 3358 1017; x_wconf 82' lang='lat' dir='ltr'><strong>crimine</strong></span> <span class='ocrx_word' id='word_1_164' title='bbox 3405 977 3592 1016; x_wconf 79' lang='lat' dir='ltr'><strong>omnes</strong></span> <span class='ocrx_word' id='word_1_165' title='bbox 3630 962 3731 1016; x_wconf 85' lang='lat' dir='ltr'><strong>obli-</strong></span> 
     </span>
    </p>
   </div>
   <div class='ocr_carea' id='block_1_25' title="bbox 2214 1052 3750 1122">
    <p class='ocr_par' dir='ltr' id='par_1_25' title="bbox 2214 1052 3750 1122">
     <span class='ocr_line' id='line_1_25' title="bbox 2214 1052 3750 1122; baseline -0.002 -17"><span class='ocrx_word' id='word_1_166' title='bbox 2214 1063 2408 1122; x_wconf 87' lang='lat' dir='ltr'><strong>gantur</strong></span> <span class='ocrx_word' id='word_1_167' title='bbox 2436 1053 2742 1121; x_wconf 82' lang='lat' dir='ltr'><strong>quicunque</strong></span> <span class='ocrx_word' id='word_1_168' title='bbox 2778 1052 3078 1106; x_wconf 86' lang='lat' dir='ltr'><strong>eanouibus</strong></span> <span class='ocrx_word' id='word_1_169' title='bbox 3111 1067 3174 1106; x_wconf 89' lang='lat' dir='ltr'><strong>ac</strong></span> <span class='ocrx_word' id='word_1_170' title='bbox 3209 1052 3577 1106; x_wconf 80' lang='lat' dir='ltr'><strong>sanctionibus</strong></span> <span class='ocrx_word' id='word_1_171' title='bbox 3606 1052 3750 1107; x_wconf 83' lang='lat' dir='ltr'><strong>obsti-</strong></span> 
     </span>
    </p>
   </div>
   <div class='ocr_carea' id='block_1_26' title="bbox 2215 1141 3749 1212">
    <p class='ocr_par' dir='ltr' id='par_1_26' title="bbox 2215 1141 3749 1212">
     <span class='ocr_line' id='line_1_26' title="bbox 2215 1141 3749 1212; baseline -0.002 -15"><span class='ocrx_word' id='word_1_172' title='bbox 2215 1152 2342 1197; x_wconf 89' lang='lat' dir='ltr'><strong>nato</strong></span> <span class='ocrx_word' id='word_1_173' title='bbox 2370 1143 2551 1197; x_wconf 89' lang='lat' dir='ltr'><strong>animo</strong></span> <span class='ocrx_word' id='word_1_174' title='bbox 2592 1141 2947 1212; x_wconf 88' lang='lat' dir='ltr'><strong>refragantur.</strong></span> <span class='ocrx_word' id='word_1_175' title='bbox 2990 1141 3142 1195; x_wconf 78' lang='lat' dir='ltr'><strong>L&#39;nde</strong></span> <span class='ocrx_word' id='word_1_176' title='bbox 3170 1151 3223 1195; x_wconf 91' lang='lat' dir='ltr'><strong>et</strong></span> <span class='ocrx_word' id='word_1_177' title='bbox 3246 1158 3433 1196; x_wconf 87' lang='lat' dir='ltr'><strong>eorum</strong></span> <span class='ocrx_word' id='word_1_178' title='bbox 3460 1141 3627 1196; x_wconf 86' lang='lat' dir='ltr'><strong>oﬂicia</strong></span> <span class='ocrx_word' id='word_1_179' title='bbox 3651 1157 3749 1195; x_wconf 82' lang='lat' dir='ltr'><strong>rue-</strong></span> 
     </span>
    </p>
   </div>
   <div class='ocr_carea' id='block_1_27' title="bbox 2216 1222 3750 1302">
    <p class='ocr_par' dir='ltr' id='par_1_27' title="bbox 2216 1222 3750 1302">
     <span class='ocr_line' id='line_1_27' title="bbox 2216 1222 3750 1302; baseline -0.001 -16"><span class='ocrx_word' id='word_1_180' title='bbox 2216 1232 2321 1286; x_wconf 89' lang='lat' dir='ltr'><strong>rito</strong></span> <span class='ocrx_word' id='word_1_181' title='bbox 2350 1232 2563 1302; x_wconf 90' lang='lat' dir='ltr'><strong>populis</strong></span> <span class='ocrx_word' id='word_1_182' title='bbox 2605 1222 3014 1296; x_wconf 72' lang='lat' dir='ltr'><strong>inter-dicuntur,</strong></span> <span class='ocrx_word' id='word_1_183' title='bbox 3048 1247 3279 1300; x_wconf 89' lang='lat' dir='ltr'><strong>quorum</strong></span> <span class='ocrx_word' id='word_1_184' title='bbox 3309 1232 3583 1285; x_wconf 87' lang='lat' dir='ltr'><strong>orationes</strong></span> <span class='ocrx_word' id='word_1_185' title='bbox 3606 1232 3750 1284; x_wconf 87' lang='lat' dir='ltr'><strong>omni-</strong></span> 
     </span>
    </p>
   </div>
   <div class='ocr_carea' id='block_1_28' title="bbox 2217 1322 3740 1392">
    <p class='ocr_par' dir='ltr' id='par_1_28' title="bbox 2217 1322 3740 1392">
     <span class='ocr_line' id='line_1_28' title="bbox 2217 1322 3740 1392; baseline 0 -16"><span class='ocrx_word' id='word_1_186' title='bbox 2217 1331 2409 1392; x_wconf 85' lang='lat' dir='ltr'><strong>potens</strong></span> <span class='ocrx_word' id='word_1_187' title='bbox 2444 1322 2595 1391; x_wconf 86' lang='lat' dir='ltr'><strong>Deus</strong></span> <span class='ocrx_word' id='word_1_188' title='bbox 2641 1336 2750 1376; x_wconf 90' lang='lat' dir='ltr'><strong>non</strong></span> <span class='ocrx_word' id='word_1_189' title='bbox 2796 1322 2937 1387; x_wconf 88' lang='lat' dir='ltr'><strong>dico,</strong></span> <span class='ocrx_word' id='word_1_190' title='bbox 2985 1337 3090 1388; x_wconf 83' lang='lat' dir='ltr'><strong>non</strong></span> <span class='ocrx_word' id='word_1_191' title='bbox 3138 1322 3347 1391; x_wconf 89' lang='lat' dir='ltr'><strong>recipit,</strong></span> <span class='ocrx_word' id='word_1_192' title='bbox 3390 1322 3481 1375; x_wconf 81' lang='lat' dir='ltr'><strong>sed</strong></span> <span class='ocrx_word' id='word_1_193' title='bbox 3526 1335 3740 1376; x_wconf 57' lang='lat' dir='ltr'><strong>exsecta</strong></span> 
     </span>
    </p>
   </div>
   <div class='ocr_carea' id='block_1_29' title="bbox 2218 1420 2406 1465">
    <p class='ocr_par' dir='ltr' id='par_1_29' title="bbox 2218 1420 2406 1465">
     <span class='ocr_line' id='line_1_29' title="bbox 2218 1420 2406 1465; baseline -0.032 0"><span class='ocrx_word' id='word_1_194' title='bbox 2218 1420 2323 1465; x_wconf 64' lang='grc' dir='ltr'><strong>ῑεικ</strong></span> <span class='ocrx_word' id='word_1_195' title='bbox 2400 1451 2406 1459; x_wconf 93' lang='grc'>.</span> 
     </span>
    </p>
   </div>
   <div class='ocr_carea' id='block_1_30' title="bbox 2291 1500 3751 1571">
    <p class='ocr_par' dir='ltr' id='par_1_30' title="bbox 2291 1500 3751 1571">
     <span class='ocr_line' id='line_1_30' title="bbox 2291 1500 3751 1571; baseline 0.001 -18"><span class='ocrx_word' id='word_1_196' title='bbox 2291 1500 2395 1554; x_wconf 87' lang='lat' dir='ltr'><strong>Sed</strong></span> <span class='ocrx_word' id='word_1_197' title='bbox 2422 1502 2533 1571; x_wconf 89' lang='lat' dir='ltr'><strong>jam</strong></span> <span class='ocrx_word' id='word_1_198' title='bbox 2562 1503 2627 1555; x_wconf 88' lang='lat' dir='ltr'><strong>ad</strong></span> <span class='ocrx_word' id='word_1_199' title='bbox 2652 1502 2824 1571; x_wconf 86' lang='lat' dir='ltr'><strong>ipsum</strong></span> <span class='ocrx_word' id='word_1_200' title='bbox 2849 1501 2957 1556; x_wconf 69' lang='lat' dir='ltr'><strong>Vas</strong></span> <span class='ocrx_word' id='word_1_201' title='bbox 2981 1500 3260 1555; x_wconf 90' lang='lat' dir='ltr'><strong>electionis</strong></span> <span class='ocrx_word' id='word_1_202' title='bbox 3282 1501 3581 1563; x_wconf 86' lang='lat' dir='ltr'><strong>veniamus,</strong></span> <span class='ocrx_word' id='word_1_203' title='bbox 3606 1500 3751 1568; x_wconf 82' lang='lat' dir='ltr'><strong>quiet</strong></span> 
     </span>
    </p>
   </div>
   <div class='ocr_carea' id='block_1_31' title="bbox 2218 1592 3749 1661">
    <p class='ocr_par' dir='ltr' id='par_1_31' title="bbox 2218 1592 3749 1661">
     <span class='ocr_line' id='line_1_31' title="bbox 2218 1592 3749 1661; baseline -0.001 -17"><span class='ocrx_word' id='word_1_204' title='bbox 2218 1593 2467 1661; x_wconf 62' lang='lat' dir='ltr'><strong>praesenti</strong></span> <span class='ocrx_word' id='word_1_205' title='bbox 2518 1602 2718 1646; x_wconf 81' lang='lat' dir='ltr'><strong>statuto</strong></span> <span class='ocrx_word' id='word_1_206' title='bbox 2772 1592 2944 1647; x_wconf 77' lang='lat' dir='ltr'><strong>nostri</strong></span> <span class='ocrx_word' id='word_1_207' title='bbox 2991 1592 3271 1659; x_wconf 66' lang='lat' dir='ltr'><strong>apostolici</strong></span> <span class='ocrx_word' id='word_1_208' title='bbox 3320 1605 3611 1644; x_wconf 87' lang='lat' dir='ltr'><strong>consonare</strong></span> <span class='ocrx_word' id='word_1_209' title='bbox 3658 1605 3749 1643; x_wconf 89' lang='lat' dir='ltr'><strong>non</strong></span> 
     </span>
    </p>
   </div>
   <div class='ocr_carea' id='block_1_32' title="bbox 2218 1681 3751 1750">
    <p class='ocr_par' dir='ltr' id='par_1_32' title="bbox 2218 1681 3751 1750">
     <span class='ocr_line' id='line_1_32' title="bbox 2218 1681 3751 1750; baseline -0.003 -13"><span class='ocrx_word' id='word_1_210' title='bbox 2218 1684 2513 1738; x_wconf 86' lang='lat' dir='ltr'><strong>dubitatur.</strong></span> <span class='ocrx_word' id='word_1_211' title='bbox 2569 1704 2586 1732; x_wconf 76' lang='grc' dir='ltr'><strong>ι</strong></span> <span class='ocrx_word' id='word_1_212' title='bbox 2617 1685 2672 1735; x_wconf 76' lang='lat' dir='ltr'><strong>Si</strong></span> <span class='ocrx_word' id='word_1_213' title='bbox 2698 1684 2762 1746; x_wconf 88' lang='lat' dir='ltr'><strong>is,</strong></span> <span class='ocrx_word' id='word_1_214' title='bbox 2794 1683 2988 1750; x_wconf 83' lang='lat' dir='ltr'><strong>inquit,</strong></span> <span class='ocrx_word' id='word_1_215' title='bbox 3013 1682 3105 1749; x_wconf 90' lang='lat' dir='ltr'><strong>qui</strong></span> <span class='ocrx_word' id='word_1_216' title='bbox 3129 1684 3290 1735; x_wconf 76' lang='lat' dir='ltr'><strong>frater</strong></span> <span class='ocrx_word' id='word_1_217' title='bbox 3312 1681 3751 1733; x_wconf 73' lang='lat' dir='ltr'><strong>uoiuinatm&#39;iuter</strong></span> 
     </span>
    </p>
   </div>
   <div class='ocr_carea' id='block_1_33' title="bbox 2219 1770 3748 1836">
    <p class='ocr_par' dir='ltr' id='par_1_33' title="bbox 2219 1770 3748 1836">
     <span class='ocr_line' id='line_1_33' title="bbox 2219 1770 3748 1836; baseline -0.003 -10"><span class='ocrx_word' id='word_1_218' title='bbox 2219 1789 2336 1836; x_wconf 88' lang='lat' dir='ltr'><strong>vos,</strong></span> <span class='ocrx_word' id='word_1_219' title='bbox 2363 1781 2445 1827; x_wconf 92' lang='lat' dir='ltr'><strong>est</strong></span> <span class='ocrx_word' id='word_1_220' title='bbox 2469 1772 2782 1836; x_wconf 80' lang='lat' dir='ltr'><strong>fornicator,</strong></span> <span class='ocrx_word' id='word_1_221' title='bbox 2811 1782 2903 1824; x_wconf 81' lang='lat' dir='ltr'><strong>aut</strong></span> <span class='ocrx_word' id='word_1_222' title='bbox 2930 1786 3144 1829; x_wconf 74' lang='lat' dir='ltr'><strong>avarus.</strong></span> <span class='ocrx_word' id='word_1_223' title='bbox 3179 1780 3272 1823; x_wconf 91' lang='lat' dir='ltr'><strong>aut</strong></span> <span class='ocrx_word' id='word_1_224' title='bbox 3318 1771 3474 1824; x_wconf 71' lang='lat' dir='ltr'><strong>idolis</strong></span> <span class='ocrx_word' id='word_1_225' title='bbox 3520 1770 3748 1834; x_wconf 64' lang='lat' dir='ltr'><strong>serviens,</strong></span> 
     </span>
    </p>
   </div>
   <div class='ocr_carea' id='block_1_34' title="bbox 567 1854 3749 1943">
    <p class='ocr_par' dir='ltr' id='par_1_34' title="bbox 567 1854 3749 1943">
     <span class='ocr_line' id='line_1_34' title="bbox 567 1854 3749 1943; baseline -0.005 -15"><span class='ocrx_word' id='word_1_226' title='bbox 567 1873 839 1943; x_wconf 72' lang='lat' dir='ltr'><strong>dinatione</strong></span> <span class='ocrx_word' id='word_1_227' title='bbox 866 1870 1038 1925; x_wconf 84' lang='lat' dir='ltr'><strong>sancti</strong></span> <span class='ocrx_word' id='word_1_228' title='bbox 1063 1866 1471 1937; x_wconf 71' lang='lat' dir='ltr'><strong>praedecessoris</strong></span> <span class='ocrx_word' id='word_1_229' title='bbox 1501 1863 1670 1917; x_wconf 86' lang='lat' dir='ltr'><strong>nostri</strong></span> <span class='ocrx_word' id='word_1_230' title='bbox 1710 1854 2003 1915; x_wconf 84' lang='lat' dir='ltr'><strong>Clementis</strong></span> <span class='ocrx_word' id='word_1_231' title='bbox 2042 1860 2124 1913; x_wconf 87' lang='lat' dir='ltr'><strong>in-</strong></span> <span class='ocrx_word' id='word_1_232' title='bbox 2155 1865 2198 1920; x_wconf 83' lang='grc' dir='ltr'><strong>Β</strong></span> <span class='ocrx_word' id='word_1_233' title='bbox 2224 1871 2317 1916; x_wconf 88' lang='lat' dir='ltr'><strong>aut</strong></span> <span class='ocrx_word' id='word_1_234' title='bbox 2342 1863 2657 1925; x_wconf 89' lang='lat' dir='ltr'><strong>maledicus,</strong></span> <span class='ocrx_word' id='word_1_235' title='bbox 2688 1871 2781 1915; x_wconf 90' lang='lat' dir='ltr'><strong>aut</strong></span> <span class='ocrx_word' id='word_1_236' title='bbox 2813 1861 3083 1921; x_wconf 84' lang='lat' dir='ltr'><strong>ebriosus,</strong></span> <span class='ocrx_word' id='word_1_237' title='bbox 3121 1872 3214 1912; x_wconf 85' lang='lat' dir='ltr'><strong>aut</strong></span> <span class='ocrx_word' id='word_1_238' title='bbox 3248 1876 3438 1927; x_wconf 74' lang='lat' dir='ltr'><strong>rapax,</strong></span> <span class='ocrx_word' id='word_1_239' title='bbox 3481 1875 3596 1912; x_wconf 89' lang='lat' dir='ltr'><strong>cum</strong></span> <span class='ocrx_word' id='word_1_240' title='bbox 3623 1860 3749 1927; x_wconf 86' lang='lat' dir='ltr'><strong>ejus-</strong></span> 
     </span>
    </p>
   </div>
   <div class='ocr_carea' id='block_1_35' title="bbox 567 1948 3749 2027">
    <p class='ocr_par' dir='ltr' id='par_1_35' title="bbox 567 1948 3749 2027">
     <span class='ocr_line' id='line_1_35' title="bbox 567 1948 3749 2027; baseline -0.005 -9"><span class='ocrx_word' id='word_1_241' title='bbox 567 1973 784 2018; x_wconf 89' lang='lat' dir='ltr'><strong>struens</strong></span> <span class='ocrx_word' id='word_1_242' title='bbox 808 1961 1008 2014; x_wconf 88' lang='lat' dir='ltr'><strong>elerum</strong></span> <span class='ocrx_word' id='word_1_243' title='bbox 1036 1967 1089 2012; x_wconf 91' lang='lat' dir='ltr'><strong>et</strong></span> <span class='ocrx_word' id='word_1_244' title='bbox 1113 1957 1387 2027; x_wconf 83' lang='lat' dir='ltr'><strong>pepulum,</strong></span> <span class='ocrx_word' id='word_1_245' title='bbox 1424 1954 1533 2007; x_wconf 87' lang='lat' dir='ltr'><strong>ait:</strong></span> <span class='ocrx_word' id='word_1_246' title='bbox 1563 1951 1619 2005; x_wconf 87' lang='lat' dir='ltr'><strong>Si</strong></span> <span class='ocrx_word' id='word_1_247' title='bbox 1662 1951 1915 2004; x_wconf 89' lang='lat' dir='ltr'><strong>inimicus</strong></span> <span class='ocrx_word' id='word_1_248' title='bbox 1960 1948 2121 2003; x_wconf 89' lang='lat' dir='ltr'><strong>fuerit</strong></span> <span class='ocrx_word' id='word_1_249' title='bbox 2223 1953 2366 2006; x_wconf 88' lang='lat' dir='ltr'><strong>modi</strong></span> <span class='ocrx_word' id='word_1_250' title='bbox 2402 1968 2499 2006; x_wconf 86' lang='lat' dir='ltr'><strong>nec</strong></span> <span class='ocrx_word' id='word_1_251' title='bbox 2525 1952 2704 2006; x_wconf 89' lang='lat' dir='ltr'><strong>cibum</strong></span> <span class='ocrx_word' id='word_1_252' title='bbox 2736 1966 2948 2007; x_wconf 88' lang='lat' dir='ltr'><strong>sumere</strong></span> <span class='ocrx_word' id='word_1_253' title='bbox 2974 1949 3026 2015; x_wconf 91' lang='grc'>(1</span> <span class='ocrx_word' id='word_1_254' title='bbox 3065 1950 3184 2002; x_wconf 80' lang='lat' dir='ltr'><strong>Cor.</strong></span> <span class='ocrx_word' id='word_1_255' title='bbox 3218 1952 3291 2017; x_wconf 86' lang='lat' dir='ltr'><strong>v).</strong></span> <span class='ocrx_word' id='word_1_256' title='bbox 3328 1969 3345 1999; x_wconf 75' lang='grc' dir='ltr'><strong>ι</strong></span> <span class='ocrx_word' id='word_1_257' title='bbox 3392 1948 3651 2009; x_wconf 74' lang='lat' dir='ltr'><strong>Videlicet,</strong></span> <span class='ocrx_word' id='word_1_258' title='bbox 3671 1948 3749 2016; x_wconf 84' lang='lat' dir='ltr'><strong>qui</strong></span> 
     </span>
    </p>
   </div>
   <div class='ocr_carea' id='block_1_36' title="bbox 567 2039 2113 2115">
    <p class='ocr_par' dir='ltr' id='par_1_36' title="bbox 567 2039 2113 2115">
     <span class='ocr_line' id='line_1_36' title="bbox 567 2039 2113 2115; baseline -0.01 -11"><span class='ocrx_word' id='word_1_259' title='bbox 567 2051 813 2106; x_wconf 79' lang='lat' dir='ltr'><strong>Clemens</strong></span> <span class='ocrx_word' id='word_1_260' title='bbox 849 2048 1007 2101; x_wconf 86' lang='lat' dir='ltr'><strong>alicui</strong></span> <span class='ocrx_word' id='word_1_261' title='bbox 1048 2061 1144 2115; x_wconf 89' lang='lat' dir='ltr'><strong>pro</strong></span> <span class='ocrx_word' id='word_1_262' title='bbox 1175 2045 1383 2098; x_wconf 89' lang='lat' dir='ltr'><strong>actibus</strong></span> <span class='ocrx_word' id='word_1_263' title='bbox 1423 2042 1554 2105; x_wconf 89' lang='lat' dir='ltr'><strong>suis,</strong></span> <span class='ocrx_word' id='word_1_264' title='bbox 1602 2055 1698 2094; x_wconf 74' lang='lat' dir='ltr'><strong>vos</strong></span> <span class='ocrx_word' id='word_1_265' title='bbox 1731 2039 1892 2093; x_wconf 89' lang='lat' dir='ltr'><strong>nolite</strong></span> <span class='ocrx_word' id='word_1_266' title='bbox 1934 2054 2113 2107; x_wconf 82' lang='lat' dir='ltr'><strong>exspe-</strong></span> 
     </span>
    </p>
   </div>
   <div class='ocr_carea' id='block_1_37' title="bbox 2214 2039 3749 2115">
    <p class='ocr_par' dir='ltr' id='par_1_37' title="bbox 2223 2039 3749 2111">
     <span class='ocr_line' id='line_1_37' title="bbox 2223 2039 3749 2111; baseline -0.002 -16"><span class='ocrx_word' id='word_1_267' title='bbox 2223 2042 2431 2105; x_wconf 88' lang='lat' dir='ltr'><strong>nolunt,</strong></span> <span class='ocrx_word' id='word_1_268' title='bbox 2476 2043 2629 2111; x_wconf 76' lang='lat' dir='ltr'><strong>juxta</strong></span> <span class='ocrx_word' id='word_1_269' title='bbox 2678 2041 3073 2095; x_wconf 87' lang='lat' dir='ltr'><strong>ecclesiasticas</strong></span> <span class='ocrx_word' id='word_1_270' title='bbox 3122 2040 3448 2103; x_wconf 83' lang='lat' dir='ltr'><strong>sanctiones,</strong></span> <span class='ocrx_word' id='word_1_271' title='bbox 3485 2039 3749 2103; x_wconf 81' lang='lat' dir='ltr'><strong>emendari,</strong></span> 
     </span>
    </p>
   </div>
   <div class='ocr_carea' id='block_1_38' title="bbox 570 2126 3611 2205">
    <p class='ocr_par' dir='ltr' id='par_1_38' title="bbox 570 2126 3611 2205">
     <span class='ocr_line' id='line_1_38' title="bbox 570 2126 3611 2205; baseline -0.003 -13"><span class='ocrx_word' id='word_1_272' title='bbox 570 2148 715 2193; x_wconf 89' lang='lat' dir='ltr'><strong>ctare</strong></span> <span class='ocrx_word' id='word_1_273' title='bbox 739 2146 798 2191; x_wconf 90' lang='lat' dir='ltr'><strong>ut</strong></span> <span class='ocrx_word' id='word_1_274' title='bbox 819 2138 932 2205; x_wconf 89' lang='lat' dir='ltr'><strong>ipse</strong></span> <span class='ocrx_word' id='word_1_275' title='bbox 956 2136 1109 2190; x_wconf 88' lang='lat' dir='ltr'><strong>vobis</strong></span> <span class='ocrx_word' id='word_1_276' title='bbox 1123 2135 1266 2189; x_wconf 89' lang='lat' dir='ltr'><strong>dicat</strong></span> <span class='ocrx_word' id='word_1_277' title='bbox 1291 2152 1301 2185; x_wconf 91' lang='lat'>:</span> <span class='ocrx_word' id='word_1_278' title='bbox 1326 2132 1462 2185; x_wconf 89' lang='lat' dir='ltr'><strong>Cum</strong></span> <span class='ocrx_word' id='word_1_279' title='bbox 1484 2130 1573 2183; x_wconf 91' lang='lat' dir='ltr'><strong>illo</strong></span> <span class='ocrx_word' id='word_1_280' title='bbox 1597 2130 1759 2183; x_wconf 84' lang='lat' dir='ltr'><strong>nolite</strong></span> <span class='ocrx_word' id='word_1_281' title='bbox 1786 2126 1945 2182; x_wconf 88' lang='lat' dir='ltr'><strong>amici</strong></span> <span class='ocrx_word' id='word_1_282' title='bbox 1969 2142 2119 2191; x_wconf 87' lang='lat' dir='ltr'><strong>esse;</strong></span> <span class='ocrx_word' id='word_1_283' title='bbox 2220 2131 2344 2186; x_wconf 85' lang='lat' dir='ltr'><strong>licet</strong></span> <span class='ocrx_word' id='word_1_284' title='bbox 2367 2132 2531 2186; x_wconf 86' lang='lat' dir='ltr'><strong>certis</strong></span> <span class='ocrx_word' id='word_1_285' title='bbox 2559 2140 2612 2185; x_wconf 85' lang='lat' dir='ltr'><strong>et</strong></span> <span class='ocrx_word' id='word_1_286' title='bbox 2638 2132 2866 2199; x_wconf 83' lang='lat' dir='ltr'><strong>publicis</strong></span> <span class='ocrx_word' id='word_1_287' title='bbox 2894 2128 3213 2184; x_wconf 71' lang='lat' dir='ltr'><strong>criminibus</strong></span> <span class='ocrx_word' id='word_1_288' title='bbox 3244 2130 3352 2181; x_wconf 78' lang='lat' dir='ltr'><strong>sint</strong></span> <span class='ocrx_word' id='word_1_289' title='bbox 3376 2129 3611 2198; x_wconf 84' lang='lat' dir='ltr'><strong>obligati.</strong></span> 
     </span>
    </p>
   </div>
   <div class='ocr_carea' id='block_1_39' title="bbox 570 2216 3750 2293">
    <p class='ocr_par' dir='ltr' id='par_1_39' title="bbox 570 2216 3750 2293">
     <span class='ocr_line' id='line_1_39' title="bbox 570 2216 3750 2293; baseline -0.005 -12"><span class='ocrx_word' id='word_1_290' title='bbox 570 2228 663 2281; x_wconf 85' lang='lat' dir='ltr'><strong>sed</strong></span> <span class='ocrx_word' id='word_1_291' title='bbox 704 2227 988 2280; x_wconf 83' lang='lat' dir='ltr'><strong>observare</strong></span> <span class='ocrx_word' id='word_1_292' title='bbox 1016 2223 1303 2293; x_wconf 88' lang='lat' dir='ltr'><strong>prudenter</strong></span> <span class='ocrx_word' id='word_1_293' title='bbox 1341 2220 1563 2284; x_wconf 82' lang='lat' dir='ltr'><strong>debetis,</strong></span> <span class='ocrx_word' id='word_1_294' title='bbox 1609 2226 1663 2271; x_wconf 91' lang='lat' dir='ltr'><strong>ct</strong></span> <span class='ocrx_word' id='word_1_295' title='bbox 1707 2216 1964 2271; x_wconf 67' lang='lat' dir='ltr'><strong>voluntati</strong></span> <span class='ocrx_word' id='word_1_296' title='bbox 2006 2216 2145 2283; x_wconf 61' lang='lat' dir='ltr'><strong>ejus’</strong></span> <span class='ocrx_word' id='word_1_297' title='bbox 2292 2221 2422 2274; x_wconf 88' lang='lat' dir='ltr'><strong>Item</strong></span> <span class='ocrx_word' id='word_1_298' title='bbox 2450 2222 2517 2273; x_wconf 87' lang='lat' dir='ltr'><strong>ad</strong></span> <span class='ocrx_word' id='word_1_299' title='bbox 2541 2220 3087 2275; x_wconf 87' lang='lat' dir='ltr'><strong>Thessalonicenscs:</strong></span> <span class='ocrx_word' id='word_1_300' title='bbox 3133 2238 3151 2267; x_wconf 77' lang='grc' dir='ltr'><strong>ι</strong></span> <span class='ocrx_word' id='word_1_301' title='bbox 3175 2218 3563 2272; x_wconf 87' lang='lat' dir='ltr'><strong>Denuntiamus</strong></span> <span class='ocrx_word' id='word_1_302' title='bbox 3598 2226 3750 2272; x_wconf 80' lang='lat' dir='ltr'><strong>autem</strong></span> 
     </span>
    </p>
   </div>
   <div class='ocr_carea' id='block_1_40' title="bbox 570 2303 3753 2384">
    <p class='ocr_par' dir='ltr' id='par_1_40' title="bbox 570 2303 3753 2384">
     <span class='ocr_line' id='line_1_40' title="bbox 570 2303 3753 2384; baseline -0.003 -14"><span class='ocrx_word' id='word_1_303' title='bbox 570 2317 773 2384; x_wconf 84' lang='lat' dir='ltr'><strong>absque</strong></span> <span class='ocrx_word' id='word_1_304' title='bbox 788 2313 1205 2369; x_wconf 89' lang='lat' dir='ltr'><strong>commutatione</strong></span> <span class='ocrx_word' id='word_1_305' title='bbox 1219 2308 1688 2381; x_wconf 81' lang='lat' dir='ltr'><strong>[eommonitione,</strong></span> <span class='ocrx_word' id='word_1_306' title='bbox 1719 2307 1794 2358; x_wconf 84' lang='lat' dir='ltr'><strong>sic</strong></span> <span class='ocrx_word' id='word_1_307' title='bbox 1835 2305 1982 2358; x_wconf 85' lang='lat' dir='ltr'><strong>Rom.</strong></span> <span class='ocrx_word' id='word_1_308' title='bbox 2014 2303 2124 2374; x_wconf 64' lang='lat' dir='ltr'><strong>ett}</strong></span> <span class='ocrx_word' id='word_1_309' title='bbox 2222 2310 2396 2373; x_wconf 82' lang='lat' dir='ltr'><strong>vobis,</strong></span> <span class='ocrx_word' id='word_1_310' title='bbox 2432 2308 2645 2373; x_wconf 78' lang='lat' dir='ltr'><strong>fratres,</strong></span> <span class='ocrx_word' id='word_1_311' title='bbox 2681 2310 2736 2363; x_wconf 90' lang='lat' dir='ltr'><strong>in</strong></span> <span class='ocrx_word' id='word_1_312' title='bbox 2774 2308 2991 2362; x_wconf 90' lang='lat' dir='ltr'><strong>nomine</strong></span> <span class='ocrx_word' id='word_1_313' title='bbox 3019 2307 3239 2360; x_wconf 88' lang='lat' dir='ltr'><strong>Domiui&#39;</strong></span> <span class='ocrx_word' id='word_1_314' title='bbox 3271 2310 3441 2366; x_wconf 89' lang='lat' dir='ltr'><strong>nostri</strong></span> <span class='ocrx_word' id='word_1_315' title='bbox 3468 2307 3589 2362; x_wconf 80' lang='lat' dir='ltr'><strong>Jesu</strong></span> <span class='ocrx_word' id='word_1_316' title='bbox 3620 2306 3753 2361; x_wconf 73' lang='grc' dir='ltr'><strong>(ἶΙιςίο</strong></span> 
     </span>
    </p>
   </div>
   <div class='ocr_carea' id='block_1_41' title="bbox 571 2394 3752 2468">
    <p class='ocr_par' dir='ltr' id='par_1_41' title="bbox 571 2394 3752 2468">
     <span class='ocr_line' id='line_1_41' title="bbox 571 2394 3752 2468; baseline -0.002 -11"><span class='ocrx_word' id='word_1_317' title='bbox 571 2404 957 2468; x_wconf 88' lang='lat' dir='ltr'><strong>obsecundare,</strong></span> <span class='ocrx_word' id='word_1_318' title='bbox 986 2412 1040 2456; x_wconf 92' lang='lat' dir='ltr'><strong>et</strong></span> <span class='ocrx_word' id='word_1_319' title='bbox 1066 2411 1307 2455; x_wconf 84' lang='lat' dir='ltr'><strong>avertere</strong></span> <span class='ocrx_word' id='word_1_320' title='bbox 1330 2414 1426 2452; x_wconf 72' lang='lat' dir='ltr'><strong>vos</strong></span> <span class='ocrx_word' id='word_1_321' title='bbox 1451 2398 1518 2451; x_wconf 84' lang='lat' dir='ltr'><strong>ab</strong></span> <span class='ocrx_word' id='word_1_322' title='bbox 1541 2414 1605 2451; x_wconf 73' lang='grc' dir='ltr'>ρο</span> <span class='ocrx_word' id='word_1_323' title='bbox 1633 2398 1718 2451; x_wconf 80' lang='lat' dir='ltr'><strong>cui</strong></span> <span class='ocrx_word' id='word_1_324' title='bbox 1750 2396 1925 2463; x_wconf 78' lang='lat' dir='ltr'><strong>ipsum</strong></span> <span class='ocrx_word' id='word_1_325' title='bbox 1960 2394 2124 2449; x_wconf 74' lang='lat' dir='ltr'><strong>sellli-</strong></span> <span class='ocrx_word' id='word_1_326' title='bbox 2225 2401 2312 2463; x_wconf 91' lang='lat' dir='ltr'><strong>sti,</strong></span> <span class='ocrx_word' id='word_1_327' title='bbox 2360 2408 2418 2452; x_wconf 92' lang='lat' dir='ltr'><strong>ut</strong></span> <span class='ocrx_word' id='word_1_328' title='bbox 2470 2400 2802 2453; x_wconf 77' lang='lat' dir='ltr'><strong>subtralzatis</strong></span> <span class='ocrx_word' id='word_1_329' title='bbox 2852 2414 2948 2452; x_wconf 78' lang='lat' dir='ltr'><strong>vos</strong></span> <span class='ocrx_word' id='word_1_330' title='bbox 2977 2398 3046 2452; x_wconf 90' lang='lat' dir='ltr'><strong>ab</strong></span> <span class='ocrx_word' id='word_1_331' title='bbox 3085 2399 3233 2451; x_wconf 89' lang='lat' dir='ltr'><strong>omni</strong></span> <span class='ocrx_word' id='word_1_332' title='bbox 3270 2397 3436 2451; x_wconf 78' lang='lat' dir='ltr'><strong>fratre</strong></span> <span class='ocrx_word' id='word_1_333' title='bbox 3479 2399 3752 2451; x_wconf 86' lang='lat' dir='ltr'><strong>ambulante</strong></span> 
     </span>
    </p>
   </div>
   <div class='ocr_carea' id='block_1_42' title="bbox 573 2484 3754 2559">
    <p class='ocr_par' dir='ltr' id='par_1_42' title="bbox 573 2484 3754 2559">
     <span class='ocr_line' id='line_1_42' title="bbox 573 2484 3754 2559; baseline -0.004 -9"><span class='ocrx_word' id='word_1_334' title='bbox 573 2496 641 2550; x_wconf 86' lang='lat' dir='ltr'><strong>tis</strong></span> <span class='ocrx_word' id='word_1_335' title='bbox 667 2496 979 2559; x_wconf 84' lang='lat' dir='ltr'><strong>adversum;</strong></span> <span class='ocrx_word' id='word_1_336' title='bbox 1017 2492 1109 2546; x_wconf 83' lang='lat' dir='ltr'><strong>sed</strong></span> <span class='ocrx_word' id='word_1_337' title='bbox 1139 2506 1237 2545; x_wconf 90' lang='lat' dir='ltr'><strong>nec</strong></span> <span class='ocrx_word' id='word_1_338' title='bbox 1260 2489 1406 2558; x_wconf 85' lang='lat' dir='ltr'><strong>loqui</strong></span> <span class='ocrx_word' id='word_1_339' title='bbox 1436 2489 1521 2541; x_wconf 90' lang='lat' dir='ltr'><strong>his</strong></span> <span class='ocrx_word' id='word_1_340' title='bbox 1545 2488 1741 2555; x_wconf 85' lang='lat' dir='ltr'><strong>quibus</strong></span> <span class='ocrx_word' id='word_1_341' title='bbox 1768 2487 1881 2553; x_wconf 91' lang='lat' dir='ltr'><strong>ipse</strong></span> <span class='ocrx_word' id='word_1_342' title='bbox 1905 2500 2013 2537; x_wconf 92' lang='lat' dir='ltr'><strong>non</strong></span> <span class='ocrx_word' id='word_1_343' title='bbox 2043 2484 2123 2538; x_wconf 81' lang='grc' dir='ltr'><strong>ιο·</strong></span> <span class='ocrx_word' id='word_1_344' title='bbox 2226 2489 2527 2543; x_wconf 85' lang='lat' dir='ltr'><strong>inordinate</strong></span> <span class='ocrx_word' id='word_1_345' title='bbox 2553 2497 2606 2541; x_wconf 89' lang='lat' dir='ltr'><strong>et</strong></span> <span class='ocrx_word' id='word_1_346' title='bbox 2636 2503 2743 2541; x_wconf 90' lang='lat' dir='ltr'><strong>non</strong></span> <span class='ocrx_word' id='word_1_347' title='bbox 2779 2488 3075 2541; x_wconf 85' lang='lat' dir='ltr'><strong>secundum</strong></span> <span class='ocrx_word' id='word_1_348' title='bbox 3107 2487 3448 2541; x_wconf 88' lang='lat' dir='ltr'><strong>traditionem</strong></span> <span class='ocrx_word' id='word_1_349' title='bbox 3484 2503 3637 2555; x_wconf 89' lang='lat' dir='ltr'><strong>quam</strong></span> <span class='ocrx_word' id='word_1_350' title='bbox 3676 2502 3754 2539; x_wconf 87' lang='lat' dir='ltr'><strong>ae-</strong></span> 
     </span>
    </p>
   </div>
   <div class='ocr_carea' id='block_1_43' title="bbox 573 2571 2113 2652">
    <p class='ocr_par' dir='ltr' id='par_1_43' title="bbox 573 2571 2113 2652">
     <span class='ocr_line' id='line_1_43' title="bbox 573 2571 2113 2652; baseline -0.01 -16"><span class='ocrx_word' id='word_1_351' title='bbox 573 2583 777 2652; x_wconf 88' lang='lat' dir='ltr'><strong>quitur,</strong></span> <span class='ocrx_word' id='word_1_352' title='bbox 816 2589 876 2634; x_wconf 90' lang='lat' dir='ltr'><strong>ut</strong></span> <span class='ocrx_word' id='word_1_353' title='bbox 909 2577 1282 2645; x_wconf 86' lang='lat' dir='ltr'><strong>unusquisque</strong></span> <span class='ocrx_word' id='word_1_354' title='bbox 1307 2576 1398 2643; x_wconf 90' lang='lat' dir='ltr'><strong>qui</strong></span> <span class='ocrx_word' id='word_1_355' title='bbox 1427 2576 1479 2625; x_wconf 91' lang='lat' dir='ltr'><strong>in</strong></span> <span class='ocrx_word' id='word_1_356' title='bbox 1512 2574 1666 2639; x_wconf 84' lang='lat' dir='ltr'><strong>culpa</strong></span> <span class='ocrx_word' id='word_1_357' title='bbox 1691 2580 1791 2636; x_wconf 90' lang='lat' dir='ltr'><strong>est,</strong></span> <span class='ocrx_word' id='word_1_358' title='bbox 1825 2571 1952 2624; x_wconf 89' lang='lat' dir='ltr'><strong>dum</strong></span> <span class='ocrx_word' id='word_1_359' title='bbox 1984 2571 2113 2639; x_wconf 71' lang='lat' dir='ltr'><strong>cupit</strong></span> 
     </span>
    </p>
   </div>
   <div class='ocr_carea' id='block_1_44' title="bbox 2214 2571 3750 2652">
    <p class='ocr_par' dir='ltr' id='par_1_44' title="bbox 2227 2576 3750 2646">
     <span class='ocr_line' id='line_1_44' title="bbox 2227 2576 3750 2646; baseline -0.001 -15"><span class='ocrx_word' id='word_1_360' title='bbox 2227 2585 2486 2646; x_wconf 82' lang='lat' dir='ltr'><strong>ceperunt</strong></span> <span class='ocrx_word' id='word_1_361' title='bbox 2518 2594 2547 2631; x_wconf 91' lang='lat' dir='ltr'><strong>a</strong></span> <span class='ocrx_word' id='word_1_362' title='bbox 2583 2578 2739 2632; x_wconf 83' lang='lat' dir='ltr'><strong>nobis</strong></span> <span class='ocrx_word' id='word_1_363' title='bbox 2778 2576 2864 2645; x_wconf 89' lang='lat' dir='ltr'><strong>(ll</strong></span> <span class='ocrx_word' id='word_1_364' title='bbox 2904 2576 3077 2630; x_wconf 80' lang='lat' dir='ltr'><strong>Thess.</strong></span> <span class='ocrx_word' id='word_1_365' title='bbox 3109 2581 3210 2646; x_wconf 80' lang='grc' dir='ltr'>ιιι).</span> <span class='ocrx_word' id='word_1_366' title='bbox 3246 2596 3263 2627; x_wconf 77' lang='grc' dir='ltr'><strong>ι</strong></span> <span class='ocrx_word' id='word_1_367' title='bbox 3306 2576 3372 2629; x_wconf 84' lang='grc' dir='ltr'>Ει</span> <span class='ocrx_word' id='word_1_368' title='bbox 3417 2578 3572 2645; x_wconf 86' lang='lat' dir='ltr'><strong>paulo</strong></span> <span class='ocrx_word' id='word_1_369' title='bbox 3610 2584 3750 2644; x_wconf 88' lang='lat' dir='ltr'><strong>post:</strong></span> 
     </span>
    </p>
   </div>
   <div class='ocr_carea' id='block_1_45' title="bbox 573 2662 3752 2735">
    <p class='ocr_par' dir='ltr' id='par_1_45' title="bbox 573 2662 3752 2735">
     <span class='ocr_line' id='line_1_45' title="bbox 573 2662 3752 2735; baseline -0.003 -8"><span class='ocrx_word' id='word_1_370' title='bbox 573 2673 816 2728; x_wconf 88' lang='lat' dir='ltr'><strong>omnium</strong></span> <span class='ocrx_word' id='word_1_371' title='bbox 852 2677 1087 2724; x_wconf 84' lang='lat' dir='ltr'><strong>vestrum</strong></span> <span class='ocrx_word' id='word_1_372' title='bbox 1113 2666 1376 2721; x_wconf 88' lang='lat' dir='ltr'><strong>amicitias</strong></span> <span class='ocrx_word' id='word_1_373' title='bbox 1400 2663 1558 2727; x_wconf 84' lang='lat' dir='ltr'><strong>ferre,</strong></span> <span class='ocrx_word' id='word_1_374' title='bbox 1597 2663 1809 2716; x_wconf 87' lang='lat' dir='ltr'><strong>festinet</strong></span> <span class='ocrx_word' id='word_1_375' title='bbox 1844 2662 2005 2715; x_wconf 88' lang='lat' dir='ltr'><strong>citius</strong></span> <span class='ocrx_word' id='word_1_376' title='bbox 2051 2676 2131 2714; x_wconf 83' lang='lat' dir='ltr'><strong>re-</strong></span> <span class='ocrx_word' id='word_1_377' title='bbox 2235 2686 2252 2718; x_wconf 81' lang='grc' dir='ltr'><strong>ι</strong></span> <span class='ocrx_word' id='word_1_378' title='bbox 2286 2665 2342 2719; x_wconf 87' lang='lat' dir='ltr'><strong>Si</strong></span> <span class='ocrx_word' id='word_1_379' title='bbox 2371 2668 2493 2735; x_wconf 90' lang='lat' dir='ltr'><strong>quis</strong></span> <span class='ocrx_word' id='word_1_380' title='bbox 2529 2682 2634 2720; x_wconf 92' lang='lat' dir='ltr'><strong>non</strong></span> <span class='ocrx_word' id='word_1_381' title='bbox 2673 2668 2851 2721; x_wconf 88' lang='lat' dir='ltr'><strong>obedit</strong></span> <span class='ocrx_word' id='word_1_382' title='bbox 2893 2668 3058 2719; x_wconf 83' lang='lat' dir='ltr'><strong>verbo</strong></span> <span class='ocrx_word' id='word_1_383' title='bbox 3111 2675 3318 2731; x_wconf 86' lang='lat' dir='ltr'><strong>nostro,</strong></span> <span class='ocrx_word' id='word_1_384' title='bbox 3370 2682 3463 2735; x_wconf 89' lang='lat' dir='ltr'><strong>per</strong></span> <span class='ocrx_word' id='word_1_385' title='bbox 3503 2667 3752 2734; x_wconf 84' lang='lat' dir='ltr'><strong>epistolam</strong></span> 
     </span>
    </p>
   </div>
   <div class='ocr_carea' id='block_1_46' title="bbox 572 2751 2113 2827">
    <p class='ocr_par' dir='ltr' id='par_1_46' title="bbox 572 2751 2113 2827">
     <span class='ocr_line' id='line_1_46' title="bbox 572 2751 2113 2827; baseline -0.011 -10"><span class='ocrx_word' id='word_1_386' title='bbox 572 2760 849 2819; x_wconf 89' lang='lat' dir='ltr'><strong>conciliari</strong></span> <span class='ocrx_word' id='word_1_387' title='bbox 878 2760 929 2813; x_wconf 90' lang='lat' dir='ltr'><strong>ei</strong></span> <span class='ocrx_word' id='word_1_388' title='bbox 962 2758 1054 2827; x_wconf 90' lang='lat' dir='ltr'><strong>qui</strong></span> <span class='ocrx_word' id='word_1_389' title='bbox 1084 2757 1334 2810; x_wconf 83' lang='lat' dir='ltr'><strong>omnibus</strong></span> <span class='ocrx_word' id='word_1_390' title='bbox 1370 2761 1589 2823; x_wconf 68' lang='lat' dir='ltr'><strong>pl‘tBCSl;</strong></span> <span class='ocrx_word' id='word_1_391' title='bbox 1617 2760 1669 2805; x_wconf 88' lang='lat' dir='ltr'><strong>ct</strong></span> <span class='ocrx_word' id='word_1_392' title='bbox 1696 2765 1788 2820; x_wconf 83' lang='lat' dir='ltr'><strong>per</strong></span> <span class='ocrx_word' id='word_1_393' title='bbox 1817 2751 1920 2805; x_wconf 88' lang='lat' dir='ltr'><strong>hoc</strong></span> <span class='ocrx_word' id='word_1_394' title='bbox 1948 2751 2113 2804; x_wconf 60' lang='lat' dir='ltr'><strong>redea;</strong></span> 
     </span>
    </p>
   </div>
   <div class='ocr_carea' id='block_1_47' title="bbox 2214 2751 3752 2827">
    <p class='ocr_par' dir='ltr' id='par_1_47' title="bbox 2228 2757 3752 2822">
     <span class='ocr_line' id='line_1_47' title="bbox 2228 2757 3752 2822; baseline -0.002 -12"><span class='ocrx_word' id='word_1_395' title='bbox 2228 2757 2372 2811; x_wconf 89' lang='lat' dir='ltr'><strong>hunc</strong></span> <span class='ocrx_word' id='word_1_396' title='bbox 2399 2765 2600 2822; x_wconf 82' lang='lat' dir='ltr'><strong>notate,</strong></span> <span class='ocrx_word' id='word_1_397' title='bbox 2624 2765 2677 2809; x_wconf 91' lang='lat' dir='ltr'><strong>et</strong></span> <span class='ocrx_word' id='word_1_398' title='bbox 2707 2772 2772 2810; x_wconf 84' lang='lat' dir='ltr'><strong>ne</strong></span> <span class='ocrx_word' id='word_1_399' title='bbox 2800 2757 3261 2811; x_wconf 87' lang='lat' dir='ltr'><strong>commisceamini</strong></span> <span class='ocrx_word' id='word_1_400' title='bbox 3288 2772 3411 2810; x_wconf 89' lang='lat' dir='ltr'><strong>cum</strong></span> <span class='ocrx_word' id='word_1_401' title='bbox 3439 2757 3546 2819; x_wconf 90' lang='lat' dir='ltr'><strong>illo,</strong></span> <span class='ocrx_word' id='word_1_402' title='bbox 3570 2763 3623 2808; x_wconf 92' lang='lat' dir='ltr'><strong>ut</strong></span> <span class='ocrx_word' id='word_1_403' title='bbox 3639 2771 3752 2808; x_wconf 89' lang='lat' dir='ltr'><strong>con—</strong></span> 
     </span>
    </p>
   </div>
   <div class='ocr_carea' id='block_1_48' title="bbox 572 2839 2113 2916">
    <p class='ocr_par' dir='ltr' id='par_1_48' title="bbox 572 2839 2113 2912">
     <span class='ocr_line' id='line_1_48' title="bbox 572 2839 2113 2912; baseline -0.008 -8"><span class='ocrx_word' id='word_1_404' title='bbox 572 2850 640 2904; x_wconf 82' lang='lat' dir='ltr'><strong>ad</strong></span> <span class='ocrx_word' id='word_1_405' title='bbox 661 2850 907 2912; x_wconf 87' lang='lat' dir='ltr'><strong>salutem,</strong></span> <span class='ocrx_word' id='word_1_406' title='bbox 924 2863 1046 2902; x_wconf 91' lang='lat' dir='ltr'><strong>cum</strong></span> <span class='ocrx_word' id='word_1_407' title='bbox 1067 2845 1283 2900; x_wconf 90' lang='lat' dir='ltr'><strong>obedire</strong></span> <span class='ocrx_word' id='word_1_408' title='bbox 1298 2842 1517 2911; x_wconf 66' lang='lat' dir='ltr'><strong>coeperit</strong></span> <span class='ocrx_word' id='word_1_409' title='bbox 1533 2840 1751 2894; x_wconf 85' lang='lat' dir='ltr'><strong>monitis</strong></span> <span class='ocrx_word' id='word_1_410' title='bbox 1775 2839 2113 2907; x_wconf 64' lang='lat' dir='ltr'><strong>praesidentis</strong></span> 
     </span>
    </p>
   </div>
   <div class='ocr_carea' id='block_1_49' title="bbox 2214 2839 3755 2916">
    <p class='ocr_par' dir='ltr' id='par_1_49' title="bbox 2229 2842 3755 2916">
     <span class='ocr_line' id='line_1_49' title="bbox 2229 2842 3755 2916; baseline -0.003 -17"><span class='ocrx_word' id='word_1_411' title='bbox 2229 2846 2485 2900; x_wconf 85' lang='lat' dir='ltr'><strong>fundatur</strong></span> <span class='ocrx_word' id='word_1_412' title='bbox 2513 2844 2721 2915; x_wconf 82' lang='lat' dir='ltr'><strong>(Ibid.).</strong></span> <span class='ocrx_word' id='word_1_413' title='bbox 2756 2865 2773 2896; x_wconf 81' lang='grc' dir='ltr'><strong>ι</strong></span> <span class='ocrx_word' id='word_1_414' title='bbox 2823 2846 2958 2900; x_wconf 91' lang='lat' dir='ltr'><strong>Cum</strong></span> <span class='ocrx_word' id='word_1_415' title='bbox 3001 2847 3199 2915; x_wconf 86' lang='lat' dir='ltr'><strong>quibus</strong></span> <span class='ocrx_word' id='word_1_416' title='bbox 3230 2847 3395 2916; x_wconf 83' lang='lat' dir='ltr'><strong>igitur</strong></span> <span class='ocrx_word' id='word_1_417' title='bbox 3418 2845 3686 2913; x_wconf 75' lang='lat' dir='ltr'><strong>Apostolus</strong></span> <span class='ocrx_word' id='word_1_418' title='bbox 3709 2842 3755 2894; x_wconf 84' lang='lat' dir='ltr'><strong>fi-</strong></span> 
     </span>
    </p>
   </div>
   <div class='ocr_carea' id='block_1_50' title="bbox 578 2928 2113 3004">
    <p class='ocr_par' dir='ltr' id='par_1_50' title="bbox 578 2928 2113 3004">
     <span class='ocr_line' id='line_1_50' title="bbox 578 2928 2113 3004; baseline -0.008 -13"><span class='ocrx_word' id='word_1_419' title='bbox 578 2938 636 2991; x_wconf 87' lang='lat' dir='ltr'><strong>Si</strong></span> <span class='ocrx_word' id='word_1_420' title='bbox 663 2953 792 2991; x_wconf 88' lang='lat' dir='ltr'><strong>vero</strong></span> <span class='ocrx_word' id='word_1_421' title='bbox 816 2937 941 3004; x_wconf 89' lang='lat' dir='ltr'><strong>quis</strong></span> <span class='ocrx_word' id='word_1_422' title='bbox 979 2935 1187 2989; x_wconf 89' lang='lat' dir='ltr'><strong>amicus</strong></span> <span class='ocrx_word' id='word_1_423' title='bbox 1215 2932 1372 2986; x_wconf 88' lang='lat' dir='ltr'><strong>fuerit</strong></span> <span class='ocrx_word' id='word_1_424' title='bbox 1400 2933 1503 2995; x_wconf 89' lang='lat' dir='ltr'><strong>his,</strong></span> <span class='ocrx_word' id='word_1_425' title='bbox 1534 2932 1735 2999; x_wconf 84' lang='lat' dir='ltr'><strong>quibus</strong></span> <span class='ocrx_word' id='word_1_426' title='bbox 1761 2931 1877 2997; x_wconf 91' lang='lat' dir='ltr'><strong>ipse</strong></span> <span class='ocrx_word' id='word_1_427' title='bbox 1912 2944 2020 2981; x_wconf 91' lang='lat' dir='ltr'><strong>non</strong></span> <span class='ocrx_word' id='word_1_428' title='bbox 2051 2928 2113 2979; x_wconf 83' lang='lat' dir='ltr'><strong>lo</strong></span> 
     </span>
    </p>
   </div>
   <div class='ocr_carea' id='block_1_51' title="bbox 2214 2928 3754 3004">
    <p class='ocr_par' dir='ltr' id='par_1_51' title="bbox 2229 2934 3754 3003">
     <span class='ocr_line' id='line_1_51' title="bbox 2229 2934 3754 3003; baseline -0.003 -15"><span class='ocrx_word' id='word_1_429' title='bbox 2229 2936 2374 2988; x_wconf 84' lang='lat' dir='ltr'><strong>deles</strong></span> <span class='ocrx_word' id='word_1_430' title='bbox 2409 2950 2507 2988; x_wconf 90' lang='lat' dir='ltr'><strong>nec</strong></span> <span class='ocrx_word' id='word_1_431' title='bbox 2535 2936 2866 3003; x_wconf 86' lang='lat' dir='ltr'><strong>corporalem</strong></span> <span class='ocrx_word' id='word_1_432' title='bbox 2895 2936 3075 2989; x_wconf 85' lang='lat' dir='ltr'><strong>cibum</strong></span> <span class='ocrx_word' id='word_1_433' title='bbox 3106 2947 3321 2991; x_wconf 85' lang='lat' dir='ltr'><strong>sumere</strong></span> <span class='ocrx_word' id='word_1_434' title='bbox 3343 2934 3610 3002; x_wconf 87' lang='lat' dir='ltr'><strong>permittit,</strong></span> <span class='ocrx_word' id='word_1_435' title='bbox 3639 2940 3703 2993; x_wconf 89' lang='lat' dir='ltr'><strong>et,</strong></span> <span class='ocrx_word' id='word_1_436' title='bbox 3729 2948 3754 2984; x_wconf 76' lang='grc' dir='ltr'><strong>ιι</strong></span> 
     </span>
    </p>
   </div>
   <div class='ocr_carea' id='block_1_52' title="bbox 576 3015 2113 3097">
    <p class='ocr_par' dir='ltr' id='par_1_52' title="bbox 576 3015 2113 3097">
     <span class='ocr_line' id='line_1_52' title="bbox 576 3015 2113 3097; baseline -0.008 -17"><span class='ocrx_word' id='word_1_437' title='bbox 576 3028 762 3097; x_wconf 88' lang='lat' dir='ltr'><strong>quitur</strong></span> <span class='ocrx_word' id='word_1_438' title='bbox 789 3025 1011 3096; x_wconf 88' lang='lat' dir='ltr'><strong>[quibus</strong></span> <span class='ocrx_word' id='word_1_439' title='bbox 1038 3024 1151 3092; x_wconf 90' lang='lat' dir='ltr'><strong>ipse</strong></span> <span class='ocrx_word' id='word_1_440' title='bbox 1180 3021 1385 3076; x_wconf 90' lang='lat' dir='ltr'><strong>amicus</strong></span> <span class='ocrx_word' id='word_1_441' title='bbox 1418 3034 1525 3073; x_wconf 90' lang='lat' dir='ltr'><strong>non</strong></span> <span class='ocrx_word' id='word_1_442' title='bbox 1554 3027 1658 3084; x_wconf 87' lang='lat' dir='ltr'><strong>est,</strong></span> <span class='ocrx_word' id='word_1_443' title='bbox 1687 3026 1741 3089; x_wconf 79' lang='lat' dir='ltr'><strong>et</strong></span> <span class='ocrx_word' id='word_1_444' title='bbox 1764 3018 1977 3071; x_wconf 85' lang='lat' dir='ltr'><strong>locutus</strong></span> <span class='ocrx_word' id='word_1_445' title='bbox 2017 3015 2113 3069; x_wconf 32' lang='lat' dir='ltr'><strong>fue‘</strong></span> 
     </span>
    </p>
   </div>
   <div class='ocr_carea' id='block_1_53' title="bbox 2214 3015 3753 3097">
    <p class='ocr_par' dir='ltr' id='par_1_53' title="bbox 2230 3017 3753 3092">
     <span class='ocr_line' id='line_1_53' title="bbox 2230 3017 3753 3092; baseline -0.001 -16"><span class='ocrx_word' id='word_1_446' title='bbox 2230 3039 2463 3092; x_wconf 89' lang='lat' dir='ltr'><strong>quorum</strong></span> <span class='ocrx_word' id='word_1_447' title='bbox 2491 3024 2765 3076; x_wconf 87' lang='lat' dir='ltr'><strong>consortio</strong></span> <span class='ocrx_word' id='word_1_448' title='bbox 2795 3023 2976 3077; x_wconf 83' lang='lat' dir='ltr'><strong>fideles</strong></span> <span class='ocrx_word' id='word_1_449' title='bbox 3003 3017 3279 3080; x_wconf 79' lang='lat' dir='ltr'><strong>discedere</strong></span> <span class='ocrx_word' id='word_1_450' title='bbox 3309 3022 3560 3091; x_wconf 68' lang='lat' dir='ltr'><strong>praecipit,</strong></span> <span class='ocrx_word' id='word_1_451' title='bbox 3579 3020 3639 3074; x_wconf 81' lang='lat' dir='ltr'><strong>dc</strong></span> <span class='ocrx_word' id='word_1_452' title='bbox 3659 3022 3753 3074; x_wconf 83' lang='lat' dir='ltr'><strong>cis-</strong></span> 
     </span>
    </p>
   </div>
   <div class='ocr_carea' id='block_1_54' title="bbox 577 3105 3753 3181">
    <p class='ocr_par' dir='ltr' id='par_1_54' title="bbox 577 3105 3753 3181">
     <span class='ocr_line' id='line_1_54' title="bbox 577 3105 3753 3181; baseline 0.002 -25"><span class='ocrx_word' id='word_1_453' title='bbox 577 3118 642 3170; x_wconf 73' lang='grc' dir='ltr'>ι-ίι</span> <span class='ocrx_word' id='word_1_454' title='bbox 688 3116 795 3178; x_wconf 56' lang='lat' dir='ltr'><strong>his,</strong></span> <span class='ocrx_word' id='word_1_455' title='bbox 845 3114 919 3166; x_wconf 67' lang='grc' dir='ltr'><strong>πίε</strong></span> <span class='ocrx_word' id='word_1_456' title='bbox 946 3113 1096 3167; x_wconf 67' lang='lat' dir='ltr'><strong>Rom.</strong></span> <span class='ocrx_word' id='word_1_457' title='bbox 1127 3110 1255 3181; x_wconf 59' lang='lat'><strong>94,],</strong></span> <span class='ocrx_word' id='word_1_458' title='bbox 1291 3125 1436 3164; x_wconf 78' lang='lat' dir='ltr'><strong>unus</strong></span> <span class='ocrx_word' id='word_1_459' title='bbox 1462 3116 1626 3164; x_wconf 80' lang='lat' dir='ltr'><strong>estet</strong></span> <span class='ocrx_word' id='word_1_460' title='bbox 1654 3109 1770 3176; x_wconf 80' lang='lat' dir='ltr'><strong>ipse</strong></span> <span class='ocrx_word' id='word_1_461' title='bbox 1807 3122 1874 3161; x_wconf 78' lang='lat' dir='ltr'><strong>ex</strong></span> <span class='ocrx_word' id='word_1_462' title='bbox 1907 3106 2012 3159; x_wconf 81' lang='lat' dir='ltr'><strong>illis</strong></span> <span class='ocrx_word' id='word_1_463' title='bbox 2038 3105 2132 3173; x_wconf 91' lang='lat' dir='ltr'><strong>qui</strong></span> <span class='ocrx_word' id='word_1_464' title='bbox 2234 3112 2355 3166; x_wconf 87' lang='lat' dir='ltr'><strong>dem</strong></span> <span class='ocrx_word' id='word_1_465' title='bbox 2379 3112 2687 3181; x_wconf 73' lang='lat' dir='ltr'><strong>apostolica:</strong></span> <span class='ocrx_word' id='word_1_466' title='bbox 2715 3112 3071 3170; x_wconf 86' lang='lat' dir='ltr'><strong>institutionis</strong></span> <span class='ocrx_word' id='word_1_467' title='bbox 3096 3112 3551 3180; x_wconf 88' lang='lat' dir='ltr'><strong>contemptoribus</strong></span> <span class='ocrx_word' id='word_1_468' title='bbox 3590 3119 3640 3162; x_wconf 90' lang='lat' dir='ltr'><strong>et</strong></span> <span class='ocrx_word' id='word_1_469' title='bbox 3670 3125 3753 3177; x_wconf 81' lang='lat' dir='ltr'><strong>pe-</strong></span> 
     </span>
    </p>
   </div>
   <div class='ocr_carea' id='block_1_55' title="bbox 574 3190 3756 3277">
    <p class='ocr_par' dir='ltr' id='par_1_55' title="bbox 574 3190 3756 3277">
     <span class='ocr_line' id='line_1_55' title="bbox 574 3190 3756 3277; baseline -0.001 -19"><span class='ocrx_word' id='word_1_470' title='bbox 574 3204 932 3258; x_wconf 77' lang='lat' dir='ltr'><strong>exterminare</strong></span> <span class='ocrx_word' id='word_1_471' title='bbox 958 3201 1253 3277; x_wconf 83' lang='lat' dir='ltr'><strong>Ecclesiam</strong></span> <span class='ocrx_word' id='word_1_472' title='bbox 1278 3198 1372 3254; x_wconf 91' lang='lat' dir='ltr'><strong>Dei</strong></span> <span class='ocrx_word' id='word_1_473' title='bbox 1399 3199 1603 3252; x_wconf 74' lang='lat' dir='ltr'><strong>volunt.</strong></span> <span class='ocrx_word' id='word_1_474' title='bbox 1647 3195 1731 3260; x_wconf 84' lang='lat' dir='ltr'><strong>Et,</strong></span> <span class='ocrx_word' id='word_1_475' title='bbox 1757 3211 1880 3250; x_wconf 89' lang='lat' dir='ltr'><strong>cum</strong></span> <span class='ocrx_word' id='word_1_476' title='bbox 1905 3190 2130 3263; x_wconf 81' lang='lat' dir='ltr'><strong>corpore</strong></span> <span class='ocrx_word' id='word_1_477' title='bbox 2159 3197 2198 3251; x_wconf 90' lang='lat' dir='ltr'><strong>C</strong></span> <span class='ocrx_word' id='word_1_478' title='bbox 2230 3202 2355 3271; x_wconf 71' lang='lat' dir='ltr'><strong>pulo</strong></span> <span class='ocrx_word' id='word_1_479' title='bbox 2385 3201 2625 3275; x_wconf 82' lang='lat' dir='ltr'><strong>praecipit</strong></span> <span class='ocrx_word' id='word_1_480' title='bbox 2676 3210 2856 3277; x_wconf 78' lang='lat' dir='ltr'><strong>noster</strong></span> <span class='ocrx_word' id='word_1_481' title='bbox 2895 3202 3223 3270; x_wconf 85' lang='lat' dir='ltr'><strong>apostolicus</strong></span> <span class='ocrx_word' id='word_1_482' title='bbox 3266 3208 3325 3254; x_wconf 89' lang='lat' dir='ltr'><strong>ut</strong></span> <span class='ocrx_word' id='word_1_483' title='bbox 3371 3201 3449 3255; x_wconf 91' lang='lat' dir='ltr'><strong>eis</strong></span> <span class='ocrx_word' id='word_1_484' title='bbox 3489 3200 3658 3255; x_wconf 82' lang='lat' dir='ltr'><strong>saltem</strong></span> <span class='ocrx_word' id='word_1_485' title='bbox 3700 3198 3756 3251; x_wconf 79' lang='lat' dir='ltr'><strong>ad</strong></span> 
     </span>
    </p>
   </div>
   <div class='ocr_carea' id='block_1_56' title="bbox 572 3276 2113 3363">
    <p class='ocr_par' dir='ltr' id='par_1_56' title="bbox 572 3276 2113 3363">
     <span class='ocr_line' id='line_1_56' title="bbox 572 3276 2113 3363; baseline -0.008 -15"><span class='ocrx_word' id='word_1_486' title='bbox 572 3294 856 3348; x_wconf 81' lang='lat' dir='ltr'><strong>vobiscum</strong></span> <span class='ocrx_word' id='word_1_487' title='bbox 886 3307 1007 3346; x_wconf 87' lang='lat' dir='ltr'><strong>esse</strong></span> <span class='ocrx_word' id='word_1_488' title='bbox 1037 3276 1299 3355; x_wconf 83' lang='lat' dir='ltr'><strong>videatur,</strong></span> <span class='ocrx_word' id='word_1_489' title='bbox 1329 3297 1513 3343; x_wconf 84' lang='lat' dir='ltr'><strong>mente.</strong></span> <span class='ocrx_word' id='word_1_490' title='bbox 1533 3296 1587 3342; x_wconf 88' lang='lat' dir='ltr'><strong>et</strong></span> <span class='ocrx_word' id='word_1_491' title='bbox 1608 3276 1790 3340; x_wconf 89' lang='lat' dir='ltr'><strong>animo</strong></span> <span class='ocrx_word' id='word_1_492' title='bbox 1826 3293 2014 3363; x_wconf 84' lang='lat' dir='ltr'><strong>contra</strong></span> <span class='ocrx_word' id='word_1_493' title='bbox 2038 3296 2113 3337; x_wconf 63' lang='lat' dir='ltr'><strong>vo:</strong></span> 
     </span>
    </p>
   </div>
   <div class='ocr_carea' id='block_1_57' title="bbox 2214 3276 3756 3363">
    <p class='ocr_par' dir='ltr' id='par_1_57' title="bbox 2232 3276 3756 3354">
     <span class='ocr_line' id='line_1_57' title="bbox 2232 3276 3756 3354; baseline -0.003 -11"><span class='ocrx_word' id='word_1_494' title='bbox 2232 3284 2566 3345; x_wconf 85' lang='lat' dir='ltr'><strong>Dominicam</strong></span> <span class='ocrx_word' id='word_1_495' title='bbox 2598 3276 2839 3349; x_wconf 77' lang='lat' dir='ltr'><strong>mensam</strong></span> <span class='ocrx_word' id='word_1_496' title='bbox 2882 3307 2988 3344; x_wconf 89' lang='lat' dir='ltr'><strong>non</strong></span> <span class='ocrx_word' id='word_1_497' title='bbox 3024 3291 3467 3354; x_wconf 83' lang='lat' dir='ltr'><strong>communicaret,</strong></span> <span class='ocrx_word' id='word_1_498' title='bbox 3504 3298 3555 3342; x_wconf 86' lang='lat' dir='ltr'><strong>et</strong></span> <span class='ocrx_word' id='word_1_499' title='bbox 3593 3304 3756 3342; x_wconf 88' lang='lat' dir='ltr'><strong>eorum</strong></span> 
     </span>
    </p>
   </div>
   <div class='ocr_carea' id='block_1_58' title="bbox 573 3365 2113 3453">
    <p class='ocr_par' dir='ltr' id='par_1_58' title="bbox 573 3366 2111 3450">
     <span class='ocr_line' id='line_1_58' title="bbox 573 3366 2111 3450; baseline -0.009 -10"><span class='ocrx_word' id='word_1_500' title='bbox 573 3394 685 3450; x_wconf 85' lang='lat' dir='ltr'><strong>est;</strong></span> <span class='ocrx_word' id='word_1_501' title='bbox 717 3384 770 3438; x_wconf 87' lang='lat' dir='ltr'><strong>et</strong></span> <span class='ocrx_word' id='word_1_502' title='bbox 803 3392 887 3438; x_wconf 90' lang='lat' dir='ltr'><strong>est</strong></span> <span class='ocrx_word' id='word_1_503' title='bbox 928 3383 1096 3437; x_wconf 87' lang='lat' dir='ltr'><strong>multo</strong></span> <span class='ocrx_word' id='word_1_504' title='bbox 1124 3381 1350 3450; x_wconf 90' lang='lat' dir='ltr'><strong>nequior</strong></span> <span class='ocrx_word' id='word_1_505' title='bbox 1378 3379 1550 3434; x_wconf 89' lang='lat' dir='ltr'><strong>hostis</strong></span> <span class='ocrx_word' id='word_1_506' title='bbox 1580 3378 1670 3432; x_wconf 88' lang='lat' dir='ltr'><strong>hic</strong></span> <span class='ocrx_word' id='word_1_507' title='bbox 1711 3366 1893 3445; x_wconf 88' lang='lat' dir='ltr'><strong>quam</strong></span> <span class='ocrx_word' id='word_1_508' title='bbox 1919 3376 1999 3428; x_wconf 89' lang='lat' dir='ltr'><strong>illi</strong></span> <span class='ocrx_word' id='word_1_509' title='bbox 2041 3390 2111 3443; x_wconf 89' lang='lat' dir='ltr'><strong>qu</strong></span> 
     </span>
    </p>
   </div>
   <div class='ocr_carea' id='block_1_59' title="bbox 2214 3365 3755 3453">
    <p class='ocr_par' dir='ltr' id='par_1_59' title="bbox 2232 3365 3755 3453">
     <span class='ocr_line' id='line_1_59' title="bbox 2232 3365 3755 3453; baseline -0.004 -19"><span class='ocrx_word' id='word_1_510' title='bbox 2232 3381 2475 3434; x_wconf 86' lang='lat' dir='ltr'><strong>societati</strong></span> <span class='ocrx_word' id='word_1_511' title='bbox 2506 3396 2562 3436; x_wconf 88' lang='lat' dir='ltr'><strong>se</strong></span> <span class='ocrx_word' id='word_1_512' title='bbox 2591 3382 2780 3435; x_wconf 89' lang='lat' dir='ltr'><strong>saltem</strong></span> <span class='ocrx_word' id='word_1_513' title='bbox 2809 3397 2875 3444; x_wconf 84' lang='lat' dir='ltr'><strong>eo</strong></span> <span class='ocrx_word' id='word_1_514' title='bbox 2910 3365 3531 3453; x_wconf 13' lang='lat' dir='ltr'><strong>tegipore‘subtraheret,</strong></span> <span class='ocrx_word' id='word_1_515' title='bbox 3553 3393 3662 3433; x_wconf 90' lang='lat' dir='ltr'><strong>cum</strong></span> <span class='ocrx_word' id='word_1_516' title='bbox 3690 3378 3755 3429; x_wconf 77' lang='lat' dir='ltr'><strong>il-ii</strong></span> 
     </span>
    </p>
   </div>
   <div class='ocr_carea' id='block_1_60' title="bbox 574 3464 3755 3541">
    <p class='ocr_par' dir='ltr' id='par_1_60' title="bbox 574 3464 3755 3541">
     <span class='ocr_line' id='line_1_60' title="bbox 574 3464 3755 3541; baseline -0.004 -10"><span class='ocrx_word' id='word_1_517' title='bbox 574 3472 710 3528; x_wconf 83' lang='lat' dir='ltr'><strong>foris</strong></span> <span class='ocrx_word' id='word_1_518' title='bbox 744 3480 869 3528; x_wconf 77' lang='lat' dir='ltr'><strong>sunt</strong></span> <span class='ocrx_word' id='word_1_519' title='bbox 910 3480 963 3525; x_wconf 78' lang='lat' dir='ltr'><strong>et</strong></span> <span class='ocrx_word' id='word_1_520' title='bbox 1004 3470 1277 3525; x_wconf 67' lang='lat' dir='ltr'><strong>evidenter</strong></span> <span class='ocrx_word' id='word_1_521' title='bbox 1313 3469 1515 3524; x_wconf 75' lang='lat' dir='ltr'><strong>inimiCi</strong></span> <span class='ocrx_word' id='word_1_522' title='bbox 1550 3475 1694 3522; x_wconf 78' lang='lat' dir='ltr'><strong>SUM-</strong></span> <span class='ocrx_word' id='word_1_523' title='bbox 1728 3465 1823 3518; x_wconf 73' lang='lat' dir='ltr'><strong>“i0</strong></span> <span class='ocrx_word' id='word_1_524' title='bbox 1847 3464 2012 3529; x_wconf 61' lang='lat' dir='ltr'><strong>enim.</strong></span> <span class='ocrx_word' id='word_1_525' title='bbox 2043 3480 2136 3532; x_wconf 76' lang='grc' dir='ltr'>Ρθι·</span> <span class='ocrx_word' id='word_1_526' title='bbox 2232 3464 2529 3525; x_wconf 67' lang='grc' dir='ltr'>εοιιῑιιιΐιιε</span> <span class='ocrx_word' id='word_1_527' title='bbox 2566 3480 2620 3525; x_wconf 89' lang='lat' dir='ltr'><strong>et</strong></span> <span class='ocrx_word' id='word_1_528' title='bbox 2640 3472 2732 3540; x_wconf 90' lang='lat' dir='ltr'><strong>jus</strong></span> <span class='ocrx_word' id='word_1_529' title='bbox 2768 3478 2922 3526; x_wconf 83' lang='lat' dir='ltr'><strong>Sacra</strong></span> <span class='ocrx_word' id='word_1_530' title='bbox 2948 3472 3203 3541; x_wconf 82' lang='lat' dir='ltr'><strong>mysteria</strong></span> <span class='ocrx_word' id='word_1_531' title='bbox 3228 3471 3283 3524; x_wconf 82' lang='lat' dir='ltr'><strong>in</strong></span> <span class='ocrx_word' id='word_1_532' title='bbox 3307 3471 3588 3540; x_wconf 87' lang='lat' dir='ltr'><strong>perniciem</strong></span> <span class='ocrx_word' id='word_1_533' title='bbox 3621 3482 3755 3521; x_wconf 86' lang='lat' dir='ltr'><strong>suam</strong></span> 
     </span>
    </p>
   </div>
   <div class='ocr_carea' id='block_1_61' title="bbox 578 3554 3758 3631">
    <p class='ocr_par' dir='ltr' id='par_1_61' title="bbox 578 3554 3758 3631">
     <span class='ocr_line' id='line_1_61' title="bbox 578 3554 3758 3631; baseline -0.005 -15"><span class='ocrx_word' id='word_1_534' title='bbox 578 3563 939 3616; x_wconf 87' lang='lat' dir='ltr'><strong>amicitiarum</strong></span> <span class='ocrx_word' id='word_1_535' title='bbox 990 3562 1243 3631; x_wconf 78' lang='lat' dir='ltr'><strong>speciem,</strong></span> <span class='ocrx_word' id='word_1_536' title='bbox 1285 3575 1406 3629; x_wconf 77' lang='lat' dir='ltr'><strong>qua:</strong></span> <span class='ocrx_word' id='word_1_537' title='bbox 1448 3558 1663 3612; x_wconf 90' lang='lat' dir='ltr'><strong>inimica</strong></span> <span class='ocrx_word' id='word_1_538' title='bbox 1703 3564 1836 3609; x_wconf 86' lang='lat' dir='ltr'><strong>sunt</strong></span> <span class='ocrx_word' id='word_1_539' title='bbox 1879 3554 2032 3623; x_wconf 90' lang='lat' dir='ltr'><strong>gerit,</strong></span> <span class='ocrx_word' id='word_1_540' title='bbox 2083 3561 2136 3606; x_wconf 88' lang='lat' dir='ltr'><strong>et</strong></span> <span class='ocrx_word' id='word_1_541' title='bbox 2232 3569 2575 3628; x_wconf 62' lang='lat' dir='ltr'><strong>usurparent,</strong></span> <span class='ocrx_word' id='word_1_542' title='bbox 2625 3559 2786 3612; x_wconf 61' lang='lat' dir='ltr'><strong>Juxta</strong></span> <span class='ocrx_word' id='word_1_543' title='bbox 2825 3560 3143 3627; x_wconf 70' lang='grc' dir='ltr'>Αροδιοιυιιι</span> <span class='ocrx_word' id='word_1_544' title='bbox 3191 3560 3336 3614; x_wconf 70' lang='lat' dir='ltr'><strong>enim</strong></span> <span class='ocrx_word' id='word_1_545' title='bbox 3368 3601 3383 3622; x_wconf 63' lang='grc'><strong><em>,</em></strong></span> <span class='ocrx_word' id='word_1_546' title='bbox 3425 3579 3442 3610; x_wconf 71' lang='grc' dir='ltr'><strong>ι</strong></span> <span class='ocrx_word' id='word_1_547' title='bbox 3472 3559 3758 3624; x_wconf 43' lang='lat' dir='ltr'><strong>Quicum“;</strong></span> 
     </span>
    </p>
   </div>
   <div class='ocr_carea' id='block_1_62' title="bbox 579 3634 2113 3718">
    <p class='ocr_par' dir='ltr' id='par_1_62' title="bbox 579 3649 1542 3718">
     <span class='ocr_line' id='line_1_62' title="bbox 579 3649 1542 3718; baseline -0.007 -15"><span class='ocrx_word' id='word_1_548' title='bbox 579 3649 1169 3718; x_wconf 49' lang='lat' dir='ltr'><strong>EcelesiamIdispergit</strong></span> <span class='ocrx_word' id='word_1_549' title='bbox 1203 3665 1266 3703; x_wconf 89' lang='lat' dir='ltr'><strong>ac</strong></span> <span class='ocrx_word' id='word_1_550' title='bbox 1300 3656 1495 3702; x_wconf 88' lang='lat' dir='ltr'><strong>vastat.</strong></span> <span class='ocrx_word' id='word_1_551' title='bbox 1522 3665 1542 3696; x_wconf 71' lang='grc' dir='ltr'><strong>ι</strong></span> 
     </span>
    </p>
   </div>
   <div class='ocr_carea' id='block_1_63' title="bbox 2214 3634 3758 3718">
    <p class='ocr_par' dir='ltr' id='par_1_63' title="bbox 2233 3634 3758 3715">
     <span class='ocr_line' id='line_1_63' title="bbox 2233 3634 3758 3715; baseline -0.002 -17"><span class='ocrx_word' id='word_1_552' title='bbox 2233 3646 2572 3699; x_wconf 89' lang='lat' dir='ltr'><strong>Dominicum</strong></span> <span class='ocrx_word' id='word_1_553' title='bbox 2602 3662 2791 3715; x_wconf 89' lang='lat' dir='ltr'><strong>panem</strong></span> <span class='ocrx_word' id='word_1_554' title='bbox 2845 3634 3141 3700; x_wconf 22' lang='lat' dir='ltr'><strong>eticalieem</strong></span> <span class='ocrx_word' id='word_1_555' title='bbox 3172 3648 3338 3700; x_wconf 84' lang='lat' dir='ltr'><strong>sumit</strong></span> <span class='ocrx_word' id='word_1_556' title='bbox 3385 3648 3607 3714; x_wconf 77' lang='lat' dir='ltr'><strong>indigne,</strong></span> <span class='ocrx_word' id='word_1_557' title='bbox 3650 3660 3758 3696; x_wconf 84' lang='lat' dir='ltr'><strong>reus</strong></span> 
     </span>
    </p>
   </div>
   <div class='ocr_carea' id='block_1_64' title="bbox 649 3726 3755 3809">
    <p class='ocr_par' dir='ltr' id='par_1_64' title="bbox 649 3726 3755 3809">
     <span class='ocr_line' id='line_1_64' title="bbox 649 3726 3755 3809; baseline -0.004 -16"><span class='ocrx_word' id='word_1_558' title='bbox 649 3737 748 3793; x_wconf 86' lang='lat' dir='ltr'><strong>Ubi</strong></span> <span class='ocrx_word' id='word_1_559' title='bbox 778 3753 906 3809; x_wconf 84' lang='lat' dir='ltr'><strong>ergo</strong></span> <span class='ocrx_word' id='word_1_560' title='bbox 935 3738 1048 3807; x_wconf 86' lang='lat' dir='ltr'><strong>ipse</strong></span> <span class='ocrx_word' id='word_1_561' title='bbox 1074 3738 1325 3805; x_wconf 89' lang='lat' dir='ltr'><strong>princeps</strong></span> <span class='ocrx_word' id='word_1_562' title='bbox 1352 3734 1720 3804; x_wconf 90' lang='lat' dir='ltr'><strong>apostolorum</strong></span> <span class='ocrx_word' id='word_1_563' title='bbox 1758 3726 1865 3784; x_wconf 87' lang='lat' dir='ltr'><strong>tam</strong></span> <span class='ocrx_word' id='word_1_564' title='bbox 1896 3729 2137 3784; x_wconf 71' lang='lat' dir='ltr'><strong>diStriete</strong></span> <span class='ocrx_word' id='word_1_565' title='bbox 2232 3735 2336 3787; x_wconf 87' lang='lat' dir='ltr'><strong>erit</strong></span> <span class='ocrx_word' id='word_1_566' title='bbox 2358 3734 2606 3802; x_wconf 77' lang='lat' dir='ltr'><strong>corporis</strong></span> <span class='ocrx_word' id='word_1_567' title='bbox 2647 3744 2698 3787; x_wconf 92' lang='lat' dir='ltr'><strong>et</strong></span> <span class='ocrx_word' id='word_1_568' title='bbox 2740 3734 3019 3803; x_wconf 83' lang='lat' dir='ltr'><strong>sanguinis</strong></span> <span class='ocrx_word' id='word_1_569' title='bbox 3045 3732 3289 3801; x_wconf 86' lang='lat' dir='ltr'><strong>Domini;</strong></span> <span class='ocrx_word' id='word_1_570' title='bbox 3326 3744 3380 3788; x_wconf 85' lang='lat' dir='ltr'><strong>ct</strong></span> <span class='ocrx_word' id='word_1_571' title='bbox 3401 3733 3642 3804; x_wconf 80' lang='lat' dir='ltr'><strong>judicium</strong></span> <span class='ocrx_word' id='word_1_572' title='bbox 3668 3732 3755 3785; x_wconf 75' lang='lat' dir='ltr'><strong>sibi</strong></span> 
     </span>
    </p>
   </div>
   <div class='ocr_carea' id='block_1_65' title="bbox 577 3818 3757 3899">
    <p class='ocr_par' dir='ltr' id='par_1_65' title="bbox 577 3818 3757 3899">
     <span class='ocr_line' id='line_1_65' title="bbox 577 3818 3757 3899; baseline -0.003 -17"><span class='ocrx_word' id='word_1_573' title='bbox 577 3827 828 3897; x_wconf 88' lang='lat' dir='ltr'><strong>prohibet</strong></span> <span class='ocrx_word' id='word_1_574' title='bbox 850 3818 926 3880; x_wconf 85' lang='lat' dir='ltr'><strong>ne</strong></span> <span class='ocrx_word' id='word_1_575' title='bbox 950 3826 1072 3894; x_wconf 88' lang='lat' dir='ltr'><strong>quis</strong></span> <span class='ocrx_word' id='word_1_576' title='bbox 1101 3825 1181 3878; x_wconf 92' lang='lat' dir='ltr'><strong>eis</strong></span> <span class='ocrx_word' id='word_1_577' title='bbox 1205 3823 1394 3877; x_wconf 90' lang='lat' dir='ltr'><strong>saltem</strong></span> <span class='ocrx_word' id='word_1_578' title='bbox 1419 3822 1697 3899; x_wconf 74' lang='lat' dir='ltr'><strong>loquatur,</strong></span> <span class='ocrx_word' id='word_1_579' title='bbox 1718 3818 1810 3888; x_wconf 82' lang='lat' dir='ltr'><strong>qui</strong></span> <span class='ocrx_word' id='word_1_580' title='bbox 1828 3818 2137 3887; x_wconf 78' lang='lat' dir='ltr'><strong>apostolicis</strong></span> <span class='ocrx_word' id='word_1_581' title='bbox 2234 3822 2524 3877; x_wconf 86' lang='lat' dir='ltr'><strong>manducat</strong></span> <span class='ocrx_word' id='word_1_582' title='bbox 2552 3830 2607 3877; x_wconf 91' lang='lat' dir='ltr'><strong>et</strong></span> <span class='ocrx_word' id='word_1_583' title='bbox 2645 3824 2779 3877; x_wconf 88' lang='lat' dir='ltr'><strong>bibit</strong></span> <span class='ocrx_word' id='word_1_584' title='bbox 2807 3822 2858 3895; x_wconf 84' lang='lat'><strong>(1</strong></span> <span class='ocrx_word' id='word_1_585' title='bbox 2891 3822 3012 3877; x_wconf 89' lang='lat' dir='ltr'><strong>Cor.</strong></span> <span class='ocrx_word' id='word_1_586' title='bbox 3053 3824 3150 3891; x_wconf 69' lang='grc' dir='ltr'>ιι).</span> <span class='ocrx_word' id='word_1_587' title='bbox 3182 3841 3201 3874; x_wconf 74' lang='grc' dir='ltr'><strong>ι</strong></span> <span class='ocrx_word' id='word_1_588' title='bbox 3262 3822 3420 3890; x_wconf 74' lang='grc' dir='ltr'><strong>0ροιί</strong></span> <span class='ocrx_word' id='word_1_589' title='bbox 3468 3836 3639 3875; x_wconf 89' lang='lat' dir='ltr'><strong>omnes</strong></span> <span class='ocrx_word' id='word_1_590' title='bbox 3672 3819 3757 3891; x_wconf 78' lang='lat' dir='ltr'><strong>fa-</strong></span> 
     </span>
    </p>
   </div>
   <div class='ocr_carea' id='block_1_66' title="bbox 578 3907 3757 3991">
    <p class='ocr_par' dir='ltr' id='par_1_66' title="bbox 578 3907 3757 3991">
     <span class='ocr_line' id='line_1_66' title="bbox 578 3907 3757 3991; baseline -0.004 -18"><span class='ocrx_word' id='word_1_591' title='bbox 578 3917 842 3973; x_wconf 89' lang='lat' dir='ltr'><strong>institutis</strong></span> <span class='ocrx_word' id='word_1_592' title='bbox 858 3928 966 3969; x_wconf 90' lang='lat' dir='ltr'><strong>non</strong></span> <span class='ocrx_word' id='word_1_593' title='bbox 984 3912 1356 3973; x_wconf 82' lang='lat' dir='ltr'><strong>obsecundare</strong></span> <span class='ocrx_word' id='word_1_594' title='bbox 1371 3908 1861 3991; x_wconf 88' lang='lat' dir='ltr'><strong>deprehenduntur,</strong></span> <span class='ocrx_word' id='word_1_595' title='bbox 1887 3908 1959 3961; x_wconf 89' lang='lat' dir='ltr'><strong>ibi</strong></span> <span class='ocrx_word' id='word_1_596' title='bbox 1974 3907 2137 3961; x_wconf 89' lang='lat' dir='ltr'><strong>etiam</strong></span> <span class='ocrx_word' id='word_1_597' title='bbox 2235 3912 2387 3966; x_wconf 86' lang='lat' dir='ltr'><strong>ciunt</strong></span> <span class='ocrx_word' id='word_1_598' title='bbox 2431 3913 2525 3981; x_wconf 90' lang='lat' dir='ltr'><strong>qui</strong></span> <span class='ocrx_word' id='word_1_599' title='bbox 2566 3912 2999 3976; x_wconf 84' lang='lat' dir='ltr'><strong>fornicationem,</strong></span> <span class='ocrx_word' id='word_1_600' title='bbox 3038 3913 3123 3967; x_wconf 82' lang='lat' dir='ltr'><strong>vel</strong></span> <span class='ocrx_word' id='word_1_601' title='bbox 3145 3914 3445 3980; x_wconf 76' lang='lat' dir='ltr'><strong>avaritiam</strong></span> <span class='ocrx_word' id='word_1_602' title='bbox 3475 3926 3572 3966; x_wconf 89' lang='lat' dir='ltr'><strong>non</strong></span> <span class='ocrx_word' id='word_1_603' title='bbox 3604 3910 3757 3963; x_wconf 69' lang='lat' dir='ltr'><strong>su&#39;um</strong></span> 
     </span>
    </p>
   </div>
   <div class='ocr_carea' id='block_1_67' title="bbox 578 3996 3759 4070">
    <p class='ocr_par' dir='ltr' id='par_1_67' title="bbox 578 3996 3759 4070">
     <span class='ocr_line' id='line_1_67' title="bbox 578 3996 3759 4070; baseline -0.005 -8"><span class='ocrx_word' id='word_1_604' title='bbox 578 4006 974 4062; x_wconf 80' lang='lat' dir='ltr'><strong>evidentissime</strong></span> <span class='ocrx_word' id='word_1_605' title='bbox 1021 4012 1167 4058; x_wconf 82' lang='lat' dir='ltr'><strong>vetat</strong></span> <span class='ocrx_word' id='word_1_606' title='bbox 1209 4017 1276 4055; x_wconf 89' lang='lat' dir='ltr'><strong>ne</strong></span> <span class='ocrx_word' id='word_1_607' title='bbox 1317 4000 1562 4070; x_wconf 86' lang='lat' dir='ltr'><strong>populus</strong></span> <span class='ocrx_word' id='word_1_608' title='bbox 1596 3996 1791 4053; x_wconf 83' lang='lat' dir='ltr'><strong>missas</strong></span> <span class='ocrx_word' id='word_1_609' title='bbox 1841 4006 1894 4052; x_wconf 88' lang='lat' dir='ltr'><strong>et</strong></span> <span class='ocrx_word' id='word_1_610' title='bbox 1930 3997 2136 4065; x_wconf 84' lang='lat' dir='ltr'><strong>reliqua</strong></span> <span class='ocrx_word' id='word_1_611' title='bbox 2235 4016 2504 4066; x_wconf 70' lang='lat' dir='ltr'><strong>exercere,</strong></span> <span class='ocrx_word' id='word_1_612' title='bbox 2535 4004 2629 4058; x_wconf 74' lang='lat' dir='ltr'><strong>sed</strong></span> <span class='ocrx_word' id='word_1_613' title='bbox 2653 4004 2815 4056; x_wconf 70' lang='lat' dir='ltr'><strong>etiam</strong></span> <span class='ocrx_word' id='word_1_614' title='bbox 2842 4003 3110 4058; x_wconf 58' lang='lat' dir='ltr'><strong>obstinato</strong></span> <span class='ocrx_word' id='word_1_615' title='bbox 3145 4003 3329 4057; x_wconf 75' lang='lat' dir='ltr'><strong>animo</strong></span> <span class='ocrx_word' id='word_1_616' title='bbox 3358 4001 3623 4058; x_wconf 57' lang='lat' dir='ltr'><strong>defendere</strong></span> <span class='ocrx_word' id='word_1_617' title='bbox 3643 4013 3759 4068; x_wconf 64' lang='lat' dir='ltr'><strong>pra:-</strong></span> 
     </span>
    </p>
   </div>
   <div class='ocr_carea' id='block_1_68' title="bbox 578 4082 3755 4164">
    <p class='ocr_par' dir='ltr' id='par_1_68' title="bbox 578 4082 3755 4164">
     <span class='ocr_line' id='line_1_68' title="bbox 578 4082 3755 4164; baseline -0.003 -13"><span class='ocrx_word' id='word_1_618' title='bbox 578 4096 892 4164; x_wconf 88' lang='lat' dir='ltr'><strong>hnjusmodi</strong></span> <span class='ocrx_word' id='word_1_619' title='bbox 921 4095 1093 4149; x_wconf 85' lang='lat' dir='ltr'><strong>officia</strong></span> <span class='ocrx_word' id='word_1_620' title='bbox 1115 4082 1184 4149; x_wconf 84' lang='lat' dir='ltr'><strong>ab</strong></span> <span class='ocrx_word' id='word_1_621' title='bbox 1210 4094 1289 4148; x_wconf 90' lang='lat' dir='ltr'><strong>eis</strong></span> <span class='ocrx_word' id='word_1_622' title='bbox 1317 4092 1566 4160; x_wconf 89' lang='lat' dir='ltr'><strong>recipiat:</strong></span> <span class='ocrx_word' id='word_1_623' title='bbox 1605 4108 1622 4140; x_wconf 81' lang='grc' dir='ltr'><strong>ι</strong></span> <span class='ocrx_word' id='word_1_624' title='bbox 1646 4088 1760 4143; x_wconf 80' lang='lat' dir='ltr'><strong>Mos</strong></span> <span class='ocrx_word' id='word_1_625' title='bbox 1782 4089 1924 4143; x_wconf 92' lang='lat' dir='ltr'><strong>enim</strong></span> <span class='ocrx_word' id='word_1_626' title='bbox 1950 4089 2136 4157; x_wconf 89' lang='lat' dir='ltr'><strong>populi</strong></span> <span class='ocrx_word' id='word_1_627' title='bbox 2236 4099 2475 4145; x_wconf 90' lang='lat' dir='ltr'><strong>sumunt.</strong></span> <span class='ocrx_word' id='word_1_628' title='bbox 2523 4090 2597 4146; x_wconf 88' lang='lat' dir='ltr'><strong>De</strong></span> <span class='ocrx_word' id='word_1_629' title='bbox 2647 4093 2845 4162; x_wconf 86' lang='lat' dir='ltr'><strong>quibus</strong></span> <span class='ocrx_word' id='word_1_630' title='bbox 2897 4087 3188 4161; x_wconf 77' lang='lat' dir='ltr'><strong>Apostolus</strong></span> <span class='ocrx_word' id='word_1_631' title='bbox 3232 4093 3365 4147; x_wconf 89' lang='lat' dir='ltr'><strong>dicit</strong></span> <span class='ocrx_word' id='word_1_632' title='bbox 3393 4111 3408 4146; x_wconf 88' lang='lat'><strong>:</strong></span> <span class='ocrx_word' id='word_1_633' title='bbox 3454 4111 3472 4142; x_wconf 75' lang='grc' dir='ltr'><strong>ι</strong></span> <span class='ocrx_word' id='word_1_634' title='bbox 3499 4088 3755 4155; x_wconf 83' lang='lat' dir='ltr'><strong>Quoniam.</strong></span> 
     </span>
    </p>
   </div>
   <div class='ocr_carea' id='block_1_69' title="bbox 531 4172 3758 4267">
    <p class='ocr_par' dir='ltr' id='par_1_69' title="bbox 531 4172 3758 4267">
     <span class='ocr_line' id='line_1_69' title="bbox 531 4172 3758 4267; baseline -0.003 -28"><span class='ocrx_word' id='word_1_635' title='bbox 531 4240 537 4267; x_wconf 38' lang='grc' dir='ltr'><em>ρ</em></span> <span class='ocrx_word' id='word_1_636' title='bbox 577 4184 694 4250; x_wconf 74' lang='lat' dir='ltr'><strong>Dei,</strong></span> <span class='ocrx_word' id='word_1_637' title='bbox 726 4203 745 4235; x_wconf 83' lang='grc'><strong>›</strong></span> <span class='ocrx_word' id='word_1_638' title='bbox 791 4185 944 4254; x_wconf 78' lang='lat' dir='ltr'><strong>juxta</strong></span> <span class='ocrx_word' id='word_1_639' title='bbox 975 4172 1332 4254; x_wconf 78' lang='lat' dir='ltr'><strong>Augustinum</strong></span> <span class='ocrx_word' id='word_1_640' title='bbox 1375 4182 1543 4267; x_wconf 72' lang='lat' dir='ltr'><strong>(epist.</strong></span> <span class='ocrx_word' id='word_1_641' title='bbox 1574 4179 1641 4233; x_wconf 82' lang='lat'><strong>86</strong></span> <span class='ocrx_word' id='word_1_642' title='bbox 1668 4179 1735 4233; x_wconf 89' lang='lat' dir='ltr'><strong>ad</strong></span> <span class='ocrx_word' id='word_1_643' title='bbox 1762 4177 2133 4246; x_wconf 85' lang='lat' dir='ltr'><strong>Casulanum),</strong></span> <span class='ocrx_word' id='word_1_644' title='bbox 2235 4182 2330 4263; x_wconf 86' lang='lat' dir='ltr'><strong>qui</strong></span> <span class='ocrx_word' id='word_1_645' title='bbox 2386 4182 2513 4236; x_wconf 90' lang='lat' dir='ltr'><strong>talia</strong></span> <span class='ocrx_word' id='word_1_646' title='bbox 2560 4192 2764 4253; x_wconf 88' lang='lat' dir='ltr'><strong>agunt,</strong></span> <span class='ocrx_word' id='word_1_647' title='bbox 2814 4197 3039 4253; x_wconf 85' lang='lat' dir='ltr'><strong>regnum</strong></span> <span class='ocrx_word' id='word_1_648' title='bbox 3086 4180 3182 4236; x_wconf 87' lang='lat' dir='ltr'><strong>Dei</strong></span> <span class='ocrx_word' id='word_1_649' title='bbox 3231 4186 3758 4251; x_wconf 35' lang='lat' dir='ltr'><strong>n‘onvcousequcntur</strong></span> 
     </span>
    </p>
   </div>
   <div class='ocr_carea' id='block_1_70' title="bbox 584 4258 3471 4343">
    <p class='ocr_par' dir='ltr' id='par_1_70' title="bbox 584 4258 3471 4343">
     <span class='ocr_line' id='line_1_70' title="bbox 584 4258 3471 4343; baseline -0 -21"><span class='ocrx_word' id='word_1_650' title='bbox 584 4291 606 4322; x_wconf 70' lang='grc' dir='ltr'><strong>ι</strong></span> <span class='ocrx_word' id='word_1_651' title='bbox 623 4289 721 4341; x_wconf 90' lang='lat' dir='ltr'><strong>pro</strong></span> <span class='ocrx_word' id='word_1_652' title='bbox 735 4274 850 4343; x_wconf 86' lang='lat' dir='ltr'><strong>lege</strong></span> <span class='ocrx_word' id='word_1_653' title='bbox 866 4274 1152 4339; x_wconf 88' lang='lat' dir='ltr'><strong>tenendus,</strong></span> <span class='ocrx_word' id='word_1_654' title='bbox 1164 4291 1182 4321; x_wconf 76' lang='grc' dir='ltr'><strong>ι</strong></span> <span class='ocrx_word' id='word_1_655' title='bbox 1200 4258 1514 4339; x_wconf 84' lang='lat' dir='ltr'><strong>comprobat</strong></span> <span class='ocrx_word' id='word_1_656' title='bbox 1527 4270 1683 4324; x_wconf 87' lang='lat' dir='ltr'><strong>nobis</strong></span> <span class='ocrx_word' id='word_1_657' title='bbox 1699 4284 1821 4323; x_wconf 90' lang='lat' dir='ltr'><strong>cum</strong></span> <span class='ocrx_word' id='word_1_658' title='bbox 1836 4269 2138 4322; x_wconf 90' lang='lat' dir='ltr'><strong>canonibus</strong></span> <span class='ocrx_word' id='word_1_659' title='bbox 2239 4258 2381 4337; x_wconf 80' lang='lat' dir='ltr'><strong>(Cal.</strong></span> <span class='ocrx_word' id='word_1_660' title='bbox 2423 4266 2503 4340; x_wconf 82' lang='lat' dir='ltr'><strong>v).</strong></span> <span class='ocrx_word' id='word_1_661' title='bbox 2533 4292 2552 4323; x_wconf 77' lang='grc' dir='ltr'><strong>ι</strong></span> <span class='ocrx_word' id='word_1_662' title='bbox 2939 4324 2944 4331; x_wconf 61' lang='grc'>,</span> <span class='ocrx_word' id='word_1_663' title='bbox 3130 4335 3133 4338; x_wconf 19' lang='grc' dir='ltr'>ν</span> <span class='ocrx_word' id='word_1_664' title='bbox 3455 4329 3471 4337; x_wconf 16' lang='grc' dir='ltr'><strong>ιν</strong></span> 
     </span>
    </p>
   </div>
   <div class='ocr_carea' id='block_1_71' title="bbox 560 4344 3758 4431">
    <p class='ocr_par' dir='ltr' id='par_1_71' title="bbox 560 4344 3758 4431">
     <span class='ocr_line' id='line_1_71' title="bbox 560 4344 3758 4431; baseline -0.002 -19"><span class='ocrx_word' id='word_1_665' title='bbox 560 4370 641 4413; x_wconf 66' lang='lat' dir='ltr'><strong>.ut</strong></span> <span class='ocrx_word' id='word_1_666' title='bbox 672 4364 902 4429; x_wconf 87' lang='lat' dir='ltr'><strong>populus</strong></span> <span class='ocrx_word' id='word_1_667' title='bbox 949 4360 1318 4430; x_wconf 88' lang='lat' dir='ltr'><strong>cujuscunque</strong></span> <span class='ocrx_word' id='word_1_668' title='bbox 1364 4360 1657 4415; x_wconf 85' lang='lat' dir='ltr'><strong>sacerdotis</strong></span> <span class='ocrx_word' id='word_1_669' title='bbox 1691 4360 1886 4413; x_wconf 87' lang='lat' dir='ltr'><strong>missas</strong></span> <span class='ocrx_word' id='word_1_670' title='bbox 1934 4358 2135 4424; x_wconf 88' lang='lat' dir='ltr'><strong>audiat,</strong></span> <span class='ocrx_word' id='word_1_671' title='bbox 2306 4358 2411 4424; x_wconf 81' lang='lat' dir='ltr'><strong>Qui</strong></span> <span class='ocrx_word' id='word_1_672' title='bbox 2440 4344 2599 4415; x_wconf 81' lang='lat' dir='ltr'><strong>etiam</strong></span> <span class='ocrx_word' id='word_1_673' title='bbox 2625 4377 2723 4431; x_wconf 89' lang='lat' dir='ltr'><strong>pro</strong></span> <span class='ocrx_word' id='word_1_674' title='bbox 2743 4363 2946 4418; x_wconf 89' lang='lat' dir='ltr'><strong>eisdem</strong></span> <span class='ocrx_word' id='word_1_675' title='bbox 2972 4363 3291 4417; x_wconf 81' lang='lat' dir='ltr'><strong>criminibus</strong></span> <span class='ocrx_word' id='word_1_676' title='bbox 3329 4362 3480 4430; x_wconf 75' lang='lat' dir='ltr'><strong>juxta</strong></span> <span class='ocrx_word' id='word_1_677' title='bbox 3500 4358 3758 4414; x_wconf 82' lang='lat' dir='ltr'><strong>canonicas</strong></span> 
     </span>
    </p>
   </div>
   <div class='ocr_carea' id='block_1_72' title="bbox 578 4449 3759 4518">
    <p class='ocr_par' dir='ltr' id='par_1_72' title="bbox 578 4449 3759 4518">
     <span class='ocr_line' id='line_1_72' title="bbox 578 4449 3759 4518; baseline -0.001 -17"><span class='ocrx_word' id='word_1_678' title='bbox 578 4450 698 4517; x_wconf 83' lang='lat' dir='ltr'><strong>ejus</strong></span> <span class='ocrx_word' id='word_1_679' title='bbox 726 4450 893 4504; x_wconf 88' lang='lat' dir='ltr'><strong>etiam</strong></span> <span class='ocrx_word' id='word_1_680' title='bbox 922 4450 1147 4518; x_wconf 83' lang='lat' dir='ltr'><strong>singulis</strong></span> <span class='ocrx_word' id='word_1_681' title='bbox 1184 4451 1595 4505; x_wconf 87' lang='lat' dir='ltr'><strong>salutationibus</strong></span> <span class='ocrx_word' id='word_1_682' title='bbox 1619 4450 1676 4504; x_wconf 87' lang='lat' dir='ltr'><strong>in</strong></span> <span class='ocrx_word' id='word_1_683' title='bbox 1711 4449 1875 4503; x_wconf 86' lang='lat' dir='ltr'><strong>missa</strong></span> <span class='ocrx_word' id='word_1_684' title='bbox 1904 4462 2131 4516; x_wconf 89' lang='lat' dir='ltr'><strong>respon-</strong></span> <span class='ocrx_word' id='word_1_685' title='bbox 2164 4502 2203 4518; x_wconf 47' lang='grc' dir='ltr'>ἢ</span> <span class='ocrx_word' id='word_1_686' title='bbox 2239 4451 2545 4508; x_wconf 87' lang='lat' dir='ltr'><strong>sanctiones</strong></span> <span class='ocrx_word' id='word_1_687' title='bbox 2569 4452 2829 4517; x_wconf 89' lang='lat' dir='ltr'><strong>damnati,</strong></span> <span class='ocrx_word' id='word_1_688' title='bbox 2873 4453 3214 4506; x_wconf 89' lang='lat' dir='ltr'><strong>interdictum</strong></span> <span class='ocrx_word' id='word_1_689' title='bbox 3247 4451 3350 4505; x_wconf 90' lang='lat' dir='ltr'><strong>sibi</strong></span> <span class='ocrx_word' id='word_1_690' title='bbox 3378 4449 3595 4505; x_wconf 78' lang='lat' dir='ltr'><strong>oliieitnn</strong></span> <span class='ocrx_word' id='word_1_691' title='bbox 3617 4456 3759 4499; x_wconf 85' lang='lat' dir='ltr'><strong>teme-</strong></span> 
     </span>
    </p>
   </div>
   <div class='ocr_carea' id='block_1_73' title="bbox 580 4537 3756 4609">
    <p class='ocr_par' dir='ltr' id='par_1_73' title="bbox 580 4537 3756 4609">
     <span class='ocr_line' id='line_1_73' title="bbox 580 4537 3756 4609; baseline -0.002 -15"><span class='ocrx_word' id='word_1_692' title='bbox 580 4540 721 4594; x_wconf 88' lang='lat' dir='ltr'><strong>deat.</strong></span> <span class='ocrx_word' id='word_1_693' title='bbox 763 4538 1097 4605; x_wconf 85' lang='lat' dir='ltr'><strong>Quapropter</strong></span> <span class='ocrx_word' id='word_1_694' title='bbox 1133 4538 1362 4604; x_wconf 90' lang='lat' dir='ltr'><strong>populus</strong></span> <span class='ocrx_word' id='word_1_695' title='bbox 1408 4539 1713 4605; x_wconf 87' lang='lat' dir='ltr'><strong>hujusmodi</strong></span> <span class='ocrx_word' id='word_1_696' title='bbox 1755 4537 2133 4605; x_wconf 65' lang='lat' dir='ltr'><strong>pmvaricato—</strong></span> <span class='ocrx_word' id='word_1_697' title='bbox 2163 4537 2206 4555; x_wconf 73' lang='grc' dir='ltr'><strong>ν</strong></span> <span class='ocrx_word' id='word_1_698' title='bbox 2236 4541 2376 4593; x_wconf 84' lang='lat' dir='ltr'><strong>raria</strong></span> <span class='ocrx_word' id='word_1_699' title='bbox 2425 4542 2776 4609; x_wconf 90' lang='lat' dir='ltr'><strong>usurpatione</strong></span> <span class='ocrx_word' id='word_1_700' title='bbox 2832 4540 3194 4609; x_wconf 87' lang='lat' dir='ltr'><strong>frequentant.</strong></span> <span class='ocrx_word' id='word_1_701' title='bbox 3249 4537 3451 4608; x_wconf 84' lang='lat' dir='ltr'><strong>Nempe</strong></span> <span class='ocrx_word' id='word_1_702' title='bbox 3504 4537 3596 4606; x_wconf 88' lang='lat' dir='ltr'><strong>ipsi</strong></span> <span class='ocrx_word' id='word_1_703' title='bbox 3635 4551 3756 4604; x_wconf 84' lang='lat' dir='ltr'><strong>quos</strong></span> 
     </span>
    </p>
   </div>
   <div class='ocr_carea' id='block_1_74' title="bbox 580 4625 3753 4697">
    <p class='ocr_par' dir='ltr' id='par_1_74' title="bbox 580 4625 3753 4697">
     <span class='ocr_line' id='line_1_74' title="bbox 580 4625 3753 4697; baseline -0.002 -14"><span class='ocrx_word' id='word_1_704' title='bbox 580 4645 704 4683; x_wconf 88' lang='lat' dir='ltr'><strong>rum</strong></span> <span class='ocrx_word' id='word_1_705' title='bbox 742 4628 938 4681; x_wconf 89' lang='lat' dir='ltr'><strong>missas</strong></span> <span class='ocrx_word' id='word_1_706' title='bbox 979 4625 1282 4678; x_wconf 89' lang='lat' dir='ltr'><strong>nullatenus</strong></span> <span class='ocrx_word' id='word_1_707' title='bbox 1324 4625 1561 4692; x_wconf 87' lang='lat' dir='ltr'><strong>recipiet,</strong></span> <span class='ocrx_word' id='word_1_708' title='bbox 1590 4626 1636 4678; x_wconf 88' lang='lat' dir='ltr'><strong>si</strong></span> <span class='ocrx_word' id='word_1_709' title='bbox 1665 4626 1834 4693; x_wconf 88' lang='lat' dir='ltr'><strong>ipsius</strong></span> <span class='ocrx_word' id='word_1_710' title='bbox 1877 4625 2135 4693; x_wconf 89' lang='lat' dir='ltr'><strong>principis</strong></span> <span class='ocrx_word' id='word_1_711' title='bbox 2235 4629 2449 4695; x_wconf 88' lang='lat' dir='ltr'><strong>proprie</strong></span> <span class='ocrx_word' id='word_1_712' title='bbox 2487 4644 2745 4684; x_wconf 84' lang='lat' dir='ltr'><strong>vocamus</strong></span> <span class='ocrx_word' id='word_1_713' title='bbox 2791 4629 3131 4697; x_wconf 85' lang='lat' dir='ltr'><strong>poenitentes,</strong></span> <span class='ocrx_word' id='word_1_714' title='bbox 3180 4627 3304 4681; x_wconf 80' lang='lat' dir='ltr'><strong>licet</strong></span> <span class='ocrx_word' id='word_1_715' title='bbox 3350 4642 3447 4696; x_wconf 90' lang='lat' dir='ltr'><strong>pro</strong></span> <span class='ocrx_word' id='word_1_716' title='bbox 3487 4626 3753 4695; x_wconf 62' lang='lat' dir='ltr'><strong>hujusmodi</strong></span> 
     </span>
    </p>
   </div>
   <div class='ocr_carea' id='block_1_75' title="bbox 581 4714 3752 4787">
    <p class='ocr_par' dir='ltr' id='par_1_75' title="bbox 581 4714 3752 4787">
     <span class='ocr_line' id='line_1_75' title="bbox 581 4714 3752 4787; baseline -0.002 -13"><span class='ocrx_word' id='word_1_717' title='bbox 581 4714 1308 4787; x_wconf 78' lang='lat' dir='ltr'><strong>apostolorumsententiam</strong></span> <span class='ocrx_word' id='word_1_718' title='bbox 1344 4715 1631 4768; x_wconf 85' lang='lat' dir='ltr'><strong>observare</strong></span> <span class='ocrx_word' id='word_1_719' title='bbox 1664 4714 1825 4766; x_wconf 88' lang='lat' dir='ltr'><strong>volet.</strong></span> <span class='ocrx_word' id='word_1_720' title='bbox 2237 4716 2555 4770; x_wconf 87' lang='lat' dir='ltr'><strong>criminibus</strong></span> <span class='ocrx_word' id='word_1_721' title='bbox 2602 4717 2877 4787; x_wconf 61' lang='lat' dir='ltr'><strong>canonica:</strong></span> <span class='ocrx_word' id='word_1_722' title='bbox 2914 4716 3210 4783; x_wconf 77' lang='lat' dir='ltr'><strong>disciplime</strong></span> <span class='ocrx_word' id='word_1_723' title='bbox 3255 4718 3391 4771; x_wconf 83' lang='lat' dir='ltr'><strong>colla</strong></span> <span class='ocrx_word' id='word_1_724' title='bbox 3440 4718 3752 4779; x_wconf 83' lang='lat' dir='ltr'><strong>submittant,</strong></span> 
     </span>
    </p>
   </div>
   <div class='ocr_carea' id='block_1_76' title="bbox 648 4778 3754 4874">
    <p class='ocr_par' dir='ltr' id='par_1_76' title="bbox 648 4778 3754 4874">
     <span class='ocr_line' id='line_1_76' title="bbox 648 4778 3754 4874; baseline -0.001 -14"><span class='ocrx_word' id='word_1_725' title='bbox 648 4808 774 4860; x_wconf 71' lang='lat' dir='ltr'><strong>CAP.</strong></span> <span class='ocrx_word' id='word_1_726' title='bbox 798 4803 982 4859; x_wconf 72' lang='lat' dir='ltr'><strong>XVIII.</strong></span> <span class='ocrx_word' id='word_1_727' title='bbox 1024 4803 1409 4859; x_wconf 86' lang='lat' dir='ltr'><strong>Sanctissimus</strong></span> <span class='ocrx_word' id='word_1_728' title='bbox 1428 4818 1562 4872; x_wconf 81' lang='lat' dir='ltr'><strong>pana</strong></span> <span class='ocrx_word' id='word_1_729' title='bbox 1585 4801 1877 4870; x_wconf 85' lang='lat' dir='ltr'><strong>Gregorius</strong></span> <span class='ocrx_word' id='word_1_730' title='bbox 1897 4799 2010 4868; x_wconf 81' lang='lat' dir='ltr'><strong>(lib.</strong></span> <span class='ocrx_word' id='word_1_731' title='bbox 2036 4816 2132 4866; x_wconf 84' lang='lat' dir='ltr'><strong>vn,</strong></span> <span class='ocrx_word' id='word_1_732' title='bbox 2237 4820 2347 4858; x_wconf 88' lang='lat' dir='ltr'><strong>non</strong></span> <span class='ocrx_word' id='word_1_733' title='bbox 2390 4807 2569 4870; x_wconf 85' lang='lat' dir='ltr'><strong>tamen</strong></span> <span class='ocrx_word' id='word_1_734' title='bbox 2616 4805 2814 4866; x_wconf 79' lang='lat' dir='ltr'><strong>divinis</strong></span> <span class='ocrx_word' id='word_1_735' title='bbox 2842 4778 3206 4861; x_wconf 61' lang='lat' dir='ltr'><strong>sacramentis</strong></span> <span class='ocrx_word' id='word_1_736' title='bbox 3232 4816 3345 4861; x_wconf 90' lang='lat' dir='ltr'><strong>tam</strong></span> <span class='ocrx_word' id='word_1_737' title='bbox 3375 4816 3563 4863; x_wconf 86' lang='lat' dir='ltr'><strong>temere</strong></span> <span class='ocrx_word' id='word_1_738' title='bbox 3585 4820 3754 4874; x_wconf 83' lang='lat' dir='ltr'><strong>appro-</strong></span> 
     </span>
    </p>
   </div>
   <div class='ocr_carea' id='block_1_77' title="bbox 583 4889 3752 4970">
    <p class='ocr_par' dir='ltr' id='par_1_77' title="bbox 583 4889 3752 4970">
     <span class='ocr_line' id='line_1_77' title="bbox 583 4889 3752 4970; baseline -0 -23"><span class='ocrx_word' id='word_1_739' title='bbox 583 4896 734 4962; x_wconf 69' lang='lat' dir='ltr'><strong>epist.</strong></span> <span class='ocrx_word' id='word_1_740' title='bbox 778 4895 898 4964; x_wconf 86' lang='grc'>116)</span> <span class='ocrx_word' id='word_1_741' title='bbox 942 4895 1181 4949; x_wconf 90' lang='lat' dir='ltr'><strong>scribens</strong></span> <span class='ocrx_word' id='word_1_742' title='bbox 1219 4896 1285 4949; x_wconf 84' lang='lat' dir='ltr'><strong>ad</strong></span> <span class='ocrx_word' id='word_1_743' title='bbox 1314 4910 1467 4965; x_wconf 85' lang='lat' dir='ltr'><strong>reges</strong></span> <span class='ocrx_word' id='word_1_744' title='bbox 1494 4892 1828 4946; x_wconf 88' lang='lat' dir='ltr'><strong>Francorum</strong></span> <span class='ocrx_word' id='word_1_745' title='bbox 1852 4889 1919 4942; x_wconf 88' lang='lat' dir='ltr'><strong>de</strong></span> <span class='ocrx_word' id='word_1_746' title='bbox 1945 4889 2137 4956; x_wconf 84' lang='lat' dir='ltr'><strong>hujus-</strong></span> <span class='ocrx_word' id='word_1_747' title='bbox 2174 4966 2178 4970; x_wconf 83' lang='lat'><em>_</em></span> <span class='ocrx_word' id='word_1_748' title='bbox 2238 4893 2462 4947; x_wconf 78' lang='lat' dir='ltr'><strong>ximant.</strong></span> <span class='ocrx_word' id='word_1_749' title='bbox 2500 4891 2671 4957; x_wconf 80' lang='lat' dir='ltr'><strong>Unde,</strong></span> <span class='ocrx_word' id='word_1_750' title='bbox 2699 4893 2851 4960; x_wconf 79' lang='lat' dir='ltr'><strong>juxta</strong></span> <span class='ocrx_word' id='word_1_751' title='bbox 2885 4894 3202 4949; x_wconf 89' lang='lat' dir='ltr'><strong>sententiam</strong></span> <span class='ocrx_word' id='word_1_752' title='bbox 3231 4894 3290 4949; x_wconf 82' lang='grc' dir='ltr'><strong>Β.</strong></span> <span class='ocrx_word' id='word_1_753' title='bbox 3312 4895 3752 4962; x_wconf 62' lang='grc' dir='ltr'><strong>,ιηηίιεειιιὶἰιιιῖρπ</strong></span> 
     </span>
    </p>
   </div>
   <div class='ocr_carea' id='block_1_78' title="bbox 586 4972 3754 5054">
    <p class='ocr_par' dir='ltr' id='par_1_78' title="bbox 586 4972 3754 5054">
     <span class='ocr_line' id='line_1_78' title="bbox 586 4972 3754 5054; baseline -0.002 -17"><span class='ocrx_word' id='word_1_754' title='bbox 586 4984 730 5042; x_wconf 81' lang='lat' dir='ltr'><strong>modi</strong></span> <span class='ocrx_word' id='word_1_755' title='bbox 771 4985 1157 5048; x_wconf 86' lang='lat' dir='ltr'><strong>sacerdotibus,</strong></span> <span class='ocrx_word' id='word_1_756' title='bbox 1195 4978 1463 5038; x_wconf 88' lang='lat' dir='ltr'><strong>canonum</strong></span> <span class='ocrx_word' id='word_1_757' title='bbox 1501 4972 1981 5048; x_wconf 86' lang='lat' dir='ltr'><strong>contemptoribus,</strong></span> <span class='ocrx_word' id='word_1_758' title='bbox 2018 4992 2135 5045; x_wconf 89' lang='lat' dir='ltr'><strong>cap.</strong></span> <span class='ocrx_word' id='word_1_759' title='bbox 2245 4981 2415 5051; x_wconf 75' lang='lat' dir='ltr'><strong>(epist.</strong></span> <span class='ocrx_word' id='word_1_760' title='bbox 2460 4984 2549 5049; x_wconf 73' lang='lat'><strong>29,</strong></span> <span class='ocrx_word' id='word_1_761' title='bbox 2601 4984 2727 5036; x_wconf 83' lang='lat' dir='ltr'><strong>edit.</strong></span> <span class='ocrx_word' id='word_1_762' title='bbox 2759 4983 2952 5053; x_wconf 70' lang='lat' dir='ltr'><strong>Rom),</strong></span> <span class='ocrx_word' id='word_1_763' title='bbox 2984 5000 3085 5038; x_wconf 87' lang='lat' dir='ltr'><strong>nec</strong></span> <span class='ocrx_word' id='word_1_764' title='bbox 3110 4985 3354 5040; x_wconf 81' lang='lat' dir='ltr'><strong>inﬁrmos</strong></span> <span class='ocrx_word' id='word_1_765' title='bbox 3373 4986 3754 5054; x_wconf 73' lang='lat' dir='ltr'><strong>pcenitentes,ut</strong></span> 
     </span>
    </p>
   </div>
   <div class='ocr_carea' id='block_1_79' title="bbox 587 5068 3753 5143">
    <p class='ocr_par' dir='ltr' id='par_1_79' title="bbox 587 5068 3753 5143">
     <span class='ocr_line' id='line_1_79' title="bbox 587 5068 3753 5143; baseline -0.001 -16"><span class='ocrx_word' id='word_1_766' title='bbox 587 5075 690 5128; x_wconf 74' lang='lat' dir='ltr'><strong>I53</strong></span> <span class='ocrx_word' id='word_1_767' title='bbox 718 5071 802 5143; x_wconf 76' lang='lat' dir='ltr'><strong>lC.</strong></span> <span class='ocrx_word' id='word_1_768' title='bbox 834 5070 922 5135; x_wconf 85' lang='lat' dir='ltr'><strong>R.,</strong></span> <span class='ocrx_word' id='word_1_769' title='bbox 948 5072 1036 5141; x_wconf 74' lang='lat'><strong>75]</strong></span> <span class='ocrx_word' id='word_1_770' title='bbox 1065 5081 1291 5126; x_wconf 89' lang='lat' dir='ltr'><strong>testatur</strong></span> <span class='ocrx_word' id='word_1_771' title='bbox 1326 5093 1345 5123; x_wconf 86' lang='grc'><em>‹</em></span> <span class='ocrx_word' id='word_1_772' title='bbox 1364 5074 1509 5143; x_wconf 89' lang='lat' dir='ltr'><strong>quod</strong></span> <span class='ocrx_word' id='word_1_773' title='bbox 1532 5086 1756 5142; x_wconf 85' lang='lat' dir='ltr'><strong>regnum</strong></span> <span class='ocrx_word' id='word_1_774' title='bbox 1784 5085 1852 5123; x_wconf 78' lang='lat' dir='ltr'><strong>ex</strong></span> <span class='ocrx_word' id='word_1_775' title='bbox 1876 5068 2031 5137; x_wconf 91' lang='lat' dir='ltr'><strong>culpa</strong></span> <span class='ocrx_word' id='word_1_776' title='bbox 2054 5076 2138 5120; x_wconf 91' lang='lat' dir='ltr'><strong>ta-</strong></span> <span class='ocrx_word' id='word_1_777' title='bbox 2244 5072 2481 5140; x_wconf 88' lang='lat' dir='ltr'><strong>reliquos</strong></span> <span class='ocrx_word' id='word_1_778' title='bbox 2527 5081 2864 5143; x_wconf 78' lang='lat' dir='ltr'><strong>:egrotantes,</strong></span> <span class='ocrx_word' id='word_1_779' title='bbox 2916 5088 3072 5127; x_wconf 90' lang='lat' dir='ltr'><strong>sacro</strong></span> <span class='ocrx_word' id='word_1_780' title='bbox 3119 5073 3412 5128; x_wconf 86' lang='lat' dir='ltr'><strong>chrismate</strong></span> <span class='ocrx_word' id='word_1_781' title='bbox 3459 5073 3576 5141; x_wconf 83' lang='lat' dir='ltr'><strong>ungi</strong></span> <span class='ocrx_word' id='word_1_782' title='bbox 3614 5071 3753 5124; x_wconf 78' lang='lat' dir='ltr'><strong>licet:</strong></span> 
     </span>
    </p>
   </div>
   <div class='ocr_carea' id='block_1_80' title="bbox 586 5158 3753 5233">
    <p class='ocr_par' dir='ltr' id='par_1_80' title="bbox 586 5158 3753 5233">
     <span class='ocr_line' id='line_1_80' title="bbox 586 5158 3753 5233; baseline -0.002 -16"><span class='ocrx_word' id='word_1_783' title='bbox 586 5164 715 5217; x_wconf 91' lang='lat' dir='ltr'><strong>lium</strong></span> <span class='ocrx_word' id='word_1_784' title='bbox 745 5160 1085 5216; x_wconf 85' lang='lat' dir='ltr'><strong>sacerdotum</strong></span> <span class='ocrx_word' id='word_1_785' title='bbox 1106 5171 1481 5229; x_wconf 66' lang='lat' dir='ltr'><strong>praegravatur.</strong></span> <span class='ocrx_word' id='word_1_786' title='bbox 1514 5181 1532 5212; x_wconf 74' lang='grc' dir='ltr'><strong>ι</strong></span> <span class='ocrx_word' id='word_1_787' title='bbox 1577 5161 1643 5214; x_wconf 86' lang='lat' dir='ltr'><strong>Et</strong></span> <span class='ocrx_word' id='word_1_788' title='bbox 1665 5168 1787 5229; x_wconf 91' lang='lat' dir='ltr'><strong>post</strong></span> <span class='ocrx_word' id='word_1_789' title='bbox 1809 5174 1979 5229; x_wconf 88' lang='lat' dir='ltr'><strong>pauca</strong></span> <span class='ocrx_word' id='word_1_790' title='bbox 2007 5158 2138 5212; x_wconf 88' lang='lat' dir='ltr'><strong>sub-</strong></span> <span class='ocrx_word' id='word_1_791' title='bbox 2251 5160 2420 5215; x_wconf 69' lang='lat' dir='ltr'><strong>«Nam</strong></span> <span class='ocrx_word' id='word_1_792' title='bbox 2449 5163 2664 5231; x_wconf 88' lang='lat' dir='ltr'><strong>quibus,</strong></span> <span class='ocrx_word' id='word_1_793' title='bbox 2690 5163 2863 5232; x_wconf 90' lang='lat' dir='ltr'><strong>inquit</strong></span> <span class='ocrx_word' id='word_1_794' title='bbox 2878 5161 3024 5233; x_wconf 81' lang='lat' dir='ltr'><strong>[item</strong></span> <span class='ocrx_word' id='word_1_795' title='bbox 3044 5163 3107 5214; x_wconf 84' lang='lat' dir='ltr'><strong>de</strong></span> <span class='ocrx_word' id='word_1_796' title='bbox 3133 5178 3357 5225; x_wconf 53' lang='lat' dir='ltr'><strong>causam,</strong></span> <span class='ocrx_word' id='word_1_797' title='bbox 3386 5163 3439 5216; x_wconf 92' lang='lat' dir='ltr'><strong>d.</strong></span> <span class='ocrx_word' id='word_1_798' title='bbox 3463 5163 3512 5227; x_wconf 80' lang='lat'><strong>5,</strong></span> <span class='ocrx_word' id='word_1_799' title='bbox 3529 5160 3595 5215; x_wconf 80' lang='lat' dir='ltr'><strong>De</strong></span> <span class='ocrx_word' id='word_1_800' title='bbox 3614 5159 3753 5229; x_wconf 70' lang='lat' dir='ltr'><strong>pitui-</strong></span> 
     </span>
    </p>
   </div>
   <div class='ocr_carea' id='block_1_81' title="bbox 584 5248 3755 5324">
    <p class='ocr_par' dir='ltr' id='par_1_81' title="bbox 584 5248 3755 5324">
     <span class='ocr_line' id='line_1_81' title="bbox 584 5248 3755 5324; baseline -0.001 -19"><span class='ocrx_word' id='word_1_801' title='bbox 584 5254 795 5324; x_wconf 78' lang='lat' dir='ltr'><strong>junxit:</strong></span> <span class='ocrx_word' id='word_1_802' title='bbox 831 5269 848 5300; x_wconf 76' lang='grc' dir='ltr'><strong>ι</strong></span> <span class='ocrx_word' id='word_1_803' title='bbox 872 5248 1061 5318; x_wconf 85' lang='lat' dir='ltr'><strong>Major,</strong></span> <span class='ocrx_word' id='word_1_804' title='bbox 1097 5248 1292 5316; x_wconf 91' lang='lat' dir='ltr'><strong>inquit,</strong></span> <span class='ocrx_word' id='word_1_805' title='bbox 1326 5251 1609 5303; x_wconf 80' lang='lat' dir='ltr'><strong>metuenda</strong></span> <span class='ocrx_word' id='word_1_806' title='bbox 1635 5259 1720 5303; x_wconf 89' lang='lat' dir='ltr'><strong>est</strong></span> <span class='ocrx_word' id='word_1_807' title='bbox 1746 5251 1879 5303; x_wconf 90' lang='lat' dir='ltr'><strong>locis</strong></span> <span class='ocrx_word' id='word_1_808' title='bbox 1914 5249 2018 5302; x_wconf 90' lang='lat' dir='ltr'><strong>illis</strong></span> <span class='ocrx_word' id='word_1_809' title='bbox 2045 5264 2138 5302; x_wconf 93' lang='lat' dir='ltr'><strong>ca-</strong></span> <span class='ocrx_word' id='word_1_810' title='bbox 2247 5251 2470 5304; x_wconf 79' lang='lat' dir='ltr'><strong>tentibus</strong></span> <span class='ocrx_word' id='word_1_811' title='bbox 2494 5251 2633 5321; x_wconf 75' lang='lat' dir='ltr'><strong>vero]</strong></span> <span class='ocrx_word' id='word_1_812' title='bbox 2652 5248 3099 5320; x_wconf 73' lang='lat' dir='ltr'><strong>(pcenitentibus),</strong></span> <span class='ocrx_word' id='word_1_813' title='bbox 3127 5257 3179 5300; x_wconf 88' lang='lat' dir='ltr'><strong>et</strong></span> <span class='ocrx_word' id='word_1_814' title='bbox 3196 5250 3403 5318; x_wconf 63' lang='lat' dir='ltr'><strong>reliqua</strong></span> <span class='ocrx_word' id='word_1_815' title='bbox 3426 5258 3662 5321; x_wconf 80' lang='lat' dir='ltr'><strong>negantur</strong></span> <span class='ocrx_word' id='word_1_816' title='bbox 3685 5262 3755 5301; x_wconf 79' lang='lat' dir='ltr'><strong>sa-</strong></span> 
     </span>
    </p>
   </div>
   <div class='ocr_carea' id='block_1_82' title="bbox 586 5334 3754 5411">
    <p class='ocr_par' dir='ltr' id='par_1_82' title="bbox 586 5334 3754 5411">
     <span class='ocr_line' id='line_1_82' title="bbox 586 5334 3754 5411; baseline -0.003 -15"><span class='ocrx_word' id='word_1_817' title='bbox 586 5344 829 5406; x_wconf 80' lang='lat' dir='ltr'><strong>lainitas,</strong></span> <span class='ocrx_word' id='word_1_818' title='bbox 859 5340 951 5394; x_wconf 84' lang='lat' dir='ltr'><strong>ubi</strong></span> <span class='ocrx_word' id='word_1_819' title='bbox 985 5339 1116 5392; x_wconf 90' lang='lat' dir='ltr'><strong>tales</strong></span> <span class='ocrx_word' id='word_1_820' title='bbox 1147 5334 1526 5391; x_wconf 79' lang='lat' dir='ltr'><strong>intercessores</strong></span> <span class='ocrx_word' id='word_1_821' title='bbox 1554 5337 1621 5389; x_wconf 86' lang='lat' dir='ltr'><strong>ad</strong></span> <span class='ocrx_word' id='word_1_822' title='bbox 1646 5337 1824 5389; x_wconf 87' lang='lat' dir='ltr'><strong>locum</strong></span> <span class='ocrx_word' id='word_1_823' title='bbox 1864 5337 2139 5404; x_wconf 83' lang='lat' dir='ltr'><strong>regiminis</strong></span> <span class='ocrx_word' id='word_1_824' title='bbox 2248 5340 2835 5411; x_wconf 87' lang='lat' dir='ltr'><strong>eramenta,quomodo</strong></span> <span class='ocrx_word' id='word_1_825' title='bbox 2848 5353 3015 5391; x_wconf 88' lang='lat' dir='ltr'><strong>unum</strong></span> <span class='ocrx_word' id='word_1_826' title='bbox 3043 5339 3211 5405; x_wconf 86' lang='lat' dir='ltr'><strong>genus</strong></span> <span class='ocrx_word' id='word_1_827' title='bbox 3238 5348 3456 5407; x_wconf 89' lang='lat' dir='ltr'><strong>putatur</strong></span> <span class='ocrx_word' id='word_1_828' title='bbox 3474 5355 3617 5411; x_wconf 84' lang='lat' dir='ltr'><strong>posse</strong></span> <span class='ocrx_word' id='word_1_829' title='bbox 3645 5352 3754 5392; x_wconf 81' lang='lat' dir='ltr'><strong>con—</strong></span> 
     </span>
    </p>
   </div>
   <div class='ocr_carea' id='block_1_83' title="bbox 586 5418 3751 5501">
    <p class='ocr_par' dir='ltr' id='par_1_83' title="bbox 586 5418 3751 5501">
     <span class='ocr_line' id='line_1_83' title="bbox 586 5418 3751 5501; baseline -0.001 -16"><span class='ocrx_word' id='word_1_830' title='bbox 586 5432 942 5494; x_wconf 80' lang='lat' dir='ltr'><strong>adducuntur,</strong></span> <span class='ocrx_word' id='word_1_831' title='bbox 980 5430 1069 5498; x_wconf 90' lang='lat' dir='ltr'><strong>qui</strong></span> <span class='ocrx_word' id='word_1_832' title='bbox 1090 5428 1183 5481; x_wconf 85' lang='lat' dir='ltr'><strong>Dei</strong></span> <span class='ocrx_word' id='word_1_833' title='bbox 1216 5427 1386 5495; x_wconf 85' lang='lat' dir='ltr'><strong>magis</strong></span> <span class='ocrx_word' id='word_1_834' title='bbox 1410 5427 1463 5479; x_wconf 91' lang='lat' dir='ltr'><strong>in</strong></span> <span class='ocrx_word' id='word_1_835' title='bbox 1492 5440 1549 5478; x_wconf 90' lang='lat' dir='ltr'><strong>se</strong></span> <span class='ocrx_word' id='word_1_836' title='bbox 1578 5424 1907 5478; x_wconf 86' lang='lat' dir='ltr'><strong>iracundiam</strong></span> <span class='ocrx_word' id='word_1_837' title='bbox 1940 5439 2138 5491; x_wconf 81' lang='lat' dir='ltr'><strong>provo-</strong></span> <span class='ocrx_word' id='word_1_838' title='bbox 2245 5431 2398 5483; x_wconf 72' lang='lat' dir='ltr'><strong>cedi?</strong></span> <span class='ocrx_word' id='word_1_839' title='bbox 2422 5452 2439 5480; x_wconf 79' lang='grc' dir='ltr'><strong>ι</strong></span> <span class='ocrx_word' id='word_1_840' title='bbox 2466 5428 2543 5483; x_wconf 82' lang='lat' dir='ltr'><strong>Ne</strong></span> <span class='ocrx_word' id='word_1_841' title='bbox 2584 5430 2686 5483; x_wconf 87' lang='lat' dir='ltr'><strong>sibi</strong></span> <span class='ocrx_word' id='word_1_842' title='bbox 2730 5418 2860 5495; x_wconf 80' lang='lat' dir='ltr'><strong>ipsis</strong></span> <span class='ocrx_word' id='word_1_843' title='bbox 2885 5427 3283 5482; x_wconf 87' lang='lat' dir='ltr'><strong>damnationem</strong></span> <span class='ocrx_word' id='word_1_844' title='bbox 3308 5433 3482 5499; x_wconf 86' lang='lat' dir='ltr'><strong>potius</strong></span> <span class='ocrx_word' id='word_1_845' title='bbox 3506 5443 3652 5501; x_wconf 87' lang='lat' dir='ltr'><strong>quam</strong></span> <span class='ocrx_word' id='word_1_846' title='bbox 3680 5439 3751 5479; x_wconf 67' lang='lat' dir='ltr'><strong>Ie-</strong></span> 
     </span>
    </p>
   </div>
   <div class='ocr_carea' id='block_1_84' title="bbox 587 5506 3754 5591">
    <p class='ocr_par' dir='ltr' id='par_1_84' title="bbox 587 5506 3754 5591">
     <span class='ocr_line' id='line_1_84' title="bbox 587 5506 3754 5591; baseline -0.002 -17"><span class='ocrx_word' id='word_1_847' title='bbox 587 5531 728 5585; x_wconf 89' lang='lat' dir='ltr'><strong>cent,</strong></span> <span class='ocrx_word' id='word_1_848' title='bbox 770 5536 931 5590; x_wconf 89' lang='lat' dir='ltr'><strong>quam</strong></span> <span class='ocrx_word' id='word_1_849' title='bbox 958 5536 1051 5588; x_wconf 76' lang='lat' dir='ltr'><strong>per</strong></span> <span class='ocrx_word' id='word_1_850' title='bbox 1083 5518 1400 5588; x_wconf 86' lang='lat' dir='ltr'><strong>semetipsos</strong></span> <span class='ocrx_word' id='word_1_851' title='bbox 1437 5514 1649 5584; x_wconf 88' lang='lat' dir='ltr'><strong>populis</strong></span> <span class='ocrx_word' id='word_1_852' title='bbox 1685 5513 1897 5582; x_wconf 85' lang='lat' dir='ltr'><strong>placare</strong></span> <span class='ocrx_word' id='word_1_853' title='bbox 1943 5512 2139 5566; x_wconf 89' lang='lat' dir='ltr'><strong>debue-</strong></span> <span class='ocrx_word' id='word_1_854' title='bbox 2244 5519 2559 5571; x_wconf 89' lang='lat' dir='ltr'><strong>missionem</strong></span> <span class='ocrx_word' id='word_1_855' title='bbox 2606 5516 2920 5583; x_wconf 77' lang='lat' dir='ltr'><strong>acquirant,</strong></span> <span class='ocrx_word' id='word_1_856' title='bbox 2963 5514 3011 5568; x_wconf 86' lang='lat' dir='ltr'><strong>si</strong></span> <span class='ocrx_word' id='word_1_857' title='bbox 3042 5516 3248 5582; x_wconf 87' lang='lat' dir='ltr'><strong>eadem,</strong></span> <span class='ocrx_word' id='word_1_858' title='bbox 3276 5529 3386 5575; x_wconf 87' lang='lat' dir='ltr'><strong>tam</strong></span> <span class='ocrx_word' id='word_1_859' title='bbox 3410 5520 3620 5591; x_wconf 85' lang='lat' dir='ltr'><strong>indigni,</strong></span> <span class='ocrx_word' id='word_1_860' title='bbox 3643 5506 3754 5570; x_wconf 76' lang='lat' dir='ltr'><strong>nen-</strong></span> 
     </span>
    </p>
   </div>
   <div class='ocr_carea' id='block_1_85' title="bbox 586 5598 3754 5681">
    <p class='ocr_par' dir='ltr' id='par_1_85' title="bbox 586 5598 3754 5681">
     <span class='ocr_line' id='line_1_85' title="bbox 586 5598 3754 5681; baseline 0.001 -19"><span class='ocrx_word' id='word_1_861' title='bbox 586 5618 728 5664; x_wconf 89' lang='lat' dir='ltr'><strong>rant.</strong></span> <span class='ocrx_word' id='word_1_862' title='bbox 2108 5637 2111 5640; x_wconf 55' lang='grc' dir='ltr'>ν</span> <span class='ocrx_word' id='word_1_863' title='bbox 2241 5606 2369 5659; x_wconf 91' lang='lat' dir='ltr'><strong>dum</strong></span> <span class='ocrx_word' id='word_1_864' title='bbox 2392 5620 2522 5660; x_wconf 89' lang='lat' dir='ltr'><strong>sane</strong></span> <span class='ocrx_word' id='word_1_865' title='bbox 2556 5618 2651 5672; x_wconf 86' lang='lat' dir='ltr'><strong>per</strong></span> <span class='ocrx_word' id='word_1_866' title='bbox 2676 5598 3056 5670; x_wconf 68' lang='lat' dir='ltr'><strong>paenitentiam</strong></span> <span class='ocrx_word' id='word_1_867' title='bbox 3082 5607 3148 5661; x_wconf 88' lang='lat' dir='ltr'><strong>ad</strong></span> <span class='ocrx_word' id='word_1_868' title='bbox 3175 5609 3393 5677; x_wconf 86' lang='lat' dir='ltr'><strong>plenum</strong></span> <span class='ocrx_word' id='word_1_869' title='bbox 3418 5609 3634 5681; x_wconf 78' lang='lat' dir='ltr'><strong>purgati.</strong></span> <span class='ocrx_word' id='word_1_870' title='bbox 3654 5616 3754 5674; x_wconf 68' lang='lat' dir='ltr'><strong>per:</strong></span> 
     </span>
    </p>
   </div>
   <div class='ocr_carea' id='block_1_86' title="bbox 657 5692 3752 5771">
    <p class='ocr_par' dir='ltr' id='par_1_86' title="bbox 657 5692 3752 5771">
     <span class='ocr_line' id='line_1_86' title="bbox 657 5692 3752 5771; baseline 0.001 -19"><span class='ocrx_word' id='word_1_871' title='bbox 657 5697 785 5753; x_wconf 73' lang='lat' dir='ltr'><strong>lure</strong></span> <span class='ocrx_word' id='word_1_872' title='bbox 828 5698 990 5771; x_wconf 86' lang='lat' dir='ltr'><strong>igitur</strong></span> <span class='ocrx_word' id='word_1_873' title='bbox 1028 5698 1198 5753; x_wconf 82' lang='lat' dir='ltr'><strong>nostri</strong></span> <span class='ocrx_word' id='word_1_874' title='bbox 1240 5697 1497 5767; x_wconf 84' lang='lat' dir='ltr'><strong>temporis</strong></span> <span class='ocrx_word' id='word_1_875' title='bbox 1549 5694 1841 5765; x_wconf 85' lang='lat' dir='ltr'><strong>Gregorius</strong></span> <span class='ocrx_word' id='word_1_876' title='bbox 1880 5692 2135 5763; x_wconf 86' lang='lat' dir='ltr'><strong>populum</strong></span> <span class='ocrx_word' id='word_1_877' title='bbox 2242 5695 2460 5760; x_wconf 67' lang='lat' dir='ltr'><strong>cipiant.</strong></span> <span class='ocrx_word' id='word_1_878' title='bbox 2515 5692 2573 5747; x_wconf 90' lang='lat' dir='ltr'><strong>Si</strong></span> <span class='ocrx_word' id='word_1_879' title='bbox 2611 5692 2774 5758; x_wconf 70' lang='lat' dir='ltr'><strong>igitur</strong></span> <span class='ocrx_word' id='word_1_880' title='bbox 2818 5694 3135 5761; x_wconf 73' lang='lat' dir='ltr'><strong>pmnitentes</strong></span> <span class='ocrx_word' id='word_1_881' title='bbox 3179 5701 3344 5755; x_wconf 83' lang='lat' dir='ltr'><strong>etiam</strong></span> <span class='ocrx_word' id='word_1_882' title='bbox 3390 5701 3633 5757; x_wconf 81' lang='lat' dir='ltr'><strong>canonice</strong></span> <span class='ocrx_word' id='word_1_883' title='bbox 3674 5706 3752 5761; x_wconf 72' lang='lat' dir='ltr'><strong>PN</strong></span> 
     </span>
    </p>
   </div>
  </div>
