3956 6380
218 387 359 441 1153
1089 379 1367 435 AI’PEND.
1409 376 1492 434 ΙΙΙ,
1533 406 1602 417 -
1635 373 2058 434 ΜθΝυΜΕΝΤΑ
2092 373 2544 430 GREGORIANA.
3272 372 3406 427 “54

212 494 536 554 criminibus
585 493 700 548 suis
747 490 1134 546 satisfacientes
1183 492 1376 545 divinis
1419 489 1768 545 sacramentis
1798 490 1840 542 Α
1867 498 2087 538 uxorem
2132 483 2335 546 habuit,
2382 481 2520 550 quod
2557 495 2662 534 non
2705 487 2944 548 Oportcat
2975 493 3042 533 eo
3075 478 3408 534 ministrante

207 588 524 656 judicantur
561 584 784 652 indigni,
829 589 1030 650 quanto
1059 582 1227 650 magis
1253 581 1346 645 illi,
1383 579 1471 648 qui
1503 595 1607 632 non
1643 595 1756 646 ρω-
1857 573 1924 625 de
1963 571 2231 625 oblatione
2260 571 2551 639 percipere,
2599 570 2881 623 anathema
2915 569 3000 621 sit.
3035 588 3051 619 ι
3091 568 3203 624 Hoc
3243 570 3405 625 etiam

212 677 409 736 nitere,
440 672 536 725 sed
563 671 749 738 culpas
781 685 908 724 suas
936 670 1048 738 jam
1077 670 1275 722 dudum
1311 669 1604 737 publi'catas
1637 683 1759 736 per-
1858 665 2035 728 caput,
2067 660 2219 729 juxta
2247 659 2389 713 Petri
2439 659 2665 728 apostoli
2709 660 3101 713 attestationem
3145 660 3199 712 in
3251 676 3409 714 suam

210 762 469 814 tinaciter
504 758 786 813 defendere
814 759 1118 812 conantur?
1146 759 1257 826 qui,
1289 767 1341 811 et
1357 757 1439 836 [ρ.
1475 757 1560 823 ιι,
1595 773 1761 812 cano-
1859 751 2097 818 ipsorum
2134 750 2421 817 perniciem
2462 749 2810 816 depravantes
2855 747 2940 816 (II
2985 748 3128 800 Petr.
3177 749 3281 818 ιιι),
3329 749 3405 804 ita

209 848 402 919 nibus]
431 850 700 903 obstinato
740 848 919 900 animo
961 847 1266 901 resistentes
1305 847 1464 901 etiam
1507 846 1760 916 Spiritum

1861 839 2205 907 pronuntiant
2233 857 2245 890 :
2281 857 2297 887 ‹
2327 837 2640 905 Quicunque
2677 837 3002 890 recusaverit
3025 838 3241 890 missam
3270 854 3407 892 con-
3491 899 3499 907 _

209 947 467 992 sanctum
485 937 853 1004 blaspliemare
875 937 1180 1002 probantur.
1213 934 1300 990 Sic
1321 938 1462 990 enim
1486 936 1544 991 Β.
1573 937 1765 992 Dama-

207 1046 309 1085 sus
333 1047 472 1100 papa
506 1032 557 1084 in
597 1030 816 1099 epistola
845 1029 953 1098 (Ξὸ,
984 1046 1036 1099 q.
1085 1031 1134 1095 l,
1164 1047 1213 1086 c.
1257 1031 1308 1094 5,
1357 1031 1661 1102 Violatorea)
1698 1034 1766 1088 ad

209 1119 270 1174 S.
305 1121 588 1176 Aurelium
613 1120 1083 1193 Carthaginiensem
1115 1121 1572 1198 archiepiscopum
1604 1133 1766 1177 testa-

207 1222 303 1265 tur
336 1231 349 1266 :
389 1233 404 1259 ι
439 1211 754 1277 \‘iolatorcs,
779 1212 968 1280 inquit,
995 1228 1260 1266 canonum
1291 1215 1572 1268 voluntarii
1596 1203 1767 1284 gravi-

206 1309 294 1354 ter
321 1317 353 1354 a
387 1299 484 1354 SS.
520 1295 1116 1371 Patribusjudicantur,
1151 1313 1203 1357 et
1245 1319 1274 1358 a
1315 1314 1501 1359 sancto
1545 1305 1764 1375 Spiritu,

206 1379 400 1458 (cujus
436 1390 690 1445 instinctu
723 1407 784 1446 ac
824 1392 964 1461 dono
1007 1394 1188 1448 dictati
1233 1397 1380 1464 sunt)
1425 1397 1769 1468 damnantur,

203 1481 474 1548 quoniam
526 1482 893 1550 blasphemare
935 1481 1190 1552 Spiritum
1241 1495 1482 1540 sanetum
1534 1504 1639 1542 non
1691 1493 1771 1544 in-

1856 927 2027 994 jngati
2048 928 2360 996 presbyteri,
2381 928 2661 981 anathema
2688 927 2775 992 sit,
2807 945 2825 976 ι
2852 927 3052 980 scilicet
3081 937 3138 981 ut
3159 942 3251 983 eos
3273 943 3406 982 ana-

1864 1016 2234 1070 tliematizatos
2257 1031 2375 1070 esse
2395 1017 2760 1069 demonstrent
2781 1017 2893 1091 qui,
2910 1017 3218 1084 apostolicis
3249 1018 3405 1084 insti-

1865 1106 1990 1159 tutis
2021 1106 2342 1171 obedientes,
2364 1105 2798 1160 incontinentium
2828 1106 3256 1175 presbyterorum
3279 1110 3409 1165 mis-

1862 1210 1951 1247 sas
1987 1195 2220 1262 recipere
2261 1195 2572 1250 detrectent.
2627 1195 2729 1250 Sed
2769 1195 2986 1249 frustra.
3027 1195 3159 1250 Nam
3209 1201 3404 1267 praedi-

1863 1293 2008 1337 ctum
2033 1292 2190 1352 caput
2217 1285 2336 1338 illos
2371 1295 2576 1339 tantum
2601 1285 3009 1339 anathematizat
3033 1288 3123 1355 qui
3147 1299 3410 1357 respuunt

1865 1374 2156 1445 presbyteri
2202 1375 2559 1438 oblationem,
2599 1391 2704 1428 non
2748 1375 2838 1443 qui
2888 1376 3045 1428 modo
3087 1378 3260 1442 habet,
3313 1380 3406 1432 sed

1865 1463 1957 1532 qui
1991 1464 2259 1532 quondam
2292 1464 2476 1518 habuit
2509 1479 2747 1517 uxorem.
2784 1462 2859 1516 Eo
2886 1465 3029 1518 enim
3065 1476 3318 1536 tempore,
3347 1479 3410 1522 ut

206 1584 456 1640 congrue
501 1572 746 1625 videntur
774 1575 865 1641 qui
889 1585 1072 1628 contra
1100 1576 1314 1630 eosdem
1336 1593 1520 1634 sacros
1539 1596 1774 1639 canones
1868 1553 2119 1622 pralogus
2164 1553 2487 1623 Gangrensis
2520 1553 2731 1606 concilii
2769 1562 3010 1618 testatur,
3054 1567 3206 1610 erant
3234 1558 3406 1613 hatre-

205 1675 317 1712 non
349 1662 669 1715 necessitate
690 1665 969 1732 compulsi,
987 1665 1078 1718 sed
1105 1666 1346 1733 libenter,
1364 1678 1422 1723 ut
1436 1673 1771 1739 praemissum

204 1759 311 1814 est,
335 1749 541 1819 aliquid
569 1761 661 1805 aut
681 1761 921 1836 proterve
941 1765 1123 1824 agunt,
1143 1767 1235 1810 aut
1252 1759 1398 1828 loqui
1420 1775 1768 1832 praesumunt,

1869 1640 1957 1694 tici
2004 1651 2294 1697 sectatores
2334 1644 2612 1711 cujusdam
2657 1641 2887 1697 Eustasii
2935 1643 3266 1717 [Eustathii],
3312 1649 3405 1716 qui

1870 1731 2130 1800 legitimas
2178 1733 2392 1802 nuptias
2426 1733 2582 1802 quasi
2607 1734 2827 1787 mortale
2851 1734 3051 1788 crimen
3082 1736 3404 1790 condemna-

205 1848 303 1892 aut
328 1839 509 1894 facere
538 1820 832 1896 volentibus
852 1820 1040 1911 sponte
1060 1820 1435 1903 consentio-nt.-
1451 1848 1592 1906 Talis
1617 1820 1768 1908 enim,
1801 1825 1842 1879 Β
1865 1820 2012 1884 bam’
2046 1831 2343 1876 asserentes
2379 1823 2581 1876 "unum
2609 1824 2661 1875 in
2687 1824 2951 1892 conJUgali
2979 1825 3140 1893 gradu
3173 1827 3403 1894 posuum

205 1931 563 1999 praesumptio
589 1931 865 1987 manifeste
895 1949 1060 1989 unum
1085 1951 1254 2005 genus
1275 1948 1358 1993 est
1390 1940 1762 2009 blaspheman-

204 2018 348 2071 tium
387 2018 646 2087 Spiritum
691 2031 955 2076 sanctum.
1001 2023 1156 2089 Quia,
1187 2035 1248 2080 ut
1275 2027 1384 2095 jam
1428 2032 1759 2098 pmlibatum

201 2117 311 2172 est,
341 2118 537 2163 contra
557 2125 678 2164 eum
704 2113 812 2182 agit
842 2115 995 2183 cujus
1028 2126 1160 2171 nutu
1191 2127 1242 2180 et
1270 2121 1438 2188 gratia
1473 2125 1641 2178 sancti
1665 2141 1759 2180 ca-

205 2213 385 2254 nones
413 2200 543 2254 editi
571 2212 712 2256 sunt.
747 2222 764 2253 ι

273 2287 468 2358 Itaque
502 2291 576 2345 illi
611 2295 913 2350 sacerdotes
937 2297 1029 2366 qni
1068 2305 1177 2352 tam
1211 2302 1540 2370 gravissimis
1572 2306 1758 2361 crimi-

206 2379 454 2435 minibus
496 2392 622 2437 sunt
664 2384 900 2455 obligati,
944 2387 1052 2441 imo
1089 2389 1179 2458 qui
1209 2407 1306 2458 pro
1339 2393 1536 2447 eisdem
1568 2411 1760 2451 secun-

203 2473 340 2526 dum
364 2477 623 2532 canonica
645 2477 884 2532 instituta
900 2479 1010 2548 jam
1031 2490 1157 2534 sunt
1176 2483 1434 2550 damnati,
1459 2488 1760 2544 nullatenus

205 2568 316 2622 nisi
343 2569 402 2623 in
437 2573 728 2640 perniciem
763 2587 916 2626 suam
949 2574 1250 2630 sacriﬁcare
1296 2589 1536 2647 possunt.
1588 2580 1758 2649 Unde,

203 2667 260 2711 et
296 2659 374 2713 illi
411 2675 520 2714 non
555 2677 740 2730 parum
775 2663 1208 2737 deliquerunt[C.
1235 2667 1322 2733 ιι,
1347 2671 1756 2742 delinquerent],

205 2749 526 2819 quicunque
547 2752 676 2820 ipsis
697 2752 750 2805 in
771 2754 1038 2822 propriam
1068 2771 1250 2810 necem
1269 2759 1571 2814 sacriﬁcare
1601 2777 1758 2816 usur-

206 2839 489 2914 pantibus,
522 2857 615 2910 per
642 2842 826 2896 solitas
855 2845 1230 2913 responsiones
1255 2849 1306 2901 in
1341 2849 1504 2904 missa
1531 2852 1759 2907 scienter

202 2931 491 2998 cooperari
540 2942 938 3000 praesumerent.
978 2933 1092 2989 Non
1125 2937 1265 2992 enim
1304 2953 1401 3007 pro
1441 2955 1606 3009 parvo
1655 2942 1759 2995 cri-

205 3019 705 3084 mine-baberetnr,
742 3023 788 3075 si
834 3023 956 3090 quis
999 3025 1155 3078 alicui
1202 3027 1435 3094 scipsum
1476 3029 1759 3086 crudeliter

202 3108 478 3162 occidenti
515 3110 743 3182 scienter
769 3095 1161 3185 cooperaretur.
1202 3112 1604 3182 Sapientissime
1629 3134 1755 3187 ergo

206 3207 399 3252 noster
428 3201 750 3268 apostolicus
780 3202 1032 3271 populum
1075 3205 1376 3274 hujusmodi
1406 3217 1756 3276 przesumpto-

206 3301 332 3340 rum
371 3291 809 3357 usurpationibus
851 3291 1108 3347 interesse
1150 3295 1436 3362 prohibuit,
1485 3313 1619 3366 quas
1649 3313 1753 3351 non

205 3377 388 3430 solum
429 3378 736 3434 ductoribus
763 3395 967 3446 earum,
998 3369 1090 3436 sed
1122 3393 1175 3437 et
1195 3387 1556 3453 receptoribus
1579 3387 1756 3453 perni-

205 3467 394 3522 ciosas
422 3482 541 3523 esse
567 3484 674 3524 non
707 3469 988 3542 ignoravit.
1028 3471 1118 3527 Sic
1141 3473 1284 3527 enim
1316 3473 1428 3542 ipse
1449 3473 1704 3528 Dominus
1725 3490 1755 3527 a

204 3554 351 3612 Core
376 3557 603 3630 ejusque
629 3562 968 3637 sequacibus,
995 3565 1330 3619 sacriﬁcandi
1355 3564 1582 3619 oilicium
1604 3580 1758 3618 usur-

206 3649 488 3715 pantibus,
535 3651 769 3720 reliquos
819 3652 956 3707 ﬁlios
999 3652 1159 3706 Israel
1204 3655 1473 3709 discedere
1511 3655 1757 3724 praecepit

206 3735 405 3804 (Num.
432 3740 560 3807 xvi),
585 3753 652 3792 ne
673 3740 902 3807 peccatis
924 3755 1110 3794 eorum
1132 3742 1545 3807 invoiverentur,
1575 3745 1758 3812 sicque

206 3827 588 3883 crudelissima
629 3837 801 3883 morte
829 3845 952 3884 cum
982 3830 1182 3884 eisdem
1215 3831 1458 3886 damnari
1492 3847 1758 3886 mercien-

205 3928 318 3973 tur.
357 3919 496 3974 Nam
525 3921 625 3991 ipsi
647 3922 1032 3989 haeresiarchas,
1057 3925 1321 3989 videlicet,
1341 3925 1498 3991 Core,
1528 3925 1754 3991 Dathan,

205 4018 262 4062 et
283 4009 514 4073 Abii-on,
559 4026 681 4064 cum
727 4012 975 4068 universa
1013 4027 1198 4067 eorum
1235 4016 1529 4069 substantia
1557 4017 1662 4070 vivi
1692 4017 1757 4070 ad

207 4094 486 4149 infernum
501 4110 566 4148 ex
592 4096 879 4164 improviso
897 4097 1306 4154 descenderunt.
1346 4099 1612 4169 Sequaces
1633 4118 1757 4156 vero

206 4199 404 4238 eorum
437 4199 533 4253 per
557 4185 732 4254 ignem
761 4201 1035 4255 egressum
1058 4203 1089 4242 a
1114 4188 1339 4245 Domino
1373 4190 1582 4258 penitus
1613 4207 1757 4245 com-

207 4274 333 4328 ouri
368 4283 678 4328 meruerunt
699 4274 906 4344 (Ibid.).
945 4276 1146 4333 Horum
1175 4279 1333 4349 igitur
1356 4280 1686 4334 subitaneam
1707 4291 1760 4336 et

210 4363 610 4419 scverissimam
641 4364 893 4420 ultionem
933 4368 1006 4422 illi
1036 4370 1313 4438 diligenter
1338 4371 1634 4436 attendant,
1665 4372 1758 4440 qui

209 4461 405 4508 contra
445 4449 735 4524 apostolica
765 4466 1024 4526 praecepta
1064 4459 1404 4513 interdictum
1444 4460 1554 4524 sibi,
1579 4473 1755 4521 sacer.-
1787 4477 1829 4530 ι)

211 4542 394 4597 .lotale
414 4542 643 4598 cilicium
667 4545 931 4599 obstinata
953 4546 1246 4599 temeritate
1278 4556 1554 4614 usurpant.

279 4651 396 4708 Nec
435 4653 610 4708 otiose
656 4665 880 4711 mortem
916 4653 1038 4711 01a:
1081 4656 1433 4722 considerent,
1473 4657 1585 4726 qui,
1632 4674 1754 4713 cum

213 4741 385 4795 David
411 4756 591 4794 arcam
620 4742 830 4797 Domini
859 4746 926 4799 de
958 4745 1238 4800 Philistiim
1264 4744 1316 4796 in
1347 4759 1485 4799 novo
1516 4746 1756 4814 plaustro

213 4831 510 4892 reduceret,
539 4845 569 4884 a
595 4830 819 4885 Domino
842 4839 1129 4910 percussus
1155 4832 1374 4898 interiit,
1398 4849 1462 4888 eo
1491 4835 1634 4904 quod
1663 4850 1755 4888 ar-

215 4937 360 4987 cam,
389 4920 514 4975 licet
533 4921 645 4989 jam
678 4919 948 4993 casuram:
977 4940 1137 4978 manu
1163 4932 1462 4979 sustentare
1493 4939 1753 4993 pnesum-

215 5010 388 5080 pserit
432 5006 517 5079 (Il
559 5009 680 5079 Reg.
725 5006 819 5078 vi).
867 5009 923 5063 Si
947 5006 1106 5066 ‘enim
1145 5014 1231 5066 ille
1260 5013 1450 5067 merito
1481 5013 1638 5082 periit
1663 5015 1755 5084 qui

217 5116 420 5155 .cmcte
453 5101 664 5170 quidem
722 5101 814 5154 sed
842 5101 1064 5170 benigne
1090 5119 1266 5178 arcam
1291 5101 1498 5156 Domini
1550 5113 1754 5158 tantum

217 5188 412 5255 tetigit,
440 5199 640 5257 quanto
659 5189 830 5258 magis
851 5189 953 5252 ille,
982 5191 1074 5257 qui
1101 5201 1281 5246 contra
1297 5191 1378 5246 fas
1397 5200 1450 5246 et
1463 5192 1554 5259 jus
1578 5193 1752 5261 ipsum

220 5291 414 5345 Jorpus
435 5274 645 5331 Domini
669 5285 999 5332 contrectare
1043 5277 1248 5348 sibique
1272 5281 1608 5348 incorporare
1619 5296 1755 5349 pra:-

221 5363 388 5419 sumit
408 5363 657 5432 indignos
676 5365 700 5416 ’ἐ

285 5475 416 5528 Car.
454 5473 592 5528 XIX.
632 5473 857 5538 Quidam
901 5485 1075 5531 tamen
1118 5476 1248 5531 satis
1292 5477 1533 5546 imperite
1577 5487 1757 5533 nostro

228 5565 519 5634 ipostolico
554 5564 811 5632 objiciunt
830 5575 1076 5631 quartum
1104 5566 1425 5636 Gangrensis
1445 5568 1652 5619 concilii
1676 5583 1761 5620 ca-

166 5696 181 5725 ,
225 5655 490 5724 pitulum:
532 5674 549 5705 ι
577 5653 890 5722 Quicunque
935 5655 1186 5710 discernit
1224 5673 1253 5712 a
1297 5656 1620 5726 presbytero,
1665 5658 1755 5725 qui

1861 1925 2010 1978 spem
2039 1911 2233 1966 habere
2281 1912 2420 1980 apud
2455 1911 2640 1964 Deum.
2682 1911 2832 1965 Unde
2872 1922 2924 1966 et
2960 1915 3254 1970 oblationes
3281 1932 3404 1985 pre-

1859 2000 2216 2069 sbyterorum,
2245 2001 2405 2054 etiam
2433 2010 2555 2054 ante
2594 2001 2980 2055 ordinationem
3013 2005 3247 2072 legitime
3268 2022 3404 2061 con-

1853 2089 2475 2162 jugatorum,respuisse
2517 2091 2818 2145 traduntur.
2871 2091 3073 2162 Quippe
3110 2095 3403 2164 legitimum

1859 2179 2167 2248 conjugium
2209 2195 2306 2249 pro
2348 2181 2560 2236 mortali
2604 2181 2827 2235 crimine
2872 2182 3204 2251 deputantes,
3248 2187 3406 2255 quale

1859 2268 2018 2322 etiam
2041 2269 2086 2322 si
2114 2270 2236 2338 quis
2261 2270 2362 2324 hoc
2384 2279 2619 2338 tempore
2647 2279 2982 2338 perpetrasse
3009 2273 3288 2341 detegitur,
3321 2277 3402 2328 al-

1856 2357 1961 2410 tari
1995 2358 2468 2426 ministrarejuxta
2499 2373 2732 2414 canones
2771 2374 2876 2411 non
2907 2349 3245 2428 permittitur.
3293 2362 3403 2417 Me-

1858 2446 1963 2501 rito
2006 2446 2168 2516 igitur
2208 2438 2638 2502 anathematiza'ti
2672 2457 2799 2501 sunt
2828 2449 2982 2502 iidem
3022 2451 3277 2518 lneretici,
3306 2454 3403 2508 do-

1860 2537 2208 2606 gmatizantes
2252 2547 2437 2592 contra
2489 2538 2618 2591 illud
2664 2538 2901 2608 Apostoli
2935 2557 2946 2592 :
2987 2559 3005 2588 ‹
3034 2539 3090 2592 Si
3135 2544 3402 2610 acceperis

1860 2642 2100 2691 uxorem,
2123 2642 2231 2681 non
2252 2627 2480 2696 peccasti
2502 2627 2555 2695 (1
2579 2627 2697 2680 Cor.
2721 2629 2836 2696 vn).
2861 2647 2878 2678 ι
2905 2627 2968 2682 Et
2984 2629 3112 2683 illud
3142 2649 3154 2682 :
3188 2650 3206 2681 ι
3225 2615 3400 2700 Opor-

1859 2723 1934 2768 tet
1967 2715 2274 2783 episcopum
2307 2715 2464 2768 unius
2494 2715 2675 2768 uxoris
2706 2729 2826 2769 esse
2853 2715 3021 2768 virum
3054 2716 3108 2785 (Ι
3143 2718 3274 2771 Tim.
3307 2735 3396 2784 ιιι;

1862 2802 1965 2856 Tit.
2000 2803 2058 2873 ι).
2089 2823 2107 2856 ι
2152 2803 2298 2873 Saepe
2323 2805 2554 2872 positum
2579 2813 2755 2858 autem
2783 2805 2950 2858 nostri
2974 2807 3250 2874 apostolici
3285 2817 3398 2863 sta-

1857 2902 2030 2947 tutum
2056 2894 2184 2947 nulli
2211 2895 2453 2962 prohibet
2477 2895 2661 2949 aulire
2684 2896 2903 2948 missam
2934 2895 3076 2949 illius
3105 2899 3400 2969 presbyteri

1857 2983 1969 3052 qui,
2008 2984 2159 3050 juxta
2195 2985 2538 3052 apostolicam
2579 2985 3004 3053 permissionem,
3037 2994 3160 3040 ante
3186 3003 3400 3044 sacrum

1855 3071 2116 3136 ordinem,
2155 3087 2317 3125 unam
2364 3081 2570 3125 tantum
2608 3088 2824 3126 uxorem
2856 3074 3059 3139 habuit,
3089 3079 3303 3145 quando
3346 3089 3402 3134 et

1781 3161 1821 3217 C
1851 3157 1968 3212 Sine
1988 3159 2213 3215 crimine
2242 3175 2460 3226 uxorem
2493 3162 2686 3216 ducere
2716 3163 2916 3230 potuit;
2959 3164 3072 3230 sed,
3105 3166 3248 3222 illius
3272 3184 3398 3238 pre-

1854 3249 2049 3320 sbyteri
2094 3250 2207 3320 qui,
2246 3250 2794 3320 contIaApostolum,
2845 3253 2896 3305 in
2921 3254 3144 3310 crimine
3165 3256 3395 3314 fornica-

1854 3338 2014 3410 tionis
2041 3337 2301 3408 detegitur
2321 3340 2519 3408 jacere,
2547 3356 2706 3408 quem
2740 3341 2838 3408 ipsi
2869 3343 3092 3408 apostoli
3116 3353 3169 3398 et
3203 3346 3397 3414 reliqui

1853 3427 2024 3481 sancti
2041 3427 2226 3482 Patres
2247 3443 2632 3497 successorque
2655 3444 2840 3482 eorum
2859 3438 3040 3484 noster
3067 3435 3395 3502 apostolicus

1853 3530 1882 3569 a
1919 3516 2282 3571 sacratissimo
2309 3516 2480 3571 ofﬁcio
2507 3515 2862 3586 segregavere.
2904 3510 3068 3588 Igitur
3086 3523 3394 3592 quicunque

1853 3605 2158 3674 hujusmodi
2183 3607 2610 3678 presbyterorum
2633 3608 2826 3662 missas
2846 3611 3069 3678 respuit,
3094 3613 3396 3671 nullatenus

1857 3703 2034 3750 tamen
2077 3697 2338 3766 superiori
2386 3696 2824 3752 Enstasianorum
2875 3698 3397 3776 [Eustathianorum]

1854 3787 2177 3840 anathemati
2197 3787 2512 3856 subjacebit,
2535 3803 2657 3842 cum
2679 3789 2877 3856 Optime
2895 3788 3151 3857 Apostolo
3175 3808 3397 3847 consen-

1854 3875 1952 3928 tiat
1984 3876 2076 3945 qui
2102 3883 2156 3929 et
2183 3878 2548 3931 sacerdotibus
2580 3877 2957 3930 continentiam
2988 3879 3192 3945 indicit,
3238 3891 3291 3936 et
3333 3883 3398 3937 ﬁ-

1854 3965 1999 4019 deles
2043 3966 2535 4034 praevaricatoribus
2585 3979 2889 4019 sermonum
2943 3967 3061 4036 ejus
3112 3971 3396 4027 admisceri

1856 4069 1962 4108 non
2007 4044 2279 4121 permittit.

1923 4140 2223 4197 Notandum
2270 4151 2446 4198 autem
2490 4146 2633 4215 quod
2679 4157 2860 4201 noster
2898 4148 3202 4218 Gregorius,
3237 4151 3394 4219 juxta

1858 4229 1954 4286 SS.
1978 4231 2198 4287 Patrum
2223 4242 2441 4301 statuta,
2465 4236 2613 4305 prius
2647 4237 3034 4290 incontinentes
3047 4240 3393 4309 presbyteros

1858 4322 2031 4376 cilicio
2059 4323 2310 4391 privavit,
2351 4325 2690 4392 postmodum
2734 4324 2930 4391 pepulo
2955 4341 3021 4378 ne
3051 4341 3236 4381 eorum
3273 4330 3392 4384 olli-

1859 4413 1942 4466 eia
1994 4412 2252 4480 reciperet
2283 4411 2570 4464 interdixit.
2611 4410 2760 4465 Unde
2780 4427 2888 4466 non
2924 4421 3034 4468 tam
3059 4415 3405 4480 incontinens

1855 4503 1984 4554 tium
2010 4515 2168 4569 quam
2189 4515 2284 4568 pro
2307 4500 2685 4555 incontinentia
2703 4501 3075 4558 damnatorum
3092 4507 3284 4563 missas
3296 4507 3394 4564 au-

1854 4591 1967 4644 dire
2000 4590 2287 4658 prohibuit,
2328 4605 2396 4644 ne
2435 4599 2489 4645 et
2545 4593 2771 4661 populus
2801 4593 2953 4662 juxta
3000 4596 3387 4652 Antiochenum

1853 4682 2135 4735 concilium
2170 4683 2270 4736 sub
2296 4685 2842 4755 excommunicatione
2869 4695 3170 4751 poneretur,
3214 4687 3259 4740 si
3294 4701 3390 4741 eo-

1854 4785 1971 4823 rum
1996 4770 2163 4825 oﬂicia
2201 4773 2433 4842 recipere
2459 4780 2817 4842 pnesumeret.
2858 4771 2973 4838 Ipse
3013 4782 3188 4826 autem
3221 4773 3395 4844 Spiri-

1853 4867 1939 4932 tus
1960 4868 2176 4915 sanctus
2201 4877 2291 4929 per
2307 4861 2603 4918 Samuelem
2630 4861 2940 4928 prophetam
2963 4861 3116 4923 docet
3134 4867 3392 4933 populum

1859 4958 1918 5003 ut
1955 4950 2227 5004 canonicis
2258 4949 2679 5002 institutionibus
2714 4950 2882 5003 nostri
2911 4952 3186 5019 apostolici
3217 4957 3392 5023 potius

1857 5038 2067 5091 obediat
2087 5051 2246 5104 quam
2269 5036 2569 5104 hujusmodi
2591 5047 3031 5106 prmsumptorum
3057 5046 3314 5098 sacriﬁcia
3336 5062 3392 5100 Ill

1858 5126 2148 5194 periculum
2203 5139 2359 5178 suum
2407 5126 2642 5195 recipiat.
2667 5187 2673 5194 ﬂ
2700 5125 2838 5182 Dicit
2878 5129 3020 5182 enim
3061 5129 3332 5198 Scriptura
3371 5153 3389 5191 :

1865 5234 1882 5265 ι
1911 5213 2092 5266 Melior
2111 5222 2192 5268 est
2214 5215 2509 5292 obedientia
2539 5203 2700 5285 quam
2730 5218 2975 5280 victimae,
3001 5226 3054 5270 et
3087 5221 3392 5278 auscultare

1857 5304 2026 5373 magis
2046 5319 2208 5373 quam
2234 5305 2421 5361 oﬂ'erre
2442 5308 2646 5376 adipem
2670 5308 2913 5371 arietum,
2935 5310 3190 5375 quoniam
3234 5314 3386 5381 quasi

1853 5403 2129 5463 peccatum
2157 5396 2415 5450 ariolandi
2452 5405 2553 5460 est,
2599 5410 2924 5462 repugnare;
2948 5405 3001 5449 ct
3028 5401 3180 5467 quasi
3215 5401 3388 5454 scelus

1863 5481 2190 5545 idololatriae,
2203 5485 2340 5536 nolle
2351 5482 2714 5551 aquiescere(l
2727 5483 2850 5551 Reg.
2866 5484 2975 5553 xv).
3000 5504 3019 5535 ι
3042 5485 3202 5555 Igitur
3220 5501 3360 5556 popu
3374 5515 3390 5528 α

1854 5571 1956 5634 lus,
1971 5571 2270 5639 apostolicis
2293 5567 2547 5624 institutis
2567 5571 2838 5636 obediens,
2864 5573 3276 5627 inobedientium
3298 5589 3390 5627 εει-ι

1854 5662 2126 5713 cerdotum
2149 5657 2313 5711 officia
2344 5657 2426 5727 [(2.
2456 5658 2543 5724 R.,
2577 5660 2859 5730 sacriﬁcia]
2887 5659 2966 5713 vel
3005 5673 3160 5715 sacra
3203 5661 3390 5718 merito
