3956 6374
236 516 366 572 I137

1103 516 1386 572 AI‘PEND.
1428 515 1512 570 III.
1553 545 1616 554 —
1652 508 2078 566 MONUMENTA
2117 499 2574 560 CREGORIANA.

3316 494 3445 545 IIIIS

230 628 432 692 riculo,
477 626 571 682 scd
614 626 780 683 exitio
815 629 1162 694 constitutus,
1204 647 1248 683 sn
1297 625 1534 684 ta’cucro.
1576 650 1592 679 ι
1648 627 1791 681 Satis
1821 628 1861 681 Α
1891 622 2001 676 Iloc
2039 619 2222 686 utique
2255 616 2464 668 diversa
2491 613 2857 665 Rmuanorum
2894 608 3202 679 pontificatu
3233 606 3444 661 det-ret:

227 731 356 785 ergo
391 725 542 784 patet
590 733 752 786 quam
786 718 1054 771 immerito
1084 719 1303 786 quidam
1349 727 1534 772 nostro
1571 727 1788 786 aposto-

227 805 330 858 lico
363 819 467 872 pro
507 805 1118 874 superioribus-statutis
1147 806 1518 874 indignentur,
1557 807 1648 873 qni
1681 813 1789 859 tam

227 887 525 948 inevitabili
553 897 870 950 necessitate
895 904 1114 950 coactus
1145 897 1330 949 eadem
1375 897 1668 950 instituisse
1698 895 1790 949 dc-

227 987 443 1056 tegitur,
467 987 714 1041 videlicet
745 1003 810 1041 ne
843 989 1073 1056 proprize
1097 989 1284 1042 mortis
1307 988 1509 1042 crimen
1545 989 1787 1041 incurre-

226 1085 326 1138 ret,
351 1076 398 1129 si
426 1092 530 1130 nos
551 1093 614 1130 ex
649 1077 831 1130 debito
865 1077 1022 1131 oIIieii
1051 1077 1136 1130 sui
1162 1077 1440 1130 instituere
1477 1078 1784 1146 negligerct.

292 1163 424 1218 Car.
461 1163 602 1218 XXI.
633 1164 900 1219 Praeterea
944 1165 990 1220 si
1031 1165 1102 1220 ob
1139 1166 1241 1219 hoc
1269 1174 1454 1219 nostro
1494 1167 1788 1234 apostolico

224 1251 498 1322 indignari
525 1263 796 1322 satagunt,
835 1271 932 1309 cur
955 1270 1062 1308 non
1094 1256 1274 1323 potius
1309 1255 1413 1310 illis
1432 1271 1655 1309 cccxvm
1687 1255 1784 1310 SS.

222 1338 480 1396 Patribus
527 1342 581 1395 in
621 1340 795 1396 Nic-tea
837 1343 1193 1413 congregatis,
1228 1352 1283 1397 et
1319 1358 1490 1397 ccxxx
1540 1343 1788 1398 I’atribus

222 1432 277 1487 in
311 1431 660 1488 Chalcedone
694 1435 1034 1504 congregatis
1066 1435 1146 1488 vcl
1175 1435 1788 1505 continuatisindignan-

221 1531 330 1588 tur,
373 1524 493 1593 qui,
539 1532 597 1578 ut
630 1524 942 1594 pnedietum
984 1533 1086 1588 est,
1116 1534 1304 1578 contra
1363 1523 1701 1581 Simoniacos
1735 1535 1788 1580 et

223 1611 628 1667 incontinentes
654 1613 844 1667 altaris
882 1613 1164 1668 ministros
1196 1613 1364 1666 multo
1397 1614 1634 1670 acriores
1659 1630 1786 1670 sen-

221 1701 421 1755 tentias
456 1702 800 1770 protulerunt
837 1717 998 1770 quam
1043 1711 1228 1755 noster
1281 1703 1644 1770 apostolicus?
1697 1703 1784 1758 Ii:-

219 1789 517 1858 dignentur
546 1807 678 1845 sane
721 1791 1067 1845 sanctissimo
1115 1807 1264 1859 papa:
1302 1791 1562 1846 Clementi
1604 1792 1695 1861 qui
1733 1801 1786 1846 et

219 1880 486 1949 martyrio
516 1896 617 1934 suo
651 1880 863 1934 decreta
896 1880 1253 1942 continuavit,
1291 1896 1448 1949 quem
1483 1881 1594 1949 ipse,
1639 1883 1785 1950 prin-

218 1973 755 2041 ceps’apostolorum
797 1973 898 2025 sibi
939 1987 1307 2027 successorem
1337 1972 1640 2026 destinavit.
1678 1973 1779 2027 Le-
1815 1950 1856 2004 Β

219 2063 366 2130 gitur
390 2062 539 2116 enim
570 2063 622 2114 in
661 2063 892 2117 decretis
920 2062 1059 2130 ejus,
1099 2062 1260 2130 capit.
1299 2061 1386 2129 46,
1427 2064 1570 2132 quod
1595 2064 1782 2118 incon-

218 2148 454 2202 tinentes
488 2149 702 2216 penitus
736 2150 805 2204 ab
837 2151 1022 2204 altaris
1068 2150 1241 2205 cilicio
1286 2153 1590 2218 remcverit,
1639 2155 1781 2223 quod

217 2238 382 2290 etiam
407 2237 868 2292 eohahitationem
907 2248 1282 2294 extrancarum
1315 2239 1632 2294 fetninarum
1669 2243 1779 2296 ele-

215 2325 345 2381 rieis
375 2325 735 2394 prohibuerit,
763 2328 905 2398 quod
932 2330 1220 2384 violatores
1244 2330 1404 2398 hujus
1428 2330 1780 2384 institutionis

216 2429 450 2482 prorsus
481 2417 1031 2470 anathematizaverit.
1079 2417 1422 2486 Indigncntur
1457 2418 1618 2471 etiam
1651 2418 1777 2471 bea-

215 2505 436 2581 tissimo
465 2521 615 2574 papae
639 2507 932 2576 Sylvestro,
964 2507 1056 2575 qui
1084 2508 1136 2559 in
1171 2507 1463 2576 apostolica
1487 2508 1611 2562 sede
1649 2525 1778 2561 cou-

214 2595 441 2649 stitutus
468 2595 912 2649 incontinentiam
935 2595 1100 2649 totius
1133 2597 1318 2650 mundi
1343 2597 1688 2667 presbyteris,
1721 2608 1779 2652 ut

213 2686 555 2753 prmdictum,
597 2685 894 2754 prohibuit,
924 2695 978 2740 ct
999 2702 1188 2742 omnes
1214 2687 1339 2741 huic
1363 2689 1578 2744 decreto
1614 2705 1774 2757 repn-

212 2781 444 2841 gnantes
471 2773 524 2826 in
555 2782 875 2842 perpetuum
899 2776 1237 2830 damnandos
1265 2791 1384 2830 esse
1417 2759 1670 2832 decrevit.
1699 2777 1784 2831 In“

210 2863 506 2933 dignentur
529 2863 690 2916 etiam
726 2864 896 2918 beata:
918 2865 1192 2919 memoria:
1219 2864 1451 2920 Damaso
1481 2882 1648 2936 papze,
1680 2885 1776 2923 cn-

206 2952 299 3022 jus
333 2953 659 3007 auctoritate
713 2956 950 3009 secunda
995 2956 1312 3010 universalis
1361 2959 1596 3027 sgnodus
1627 2959 1773 3012 Con-

211 3043 694 3112 stantinopolitana
730 3045 922 3116 legitur
946 3046 1403 3113 roborata,-item,
1431 3049 1775 3104 sanctissimo

210 3145 364 3201 papae
409 3130 607 3197 Leoni,
659 3132 1175 3189 Chalcedonensium
1220 3149 1490 3190 canonum
1539 3137 1770 3204 ductori,

210 3235 447 3289 quorum
479 3231 703 3292 uterque
725 3224 910 3278 eadem
957 3234 1012 3279 et
1046 3226 1340 3294 apostolica
1363 3228 1679 3286 auctoritate
1717 3228 1768 3281 in

210 3310 448 3365 decretis
469 3310 605 3374 suis,
653 3313 742 3366 ille
774 3313 1012 3381 quidem,
1039 3329 1156 3382 cap.
1182 3315 1236 3378 4,
1259 3315 1348 3367 hic
1368 3325 1548 3369 autem
1583 3316 1772 3385 quinto

209 3397 284 3453 ita
307 3401 632 3469 generaliter
653 3402 967 3455 decrevere:
993 3423 1010 3453 ιι
1032 3400 1222 3466 Omnia
1245 3403 1530 3460 decretalia
1550 3415 1774 3462 cuncto-

210 3503 333 3542 rum
381 3489 838 3558 przedecessorum
874 3471 1182 3571 nostrorum
1225 3489 1535 3561 constituta,
1563 3512 1682 3565 qua:
1706 3497 1772 3552 de

172 3615 179 3622 ι
209 3579 597 3634 ecclesiasticis
618 3581 898 3636 ordinibus
922 3591 975 3636 et
999 3596 1268 3636 canonum
1289 3587 1622 3655 promulgata
1647 3596 1773 3641 sunt

206 3669 537 3739 disciplinis,
571 3670 644 3724 ita
667 3671 736 3726 ab
763 3659 1310 3744 omnibus’episcopis
1348 3691 1412 3729 ac
1438 3676 1647 3730 cunctis
1677 3691 1768 3746 ge-

208 3761 466 3814 neraliter
506 3762 874 3816 sacerdotibus
909 3763 1169 3818 custodiri
1207 3764 1400 3820 debere
1426 3767 1769 3833 mandamus,

208 3857 288 3914 ut,
322 3851 368 3905 si
402 3851 527 3919 quis
552 3851 604 3904 in
643 3851 732 3906 illa
765 3853 1118 3919 commiserit,
1150 3854 1362 3909 veniam
1391 3855 1494 3908 sibi
1520 3856 1771 3926 deinceps

207 3938 425 3992 noverit
453 3940 724 4009 denegari.
772 3961 790 3993 ι
836 3941 1185 4011 Indignentur
1224 3944 1386 3998 etiam
1429 3945 1770 4001 sanctissimo

206 4026 383 4080 nostri
411 4030 693 4094 apostolici
717 4031 1015 4099 :equivoco,
1042 4032 1134 4100 qui
1157 4033 1258 4087 sub
1279 4034 1512 4102 generali
1541 4035 1768 4090 anathe-

205 4115 668 4170 mate'damnavit
696 4133 886 4173 omnes
928 4133 962 4173 a
1004 4122 1389 4177 sacratissimis
1435 4138 1487 4175 Iv
1523 4124 1768 4179 conciliis

203 4206 604 4262 dissentientes.
645 4206 748 4262 Sed
791 4224 914 4262 cum
947 4210 1127 4264 nullus
1165 4226 1310 4264 sana:
1340 4210 1534 4265 mentis
1573 4212 1766 4282 hujus-

202 4296 352 4349 modi
385 4304 698 4377 sanctorum
737 4296 956 4353 Patrum
992 4300 1272 4355 sententiis
1311 4300 1635 4370 indignetur,
1678 4319 1768 4372 pa-

201 4393 278 4440 tet
318 4385 720 4443 evidentissime
754 4404 916 4458 quam
959 4389 1394 4444 irrationabiliter
1415 4391 1631 4461 quidam
1664 4409 1764 4447 no-

198 4477 302 4530 stri
324 4479 604 4546 apostolici
632 4479 890 4557 institutis
911 4479 1273 4550 indignentur.
1306 4480 1361 4535 In
1383 4497 1613 4552 quorum
1641 4499 1765 4551 pro-

1890 719 2175 769 testantur,
2223 707 2274 758 in
2317 705 2513 773 quibus
2537 702 2636 770 ipsi
2671 701 2896 754 diversis
2921 710 3221 768 temporum
3254 713 3442 752 ncces-

1889 800 2138 854 silatihus
2163 793 2502 848 consuluisse
2539 793 2805 861 leguntur.

1955 890 2081 940 (λιιι.
2120 885 2279 938 .\I\'ll.
2307 883 2582 937 Incassum
2618 890 2794 934 autem
2818 878 3014 948 publiei
3048 887 3443 946 contemptores

1887 978 2193 1046 apostolieze
2238 975 2590 1029 institutionis
2633 971 2873 1024 inducias
2936 987 3045 1022 sine
3084 967 3450 1022 damnationis

1887 1084 1915 1120 a
1960 1077 2146 1120 nostro
2188 1066 2785 1133 apostolicoqnzernnt;
2829 1077 2988 1129 quos,
3033 1069 3089 1110 ut
3131 1060 3442 1128 praedictum

1885 1167 1986 1220 est,
2020 1157 2117 1209 SS.
2147 1156 2332 1209 I'atres
2369 1156 2572 1222 alr-que
2601 1152 2851 1204 ttilllllltllS
2892 1151 3121 1202 induciis
3155 1149 3444 1202 damnave-

1887 1254 2030 1298 runt.
2059 1243 2114 1297 lu
2143 1244 2320 1298 dubiis
2342 1244 2483 1296 cuitu
2508 1242 2686 1303 rebus,
2719 1239 2838 1293 licet
2878 1239 3040 1300 veris,
3084 1237 3321 1290 nondum
3360 1246 3444 1289 ta-

1887 1351 2006 1388 mcn
2063 1334 2384 1404 publicatis,
2439 1329 2740 1384 necessario
2783 1328 3150 1381 conceduntur
3193 1326 3438 1387 induciae,

1886 1437 1963 1489 ul.
1989 1427 2140 1495 juxta
2166 1421 2906 1490 sanctionesabestnlieortnn
2940 1419 3200 1479 virortun,
3231 1417 3438 1475 Felicis.

1883 1528 1936 1571 et
1957 1517 2083 1572 Julii
2109 1527 2161 1575 et
2195 1518 2542 1584 reliquorum,
2576 1515 2687 1582 ipse
2716 1523 3001 1567 accusatus
3026 1514 3192 1581 possit
3229 1531 3284 1563 se
3307 1527 3437 1565 con-

1885 1617 1966 1661 tra
1989 1618 2332 1662 accusatores
2360 1606 2584 1675 pleniter
2609 1619 2909 1672 pra'parare
2934 1604 2998 1656 ad
3031 1604 3295 1656 abluenda
3336 1603 3441 1655 eri-

1886 1699 2050 1751 mina.
2087 1697 2239 1751 Unde
2281 1706 2333 1750 ct
2364 1697 2422 1748 Ii.
2460 1694 2776 1748 I'Ileutherus
2808 1710 2838 1746 a
2882 1691 2939 1744 Β.
2989 1691 3148 1746 I‘etro
3188 1693 3440 1745 duodeei-

1884 1803 2025 1851 nnzs,
2066 1787 2116 1840 in
2145 1786 2373 1841 decretis
2421 1784 2556 1847 suis,
2599 1800 2718 1852 cap.
2765 1783 2811 1847 I,
2857 1791 3081 1836 testatur
3114 1801 3125 1834 :
3163 1799 3179 1831 ι
3209 1779 3441 1834 lntltu'ia:

1885 1896 1990 1932 non
2039 1877 2261 1931 modicae
2296 1876 2360 1930 ad
2407 1874 2783 1944 inquire-mlum
2819 1872 3005 1926 danda:
3036 1879 3180 1935 sunt,
3229 1886 3294 1923 ne
3341 1870 3440 1922 ali-

1881 1968 2007 2036 quid
2046 1966 2380 2036 przepropere
2423 1964 2506 2031 agi
2551 1979 2579 2016 a
2619 1977 2942 2031 quacunque
2983 1969 3130 2029 parte
3175 1960 3483 2021 videatur,’

1880 2057 2004 2126 quia
2031 2073 2123 2125 per
2145 2055 2542 2122 subreptionem
2570 2052 2732 2104 multa
2754 2050 3123 2118 proveniunt.»
3158 2047 3284 2100 Jnre
3310 2063 3439 2117 ergo

1883 2149 1953 2200 illi
1983 2148 2185 2215 absque
2213 2141 2890 2209 indm-iisdamnantur-qni
2914 2141 3125 2208 culpant
3153 2138 3436 2206 suamjatn

1879 2238 2080 2292 dudum
2113 2253 2141 2289 a
2183 2237 2280 2288 SS.
2330 2234 2578 2288 l‘atribns
2613 2233 2827 2285 delinite
2857 2232 3165 2284 danwatam
3198 2245 3306 2281 non
3351 2244 3440 2282 ne-

1880 2343 2024 2408 gare,
2055 2327 2145 2380 sed
2169 2325 2380 2396 publice
2402 2334 2589 2378 contra
2614 2323 2907 2392 apostolica
2943 2330 3140 2374 statuta
3172 2322 3444 2372 conantur

1876 2416 2179 2471 defensare.
2216 2414 2414 2484 Nempe
2456 2413 2515 2466 B.
2554 2412 2865 2482 Gregorius,
2896 2411 2964 2464 ab
2984 2411 3132 2463 onmi
3169 2409 3436 2462 catholico

1877 2519 2092 2577 pastore
2133 2507 2326 2560 merito
2354 2504 3079 2570 imitandus,contempleres
3121 2499 3264 2554 sedis
3307 2514 3436 2568 apo-

1876 2597 2098 2661 stolicae,
2139 2597 2302 2650 etiam
2350 2604 2473 2649 ante
2516 2601 2785 2666 perat-tam
2830 2591 3064 2664 culpam,
3109 2589 3313 2645 solebat
3339 2605 3437 2643 ex-

1876 2686 2295 2741 communicare.
2333 2684 2422 2739 Sic
2451 2686 2595 2739 enim
2631 2684 2921 2740 Maximum
2955 2701 3047 2754 per
3085 2684 3435 2738 ambitionem

1877 2774 2191 2828 Salonitano
2211 2775 2543 2844 episcopatui
2577 2773 2995 2827 inthronizatum
3023 2783 3075 2826 et
3106 2788 3296 2827 omnes
3317 2773 3435 2843 ejus

1873 2864 2215 2922 ordiuatores
2236 2863 2742 2927 excoluntnnicavit,
2767 2879 2904 2933 (Inus
2918 2863 3101 2915 eadem
3128 2879 3435 2923 excommu-

1875 2953 2075 3008 nicatio
2099 2954 2333 3008 nondum
2367 2962 2579 3022 peracta
2610 2953 2784 3024 culpa,
2815 2968 2912 3021 pro
2932 2967 3036 3021 qua
3059 2952 3432 3006 excommuni-

1871 3044 1978 3097 eati
2015 3053 2160 3108 sunt,
2189 3043 2461 3112 obligavit.
2491 3040 2622 3095 {Nam
2650 3042 2962 3111 priusquam
2997 3042 3135 3095 idem
3169 3041 3434 3095 Maximus

1874 3134 2252 3199 ordinaretur,
2295 3133 2396 3185 sub
2435 3131 2993 3185 cxconnntmicationc
3048 3130 3319 3199 prohibuit
3371 3129 3428 3184 S.

1873 3222 2163 3294 Gregorius
2189 3239 2255 3278 uc
2280 3223 2381 3277 hoc
2436 3229 2821 3291 przcsumcrent
2842 3219 2928 3292 [C.
2959 3219 3046 3287 IL,
3077 3236 3429 3291 przesumeue-

1800 3282 1840 3338 Ο
1872 3311 2004 3382 tur].
2045 3312 2198 3377 Quod
2224 3320 2545 3382 przeceptum
2585 3320 2991 3365 contemnentes
3019 3311 3275 3380 episeOpi,
3305 3325 3430 3364 cum

1869 3401 2181 3454 ordinarent
2209 3401 2456 3455 eumdem
2502 3399 2816 3464 Maximum,
2863 3396 2992 3453 ante
3021 3408 3294 3468 peractam
3341 3413 3431 3452 or-

1869 3490 2222 3556 dinationem,
2256 3482 2412 3544 erant
2449 3488 3092 3557 excommunicati,juxta
3125 3489 3428 3541 attestatio-

1871 3595 1992 3634 nem
2039 3581 2211 3634 sancti
2260 3579 2530 3650 Gregorii;
2575 3578 2762 3632 scribit
2799 3577 2942 3632 enim
2994 3578 3046 3630 in
3092 3577 3317 3646 epistola
3362 3579 3429 3633 ad

1869 3671 2114 3724 emndcm
2144 3670 2256 3737 (lib.
2298 3687 2374 3733 ιιι,
2399 3685 2478 3738 ep.
2502 3668 2590 3737 20)
2620 3677 3060 3737 praesumptorem
3097 3666 3182 3740 (C.
3208 3666 3425 3734 R.,.\Iav

1871 3759 2122 3832 xiunnn],
2148 3761 2218 3813 ita
2243 3761 2513 3815 detestans
2534 3759 2652 3828 ejus
2680 3760 3139 3814 censecrationcm
3169 3774 3182 3810 :
3215 3777 3232 3808 ι
3257 3758 3428 3823 Quam

1870 3866 2001 3915 rem,
2028 3851 2220 3920 inquit,
2253 3865 2352 3904 nos
2372 3849 2834 3904 consecrationem
2871 3849 3048 3902 dicere
3088 3848 3236 3901 nullo
3267 3847 3427 3900 modo

1869 3956 2180 4008 possumus,
2219 3956 2339 4009 qua:
2386 3940 2454 3992 ab
2484 3937 2965 3992 cxcommunicatis
2995 3945 3077 3989 est
3114 3936 3426 3992 hominibus

1867 4029 2152 4082 celebrata.
2190 4049 2208 4079 ι
2240 4027 2356 4080 Non
2380 4027 2522 4080 enim
2547 4034 2666 4094 post
2698 4025 3089 4078 ordinationem
3115 4041 3398 4081 excommu

1867 4117 2154 4182 nicandos,
2192 4117 2284 4171 sed
2328 4117 2382 4169 in
2419 4116 2534 4184 ipsa
2579 4114 2916 4167 ordinatione
2945 4115 3076 4168 dixit.
3112 4132 3399 4170 exconmiu

1866 4207 2092 4260 nieatos.
2147 4206 2236 4261 Sic
2296 4206 2434 4259 idem
2488 4205 2817 4275 apostolicus
2873 4221 2969 4277 per
3041 4206 3416 4259 subdiaconeie

1865 4312 2024 4349 suum
2038 4294 2278 4351 Natalem
2304 4295 2675 4349 Salonitanum
2701 4295 3010 4363 episc0pum
3036 4294 3239 4363 absque
3264 4293 3413 4346 indu-

1865 4385 1984 4449 ciis,
2010 4386 2054 4438 si
2076 4394 2342 4454 prmcepto
2364 4385 2484 4453 ejus
2519 4399 2626 4438 non
2650 4383 2943 4447 obcdisset,
2989 4383 3151 4452 pallio
3185 4392 3238 4438 et
3271 4400 3412 4437 eom-

1865 4479 2118 4533 munionc
2140 4477 2349 4533 censuit
2378 4476 2693 4546 privandum
2734 4491 2854 4530 esse
2895 4476 3009 4541 (lib.
3055 4492 3114 4540 ιι,
3147 4479 3298 4545 epist.
3335 4479 3422 4544 Η,

198 4567 532 4637 mulgatione
565 4571 871 4626 nullatenus
912 4587 943 4625 a
968 4574 1169 4627 sanctis
1201 4572 1450 4628 Panibus
1487 4573 1760 4643 discrepa-
1795 4588 1837 4642 ι)
1867 4567 1950 4631 πὶ,
2007 4567 2107 4636 16).
2141 4565 2250 4630 Sic,
2300 4565 2540 4634 inquam,
2579 4565 2690 4633 ipse
2731 4574 2783 4618 et
2821 4564 3009 4633 reliqui
3065 4565 3305 4632 ejusdem
3333 4579 3409 4618 se-

191 4655 298 4718 vit,
321 4667 544 4724 excepto
577 4658 631 4712 in
661 4660 766 4715 hoc
805 4669 1012 4715 tantum
1039 4664 1181 4732 quod
1209 4680 1315 4717 non
1351 4674 1460 4718 tam
1488 4680 1670 4719 severe
1701 4675 1759 4719 ut

194 4741 277 4797 illi
319 4747 778 4812 contemptoribus
828 4766 1097 4807 canonum
1145 4754 1400 4808 obviavit.
1439 4754 1561 4808 Illos
1609 4755 1752 4810 enim

194 4830 425 4886 clericos
450 4831 623 4887 oﬂicio
650 4843 860 4900 tantum
881 4841 1109 4907 privavit
1131 4845 1328 4913 quibus
1361 4846 1530 4900 sancti
1564 4845 1754 4901 Patres

193 4921 312 4976 non
337 4923 498 4978 modo
524 4922 776 4992 cilicium,
801 4929 893 4982 sed
926 4939 981 4984 et
1016 4935 1226 4989 veniam
1257 4944 1311 4990 ct
1330 4937 1747 4992 ecclesiasticam

155 5013 159 5017 ’
191 5013 632 5068 communionem
662 5016 1005 5093 denegavere.
1033 5019 1114 5074 Nil
1139 5018 1381 5092 denique
1419 5028 1541 5081 novi
1565 5037 1748 5082 noster

190 5104 526 5171 apostolicus
583 5105 741 5160 nobis
795 5107 1188 5163 observandum
1245 5112 1504 5180 injunxit;
1568 5119 1746 5185 quod,

190 5190 354 5274 etiam
378 5194 426 5246 si
462 5193 697 5262 feeisset,
723 5211 826 5250 non
855 5206 1031 5252 tamen
1059 5201 1173 5254 sine
1202 5201 1439 5269 periculo
1473 5205 1590 5272 ejus
1620 5220 1750 5258 eon-

191 5281 360 5332 tcmni
387 5294 712 5354 prmeeptum
744 5296 942 5356 posset.
985 5288 1119 5342 Nam
1161 5290 1454 5358 apostolica
1492 5293 1654 5350 sedes.
1683 5308 1749 5346 ex

191 5366 374 5421 divina
398 5371 741 5431 confessione
764 5377 909 5434 hunc
931 5395 1142 5449 semper
1167 5380 1399 5432 obtinuit
1415 5389 1469 5432 et
1492 5381 1751 5434 obtinebit

190 5455 484 5525 primatum
509 5456 754 5518 utitotius
784 5470 970 5523 mundi
998 5467 1264 5524 Eeclcsias
1288 5483 1391 5522 non
1415 5469 1589 5523 solum
1612 5471 1751 5524 anti-

189 5545 314 5615 quis
346 5545 634 5619 institutis,
669 5551 760 5608 sed
783 5557 945 5610 etiam
988 5560 1145 5615 novis
1181 5561 1448 5628 disponat,
1478 5569 1637 5628 prout
1669 5561 1750 5615 di-

189 5649 472 5710 versorum
493 5639 786 5694 necessitas
809 5651 1107 5714 temporum
1130 5649 1460 5718 expostulat:
1493 5669 1509 5698 ι
1538 5649 1750 5720 Cogunt

180 5725 354 5788 enim,
387 5724 467 5778 ait
504 5724 838 5793 Augustinus
867 5734 932 5786 ad
963 5734 1318 5803 Bonifacium,
1361 5741 1558 5794 multas
1595 5740 1744 5794 inve-

189 5813 305 5868 nire
335 5813 634 5872 medicinas
654 5819 946 5876 multorum
966 5827 1330 5892 experimenta
1356 5833 1686 5886 morbomm.
1719 5853 1736 5884 ι

1803 4671 1808 4676 '
1861 4654 1944 4708 dis
1971 4653 2204 4723 episcopi
2257 4653 2544 4721 quoslibet,
2572 4660 2626 4706 et
2667 4651 2871 4720 absque
2911 4652 3171 4714 induciis,
3198 4653 3417 4703 damna-
3454 4702 3460 4708 ,

1861 4753 2142 4810 navernnt,
2186 4743 2278 4813 qui
2301 4743 2535 4813 aliquam
2558 4757 2671 4796 rem
2720 4743 2822 4794 sub
2867 4739 3417 4795 excommunicatione

1855 4837 1936 4889 vel
1967 4835 2124 4890 onieii
2164 4834 2516 4903 suspensione
2574 4830 2900 4900 prohibitam
2939 4829 3220 4882 temerarie
3254 4844 3402 4882 usur-
3440 4834 3444 4839 '

1855 4933 2133 4995 paverunt.
2186 4923 2294 4977 llas
2349 4923 2514 4991 igitur
2559 4929 2612 4972 et
2656 4917 2966 4986 hujusmodi
3021 4918 3254 4971 rationes
3303 4933 3418 4982 mo-

1852 5017 2003 5083 derni
2031 5018 2443 5084 praesnmptores
2464 5016 2620 5061 caute
2645 5007 3010 5072 coiisidcrent,
3037 5023 3134 5060 nec
3164 5007 3416 5076 deinceps

1852 5105 2050 5172 injuste
2077 5117 2134 5155 se
2158 5101 2360 5168 absque
2383 5098 2614 5152 induciis
2629 5097 2916 5151 damnatos
2946 5113 3066 5151 esse
3086 5099 3410 5150 existiment.

1917 5191 2045 5243 Car.
2083 5187 2267 5241 XXIII.
2305 5185 2552 5240 Forsitan
2582 5196 2763 5242 autem
2789 5187 2985 5256 aliquis
3033 5187 3166 5241 adeo
3201 5187 3409 5246 delirat,

1851 5286 1909 5332 ut
1936 5277 2178 5334 subditos
2213 5276 2500 5345 cujuslibet
2544 5277 2783 5346 episcopi
2821 5292 2914 5345 per
2955 5277 3129 5343 ipsum
3180 5280 3408 5334 tantum,

1852 5381 1959 5420 non
1981 5381 2075 5436 per
2099 5365 2401 5420 Romanum
2432 5366 2762 5434 pontificem,
2793 5364 3038 5418 damnari
3061 5375 3218 5428 posse
3244 5359 3406 5411 dicat.

1852 5455 1954 5511 Sed
1983 5457 2058 5510 illi
2087 5457 2199 5526 ipsa
2235 5455 2444 5510 Veritas
2489 5455 2543 5508 in
2575 5454 2862 5523 Evangelia
2898 5447 3236 5510 contradicit,
3264 5463 3404 5515 quae,

1849 5547 1908 5601 Β.
1952 5547 2112 5602 Petro
2159 5544 2526 5616 principaliter
2573 5544 2712 5596 inter
2738 5540 2974 5605 reliquos
3009 5537 3409 5605 apostoloshoc

1847 5628 2183 5704 privilegium
2212 5631 2516 5685 concessit:
2557 5649 2574 5679 ι
2616 5627 2988 5691 Quodcunque
3032 5625 3278 5692 ligaveris
3316 5639 3408 5677 su-

1846 5739 1939 5792 per
1969 5731 2185 5782 tcrram,
2219 5719 2321 5772 erit
2357 5718 2577 5784 ligatum
2604 5717 2737 5768 etin
2775 5713 2925 5767 cwlis
2964 5714 3180 5782 (Matth.
3215 5714 3342 5782 xvi).
3383 5731 3404 5761 ι

1847 5814 1950 5878 Qui
1975 5812 2118 5866 cnim
2174 5807 2490 5878 generaliter
2550 5821 2736 5859 omnes
2792 5804 3109 5868 apostolica:
3156 5803 3406 5873 potestati
