3956 6382
541 484 675 540 1159

1491 490 1578 550 AD
1615 493 1836 552 OPERA
1877 500 1931 554 S.
1973 493 2292 558 GREGORH
2325 497 2758 558 APPENDICES.

3643 34 3889 152 ἠπ

3635 73 3644 80 ο
3736 73 3828 86 “,vu

3603 509 3738 565 1140

539 598 785 666 subjecit,
813 599 961 656 nullo
982 604 1141 658 modo
1180 604 1407 676 alicujus
1433 608 1667 678 episcopi
1689 611 1959 665 subditum
1989 627 2084 666 cx-
2113 613 2156 668 Α
2183 613 2472 682 impertivit
2497 614 2748 670 Ecelesiis
2782 624 2840 668 ut
2882 615 2936 668 in
2965 623 3171 686 partem
3212 627 3415 674 vocata:
3451 623 3560 676 sint
3587 625 3741 680 solli.

543 687 701 755 cepit.
733 687 884 744 Unde
909 691 1048 745 idem
1071 695 1361 762 apostolus,
1389 704 1442 750 et
1465 712 1496 750 a
1528 699 1827 754 senioribus
1854 701 1937 754 sui
1958 710 2086 756 tem-

536 776 704 845 poris,
729 779 780 832 id
793 788 895 844 est,
912 782 1255 852 presbyteris,
1277 785 1388 840 sive
1409 785 1696 855 episcopis,
1719 799 1773 842 et
1803 791 1870 844 ab
1896 806 2082 846 eorum

536 865 765 922 subditis
793 869 1148 926 obedientiam
1193 875 1508 942 generaliter
1543 879 1738 947 exegit,
1780 896 1922 944 cum,
1974 891 2084 936 tam

536 955 767 1011 subditis
805 972 968 1026 quam
1013 962 1265 1029 praelatis,
1304 949 1414 1018 tam
1463 965 1678 1022 feminis
1726 983 1886 1037 quam
1933 972 2082 1038 viris,

537 1045 786 1114 specialia
810 1048 1017 1102 vivendi
1047 1061 1306 1124 pnecepta
1337 1053 1389 1106 ln
1419 1055 1660 1124 epistolis
1682 1041 1816 1114 'suis
1848 1062 2082 1116 tradide-

536 1133 624 1186 rit.
649 1133 1094 1200 Quod'incassum
1117 1140 1229 1208 ipse
1257 1140 1474 1209 faceret,
1523 1146 1568 1199 si
1612 1163 1716 1200 non
1766 1152 2085 1218 generaliter

534 1236 722 1278 omnes
743 1225 860 1294 ejus
884 1227 1234 1286 institutionis
1260 1232 1479 1289 odedire
1498 1235 1768 1293 deberent.

602 1310 800 1369 Beatus
825 1332 1042 1386 quoque
1071 1318 1360 1376 Anacletus
1390 1325 1458 1378 ab
1487 1323 1604 1393 ipso
1660 1328 1900 1398 principe
1947 1345 2079 1400 apo-

533 1401 792 1488 stolarum
823 1407 1100 1476 presbyter
1131 1410 1429 1475 ordinatus,
1462 1413 1514 1467 in
1540 1415 1769 1472 decretis
1803 1417 1936 1484 suis,
1961 1435 2077 1488 cap.

535 1487 658 1578 111,
687 1497 946 1548 testatur:
979 1515 998 1547 ι
1034 1496 1384 1556 Sacrosancta
1413 1501 1650 1560 Romana
1689 1516 1742 1561 et
1793 1487 2080 1578 apostolica

534 1574 793 1647 Ecclesia,
823 1599 928 1638 non
951 1587 1019 1640 ab
1052 1589 1329 1656 apostolis,
1357 1593 1450 1646 sed
1470 1594 1538 1648 ab
1566 1595 1683 1663 ipso
1722 1574 1949 1652 Domino
1985 1615 2082 1653 no-

532 1674 647 1722 stro
669 1670 956 1738 primatum
985 1668 1234 1742 obtinuit,
1267 1681 1406 1734 sicut
1431 1681 1545 1750 ipse
1572 1683 1632 1736 Β.
1658 1683 1816 1741 Petro
1841 1691 2082 1758 apostolo

532 1757 705 1848 dixit:
740 1760 816 1814 Tu
834 1779 886 1816 es
913 1763 1125 1832 Petrus,
1163 1787 1181 1819 ι
1211 1779 1265 1822 et
1299 1771 1502 1848 reliqua
1548 1771 1686 1843 Ergo
1729 1775 1841 1831 haec
1866 1757 2081 1848 aposto-

532 1846 636 1902 lica
658 1849 811 1905 sedes
835 1856 1001 1910 cardo
1021 1864 1075 1909 et
1096 1868 1255 1927 caput
1275 1846 1512 1916 omnium
1540 1846 1948 1923 Ecciesiarumva
1972 1870 2080 1923 Do-

534 1937 702 2003 mino,
730 1955 836 1994 non
861 1944 928 1997 ah
953 1946 1080 2012 alie,
1097 1957 1177 2002 est
1191 1951 1496 2006 constituta.
1518 1953 1582 2007 Et
1595 1956 1733 2010 sicut
1753 1959 1970 2013 cardine
1989 1975 2078 2015 os—

532 2025 668 2081 tium
695 2033 915 2100 regitur,
944 2035 1024 2089 sic
1050 2037 1209 2107 hujus
1234 2050 1434 2096 sanetae
1457 2044 1600 2098 sedis
1623 2049 1940 2104 auctoritate
1961 2061 2080 2105 om-

538 2116 929 2204 nes-Ecclesia,
954 2124 1182 2182 Domino
1216 2129 1550 2198 disponente,
1577 2145 1854 2204 reguntur.

604 2203 733 2298 item
775 2208 834 2298 B.
890 2211 1155 2282 Gelaslus,
1198 2217 1387 2273 doctor
1429 2203 1772 2291 apostolicus,
1823 2243 1940 2298 cap.
1975 2231 2029 2283 ll
2065 2250 2077 2284 :

539 2312 559 2345 ι
603 2293 936 2370 Cuncta'per
975 2307 1236 2364 mundum
1263 2311 1410 2366 novit
1446 2312 1681 2370 Ecclesia
1722 2319 1866 2387 quod
1889 2293 2080 2378 sacro-

533 2396 718 2442 sancta
740 2388 981 2449 Romana
1002 2394 1240 2453 Ecclesia
1259 2400 1327 2454 de
1353 2403 1500 2457 omni
1521 2403 1759 2463 Ecclesia
1785 2409 1866 2464 fas
1890 2412 2077 2468 habeat
2119 2456 2123 2461 .

527 2474 806 2568 judicare;
835 2497 933 2536 nec
955 2485 1206 2554 cuiquam
1234 2489 1301 2542 de
1317 2490 1436 2558 ejus
1470 2492 1628 2548 liceat
1663 2496 1904 2564 judicare
1936 2501 2080 2568 judi-

531 2562 638 2662 cio:
672 2558 962 2636 Siquidem
988 2573 1054 2627 ad
1077 2575 1220 2633 illam
1239 2575 1307 2631 de
1326 2580 1564 2650 qualibet
1591 2558 1778 2640 mundi
1804 2558 1955 2656 parte
1985 2606 2079 2662 ap-

531 2654 834 2750 pellandum
863 2673 966 2728 est,
993 2667 1062 2719 ab
1095 2667 1182 2722 illa
1221 2677 1399 2749 autem
1427 2673 1625 2728 nemini
1648 2654 1911 2746 appellare
1954 2654 2078 2750 per-

532 2747 758 2844 missum
777 2753 971 2844 estw.
993 2754 1082 2821 3.,
1109 2773 1268 2813 nemo
1290 2748 1371 2815 eSt
1399 2763 1664 2831 appellare
1688 2747 2028 2844 permissus]
2052 2790 2071 2826 ρ

602 2833 705 2892 Sed
719 2855 818 2895 nec
840 2841 928 2895 illa
951 2847 1284 2911 praeterimus
1297 2852 1440 2917 quod
1461 2833 1752 2921 apostolica
1777 2833 2078 2925 sedes,sine

534 2925 642 3016 ulla
673 2930 879 2998 synodo
910 2934 1258 3000 praecedente,
1314 2940 1622 2996 exsolvendi
1654 2960 1792 3013 quos
1843 2949 2078 3016 oportuit

534 3014 781 3071 habuerit
800 3017 1108 3076 facultatem
1135 3023 1335 3095 (l000).
1361 3026 1428 3082 Et
1452 3029 1554 3085 hoc
1575 3032 1828 3088 nimirum
1857 3014 1954 3104 pro
1977 3053 2076 3094 suo

534 3103 854 3176 principatu,
881 3124 1042 3177 quem
1065 3111 1124 3165 Β.
1155 3111 1343 3171 Petrus
1381 3121 1654 3186 apostolus
1689 3103 1900 3179 Domini
1947 3143 2076 3184 voce

2183 706 2456 769 citudinis,
2485 722 2591 760 non
2628 707 2681 759 in
2725 708 3104 774 plenitudinem
3129 711 3425 778 potestatis.
3449 731 3469 761 ι
3497 711 3650 770 Unde
3669 717 3738 769 li--

2181 797 2344 864 quido
2371 797 2766 853 demonstratur
2793 800 2935 868 quod
2959 801 3182 869 quilibet
3207 802 3493 873 episcopus
3519 821 3618 859 nec
3641 822 3738 861 suo

2182 901 2277 953 per
2299 903 2507 957 gregem
2540 889 2641 943 sibi
2666 890 3014 944 commissum
3051 899 3255 946 tantam
3295 901 3616 961 potestatem
3637 894 3739 949 ha-

2181 975 2322 1042 beat,
2351 985 2605 1045 quantam
2640 979 2832 1047 praesul
2861 981 3210 1049 apostolicus,
3245 983 3359 1049 qui,
3394 983 3520 1036 licet
3542 999 3736 1038 curam

2182 1081 2336 1120 suam
2361 1066 2412 1120 in
2437 1068 2679 1137 singulos
2722 1071 3004 1138 episcopos
3049 1070 3320 1134 diviserit,
3375 1073 3523 1125 nullo
3571 1073 3739 1127 modo

2183 1164 2360 1211 tamen
2391 1155 2626 1226 seipsum
2664 1172 2762 1213 sua
2784 1159 3070 1214 universali
3091 1169 3147 1215 et
3165 1161 3442 1230 principali
3472 1171 3740 1231 potestate

2180 1244 2429 1312 privavit,
2455 1245 2595 1298 sicut
2620 1259 2721 1300 nec
2748 1259 2842 1299 rex
2863 1259 3016 1301 suam
3049 1249 3278 1318 regalem
3304 1249 3600 1317 potentiam
3647 1251 3739 1303 di-

2179 1332 2396 1397 minuit,
2425 1331 2548 1386 licet
2569 1345 2791 1403 regnum
2817 1349 2974 1388 suum
3003 1335 3057 1389 in
3080 1337 3322 1391 diversos
3339 1337 3526 1402 duces,
3556 1338 3736 1391 comic

2181 1429 2280 1486 tes,
2313 1422 2425 1477 sive
2449 1423 2685 1500 judiees,
2701 1424 2965 1479 diviserit.

2248 1511 2384 1567 Cum
2411 1513 2573 1582 igitur
2592 1514 2822 1568 domnus
2846 1514 3172 1583 apostolicus
3203 1513 3255 1568 in
3301 1515 3448 1568 Omni
3492 1511 3737 1571 Ecclesia

2178 1610 2288 1657 tam
2315 1602 2659 1673 principalem
2683 1611 2998 1673 potestatem
3023 1604 3218 1658 habeat
3240 1615 3320 1670 ut,
3347 1606 3508 1659 etiam
3562 1608 3740 1660 invito

2178 1679 2432 1761 Episcopo
2474 1691 2760 1759 cujuslibet
2783 1691 3053 1757 Ecclesiae,
3099 1707 3325 1762 quaeque
3373 1693 3426 1746 in
3475 1707 3538 1748 ea
3578 1695 3738 1764 juxta

2178 1779 2464 1836 canonicas
2488 1780 2792 1835 sanctiones
2827 1781 3001 1849 possit
3037 1780 3352 1849 disponere,
3399 1784 3525 1851 quis
3563 1785 3740 1838 dene-

2177 1881 2303 1936 gare
2330 1867 2526 1937 poterit
2565 1867 2692 1936 quin
2713 1868 2911 1936 ubique
2935 1869 3170 1938 gentium
3203 1878 3310 1922 tam
3334 1870 3581 1926 subditos
3617 1872 3738 1940 cpi;

2179 1970 2466 2025 scoporum
2493 1971 2655 2025 quam
2694 1956 2838 2033 ipsos
2861 1957 3143 2025 episcopos
3170 1958 3476 2026 apostolica:
3510 1959 3739 2014 institu-

2177 2045 2342 2100 tionis
2367 2053 2758 2114 contemptores
2785 2047 3040 2100 damnare
3057 2047 3262 2115 possit?

2245 2132 2372 2187 Cir.
2401 2132 2588 2186 XXIV.
2613 2132 2710 2188 His
2734 2142 2912 2187 autem
2936 2133 3238 2187 rationibus
3266 2143 3322 2188 et
3347 2135 3452 2189 hoc
3489 2134 3739 2190 declara-

2181 2233 2284 2289 tur,
2309 2223 2449 2292 quod
2467 2221 2704 2292 cujusvis
2713 2223 2949 2291 episcopi
2965 2223 3323 2291 parochianus
3341 2226 3522 2292 potius
3532 2225 3740 2280 domno

2177 2313 2472 2382 apostolico
2513 2329 2674 2382 quam
2725 2312 2944 2382 proprio
2992 2311 3243 2382 episeopo
3293 2306 3515 2368 obedire
3555 2314 3738 2381 debet,

2177 2421 2299 2461 cum
2325 2406 2619 2460 auctoritas
2647 2404 2850 2473 pr0prii
2875 2403 3110 2473 episcopi
3137 2404 3445 2458 nullatenus
3489 2420 3619 2460 eum
3669 2407 3741 2460 ab

2175 2496 2471 2563 apostolica
2498 2495 2841 2549 damnatione
2868 2495 3040 2548 valeat
3067 2493 3314 2560 liberare,
3349 2495 3396 2550 si
3418 2497 3743 2565 apostolicis

2177 2584 2456 2652 praeceptis
2480 2582 2788 2638 inobediens
2813 2583 3093 2637 exstiterit.
3121 2582 3186 2637 Et
3213 2579 3454 2646 econtra,
3498 2584 3741 2639 domnus

2175 2672 2525 2742 apostolicus,
2548 2672 2594 2726 si
2619 2672 2668 2724 ei
2690 2671 2968 2735 obedierit,
2989 2672 3234 2727 eumdem
3259 2672 3328 2726 ab
3360 2674 3510 2727 omni
3535 2674 3743 2728 violeu.

2174 2763 2248 2818 tia
2267 2755 2466 2833 proprii
2492 2763 2726 2833 episcopi
2754 2762 3006 2819 facillime
3027 2766 3221 2832 poterit
3252 2764 3562 2831 defendere,
3582 2766 3742 2823 vide-

2174 2854 2298 2910 licet
2317 2855 2403 2908 vel
2451 2855 2628 2923 ipsum
2673 2855 3054 2922 parochianum
3100 2856 3218 2923 ejus
3256 2855 3448 2909 ditioni
3505 2857 3739 2924 penitus

2173 2942 2580 3010 emancipando,
2607 2941 2691 2994 vel
2739 2940 3047 3010 episcopum
3079 2943 3146 2996 ab
3171 2943 3376 3015 injuria
3400 2959 3496 3012 per
3538 2960 3738 2999 corre-

2175 3031 2409 3102 ptionem
2457 3033 2540 3087 vel
2565 3033 2957 3087 damnationem
2979 3033 3273 3102 apostolica
3296 3034 3622 3089 auctoritate
3646 3051 3739 3090 re-

2175 3123 2451 3184 frenando.
2472 3122 2734 3195 ,Attendat
2762 3137 2889 3176 sane
2907 3123 3147 3191 cujusvis
3179 3123 3412 3192 episcopi
3453 3124 3734 3188 subditus,

485 3265 488 3269 ἴ
533 3201 585 3246 et
609 3197 796 3261 tenuit,
817 3207 873 3252 et
893 3215 1104 3270 semper
1127 3204 1392 3262 retinebit.
1418 3207 1512 3263 His
1535 3220 1711 3265 autem
1755 3218 2079 3272 sanctissimi
2107 3223 2147 3278 C
2180 3225 2247 3264 ne
2271 3210 2352 3265 νει
2380 3210 2596 3279 ρτορτὶο
2621 3211 2871 3279 episcopo
2903 3218 3089 3264 00mm
3129 3211 3444 3279 300901303
3465 3222 3738 3282 Ρηεερα

530 3280 735 3374 Patres,
763 3285 1014 3356 Calistus,
1035 3290 1322 3360 Fabianus,
1347 3295 1549 3365 Sixtus,
1577 3299 1860 3372 Sylvester,
1883 3307 2076 3374 Julius,

534 3381 588 3425 et
616 3373 804 3442 reliqui
827 3377 1240 3437 innumerabiles
1275 3386 1648 3456 astipulantur.
1673 3391 1774 3456 Qui
1799 3394 1929 3450 adeo
1959 3373 2075 3452 am?

533 3459 729 3527 plexati
762 3475 888 3518 sunt
909 3469 1166 3524 unitatem
1206 3471 1290 3544 [0.
1312 3473 1402 3540 R.,
1429 3478 1761 3551 veritatem],
1799 3492 1858 3537 ut
1886 3487 2063 3553 potius

533 3550 670 3640 mori
700 3569 859 3622 quam
888 3560 1100 3613 mentiri
1131 3562 1503 3621 deliberarent.
1535 3550 1900 3640 Hujusiigitur
1922 3575 2080 3640 privi-

533 3637 658 3731 legii
673 3644 988 3699 auctoritate
1004 3647 1061 3700 Β.
1094 3640 1736 3722 Simplicius.paanLlX
1759 3637 2078 3731 Gregorium

531 3727 882 3790 Mutinensem
899 3737 1229 3808 episcopum,
1244 3740 1563 3798 Ravennatis
1576 3727 1959 3818 archiepiscopi
1974 3752 2081 3807 suf-

531 3819 866 3892 fraganeum,
897 3843 926 3882 a
949 3828 1149 3884 ditione
1176 3831 1415 3898 ejusdem
1455 3835 1839 3906 archiepiscopi
1866 3841 2079 3908 penitus

530 3911 778 3969 absolvit.
811 3914 988 3970 Ethoc
1014 3918 1152 3982 ideo,
1176 3921 1299 3989 quia
1332 3922 1468 3976 idem
1507 3925 2075 3999 archiepisc0puseum

529 3999 755 4058 invitum
787 4003 1071 4061 Mutinensi
1097 4011 1361 4065 cathedrae
1392 4012 1787 4071 inthronizavit.

599 4089 729 4145 item
779 4092 834 4146 S.
885 4095 1174 4166 Gregorius
1220 4101 1332 4167 (lib.
1372 4119 1408 4155 ιι
1453 4105 1604 4172 epist.
1653 4107 1746 4171 14,
1788 4108 1854 4162 15
1881 4149 1896 4173 ,
1981 4103 2073 4178 16)

529 4177 860 4238 Honoratum
886 4183 1209 4243 Salonitanze
1231 4189 1480 4248 Ecclesia:
1509 4196 1965 4263 archidiaconum,
1981 4177 2073 4269 qui

526 4267 638 4333 jam
667 4286 732 4327 ex
758 4274 1189 4332 archidiaconatu
1237 4280 1304 4336 ad
1329 4282 1714 4353 presbyterium
1738 4287 1968 4352 devenit,
1993 4267 2076 4342 in-

531 4354 644 4444 vito
672 4358 790 4425 eius
829 4363 1099 4432 episeopo,
1137 4369 1203 4421 ad
1252 4369 1538 4437 pristinum
1579 4375 1802 4443 gradum
1833 4377 2070 4444 reduxit;

529 4443 772 4513 deposito
798 4451 1012 4517 quidem
1038 4467 1104 4508 eo
1152 4471 1310 4524 quem
1331 4459 1468 4514 idem
1508 4461 1852 4522 Salonitanus
1865 4468 2074 4535 episco-

2130 3332 2132 3335 -
2175 3300 2388 3355 obediat
2414 3299 2468 3353 in
2493 3301 2693 3368 aliquo.
2725 3298 2859 3352 Cum
2916 3308 3136 3355 sanctus
3174 3301 3464 3370 Gregorius
3507 3303 3622 3371 (lib.
3673 3319 3734 3367 ιι,

2173 3389 2324 3457 epist.
2354 3389 2440 3453 l5,
2488 3387 2574 3454 16)
2607 3386 3038 3441 archidiaconum
3074 3387 3441 3441 Salonitanum
3468 3389 3520 3441 in
3551 3389 3735 3442 locum

2176 3474 2432 3528 Honorati
2459 3474 2572 3542 jam
2616 3473 2842 3541 depositi
2883 3474 3228 3543 subrogatum
3277 3474 3605 3542 deposuerit,
3667 3492 3738 3529 eo

2175 3560 2319 3627 quod
2345 3559 2484 3613 idem
2507 3559 2723 3627 preprio
2744 3559 2998 3626 episcopo
3032 3574 3090 3613 se
3116 3560 3169 3612 in
3198 3561 3377 3614 locum
3399 3562 3549 3616 illius
3589 3563 3738 3616 ordi-

2176 3647 2292 3700 nari
2317 3655 2438 3714 post
2459 3646 2805 3714 apostolicam
2828 3646 3244 3714 prohibitionem
3286 3649 3564 3702 obedicrit.
3591 3650 3738 3709 Hinc

2174 3734 2336 3788 etiam
2359 3741 2522 3801 patet,
2557 3748 2716 3802 quam
2748 3733 3086 3802 apertissime
3107 3734 3180 3787 illi
3207 3735 3472 3810 desipiant
3499 3741 3592 3808 qui
3641 3743 3734 3795 di-

2175 3829 2304 3875 cunt
2339 3821 2484 3889 quod
2531 3811 2727 3874 subditi
2783 3821 3066 3890 cujuslibet
3117 3815 3375 3892 episcopi,
3422 3829 3736 3894 apostolicae

2177 3909 2289 3962 sedi
2317 3909 2620 3963 nullatenus
2647 3909 2861 3964 obedire
2892 3910 3140 3976 debeant,
3169 3912 3215 3965 si
3241 3915 3460 3982 proprio
3493 3919 3749 3973 antistiti’

2175 3997 2444 4061 obediant,
2482 4013 2604 4051 cum
2627 4013 2658 4050 a
2687 3996 2742 4050 S.
2776 3998 3031 4068 Gregorio
3065 4007 3119 4052 et
3139 3999 3228 4054 ille
3251 4004 3442 4056 merito
3466 4005 3734 4075 degrada-

2173 4095 2341 4151 retur,
2374 4087 2533 4155 quiet
2560 4101 2653 4156 per
2669 4087 3018 4144 obedientiam
3049 4090 3286 4159 episcopi
3313 4095 3394 4146 sui
3419 4096 3735 4162 apostolicae

2173 4177 2285 4232 sedi
2317 4176 2576 4230 adversus
2601 4175 2765 4232 fuisse
2791 4177 3076 4249 detegitur.
3107 4178 3304 4249 Nempe
3345 4183 3526 4241 nullus
3570 4185 3734 4238 debi-

2172 4275 2281 4320 tam
2309 4266 2663 4332 obedientiam
2694 4265 2909 4336 proprio
2934 4269 3184 4338 episeopo
3213 4271 3464 4325 exhibere
3507 4274 3730 4341 poterit,

2172 4357 2277 4410 nisi
2307 4356 2400 4424 qui
2428 4363 2481 4410 et
2501 4356 2811 4424 apostolica)
2835 4357 2948 4411 sedi
2969 4357 3335 4425 principaliter
3366 4360 3585 4414 obedire
3605 4370 3734 4415 stu-

2173 4446 2368 4501 duerit.
2402 4443 2589 4502 Omnis
2616 4446 2761 4499 enim
2783 4445 2877 4513 qui
2902 4446 3017 4499 vult
3038 4460 3158 4522 esse
3180 4447 3464 4514 episcopus
3491 4449 3598 4504 hoc
3609 4465 3736 4503 ma-

528 4549 631 4605 pus
659 4537 710 4590 in
741 4538 919 4592 locum
963 4541 1084 4608 ejus
1116 4544 1397 4601 ordinavit,
1435 4548 1770 4622 Quapropter
1792 4555 2074 4624 speras“
2108 4535 2151 4589 D
2178 4536 2317 4589 xime
2341 4536 2569 4589 subditis
2604 4536 2718 4588 suis
2760 4535 3012 4598 inculcat,
3037 4542 3097 4624 ut
3151 4542 3460 4588 sanctorum
3505 4535 3733 4593 Patrum

529 4641 617 4681 me
640 4627 931 4696 desipiunt,
949 4646 1114 4700 seque
1143 4648 1262 4686 reos
1290 4637 1592 4703 apostolica:
1612 4643 1945 4698 auctoritatis
1967 4645 2078 4700 elli-

503 4716 696 4782 ciunt,
727 4717 1035 4789 quicunque
1059 4721 1177 4791 ejus
1208 4725 1459 4792 potestati
1480 4734 1678 4782 temere
1701 4731 2074 4800 praeiudicant,

529 4820 654 4859 cum
686 4809 971 4879 cujuslibet
992 4813 1227 4882 episcopi
1258 4815 1500 4870 subditos
1526 4832 1631 4870 non
1653 4833 1748 4888 per
1776 4819 2077 4880 Romanum

529 4894 852 4962 pontiﬁcem,
883 4900 975 4955 scd
997 4904 1366 4959 tantummodo
1393 4907 1671 4976 proprium
1702 4909 1994 4965 antistitem
2024 4911 2081 4965 li-

531 4980 645 5049 gari
664 4984 746 5038 vel
773 4987 905 5038 solvi
929 5004 1084 5056 posse
1101 4994 1421 5063 contingant.

600 5068 860 5126 Prasterea
890 5073 949 5126 B.
973 5075 1081 5130 Leo
1129 5095 1286 5148 papa,
1309 5083 1401 5151 qui
1427 5094 1676 5152 quartam
1714 5088 2072 5144 universaiem

528 5158 794 5228 synodum
823 5161 1157 5218 Chalcedone
1183 5159 1545 5239 congregavit,
1566 5167 1693 5227 item
1730 5175 1957 5245 Vigilius
1979 5192 2071 5245 pa-

527 5261 616 5315 pa,
649 5246 750 5300 sub
777 5262 884 5316 quo
906 5250 1091 5319 quinta
1133 5253 1450 5308 universalis
1483 5260 1718 5324 synodus
1764 5262 2072 5318 Constanti-

527 5337 765 5406 nopolim
779 5339 1057 5406 convenit;
1083 5340 1207 5396 item
1242 5341 1430 5397 beatus
1455 5342 1612 5398 Pater
1642 5346 1962 5416 Gregorius;
1993 5353 2070 5416 hi,

528 5423 768 5495 inquam,
795 5429 1215 5499 singuli,eadem
1253 5433 1572 5488 auctoritate
1617 5437 1890 5504 praecipui,
1944 5454 2075 5506 pene

530 5515 716 5571 eadem
744 5533 873 5574 voce
900 5521 954 5575 in
983 5523 1212 5577 decretis
1237 5523 1352 5578 suis
1380 5525 1661 5581 vcnissime
1691 5533 1955 5580 testantur
1980 5527 2083 5580 hoc

530 5604 724 5660 modo:
754 5625 772 5657 ‹
804 5606 994 5664 Sancta
1017 5612 1259 5667 Romana
1283 5612 1522 5668 Ecclesia
1543 5614 1689 5668 vices
1715 5629 1842 5670 suas
1865 5614 1939 5670 ita
1962 5614 2084 5669 aliis

2177 4624 2438 4699 institutis
2453 4624 2654 4692 absque
2675 4624 2819 4676 omni
2842 4622 3264 4677 contradictione
3285 4624 3553 4687 obediant.
3573 4625 3729 4692 Qua,

2177 4722 2237 4767 ut
2259 4714 2571 4783 pradictum
2591 4722 2696 4778 est,
2737 4713 3042 4782 apostolicae
3083 4714 3194 4768 sedi
3250 4716 3618 4788 principaliter
3659 4721 3733 4772 ab

2178 4803 2428 4858 omnibus
2451 4803 2803 4858 obediendum
2834 4817 2952 4856 esse
2974 4803 3310 4859 denuntiant.

2241 4897 2565 4985 Quicunque
2614 4912 2775 4982 igitur
2815 4929 2914 4971 suo
2957 4915 3194 4985 legitimo
3235 4917 3434 4988 pastori
3488 4917 3731 4972 debitam

2176 5001 2528 5055 obedientiam
2574 5003 2850 5070 tribuerit;
2904 5005 3066 5059 etiam
3122 5005 3487 5079 principaliter
3525 5006 3733 5060 domno

2177 5092 2470 5160 apostolico
2491 5092 2706 5148 obedire
2729 5093 2980 5149 studehit.
3009 5093 3331 5162 Nam,jnxta
3366 5093 3539 5162 ipsius
3574 5092 3732 5148 Veri-

2177 5181 2301 5235 tatis
2325 5181 2557 5240 edictum
2576 5224 2591 5248 ,
2619 5202 2638 5233 ι
2675 5198 2781 5236 non
2802 5192 2884 5238 est
2905 5183 3204 5251 discipulus
3223 5196 3384 5250 supra
3408 5184 3731 5252 magistrum

2179 5269 2390 5338 (Matth.
2426 5270 2500 5340 x).
2533 5289 2552 5319 ι
2581 5271 2636 5324 Si
2693 5279 2873 5325 autem
2905 5271 3134 5342 domnus
3152 5270 3478 5337 apostolicus
3509 5274 3735 5341 proprio

2177 5367 2232 5412 et
2262 5359 2496 5428 legitimo
2526 5359 2729 5427 pastori
2755 5359 2878 5426 jure
2918 5357 3264 5426 prasponitur,
3312 5370 3529 5440 quanto,
3556 5364 3733 5434 magis

2177 5446 2253 5498 illi
2280 5447 2370 5518 qui
2395 5461 2493 5500 nec
2511 5447 2701 5499 nititur
2723 5460 2843 5498 esse
2872 5445 3014 5517 quod
3034 5445 3260 5500 dicitur?

2247 5530 2356 5586 Has
2381 5533 2542 5600 igitur
2563 5540 2618 5583 et
2633 5531 2936 5599 hujusmodi
2957 5533 3187 5588 rationes
3205 5535 3734 5606 quicunquesaltem

2179 5634 2210 5672 e
2239 5621 2462 5674 rudibus
2485 5620 3011 5690 fideliterinspicere
3054 5624 3380 5694 dignabitur,
3422 5628 3740 5683 nullatenus

607 5754 783 5826 (1000)
821 5759 878 5814 C.
912 5761 997 5832 Κ,
1031 5781 1155 5834 quos
1180 5767 1406 5834 synodus
1438 5769 1621 5831 iniqua
1648 5770 2010 5835 damnaverat,
2030 5776 2078 5820 et
2103 5768 2389 5823 damnandi
2418 5770 2561 5824 nulla
2587 5773 2835 5826 existente
2869 5777 3081 5845 synodo.
