3956 6372
180 429 317 484 ιιιδ

1055 396 1341 477 sereno.
1381 419 1466 475 ιιι.
1507 447 1574 458 -
1612 412 2037 472 ιιοκυιιιειιτιι
2077 406 2516 469 ςιιεαοιιιΑΝΑ

3269 392 3426 450 Ηὶῦ.

181 542 332 605 ιιιιιις
350 539 553 595 stultus
577 537 723 605 enim
754 549 928 592 essem
964 534 1113 608 [est],
1141 536 1235 606 qui
1260 536 1314 589 in
1343 548 1408 589 eo
1439 547 1497 588 se
1518 545 1751 602 primum
1781 531 1826 585 Α
1853 526 2086 591 nifcstis,
2116 523 2201 579 cui
2227 521 2457 577 induciae
2480 518 2701 574 minimc
2729 522 2838 570 sint
2869 506 3250 572 conccdendm,
3280 506 3404 606 quia

180 630 436 695 mstimat,
460 619 522 684 ut
549 628 692 682 bona
717 641 838 696 quae
877 625 1070 679 viderit
1093 625 1300 679 discere
1322 620 1642 678 contemnat.
1661 618 1752 672 Ille

180 705 349 776 etiam
374 718 476 789 qui
513 732 625 772 non
666 715 736 770 ab
763 714 981 769 homine
1011 714 1198 770 didicit
1230 711 1532 768 auctoritati
1560 708 1752 764 Corin-

182 808 427 865 thiorum
450 808 615 863 cessit
639 806 825 862 dicens
866 823 879 859 :
945 824 964 857 ι
1011 804 1112 860 Cui
1150 805 1353 874 aliquid
1399 803 1656 866 donastis,
1699 808 1753 855 et

181 913 288 971 ego
317 897 408 971 (11
440 897 565 954 Cor.
595 902 676 967 ιι).
717 915 736 948 ι
769 895 906 950 Hinc
946 894 1250 966 colligimus
1278 909 1402 948 cum
1426 891 1568 947 sedis
1591 889 1753 958 hujus

185 1003 356 1057 super
385 993 626 1056 petram,
651 998 773 1054 quae
827 981 1080 1038 Christus
1115 990 1229 1048 est,
1288 980 1520 1036 fundata:
1557 979 1648 1048 jus
1699 986 1754 1032 et

184 1075 490 1132 dominium
523 1081 752 1137 constet,
779 1088 885 1127 non
927 1087 1089 1143 posse
1139 1070 1384 1142 abrogari
1441 1088 1454 1124 :
1497 1066 1753 1138 praesules

184 1175 371 1221 tamen
409 1164 531 1234 ejus
553 1163 813 1220 concedat
835 1162 974 1229 ratio
1008 1161 1278 1216 interdum
1311 1152 1660 1215 commoneri.

259 1254 339 1310 De
371 1253 580 1326 judicio
608 1264 787 1308 autem
811 1252 1092 1322 apostolici
1123 1250 1265 1306 facto
1295 1265 1457 1320 super
1492 1249 1591 1303 hos
1613 1263 1753 1318 quos

185 1354 245 1402 tu
281 1360 448 1400 vocas
482 1344 726 1416 publicos
757 1352 812 1398 et
832 1352 1178 1406 contumaces
1218 1341 1628 1413 proseriptores,
1656 1353 1754 1408 pro

185 1447 379 1493 nostra
423 1435 812 1506 respondemus
852 1422 1098 1489 stultitia.
1152 1433 1300 1487 Fecit
1353 1431 1567 1501 quidem
1619 1445 1754 1500 papa

186 1527 338 1598 quod
369 1536 454 1582 est
485 1525 839 1596 apostolicum
859 1562 874 1590 ,
908 1524 1039 1579 dum
1071 1521 1346 1601 damnavit
1377 1535 1512 1590 quos
1544 1519 1755 1573 dixeras

187 1617 438 1686 publicos
471 1624 526 1671 et
560 1623 935 1681 contumaces,
975 1613 1023 1670 si
1052 1621 1258 1668 tantum
1301 1610 1441 1665 hanc
1467 1609 1613 1680 (fort.
1661 1607 1755 1662 sed

188 1705 358 1779 hanc]
383 1707 708 1762 dubietatem
744 1719 978 1775 sequens
1013 1698 1241 1774 epistola
1283 1701 1417 1757 satis
1470 1699 1757 1756 elueidalzit

187 1813 315 1869 qua:
343 1813 439 1853 eos
468 1807 591 1868 post
621 1797 990 1852 litteratoriam
1035 1793 1430 1849 confessionem
1477 1793 1756 1846 damnatos

187 1889 509 1954 declarabit,
532 1897 592 1942 ut
619 1887 840 1942 Acatius
858 1885 1176 1956 patriarcha
1204 1883 1756 1952 Constantinopolita-

189 1993 299 2032 nus
332 1992 366 2032 a
403 1984 593 2033 sancto
631 1974 803 2030 Felice
835 1989 971 2045 papa
1016 1973 1212 2044 legitur
1253 1973 1755 2036 anathematizatus,

188 2073 379 2134 utpote
398 2063 596 2119 litteris
615 2061 917 2134 professus,
943 2062 1090 2117 nulla
1123 2069 1304 2116 autem
1352 2060 1606 2132 synodica
1655 2076 1756 2114 vo-

186 2154 405 2211 catione
425 2163 767 2225 praeventus;
792 2163 888 2210 aut
905 2152 1186 2210 confessos
1205 2153 1484 2219 veraciter,
1515 2161 1609 2208 aut
1627 2168 1758 2207 con-

187 2246 367 2302 victos
383 2245 737 2316 regulariter;
781 2255 896 2313 aut,
950 2245 997 2300 si
1035 2244 1210 2300 vocati
1243 2243 1521 2310 canonice,
1545 2244 1611 2298 ad
1643 2243 1759 2298 red-

185 2334 380 2390 dendae
401 2333 628 2391 rationis
651 2334 917 2404 judicium
945 2332 1131 2388 venire
1158 2333 1461 2388 noluerunt.

260 2423 423 2492 Audi,
456 2423 636 2491 Pater,
658 2423 788 2495 quid
826 2423 882 2478 S.
927 2422 1298 2493 Augustinus,
1339 2423 1432 2492 qui
1473 2421 1756 2492 Carthagi-

187 2516 344 2571 nensi
362 2514 610 2580 concilio,
621 2529 688 2568 ex
701 2513 998 2584 apostolica
1011 2512 1330 2567 auctoritate
1340 2511 1756 2568 ctducentorum

187 2603 569 2675 septemdecim
596 2602 819 2658 Patrum
851 2603 1064 2657 firmato
1101 2599 1366 2666 interluit,
1397 2602 1464 2656 de
1489 2603 1757 2657 sententia

186 2694 432 2766 ejusdem
459 2694 672 2750 concilii
693 2692 762 2749 ad
789 2694 992 2750 clerum
1014 2700 1067 2747 et
1097 2691 1304 2762 plebem
1335 2689 1754 2761 Hipponensium

183 2783 333 2854 inter
348 2783 453 2838 alia
477 2782 608 2838 dicit
637 2781 810 2853 (epist.
837 2781 959 2852 137)
993 2799 1007 2836 :
1054 2800 1072 2833 ‹
1108 2779 1290 2851 Nuper
1309 2779 1364 2834 in
1389 2780 1617 2836 concilio
1641 2780 1757 2851 epi-

183 2889 478 2946 scoporum
528 2875 878 2939 constitutum
937 2881 1024 2929 est
1084 2873 1293 2928 nullum
1345 2872 1602 2928 clericum
1665 2871 1757 2941 qui

183 2963 431 3019 nondum
467 2963 747 3018 convictus
780 2961 851 3017 sit
893 2960 1152 3031 suspendi
1182 2976 1212 3015 a
1250 2961 1632 3016 communione
1661 2960 1757 3015 de-

185 3054 334 3121 bere,
365 3053 471 3109 nisi
500 3053 568 3109 ad
601 3068 824 3109 causam
870 3067 1027 3108 suam
1080 3052 1496 3107 examinandum
1539 3068 1597 3107 se
1652 3067 1758 3105 non

1853 634 1958 672 non
2003 614 2337 678 necessaria),
2367 613 2420 666 et
2445 606 2728 680 posteriori
2762 606 2866 660 hoc
2899 601 3086 657 ordine
3118 611 3308 666 papam
3352 593 3408 647 in

1852 716 2195 762 contumaces
2243 702 2526 772 episcopos
2580 695 2872 767 apostolica
2917 704 3076 746 usum
3121 692 3404 756 potestate.

1853 797 2180 866 Recipimus,
2207 794 2442 858 domine,
2467 789 2611 860 quod
2642 786 2865 850 asseris,
2892 783 2938 838 si
2968 777 3404 848 coniunctionem

1853 865 2135 954 hancquze
2162 891 2244 937 est
2278 889 2506 946 tantum,
2534 892 2642 931 non
2681 873 2972 929 addideris.
3015 869 3152 924 Sunt
3187 865 3406 936 quidem

1851 975 1959 1030 duo
1981 972 2248 1043 judiciarii
2277 969 2513 1030 ordines,
2538 974 2597 1021 ιιι
2619 966 2728 1020 duo
2755 970 3041 1032 praecepta,
3067 966 3128 1012 ut
3152 957 3259 1011 duo
3281 968 3406 1023 pec-

1853 1063 2006 1119 candi
2047 1076 2275 1132 genera:
2305 1073 2473 1113 unum
2504 1053 2782 1124 seilicetjin
2834 1051 3144 1113 Dominum,
3181 1047 3406 1100 alterum

1853 1151 1908 1204 in
1937 1130 2218 1214 homines;
2242 1155 2303 1202 ut
2329 1145 2437 1200 duo
2465 1143 2727 1198 adventus
2763 1130 3179 1192 Dominiz‘unus
3225 1131 3408 1187 occul-

1854 1250 1962 1310 tus,
1998 1241 2137 1300 alter,
2187 1237 2540 1301 manifestus;
2573 1248 2715 1288 unus
2751 1230 2969 1298 dequo
2998 1224 3258 1292 scriptum
3287 1229 3407 1275 est:

1861 1351 1878 1385 ι
1903 1329 2194 1386 Descendet
2230 1328 2371 1382 sicut
2398 1324 2578 1394 pluvia
2615 1323 2788 1376 vellus
2828 1316 2998 1390 (Psal.
3035 1315 3242 1383 um,»
3277 1310 3413 1364 alter

1853 1423 1919 1477 de
1946 1435 2056 1490 quo
2084 1418 2341 1486 scriptum
2367 1423 2486 1469 est:
2518 1432 2537 1464 ι
2561 1411 2702 1467 Deus
2726 1408 3010 1466 manifeste
3038 1405 3214 1460 veniet
3233 1399 3407 1474 (Psal.

1855 1511 2069 1581 :th)»
2127 1508 2202 1563 De
2260 1506 2427 1577 priori
2489 1504 2653 1574 igitur
2699 1499 2990 1571 judiciario
3041 1494 3234 1550 ordine
3281 1492 3415 1548 dicit

1853 1599 2168 1671 Apostolus:
2195 1618 2212 1648 ι
2235 1597 2289 1651 Si
2304 1597 2425 1666 quis
2439 1594 2601 1649 frater
2612 1591 2922 1666 nominatur
2937 1586 3253 1671 fornicator,
3265 1601 3282 1632 ι
3300 1590 3405 1637 etc.

1857 1669 1915 1744 ιῘ
1930 1689 2140 1759 Conv).
2177 1708 2195 1739 ι
2222 1687 2350 1742 Eam
2385 1683 2804 1742 nominationem
2837 1677 3058 1748 intelligi
3082 1669 3288 1735 volens,
3316 1691 3332 1722 ι
3351 1678 3412 1724 ιιι

1855 1782 1985 1837 dicit
2004 1777 2358 1850 Augustinus,
2385 1776 2439 1830 in
2473 1775 2574 1828 'lib.
2605 1774 2679 1829 De
2707 1769 3042 1842 pmnitentia,
3079 1786 3096 1817 ι
3126 1781 3246 1835 quze
3271 1763 3328 1816 lit
3352 1763 3409 1816 in

1855 1886 2179 1943 quemquam
2209 1884 2332 1924 cum
2367 1866 2629 1922 sententia
2655 1857 3168 1930 ordinejudieiario.
3190 1876 3207 1906 ι
3234 1853 3414 1908 Noluit

1854 1963 1997 2018 enim
2026 1961 2298 2016 hominem
2322 1958 2390 2012 ab
2409 1956 2627 2012 homine
2647 1952 2880 2024 judicari
2900 1967 2966 2005 ex
2995 1948 3216 2004 arbitrio
3239 1945 3416 2014 suspi-

1855 2054 2050 2118 cionis,
2102 2052 2184 2106 vel
2215 2049 2376 2104 etiam
2414 2043 2843 2102 extraordinario
2891 2049 3154 2110 usurpato
3187 2037 3412 2109 judicio,

1854 2144 1949 2198 sed
1983 2141 2164 2212 potius
2187 2155 2253 2196 ex
2275 2140 2390 2211 lege
2415 2137 2529 2203 Dei,
2547 2135 2844 2210 secundum
2867 2133 3111 2188 ordinem
3139 2127 3412 2193 Ecclesiae,

1855 2234 1968 2293 sive
1999 2235 2142 2288 ultro
2182 2230 2516 2296 confessum,
2561 2229 2674 2284 sive
2712 2233 3053 2289 accusatum,
3091 2232 3252 2292 atque
3281 2235 3414 2274 con-

1854 2323 2075 2378 victum.
2143 2317 2146 2319 Α
2338 2374 2341 2376 ,
3229 2359 3235 2363 .

1925 2411 2080 2467 Hunc
2107 2419 2285 2466 autem
2329 2409 2572 2464 ordinem
2615 2401 2850 2477 qualiter
2887 2401 3175 2474 procedere
3215 2415 3280 2454 ac
3306 2407 3419 2454 tra-

1857 2503 1991 2558 ctari
2020 2508 2260 2571 oporteat
2279 2499 2538 2554 describit
2562 2496 2622 2551 Β.
2646 2495 2936 2567 Gregorius
2951 2494 3005 2548 in
3027 2490 3419 2548 commentario

1856 2594 1922 2648 ad
1947 2592 2206 2646 Joannem
2239 2588 2584 2644 Defensorem
2616 2587 2730 2658 (lib.
2766 2603 2843 2650 XI,
2870 2585 3023 2654 epist.
3065 2581 3177 2649 56),
3201 2591 3416 2637 euntem

1856 2683 1910 2737 in
1951 2678 2259 2750 Hispanias,
2289 2679 2590 2733 decernens
2616 2685 2670 2730 et
2700 2676 3026 2730 catholicum
3069 2681 3312 2726 statuens
3359 2677 3420 2724 ut

1855 2772 2194 2829 considerata
2217 2785 2506 2826 causarum
2530 2768 2787 2838 qualitate
2811 2765 2902 2820 alii
2923 2765 3033 2819 sint
3051 2771 3418 2830 accusatores,

1857 2865 1948 2920 alii
1977 2872 2169 2930 testes,
2217 2871 2270 2917 et
2304 2870 2382 2926 ut,
2428 2868 2695 2932 prmscnte
2739 2864 3016 2921 accusato,
3064 2854 3166 2910 sub
3203 2853 3418 2924 jureju-

1839 2955 2028 3012 ’rando
2079 2956 2290 3011 dicatur
2338 2953 2708 3009 testimonium
2747 2948 2965 3020 scriptis
3021 2947 3319 3017 alligatum,
3366 2953 3420 3001 et

1858 3057 2143 3103 accusatus
2176 3044 2532 3116 respondendi
2559 3053 2613 3099 et
2638 3040 2954 3098 defendendi
2991 3043 3050 3110 se
3101 3039 3278 3094 locum
3318 3040 3418 3093 lia-

181 3141 853 3215 prtesentaveritalpsam
884 3151 1064 3196 autem
1087 3143 1553 3212 praesentationem
1581 3142 1756 3211 ipsum
1785 3163 1824 3218 ρ
1857 3139 2001 3204 beat,
2053 3146 2107 3194 et
2153 3131 2487 3224 examinatio
2532 3148 2887 3205 personarum
2939 3129 3308 3186 accusantium
3355 3145 3422 3185 ac

181 3232 526 3289 demonstrat
551 3231 858 3297 concilium,
888 3230 1136 3286 videlicet
1170 3238 1230 3285 ut
1266 3238 1360 3284 aut
1388 3229 1502 3299 ipse
1536 3245 1756 3283 accusa—

188 3329 280 3377 tus
315 3321 385 3376 ad
416 3335 639 3375 causam
670 3335 827 3375 suam
871 3320 1153 3375 dicendam
1177 3319 1264 3374 die
1317 3326 1519 3374 statuta
1564 3319 1756 3374 litteris
1804 3393 1810 3400 ι

184 3421 445 3470 evocatus
485 3419 765 3479 occurrat;
819 3419 915 3466 aut
956 3412 1168 3483 aliquas
1209 3426 1368 3466 veras
1418 3409 1756 3466 necessitatis

184 3517 386 3559 causas
398 3502 608 3574 probet,
629 3502 831 3574 quibus
859 3517 1149 3558 occurrere
1171 3517 1279 3557 non
1301 3501 1547 3572 potuisse
1577 3501 1754 3556 maui-

184 3591 387 3649 {estum
423 3593 511 3649 sit.
551 3592 618 3647 Et
665 3593 1043 3648 attendendum
1090 3592 1217 3662 quia
1265 3593 1413 3658 dicit,
1452 3612 1470 3644 ι
1504 3608 1610 3647 non
1661 3607 1758 3662 po-

184 3682 381 3748 tuisse,
431 3700 451 3734 ι
501 3697 604 3737 nec
639 3681 790 3746 dicit,
821 3696 931 3736 non
984 3680 1251 3746 voluisse;
1299 3680 1546 3735 similiter
1589 3688 1643 3735 et
1691 3681 1756 3734 de

182 3779 526 3837 accusatore,
541 3764 586 3827 si
608 3770 675 3825 ad
690 3769 978 3825 concilium
1001 3767 1306 3824 universale
1327 3768 1755 3824 anniversarium

183 3875 474 3918 occurrere
502 3861 755 3940 noluerit.
770 3859 946 3925 Certe,
963 3859 1077 3915 sive
1089 3867 1391 3926 accusator,
1405 3860 1518 3916 sive
1535 3845 1760 3916 accusa-

183 3960 275 4007 tus
289 3952 764 4006 occurrere‘voluit
778 3961 832 4005 et
854 3967 959 4006 non
973 3951 1163 4018 valuit,
1174 3949 1615 4023 Carthaginensis
1629 3968 1758 4006 con-

181 4039 305 4104 cilii;
325 4040 557 4096 decretis
582 4039 862 4094 absolutus
883 4039 1006 4094 erit.
1031 4038 1381 4111 Copsentitct
1406 4038 1658 4094 Africana
1673 4056 1758 4110 sy-

181 4129 365 4186 nodus
379 4130 591 4185 dicens:
623 4148 642 4182 ι
665 4128 722 4182 Si
739 4127 879 4184 infra
896 4144 1099 4183 annum
1111 4143 1334 4185 causam
1351 4144 1504 4184 suam
1524 4145 1754 4201 purgare

179 4219 587 4289 contempserit.
623 4239 642 4270 ι
679 4217 815 4275 Nota
834 4219 1032 4276 verba:
1063 4235 1168 4275 non
1188 4219 1347 4288 dicit,
1377 4239 1396 4271 ‹
1431 4236 1537 4277 non
1572 4223 1756 4276 volue‘

180 4308 290 4374 rit,
320 4327 338 4360 ι
496 4327 514 4360 ι
542 4309 942 4380 contempserit.
972 4327 992 4360 ι
1021 4307 1173 4364 Unde
1191 4310 1526 4380 Augustinus
1544 4312 1597 4365 in
1618 4312 1756 4367 libro

179 4397 262 4454 De
289 4398 604 4473 paenitentia
631 4416 645 4453 :
674 4419 692 4451 ι
711 4397 821 4454 Nos
834 4414 960 4453 vero
979 4415 1009 4452 a
1034 4401 1413 4456 communione
1427 4417 1752 4472 quemquam

1856 3229 2254 3286 testificantium
2283 3221 2602 3299 regulariter
2624 3226 2734 3278 fiat.
2769 3223 2924 3277 llunc
2949 3223 3110 3277 etiam
3145 3221 3420 3291 jndiciarii

1854 3321 2059 3376 ordinis
2087 3319 2305 3373 modum
2339 3303 2600 3371 Dominus
2627 3315 2824 3380 innuit,
2867 3329 2992 3368 cum
3033 3313 3088 3366 in
3125 3311 3421 3366 resuscita-

1854 3413 1999 3469 tione
2023 3411 2213 3489 puella;
2236 3410 2288 3464 in
2313 3409 2473 3464 domo
2489 3408 2722 3478 jacentis
2744 3414 2991 3470 mortem,
3019 3419 3084 3458 ac
3109 3403 3155 3458 si
3185 3403 3240 3457 in
3267 3418 3420 3456 reve—

1853 3505 2054 3560 latione
2087 3518 2265 3558 causa:
2304 3517 2410 3556 non
2459 3499 2712 3556 omnibus
2752 3505 2914 3563 noue,
2943 3495 3208 3566 quosdam
3251 3493 3421 3548 disci—

1853 3598 2102 3667 pulorum
2125 3609 2349 3650 suorum
2373 3601 2538 3647 testes
2563 3591 2769 3664 scilicet
2792 3597 2845 3644 et
2870 3596 3078 3658 patrem
3111 3594 3164 3641 et
3194 3595 3423 3640 matrem

1854 3685 2043 3756 puella:
2063 3699 2246 3738 secum
2277 3682 2520 3736 adhibuit
2557 3680 2771 3753 (Matth.
2805 3695 2880 3744 Ix,
2913 3677 3042 3731 Luc.
3069 3677 3206 3745 vin).

1924 3773 2168 3840 Qualiter
2232 3779 2412 3826 autem
2484 3771 2557 3826 sit
2625 3767 3030 3824 determinatida
3105 3762 3419 3833 hujusmodi

1856 3865 2236 3936 conjecturalis
2270 3862 2660 3926 controversia,
2699 3858 2956 3914 describit
2999 3855 3106 3911 Leo
3137 3855 3202 3910 ad
3235 3854 3426 3909 Rusti-

1856 3973 1977 4012 cum
2010 3954 2412 4008 Narbonensem
2457 3950 2771 4020 cpiscopum
2807 3966 2818 4000 :
2860 3969 2876 3997 ι
2902 3947 3040 4014 Quia
3081 3947 3421 4010 sacerdotum

1857 4046 2068 4102 Domini
2083 4053 2294 4100 matura
2311 4043 2562 4098 volumus
2586 4038 2949 4112 esse'julicia,
2969 4039 3100 4093 nihil
3127 4051 3426 4108 possumus

1856 4138 1908 4192 in
1965 4136 2128 4191 rebus
2175 4133 2485 4204 incognitis,
2517 4131 2571 4184 in
2615 4130 2936 4200 cujusquam
2958 4127 3137 4196 partis
3167 4123 3428 4194 prmjudi-

1854 4228 1999 4286 ciqu
2027 4226 2271 4291 delinire,
2302 4224 2618 4294 priusquam
2651 4220 2902 4272 universa
2943 4229 3065 4285 qum
3111 4223 3255 4284 gesta
3293 4221 3424 4268 sunt

1852 4318 2116 4373 veraciter
2149 4303 2453 4370 audiamus.
2480 4329 2497 4360 ι
2525 4308 2591 4362 Ει
2633 4309 2762 4361 item
2793 4305 2922 4360 alibi
2949 4304 3159 4375 egregie
3188 4305 3420 4359 dicitur:

1862 4427 1879 4459 ι
1905 4406 2022 4461 Νοιι
2046 4406 2256 4475 justum
2298 4400 2671 4462 mediatorem,
2701 4395 2795 4467 qui
2822 4396 2875 4450 in
2906 4396 3129 4451 incertis
3157 4396 3235 4449 sic
3254 4409 3422 4465 unam

180 4488 474 4560 prohibere
509 4506 617 4545 non
658 4505 968 4559 prssnmus,
1005 4489 1255 4560 quamvis
1303 4493 1419 4548 hmo
1464 4495 1753 4564 prohibitio
1785 4498 1828 4553 ι)
1853 4505 2057 4568 partem
2092 4495 2272 4557 audit,
2301 4500 2360 4547 ut
2389 4491 2545 4546 alteri
2579 4491 2719 4561 parti
2763 4489 2898 4552 nihil
2941 4475 3196 4543 reservet.
3223 4505 3238 4536 ι
3279 4484 3420 4552 Quid

179 4578 426 4632 nondum
447 4577 516 4632 sit
536 4578 801 4643 mortalis,
824 4579 916 4634 sed
940 4580 1293 4648 medicinalis,
1315 4583 1422 4638 nisi
1443 4593 1536 4639 aut
1563 4593 1752 4654 sponte

177 4665 514 4736 confessum,
551 4679 641 4724 aut
663 4687 716 4724 in
739 4671 922 4741 aliquo
944 4671 1055 4726 sive
1071 4673 1337 4741 saeculari,
1357 4674 1470 4728 sive
1489 4674 1748 4728 ecclesia-

178 4756 322 4813 stico
343 4755 550 4827 judicio
565 4770 902 4832 nominatum
924 4770 1086 4831 atque
1114 4762 1436 4816 convictum.
1452 4761 1586 4828 Quis
1604 4763 1747 4818 enim

177 4846 288 4903 sibi
312 4855 606 4919 utrumque
635 4850 796 4906 audet
816 4837 1096 4968 assumere
1124 4858 1184 4905 ut
1227 4852 1480 4922 cuiquam
1523 4853 1638 4924 ipse
1681 4855 1750 4910 sit

179 4945 467 4968 ...υ-..νηη-
498 4947 546 4968 Δ·
578 4939 732 4968 tua..-
753 4942 812 4968 9-
924 4961 939 4968 -
969 4941 1090 4968 LI-..
1134 4961 1148 4968 -
1179 4942 1348 4968 :_..-.:.
1398 4943 1430 4968 Ω
1480 4943 1724 4968 n-1.--:---

177 4945 467 4995 accusator
497 4947 551 4994 et
570 4939 734 5008 judex
753 4942 777 4994 ?
797 4926 899 4992 »Δ
921 4961 939 4992 ‹
969 4941 1111 5009 Ideo,
1132 4961 1150 4993 ι
1178 4942 1355 5012 inquit
1398 4943 1454 4998 S.
1480 4926 1748 5012 Gelasius,

173 5037 407 5086 vocatur
436 5027 502 5083 ad
530 5028 796 5099 judicium
840 5042 985 5087 certa
1050 5049 1386 5104 qumcunque
1409 5051 1659 5106 persona,
1695 5049 1752 5091 nt

177 5130 273 5176 aut
301 5120 535 5175 fateatur
566 5120 798 5191 objecta,
828 5131 920 5176 aut
946 5125 1300 5179 convincatur
1326 5125 1567 5195 objectis.
1624 5145 1641 5176 ι
1688 5125 1752 5180 Ει

175 5213 506 5286 Antiocl‘eni
551 5231 788 5271 canones
818 5235 830 5269 :
863 5235 880 5266 ι
908 5214 986 5268 ln~
1017 5218 1258 5274 conciliis
1284 5260 1299 5286 ,
1339 5221 1610 5290 inquiunt,
1658 5221 1752 5273 ad-

175 5297 292 5353 sint
317 5311 507 5352 omnes
539 5301 632 5367 qui
665 5315 723 5354 se
752 5301 910 5355 [ursos
938 5300 1270 5371 existimant,
1290 5313 1344 5358 et
1374 5307 1560 5376 synodi
1590 5320 1750 5375 expe~

173 5387 396 5441 riantur
427 5402 676 5442 evanten.
718 5407 737 5438 ι

249 5479 362 5534 Sed
391 5488 449 5534 tu
473 5479 610 5536 dir-is
631 5479 769 5534 duos
801 5483 922 5536 esse
943 5482 1263 5551 judiciarios
1291 5483 1508 5538 ordines
1538 5503 1550 5537 :
1579 5501 1746 5540 unum

173 5571 246 5626 de
271 5569 475 5634 dubiis,
506 5571 632 5626 licet
654 5569 817 5636 veris,
848 5572 942 5640 qui
972 5583 1026 5628 et
1058 5575 1291 5646 indigeat
1318 5573 1570 5640 induciis,
1595 5576 1746 5630 scili-

175 5665 265 5713 cet
290 5664 354 5711 ut
373 5669 660 5711 accusatus
686 5659 1018 5714 consulendo
1049 5662 1150 5716 sibi
1193 5662 1472 5732 provideat
1514 5664 1748 5733 qualiter

177 5749 245 5806 de
271 5747 500 5820 objectis
528 5747 808 5805 commode
846 5752 1193 5822 respondeat;
1237 5755 1488 5822 alterum,
1525 5755 1590 5810 dc
1629 5771 1741 5810 ma-

1848 4603 1978 4643 vero
2013 4587 2082 4643 sit
2122 4585 2448 4651 faciendum,
2473 4585 2521 4640 si
2547 4591 2833 4640 accusatus
2869 4589 2991 4651 post
3022 4578 3308 4634 canonicas
3335 4577 3422 4629 in-

1847 4681 2038 4736 ducias
2090 4695 2189 4735 nec
2223 4679 2337 4749 ipse
2367 4675 2595 4756 venerit,
2634 4690 2733 4729 nec
2767 4662 3135 4740 impedimenti
3179 4666 3420 4722 necessi-

1850 4783 1985 4829 tates
2015 4772 2342 4843 probaverit,
2360 4765 2659 4839 praescribit
2682 4762 2738 4816 S.
2768 4758 3060 4830 Gregorius
3084 4757 3136 4811 in
3161 4757 3419 4838 prmdicto

1850 4860 2243 4918 commentario
2276 4858 2461 4917 dicens
2489 4853 2605 4924 (lib.
2653 4868 2728 4917 χι,
2763 4850 2917 4920 epist.
2945 4847 3035 4917 56)
3065 4867 3078 4902 :
3111 4868 3127 4899 ι
3149 4846 3415 4914 Quoniam
3498 4896 3501 4898 _

1799 4973 1808 4985 ο
1847 4955 2066 5024 quidam
2094 4959 2187 5007 aut
2213 4949 2353 5018 apud
2388 4947 2632 5003 locorum
2661 4941 2996 5007 defensores,
3021 4949 3114 5024 aut
3141 4940 3280 5010 apud
3304 4931 3426 4994 cla-5'

1847 5044 2095 5099 rissimos
2117 5037 2776 5110 provinciarum-judices,
2809 5043 2904 5090 aut
2943 5019 3126 5098 etiam,
3161 5041 3220 5085 ut
3261 5040 3449 5086 asse-#-

1845 5132 1936 5196 let,
1969 5149 1986 5181 ι
2023 5130 2112 5184 hic
2139 5128 2281 5197 apud
2305 5127 2484 5182 virum
2513 5125 2876 5182 clarissimum
2905 5137 2921 5170 ι
2943 5109 3261 5189 magistrum
3289 5131 3416 5172 cen—

1844 5235 1937 5274 sus
1959 5219 2355 5290 ingrediuntur,
2385 5239 2402 5270 ι
2431 5227 2486 5273 et
2504 5223 2807 5286 queruntur
2845 5232 2862 5262 ι
2886 5221 3145 5282 tanquam
3191 5211 3258 5264 ab
3302 5208 3409 5272 alio

1845 5308 1991 5378 passi
2019 5308 2222 5379 aliquid
2242 5316 2429 5362 contra
2453 5307 2616 5373 leges,
2640 5310 2734 5380 aut
2757 5300 2912 5355 aliter
2950 5301 3083 5366 laesi,
3113 5306 3206 5352 aut
3224 5293 3406 5349 damni

1843 5398 1971 5453 facti
2007 5385 2172 5454 tostes
2200 5399 2441 5452 volentes
2472 5393 2798 5463 producere.
2842 5381 2913 5446 At
2946 5393 3012 5445 ne
3043 5397 3229 5459 postea
3270 5385 3409 5454 obji-

1842 5492 2018 5544 ciatur
2046 5489 2124 5542 eis
2157 5505 2176 5537 ι
2224 5485 2351 5555 quia
2391 5499 2486 5554 per
2523 5498 2686 5537 unam
2720 5490 2925 5552 partem
2969 5485 3118 5546 gesta
3164 5473 3408 5529 confecta

1844 5587 1989 5643 sunt,
2032 5583 2283 5644 «oportet
2312 5574 2465 5627 illum
2511 5572 2605 5641 qui
2634 5570 2912 5640 impetitur
2953 5564 3007 5618 in
3047 5564 3165 5633 ipsa
3193 5563 3411 5618 civitate

1840 5665 2217 5730 constitutum,
2258 5663 2349 5717 ubi
2392 5653 2698 5716 testinmnia
2747 5658 2963 5717 dantur,
3001 5654 3344 5708 admonitum
3379 5668 3410 5706 a

1833 5757 2016 5828 judice
2051 5755 2163 5812 sive
2207 5771 2237 5810 a
2268 5754 2548 5812 defensore
2585 5746 2834 5805 advenire
2879 5752 2926 5796 et
2955 5743 3151 5802 audire
3191 5754 3405 5801 attesta-
