3956 6390
558 425 691 479 ‘ll'7

1527 425 1618 478 AD
1656 424 1879 480 ΟΡΕΠΛ
1924 427 1980 481 S.
2023 424 2348 482 GRECORII
2384 428 2824 486 APPI‘INDICFS.

3646 4 3913 217 ""1

3672 441 3802 498 1H8

557 548 749 590 tiones.
782 533 835 588 Si
868 551 994 589 vero
1021 536 1250 590 noluerit
1282 537 1554 602 advenire,
1592 541 1684 593 sed
1718 543 2124 610 contempserit,
2157 546 2201 598 Α
2226 543 2645 597 celebrationem
2716 546 2817 599 sibi
2874 545 3055 600 missa:
3118 546 3491 605 illlt‘l‘diCCltliS
3553 563 3803 623 protervo

557 636 610 677 ut
639 642 703 678 ex
754 626 854 678 hoc
908 625 977 677 ab
1014 642 1116 677 una
1164 638 1314 694 parte
1360 629 1669 682 testinu‘mia
1717 631 1977 686 adversus
2001 648 2125 685 t‘lllll

557 717 767 770 inutilia
812 719 939 780 sint,
998 718 1275 770 sanciunts
1331 720 1641 786 hujusnioii
1700 723 2010 776 testimonia
2056 724 2126 776 ita

554 809 753 872 \alz-re,
799 825 859 861 ac
911 811 954 862 si
1005 826 1109 862 non
1156 827 1219 863 ex
1260 828 1362 864 uua
1415 822 1563 879 parte
1615 814 2125 878 consisterent;sed

552 899 715 950 etia-u
743 899 859 967 ipso
900 910 1160 967 praesente
1194 901 1422 955 fuissent
1460 904 1620 957 facta.
1654 903 1709 955 Si
1732 905 1876 958 enim
1911 923 2129 960 recusa-

556 1004 599 1039 v:
625 989 710 1049 rit,
741 998 791 1041 et
818 991 1000 1041 venire
1024 992 1275 1054 noluerit,
1298 1002 1350 1046 et
1375 994 1560 1046 audire
1591 1010 1713 1063 qua:
1760 995 2126 1064 deponuntur,

552 1095 679 1131 eum
704 1080 888 1148 utique
912 1081 962 1132 in
989 1082 1203 1149 publico
1232 1085 1323 1147 sit,
1354 1094 1407 1138 et
1437 1102 1543 1138 non
1570 1103 1635 1139 ex
1675 1086 1965 1142 iuevitalrili
2000 1106 2131 1157 qua-

554 1168 678 1221 dam
708 1172 1028 1224 necessitate
1050 1175 1233 1226 venire
1255 1190 1362 1227 non
1390 1175 1581 1243 possit,
1607 1177 1801 1248 similis
1824 1179 2129 1233 advenienti

554 1259 679 1322 erit,
703 1271 755 1313 et
785 1262 926 1314 nulla
962 1263 1167 1317 utilitas
1204 1281 1269 1317 ex
1298 1274 1612 1335 contemptu
1644 1284 1747 1321 suo
1773 1269 1821 1322 ei
1850 1270 2137 1324 adhibebi-

554 1360 663 1411 tur,
690 1352 782 1404 sed
832 1353 878 1405 vi
902 1353 1155 1407 lelinntur
1192 1356 1410 1424 quidem
1438 1372 1502 1410 ex
1536 1358 1820 1428 utriusque.
1845 1362 2128 1428 praesentia

556 1441 904 1509 probationes
952 1444 1124 1498 factm.
1180 1444 1381 1511 Ecce“
1440 1448 1616 1517 iuquit
1672 1447 1728 1502 S.
1802 1448 2127 1521 Gregorius,

560 1551 579 1580 ι
608 1532 979 1586 admouendus
1001 1543 1081 1588 est
1107 1552 1319 1606 semper
1342 1538 1708 1602 adversarius,
1738 1547 1796 1592 ut
1816 1539 1881 1592 ad
1907 1540 2131 1594 audien-

553 1624 653 1677 dos
698 1633 861 1678 testes
889 1626 1166 1701 adveniat;
1216 1629 1454 1696 alioquin
1487 1646 1706 1685 necesse
1753 1640 1835 1685 est
1878 1641 1935 1685 ut
1981 1632 2128 1702 quod

556 1726 742 1769 contra
768 1717 909 1785 legas
940 1727 1119 1771 aetum
1150 1729 1227 1771 est
1256 1720 1563 1774 firmitatem
1594 1737 1703 1776 non
1728 1723 1940 1777 habeat.
1964 1742 1982 1775 ι

628 1806 971 1861 Ita-iitonstzat
1001 1811 1162 1863 etiam
1199 1811 1510 1867 Bonifacius
1539 1829 1674 1883 papa
1702 1816 1875 1883 (epist.
1909 1815 1965 1883 Ξ)
1998 1815 2129 1869 scri-

553 1896 687 1952 bens
729 1899 795 1951 al
840 1888 1041 1967 Septem
1076 1902 1385 1971 provincias
1426 1903 1492 1956 de
1538 1902 1793 1967 Mavimo,
1833 1906 1925 1975 qui
1958 1906 2129 1961 multo

551 1988 781 2041 crimine
833 1990 1123 2045 infamatus
1169 1993 1482 2060 pra'scntari
1508 1993 1715 2062 judicio
1744 1995 1935 2060 noluit,
1968 1994 2128 2069 regu-

554 2077 740 2131 larttcr
774 2090 1016 2133 vin-atas.
1057 2106 1072 2131 ι
1096 2080 1303 2144 Nullus,
1344 2084 1614 2152 inquiens,
1645 2086 1858 2141 dubitat
1884 2087 2027 2157 quod
2056 2089 2128 2142 ita

552 2168 812 2236 judicium
870 2176 1096 2223 noeens
1129 2160 1494 2242 subter-fugit,
1548 2177 2004 2245 quemadmodum
2072 2188 2130 2233 ut

552 2259 870 2314 absolvatur
905 2262 997 2331 qui
1023 2272 1103 2316 est
1139 2264 1399 2319 innocens
1427 2267 1650 2334 quaerit;
1698 2267 1792 2321 sed
1830 2278 2008 2323 astuta
2038 2285 2131 2323 ca-

552 2351 759 2404 vJIatio
805 2370 993 2407 eorqu
1055 2354 1146 2425 qui
1191 2358 1425 2411 versutis
1459 2358 1725 2426 agendum
1756 2360 1983 2413 credunt
2009 2376 2132 2415 esse

551 2456 580 2497 c
607 2443 796 2497 insiliis
842 2461 1119 2515 numquam
1147 2447 1469 2501 innocentize
1499 2464 1699 2502 nomen
1723 2449 1967 2518 accipiet.
1992 2451 2133 2505 Con-

554 2518 737 2587 fttctur
765 2537 910 2588 enim
940 2536 1005 2588 de
1037 2537 1310 2601 omnibus,
1360 2538 1613 2606 quisquis
1666 2553 1723 2591 se
1755 2538 2130 2610 subterfugere

554 2624 813 2692 judicium
845 2626 1196 2681 dilationibus
1243 2636 1414 2696 putat.
1439 2649 1455 2677 ι
1485 2626 1549 2680 I'It
1590 2629 1915 2697 quibusdam
1966 2630 2131 2699 inur-

554 2717 744 2784 pwsitis
772 2736 782 2770 :
816 2739 831 2767 ι
864 2717 1232 2785 Decrevimus,
1264 2719 1458 2789 inquit,
1487 2729 1729 2774 vestrum
1764 2721 1959 2776 debere
1989 2722 2128 2777 intra

554 2806 889 2873 provinciam
920 2822 1041 2860 esse
1071 2808 1359 2876 judicium,
1396 2820 1448 2862 et
1478 2812 1793 2881 congregari
1842 2814 2128 2881 synodum,

555 2908 677 2949 ante
720 2897 863 2951 diem
915 2895 1276 2953 Kalendarum
1319 2897 1725 2965 Novembrium,
1760 2912 1835 2965 ut,
1870 2903 1911 2955 si
1943 2904 2131 2957 adesse

556 2989 807 3053 voluerit,
860 3005 1119 3058 prteseus,
1177 2991 1219 3045 si
1263 2992 1506 3056 conlidit,
1556 2992 1620 3045 ad
1664 2993 1873 3061 objecta
1908 3011 2132 3063 respou-

555 3079 695 3133 iieat.
723 3078 778 3132 Si
809 3096 933 3132 vero
961 3080 1150 3136 adesse
1176 3082 1488 3152 neglexerit,
1512 3083 1824 3155 dilationem
1856 3085 2133 3137 sententia:

2231 634 2464 702 discidit,
2486 636 2611 704 quia
2646 637 2809 702 hunc,
2833 636 3077 707 inquam,
3102 639 3214 690 ‘uisi
3242 642 3501 695 canonice
3526 655 3800 713 vocatum,

2232 725 2335 779 nisi
2367 728 2686 797 regulariter
2719 738 3113 799 exspectatum,
3142 731 3402 786 damnare
3433 735 3629 790 noluit.
3657 735 3802 801 Unde

2230 825 2284 869 et
2320 818 2433 887 ipse
2492 820 2557 872 ad
2606 818 2931 873 Martialium
2987 821 3104 888 (lib.
3144 838 3202 886 ιι,
3238 823 3391 891 epist.
3417 824 3510 894 Ξῖ)
3536 843 3547 878 :
3573 824 3801 881 «Nullas

2231 907 2348 962 sine
2370 911 2677 979 cognitione
2697 912 3039 966 damnandus
3060 922 3165 967 est.
3192 933 3210 964 ι

2302 1002 2449 1056 Alter
2483 1002 2757 1071 judiciarii
2803 1003 3012 1058 ordinis
3061 1005 3259 1059 modus
3303 1015 3409 1071 est,
3452 1022 3616 1076 quem
3664 1015 3719 1062 et
3747 1017 3799 1062 ιιι

2231 1090 2615 1156 dixeras,-cum
2646 1092 2851 1145 crimen
2888 1107 2996 1145 non
3034 1101 3289 1163 negatur,
3342 1111 3469 1149 cum
3493 1096 3604 1164 jam
3647 1097 3800 1166 quasi

2230 1189 2384 1233 extra
2429 1188 2639 1249 portam
2684 1179 2941 1244 civitatis,
2982 1181 3279 1236 sceleribus
3301 1182 3621 1255 [scelerum]
3650 1199 3801 1239 exse-

2231 1271 2376 1340 quiis
2402 1287 2527 1325 rcus
2551 1270 2792 1343 efferturr
2828 1269 2983 1324 lluuc
3011 1272 3254 1337 modum,
3303 1272 3410 1326 nisi
3442 1283 3531 1326 tua
3566 1274 3656 1327 vei
3683 1289 3802 1343 pro;

2233 1362 2467 1417 videntia
2498 1362 2656 1416 aliter
2697 1362 3043 1430 judicaverit,
3089 1363 3143 1416 in
3195 1364 3332 1417 duos
3388 1365 3565 1418 adhuc
3613 1367 3799 1420 modos

2232 1445 2648 1518 subdividiuius,
2662 1463 2715 1507 et
2729 1454 2950 1507 modum
2966 1455 3320 1524 utrumquein
3338 1455 3604 1526 synodum
3619 1456 3797 1525 (1057)

2230 1546 2413 1599 vocari
2427 1555 2480 1599 et
2500 1562 2564 1599 ex
2587 1544 2793 1614 judicio
2814 1545 3165 1600 determinari
3183 1547 3452 1601 volumus.
3474 1545 3588 1601 Una
3600 1548 3800 1602 scilicet

2233 1636 2502 1691 manifesti
2524 1636 2800 1704 judiciarii
2821 1637 3031 1692 ordinis
3053 1640 3262 1707 species
3283 1646 3386 1703 est,
3408 1655 3530 1693 cum
3555 1646 3681 1693 reus
3706 1654 3799 1693 nec

2230 1743 2310 1791 se,
2335 1743 2432 1781 nec
2473 1728 2794 1790 admissum,
2820 1728 2964 1797 quod
2996 1729 3273 1796 obiicitur,
3305 1730 3563 1796 defendit,
3615 1729 3670 1784 id
3699 1741 3793 1793 est,

2230 1831 2354 1871 cum
2388 1816 2585 1871 fatetur
2604 1827 2657 1871 et
2677 1833 2735 1871 se
2758 1816 2950 1872 fecisse
2968 1826 3022 1871 et
3047 1816 3295 1871 faciendo
3320 1834 3591 1886 peccasse.
3621 1818 3679 1871 lu
3704 1820 3798 1871 hac

2165 1884 2207 1939 Β
2232 1922 2417 1971 musa,
2446 1904 2855 1962 accusatoribus
2878 1906 2953 1959 nil
2980 1905 3323 1969 facientibus,
3356 1922 3482 1959 rcus
3500 1915 3707 1958 tantum
3735 1905 3797 1958 ad

2226 1996 2492 2067 judicium
2515 2006 2772 2062 vocatur,
2804 2011 3069 2065 passurus
3090 1996 3236 2065 quod
3266 1993 3517 2052 eonfsso
3567 1993 3648 2047 vel
3670 2009 3787 2048 eou-

2231 2089 2378 2142 victo
2427 2087 2818 2141 incdieinaliter
2861 2086 3223 2156 prtescribunt
3266 2101 3402 2155 pene
3436 2085 3645 2153 singula
3678 2084 3796 2137 folia

2231 2194 2523 2232 canonum.
2544 2177 2853 2231 Secundum
2880 2177 3029 2230 hunc
3045 2176 3266 2230 modum
3290 2177 3503 2229 videtur
3519 2175 3800 2244 Apostolus

2230 2268 2440 2343 dixisse.
2456 2269 2521 2321 ad
2535 2267 2876 2322 Corinthios:
2898 2285 2916 2317 ι
2941 2264 3053 2335 Ego
3079 2265 3300 2335 quidem
3328 2264 3528 2319 absens
3556 2278 3796 2332 corpore,

2231 2376 2472 2430 presens
2492 2369 2671 2413 autem
2709 2358 2924 2428 spiritu,
2968 2358 3082 2429 jam
3129 2356 3394 2426 iudicavi,
3445 2365 3504 2410 ut
3544 2370 3795 2426 praesens,

2230 2465 2355 2502 eum
2411 2451 2504 2519 qui
2532 2450 2610 2503 sie
2636 2456 2892 2517 operatus
2915 2460 3018 2513 est,
3049 2449 3102 2500 in
3132 2447 3351 2500 nomine
3393 2445 3606 2499 Domini
3634 2445 3796 2499 nostri

2231 2539 2273 2592 J.
2295 2557 2359 2595 su
2388 2540 2612 2604 Christi,
2643 2539 2981 2607 congregatis
3007 2538 3179 2602 vobis,
3203 2547 3254 2591 et
3286 2552 3407 2591 meo
3437 2536 3648 2606 spiritu,
3678 2550 3795 2589 cum

2231 2631 2430 2684 virtute
2455 2628 2665 2682 Domini
2700 2626 3008 2682 nostriJesu
3022 2626 3226 2681 Christi
3259 2627 3472 2681 tradere
3496 2626 3794 2697 hujusmodi

2235 2722 2450 2775 Satame
2480 2721 2533 2773 iu
2558 2719 2833 2773 interitum
2862 2719 3046 2773 carnis
3078 2715 3130 2788 (I
3158 2715 3283 2772 Cor.
3314 2716 3424 2787 \').)

2303 2810 2461 2874 Nota,
2495 2810 2640 2878 quod
2673 2809 2801 2863 dixit
2834 2827 2847 2861 :
2885 2808 3278 2877 «Congrcgatis
3315 2807 3471 2861 vobis
3501 2806 3553 2861 in
3583 2805 3797 2860 nomine

2233 2900 2383 2965 ,ιι-δυ,
2405 2921 2421 2951 ι
2456 2900 2612 2971 quasi
2636 2900 2836 2953 diceret
2864 2918 2876 2951 :
2902 2898 3144 2953 Collecto
3167 2914 3197 2951 a
3220 2897 3372 2951 votis
3392 2897 3641 2961 concilio,
3665 2893 3799 2949 facto

2234 3009 2262 3046 a
2305 2992 2458 3046 vobis
2483 2998 2755 3045 conventu
2802 2990 2856 3044 in
2888 2989 3107 3044 nomine
3141 2987 3379 3053 Domini,
3424 2988 3476 3041 id
3513 2996 3595 3041 est
3634 3003 3793 3049 cano-

2236 3082 2379 3145 nico,
2426 3081 2497 3135 ibi
2539 3096 2625 3133 me
2674 3079 3023 3150 spiritualiter
3060 3079 3339 3133 vobiscum
3375 3058 3654 3147 pimsente,
3681 3090 3798 3130 rcus

555 3170 621 3223 de
644 3170 890 3223 absmtia
916 3187 1024 3224 non
1063 3172 1322 3225 lueretur.
1361 3171 1493 3225 Nam
1520 3173 1867 3228 manifestum
1891 3182 1971 3227 est
2000 3190 2132 3227 con-
2161 3219 2203 3275 C
2231 3174 2525 3242 judieetur,
2542 3172 2625 3225 ibi
2652 3187 2682 3225 ιι
2705 3171 2983 3225 consortio
3027 3168 3281 3223 Ecclesiae
3316 3169 3647 3231 eliuiinetur;
3679 3174 3798 3220 tune

556 3260 693 3314 fiteri
723 3277 846 3313 eum
874 3263 940 3315 de
970 3262 1220 3329 crimine,
1253 3263 1345 3332 qui
1380 3263 1589 3317 indultu
1610 3272 1664 3318 et
1704 3264 1862 3318 toties
1892 3264 2135 3334 delegato

555 3352 756 3420 judicio
787 3355 1048 3424 purgandi
1082 3370 1139 3408 se
1171 3354 1458 3409 occasione
1483 3370 1589 3407 non
1616 3354 1803 3408 utitur.
1822 3354 1966 3408 Nihil
1989 3355 2133 3409 enim

555 3443 777 3497 interest
808 3452 988 3497 utrum
1015 3445 1065 3498 in
1092 3446 1342 3515 praesenti
1369 3447 1621 3499 examine
1644 3446 1824 3500 omnia
1847 3462 1968 3516 qnte
1991 3446 2133 3500 dicta

557 3545 683 3589 sunt
715 3537 1156 3603 Comprobentur,
1181 3552 1303 3590 cum
1353 3538 1467 3605 ipsa
1502 3553 1720 3606 quoque
1769 3552 1867 3606 pro
1916 3535 2133 3589 confes-

555 3628 714 3682 sione
742 3637 1029 3696 procurata
1069 3629 1226 3681 toties
1267 3637 1479 3681 constet
1508 3627 1770 3681 absentia.
1813 3624 1924 3681 Nos
1953 3635 2133 3680 autem

558 3734 653 3786 per
675 3733 864 3770 omnes
895 3719 1199 3786 provincias
1230 3720 1435 3773 litteras
1460 3702 1775 3787 dirigemus,
1807 3733 1874 3771 ne
1900 3733 2131 3772 excusa»

559 3809 763 3863 tionem
796 3808 896 3860 sibi
929 3808 1285 3878 iguoraliunis
1314 3809 1589 3868 ohtcudat,
1616 3816 1670 3859 ut
1703 3808 1768 3860 ad
1791 3807 2134 3861 Provinciam

560 3904 744 3953 venire
788 3910 1032 3969 regatur,
1089 3911 1141 3954 et
1191 3900 1299 3954 iilie
1345 3914 1402 3953 se
1452 3898 1749 3952 constituto
1810 3888 2135 3967 pra-sentam

479 4041 484 4047 ,
560 3990 690 4060 jttdit
709 3991 783 4043 io.
814 4010 830 4041 ι

630 4081 804 4136 Simili
841 4083 1190 4158 exsecutione.
1219 4081 1430 4134 vocavit
1458 4090 1509 4134 et
1536 4081 1871 4149 exspectavit
1908 4080 1965 4134 Β.
2002 4081 2137 4136 Gre-

558 4175 746 4242 goeins
776 4173 1068 4227 Maximum
1102 4173 1477 4227 Salouitanum
1502 4172 1839 4241 episcopum,
1863 4171 2138 4225 evidenter

562 4281 714 4319 reum
738 4274 791 4318 ct
816 4276 1191 4319 contumacem
1225 4266 1341 4331 (tib.
1368 4282 1419 4330 v,
1444 4265 1598 4333 epist.
1632 4264 1684 4332 5)
1713 4263 1931 4317 dicens:
1963 4284 1979 4313 ι
2002 4261 2165 4317 llor-_

562 4367 742 4412 tamur
768 4368 823 4411 ut
847 4359 912 4411 ad
942 4375 1042 4412 nos
1072 4358 1253 4411 venire
1288 4357 1436 4410 oumi
1466 4364 1625 4424 postp
1648 4356 1766 4408 'sita
1789 4355 2138 4409 excusatione

561 4444 805 4513 festines,
852 4459 1141 4518 quatenus,
1172 4459 1382 4502 servata
1426 4446 1658 4517 iustitia,
1685 4446 1798 4499 lucc
1828 4446 1913 4515 (de
1939 4446 2138 4514 quibus

2239 3262 2524 3319 manifeste
2562 3264 2611 3316 ei
2640 3271 2973 3316 monstretur
2988 3261 3122 3331 quia
3148 3260 3424 3330 peccando
3449 3260 3566 3329 ejus
3594 3274 3650 3313 se
3672 3259 3800 3329 jugo

2237 3354 2565 3425 subjugavit,
2595 3352 2715 3422 ejus
2744 3352 2886 3417 dico,
2914 3352 3007 3422 qui
3035 3351 3226 3421 jngqu
3254 3350 3470 3404 Domini
3500 3348 3708 3419 abjecit.
3740 3347 3801 3403 Et

2237 3448 2339 3502 hoc
2355 3463 2460 3500 non
2479 3446 2701 3515 privata:
2726 3452 2972 3513 respectu
3001 3442 3232 3510 injuriae,
3256 3459 3361 3495 non
3390 3442 3496 3496 alia
3517 3440 3801 3495 intentione

2238 3539 2341 3591 nisi
2369 3539 2505 3591 utin
2528 3552 2594 3590 eo
2626 3535 2856 3589 intereat
2885 3534 2939 3586 in
2972 3540 3203 3585 mortem
3234 3548 3460 3601 vergens
3487 3531 3795 3595 carnalitas;

2239 3630 2524 3699 resipiscat
2544 3637 2743 3683 {eterna
2770 3640 3022 3696 qumreus
3046 3623 3404 3693 spiritualitas
3426 3640 3440 3687 ;
3463 3635 3624 3676 carne
3657 3619 3799 3673 scilic

2237 3732 2323 3777 cet
2364 3722 2615 3785 intereat,
2654 3728 2714 3772 ut
2753 3717 2945 3787 spiritu
2984 3715 3241 3770 salvetur.
3279 3712 3412 3769 Item
3458 3711 3614 3784 paulo
3640 3723 3796 3779 supc-

2237 3813 2358 3866 rius
2383 3830 2396 3864 :
2429 3832 2446 3861 ι
2468 3820 2527 3864 ιιι
2570 3810 2792 3863 tollatur
2824 3807 2891 3860 de
2920 3805 3101 3858 medio
3126 3813 3391 3867 vestium,
3421 3802 3510 3872 qui
3540 3802 3639 3854 hoc
3666 3812 3797 3866 opus

2238 3902 2365 3957 fecit
2379 3899 2431 3971 (1
2437 3899 2590 3963 bid.).
2607 3918 2624 3949 ι
2642 3897 2799 3964 Quod
2819 3910 3098 3964 exponens
3109 3890 3430 3947 Ambrosinus
3452 3891 3524 3956 (in
3538 3888 3564 3942 1
3581 3889 3701 3945 Cor.
3722 3890 3794 3958 γ),

2236 3993 2368 4048 dicit
2394 4011 2405 4045 :
2441 4010 2459 4041 ‹
2477 3989 2710 4060 Cognito
2733 4002 2894 4057 opere
2917 3985 3042 4049 isto,
3064 3983 3370 4053 pellendum
3395 3982 3538 4036 illum
3556 3982 3796 4051 (peccau-

2237 4082 2566 4149 tem)'fuisse
2590 4081 2656 4135 de
2685 4067 2829 4134 emta
2867 4076 3243 4132 fraternitatis.
3295 4073 3496 4129 Omnes
3526 4073 3664 4127 enim
3692 4071 3795 4126 cri-

2236 4190 2361 4228 men
2392 4173 2512 4240 ejus
2543 4170 2807 4232 sciebant,
2840 4175 3024 4221 etnon
3059 4162 3380 4233 arguebant.
3421 4160 3632 4215 Publice
3656 4159 3794 4214 enim

2237 4276 2526 4319 novercam
2559 4275 2715 4313 suam
2747 4259 2867 4311 loco
2894 4254 3080 4309 uxoris
3114 4254 3365 4307 habebat.
3391 4252 3447 4306 In
3480 4266 3582 4321 qua
3604 4265 3679 4314 re,
3703 4265 3792 4304 ne-
3845 4288 3848 4295 .

2237 4367 2343 4423 que
2366 4349 2596 4405 testibus
2630 4362 2769 4417 Opus
2793 4353 2931 4410 erat,
2963 4359 3139 4414 neque
3168 4341 3601 4412 tergiversatione
3623 4338 3793 4407 aliqua

2236 4450 2448 4512 poterat
2475 4441 2580 4510 tegi
2605 4439 2831 4495 crimen.
2868 4456 2888 4488 ι

560 4542 860 4611 accusaris)
890 4550 942 4595 et
972 4555 1299 4610 cognoscere
1341 4550 1393 4592 et
1424 4540 1600 4603 linire,
1647 4539 1946 4593 secundum
1978 4552 2137 4595 cano-
2170 4559 2212 4613 υ
2308 4552 2489 4605 Altera
2542 4548 2817 4604 manifesti
2857 4545 3133 4616 indiciam
3182 4544 3395 4599 ordinis
3453 4540 3651 4610 species
3694 4545 3788 4606 est,

563 4634 683 4688 nica
713 4635 980 4698 instituta,
1009 4625 1230 4688 Christo
1277 4632 1565 4694 revelantc,
1596 4632 1891 4698 possimus.
1923 4630 1997 4684 Ita
2034 4646 2135 4685 au-

562 4734 671 4781 tem
709 4722 793 4779 fac
827 4734 885 4778 ut
937 4725 1002 4777 ad
1046 4725 1369 4779 veniendum
1413 4723 1647 4792 amplius
1672 4722 1784 4792 jam
1819 4736 2001 4776 moras
2027 4737 2135 4775 non

565 4831 800 4886 tngeras,
818 4834 883 4870 ne
909 4817 1023 4886 ipsa
1057 4826 1105 4871 te
1130 4816 1301 4885 magis
1321 4817 1562 4870 absentia
1592 4816 1885 4869 obnoxium
1911 4812 1995 4868 his
2017 4830 2139 4883 qua:

564 4909 820 4964 dicuntur
851 4910 1121 4978 assiguct;
1166 4917 1217 4961 et
1241 4922 1341 4961 nos
1373 4907 1426 4960 in
1457 4917 1507 4961 te
1530 4908 1645 4960 inec
1686 4924 1794 4969 res,
1824 4922 1931 4960 non
1960 4907 2135 4962 solum

567 5008 784 5068 propter
813 4996 955 5051 dicta
979 4996 1227 5059 crimina,
1259 5012 1381 5066 qua:
1407 5012 1638 5067 purgare
1665 4995 2013 5065 subterfugis,
2044 4996 2138 5049 sed

565 5089 729 5144 etiam
757 5097 976 5157 propter
1014 5086 1391 5142 inobedientia:
1420 5088 1634 5156 culpam
1670 5085 1864 5141 durius
1911 5086 2138 5150 scilicet,

567 5190 624 5235 ut
643 5181 1093 5234 incontutnacem
1119 5188 1275 5251 cogat
1298 5194 1363 5233 ex
1390 5179 1623 5231 concilio
1652 5178 1791 5232 ferre
1815 5178 2099 5247 judicium.
2116 5198 2133 5228 ι

644 5271 836 5335 Vides,
908 5271 1162 5338 domine,
1214 5273 1343 5342 quia
1388 5269 1447 5324 Β.
1489 5269 1781 5340 Gregorius
1843 5269 2136 5324 Maximum

570 5362 980 5427 Salonitanum,
1050 5371 1105 5415 et
1175 5373 1652 5432 pricsumptorem,
1732 5371 1785 5415 et
1854 5369 2110 5415 contuma

568 5472 708 5523 ecm,
741 5458 835 5526 qui
864 5457 1108 5512 ordinem
1139 5456 1321 5511 illic-ite
1342 5457 1598 5525 suscepit,
1630 5455 1722 5525 qui
1756 5455 1961 5508 litteras
1990 5468 2140 5523 papa:

643 5588 827 5658 (1006)
878 5585 1002 5642 llaec
1048 5599 1101 5644 et
1140 5578 1429 5659 sequentes
1482 5590 1866 5643 notationeulm
1910 5587 1974 5641 ad
1998 5586 2144 5659 lianc

571 5656 855 5729 epistolam
910 5669 1064 5711 erant
1109 5662 1162 5713 in
1206 5656 1449 5729 margine.
1510 5660 1869 5729 umnuscripti
1900 5656 2138 5729 (iudicis,

575 5726 798 5783 cautelae
846 5730 1014 5797 gratia
1045 5732 1153 5782 sive
1189 5732 1257 5782 ab
1301 5726 1418 5798 ipso
1450 5729 1740 5798 .~\i_ialberto
1773 5738 1823 5780 et
1858 5726 2138 5788 licrnaldo,

577 5816 689 5857 HW:
710 5802 777 5856 ab
811 5802 917 5855 alio
947 5800 1201 5869 quopiam
1246 5800 1485 5869 adjectae.
1520 5797 1619 5851 llic
1647 5797 1945 5850 cautissime.
1988 5811 2140 5847 coea-

2237 4660 2363 4701 eum
2399 4641 2709 4713 purgatorie
2737 4640 2943 4693 crimen
2989 4636 3329 4695 conceditur,
3376 4634 3470 4688 sed
3516 4631 3663 4701 culpa
3708 4645 3788 4686 rc-

2238 4743 2519 4799 movetur;
2548 4732 2599 4785 id
2630 4737 2734 4795 est,
2758 4744 2881 4784 cum
2902 4725 3073 4800 [quis]
3099 4724 3298 4779 fatetur
3324 4723 3538 4795 sequod
3558 4720 3792 4790 objiciun-

2240 4826 2430 4881 fecisse
2450 4866 2465 4889 ,
2496 4823 2726 4878 allii-mat
2748 4829 2928 4874 autem
2953 4833 3011 4873 se
3036 4814 3271 4889 [contra]
3294 4814 3465 4886 legem
3488 4809 3790 4869 ecclesiasti-

2240 4932 2361 4971 cam
2391 4914 2614 4967 minime
2638 4913 2691 4965 in
2716 4913 2818 4966 hoc
2848 4908 2994 4964 facto
3014 4906 3375 4961 exorbitasse.
3402 4904 3535 4959 Huic
3555 4908 3790 4956 accusata

2247 5016 2574 5071 magnopere
2621 5000 2914 5053 suademus
2943 4995 3348 5050 concedendam
3392 4993 3663 5066 synodum,
3689 4986 3788 5042 sci-

2244 5095 2371 5149 licet
2417 5100 2478 5146 ut
2514 5099 2607 5144 aut
2646 5088 3018 5154 convincatur,
3045 5087 3458 5157 aut‘probando
3484 5096 3606 5139 suas
3622 5084 3787 5148 partes

2247 5184 2577 5241 absolvatur.
2612 5179 2725 5235 Hoc
2770 5180 2931 5234 modo
2973 5194 3156 5233 secum
3209 5176 3294 5247 agi
3339 5175 3531 5230 debere
3574 5170 3790 5225 clamant

2247 5291 2393 5333 nunc
2436 5274 2721 5345 proscripti
2768 5273 2837 5325 ab
2867 5270 3166 5341 apostolico
3199 5265 3448 5336 praesule.
3485 5257 3789 5333 liujusjudi-

2246 5365 2402 5421 ciaiii
2446 5362 2652 5417 ordinis
2694 5361 2925 5416 formam
2966 5358 3171 5428 dabant
3203 5355 3361 5410 nobis
3393 5356 3568 5426 plures
3593 5355 3787 5420 propter

2240 5454 2465 5525 justitia:
2504 5451 2877 5506 defensionem
2918 5445 3187 5512 accusati,
3243 5446 3427 5516 plures
3472 5436 3784 5515 tyrannidem

2247 5585 2427 5637 bulum
2449 5599 2652 5637 seupsn
2695 5597 2795 5634 non
2826 5579 3119 5647 adjectum,
3152 5593 3243 5630 nec
3277 5575 3429 5647 aliud
3454 5566 3784 5647 ιιιιίιιξηὶραιξι

2247 5635 2665 5716 desimiotirinu;
2692 5667 2753 5702 ne
2776 5666 2835 5701 eo
2859 5635 3064 5716 adjecto
3087 5635 3394 5715 apostolica:
3415 5642 3529 5716 sedi
3557 5635 3785 5716 prejudi-

2249 5712 2459 5774 mre‘tur
2479 5727 2500 5775 ':
2523 5712 2682 5791 quam
2715 5727 2850 5771 certe
2884 5712 3218 5791 contumacia
3257 5714 3557 5784 syaodicam
3584 5712 3778 5763 ruditu-

2250 5808 2362 5845 nem
2385 5808 2485 5844 ιιοιι
2512 5788 2729 5859 cogatur
2749 5788 3081 5858 pra'tcndcre.
