3956 6392
173 498 309 555 1119

1074 490 1357 548 ΛΡΡΕΝΙ).
1401 489 1488 546 lli.-
1527 519 1594 530 -ο
1632 479 2058 544 ΜΟΝΠΜΕΝΤΑ
2099 482 2558 540 ΟΠΕΟΟΠΙΛΝᾹ.

3280 483 3412 537 11ῖὲ0

168 613 537 682 przelatorum
565 606 1087 680 experti.Quibusin
1107 615 1372 660 conventu
1398 604 1617 666 auditis,
1645 618 1748 671 ψει
1779 606 1823 660 Α
1851 603 1934 654 bct
1971 599 2230 654 canonice.
2288 607 2512 651 voratus
2555 596 2737 649 venire
2773 596 3182 665 contempserit;
3217 611 3411 649 Secun-

166 717 417 772 persatpe
440 702 646 770 objecti
669 701 1004 757 honestatem
1043 697 1317 750 suadendo
1351 705 1476 748 sunt
1497 693 1749 757 absoluti,

167 806 597 860 compressores
617 805 828 854 eorum,
849 788 1016 841 relato
1043 787 1095 839 in
1127 803 1184 840 se
1209 786 1456 849 crimine,
1491 783 1748 838 damnati.

169 877 258 935 Sic
277 879 619 934 Constantia
650 881 958 949 episcopum
994 876 1415 930 Carlomaunum
1433 873 1636 942 (l007),
1658 873 1750 941 qui

164 985 287 1024 eam
327 985 400 1024 ex
428 967 796 1022 inobedientia
819 966 1112 1029 accusavit,
1149 972 1398 1033 perorata
1442 962 1752 1016 inohedicn-

163 1057 256 1111 tiae
289 1058 593 1128 dignitate,
629 1058 786 1126 quasi
830 1054 1143 1108 infernalem
1177 1053 1374 1106 furiam
1425 1050 1747 1105 exsulﬂavit.

237 1146 423 1215 Hujus
465 1156 649 1201 autem
678 1144 916 1216 regulam
953 1155 1006 1198 et
1052 1145 1320 1198 actionem
1372 1141 1752 1196 controversia:

166 1237 493 1307 praet-ibit
549 1237 836 1292 concilium
905 1235 1269 1290 Sardicense:
1315 1232 1410 1286 «Si
1467 1233 1751 1302 episcopus

166 1326 294 1396 quis
317 1326 471 1382 forte
507 1328 799 1383 iracundus
851 1326 1015 1396 (quod
1045 1337 1164 1380 esse
1208 1340 1317 1378 non
1369 1323 1566 1390 debet),
1621 1323 1747 1383 cito,

166 1432 390 1486 aspere,
454 1425 865 1473 commoveatur
893 1418 1150 1471 adversus
1197 1415 1592 1484 presbyterum,
1639 1415 1752 1468 sive

167 1505 481 1562 diaconum
542 1523 722 1576 suum,
751 1515 804 1560 et
841 1507 1198 1560 exterminare
1231 1520 1356 1558 eum
1407 1505 1472 1559 de
1515 1501 1750 1559 Ecclesia

167 1599 435 1662 voluerit,
483 1597 870 1666 providendum
919 1603 1088 1650 estne
1140 1595 1397 1648 innocens
1441 1593 1749 1658 damnetur,

167 1696 263 1740 aut
288 1687 498 1757 perdat
526 1685 981 1740 communionem.
1013 1682 1075 1737 Et
1113 1683 1252 1748 ideo,
1300 1682 1495 1736 habeat
1515 1689 1751 1751 potesta-

169 1780 279 1826 tem
309 1773 358 1826 is
389 1772 494 1842 qui
523 1770 763 1841 abiectus
809 1779 894 1825 est
919 1779 977 1824 ut
999 1768 1279 1839 cpisc0pos
1305 1770 1560 1824 tinitimos
1586 1770 1751 1822 inter-

167 1868 358 1938 pellet,
401 1876 463 1922 et
499 1883 664 1922 causa
706 1867 823 1936 ejus
851 1865 1102 1920 audiatur
1136 1880 1200 1918 ac
1227 1865 1535 1934 diligentius
1556 1873 1752 1917 tracte-

1852 693 2020 754 dum,
2053 690 2097 743 si
2133 697 2489 758 przeseutatus
2535 688 2815 756 praeceptis
2851 687 3270 740 sacerdotalibus
3307 699 3411 737 non

1853 778 2131 839 obedierit;
2171 779 2410 840 tertium,
2452 777 2495 830 si
2533 785 2655 829 ante
2691 776 2892 828 ﬁnitam
2931 790 3109 828 causzc.
3144 790 3254 827 suze
3288 790 3412 826 cxa-
3459 781 3462 786 '

1854 871 2203 924 minationcm
2253 885 2281 921 a
2344 869 2550 938 synodo
2621 866 2879 936 profugus
2946 866 3095 919 abire
3154 881 3413 933 pra-sam-

1827 962 2093 1038 ~pserit.)
2135 959 2210 1014 Ne
2241 974 2369 1014 vero
2397 961 2509 1012 hare
2535 959 2774 1028 synodus
2792 974 2854 1010 cx
2879 957 3296 1010 locihmnililale
3323 957 3412 1007 de-

1853 1056 2124 1105 inereatur
2159 1051 2554 1110 auctoritatem,
2588 1048 2839 1101 audiatur
2866 1046 3113 1098 Gelasius
3159 1045 3208 1096 in
3253 1046 3409 1112 epist.

1853 1139 1916 1192 ad
1944 1139 2224 1207 episcopos
2267 1153 2360 1206 per
2401 1136 2719 1189 Dardaniam
2765 1135 3088 1188 constitutos
3121 1151 3133 1186 :
3182 1153 3196 1182 ι
3233 1133 3414 1184 (Iunti-

1852 1229 2062 1291 dimus,
2101 1227 2352 1296 inquiens
2373 1268 2385 1288 ,
2417 1227 2559 1294 quod
2601 1225 2780 1278 nullus
2808 1225 2918 1292 jam
2949 1222 3212 1276 veraciter
3252 1221 3411 1274 (ibri-

1851 1320 2061 1373 stianus
2101 1319 2311 1388 ignoret
2343 1316 2767 1384 uniuscujusque
2800 1315 2987 1384 synodi
3015 1315 3364 1367 constitutum
3393 1355 3409 1378 ,

1851 1409 1993 1477 quod
2022 1408 2342 1462 universalis
2393 1407 2645 1461 E.~clesi:c
2683 1406 2925 1474 probavit
2960 1421 3216 1460 assensus
3240 1446 3253 1469 ,
3295 1407 3414 1457 nul«

1851 1500 1956 1552 lam
1991 1499 2122 1570 [non
2172 1497 2355 1567 aliain]
2389 1497 2557 1566 magis
2591 1497 2811 1566 exsequi
2846 1497 3026 1549 sedem
3060 1512 3167 1564 prec.
3202 1497 3413 1549 ca-tcris

1850 1599 2098 1658 oportere
2122 1604 2283 1658 quam
2322 1588 2548 1656 primam
2579 1605 2589 1638 :
2623 1601 2742 1654 quae
2769 1594 2824 1640 et
2855 1602 3291 1655 unamquamque
3327 1604 3414 1656 sy-

1851 1678 2050 1732 lll)dllﬂl
2076 1695 2171 1732 sua
2201 1695 2286 1731 311(
2308 1679 2517 1731 [τιῖίίίὶιυ
2541 1679 2842 1737 COIliil'Illﬂl,
2872 1685 2924 1728 ιιι
2953 1678 3264 1730 continuata
3299 1694 3387 1729 1110

1852 1767 2130 1819 deratioue
2157 1767 2410 1826 custodit,
2431 1780 2526 1834 pro
2551 1779 2649 1816 suo
2675 1764 2878 1816 scilicet
2903 1765 3223 1833 principatu,
3251 1782 3410 1834 queui

1850 1857 2038 1910 beatus
2082 1855 2275 1909 Petrus
2319 1856 2597 1924 apostolus
2660 1853 2873 1906 Domini
2925 1870 3052 1908 vocc.
3102 1868 3410 1924 pcreeptum

171 1923 281 2018 iur,
319 1957 462 2026 quia
502 1972 611 2009 non
636 1923 849 2023 opo'rlct
876 1955 923 2007 ei
957 1953 1135 2022 negari
1162 1923 1487 2007 audientiam
1520 1954 1746 2023 roganti,
1785 1923 1824 1976 Β
1853 1944 2067 2014 (Matth.
2098 1947 2231 2012 XVI),
2273 1945 2511 1998 Ecclesia.
2551 1945 2902 1998 nihilominus
2932 1947 3291 2015 subsequente
3317 1988 3329 2011 ,
3361 1959 3412 2000 ct

172 2042 238 2096 Et
263 2045 358 2097 ille
384 2045 702 2113 cpiscopus,
724 2044 818 2112 qui
841 2052 934 2096 aut
959 2043 1102 2110 juste
1125 2050 1217 2096 aut
1238 2043 1434 2113 injuste
1453 2059 1574 2097 eum
1601 2043 1748 2112 abje-

174 2133 247 2186 cit
291 2134 573 2202 patienter
606 2132 832 2201 accipiat
875 2141 934 2186 ut
972 2131 1240 2201 negotium
1288 2133 1627 2197 discutiatur,
1693 2142 1752 2186 ut

173 2223 258 2274 vel
289 2224 562 2291 probetur
591 2223 854 2276 sententia
893 2222 1010 2290 ejus
1044 2238 1072 2274 a
1099 2222 1366 2291 plurimis,
1395 2223 1476 2275 vel
1496 2223 1749 2276 emende-

176 2322 285 2366 tur.
321 2313 536 2367 Tamen
567 2313 880 2382 priusquam
927 2314 1108 2366 omnia
1144 2313 1427 2382 diligenter
1449 2324 1501 2366 ct
1526 2313 1752 2367 ﬁdeliter

175 2401 591 2462 examinentur,
626 2399 877 2467 eumqui
915 2398 1090 2452 fuerat
1132 2414 1161 2452 a
1190 2400 1569 2454 communione
1597 2416 1750 2469 sepa-

178 2497 338 2542 ratus
367 2497 498 2541 ante
522 2487 884 2556 cognitionem
929 2487 1107 2541 nullus
1141 2487 1296 2541 debet
1319 2503 1662 2557 praesumere,
1694 2497 1752 2542 ut

178 2576 563 2630 communioni
588 2576 772 2628 societ.
806 2593 824 2625 ι

245 2664 526 2730 Notentur
546 2665 707 2718 verba
741 2680 859 2735 quae
898 2664 1170 2728 dicuntur,
1201 2684 1219 2714 ‹
1241 2673 1300 2718 ut
1339 2667 1600 2720 sententia
1632 2666 1750 2736 ejus

178 2757 468 2825 probetur,
521 2756 604 2809 vel
655 2755 986 2820 emendetur,
1013 2774 1031 2804 ι
1063 2754 1268 2810 scilicet
1297 2764 1355 2808 ut
1407 2754 1748 2809 discussione

182 2844 350 2910 facta,
393 2846 656 2900 sententia
681 2844 798 2912 ejus
825 2843 916 2913 qui
939 2844 1306 2908 damnaverat,
1331 2844 1376 2897 si
1395 2844 1540 2912 justc
1562 2859 1744 2898 secum

183 2936 314 3006 agit,
349 2938 642 3005 probetur;
687 2935 732 2989 si
780 2939 986 2988 ratione
1027 2941 1194 3000 caret,
1236 2935 1566 2988 emendetur.
1612 2934 1746 2988 Cum

182 3041 314 3095 ergo
347 3027 619 3097 nemipem
647 3039 979 3094 prmpropere
1025 3039 1117 3078 seu
1150 3033 1472 3093 praepostere
1507 3025 1749 3078 damnari

184 3117 269 3170 lex
304 3116 546 3186 patiatur
582 3115 963 3179 ecclesiastica,
1013 3115 1361 3184 probabiliter
1409 3115 1640 3169 dicimus
1666 3156 1678 3166 .
1704 3115 1747 3168 si

185 3209 278 3276 qni
326 3209 704 3276 episcoporum
753 3221 782 3258 a
830 3220 964 3274 papa
1015 3206 1334 3275 regulariter
1372 3205 1438 3259 ad
1485 3206 1746 3276 synodum
1777 3235 1819 3290 ρ

187 3297 369 3350 vocati
408 3312 516 3348 non
547 3301 823 3358 venerant,
852 3294 935 3347 vel
958 3303 1134 3346 certas
1169 3294 1536 3362 impedimenti
1561 3309 1747 3348 ncces-

187 3385 376 3440 sitatee
401 3399 507 3438 non
528 3383 903 3452 probaverant,
928 3377 1082 3463 oﬂiqii
1123 3382 1532 3449 suspensionem
1569 3382 1748 3452 ([008)

190 3482 524 3538 meruerant,
548 3472 813 3528 audiendo
829 3472 1268 3525 tanien/humano
1278 3470 1559 3540 Augustini
1577 3471 1746 3539 (epist.

189 3568 279 3632 50,
305 3568 454 3621 circa
479 3565 660 3631 linem)
684 3562 911 3617 consitio
937 3563 988 3630 in
1014 3561 1238 3630 epistola
1273 3562 1339 3615 ad
1366 3543 1702 3614 Bonifacium
1734 3577 1746 3612 :

195 3681 213 3710 ι
243 3657 301 3712 ln
326 3657 640 3726 huiusmodi
667 3655 867 3718 causis,
895 3655 983 3708 ubi
1016 3671 1108 3723 per
1137 3669 1324 3724 graves
1348 3651 1748 3707 dissensionum

192 3765 464 3804 sensuras
521 3762 627 3800 non
661 3745 824 3813 hujus
844 3754 958 3808 ,aut
985 3745 1126 3797 illius
1166 3743 1402 3796 hominis
1432 3749 1516 3796 est
1539 3742 1751 3811 pericu-

190 3838 326 3904 lum,
343 3838 438 3894 sed
467 3836 786 3906 populorum
809 3844 1014 3904 strages
1029 3834 1230 3902 jacent,
1257 3833 1642 3887 detrahendum
1667 3839 1752 3888 est

192 3927 397 3996 aliquid
432 3925 721 3989 severitati,
746 3934 806 3978 ut
829 3923 1124 3992 majoribus
1152 3923 1307 3976 malis
1341 3921 1596 3976 sanandis
1617 3921 1750 3975 cha-

192 4014 324 4068 ritas
361 4015 572 4068 sincera
610 4012 917 4075 subveniat;
941 4028 958 4060 ι
998 4020 1054 4063 et
1083 4010 1260 4063 Leone
1293 4010 1465 4078 (epist.
1490 4009 1580 4071 92,
1601 4007 1668 4062 ad
1687 4009 1747 4061 ti-

194 4102 338 4170 nem)
420 4101 486 4154 ad
537 4099 815 4152 Rusticum
859 4096 1259 4151 Narbonensem
1311 4097 1622 4167 episcopum
1665 4097 1748 4150 di-

193 4198 386 4243 cente:
420 4207 438 4237 c
460 4186 611 4241 Sicut
631 4187 874 4256 quaedam
905 4192 1051 4249 sunt,
1080 4199 1200 4252 qua:
1236 4184 1379 4238 nulla
1409 4192 1635 4256 possunt
1661 4199 1747 4238 ra-

193 4280 340 4333 tione
384 4277 639 4344 convelli,
679 4278 752 4330 ita
800 4276 1054 4329 nonnulla
1087 4273 1302 4346 [multa]
1347 4284 1473 4330 sunt
1501 4291 1622 4344 qua:
1655 4285 1748 4330 aut

192 4386 291 4439 pro
311 4369 746 4424 consideratione
769 4377 1008 4432 natatum,
1044 4376 1138 4420 aut
1175 4362 1274 4436 pro
1314 4370 1632 4422 necessitate
1657 4385 1744 4422 re-

192 4475 312 4514 rum
341 4466 588 4528 oporteat
612 4455 916 4525 temperari,
951 4456 1037 4508 illa
1061 4471 1270 4525 semper
1297 4457 1602 4511 conditione
1625 4473 1743 4529 serg

1851 2035 2022 2087 tenuit
2050 2050 2262 2104 semper
2281 2041 2334 2088 et
2359 2035 2570 2086 retinet.
2613 2052 2632 2083 ι

1922 2173 1985 2228 Et
2006 2175 2196 2230 beatus
2221 2173 2460 2229 isidorus
2492 2175 2603 2241 (lib.
2632 2191 2705 2238 vt,
2732 2191 2775 2227 c.
2805 2175 2890 2243 lii)
2925 2183 3044 2244 post
3083 2176 3377 2246 descriptio

1850 2281 1971 2318 nem
1995 2266 2425 2318 authenticarum
2454 2265 2878 2332 Scripturarum,
2907 2276 2957 2318 et
2991 2265 3235 2330 Nicrenze,
3265 2266 3409 2320 (lou-

1849 2355 2339 2422 stautinopolitanze
2363 2395 2377 2417 ,
2413 2353 2732 2422 Ephesinaa',
2779 2353 3234 2408 Chalcedonensis
3271 2372 3410 2423 quo-

1849 2462 1954 2515 que
1983 2445 2192 2514 synodi,
2217 2445 2412 2498 addidit
2436 2463 2445 2496 :
2478 2463 2494 2493 ι
2529 2443 2710 2512 Siqua
2736 2453 2862 2496 sunt
2883 2445 3107 2497 concilia
3133 2461 3162 2497 a
3189 2444 3287 2497 SS.
3315 2444 3384 2498 Pa

1850 2536 2022 2589 tribus
2053 2535 2316 2596 instituta,
2343 2542 2462 2602 post
2495 2535 2718 2586 istarum
2746 2550 2794 2585 tv
2826 2535 3290 2597 auctoritatcm,et
3319 2551 3412 2587 cu-

1850 2624 2128 2679 stolicnda
2157 2632 2212 2677 et
2239 2624 2544 2692 recipienda
2575 2624 2936 2677 decrevimus.
2992 2642 3010 2672 ο
3055 2622 3189 2676 lliuc
3223 2633 3274 2675 et
3306 2625 3404 2676 Λιι-

1849 2715 2098 2783 gustinus
2128 2712 2202 2766 De
2229 2728 2354 2766 vera
2387 2713 2645 2780 religione
2692 2714 2846 2779 (tom.
2896 2711 2912 2764 l
2955 2711 3205 2781 Onerum)
3233 2713 3356 2765 dicit
3395 2731 3408 2766 :

1855 2821 1872 2851 ι
1903 2800 2180 2861 ἉΕιριδιιειιιι
2227 2800 2396 2868 legem
2435 2801 2651 2855 mundis
2715 2801 2912 2855 animis
2956 2800 3036 2854 fas
3080 2810 3163 2859 est
3205 2815 3404 2869 cngno-

1850 2907 2030 2955 scere,
2057 2907 2164 2944 nou
2194 2900 2277 2944 est
2305 2890 2386 2943 fas
2411 2891 2673 2960 judicare.
2709 2910 2725 2940 ι
2764 2890 2820 2944 1η
2853 2892 2972 2945 istis
2999 2901 3176 2946 autem
3212 2901 3410 2960 tempu-

1851 2982 2053 3036 ralibus
2083 2981 2309 3051 legibus,
2334 2996 2643 3050 quanquam
2671 2981 2737 3034 de
2764 2981 2847 3034 his
2876 2981 3122 3034 homines
3148 2981 3409 3048 judicent,

1850 3087 1970 3124 cum
1995 3086 2088 3124 cas
2115 3070 2424 3132 instituunt,
2462 3079 2596 3132 tum,
2631 3085 2754 3122 cum
2799 3068 3001 3122 fuerint
3038 3069 3293 3122 institute
3332 3079 3412 3122 at-

1849 3177 1955 3232 que
1980 3164 2221 3225 lirmaue,
2251 3177 2358 3214 non
2386 3161 2562 3214 licebit
2584 3160 2751 3229 judici
2777 3161 2841 3213 de.
2873 3161 3003 3229 ipsis
3024 3162 3286 3230 judicare,
3319 3163 3410 3215 sed

1851 3255 2146 3310 secundum
2201 3253 2367 3322 ipsas.
2426 3253 2487 3306 lit
2517 3268 2611 3321 per
2661 3250 3114 3322 Carthaginienses
3178 3269 3412 3307 canones

1851 3345 2049 3399 dicitur
2077 3362 2089 3397 :
2127 3363 2144 3394 ι
2174 3343 2304 3410 Qua:
2330 3343 2409 3396 vel
2439 3342 2598 3404 facta,
2625 3343 2705 3394 vel
2731 3342 2870 3395 dicta
2895 3332 3144 3410 superius
3168 3357 3412 3411 compre-

1853 3433 2017 3486 hensa
2047 3440 2196 3497 sunt,
2241 3432 2324 3485 vel
2370 3432 2438 3484 ab
2485 3431 2606 3484 aliis
2635 3431 2880 3485 conciliis
2920 3430 3244 3498 conscripta,
3290 3447 3412 3499 qua:

1850 3523 2144 3577 secundum
2167 3523 2336 3592 legem
2362 3521 2728 3584 inveniuntur,
2758 3520 3029 3573 custodire
3053 3537 3150 3574 nos
3174 3529 3405 3589 oportet.

1853 3611 1908 3665 Si
1949 3614 2072 3682 quis
2101 3628 2228 3666 vero
2259 3621 2459 3665 statuta
2509 3627 2894 3680 supergressus
2941 3611 3279 3681 corruperit,
3320 3613 3410 3666 vd

1850 3718 1948 3772 pro
1978 3703 2145 3756 nihilo
2176 3703 2418 3757 habenda
2448 3702 2750 3771 put-iverit:
2783 3701 2826 3754 si
2857 3701 3026 3755 laicus
3041 3710 3143 3768 est,
3165 3717 3409 3756 commu-

1851 3794 2032 3860 nione;
2059 3795 2105 3848 si
2137 3793 2386 3857 clericus,
2428 3793 2632 3845 honore
2661 3792 2948 3859 privetur.»

1919 3924 2014 3979 llis
2052 3925 2117 3978 de
2152 3924 2358 3992 judicio
2383 3937 2533 3992 papae
2561 3921 2836 3990 responsis
2860 3963 2874 3986 ,
2908 3937 3006 3991 pro
3035 3938 3149 3976 mea
3179 3922 3406 3978 stultitia

1847 4020 1971 4076 tum,
2009 4012 2184 4076 Pater,
2224 4011 2455 4081 jnssioni
2494 4013 2652 4065 liceat
2677 4027 2780 4075 mc,
2810 4021 3097 4080 antequam
3130 4012 3196 4065 de
3229 4011 3408 4065 Simo-

1846 4099 2016 4153 niaeis
2039 4108 2091 4152 ct
2108 4100 2588 4154 excommunicatis
2615 4101 2990 4168 respondeam,
3015 4101 3260 4184 quadam
3283 4118 3407 4170 quae

1846 4203 1947 4243 nos
1993 4187 2172 4242 idiotas
2214 4189 2465 4258 utrinque
2504 4189 2836 4242 conferimus
2868 4202 3042 4242 tecum
3073 4191 3279 4258 agendo
3311 4191 3407 4243 dc-

1846 4278 2038 4333 liciari.
2085 4277 2316 4332 Persona
2359 4279 2522 4347 igitur
2544 4276 2823 4344 apostolici
2850 4275 3013 4344 exigit
3049 4276 3117 4327 ab
3146 4291 3210 4327 eo
3257 4285 3314 4328 ut
3357 4276 3405 4332 si

1845 4366 2097 4422 Ecclesite
2123 4382 2243 4434 qua:
2284 4381 2342 4419 se
2375 4379 2476 4418 suo
2505 4365 2730 4417 credidit
2761 4364 3061 4432 patrocinio
3093 4367 3402 4420 consultent

1843 4455 2094 4519 voluerit,
2117 4455 2162 4508 si
2190 4455 2241 4507 id
2263 4454 2407 4523 quod
2446 4454 2643 4507 dicitur
2689 4470 2809 4508 esse
2831 4456 3144 4519 decreverit,
3170 4457 3410 4526 gladium

133 4593 138 4597 .
189 4557 413 4615 vata,ut
447 4549 500 4602 in
536 4548 620 4601 his
643 4562 761 4616 qua:
790 4547 867 4598 vel
892 4545 1050 4598 dubia
1083 4543 1280 4599 fuerint
1303 4555 1396 4599 aut
1417 4547 1669 4611 obscura,
1695 4545 1745 4606 id
1777 4549 1821 4603 Ι)
1845 4544 2068 4612 spiritus
2107 4543 2354 4611 cvaginet
2399 4544 2453 4596 in
2489 4544 2772 4614 episcopos
2812 4545 2904 4613 qui
2936 4559 3041 4598 non
3075 4561 3168 4613 per
3203 4548 3401 4616 ostium

191 4635 509 4690 noverimus
531 4635 883 4702 sequendum,
912 4632 1055 4698 quod
1082 4647 1179 4684 uce
1201 4633 1478 4702 praeceptis
1513 4648 1743 4702 evange-

190 4720 311 4779 licis
332 4723 690 4786 contrarium,
709 4739 806 4776 nec
827 4722 1054 4776 decretis
1077 4719 1174 4772 SS.
1194 4719 1412 4774 Patrum
1442 4721 1745 4774 inveniatur

193 4813 500 4867 adversum.
545 4829 564 4861 ι

268 4899 449 4970 (1009)
480 4898 743 4954 Pratterea
769 4887 980 4954 decreta
1012 4900 1354 4955 Trihurensis
1400 4901 1586 4971 synodi
1614 4917 1745 4956 con-

193 4992 324 5057 cilit,
363 4989 451 5045 cui
487 4987 1040 5044 interfuitcatholicus
1069 4990 1326 5044 Arnolfus
1351 5009 1464 5056 rex,
1498 4992 1745 5060 praescri-

193 5081 330 5135 bunt
357 5079 514 5134 nobis
548 5085 752 5131 tantum
791 5077 915 5150 tria,
949 5093 1070 5146 qua:
1107 5091 1416 5133 mercantur
1444 5081 1745 5148 episcopale

193 5171 483 5226 anathema
517 5183 719 5222 :unum
757 5160 983 5228 sciliCet,
1023 5183 1042 5214 ι
1075 5167 1119 5236 si
1154 5167 1220 5219 ad
1259 5168 1519 5236 synodum
1555 5168 1746 5236 quisli-

261 5377 471 5453 (i007)_
493 5377 920 5453 Carolomannus
955 5379 1140 5453 qui__et
1177 5377 1406 5453 carolus
1447 5381 1741 5453 cpiscopus

192 5446 625 5503 Constantiensis
669 5451 909 5505 intrttsus
951 5459 1005 5503 et
1043 5446 1383 5502 Simoniaius
1411 5446 1737 5504 ab’llenrico

196 5512 258 5585 [γ
291 5513 505 5568 Caesare
551 5530 677 5568 ann.
707 5518 860 5585 1000.
892 5518 1021 5572 Vide
1042 5519 1340 5585 eatalogum
1363 5518 1735 5584 episcOporum

191 5581 652 5652 Constant._nnpei_-
669 5584 869 5638 editum
891 5602 919 5639 a
940 5586 998 5639 D.
1023 5581 1271 5647 Pistorio,
1296 5581 1730 5652 etL’ambei-tum,

196 5652 328 5707 1069
353 5659 409 5705 et
433 5649 587 5718 107i;
614 5650 780 5704 Cone.
813 5652 1136 5718 Sardioens.,
1159 5673 1208 5709 c.
1236 5655 1318 5707 17.

260 5720 441 5788 (1008)
482 5717 589 5790 Hic,
619 5720 919 5790 cautissime
973 5739 1072 5774 non
1116 5717 1374 5789 adiectum
1401 5723 1574 5790 :quod
1603 5739 1737 5790 papa

193 5792 379 5851 absque
427 5789 625 5854 synodo
669 5788 914 5839 nemiuem
957 5793 1114 5855 possit
1160 5788 1428 5845 damnare.
1452 5788 1601 5843 Nam
1643 5788 1737 5844 liae

1842 4631 2188 4697 intraverant,
2220 4633 2310 4702 qui
2343 4649 2464 4687 cum
2499 4633 2891 4702 principientem
2941 4635 3084 4701 quod
3111 4615 3419 4701 apostolica

1843 4722 2042 4776 clamat
2067 4724 2364 4778 auctoritas
2412 4739 2518 4776 non
2552 4723 2869 4784 audierant,
2898 4721 2948 4773 id
2973 4721 3079 4794 .sibi
3115 4708 3401 4777 necessita-

1842 4810 1912 4867 tis
1940 4813 2295 4882 imponentcs,
2323 4822 2379 4865 ut
2410 4813 2461 4864 in
2489 4810 2877 4864 correctionem
2911 4810 3399 4869 ecclesiasticoruui

1842 4895 2004 4970 opera
2031 4910 2214 4955 utatur
2240 4899 2576 4954 mularium
2599 4939 2614 4962 ,
2651 4906 2710 4951 ut
2755 4913 2988 4966 quorum
3031 4910 3171 4954 esset
3210 4919 3402 4971 specu-

1840 4992 1952 5044 lum
2000 4991 2126 5043 vita:
2175 4988 2492 5041 clericorum
2542 4989 2608 5041 de
2659 4988 2878 5057 agendis
2923 4993 3242 5056 consulere,
3297 4995 3399 5048 sibi

1842 5080 2004 5134 modo
2036 5086 2289 5148 arrogent
2335 5078 2545 5132 clericis
2594 5077 2931 5149 magistrare.
2983 5079 3174 5134 Tracta
3213 5083 3396 5151 igitur,

1838 5167 1982 5235 quod
2010 5166 2180 5231 aiunt,
2207 5182 2237 5219 a
2259 5175 2410 5238 tergo
2439 5169 2571 5238 legis
2599 5169 2978 5223 ecclesiastica:
3004 5169 3247 5231 materia,
3288 5185 3394 5222 non

1836 5385 2152 5505 sdjectivtmt
2209 5385 2508 5452 apostolica:
2563 5381 2870 5434 auctoritati
2900 5377 3262 5447 'prarjudicarc
3319 5384 3366 5434 ei

1871 5464 2061 5505 eretur.

1871 5464 2086 5591 Ἵῖῗθέδ)
2115 5519 2186 5572 Hi
2207 5521 2349 5591 modi
2373 5517 2757 5591 auat/remotum
2783 5515 3097 5591 discutiendi
3126 5528 3253 5591 sunt
3274 5520 3392 5591 quin

1836 5585 1952 5642 dein
1990 5589 2243 5656 episcopis
2269 5625 2282 5650 ,
2311 5602 2411 5638 non
2453 5586 2630 5656 utique
2665 5585 2718 5634 in
2745 5585 3074 5656 φηιιιριιαεὲα
3111 5586 3390 5656 publicatis

1835 5650 2040 5725 prie/ixi
2061 5650 2318 5725 videntur,
2345 5663 2398 5704 ut
2425 5652 2740 5725 selectione
2759 5650 2987 5717 ejusdem
3021 5653 3237 5704 concilii
3285 5655 3392 5706 cul-

1837 5719 2037 5790 Zigitur,
2064 5723 2151 5790 qui
2172 5723 2331 5792 etiam
2352 5721 2496 5792 modi
2521 5719 2862 5772 m'a'iudicurc
2885 5732 2983 5766 non
3011 5733 3230 5783 possunt
3264 5740 3390 5792 apo-

1838 5789 2036 5846 stolira'
2057 5789 2377 5842 ἀπίτω-ἱερή.
