3956 6426
569 457 699 512 1151

1540 468 1631 523 ΑΒ
1667 468 1893 525 OPERA
1927 468 1986 524 S.
2023 464 2346 525 GREGORII
2381 466 2820 525 APPENDICES.

3666 467 3794 520 11522

569 589 668 643 per
700 572 898 629 ostium
935 558 1267 632 intraverant
1302 572 1482 653 (1010)
1513 580 1605 650 qui
1636 582 1775 652 apud
1812 598 1962 648 suas,
1997 597 2135 652 quas
2163 585 2209 637 Α
2236 589 2317 634 ter
2338 582 2643 636 extenditur
2665 623 2680 647 ,
2707 597 2830 636 cum
2857 596 2953 650 pro
2979 581 3274 634 reverentia
3302 579 3509 634 ordinis
3545 587 3793 646 precator

571 678 717 716 nunc
738 673 1002 734 occupant
1035 669 1209 734 sedes,
1237 684 1345 723 non
1373 671 1521 738 prius
1545 673 1700 726 electi
1723 689 1884 742 quam
1909 674 2128 741 recepti,

571 755 665 806 sed
689 752 790 805 heu
815 763 1140 822 prieposterc
1170 756 1321 826 prius
1352 760 1548 828 recepti
1580 775 1742 828 quam
1773 761 1949 827 electi;
1982 761 2134 830 prius

571 855 808 911 persaepe
851 845 1082 899 ordinati
1128 863 1290 915 quam
1338 840 1517 919 (1011)
1570 866 1759 905 οηιηεε
1809 867 2040 917 manus,
2083 860 2136 905 et

571 932 789 1004 linguae,
815 950 909 989 seu
935 951 1206 1004 corporea:
1232 941 1528 1005 servitutis,
1560 956 1667 995 non
1697 942 1814 996 solo
1838 941 2135 1010 spiritualis

570 1023 698 1078 vita:
746 1022 1049 1083 interventu
1077 1068 1091 1092 ,
1135 1035 1189 1081 et
1240 1031 1706 1084 cuunmcnoiatione
1753 1032 2032 1100 promoti;
2070 1033 2136 1086 de

573 1127 806 1181 quorum
859 1116 1108 1186 contagio
1156 1115 1391 1200 Ecclesia
1435 1120 1548 1188 jam
1592 1121 1645 1173 id
1679 1120 1814 1173 labis
1845 1123 2134 1190 contraxit,

573 1203 719 1270 quod
744 1218 879 1272 pene
907 1204 994 1258 sui
1029 1217 1364 1262 sacramenta
1396 1251 1410 1273 ,
1432 1210 1494 1272 id
1515 1218 1598 1264 est
1621 1211 1989 1267 ordinationes
2029 1215 2138 1268 cle-

575 1291 812 1348 ricorum
838 1335 854 1359 ,
893 1290 1327 1352 consecrationes
1351 1300 1699 1354 ecclesiarum
1725 1342 1739 1367 ,
1778 1310 1831 1356 et
1859 1302 1962 1356 alia
1992 1319 2140 1374 qure-

575 1382 701 1438 dam
725 1385 807 1438 sui
831 1385 1062 1456 insignia
1090 1388 1348 1456 perdidit,
1377 1405 1499 1445 cum
1523 1406 1553 1444 a
1578 1392 1773 1446 talibus
1797 1404 2136 1461 consecrata,

555 1469 756 1546 Lpotius
784 1477 853 1531 ab
881 1477 966 1531 his
995 1479 1295 1534 maledictis
1325 1481 1398 1535 sit
1430 1482 1711 1536 maledicta
1736 1525 1750 1550 ,
1789 1482 2021 1540 Domino
2059 1487 2138 1541 eis

517 1624 519 1626 ,
577 1577 674 1634 per
701 1566 1018 1635 prophetam
1051 1569 1300 1643 dicente:
1337 1594 1353 1622 ι
1393 1571 1706 1628 Maledicam
1755 1574 2139 1630 benedictioni-

577 1655 682 1712 bus
707 1659 901 1713 vestris
931 1659 1085 1727 (Hal.
1120 1661 1199 1731 ιι).
1249 1682 1268 1715 s

649 1745 828 1816 (1012)
858 1745 980 1802 Haec
1002 1749 1274 1814 dicuntur,
1302 1751 1410 1806 imo
1435 1752 1782 1821 deploraatur
1799 1754 1853 1808 in
1877 1757 2138 1825 quosdam

577 1831 809 1887 istorum
839 1850 939 1904 pro
970 1837 1204 1892 miseriis
1233 1841 1516 1907 praesentis
1545 1851 1719 1897 status
1747 1845 2096 1900 ecclesiastici
2124 1889 2137 1913 ,

575 1921 842 1975 clamatur
869 1925 1194 1992 apostolicus
1218 1968 1232 1992 ,
1287 1937 1341 1982 ut
1378 1929 1659 1985 subveniat
1701 1931 1954 1988 Ecclesiae
1992 1935 2141 1990 labo-

511 2047 520 2056 .
579 2012 740 2066 ranti.
772 2011 866 2068 lsti
887 2024 1108 2071 econtra
1134 2034 1230 2086 pro
1259 2035 1316 2074 se
1342 2027 1394 2074 ct
1421 2022 1473 2074 in
1502 2025 1860 2092 apostolicum
1883 2027 2136 2094 clamant;

577 2100 723 2167 quod
766 2100 880 2170 ipse
905 2118 998 2158 eos
1021 2145 1035 2169 ,
1065 2113 1124 2159 ut
1151 2114 1243 2160 tuo
1273 2109 1437 2162 verbo
1463 2097 1606 2176 utar,
1633 2112 2008 2180 proscripserit
2057 2122 2140 2184 ty-

580 2189 800 2244 rannice
824 2231 838 2256 ,
869 2205 976 2245 non
1011 2189 1410 2261 ecclesiaStice;
1438 2198 1658 2266 privata:
1683 2198 1770 2252 sui
1795 2199 1968 2267 ipsius
1994 2200 2140 2269 inju-

579 2277 675 2340 ri:e_
698 2318 713 2344 ,
744 2294 852 2333 non
896 2279 1143 2351 reSpcctu
1186 2285 1455 2354 aequitatis
1484 2288 1729 2356 publica.
1763 2287 1829 2342 Et
1867 2291 2102 2346 maxime
2123 2333 2139 2356 ,

578 2368 706 2436 quia
737 2369 788 2424 i.l
817 2380 1053 2441 agentes,
1084 2375 1227 2443 quod
1259 2390 1364 2430 non
1391 2392 1491 2446 pro
1519 2379 1900 2448 magnitudine
1931 2383 2138 2450 negotii

582 2458 930 2526 discussum,
982 2465 1074 2517 sed
1122 2466 1199 2519 rei
1251 2465 1506 2521 Romana!
1553 2467 1914 2536 periculosum
1943 2511 1958 2535 ,
1995 2465 2143 2525 omni

582 2562 714 2602 vero
743 2547 999 2604 Ecclesiae
1023 2552 1128 2606 erit
1163 2554 1507 2609 damnosum.
1945 2609 1947 2611 ,

656 2635 850 2691 Dicunt
871 2638 1086 2709 quidem
1118 2640 1447 2712 Stephanum
1475 2661 1669 2715 papam
1696 2646 1902 2719 (1044),
1933 2649 2025 2719 qui
2048 2665 2145 2704 an-

582 2736 669 2781 tea
716 2727 1044 2795 Fridericus,
1084 2730 1305 2788 fratrem
1348 2733 1610 2790 Gotefridi
1645 2738 1820 2804 ducis,
1849 2738 1904 2792 in
1930 2739 2144 2808 publica

581 2817 809 2886 Synodo,
851 2819 990 2887 ejus,
1025 2823 1118 2890 qui
1171 2837 1318 2877 nunc
1345 2836 1597 2893 papatum
1625 2835 1770 2887 tenet
1819 2835 1872 2880 et
1902 2829 2144 2883 omnium

587 2907 682 2977 qui
705 2909 923 2964 aderant
952 2924 1241 2978 consensu,
1264 2913 1570 2969 decrevisse
1595 2923 1675 2980 ut,
1706 2926 1964 2986 regnante
1980 2915 2148 2970 Hein-

584 2997 721 3061 rico,
756 3012 915 3066 quem
949 3013 1093 3053 nunc
1121 3014 1299 3070 regem
1333 3001 1612 3068 habemus,
1649 3002 1767 3072 ejus
1798 3004 1852 3056 in
1887 3003 2150 3059 electione

586 3085 818 3141 Romani
843 3089 1112 3157 pontiﬁcis
1145 3095 1550 3160 exspectaretur
1573 3108 1894 3148 consensus.
1927 3080 2152 3149 Testan-

584 3182 674 3230 tur
701 3176 862 3230 etiam
918 3178 1043 3247 quia
1078 3178 1166 3234 hic
1197 3179 1334 3234 idem
1351 3196 1490 3250 papa
1523 3181 1575 3235 in
1610 3181 1797 3236 eadem
1823 3182 2006 3249 verba,
2033 3199 2152 3238 ora—
2175 3216 2218 3272 ο

584 3269 670 3322 rio
705 3270 903 3324 collum
940 3278 1184 3337 ornatus,
1216 3270 1300 3325 his
1321 3271 1604 3340 juraverit.
1636 3271 1701 3328 Et
1726 3287 1792 3327 ex
1819 3273 1905 3328 his
1927 3274 2150 3343 subjun-

585 3359 732 3428 gitar
785 3360 913 3429 quia
937 3376 1002 3414 ex
1039 3359 1140 3414 hoc
1165 3359 1320 3432 [quo]
1347 3357 1562 3430 quidem
1592 3370 1847 3430 papatum
1881 3377 2145 3417 conscen-

588 3446 762 3512 derat,
788 3463 944 3505 suum
971 3446 1287 3503 decretalem
1310 3463 1658 3514 consensum,
1685 3465 1838 3504 suam
1865 3449 2151 3519 professio-

591 3551 738 3599 nem,
771 3551 927 3589 suam
960 3538 1411 3607 subscriptionem
1442 3540 1735 3609 negaverit,
1762 3554 1927 3610 seque
1963 3541 2148 3610 perju-

589 3641 712 3680 rum
739 3669 752 3692 ,
777 3626 919 3695 quod
946 3625 1096 3682 nefas
1119 3635 1202 3683 est
1225 3628 1328 3684 dici
1356 3670 1372 3695 ,
1409 3645 1516 3683 non
1544 3629 1720 3683 solum
1754 3639 1885 3684 tunc
1924 3631 2108 3685 fecerit
2133 3672 2147 3697 ,

588 3716 936 3786 suscipiendo
959 3757 972 3780 ,
1017 3716 1107 3770 sed
1141 3717 1382 3785 quotidie
1415 3716 1577 3772 faciat
1612 3718 1920 3773 obtinendo.
1957 3719 2152 3775 Audiat

589 3806 733 3862 dicta
759 3805 972 3860 decreta
998 3805 1437 3877 Carthaginensis
1462 3808 1674 3862 concilii
1704 3827 1716 3862 :
1751 3827 1769 3860 ‹
1801 3808 1856 3864 Si
1880 3802 2010 3879 quis
2030 3822 2156 3865 con-

593 3899 680 3957 tra
707 3908 860 3946 suam
902 3893 1292 3962 professionem
1333 3895 1513 3967 (1011)
1538 3937 1553 3963 ,
1584 3897 1668 3951 vel
1699 3897 2151 3968 subscriptionem

592 3980 801 4037 Venerit
823 3981 878 4035 in
912 3983 1097 4052 alique
1119 4026 1134 4050 ,
1166 3985 1279 4054 ipse
1304 4001 1362 4040 se
1405 3987 1609 4041 honore
1648 3988 1894 4057 privavit.
1928 4008 1946 4040 ι
1975 3987 2043 4044 Et
2086 4006 2152 4045 ne

594 4085 660 4123 ex
685 4069 789 4124 loci
813 4071 1046 4126 culmine
1070 4080 1221 4139 putet
1237 4073 1341 4127 sibi
1357 4075 1538 4128 omnia
1563 4077 1745 4144 licere,
1771 4077 1954 4136 audiat
1975 4078 2149 4146 illum,

593 4159 751 4229 cujus
771 4158 988 4213 nomine
1011 4160 1223 4229 gaudet,
1253 4159 1567 4229 Gregorium
1595 4162 1810 4233 (1015):
1849 4185 1867 4216 ι
1900 4160 2152 4236 Nos,qui

595 4263 898 4316 przesumus
925 4290 941 4315 ,
969 4264 1079 4303 non
1109 4265 1172 4303 ex
1207 4250 1452 4305 locorum
1479 4237 1578 4308 nec
1613 4255 1825 4323 generis
1854 4246 2111 4326 dignitate
2133 4298 2152 4325 ,

598 4337 693 4393 sed
718 4352 932 4394 morum
966 4341 1244 4406 nobilitate
1268 4343 1602 4402 innotescere
1623 4347 1903 4415 debemus,
1934 4365 2034 4405 nec
2061 4368 2153 4406 ur-

598 4425 760 4480 bium.
787 4426 1032 4480 claritate
1054 4467 1068 4487 .
1106 4431 1200 4482 sed
1230 4432 1349 4485 fidei
1382 4435 1642 4503 puritate;
1677 4456 1695 4487 ι
1733 4437 1785 4492 id
1812 4447 1896 4495 est
1918 4479 1932 4503 ,
1978 4439 2150 4495 Adam

2233 667 2550 722 honoratur.
2582 670 2778 722 Audiat
2799 677 2852 722 ct
2879 684 3068 738 papam
3095 667 3430 736 Simplicium
3463 685 3474 719 :
3514 686 3531 716 ι
3564 666 3780 719 Privile-

2232 756 2376 825 gium
2406 766 2642 810 meretur
2683 757 2950 819 amittere,
2974 757 3066 824 qui
3108 756 3368 824 permissa
3409 755 3511 824 sibi
3536 755 3793 817 ,abutitur

2232 851 2514 911 potestate.
2549 862 2568 893 ι
2599 843 2795 897 Audiat
2821 853 2876 897 et
2903 842 3287 913 Hieronymum
3317 843 3396 912 (11
3432 859 3482 910 q.
3514 842 3565 904 5,
3596 841 3790 908 c.65):

2239 951 2257 982 ε
2291 931 2408 986 Non
2444 933 2599 987 facile
2629 944 2709 988 est
2737 943 2880 987 stare
2907 935 2957 986 in
2994 933 3111 986 loco
3142 931 3279 986 Petri
3322 942 3377 986 et
3417 931 3588 996 l'a::li,
3638 940 3694 983 et
3716 941 3793 983 te-

2235 1038 2362 1076 nere
2394 1024 2706 1078 cathedram
2736 1025 3073 1094 regnantium
3100 1039 3222 1076 cum
3251 1021 3487 1086 Christo;
3513 1022 3640 1091 quia
3673 1021 3792 1075 hinc

2235 1112 2470 1166 dicitur:
2501 1112 2617 1168 Non
2647 1123 2959 1169 sanctorum
2994 1113 3086 1166 lilii
3129 1122 3256 1167 sunt
3297 1112 3388 1182 qui
3443 1120 3629 1166 tenent
3677 1112 3792 1165 loca

2237 1210 2571 1268 sanctarum,
2611 1204 2703 1258 sed
2748 1204 2840 1272 qui
2879 1210 3130 1257 exercent
3167 1216 3329 1270 opera
3359 1217 3565 1254 eorum.
3599 1219 3618 1250 ι
3661 1198 3792 1252 [line

2236 1301 2290 1346 et
2313 1292 2600 1363 Augustin.
2627 1292 2702 1347 De
2723 1309 2885 1352 scrm.
2913 1293 3124 1348 Domini
3163 1293 3216 1345 in
3260 1302 3441 1347 monte
3470 1311 3483 1346 :
3518 1311 3537 1342 ‹
3566 1291 3790 1345 Maxime

2237 1389 2293 1442 hi
2334 1397 2535 1443 temere
2571 1388 2814 1458 judicant
2837 1388 3134 1462 qui-magis
3175 1396 3359 1440 amant
3397 1387 3702 1457 vituperare
3740 1398 3791 1441 et

2237 1480 2497 1535 damnare
2537 1495 2699 1549 quam
2740 1479 3027 1533 emendare
3065 1486 3225 1547 atque
3256 1479 3544 1547 corrigere.
3579 1497 3598 1527 ν
3642 1476 3793 1543 Quod

2237 1569 2426 1622 vitium
2461 1578 2544 1622 est
2572 1568 2821 1638 superbia
2845 1568 2927 1620 vel
2957 1567 3265 1621 invidentia.

2310 1655 2534 1709 Demum
2579 1664 2636 1708 ut
2678 1655 2924 1710 canonici
2973 1654 3249 1708 canonicis
3295 1654 3490 1722 jaculis
3537 1653 3788 1708 canonica

2240 1747 2574 1815 puetendant
2620 1744 3022 1814 propugnacula
3073 1744 3306 1798 dicunt:
3359 1744 3495 1797 Cum
3547 1745 3788 1798 dominus

2243 1851 2378 1906 papa
2411 1851 2509 1890 nos
2539 1851 2646 1889 non
2677 1835 2935 1889 canonice
2962 1843 3202 1898 vocatos,
3228 1850 3330 1887 nos
3355 1835 3534 1887 venire
3559 1834 3789 1902 prohibi-
3816 1864 3818 1867 -

2241 1935 2324 1982 tos
2348 1927 2652 1991 damnarat,
2679 1925 2863 1979 audire
2887 1925 3126 1994 oportuit
3146 1924 3590 1994 praedecessor-cm
3615 1940 3786 1989 suum,

2239 2015 2395 2084 cujus
2435 2012 2652 2066 nomine
2679 2013 2910 2083 gaudet,
2944 2012 3258 2082 Gregorium
3282 2054 3296 2077 ,
3325 2013 3578 2081 episcopo
3601 2010 3788 2065 Joanni

2240 2102 2439 2171 injuste
2457 2102 2946 2167 excommunicanti
2965 2102 3284 2156 scribentem
3309 2101 3490 2173 (1010)
3516 2119 3529 2154 :
3563 2121 3581 2150 ι
3613 2099 3792 2154 Cassa-

2240 2193 2310 2246 tis
2359 2192 2509 2261 prius
2555 2201 2718 2262 atque
2750 2191 3073 2266 adnihilum
3107 2192 3339 2262 redactis
3372 2192 3636 2260 praedictae
3675 2207 3791 2245 seu-

2242 2284 2421 2338 tcntia:
2439 2292 2545 2339 tua:
2565 2283 2813 2358 decretis,
2836 2297 2904 2336 ex
2925 2281 3065 2335 beati
3091 2279 3234 2335 Petri
3261 2281 3626 2350 apostolorum
3653 2282 3790 2350 prin-

2241 2374 2377 2444 cipis
2406 2374 2728 2429 auetoritate
2756 2373 3096 2430 decernimus
3123 2372 3338 2443 triginta
3370 2372 3574 2427 dierum
3625 2375 3789 2440 spatio

2238 2481 2396 2522 sacra
2420 2475 2472 2522 te
2491 2467 2873 2536 communione
2899 2465 3197 2537 privatum,
3215 2465 3282 2519 ab
3303 2465 3666 2535 omnipotente
3692 2465 3788 2520 Deo

2244 2562 2431 2626 nostro
2453 2555 2595 2618 tanti
2624 2570 2881 2618 excessus
2905 2557 3114 2610 veniam
3139 2543 3263 2610 eum
3295 2569 3507 2609 summa
3538 2555 3787 2624 pmniten—

2245 2640 2318 2694 tia
2339 2648 2394 2694 et
2416 2641 2672 2711 lacrymis
2693 2654 2935 2695 exorare.
2959 2639 3112 2706 Quod
3135 2641 3181 2695 si
3207 2641 3344 2695 hanc
3359 2641 3675 2695 sententiam
3701 2656 3788 2693 no-

2245 2739 2412 2786 stram
2439 2739 2491 2785 te
2513 2731 2926 2805 cognoverimus
2953 2731 3206 2801 implesse
3227 2732 3528 2806 remissius,
3563 2746 3668 2786 non
3685 2731 3785 2800 jam

2247 2823 2449 2872 tantam
2492 2818 2810 2889 injustitiam
2835 2859 2852 2883 ,
2901 2819 2995 2872 sed
3041 2818 3438 2878 contumaciam
3495 2818 3787 2874 fraternita-

2246 2909 2316 2966 tis
2341 2918 2446 2989 tua;
2478 2897 2776 2980 cognoscas
2799 2949 2815 2975 ,
2846 2909 3068 2978 juvaute
3104 2908 3333 2964 Domino
3357 2950 3373 2975 ,
3414 2911 3654 2966 severius
3693 2924 3784 2979 pa-

2246 2997 2518 3054 nicndam.
2830 3016 2833 3017 '
3290 3007 3314 3013 ’

2239 3142 2241 3144 .
2317 3087 2382 3141 Et
2411 3087 2539 3142 item
2584 3087 2710 3142 alibi
2739 3106 2752 3142 :
2796 3106 2816 3140 ς
2844 3087 2997 3153 Quod
3025 3087 3071 3142 si
3098 3095 3287 3154 contra
3309 3087 3425 3142 haec
3453 3097 3575 3157 quae
3601 3087 3778 3142 statui-

2249 3176 2930 3245 mus,quolibet-tempore,
2962 3175 3200 3244 qualibet
3226 3175 3510 3240 occasione
3537 3176 3620 3228 vel
3655 3175 3776 3229 sub-

2249 3265 2517 3333 reptione,
2551 3265 2734 3319 venire
2771 3266 3089 3330 tentaveris,
3113 3281 3266 3320 saera
3318 3274 3368 3320 te
3411 3265 3777 3320 communione

2245 3357 2532 3426 privatum,
2565 3370 2664 3411 nec
2684 3371 2804 3411 eam
2835 3364 2904 3420 te,
2928 3365 3152 3426 excepto
3177 3357 3367 3412 ultimo
3389 3358 3510 3416 vita:
3540 3365 3644 3412 tua:
3665 3365 3787 3412 tem-

2247 3443 2410 3517 pore,"
2433 3445 2540 3500 nisi
2571 3442 2980 3502 cum‘coneessa
3015 3445 3241 3500 Romani
3270 3447 3539 3516 pontificis
3566 3447 3789 3502 decerni-

2247 3552 2371 3592 mus
2403 3537 2647 3606 jussione
2683 3535 3108 3611 recipere._llasc,
3134 3537 3280 3589 enim
3318 3551 3554 3590 consona
3600 3536 3786 3590 sanctis

2246 3626 2497 3681 Patribus
2527 3625 2836 3679 definitione
2869 3625 3162 3688 sancimus,
3203 3632 3266 3677 ut
3306 3625 3400 3693 qui
3436 3625 3605 3680 sacris
3633 3624 3787 3678 nescit

2250 3717 2468 3771 obedire
2493 3716 2812 3778 canonibus,
2839 3730 2937 3770 nec
2962 3715 3133 3770 sacris
3155 3714 3531 3778 administrare
3551 3715 3634 3770 vel
3653 3729 3784 3768 eom-

2251 3806 2562 3861 munionem
2589 3821 2779 3875 capere
2801 3805 2869 3860 sit
2895 3805 3086 3880 dignus
3117 3793 3398 3861 dltaribu/s.
3433 3823 3452 3856 ι
3554 3861 3558 3865 Α

2319 3881 2514 3952 Mirum
2555 3896 2700 3967 quod
2743 3911 2852 3952 non
2901 3897 3050 3950 audit
3103 3886 3358 3952 LeOnet‘n
3383 3896 3452 3950 ad
3495 3894 3781 3962 Anatolius

2253 3988 2434 4058 (1017)
2465 4006 2478 4042 :
2516 4007 2535 4040 ι
2560 3987 2744 4042 Virum
2767 3987 3114 4052 catholicum,
3139 3995 3192 4041 et
3237 3981 3562 4057 praecipuum
3591 3985 3782 4044 Domini

2250 4078 2584 4136 sacerdotem
2609 4121 2626 4148 ,
2654 4079 2796 4134 sicut
2820 4079 2970 4134 nullo
3008 4093 3204 4133 errore»
3225 4078 3490 4146 implicari
3513 4065 3536 4143 ,⁵
3559 4079 3630 4132 ita
3654 4077 3782 4130 nulla

2248 4179 2462 4241 Oportet
2524 4171 2811 4240 cupiditate
2859 4170 3170 4239 corrumpi,
3226 4167 3450 4223 dicente
3481 4168 3778 4238 Scriptum:

2250 4259 2377 4315 Post
2399 4260 3026 4332 concupiscentiastuas
3073 4274 3180 4336 non
3201 4251 3314 4313 eas.
3345 4257 3534 4327 (Eccli.
3567 4257 3732 4327 mn).
3759 4275 3774 4305 s

2249 4347 2367 4415 Non
2396 4349 2701 4405 considerat
2723 4349 3043 4403 sententiam
3083 4339 3371 4403 Iustiniani
3397 4347 3644 4403 catholici
3667 4346 3777 4427 imp.

2251 4456 2414 4510 quam
2449 4442 2641 4510 prohat
2673 4448 2726 4494 et
2749 4449 2928 4494 servat
2965 4439 3225 4504 Ecclesia,
3267 4439 3530 4493 dicentem
3556 4435 3628 4504 (1.
3661 4449 3708 4502 ᾳ.
3734 4433 3777 4485 0.

599 4508 808 4586 primus
834 4515 997 4569 homo
1041 4529 1136 4584 pro
1160 4528 1379 4574 peccato
1402 4522 1469 4575 de
1490 4526 1740 4590 paradiso
1764 4527 2004 4596 dejectus
2027 4540 2110 4585 est
2134 4550 2146 4585 :
2184 4544 2226 4598 ι)
2251 4508 2297 4586 a.
2330 4532 2416 4600 1-1)
2445 4508 2497 4585 ξι
2523 4529 2593 4585 Ut
2616 4546 2772 4586 nemo
2791 4531 3096 4599 episcOpus,
3122 4542 3281 4583 nemo
3301 4527 3578 4596 presbyter
3595 4538 3781 4578 excom-

602 4607 707 4661 hoc
736 4612 840 4671 est,
882 4605 976 4675 qui
1013 4606 1345 4661 nobilitatem
1389 4607 1482 4663 Dei
1509 4625 1542 4664 a
1566 4626 1624 4665 se
1660 4613 1791 4681 iecit
1813 4655 1827 4678 ,
1871 4617 2150 4672 nobilitate

598 4696 705 4752 laci
736 4696 996 4768 privetur,
1041 4695 1092 4750 id
1120 4704 1203 4751 est
1224 4739 1239 4764 ,
1271 4697 1322 4750 in
1357 4699 1657 4768 exemplum
1684 4701 1838 4770 culpa
1862 4705 2150 4763 vehentem

571 4912 573 4914 η
673 4846 856 4980 (101οζ
882 4848 980 4904 ilic
1007 4866 1109 4906 ms.
1141 4851 1392 4906 lacunam
1414 4852 1594 4907 habet.

707 4916 831 4968 1011
880 4917 1055 4971 Etiam
1084 4921 1172 4975 hic
1199 4922 1408 4980 lacuna.
1439 4939 1538 4977 nec
1566 4940 1594 4977 s

707 4916 856 4988 1011)
880 4917 1055 4988 Etiam
1084 4921 1172 4975 hic
1199 4922 1408 4988 lacuna,
1439 4939 1538 4977 nec
1566 4938 1758 4977 sensus
1786 4933 2013 4979 constat.

704 4983 860 5063 1012)
889 4984 1087 5040 Abhinc
1119 4983 1456 5045 calumniosi:
1482 4992 1789 5061 objectiones
1827 4995 2154 5063 conspirata-

605 5053 804 5140 mnt‘in
827 5068 1016 5140 ραηαπι
1037 5067 1336 5140 εςφιωξεψ,
1354 5053 1575 5140 quarunt
1594 5063 1832 5132 qaa'dam
1855 5064 1908 5135 in
1927 5053 2157 5140 sequenti

607 5120 833 5199 epistola
851 5120 1176 5199 refelluntur.
1204 5120 1342 5191 lllw,
1360 5120 1726 5199 linquamque
1752 5120 2036 5197 apostOliéo
2056 5134 2159 5186 ali—

606 5190 734 5262 quid
774 5190 1308 5268 obesse‘vidcbantttr.
1330 5190 1490 5248 ’Na'm
1526 5190 1733 5268 decreta
1774 5190 1872 5254 SS.
1901 5202 2156 5268 Patrum,

609 5261 725 5329 qua:
747 5261 848 5339 sibi
869 5261 1154 5339 depravant
1177 5302 1192 5326 ,
1227 5262 1364 5339 ipsos
1403 5263 1566 5339 magis
1606 5281 1761 5332 quam
1795 5268 1951 5321 illum
1987 5261 2160 5339 ἰηιρκὶ

609 5331 1053 5401 gnarhepidentur,
1078 5331 1124 5384 si
1155 5339 1286 5401 recte
1306 5330 1684 5401 intelligantur.

681 5394 859 5469 (1025)
892 5393 1194 5471 Stephanus
1221 5399 1264 5471 Χ
1291 5415 1449 5471 papa,
1477 5393 1656 5456 dictus
1683 5400 1772 5455 1X.
1816 5401 1891 5456 De
1922 5393 2026 5457 hoc
2043 5393 2163 5471 vide

612 5462 760 5531 Bait,
790 5462 922 5522 tom.
954 5462 1043 5533 XI,
1075 5485 1216 5524 anno
1246 5462 1400 5524 1058.
1437 5462 1446 5466 ⁷
1931 5502 1935 5506 ·

895 5535 1103 5609 .S_cilicet
1129 5539 1481 5605 considerate,
1509 5555 1610 5592 non
1635 5540 1920 5608 improride
1946 5540 2162 5609 factum.

712 5605 866 5683 1015)
908 5606 1006 5683 His
1043 5609 1350 5683 rationibus
1375 5625 1524 5662 suam
1565 5605 1861 5683 superbiant
1891 5605 2169 5683 refrenare

616 5673 942 5747 potissimum
971 5675 1241 5740 debebunt,
1263 5679 1383 5747 qui,
1414 5695 1514 5730 non
1542 5673 1659 5731 dico
1687 5679 1741 5730 in
1769 5673 2004 5732 subditos
2029 5721 2043 5746 ,
2080 5680 2168 5733 sed

619 5753 676 5791 in
708 5740 984 5805 prwtatum
1008 5761 1158 5799 suum
1183 5740 1290 5800 (ani
1312 5740 1546 5801 inaudita
1576 5749 1955 5819 superbiemnt.
2023 5763 2026 5766 ’

1468 5975 1472 6002 ί

2179 5807 2206 5825 η
2275 5750 2524 5818 deponere
2554 5748 2812 5802 tentastis.

2255 4620 2492 4676 municet
2518 4620 2770 4690 aliquem,
2795 4629 3081 4688 antequam
3108 4631 3273 4671 causa
3293 4615 3566 4684 probetur,
3590 4621 3781 4686 prz'pter

2256 4711 2417 4779 quam
2439 4710 2790 4769 ecclesiastici
2814 4723 3053 4763 canones
3082 4707 3184 4759 hoc
3207 4705 3320 4758 fieri
3342 4704 3555 4774 jubent.
3589 4705 3644 4760 Si
3677 4705 3779 4775 quis

2331 4858 2352 4927 (
2362 4859 2512 4922 1016)
2535 4880 2552 4909 ι
2575 4859 2772 4912 Larum
2804 4859 3028 4927 aperuit,
3057 4865 3106 4911 et
3131 4859 3309 4927 effodit
3333 4869 3532 4924 enm,et
3556 4857 3778 4927 inciditis

2251 4925 2460 4998 [aream
2479 4944 2641 4988 quam
2666 4929 2796 4998 facit
2817 4925 2990 4998 (Psal.
3015 4925 3163 4995 vn).s
3194 4925 3251 4980 Si
3275 4928 3411 4981 enim
3443 4927 3504 4998 S.
3533 4925 3780 4998 Gregorius

2252 4995 2514 5050 Joannem
2552 5005 2737 5066 temere
2779 4996 3074 5066 inferiorem
3101 5011 3249 5049 suum
3285 4995 3779 5066 excanduerit-autent

2260 5066 2452 5137 absque
2497 5065 2748 5137 synodica
2793 5066 3059 5119 vocatione
3104 5065 3780 5137 ρπςοηιηξιιηίσαυὲιίςιης

2260 5133 2452 5204 absque
2495 5134 2761 5188 vocatione
2803 5135 3270 5204 excommunicatos
3313 5133 3678 5204 lamentantur,
3709 5133 3779 5198 qui

2262 5199 2376 5258 ncn'
2390 5203 2506 5256 dico
2529 5204 2848 5273 inferiorem,
2867 5203 2956 5261 sed
2979 5203 3258 5273 prmiatum
3273 5200 3511 5273 omnibus
3528 5199 3777 5260 Christum,

2260 5275 2366 5327 imo
2391 5281 2551 5325 totam
2577 5269 2865 5326 Romanam
2886 5269 3138 5328 sun'odum
3158 5272 3222 5328 de
3245 5269 3557 5322 auctoritate
3590 5275 3779 5322 taxau-

2264 5350 2414 5411 runt,
2434 5349 2490 5411 ut
2513 5358 2725 5411 sequens
2749 5339 2973 5411 epistola
2995 5339 3255 5411 verissime
3266 5344 3517 5411 _testatar.

2337 5409 2517 5480 (1017)
2547 5405 2660 5463 Hoc
2688 5411 2734 5462 si
2763 5405 2847 5462 eos
2868 5409 3001 5480 bene
3026 5405 3304 5459 audissetis
3329 5446 3345 5480 ,
3383 5421 3486 5480 non
3526 5406 3782 5480 itqqu

2268 5469 2545 5545 breviatum
2586 5486 2809 5545 vestrum
2843 5475 3091 5542 depanerc
3128 5469 3517 5545 concupissem.
3571 5473 3699 5528 Nam
3733 5469 3778 5523 S.

2271 5541 2422 5613 Creg.
2452 5563 2538 5598 ros
2565 5542 2799 5612 excepit,
2807 5541 2946 5613 eum
2980 5557 3160 5613 Aonius:
3201 5541 3524 5613 aduersarios
3565 5551 3781 5613 ωιοῃιιι

2262 5608 2770 5667 anathematizauit?
2807 5610 2906 5665 Vos
2926 5651 2941 5674 ,
2970 5611 3180 5680 inquam
3204 5614 3349 5734 uni
3387 5612 3603 5666 Patrem
3631 5608 3782 5680 prima:

2273 5682 2408 5733 sedis
2434 5698 2534 5733 non
2561 5680 2851 5732 conuictum
2878 5695 2968 5734 nec
2997 5688 3160 5733 vestro
3187 5681 3206 5734 ἱ
3281 5682 3376 5734 icit
3418 5676 3779 5734 convincat“

2273 5682 2408 5751 sedis
2434 5698 2534 5733 non
2561 5680 2851 5751 conuictum
2878 5695 2968 5734 nec
2997 5676 3160 5733 vestro
3177 5676 3376 5751 judicia
3418 5676 3779 5750 constitit-434W

3409 5807 3906 6326 Α
