3956 6370
111 388 251 445 uss
328 348 335 353 ”

989 336 1274 436 Αιδιιεκι).
1314 374 1400 432 ιιι.
1438 402 1511 414 -
1543 339 1972 449 nexum-mra
2008 381 2470 440 caueamus.

3199 392 3335 452 1154

108 507 296 555 autem
340 496 603 553 adversus
636 490 762 551 eam
794 491 1348 548 exconmmnicaverit
1397 488 1669 556 aliquem;
1700 485 1747 542 Α
1772 485 1965 546 diebus
2002 493 2325 564 degenerare
2364 516 2381 547 ι
2435 495 2565 552 Item
2602 497 2668 553 ad
2697 499 3110 557 Constantinam
3151 501 3338 574 Augu-

108 588 199 644 illé
221 589 451 659 quidem
474 626 489 650 ,
518 585 612 655 qui
639 584 1137 641 exeommunicatus
1173 591 1257 637 est
1278 622 1294 650 ,
1327 581 1547 652 majoris
1586 597 1678 635 sa—

109 678 353 735 cerdotis
377 674 700 732 auctoritate
724 675 789 729 ad
814 675 1043 745 gratiam
1063 682 1263 728 sanctte
1284 669 1679 728 communionis

105 772 321 825 redeat.
374 768 425 823 Is
458 776 638 822 autem
663 807 679 833 ,
707 764 801 835 qui
833 781 938 819 non
966 764 1204 834 legitime
1240 762 1678 818 excommunica-

108 861 226 925 vit,
256 860 317 913 iu
358 866 571 929 tantum
598 856 863 921 abstineat
895 863 1105 923 tempus
1149 862 1491 909 sacrosancta
1529 868 1679 907 czrm-

108 951 381 1004 munione
405 991 422 1014 ,
450 957 711 1019 quantum
751 946 943 1016 majori
978 945 1245 1001 sacerdoti
1272 945 1445 999 visum
1472 942 1633 999 fuerit
1660 986 1675 1012 ,

107 1042 348 1109 utquod
372 1040 574 1109 injuste
600 1037 727 1093 fecit
748 1038 861 1107 ipse
882 1037 1028 1105 juste
1052 1035 1301 1105 patiatur.
1341 1053 1359 1084 ι

178 1129 240 1185 In
276 1131 630 1184 banuientem
653 1129 811 1199 igitur
835 1128 977 1181 hunc
1000 1141 1099 1181 nos
1126 1134 1249 1190 veto
1272 1125 1491 1195 privata:
1516 1125 1678 1179 ultio-

107 1222 214 1286 nis,
258 1236 373 1274 non
396 1219 532 1290 justi
574 1218 837 1273 examinis
879 1225 1150 1286 oporteret
1189 1231 1374 1293 aurem
1420 1216 1678 1271 inclinare

105 1309 374 1378 Apostolo
395 1308 593 1363 dicenti
619 1326 632 1361 :
662 1328 679 1358 ι
708 1306 825 1377 Non
848 1322 942 1362 vos
962 1305 1327 1371 defendentes,
1350 1304 1687 1369 charissimi,

107 1401 200 1454 sed
228 1401 361 1455 date
384 1400 566 1456 locum
606 1399 699 1454 ira:
727 1399 895 1467 (Rom.
925 1398 1045 1467 xu);
1087 1418 1103 1447 ι
1134 1398 1321 1452 audire
1342 1397 1500 1450 etiam
1527 1412 1675 1462 cum,

105 1491 267 1561 Cujus
287 1474 407 1547 sedi
431 1492 677 1561 przesidet
700 1480 990 1559 principem
1018 1489 1383 1558 apostolorum
1412 1506 1424 1541 :
1462 1506 1479 1537 ι
1508 1484 1677 1540 Nemo

105 1593 355 1637 vestrum
403 1582 640 1652 patiatur
667 1589 921 1649 tanquam
958 1580 1226 1634 homicida
1252 1619 1268 1645 ,
1318 1586 1411 1632 aut
1450 1577 1557 1643 fur,
1584 1587 1678 1632 aut

103 1671 416 1726 maledicus
447 1669 502 1742 (1
547 1669 691 1723 Petr.
722 1670 815 1738 iv).
858 1690 875 1720 ι
916 1668 1193 1739 Tanquam
1236 1669 1562 1734 maledicus,
1601 1670 1678 1724 in—

104 1762 305 1831 quiunt
329 1760 583 1816 catholici
606 1760 874 1824 doctores,
902 1760 1104 1829 patitur
1123 1760 1215 1830 qui
1238 1759 1521 1828 injuriatus
1547 1776 1675 1815 suas

103 1851 345 1921 injurias
383 1852 643 1907 eiii-enato
687 1852 882 1923 linguae
918 1842 979 1907 'et
1021 1851 1189 1905 animi
1231 1849 1442 1906 fervore
1487 1866 1672 1921 perse-

102 1942 315 2011 quitur.

171 2029 390 2085 Audire
417 2030 577 2085 etiam
600 2032 878 2100 oportebat
906 2030 1221 2100 Gregorium
1256 2030 1576 2084 scribentem
1603 2031 1669 2085 ad

102 2118 434 2173 Ianuarium
458 2120 575 2187 (lib.
599 2137 657 2186 ιι,
688 2122 839 2191 epist.
866 2121 953 2189 5-1)
983 2139 996 2173 :
1034 2139 1052 2171 ι
1084 2119 1225 2175 Inter
1251 2121 1500 2190 querelas
1525 2122 1669 2174 mul-

102 2210 321 2280 tiplices
360 2208 621 2277 Isidorus,
643 2213 726 2265 vir
764 2211 1117 2276 clarissimus,
1142 2227 1170 2265 a
1212 2201 1543 2266 fratcrnitate
1580 2222 1670 2265 tua

106 2302 317 2358 frustra
381 2317 440 2356 se
490 2303 1007 2357 cxceunnunicatum
1057 2300 1672 2369 anathematizatumque

103 2400 447 2460 muquestus
474 2403 572 2446 est.
609 2391 763 2458 Quob
792 2393 861 2446 ob
888 2407 1050 2460 quant
1089 2406 1201 2444 rem
1236 2388 1436 2443 laetum
1475 2388 1668 2455 fuerit,

102 2480 233 2536 dum
282 2497 317 2536 a
354 2481 559 2535 clerico
600 2489 712 2545 tuo,
753 2481 845 2549 qui
874 2494 1110 2549 praesens
1136 2488 1272 2544 erat,
1310 2478 1672 2533 voluissemus

102 2572 412 2638 addiscere,
440 2586 538 2642 pro
573 2572 719 2625 nulla
747 2572 848 2624 alia
879 2585 1064 2635 causa,
1095 2569 1199 2624 nisi
1227 2584 1325 2639 pro
1352 2585 1417 2624 eo
1444 2568 1589 2640 quod
1622 2580 1672 2625 te

104 2661 500 2732 injuriaverat,
530 2661 729 2715 factum
769 2661 1020 2715 innotuit.
1072 2659 1204 2727 Quae
1247 2675 1335 2714 res
1370 2677 1471 2715 nos
1512 2662 1674 2715 vehe-

104 2763 321 2807 menter
350 2753 553 2822 allligit.
584 2750 738 2817 Quod
767 2752 812 2805 si
839 2751 911 2804 ita
940 2760 1022 2805 est
1046 2791 1060 2816 ,
1114 2752 1188 2803 nil
1230 2760 1281 2805 te
1320 2750 1558 2805 ostendis
1604 2752 1671 2804 de

52 2875 57 2881 ι
102 2843 425 2899 ςωιεειὼιις
447 2842 700 2913 cogitare,
729 2842 821 2897 sed
850 2851 1115 2896 terrenam
1137 2850 1186 2896 te
1207 2842 1667 2897 conversationem

104 2933 311 2987 habere
341 2933 615 3004 signiﬁcas
642 2974 657 2999 ,
688 2933 814 2987 dum
843 2947 939 3001 pro
968 2932 1201 2989 vindicta
1233 2931 1411 3002 (1018)
1442 2932 1700 3000 propriae

103 3008 346 3090 injuriae,
379 3023 524 3091 quod
552 3023 723 3078 sacris
750 3022 948 3092 regulis
976 3022 1307 3090 prohibetur,
1339 3019 1671 3074 maledictio-

1780 590 1917 637 stam
1949 582 2061 654 (lib.
2092 601 2162 650 iv,
2190 587 2342 655 epist.
2374 588 2465 655 54)
2501 609 2512 641 :
2569 608 2586 639 ι
2633 588 2696 643 Et
2743 591 2788 645 si
2833 601 3050 660 peccata
3095 592 3336 664 Gregorii

1780 678 2083 728 tautasunt
2111 685 2170 729 ut
2197 677 2306 745 pati
2336 679 2460 733 talia
2490 680 2698 746 debeat,
2729 679 2872 735 Petri
2900 691 3078 737 tamen
3108 684 3334 753 apostoli
3409 740 3414 745 ,

1777 773 1994 847 peccata
2024 767 2167 821 nulla
2198 777 2322 823 sunt
2346 779 2451 835 ,.ut
2477 771 2670 826 vestris
2705 773 3035 843 temporibus
3080 774 3188 842 pati
3230 774 3334 830 ista

1779 865 2065 911 mereatur.
2090 876 2108 909 ι
2137 857 2263 913 Item
2298 878 2312 914 :
2349 880 2366 911 ι
2394 861 2563 926 Quem
2594 862 2736 917 sedis
2763 862 3075 932 ordinisque
3102 865 3336 935 dignitas

1775 946 1967 1011 erexit,
1997 949 2078 1002 sui
2108 964 2165 1002 se
2195 950 2626 1006 consideratione
2653 953 2924 1020 repressit.
2962 972 2980 1004 ι
3014 952 3163 1020 Item,
3195 956 3334 1009 scri-

1776 1035 1909 1090 bens
1927 1038 2194 1108 episcopis
2216 1039 2440 1110 Eulogio
2460 1052 2513 1096 et
2533 1041 2820 1097 Anastasio
2843 1043 3178 1098 Antiocheno
3204 1045 3336 1100 dicit

1778 1126 1891 1197 (lib.
1923 1143 1995 1193 tv,
2027 1130 2179 1197 epist.
2201 1131 2297 1200 56)
2321 1149 2333 1184 :
2353 1151 2370 1181 ‹
2396 1130 2529 1186 Cum
2553 1132 2869 1200 prauiicator
2896 1134 3142 1204 egregius
3171 1134 3332 1200 dicat,

1776 1215 2030 1282 Quaudiu
2065 1221 2279 1288 quidem
2312 1207 2432 1276 sum
2464 1223 2699 1292 gentium
2730 1222 3040 1292 Apostolus,
3090 1224 3335 1279 ministe-

1777 1307 1913 1361 rium
1929 1324 2105 1363 meum
2125 1311 2491 1367 bonoriiieabo
2514 1313 2681 1382 (Rom.
2710 1317 2807 1379 x1),
2834 1332 2851 1360 ι
2871 1315 2962 1381 qui
2982 1330 3171 1367 rursus
3200 1315 3336 1369 alias

1775 1397 1954 1452 dixit:
1992 1417 2009 1449 ι
2046 1397 2195 1453 Facti
2251 1416 2440 1455 smnus
2493 1402 2702 1471 parvuli
2760 1402 2813 1456 in
2867 1403 3042 1456 medio
3093 1414 3332 1457 vestrum

1778 1485 1831 1557 (Ι
1862 1485 2146 1558 ΤΙιεεδ.ιι);
2170 1492 2506 1560 rexemplum
2538 1492 2903 1560 proculdubio
2925 1493 3077 1546 nobis
3103 1508 3333 1561 sequen-

1774 1578 1921 1633 tibus
1946 1580 2198 1645 ostendit,
2231 1590 2286 1635 ιιι
2314 1591 2364 1635 et
2396 1583 2748 1636 humilitatem
2781 1592 3057 1638 teneamus
3096 1584 3147 1637 in
3180 1597 3332 1637 men-

1775 1675 1827 1721 te
1850 1708 1866 1733 ,
1898 1678 1951 1723 et
1977 1679 2155 1724 tamen
2183 1671 2389 1725 ordinis
2419 1674 2588 1726 nostri
2620 1673 2931 1741 dignitatem
2962 1689 3240 1727 servemus
3278 1674 3331 1726 in

1776 1756 2001 1824 honore,
2052 1769 2320 1828 quatenus
2368 1776 2466 1814 nec
2507 1762 2559 1814 in
2606 1762 2764 1816 nobis
2810 1762 3086 1817 humilitas
3125 1754 3329 1830 timida,

1772 1850 2096 1921 necpere‘ctio
2124 1850 2193 1905 sit
2220 1852 2468 1923 superba.
2509 1870 2527 1901 ι

1843 1937 2130 1996 Sententia:
2168 1940 2402 2008 quidem,
2436 1940 2562 2010 quia
2600 1941 2701 2011 ipsi
2735 1942 2851 2011 ejus
2894 1943 3165 1997 maculant
3201 1960 3329 2012 pro-

1770 2026 2082 2091 motionem,
2116 2028 2347 2081 arbitror
2375 2044 2499 2083 cum
2526 2032 2641 2085 haec
2669 2032 3012 2099 respondere,
3054 2048 3111 2085 se
3149 2049 3179 2085 a
3220 2032 3331 2087 Ro-

1769 2116 1946 2170 manis
1972 2116 2223 2182 clectum,
2270 2118 2321 2172 id
2350 2119 2604 2173 culminis
2646 2122 3025 2179 conscendisse
3061 2133 3331 2189 ccattnm,

1771 2202 2178 2276 indignumque,
2209 2216 2262 2262 et
2290 2210 2514 2281 rationis
2542 2225 2662 2265 esse
2702 2213 2934 2266 alienum
2966 2224 3023 2267 ut
3060 2213 3332 2269 Eaclesia-

1772 2309 1892 2349 rum
1935 2304 2107 2379 mater
2153 2298 2306 2351 sedes
2343 2298 2583 2353 Romana
2633 2302 2875 2370 privetur
2905 2320 3016 2358 sure
3057 2305 3333 2361 clettimjs

1770 2387 2013 2453 arbitrio,
2040 2404 2136 2457 per
2161 2403 2324 2458 quam
2346 2390 2463 2442 alite
2492 2391 2645 2444 sedes
2662 2392 2714 2445 id
2732 2394 2984 2461 ,obtincnt
3003 2404 3059 2447 ut
3090 2410 3194 2448 non
3226 2396 3332 2451 sint

1770 2476 2028 2545 episcopi,
2059 2478 2151 2547 qui
2182 2492 2287 2531 non
2330 2493 2361 2531 a
2395 2493 2506 2535 sute
2535 2480 2680 2534 udis
2709 2483 2852 2535 clero
2881 2492 2934 2536 et
2960 2484 3176 2552 populo,
3221 2500 3331 2539 non

1772 2566 1988 2639 propter
2028 2570 2241 2639 generis
2284 2569 2637 2637 nobilitatem,
2683 2573 2773 2626 sed
2799 2572 2920 2628 vita:
2971 2574 3330 2639 sanctitatem,

1771 2675 1878 2714 non
1919 2661 2110 2716 divites
2136 2662 2195 2719 iu
2236 2662 2422 2729 rebus,
2467 2663 2559 2718 sed
2590 2666 2759 2719 sancti
2802 2665 2857 2720 in
2902 2668 3164 2734 moribus,
3207 2679 3334 2724 sunt

1770 2750 1943 2806 electi.

1786 2888 1788 2891 .
1841 2840 2088 2896 Defendit
2114 2840 2275 2896 etiam
2308 2839 2534 2895 fcrsitan
2572 2857 2631 2896 se
2672 2857 2735 2895 ex
2766 2843 2994 2899 decretis
3030 2842 3330 2913 prmdcce's-

1772 2948 1956 2987 surum
1989 2948 2235 2997 suorum,
2271 2930 2499 2997 Nicolai,
2548 2932 2806 3001 Stephani
2843 2944 2909 2988 et
2955 2935 3207 3003 aliorum,
3237 2939 3332 3007 qui

1771 3020 1876 3075 hoc
1902 3022 2251 3075 firmaverunt
2292 3022 2393 3076 sub
2438 3022 2777 3076 anathemate
2815 3040 2827 3076 :
2860 3038 2926 3076 ne
2967 3024 3089 3092 quis
3114 3035 3333 3094 negaret

105 3128 229 3167 nem
261 3112 628 3167 anathemati;
657 3113 923 3167 invexisti’.
956 3110 1107 3166 Unde
1133 3112 1199 3166 de
1223 3121 1415 3166 caetero
1444 3110 1667 3163 omnino
1695 3132 1735 3189 ο
1768 3111 2046 3166 electionis
2074 3112 2349 3181 privilegia
2379 3111 2492 3165 sedi
2516 3098 2792 3178 Romanae,
2812 3109 2917 3167 illis
2945 3124 3163 3169 econtra
3191 3116 3333 3169 aﬂir-

102 3213 222 3257 csto
257 3202 688 3271 circumspectus
733 3214 892 3271 atque
939 3202 1236 3266 sollicitus,
1288 3210 1341 3254 et
1385 3200 1508 3253 talia
1552 3200 1667 3254 cui-

104 3308 271 3360 quam
303 3307 405 3361 pro
433 3292 741 3346 defensione
786 3292 1014 3360 prole-im
1059 3291 1271 3359 injurire
1315 3298 1422 3343 tua:
1471 3288 1668 3342 inferre

107 3384 290 3436 denuo
321 3397 433 3435 non
462 3391 775 3451 praesumus.
808 3381 968 3446 Nam,
1001 3378 1044 3436 si
1076 3382 1179 3435 tale
1205 3380 1405 3449 aliquid
1435 3378 1625 3433 feceris
1651 3419 1665 3443 ,

109 3471 165 3527 in
200 3481 255 3528 te
285 3471 434 3527 scias
460 3482 640 3542 postea
672 3472 1070 3526 vindicandum.
1118 3490 1136 3521 ›

174 3561 311 3618 Item
354 3564 492 3617 idem
544 3564 610 3619 ad
648 3562 943 3623 Eufronum
993 3558 1129 3632 (lege
1178 3560 1459 3613 Eusebium
1490 3560 1665 3614 abbat.

106 3651 198 3707 lib.
235 3670 306 3719 ll,
337 3654 489 3720 epist.
520 3655 610 3723 2i)
645 3673 657 3707 :
694 3673 711 3704 ι
751 3653 1038 3707 Servorum
1073 3651 1165 3705 Dei
1194 3652 1468 3704 humilitas
1507 3652 1559 3703 in
1589 3649 1670 3703 af-

106 3742 366 3797 ﬂictionis
410 3752 651 3812 tempore
695 3744 852 3797 debet
898 3757 1190 3812 apparere,
1242 3751 1344 3794 etc.
1375 3738 1492 3793 Non
1522 3740 1666 3793 enim

106 3834 312 3902 grande
342 3840 427 3887 est
454 3832 537 3888 his
568 3848 667 3888 nos
692 3847 813 3889 esse
858 3833 1088 3887 humiles
1134 3830 1405 3904 aquibus
1432 3829 1668 3883 honora-

106 3939 251 3977 mur.
283 3922 424 3989 Quia
460 3933 513 3979 et
542 3924 649 3980 hoc
694 3925 979 3980 saeculares
1023 3922 1245 3991 quilibet
1288 3919 1509 3975 faciunt.
1562 3919 1666 3975 Sed

106 4012 213 4069 illis
242 4014 480 4068 maxime
499 4015 730 4069 humiles
756 4028 877 4069 esse
902 4014 1177 4076 debemus,
1210 4028 1241 4065 a
1268 4012 1465 4080 quibus
1486 4010 1666 4077 aliqua

103 4092 366 4175 patimur.
388 4102 522 4157 Nam
544 4095 824 4160 Psalmista
850 4104 1058 4158 dicente
1086 4101 1259 4173 [dicit]
1292 4120 1360 4154 τις
1386 4099 1517 4154 Vide
1560 4099 1664 4151 hu-

102 4195 395 4250 militatem
423 4210 596 4249 meam
622 4196 688 4250 de
714 4194 946 4250 inimicis
975 4193 1110 4248 meis
1141 4191 1311 4264 (Psal.
1345 4193 1440 4260 ix).
1480 4209 1499 4242 ι
1532 4187 1663 4242 Item

104 4282 161 4340 in
187 4285 415 4341 homilia
431 4302 481 4339 γι
503 4329 517 4342 .
541 4306 558 4337 ι
581 4286 829 4342 iudicare
850 4286 914 4341 de
941 4284 1168 4340 subditis
1188 4283 1347 4354 digne
1369 4288 1661 4351 nequeunt,

103 4377 198 4449 qui
228 4377 285 4433 in
319 4377 654 4441 subditorum
703 4377 883 4432 causis
912 4392 1009 4431 sua
1036 4375 1119 4430 vel
1147 4375 1267 4430 odia
1314 4374 1396 4428 vel
1436 4371 1663 4443 gratiam

1772 3201 2044 3255 mantibus
2080 3215 2187 3255 non
2219 3202 2380 3255 licere
2405 3198 2650 3265 electioni
2687 3211 2745 3255 ut
2776 3202 2841 3256 ad
2880 3202 2982 3258 hoc
3022 3206 3195 3273 rapiat
3220 3206 3331 3258 ele-

1770 3299 1937 3353 ctum,
1957 3292 2100 3359 quod
2124 3291 2237 3360 ipse
2265 3292 2363 3343 sibi
2394 3290 2596 3364 fecerat
2623 3292 2884 3345 illicitum.
2910 3292 2974 3345 Et
3001 3294 3127 3348 hinc
3157 3294 3332 3348 Sona-

1770 3382 1896 3433 mite
1925 3379 2308 3451 [Sunamitide]
2339 3379 2596 3444 Ecclesia,
2627 3381 2784 3449 quasi
2813 3383 2863 3434 in
2888 3384 3167 3438 collisione
3189 3387 3331 3439 duo-

1769 3488 1887 3525 rum
1918 3472 2153 3541 lapidum
2192 3471 2443 3537 eontrita,
2477 3471 2654 3535 nobis,
2695 3472 2787 3539 qui
2828 3472 2880 3525 in
2912 3488 3060 3541 spem
3086 3473 3323 3529 ﬁliorum

1769 3561 1824 3615 in
1855 3562 1955 3615 hac
1985 3562 2391 3631 ingemiscimus
2428 3562 2563 3615 valle
2604 3562 2987 3632 laervmarum,
3016 3567 3328 3635 supplican-

1770 3653 1897 3706 dum
1917 3663 1999 3707 est
2018 3652 2152 3705 fonti
2170 3652 2665 3717 misericordiarum
2689 3673 2705 3703 ι
2719 3662 2775 3707 ut
2794 3652 3116 3710 fermentum
3141 3658 3289 3721 illud,
3305 3678 3323 3708 ι

1769 3744 1934 3812 quod,
1966 3745 2106 3806 sicut
2133 3742 2424 3812 Gregorius
2455 3744 2607 3809 dicit,
2639 3764 2656 3794 ι
2682 3745 2854 3798 tribus
2882 3744 3069 3799 furium
3084 3747 3214 3800 satis
3239 3756 3348 3813 to-~

1768 3833 1877 3887 tius
1907 3833 2129 3887 humani
2167 3835 2378 3903 generis
2408 3850 2642 3888 massam
2680 3836 2732 3886 in
2777 3820 3035 3888 unitatem
3067 3851 3328 3905 consper-

1768 3924 1857 3989 sit,
1892 3939 2036 3979 nuuc
2072 3925 2238 3979 totius
2284 3923 2537 3978 Ecclesia:
2578 3937 2774 3991 corpus
2817 3923 2871 3976 in
2914 3924 3056 3979 illius
3096 3925 3328 3982 formam

1766 4016 1923 4081 pa:.is
1977 4015 2070 4082 qui
2121 4015 2188 4067 de
2259 4013 2397 4068 carlo
2446 4013 2726 4068 descendit
2791 4016 3015 4085 redigat,
3064 4026 3125 4069 ut
3168 4018 3327 4074 vinea

1764 4102 1965 4158 Christi
2001 4103 2260 4158 mundata
2311 4104 2632 4173 vulpeculis,
2686 4121 2808 4175 qua:
2848 4122 2965 4159 eam
3024 4090 3333 4161 demolion-5

1765 4205 1855 4250 tur
1883 4194 2062 4269 (Cant.
2099 4194 2182 4267 ιι),
2213 4205 2440 4267 purgata
2477 4198 2783 4259 sarmentis,
2814 4212 2935 4265 quire
2973 4196 3081 4265 igni
3119 4198 3324 4252 deben-

1765 4296 1872 4351 tur,
1921 4294 2127 4350 vernet,
2167 4282 2354 4339 llOreat
2395 4301 2490 4353 per
2518 4286 2859 4339 concordiam
2889 4287 3131 4352 mutatis,
3184 4285 3326 4345 verto

1763 4378 1857 4431 viti
1896 4378 1951 4445 in
1987 4376 2206 4429 odorem
2254 4374 2536 4457 suavitatis
2581 4373 2884 4446 [adhaerens
2925 4376 3059 4444 forte
3099 4378 3324 4432 subden-

103 4477 431 4536 quuuutur.
463 4468 645 4538 (1019)
677 4466 827 4522 Unde
864 4468 922 4521 fit
966 4477 1024 4521 ut
1067 4466 1184 4535 ipsa
1232 4466 1335 4521 hac
1376 4462 1576 4534 ligandi
1617 4471 1671 4518 et
1703 4461 1937 4536 Ditem].
1967 4484 1984 4514 ι

102 4556 351 4614 solvendi
379 4565 639 4627 potestate
664 4574 723 4612 se
748 4558 956 4626 privet,
984 4555 1079 4626 qui
1106 4556 1246 4610 hanc
1272 4570 1370 4625 pro
1406 4554 1521 4610 suis
1565 4567 1663 4606 vo—

102 4648 409 4705 luntatibus
433 4690 448 4715 ,
497 4658 551 4705 et
596 4664 698 4704 non
744 4647 1080 4704 subditorum
1134 4636 1397 4712 moribus,
1426 4652 1658 4699 exercet.

108 4735 261 4793 Unde
304 4748 449 4793 recte
477 4750 571 4808 per
616 4740 926 4811 prophetam
956 4737 1154 4793 dicitur
1184 4756 1197 4792 :
1235 4756 1255 4789 ι
1275 4735 1666 4790 Mortificabant
1711 4734 1726 4751 ⁸

103 4832 322 4882 animas
349 4842 470 4896 qua:
498 4844 607 4883 non
634 4830 937 4895 moriuntur
956 4869 971 4894 ,
1011 4837 1065 4883 et
1089 4826 1431 4882 viviﬁcabant
1453 4825 1662 4879 animas

102 4931 225 4988 qua:
253 4931 365 4972 non
391 4916 576 4973 vivunt
605 4902 817 5019 (Ειεξιι.
850 4916 988 4990 xm).
1028 4936 1045 4969 ι
1102 4916 1252 4973 Licet
1278 4917 1495 4988 quidem
1524 4931 1661 4987 pra:-

103 5007 243 5064 latos
270 5007 419 5063 sedis
443 5024 557 5064 sute
582 5025 677 5066 seu
705 5007 901 5081 gradus
928 5008 1043 5064 zelo
1071 5010 1315 5078 moveri;
1345 5010 1440 5065 sed
1481 5018 1659 5065 unnen

104 5100 232 5167 quia
257 5099 319 5155 in
346 5099 584 5154 maximo
611 5100 838 5169 imperio
882 5099 1102 5154 minima
1146 5108 1230 5155 est
1276 5098 1490 5155 licentia
1551 5115 1659 5153 non

102 5188 371 5243 oblivisci.
403 5187 584 5258 (i020)
614 5187 765 5243 Unde
800 5186 1092 5258 Gregorius
1116 5189 1193 5245 .in
1240 5189 1463 5259 epistola
1506 5186 1661 5241 Sabi-

105 5279 271 5333 niano
295 5280 529 5333 diacono
556 5280 730 5349 legato
759 5277 871 5349 (tib,
903 5292 997 5342 vn,
1026 5276 1181 5348 epist.
1216 5279 1269 5348 1)
1301 5298 1316 5332 :
1362 5297 1381 5329 ι
1415 5276 1661 5331 Paratior

105 5384 247 5437 sum,
275 5368 474 5439 inquit,
500 5370 641 5425 mori
666 5385 829 5441 quam
863 5369 1005 5425 beati
1030 5368 1176 5424 Petri
1200 5368 1495 5425 Eeclesiam
1523 5367 1659 5424 meis

175 5543 359 5627 (1018)
391 5541 502 5627 Cur
524 5540 620 5623 hoc
645 5544 969 5627 prgprirata
996 5542 1193 5627 injuria
1220 5531 1441 5627 flatuqtti
1476 5544 1655 5611 ponti-

107 5610 220 5680 ﬁcis
271 5610 585 5683 computare:
625 5610 803 5683 uultis,
832 5629 974 5683 [cum
1016 5610 1117 5683 quo
1162 5620 1325 5665 totam
1364 5610 1654 5665 Romanum

109 5683 361 5749 synodum
388 5679 676 5736 'adtmllare
704 5679 959 5733 rcluistis.

1830 4554 2108 4609 Audituris
2137 4554 2384 4628 [audite],
2413 4556 2506 4626 qui
2538 4573 2682 4613 nunc
2716 4559 3011 4628 apostolico
3050 4560 3323 4615 contradi-

1760 4647 2183 4718 citis,-episcopi
2229 4648 2359 4703 illud
2394 4647 2636 4719 Gregorii
2660 4649 2774 4718 (lib.
2802 4664 2874 4711 vi,
2916 4650 3065 4717 epist.
3120 4648 3207 4718 l0)
3250 4650 3320 4705 ad

1761 4737 1997 4794 Felicem
2023 4739 2337 4808 episcopum
2364 4740 2591 4794 dicentis
2620 4757 2632 4790 :
2670 4756 2688 4787 ι
2721 4736 2963 4801 Qualiter
2990 4737 3318 4807 obedientia,

1761 4830 1846 4886 vel
1872 4829 2172 4886 reverentia
2200 4831 2270 4884 sit
2297 4829 2596 4898 prtepositis
2618 4827 2935 4895 exhibenda,
2965 4845 3032 4883 ex
3054 4830 3162 4885 tuis
3182 4847 3321 4901 quo-

1736 4925 1868 4992 'que
1907 4921 2183 4990 subjectis,
2214 4920 2328 4988 ipse
2375 4934 2482 4972 non
2519 4918 2765 4989 ambigis.
2811 4918 2870 4973 In
2916 4937 3022 4991 qua
3062 4938 3121 4977 re
3162 4923 3317 4978 valde

1760 5020 1843 5068 est
1868 5012 2015 5077 utile,
2044 5011 2091 5065 si
2113 5011 2165 5063 id
2195 5008 2341 5077 quod
2367 5009 2663 5078 disciplina:
2688 5010 2840 5081 vigor
2868 5011 3114 5079 imponit,
3165 5013 3317 5066 nullo

1759 5109 2004 5175 cogente,
2059 5099 2337 5154 humilitas
2384 5100 2649 5156 laudanda
2690 5101 3001 5155 servaverit.
3036 5119 3054 5150 ι
3090 5100 3155 5154 Ει
3183 5101 3314 5154 illud

1760 5188 1957 5243 Leonis
1983 5207 1994 5242 :
2034 5208 2051 5240 ι
2081 5186 2183 5253 Qui
2225 5204 2353 5260 ergo
2381 5191 2484 5245 scit
2511 5207 2568 5245 se
2594 5190 2915 5258 quibusdam
2944 5192 3310 5259 prtepositum,

1762 5295 1871 5334 non
1898 5280 2124 5335 moleste
2153 5279 2290 5333 ferat
2341 5282 2573 5349 aliquem
2608 5279 2709 5332 sibi
2736 5294 2855 5334 esse
2886 5280 3186 5349 praelatum,
3217 5277 3311 5331 sed

1762 5370 2119 5426 obedientiam
2165 5386 2327 5437 quam
2385 5369 2551 5439 exigit
2593 5367 2757 5422 etiam
2807 5370 2925 5437 ipse
2967 5365 3250 5434 dependat.
3283 5381 3303 5415 ι

1827 5541 2008 5612 (tom)
2039 5541 2161 5595 Rrec
2188 5529 2449 5610 periodus
2468 5544 2523 5597 in
2551 5543 2771 5599 homilia
2800 5541 2856 5596 S.
2886 5540 3041 5608 Greg.
3073 5536 3308 5606 priorem

1755 5614 1938 5681 punit.
1959 5678 1973 5681 4
1991 5679 1996 5681 _
2039 5678 2057 5681 _
2360 5680 2385 5681 ﬂ
2856 5624 2859 5627 λ

1826 5678 2011 5755 (1020)-
2030 5678 2212 5735 Locus
2240 5680 2486 5763 mutilus.
