3956 6390
555 423 690 476 11ἲὴῒὶ

1525 411 1613 466 AD
1651 410 1874 467 0PER.\
1914 409 1970 463 S.
2011 405 2335 463 CllEGORIl
2374 408 2808 465 AI’PENDICES.

3602 37 3896 183 σει-ι

3582 376 3791 472 ἰιδσ

550 536 783 589 l-leontra
820 534 1018 588 domno
1048 529 1342 599 apostolico
1371 528 1575 581 viscera
1608 526 1844 580 doctoris
1873 522 2107 594 gerentis
2137 523 2182 577 Α
2208 523 2306 575 sibi
2334 524 2614 576 murmurat
2647 522 2701 593 (1
2729 523 2849 578 Cor.
2883 524 2979 594 xl).
3026 523 3158 589 Sibi,
3188 525 3382 595 inquit,
3415 541 3523 582 non
3563 526 3693 594 tibi,
3725 536 3789 582 ut

554 628 606 681 in
620 626 894 693 subjectos
922 631 1234 692 accepturos
1263 621 1491 674 dicentis
1522 638 1531 670 :
1567 638 1582 666 ι
1622 618 1903 688 Tanquam
1930 616 1976 670 si
2007 632 2110 669 nu-

561 720 663 771 trix
698 717 872 770 foveat
912 716 1047 769 lilios
1076 730 1233 777 suos,
1284 713 1354 770 ita
1378 711 1747 765 desiderantes
1782 725 1877 762 vos
1918 706 2111 775 cupide

554 810 864 863 volebamus
884 807 1092 861 tradere
1112 805 1264 859 vobis
1292 820 1396 856 non
1422 803 1595 856 solum
1622 800 1967 870 Evangelium
1992 797 2109 862 Dei,

554 902 644 954 sed
672 902 832 969 etiam
861 899 1070 952 animas
1099 903 1310 969 nostras
1338 912 1351 946 ι
1383 893 1639 962 quoniam
1680 890 1984 944 charissimi
2017 904 2112 943 no-

554 992 637 1045 l-is
683 965 807 1044 facti
848 990 979 1042 estis
1025 986 1076 1052 (1
1125 965 1303 1038 Thess.
1356 986 1436 1053 ιι).
1484 1002 1502 1035 ι
1554 983 1612 1036 1ιι
1663 983 1763 1035 hac
1808 983 2109 1051 apostolici,

556 1083 706 1145 sive,
774 1089 832 1132 ut
901 1079 986 1131 ille
1061 1086 1248 1146 putat,
1284 1074 1774 1153 reprehensione,
1843 1074 1987 1137 sive,
2054 1081 2112 1126 ut

554 1172 663 1234 illi,
712 1169 1011 1222 necessaria
1081 1165 1509 1220 consideratione
1558 1164 1762 1234 (1021),
1792 1179 1890 1233 ego
1945 1172 2108 1228 tuus,

556 1262 676 1313 licet
705 1259 943 1312 interiori
974 1273 1184 1311 caream
1217 1256 1485 1318 rationali,
1507 1254 1694 1307 volens
1717 1261 1895 1307 tamen
1926 1252 2109 1307 l'uiicm

553 1348 905 1417 apostolicum
937 1346 1114 1413 potius
1143 1343 1293 1412 sequi
1334 1358 1496 1411 quam
1531 1326 1763 1405 trahere,
1791 1341 1972 1395 sedem
2010 1339 2113 1406 lio-

556 1453 767 1490 mauam
798 1450 1026 1488 veneror
1051 1442 1109 1486 ut
1139 1432 1372 1485 tribunal
1394 1430 1616 1493 Christi,
1647 1431 1763 1499 ejus
1802 1430 2109 1502 pontiﬁcem

554 1538 610 1579 ut
641 1527 938 1579 sacrarium
969 1523 1203 1592 Spiritus
1229 1522 1375 1586 ahni,
1402 1521 1518 1590 ejus
1542 1522 1874 1590 amplectens
1896 1520 2111 1575 decreta

554 1627 607 1669 ut
640 1615 877 1668 ru-lestis
905 1614 1068 1667 curia:
1100 1613 1291 1665 edicta.

622 1703 853 1772 Inquiris
883 1710 1137 1771 praetcrea
1177 1719 1206 1754 a
1253 1717 1356 1765 me,
1390 1712 1447 1753 ut
1476 1700 1554 1753 tui
1596 1715 1789 1753 rursus
1816 1700 1974 1754 verba
2014 1715 2113 1769 po-

552 1810 696 1860 nam,
725 1794 852 1864 quid
882 1810 981 1864 ego
1009 1795 1238 1848 sentiam
1265 1794 1333 1847 de
1361 1791 1698 1847 confectione
1741 1803 2109 1847 sacramento-

552 1902 671 1939 rum
709 1903 738 1939 a
782 1884 1124 1950 Simoniacis,
1162 1900 1256 1939 seu
1300 1901 1332 1938 a
1368 1883 1699 1953 quibuslibet
1737 1885 2113 1938 excommuni-

546 1976 683 2029 catis
698 1984 1101 2045 usurpatorum,
1126 1975 1322 2044 quippe
1339 1975 1383 2028 si
1401 1983 1620 2027 careant
1640 1976 1883 2027 veritate.
1904 1974 2114 2031 Stultus

550 2064 714 2133 igitur
741 2080 847 2119 non
877 2066 1038 2120 stulte
1066 2065 1277 2119 obealio.
1312 2063 1494 2117 Dicam
1519 2063 1662 2139 quod
1688 2064 1883 2118 sertio.

621 2152 964 2206 Simoniacus
992 2159 1096 2217 est,
1127 2152 1219 2220 qui
1249 2150 1561 2220 temporalis
1586 2150 1722 2204 lucri
1747 2150 1920 2220 gratia
1950 2151 2117 2205 eccle-

547 2243 794 2297 siasticos
824 2243 1055 2296 honores
1079 2241 1525 2310 qualitercnnque
1559 2240 1642 2292 vel
1677 2240 1830 2303 emit,
1858 2239 1943 2292 vel
1977 2254 2113 2292 ven-

548 2333 643 2384 dit.
678 2331 878 2385 llorum
901 2332 1011 2396 alii,
1053 2331 1176 2385 licet
1207 2328 1459 2392 ordinati,
1491 2337 1679 2382 carent
1722 2336 1901 2381 tamen
1939 2326 2114 2385 eccle-
2144 2384 2145 2391 η

549 2422 770 2475 siastiro
797 2422 998 2475 honore
1024 2436 1185 2490 quem
1213 2435 1241 2472 a
1266 2419 1412 2472 nullo
1435 2426 1773 2485 acceperant.
1817 2416 1921 2470 Alii
1956 2432 2114 2486 regu-

551 2500 734 2570 lariter
778 2514 1032 2577 ordinati,
1070 2513 1194 2565 licet
1240 2509 1582 2579 postmodum
1633 2507 1923 2562 Simoniaci
1965 2506 2110 2572 iacti,

553 2605 751 2658 habent
791 2610 970 2656 tamen
1015 2600 1190 2653 adhuc
1238 2599 1457 2651 ordines
1500 2612 1644 2674 quos
1701 2596 1973 2664 publicata
2014 2611 2112 2649 sua

553 2694 743 2748 lneresi
772 2692 1010 2746 nondum
1040 2690 1353 2743 amiserant.
1390 2683 1730 2739 lnordiuatos
1757 2693 1938 2739 autem
1972 2684 2113 2739 dici-

554 2799 674 2836 llllls
702 2783 795 2851 qui
829 2779 1058 2835 ordinati
1113 2786 1239 2833 sunt
1281 2793 1310 2830 a
1357 2774 1666 2847 Simonian
1712 2775 1807 2844 qui
1856 2773 1991 2829 nihil
2031 2774 2114 2829 eis

552 2871 725 2940 potuit
767 2871 929 2933 dare,
971 2868 1053 2921 vel
1084 2868 1177 2937 qui
1218 2881 1313 2935 per
1353 2864 1637 2936 pecuniam
1691 2871 1787 2918 aut
1841 2863 2113 2918 interven-

554 2970 667 3013 tum
693 2959 968 3013 smcnlaris
997 2957 1180 3026 gratiae.
1202 2955 1435 3008 ordinati
1459 2963 1586 3007 sunt
1607 2968 1762 3006 anon
1786 2950 2112 3014 Simoniaco,

552 3065 583 3103 a
612 3063 720 3117 quo
750 3047 883 3100 nihil
909 3062 1004 3115 per
1027 3045 1351 3113 emptionem
1384 3050 1632 3111 poterant
1655 3040 1918 3110 accipere.
1954 3036 2114 3093 Ordi-

2211 613 2545 682 Augustinus
2573 614 2627 666 in
2662 615 2887 683 epistola
2909 615 3122 669 concilii
3148 617 3214 670 ad
3241 616 3566 673 Donatistas.
3608 619 3790 673 Cum.

2211 704 2398 757 munio
2423 704 2687 758 malorum
2716 721 2822 759 non
2847 707 3080 760 maculat
3100 707 3331 776 aliquem
3359 710 3789 780 participatione

2211 805 2692 859 sacramentorum,
2719 797 2811 850 sed
2842 798 3195 850 consensione
3222 798 3510 853 factorum.
3548 800 3695 855 Nam
3734 802 3789 855 si

2212 885 2265 939 in
2298 884 2453 940 factis
2499 886 2653 940 malis
2694 902 2801 939 non
2842 888 2922 941 eis
2964 888 3194 957 quisque.
3226 891 3547 955 consentiat,
3588 900 3791 962 portat

2212 977 2386 1032 malus
2412 992 2634 1031 causam
2675 993 2829 1031 suam
2861 987 2913 1031 et
2938 994 3224 1046 personam
3258 995 3438 1033 suam.
3481 979 3598 1035 Non
3634 999 3789 1052 pra:-

2206 1065 2412 1135 jndicat
2437 1067 2588 1119 alteri
2626 1082 2785 1135 quem
2810 1066 2863 1118 in
2892 1068 3248 1121 consensione
3293 1069 3420 1122 mali
3456 1071 3644 1138 operis
3688 1086 3788 1125 so-

2210 1157 2353 1211 cium
2383 1174 2487 1210 non
2519 1157 2679 1210 habet
2717 1157 2981 1210 criminis.
3026 1155 3090 1211 Et
3138 1166 3197 1210 ut
3235 1159 3377 1213 scias
3416 1160 3560 1228 quod
3586 1158 3787 1213 Simo-

2212 1248 2378 1312 niaci,
2429 1247 2573 1316 quod
2627 1247 3076 1302 excommunicati
3122 1248 3359 1302 nondum
3406 1250 3785 1305 ventilabrum

2209 1338 2433 1406 experti,
2464 1338 2631 1390 latent
2668 1338 2722 1390 in
2752 1335 3018 1411 IEcclesia,
3066 1347 3125 1391 ut
3155 1338 3205 1390 in
3241 1353 3418 1393 messe
3440 1354 3561 1395 cum
3592 1356 3787 1411 grano

2213 1383 2433 1406 -..,.-.-.,
2466 1383 2630 1390 ---νη
2763 1383 3018 1403 -η--ν-..η
3070 1383 3124 1391 --
3241 1383 3417 1393 ων---
3443 1383 3561 1395 μη..
3592 1383 3783 1411 οη..-

2211 1428 2382 1495 palea,
2415 1442 2625 1492 omnes,
2664 1383 2804 1496 qubs
2841 1425 3146 1481 Simoniaca
3195 1428 3383 1497 polluit
3410 1429 3657 1497 bzeresis,
3708 1446 3783 1485 ex

2211 1519 2472 1573 sententia
2525 1518 2783 1587 principis
2835 1518 3201 1587 apostolorum
3240 1520 3512 1584 damnati,
3554 1521 3787 1577 dicente

2213 1604 2366 1660 beato
2393 1605 2607 1661 Gelasio
2691 1625 2708 1657 ι
2734 1605 2875 1660 Idem
2904 1605 3018 1676 ipse
3037 1622 3210 1673 error,
3235 1609 3326 1678 qui
3349 1609 3514 1663 semel
3536 1618 3619 1664 est
3641 1624 3784 1665 cum

2210 1711 2311 1750 suo
2336 1693 2554 1750 auctore
2593 1696 2899 1763 damnatus,
2944 1698 2997 1751 in
3030 1699 3289 1769 participe
3314 1700 3553 1768 quolibet
3585 1715 3786 1770 prava:

2210 1787 2607 1841 communionis
2646 1787 2834 1842 cll‘ecto
2889 1790 3310 1845 exsecrationem
3350 1792 3436 1846 sui
3480 1802 3693 1864 gestat,
3726 1802 3785 1848 et

2196 1882 2445 1946 ‘ptenam.
2482 1896 2499 1927 ι
2541 1875 2671 1930 item
2699 1895 2712 1931 :
2754 1897 2771 1928 ι
2801 1875 2911 1932 Nec
2932 1879 3152 1933 dubium
3184 1881 3325 1949 quod
3356 1881 3496 1935 sicut
3538 1884 3589 1936 in
3629 1900 3781 1937 una-

2210 1983 2425 2038 quaque
2449 1968 2661 2034 lueresi,
2691 1970 2837 2039 quod
2869 1970 3257 2025 incessabiliter
3282 1974 3627 2041 repetendum
3652 1983 3775 2039 est,

2210 2059 2337 2129 quia
2401 2059 2618 2113 ﬁrmum
2680 2074 2800 2115 esse
2867 2060 3046 2115 nullus
3119 2060 3342 2131 ambigit
3402 2061 3779 2132 Christianus,

2214 2164 2405 2205 omnes
2429 2149 2740 2219 complices,
2768 2159 3081 2216 sectatores,
3110 2153 3595 2208 communicatores
3618 2154 3787 2208 dam-

2211 2248 2348 2294 natae
2375 2240 2541 2293 semel
2575 2240 2855 2309 pravitatis
2878 2240 2992 2309 pari
3020 2250 3163 2295 sorte
3187 2250 3493 2296 censentur.
3522 2261 3541 2293 ι

2278 2328 2498 2395 Omnes,
2527 2330 2663 2396 seio,
2688 2331 3125 2400 praesumptuosi,
3153 2338 3582 2400 transgressores
3609 2347 3782 2386 cauo-

2210 2436 2342 2475 num
2368 2428 2496 2474 sunt
2532 2420 2989 2486 anathematizati,
3019 2420 3285 2475 scribente
3314 2419 3372 2474 S.
3403 2420 3663 2491 Gregorio
3703 2421 3778 2476 ad

2210 2509 2512 2581 Gallicanos
2536 2511 2818 2581 episcopos
2843 2529 2857 2565 :
2895 2530 2913 2561 ι
2944 2509 3136 2565 Omnia
3163 2525 3284 2580 quae
3310 2511 3513 2566 sanctis
3546 2510 3778 2566 canoni-

2211 2600 2313 2654 bus
2342 2587 2467 2654 sunt
2496 2599 2718 2655 adversa
2753 2601 2883 2655 dist:
2895 2602 2996 2655 ictc
3027 2601 3128 2654 sub
3152 2600 3510 2654 anathematis
3534 2601 3779 2670 interpo-

2210 2689 2407 2742 sitione
2434 2688 2779 2743 damnentur.
2811 2708 2830 2739 ι
2867 2686 2971 2743 Sed
2996 2689 3071 2754 hi,
3110 2673 3351 2759 inquam,
3374 2689 3477 2745 etsi
3502 2691 3773 2756 accusati,

2209 2779 2485 2834 evidenter
2500 2788 2676 2833 tamen
2701 2778 2935 2833 nondum
2960 2780 3011 2833 in
3028 2778 3130 2834 hac
3149 2781 3577 2850 transgressione
3594 2780 3774 2835 denu—

2211 2868 2342 2932 dati,
2368 2869 2587 2933 habent,
2613 2876 2673 2923 ut
2700 2868 2991 2934 credimus,
3017 2856 3083 2924 de
3106 2864 3352 2924 materna
3380 2869 3632 2926 Ecclesia:
3654 2887 3777 2941 grac

2212 2959 2285 3012 tia
2313 2965 2366 3011 et
2400 2958 2705 3025 sanctitate,
2754 2958 3015 3013 adversus
3057 2974 3222 3027 quam
3256 2974 3358 3013 nec
3397 2968 3567 3028 porta:
3608 2961 3777 3017 inferi

2212 3047 2576 3117 praevalebunt
2600 3046 2813 3117 (.tlatth.
2844 3048 2955 3118 xvi)
2981 3066 2994 3102 :
3023 3048 3125 3102 sub
3146 3048 3302 3117 cujus
3334 3048 3437 3103 alis
3470 3049 3524 3102 in
3555 3064 3651 3119 spe
3677 3066 3776 3105 ve-

554 3150 711 3193 natos
746 3148 925 3193 autem
957 3145 1011 3191 et
1060 3146 1239 3189 tamen
1279 3133 1619 3188 Simoniacos
1650 3132 1983 3202 appellamus
2022 3130 2187 3227 qui'c
2216 3138 2319 3193 nite
2361 3138 2537 3192 adhuc
2584 3137 2769 3203 latent,
2810 3148 2868 3193 ut
2920 3147 3257 3193 sacramenta
3297 3139 3539 3207 ejusdem
3580 3140 3779 3194 matris

554 3238 673 3301 post
729 3238 979 3298 acceptos
1031 3243 1062 3280 a
1100 3227 1298 3295 quibus
1344 3234 1396 3285 ct
1432 3232 1492 3278 ut
1537 3224 1833 3277 debuerant
1874 3221 2112 3285 ordines,

552 3318 821 3375 Ecclesias
860 3317 967 3371 'vel
1002 3316 1105 3370 alia
1133 3330 1255 3384 quae
1297 3313 1605 3368 Simoniaca
1659 3314 1833 3367 suasit
1874 3311 2114 3376 haeresis,

551 3415 795 3465 emerant
810 3406 892 3461 vel
912 3404 1277 3459 vendiderant.
1310 3402 1413 3457 Sed
1439 3404 1665 3473 priores,
1709 3418 1848 3472 quos
1879 3402 2117 3457 diximus

550 3498 847 3560 ordinatos,
879 3496 1027 3549 nullo
1072 3494 1231 3550 tuoin
1274 3493 1565 3547 conficient
1607 3500 1965 3556 sacramenta,
2010 3492 2115 3552 nisi

553 3595 672 3657 post
698 3582 1117 3639 satisfactionem
1147 3584 1437 3652 episcopali
1478 3582 1796 3664 auctoritate
1821 3582 2121 3635 "admittan-

556 3686 662 3731 tur.
696 3670 793 3728 Isti
830 3675 1175 3744 posteriores,
1222 3674 1273 3726 id
1302 3682 1386 3725 est
1432 3673 1664 3725 ordinati
1707 3680 1759 3725 et
1802 3671 2116 3738 Simouiaci,

558 3783 663 3821 non
688 3764 974 3820 conﬁcient
1004 3763 1184 3833 (10:12)
1218 3763 1309 3832 qui
1354 3760 1799 3827 manil'esti’suut,
1848 3762 1953 3816 nisi
1988 3778 2120 3817 con-

555 3863 853 3908 vertantur.
894 3853 1029 3919 Quia
1079 3870 1208 3905 vero
1251 3861 1420 3904 matre
1466 3851 1700 3906 Ecclesia
1731 3868 1855 3906 cum
1900 3851 2118 3907 Christo

530 3947 730 4015 't'apilc
754 3946 807 3999 in
843 3959 1009 4000 unum
1033 3957 1231 4012 corpus
1262 3942 1432 4006 unita,
1464 3940 1697 3994 ﬁliorum
1738 3951 1845 3996 est
1867 3941 2118 3997 Ecclesia:

559 4042 664 4091 non
696 4037 799 4092 nisi
819 4037 885 4090 de
914 4034 1270 4089 sacramentis
1296 4032 1519 4098 Christi,
1555 4041 1609 4086 et
1652 4031 1937 4099 Ecclesia;
1988 4046 2117 4102 pro-

559 4142 701 4199 pono
743 4127 878 4180 mihi
932 4125 1369 4194 distinguendum
1400 4165 1414 4188 ,
1467 4125 1786 4178 auctoritate
1852 4124 2115 4178 catholica

557 4218 915 4288 probandum,
965 4214 1095 4284 quid
1140 4213 1207 4266 de
1255 4212 1600 4277 Simoniacis,
1647 4222 1700 4267 et
1740 4215 2116 4268 excommuni-

557 4312 694 4364 catis
731 4310 916 4362 eadem
946 4307 1048 4362 sibi
1096 4314 1430 4360 sacramenta
1472 4305 1901 4370 vcndieantibus,
1932 4307 2001 4359 sit
2036 4317 2116 4360 tc—

561 4400 818 4454 nendunn

2218 3234 2523 3288 conﬁciant.
2561 3234 2718 3287 cuius
2750 3234 2977 3288 necdum
3012 3233 3103 3287 lilii
3141 3248 3261 3288 esse
3283 3234 3495 3302 publice
3518 3234 3778 3306 perdide-

2213 3315 2356 3376 ram.
3014 3356 3015 3359 η

2286 3409 2392 3465 Sed
2411 3410 2548 3467 dicis
2573 3428 2587 3465 :
2617 3409 2900 3478 Quomodo
2925 3410 3210 3465 conﬁcient
3231 3424 3429 3480 corpus
3451 3408 3653 3464 Christi
3676 3410 3778 3480 qui

2218 3517 2311 3570 per
2337 3501 2607 3566 haeresim,
2631 3516 2726 3555 seu
2771 3517 2864 3570 per
2902 3500 3151 3555 meritum
3179 3501 3557 3566 anathematis,
3581 3516 3641 3554 se
3681 3501 3781 3556 de-

2218 3591 2647 3645 niembraverunt
2700 3605 2732 3644 a
2783 3605 3008 3658 corpore
3069 3587 3307 3642 Christi?
3349 3588 3775 3659 Respondetur:

2216 3677 2382 3733 Judas
2413 3694 2553 3733 unus
2580 3694 2646 3732 ex
2668 3678 2947 3733 duodecim
2969 3685 3103 3744 erat,
3139 3677 3384 3732 eamdem
3425 3693 3546 3732 cum
3568 3678 3650 3732 eis
3672 3693 3779 3748 po-

2218 3777 2461 3823 testatem
2493 3770 2752 3824 miracula
2777 3768 3008 3824 faciendi
3038 3769 3284 3824 habebat.
3330 3768 3395 3822 Et
3419 3770 3668 3838 quamvis
3692 3769 3781 3823 lo-

2216 3860 2366 3914 culos
2393 3867 2615 3929 portans
2652 3858 2739 3913 fur
2776 3868 2920 3913 esset
2955 3858 3133 3927 (Ionii.
3180 3857 3278 3928 xu)
3311 3876 3324 3911 :
3371 3866 3546 3911 tamen
3575 3858 3781 3927 quibus

2215 3962 2314 4015 par
2348 3954 2466 4000 erat
2504 3946 2558 3998 in
2589 3946 2780 4015 signis,
2812 3960 2909 4014 par
2941 3945 3224 3999 videbatur
3271 3951 3326 3998 et
3367 3945 3593 3999 meritis.
3632 3945 3782 4000 Ante

2216 4037 2404 4091 oculos
2432 4037 2628 4106 quippe
2651 4036 2931 4090 hominum
2957 4035 3010 4088 in
3041 4033 3425 4089 miraculorum
3449 4034 3778 4106 insignibus,

2216 4125 2380 4192 Petri,
2410 4126 2654 4190 Andreas,
2693 4122 2880 4196 Jacolgi
2910 4134 2962 4180 et
3007 4123 3232 4179 Joannis
3259 4133 3377 4179 erat
3399 4126 3615 4190 socius;
3644 4135 3780 4179 ante

2217 4218 2334 4286 ejus
2363 4228 2540 4272 autem
2567 4216 2754 4270 oculos
2801 4216 2890 4269 cui
2929 4231 3033 4269 non
3079 4223 3197 4270 erat
3223 4230 3361 4285 opus
3397 4222 3456 4268 ut
3492 4213 3616 4283 quis
3660 4214 3776 4269 sibi

2218 4306 2590 4361 testimonium
2616 4305 2919 4375 perhiberet
2944 4306 3009 4359 de
3031 4305 3267 4369 homine,
3296 4305 3422 4375 quia
3454 4324 3472 4355 ι
3502 4304 3611 4374 ipse
3630 4304 3779 4361 scie-

2232 4406 2313 4454 bat
2345 4396 2474 4466 quid
2497 4405 2641 4450 esset
2671 4396 2723 4449 in
2757 4396 2973 4451 homine
2996 4393 3174 4463 (Joau.
3206 4395 3265 4464 ιι)
3290 4414 3335 4460 ι,
3363 4403 3476 4450 erat
3501 4396 3773 4452 diabolus.

633 4490 813 4556 (1025)
854 4486 1193 4540 Simoniacos
1236 4483 1401 4554 igitur
1436 4493 1489 4537 et
1522 4487 2018 4542 excommunicatos
2066 4488 2197 4543 in‘D
2225 4488 2434 4543 Dictum
2464 4496 2547 4542 est
2573 4488 2715 4541 enim
2744 4488 2812 4541 de
2842 4502 2907 4540 eo
2932 4504 2944 4539 :
2981 4505 2999 4537 ι
3032 4484 3219 4540 Nonne
3246 4501 3346 4557 ego
3368 4502 3466 4541 vos
3490 4485 3776 4540 duodecim

562 4581 670 4634 duo
700 4577 1011 4630 dividimus.
1037 4576 1140 4627 Alii
1165 4591 1352 4630 eorum
1415 4592 1646 4645 quorum
1674 4576 1821 4631 zelus
1849 4577 2115 4643 innotuit;

563 4674 653 4727 alii
701 4671 817 4739 qui,
846 4669 948 4723 etsi
988 4667 1249 4732 accusati,
1291 4667 1391 4721 etsi
1420 4669 1627 4721 macula
1660 4667 1989 4737 suspicionis
2033 4682 2121 4721 re-

565 4765 769 4833 ενοι-δί,
816 4762 1042 4814 necdum
1086 4769 1264 4813 tamen
1323 4758 1653 4813 manil‘estati
1726 4758 1943 4812 Illorum
1993 4775 2121 4813 vero

563 4867 795 4923 quorum
819 4850 972 4903 nefas
993 4859 1156 4917 patet,
1184 4850 1294 4913 alii,
1326 4848 1552 4902 necdum
1583 4847 1637 4901 in
1658 4846 1863 4915 judicio
1890 4862 2122 4915 praesen-

565 4942 679 5003 tati,
707 4942 797 4993 alii
846 4938 1061 5009 publico
1100 4936 1353 4992 Ecclesiae
1378 4938 1582 5004 judicio
1624 4937 1880 4991 damnati.
1912 4935 1994 4990 Ab
2019 4937 2124 4991 illis

566 5031 730 5103 igitur
755 5043 985 5099 quorum
1017 5028 1195 5082 scelus
1225 5026 1402 5080 adhuc
1437 5026 1654 5079 oculum
1701 5026 1936 5081 hominis
1974 5028 2121 5093 latet,

567 5123 837 5176 credimus
873 5133 1033 5190 posse
1077 5119 1266 5174 conﬁci
1310 5125 1647 5173 sacramenta
1696 5115 1965 5172 Ecclesiae.
2019 5118 2125 5174 Sed

567 5213 815 5284 quamvis
842 5228 942 5267 nos
970 5212 1159 5282 juvent
1195 5225 1289 5279 per
1329 5210 1507 5274 tidem,
1547 5209 1667 5265 illos
1693 5209 1956 5263 damnant
2003 5226 2126 5278 prc-

569 5315 686 5375 ptet‘
715 5304 1188 5375 przesumptionem
1216 5321 1229 5355 :
1274 5300 1569 5364 Iudicium,
1603 5301 1779 5370 inquit
1814 5301 2123 5371 Apostolus,

643 5457 822 5526 (1021)
861 5456 1260 5511 Haceatltolica
1306 5455 1645 5523 professione,
1688 5454 1741 5526 in
1772 5470 1874 5522 qua
1906 5458 2131 5523 scriptor

572 5543 633 5580 ea
652 5524 984 5608 jponitjqua:
1007 5526 1061 5606 in
1087 5525 1428 5593 apostolicum
1453 5524 1775 5608 perscripsit.
1801 5540 1902 5575 mm
1922 5539 1985 5575 ra:
2011 5541 2129 5588 sua,

575 5596 662 5649 sed
686 5610 750 5647 ex
780 5593 1231 5648 schismuticorum
1261 5609 1479 5661 persona
1513 5593 1746 5646 retulisse
1785 5603 2126 5647 utoustratur.

647 5663 828 5733 (W22)
864 5664 921 5717 In
953 5681 1055 5718 ms.
1084 5672 1167 5718 est
1195 5663 1281 5715 hic
1316 5663 1583 5733 Iacunula.

648 5670 808 5733 (ltt22
866 5670 921 5717 In
953 5681 1055 5718 ms.
1084 5672 1167 5718 est
1195 5670 1281 5715 hic
1316 5670 1583 5716 Iacunula.

648 5670 828 5806 “0253
864 5733 939 5789 De
960 5734 1301 5787 sacramentis
1322 5731 1685 5787 Iuvreticorum
1711 5733 1816 5786 sire
1834 5747 2130 5788 (tremum-

2223 4579 2387 4648 elegi,
2434 4587 2487 4632 et
2525 4592 2668 4631 unus
2713 4592 2777 4630 ex
2813 4576 2965 4631 vobis
2997 4575 3244 4633 diabolus
3284 4576 3441 4631 est?»
3472 4574 3641 4645 (loca.
3668 4575 3775 4647 τι.)

2225 4666 2348 4722 Ideo
2393 4667 2578 4736 utique
2616 4667 2881 4732 diabolus,
2928 4667 3054 4736 quia
3098 4666 3309 4721 dualem
3337 4665 3573 4734 spirabat
3597 4680 3775 4736 spem,

2225 4774 2346 4815 esse
2372 4758 2620 4813 videlicet
2654 4766 2708 4812 et
2742 4758 2988 4812 venditor
3021 4755 3232 4810 Domini
3260 4763 3315 4809 et
3345 4756 3634 4827 discipulus
3663 4755 3779 4813 Do-

2228 4851 2381 4913 mini.
2421 4849 2526 4905 Sed
2559 4864 2682 4904 cum
2726 4846 2839 4917 jam
2870 4846 3121 4917 nequitiae
3157 4862 3270 4901 sua:
3301 4847 3529 4916 pretium
3572 4847 3777 4902 venditi

2228 4941 2441 4995 Domini
2484 4939 2836 5010 promitteret,
2871 4953 2993 4993 cum
3022 4937 3135 5006 jam
3176 4936 3620 5006 opportunitatem
3656 4946 3778 4992 tra-

2226 5031 2385 5085 dendi
2430 5046 2553 5084 eum
2599 5040 2862 5098 quaereret
2917 5028 3131 5100 (Matth.
3176 5043 3336 5095 xxvu;
3378 5026 3505 5082 Luc.
3542 5028 3674 5098 xxn)
3718 5027 3779 5081 in

2229 5120 2331 5175 hec
2356 5120 2614 5174 barathro
2658 5119 2877 5173 sceleris
2916 5134 3022 5173 non
3052 5118 3231 5173 minus
3256 5133 3391 5174 usus
3411 5126 3495 5173 est
3515 5122 3783 5186 potestate

2228 5209 2541 5281 apostolica,
2569 5219 2621 5263 et
2648 5210 2747 5264 hac
2781 5209 2988 5273 tandiu,
3018 5208 3190 5264 donec
3220 5210 3406 5264 audito
3434 5226 3447 5260 :
3485 5224 3504 5258 ι
3528 5207 3672 5277 quod
3698 5204 3785 5261 fa-

2229 5303 2329 5369 cis,
2358 5300 2441 5356 t'ac
2478 5301 2658 5368 citius,
2687 5301 2854 5355 exivit
2889 5301 3032 5369 foras
3063 5318 3077 5354 :
3123 5298 3252 5353 Erat
3294 5298 3441 5352 enim
3465 5310 3573 5351 nox
3594 5294 3784 5370 (loca.

2234 5457 2527 5509 nicatorum
2562 5454 2815 5523 audiatur
2836 5453 3179 5523 Augustinus,
3217 5467 3281 5505 ex
3301 5453 3454 5522 cujus
3484 5451 3574 5506 lib.
3693 5451 3793 5504 ιι-

2232 5527 2422 5594 ptismo
2446 5532 2634 5594 contra
2662 5521 2967 5594 Donatista:
2995 5521 3390 5594 ratiigilurtam
3414 5521 3790 5594 annuntians,

2266 5609 2387 5646 nam
2436 5592 2692 5661 baptisma
2707 5603 2858 5661 castra
2880 5589 3169 5661 Ecclesium
3193 5591 3371 5645 haberi
3398 5601 3447 5644 et
3477 5590 3599 5643 dat"
3618 5589 3793 5661 posse,

2253 5665 2351 5717 ἔδει
2378 5659 2662 5733 perniciose
2684 5671 2794 5714 tam
2817 5659 3047 5728 habenti,
3073 5676 3228 5732 quam
3253 5660 3423 5714 danti.
