3956 6418
541 441 673 494 H59

1434 394 1440 398 ’
1505 431 1596 487 ΑΙ)
1627 429 1850 487 opma
1887 427 1944 483 s.
1984 425 2305 493 cneconu
2342 425 2776 483 APPENDICES.

3695 19 3928 242 ’Ὗ

611 567 630 600 ς
665 546 980 614 Quicunque
1001 560 1186 602 sacros
1227 544 1441 598 ordines
1480 543 1548 598 ad
1579 543 1806 612 pretium
1832 541 2074 609 largiun-
2103 537 2382 596 ASimoni
2404 537 2578 593 dicat:
2602 537 2834 592 Pecunia
2871 547 2959 593 tua
2977 547 3152 594 tecum
3175 540 3245 595 sit
3278 539 3330 594 in
3351 540 3742 610 perditionem.

534 645 643 702 tur,
680 651 803 690 cum
842 633 978 688 Jusla
1027 634 1267 708 pessimo
1323 641 1622 686 mercatore
1675 627 2077 699 peribuntzqui

537 741 634 796 pro
659 741 766 779 xxx
796 725 1060 794 argenteis
1092 720 1275 776 aeterni
1315 721 1509 774 Filium
1541 719 1779 774 vendidit
1813 718 2073 772 Parentis.

459 868 470 885 ,
536 816 732 870 Audiat
761 815 865 868 hoc
891 814 1194 877 haereticus,
1219 810 1401 864 audiat
1420 817 1474 864 et
1503 807 1862 863 Christianus.
1885 806 2082 860 Audiat

535 913 591 959 et
611 905 718 968 ille,
743 904 836 973 qui
853 903 990 956 hanc
1011 900 1236 955 haeresin
1266 899 1380 952 vult
1399 897 1584 951 rabido
1607 912 1700 951 ore
1728 896 2076 950 auctorizare.

493 986 495 989 ’
537 991 660 1048 Istis
691 993 814 1048 dico
842 1010 856 1045 :
884 988 987 1044 Ubi
1020 998 1103 1044 est
1131 989 1273 1058 quod
1304 986 1617 1056 accepistis?
1647 985 1756 1040 Illis
1785 985 1906 1039 dico
1932 1001 1946 1038 :
1978 982 2081 1038 Ubi

535 1090 619 1135 est
644 1081 788 1150 quod
815 1078 1080 1134 dedistis?
1118 1077 1360 1131 Infelices
1397 1067 1680 1152 infeliciter
1711 1073 1814 1129 sibi
1851 1073 2080 1127 invicem

538 1179 724 1224 contra
757 1167 1251 1237 campscruntzhic,
1291 1175 1352 1221 ut
1389 1166 1691 1221 consuleret
1729 1180 1841 1219 sua:
1876 1164 2080 1233 philar-

539 1260 741 1328 gyrise;
780 1258 884 1322 ille,
922 1265 981 1311 ut
1019 1255 1349 1311 satisfaceret
1379 1255 1608 1325 preprire
1641 1255 1906 1324 nequitiae.
1935 1252 2081 1319 Qua-

540 1355 757 1416 propter
778 1361 876 1401 nec
903 1347 992 1400 ille
1016 1347 1178 1399 habet
1197 1345 1451 1414 pretium,
1485 1359 1583 1398 nec
1605 1344 1680 1397 illi
1706 1344 1902 1397 habent
1919 1341 2081 1396 Chri-

540 1444 700 1491 stum.
727 1435 969 1507 Exsulta,
989 1434 1311 1497 Christiane,
1329 1433 1456 1503 quia
1485 1434 1628 1503 quod
1662 1431 1827 1488 Judas
1844 1432 2084 1487 vendidit

538 1533 594 1578 et
618 1523 834 1578 Judmus
870 1509 1018 1588 emit,
1061 1533 1120 1578 tu
1159 1523 1458 1592 acquisisti.
1493 1521 1704 1577 Grande
1747 1523 1948 1576 bonum
1984 1535 2085 1576 suo

542 1615 684 1668 malo
717 1613 919 1682 operati
945 1620 1071 1667 sunt
1090 1611 1244 1666 nobis
1265 1612 1441 1665 ambo.
1476 1630 1495 1661 ι

609 1704 737 1758 Item
769 1704 822 1757 in
851 1703 1035 1756 eadem
1076 1721 1089 1756 :
1125 1721 1142 1752 α
1181 1701 1236 1755 Si
1269 1702 1361 1755 tali
1407 1700 1725 1754 exterminio
1749 1699 1977 1755 traditus
2004 1706 2086 1754 est

2176 628 2430 695 quoniam
2455 627 2654 680 donum
2689 626 2783 681 Dei
2819 628 3139 683 existimasti
3184 645 3306 683 cum
3339 630 3566 698 pecunia
3599 645 3743 699 pos-

2178 714 2342 768 sideri
2395 713 2534 782 (Act.
2590 714 2728 779 VIII).
2777 732 2794 766 ν
2837 713 2937 769 Ubi
2982 732 3104 770 cum
3135 717 3452 770 existimasti
3511 718 3741 786 dicitur,

2176 809 2326 872 patet‘
2347 802 2470 871 quia
2504 817 2611 856 non
2637 817 2735 872 pro
2767 817 2833 857 eo
2865 805 3009 874 quod
3036 805 3252 870 fecerat,
3281 807 3375 860 sed
3409 808 3537 877 quia
3557 823 3617 863 se
3643 806 3744 862 fa-

2178 905 2299 945 cere
2339 905 2497 960 posse
2529 891 2866 962 (crediderat,
2911 894 3315 964 condemnatur.
3369 894 3522 950 Patet
3567 897 3747 967 igitur

2177 992 2241 1031 ex
2262 977 2512 1047 praedicta
2547 979 2863 1034 auctoritate
2887 995 2986 1035 nec
3009 981 3236 1037 clericos
3270 984 3339 1036 ab
3360 983 3441 1036 eis
3463 985 3742 1051 ordinari,

2180 1081 2278 1121 nec
2299 1065 2638 1121 Dominicum
2663 1082 2862 1136 corpus
2888 1083 3047 1137 posse
3081 1069 3294 1135 conﬁci,
3330 1071 3423 1124 sed
3469 1071 3618 1141 ipsos
3661 1089 3743 1126 ex

2179 1172 2308 1211 voce
2333 1157 2476 1212 Petri
2503 1173 2622 1213 esse
2649 1159 2884 1227 perditos
2908 1159 3152 1229 clericos.
3181 1159 3247 1214 Et
3267 1159 3312 1216 si
3342 1157 3594 1230 praedicta
3626 1163 3745 1216 duo

2181 1253 2514 1306 sacramenta
2543 1258 2652 1298 non
2688 1245 3000 1310 cnnliciunt,
3035 1234 3180 1301 certe
3222 1247 3398 1313 nulla,
3448 1248 3552 1303 nisi
3597 1247 3748 1302 forte

2181 1335 2356 1390 solum
2379 1334 2664 1404 baptisma,
2692 1334 2953 1391 coniicere
2977 1344 3225 1406 possunt.
3256 1335 3322 1390 Et
3353 1345 3414 1390 ut
3439 1337 3579 1392 scias
3606 1339 3745 1408 quia

2181 1422 2328 1476 nullo
2363 1423 2522 1476 modo
2552 1423 2914 1478 ecclesiastica
2962 1409 3299 1498 sacramenta
3347 1425 3460 1479 fieri
3508 1435 3747 1496 possunt

2181 1522 2214 1562 a
2242 1508 2567 1575 Simoniaco,
2593 1509 2717 1563 audi
2756 1524 2832 1563 exe
2866 1511 3162 1579 apostolico
3203 1511 3420 1566 decreto
3456 1513 3744 1567 annullala

2180 1611 2301 1653 esse
2328 1598 2511 1658 omnia
2532 1613 2654 1667 quae
2676 1597 2816 1673 facta
2836 1599 3154 1654 videbantur
3176 1616 3208 1654 a
3232 1602 3520 1672 neophyto.

2249 1701 2511 1757 Defuncto
2532 1701 2787 1757 Romana:
2812 1691 2962 1759 sedis
2988 1705 3215 1773 praesule
3236 1705 3395 1759 XCIV
3421 1705 3590 1760 Paulo
3624 1705 3738 1759 hu-

3598 430 3778 487 “60.

539 1794 632 1863 qui
657 1793 893 1847 vendidit
913 1791 1211 1864 Christum,
1249 1791 1377 1860 quid
1405 1790 1509 1844 erit
1545 1790 1611 1843 de
1647 1789 1807 1844 sociis
1836 1788 1954 1857 ejus
1991 1788 2083 1857 qui

539 1891 729 1937 emunt
761 1883 842 1936 vel
867 1882 1104 1935 vendunt
1125 1880 1495 1936 Paraclctum?
1518 1879 1768 1947 Nunquid
1803 1894 1907 1931 non
1930 1890 2088 1947 pares

540 1980 668 2026 sunt
692 1971 743 2024 in
779 1969 982 2024 ultione
1010 1969 1102 2037 qui
1125 1984 1282 2037 pares
1313 1976 1438 2021 sunt
1460 1968 1514 2020 in
1545 1960 1808 2020 crimine?
1843 1965 1936 2019 Ille
1955 1981 2087 2020 ven-

539 2060 675 2114 didit
701 2059 916 2113 Filium.
943 2058 1056 2120 Isti,
1079 2066 1340 2126 quantum
1367 2057 1422 2110 in
1451 2072 1508 2111 se
1538 2056 1670 2125 ipsis
1693 2065 1801 2122 est,
1825 2055 2087 2125 Spiritum

541 2159 786 2206 sanctum
813 2156 1079 2202 conantur
1114 2147 1360 2201 vendere.
1409 2165 1429 2197 ι
1454 2196 1477 2205 η

611 2239 744 2292 Cum
769 2247 945 2292 autem
965 2238 1202 2306 quidam,
1221 2237 1455 2300 domine,
1479 2242 1532 2288 et
1556 2234 1788 2288 maxime
1808 2234 1947 2302 apud
1970 2248 2086 2298 vos,

541 2327 886 2382 blandiantur
905 2327 1026 2391 sibi,
1049 2325 1373 2379 afﬁrmantes
1389 2340 1454 2379 se
1468 2339 1575 2377 non
1589 2338 1708 2378 esse
1730 2323 2086 2388 Simouiacos,

2179 1789 2270 1857 ius
2291 1789 2752 1860 nominis'primo,
2784 1789 2966 1860 (1062)
3000 1789 3394 1846 Constantinus
3439 1793 3661 1862 quidam
3709 1809 3743 1846 a

2117 1848 2161 1901 Β
2179 1848 2323 1928 Iaico
2357 1875 2410 1928 in
2447 1848 2637 1944 papam
2657 1848 3012 1931 “consecratus
3055 1877 3236 1931 sedem
3267 1848 3617 1947 apostolicam
3643 1895 3750 1948 per

2185 1957 2386 2020 annum
2438 1974 2494 2019 et
2551 1981 2791 2020 mensem
2849 1967 3096 2040 obtinuit.
3153 1967 3448 2038 Episcopos
3511 1971 3745 2035 scilicet,

2136 2097 2138 2108 .
2184 2053 2543 2123 presbyteros,
2565 2061 2620 2107 et
2646 2053 2781 2108 alios
2803 2054 3000 2109 diversi
3031 2056 3248 2124 gradus,
3285 2055 3424 2110 infra
3455 2057 3561 2115 hcc
3601 2066 3749 2111 tem-

2185 2140 2332 2208 poris
2352 2132 2582 2209 spatium
2607 2141 2911 2207 ordinavit;
2935 2142 3115 2196 omnia
3140 2158 3261 2211 qua:
3281 2145 3562 2212 apostolici
3583 2154 3750 2199 erant

2132 2223 2328 2296 'gfecit.
2368 2224 2512 2279 Inter
2530 2226 2646 2280 haec
2688 2226 2910 2294 quidam
2947 2227 3336 2294 Romanorum,
3381 2231 3748 2285 abhorrentes

2160 2317 2350 2382 caput
2375 2311 2630 2375 Ecclesia:
2659 2310 2956 2391 Itomanam
2997 2315 3173 2368 sedem
3203 2330 3233 2368 a
3276 2318 3546 2386 neophyto
3588 2317 3750 2371 inva-

540 2416 807 2486 quianon
861 2416 1090 2470 emet-int
1113 2416 1188 2468 vel
1213 2415 1544 2468 vendiderint
1585 2414 1861 2479 ecclesias,
1885 2414 1970 2467 vel
2007 2413 2088 2466 al-

541 2506 700 2571 taria,
735 2507 825 2560 sed
849 2521 937 2560 res
969 2513 1023 2559 et
1053 2506 1334 2560 commoda
1370 2505 1609 2559 ccclesiis
1642 2504 1937 2568 attinentia,
1993 2518 2090 2557 an-

541 2593 598 2648 di
631 2594 878 2648 eumdem
908 2593 1215 2648 Paschalem
1240 2593 1294 2645 in
1316 2594 1501 2646 eadem
1523 2593 1786 2662 epistola:
1821 2585 1935 2645 «Si
1968 2592 2090 2661 quis

542 2683 804 2751 objecerit
833 2697 936 2735 non
971 2682 1427 2747 consecrationes,
1453 2683 1543 2736 sed
1580 2697 1666 2736 res
1692 2683 1836 2751 ipsas
1866 2697 1987 2751 quae
2024 2696 2089 2735 ex

542 2772 948 2826 consecratione
1007 2772 1347 2841 proveniunt,
1393 2772 1569 2836 vendi,
1611 2772 1820 2826 videtur
1874 2772 2086 2841 quidem

543 2862 744 2931 aliquid
785 2863 984 2926 dicere,
1020 2862 1154 2916 nihil
1200 2872 1380 2916 autem
1430 2863 1644 2931 penitus
1692 2862 1910 2916 sentire.
1955 2859 2087 2915 Nam

546 2966 670 3004 cum
703 2951 998 3018 corporalis
1022 2950 1274 3017 Ecclesia:
1305 2960 1400 3005 aut
1430 2952 1739 3021 episcopus,
1770 2961 1865 3005 aut
1901 2953 2089 3015 abbas,

546 3049 641 3094 aut
668 3040 805 3094 alius
826 3039 1020 3109 aliquis
1041 3041 1157 3095 sine
1187 3041 1345 3095 rebus
1379 3042 1748 3111 corporalibus
1771 3050 1824 3094 et
1862 3041 2092 3096 exterio—
2119 3038 2123 3113 ς

2184 2418 2321 2467 sam,
2383 2401 2714 2472 Stephanum
2768 2398 2985 2457 natione
3047 2401 3308 2468 Siculum,
3355 2405 3750 2460 ecclesiasticis

2185 2488 2574 2545 traditionibus
2607 2491 2899 2556 eruditum,
2950 2491 3230 2560 impetrato
3271 2493 3397 2546 deri
3435 2509 3500 2548 ac
3557 2495 3748 2563 p0puli

2185 2593 2475 2644 consensu,
2503 2578 2859 2634 Constantino
2908 2579 3172 2648 deposito,
3220 2578 3549 2648 Stephanum
3597 2582 3750 2635 illius

2186 2665 2421 2720 nominis
2455 2663 2520 2718 III
2559 2663 2807 2736 [BAnon.,
2833 2664 3015 2734 Steph.
3047 2663 3146 2737 IV]
3185 2682 3378 2736 papam
3415 2666 3748 2737 XCV,'apo-

2186 2755 2360 2810 stolici
2380 2753 2548 2824 apicis
2575 2753 2976 2808 consecratione
3010 2753 3451 2808 sublimavcrunt.

2257 2867 2354 2922 llic
2374 2882 2497 2928 mox
2526 2866 2745 2924 directis
2766 2865 2958 2936 legatis
2983 2865 3050 2922 ad
3091 2881 3242 2937 reges
3265 2865 3524 2922 Francia:
3571 2854 3750 2921 Caro-

2189 2957 2300 3010 lum
2340 2965 2396 3010 ct
2439 2955 2913 3019 Carolomannum,
2942 2956 3036 3022 qui
3061 2955 3334 3037 defuncto
3381 2973 3555 3026 nuper
3601 2959 3748 3027 patri

2188 3043 2378 3112 Pipino
2411 3051 2801 3118 successerant,
2851 3039 3299 3098 eorum'asseusu
3339 3060 3416 3100 xu
3459 3045 3750 3115 episcopos

547 3130 698 3184 ribus
725 3130 780 3182 in
811 3131 956 3185 nullo
997 3130 1260 3199 proﬁciat,
1289 3130 1431 3185 sicut
1463 3146 1562 3185 nec
1602 3131 1779 3185 anima
1813 3131 1929 3186 sine
1966 3134 2089 3187 cor-
2119 3157 2170 3214 ε,
2191 3132 2566 3203 probabilioris
2608 3132 2729 3185 vitae
2751 3140 2806 3186 et
2831 3131 3069 3186 scientia:
3089 3131 3398 3202 insignioris
3420 3134 3488 3187 de
3514 3132 3748 3188 Francia

547 3234 678 3288 pore
722 3221 1086 3288 temporaliter
1131 3221 1281 3287 vivit,
1330 3222 1578 3291 quisquis
1635 3237 1822 3277 eorum
1868 3223 2093 3277 alterum

551 3308 751 3372 vendit,
779 3308 894 3362 sine
923 3323 1032 3377 quo
1053 3311 1278 3364 alterum
1311 3310 1496 3364 haberi
1533 3327 1639 3365 non
1667 3313 1932 3381 provenit,
1958 3328 2094 3368 nen-

550 3402 692 3470 trum
720 3409 827 3448 non
851 3395 1119 3449 venditum
1145 3395 1480 3465 derelinquit.
1522 3416 1540 3448 ι

617 3483 755 3549 Quid
779 3485 923 3553 quod
942 3486 1101 3543 etiam
1121 3486 1283 3540 missa
1309 3503 1338 3540 a
1354 3488 1548 3542 talibus
1566 3498 1796 3557 nequeat
1816 3489 2093 3556 celebrari,

550 3573 789 3632 declarat
812 3573 1028 3641 quidem
1068 3574 1122 3627 in
1161 3575 1346 3630 eadem
1375 3593 1389 3628 :
1421 3594 1440 3626 ‹
1486 3574 1738 3645 Nunquid
1785 3577 2096 3632 maledictus

552 3681 651 3720 sua
696 3666 1062 3728 benedictione
1105 3682 1295 3734 panem
1334 3667 1389 3721 in
1418 3667 1616 3722 Christi
1650 3668 1834 3739 (1061)
1879 3685 2093 3723 carnem

553 3753 750 3824 poterit
773 3761 999 3818 vertere,
1027 3755 1259 3807 maxime
1310 3770 1432 3808 cum
1465 3755 1742 3824 quidquid
1770 3757 2100 3810 benedixcrit

553 3843 813 3896 Dominus
837 3856 895 3896 se
929 3842 1336 3897 maledicturum
1365 3843 1592 3897 asserit?
1616 3864 1632 3894 ι
1660 3843 1725 3897 Ει
1753 3853 1876 3913 post
1896 3861 2094 3914 pauca:

475 4000 478 4004 .
561 3953 579 3985 ι
613 3934 670 3987 Si
708 3933 940 3987 haeretici
976 3933 1280 3987 sacerdotes
1311 3927 1468 3987 voces
1510 3933 1941 3988 exhortationum
1993 3951 2098 3989 non

553 4031 780 4092 pomum
827 4022 951 4088 fari,
1005 4024 1277 4092 quomodo
1323 4022 1547 4077 valeant
1577 4021 1760 4079 vinum
1808 4023 1863 4077 in
1900 4021 2100 4078 Christi
2139 4028 2142 4032 ’

553 4125 802 4164 cruorem
847 4112 1083 4165 vertere?
1109 4110 1177 4164 Et
1223 4111 1269 4165 si
1309 4109 1568 4167 Dominus
1607 4111 1854 4181 praecepit
1899 4129 2101 4183 nequa-

557 4214 721 4267 quam
755 4199 874 4253 dari
913 4199 1219 4264 homicidis,
1242 4199 1519 4265 adulteris,
1550 4202 1833 4270 rapacibus
1866 4210 1922 4256 et
1943 4198 2094 4257 caete-

471 4307 492 4362 χ
519 4327 522 4331 1
548 4289 635 4360 ris
658 4289 1026 4343 criminalibus
1047 4290 1279 4358 peccatis
1312 4288 1552 4354 irretitis,
1574 4285 1769 4360 eorpns
1805 4301 1857 4346 ct
1884 4278 2102 4362 sangui-

560 4390 873 4430 nem-suum
903 4392 1077 4446 usque
1111 4377 1176 4431 ad
1217 4376 1654 4443 satisfactionem,
1687 4380 1956 4448 quomodo
1990 4380 2100 4448 ipse

2192 3221 2422 3278 adscivit
2446 3221 2659 3290 (l063);
2687 3220 3066 3289 advocatisque
3085 3220 3307 3289 insuper
3330 3220 3558 3290 Apuliae,
3580 3221 3750 3276 Cam-

2191 3312 2381 3381 paniae,
2403 3310 2565 3364 Italiae
2587 3309 2928 3378 praesulibus,
2954 3309 3214 3378 synodum
3235 3306 3493 3365 Romaein
3515 3312 3748 3365 ecclesia

2196 3399 2488 3454 Salvatoris
2507 3396 2912 3456 celebravit.-Ibi
2953 3397 3133 3452 omnia
3160 3397 3500 3454 Constantini
3544 3409 3749 3455 statuta

2193 3505 2254 3544 ex
2281 3487 2550 3543 communi
2569 3487 2773 3554 judicio
2801 3487 3142 3554 scinduntur,
3171 3490 3371 3563 scripta
3393 3491 3512 3560 ejus
3540 3491 3594 3543 in
3617 3506 3748 3560 prae-

2194 3580 2330 3633 senti
2358 3577 2750 3632 comburuntur
2773 3617 2787 3630 .
2808 3575 2936 3653 .lpse
2965 3577 3269 3647 Stephanus
3291 3595 3428 3648 papa
3447 3595 3572 3642 cum
3602 3581 3748 3633 clero

2193 3675 2496 3737 prostratus
2521 3666 2770 3734 paenituit
2793 3653 2852 3718 se
2877 3681 3116 3734 unquam
3141 3681 3294 3735 papas
3319 3667 3591 3736 neopbyto
3616 3667 3748 3721 obc-

2195 3757 2358 3829 disse,
2383 3769 2442 3808 se
2469 3754 2535 3808 de
2557 3754 2810 3808 manibus
2838 3753 2956 3821 ejus
2993 3754 3426 3807 communionem
3451 3756 3742 3824 accepisse.

2197 3843 2478 3898 Decretum
2503 3850 2587 3896 est
2613 3831 2777 3911 igitur
2805 3841 2861 3895 in
2899 3841 3128 3895 concilio
3166 3842 3354 3902 eodem
3386 3842 3489 3896 sub
3517 3843 3748 3896 anathe-

2169 3935 2175 3939 '
2198 3931 2360 3986 matis
2384 3931 2597 3986 vinculo
2619 3930 2824 3984 nullum
2847 3928 3042 3986 dehinc
3073 3930 3401 4000 neophytum
3422 3931 3490 3987 ad
3529 3933 3746 4002 episco-

2196 4021 2368 4092 palem
2392 4021 2628 4091 aspirare
2654 4022 2878 4090 apicem.
2905 4021 2980 4077 De
3002 4022 3265 4092 episcOpis
3285 4031 3488 4091 autem,
3515 4025 3746 4096 presby-

2197 4111 2328 4165 teris
2381 4118 2435 4164 et
2473 4111 2680 4165 caeteris
2727 4123 2865 4179 quos
2907 4108 3093 4164 infelix
3117 4110 3512 4166 Constantinus
3552 4123 3748 4167 conse-

2198 4199 2397 4254 crando
2420 4198 2779 4264 ordinaverat,
2824 4206 3085 4253 statutum
3131 4207 3217 4254 est
3259 4207 3320 4252 ut
3357 4214 3546 4254 omnes
3575 4201 3748 4254 eccle-

2197 4287 2448 4358 siasticis,
2475 4301 2612 4359 quos
2647 4301 2741 4355 per
2763 4301 2888 4356 eum
2932 4286 3035 4340 sibi
3066 4277 3490 4351 viudicaverant,
3522 4286 3746 4340 honori—

2200 4375 2301 4442 bus
2328 4366 2631 4445 exspoli‘ati,
2651 4375 3034 4430 descenderent
3053 4375 3121 4440 ad
3145 4375 3290 4430 solos
3319 4375 3438 4429 illos
3458 4375 3660 4444 gradus
3691 4375 3745 4428 in

559 4461 710 4514 dabit
731 4464 1083 4520 sacerdotium
1104 4467 1386 4533 usurpanti
1418 4481 1513 4536 per
1539 4467 1898 4523 Simoniacam
1925 4469 2094 4523 bzere-
2129 4454 2394 4534 unibus
2439 4465 2810 4530 constiterant,
2850 4465 3165 4534 priusquam
3211 4463 3282 4517 ab
3324 4475 3392 4515 eo
3436 4461 3502 4514 ad
3555 4460 3744 4514 altiora

536 4549 664 4608 {sim
702 4547 898 4617 ubique
921 4547 1259 4602 damnatam?
1287 4548 1309 4600 ὸ

628 4635 903 4702 Quantum
928 4643 1117 4689 noceat
1145 4636 1336 4706 audita.
1355 4623 1552 4692 eorum
1590 4641 1778 4704 missa,
1805 4641 1928 4695 audi
1949 4657 2100 4695 eum-

560 4725 681 4780 dem
709 4743 722 4778 :
761 4743 780 4774 ‹
813 4722 948 4778 Cum
983 4737 1110 4792 ergo
1139 4723 1272 4777 tales
1299 4723 1600 4792 episcopos,
1626 4725 1709 4777 vel
1750 4727 1990 4792 abbates,
2018 4728 2101 4781 vel

563 4815 799 4882 reiiquos
823 4812 1044 4868 clericos
1070 4827 1177 4880 non
1222 4812 1542 4877 devitamus,
1584 4812 1631 4866 si
1675 4826 1862 4865 eorum
1911 4813 2104 4868 missas

565 4895 864 4963 aniiamus,
889 4899 968 4952 vel
982 4913 1103 4959 cum
1125 4897 1204 4952 eis
1236 4913 1474 4961 oramus,
1495 4897 2104 4951 excommunicationem

568 5001 692 5040 cum
721 4985 809 5038 eis
833 4986 1131 5041 subimus-
1169 4987 1318 5052 Quos
1365 4987 1581 5056 quidem
1624 4987 1941 5041 sacerdotes
1969 4974 2108 5041 esse

568 5074 754 5128 saltem
811 5060 1024 5127 credere
1081 5077 1300 5130 omnino
1355 5090 1538 5133 errare
1580 5083 1692 5144 est,
1737 5092 1859 5131 cum
1915 5075 2107 5131 Petrus

565 5206 719 5280 enim
736 5203 837 5258 viri
857 5202 1279 5280 religiosissimi.
1303 5215 1566 5280 asserunt
1592 5207 1685 5275 qui
1723 5223 1788 5280 ex
1829 5209 2105 5280 discipulis

472 5309 474 5311 ›
567 5275 809 5342 ejusdem
838 5271 1242 5342 diligentissime
1272 5271 1699 5342 explorayerufigt.
1729 5271 1990 5331 Praeterea
2019 5293 2105 5331 ea-

569 5337 689 5395 dem
712 5337 1436 5410 epistola'interBomanor.
1477 5337 1687 5410 Pontif._
1720 5342 1930 5410 decreta
1970 5360 2103 5399 nus-
2156 5384 2158 5386 τ

567 5424 731 5490 quam
744 5404 978 5490 '"scripta
1009 5407 1294 5490 reperitur:
1345 5404 1463 5490 Non
1491 5409 1635 5475 ergo
1675 5407 1829 5462 beato
1879 5409 2103 5482 August.

571 5475 915 5598 ﬁrmitudicare
933 5475 1128 5556 poterit
1146 5476 1199 5530 in
1222 5475 1420 5556 aliquo.

641 5545 660 5598 (
696 5544 821 5598 030)
849 5544 1020 5598 Huius
1053 5545 1283 5598 modern:
1308 5544 1420 5598 dom

2200 4543 2433 4622 provecti
2455 4551 2688 4606 fuerant.
2717 4552 2775 4606 Si
2794 4567 2933 4627 quos
2954 4559 3147 4612 tamen,
3185 4565 3252 4605 ex
3294 4549 3402 4620 illis
3437 4547 3541 4602 sub
3568 4548 3744 4602 modio

2200 4640 2426 4697 latentes
2452 4641 2830 4696 candelabrum
2873 4639 3093 4710 (Matth.
3116 4638 3171 4706 v)
3192 4635 3444 4691 Ecclesia:
3461 4635 3565 4690 sibi
3588 4651 3746 4706 super

2185 4727 2550 4798 imponendos
2579 4729 2760 4799 (1064)
2802 4733 3133 4796 exposceret,
3169 4723 3271 4794 ipsi
3304 4739 3338 4778 a
3377 4723 3520 4778 clero
3549 4733 3610 4779 et
3648 4738 3743 4794 po-

2174 4816 2329 4884 .pulo
2349 4817 2542 4872 iterum
2566 4817 2740 4902 electi,
2780 4816 2972 4870 iterum
2999 4811 3156 4882 quasi
3201 4827 3308 4867 non
3345 4819 3502 4866 antea
3527 4826 3561 4866 a
3605 4811 3746 4867 Con-

2170 4906 2442 4960 stantino
2457 4953 2478 4979 κ
2491 4921 2627 4974 papa
2673 4903 3008 4970 consecrati,
3060 4903 3361 4974 depositum
3411 4910 3652 4968 tantum,
3694 4907 3745 4953 et

2206 5006 2482 5060 nunquam
2508 4992 2750 5045 altiorem
2793 4998 3066 5047 merentur
3094 4983 3372 5046 honorem
3405 4989 3482 5044 De
3512 4988 3604 5042 his
3643 4997 3743 5039 au-

2206 5084 2332 5143 tem,
2359 5077 2408 5131 si
2434 5077 2528 5146 qui
2553 5092 2648 5147 per
2681 5092 2805 5146 eum
2836 5077 2902 5132 de
2927 5078 3082 5134 laicis
3105 5077 3160 5156 in
3186 5069 3618 5156 presbytératnm
3637 5072 3742 5127 sive

2257 5186 2820 5328 ⁹(1051)Ρβεειιόριιειὲλη
2855 5207 2943 5263 hic
2959 5205 3134 5288 factus
3160 5215 3265 5270 est,
3288 5219 3378 5258 an.
3393 5181 3600 5256 Christi
3625 5200 3737 5256 767.

2257 5291 2272 5328 I
2307 5289 2338 5328 e
2368 5274 2593 5328 Panvm.
2623 5276 2716 5328 hb.
2777 5291 2808 5328 e
2830 5274 3090 5328 nontif.et
3114 5273 3284 5328 Casa
3311 5270 3458 5328 Rara.
3493 5278 3630 5327 tom.
3651 5266 3736 5325 Il.

2206 5266 2593 5345 Vide‘Pa'nvin.
2623 5266 2716 5345 lib.
2743 5266 2808 5330 de
2830 5266 3458 5345 pontif.e_t‘Czs.'_;_I}ar.,
3493 5278 3630 5327 tom.
3651 5266 3736 5325 Il.

2480 5342 2627 5412 Lege
2646 5336 2863 5412 Baros...
2887 5342 3030 5412 anno
3051 5336 3152 5393 768
3175 5347 3231 5392 et
3254 5336 3374 5392 789.

2209 5493 2263 5530 re
2285 5471 2464 5541 tinea,
2499 5495 2560 5532 ne
2585 5495 2644 5532 eo
2663 5471 3120 5546 αβνὰιαιρζεεῇαηι
3137 5490 3309 5542 οωηει
3330 5491 3363 5527 α
3389 5471 3449 5546 s3

696 5515 1959 5622 δξὸῖὲηῖῖιθῐέιςδᾷῖνῑι·ξῖξξδιηαείειιεεεηέεηηαιη
1985 5545 2111 5622 οφ.
2209 5515 3738 5622 ξς,,ῑξξέῑῑιξοιῑιξιῑεῑξίξεῖθῑᾱνῑῇιρῑ·;εῖξῖιῖιῖςῑέέῑέςτιῖμῖξ

575 5610 888 5684 ιςιεθαηιω.
922 5610 1089 5684 Usque
1123 5613 1248 5684 duAm
1281 5611 1578 5681 diligentius
1609 5610 1945 5684 SS.Patrni__n
1974 5613 2109 5666 scita

578 5679 637 5731 ιε
656 5677 992 5759 sacramentis
1006 5677 1397 5750 investigemus.
1766 5704 1769 5706 -
1850 5726 1852 5728 ,
1874 5677 1922 5697 ’³⁸

2212 5610 2512 5690 ηερρΙιμηιε,
2541 5621 2726 5690 ᾳιροεε,
2742 5612 2797 5662 in
2822 5609 3708 5690 depositioneconsicrg!

2212 5678 2279 5730 ad
2303 5677 2676 5762 episcopatum,
2707 5679 2800 5731 hoc
2826 5677 2902 5732 est
2921 5686 3099 5732 octavo
3120 5677 3234 5750 post
3263 5679 3581 5750 baptisma
3607 5677 3716 5732 dia.

2304 5345 2437 5395 1052
2488 5345 2627 5412 Lege
2646 5345 2863 5407 Baron.,
2887 5355 3030 5403 anno
3051 5345 3152 5393 768
3175 5347 3231 5392 et
3254 5345 3374 5392 769.

2304 5345 2623 5480 10523181υὰ
2645 5411 2954 5480 exemplum,
2975 5410 3031 5480 εἰΔ
3051 5416 3221 5459 tam
3239 5415 3317 5459 est
3340 5406 3739 5480 verum-{aug-
3765 5403 3776 5415 '

3391 5854 3928 6344 Α
