3956 6392
527 510 668 568 1163

1496 487 1585 550 AD
1617 490 1826 549 orsa:
1882 488 1938 544 s.
1979 468 2157 543 cast“
2174 484 2299 539 ann
2336 481 2773 538 ammonens.

3615 472 3755 528 “Ci

520 601 735 667 vestiri,
766 606 819 654 et
844 611 999 653 suam
1021 561 1261 665 ipsorum
1284 587 1731 658 proscriptionem
1762 587 2089 653 presentare
2114 579 2162 635 Α
2185 574 2524 640 innocentiae,
2546 582 2683 628 teste
2712 587 2789 634 se,
2827 569 3131 624 absolutum
3158 567 3259 622 sibi
3284 564 3628 637 polliceatur,
3653 581 3758 621 au-

523 696 581 748 in
604 693 812 755 charta,
837 688 955 742 haec
994 684 1160 739 verba
1210 677 1505 734 continenti
1530 693 1545 729 τ
1574 674 1739 728 Pater
1770 686 1912 724 mur
1952 666 2086 721 nihil

524 783 629 839 sibi
658 779 862 843 habuit,
900 771 1034 829 nihil
1061 771 1189 826 mihi
1213 765 1478 845 deditaEt
1508 764 1588 820 sic
1619 759 1848 832 depositi
1874 772 2085 812 reman-

522 877 716 931 terunt
765 867 824 922 in
858 864 967 919 illis
1010 860 1265 931 gradibus
1291 871 1429 927 quos
1465 854 1766 908 habuerant
1797 857 2085 917 antequam

526 975 562 1015 ι
584 960 766 1014 Leone
791 952 1024 1026 promoti
1045 949 1277 1011 fuerant,
1301 946 1490 1001 eadem
1518 942 1747 1006 ratione,
1778 942 1964 994 eadem
1989 950 2088 991 au-

527 1049 780 1105 ctoritate
812 1058 917 1114 qua
951 1051 1007 1096 et
1039 1040 1114 1093 illi
1136 1052 1273 1107 quos
1304 1050 1468 1105 supra
1490 1033 1726 1088 diximus
1758 1044 1790 1084 a
1819 1028 2090 1082 Constan-

528 1142 646 1196 tino
670 1120 968 1205 neopbytos
989 1138 1285 1202 promotos.
2048 1120 2051 1127 ’

556 1218 559 1221 ’
598 1226 671 1281 Ut
694 1226 855 1283 etiam
877 1222 1020 1278 scias
1047 1234 1154 1274 non
1177 1226 1387 1271 tantum
1412 1231 1443 1269 a
1471 1210 1814 1271 Simoniacis,
1831 1222 1942 1261 non
1969 1214 2091 1260 tan-

529 1328 666 1382 tum,
698 1314 843 1386 quod
881 1313 1064 1367 minus
1117 1316 1220 1373 est,
1270 1322 1301 1360 a
1339 1303 1650 1374 neophytis,
1690 1300 1786 1355 sed
1823 1299 1987 1386 etiam
2022 1296 2091 1349 ab

531 1408 653 1462 aliis
681 1376 988 1471 inordinate
1030 1398 1293 1471 promotis
1335 1411 1443 1450 non
1479 1406 1639 1464 posse
1672 1390 1866 1446 conﬁci
1890 1376 2089 1442 .sacra-

532 1503 714 1549 menta
737 1462 1010 1554 Ecclesia},
1030 1462 1275 1543 referam
1313 1483 1456 1555 quod
1482 1462 1708 1549 contigit
1734 1477 1874 1547 apud
1909 1490 2093 1531 sacro-

490 1599 493 1604 ‘
532 1588 776 1636 sanctam
820 1576 1406 1631 Hildenesbeimensem
1437 1570 1735 1625 Ecclesiam
1772 1566 1976 1636 (1042),
2004 1565 2092 1619 cui

533 1684 635 1738 ego
674 1665 1084 1738 indignissimus
1117 1677 1264 1717 nunc
1303 1660 1510 1727 servio,
1553 1659 1599 1713 si
1643 1672 1753 1711 non
1798 1655 2090 1719 fructuose,

534 1750 717 1812 tamen
765 1756 986 1819 devote;
1041 1753 1086 1807 si
1129 1768 1236 1805 non
1274 1750 1501 1815 utiliter,
1540 1755 1718 1801 tamen
1757 1743 2008 1811 ﬁdelitér;
2048 1743 2093 1799 si

536 1861 667 1909 non,
697 1853 758 1898 ut
783 1844 971 1907 debeo,
1006 1849 1182 1895 tamen
1208 1848 1267 1893 ut
1284 1824 1492 1907 potero.

2184 665 2298 719 diat
2314 664 2589 718 decretum
2611 659 3052 731 Carthaginensis
3074 657 3288 711 concilii
3313 673 3325 708 :
3359 675 3379 708 σ
3405 655 3509 723 Qui
3531 670 3759 710 excom-

2184 753 2493 808 municatus
2527 750 2689 805 fuerit
2729 764 2834 818 pro
2863 764 2963 802 suo
2991 748 3257 817 neglectu,
3307 748 3423 802 sive
3461 748 3760 817 episcopus

2186 846 2299 901 sive
2318 844 2543 915 quilibet
2568 842 2821 904 clericus,
2840 847 2896 894 et
2918 847 3159 906 tempore
3179 836 3762 892 excommunicationi;

2186 940 2300 990 sum
2352 942 2476 989 ante
2504 931 2831 1009 audientiam
2853 927 3291 984 commotionem
3325 925 3762 995 praesumpserit,

2187 1023 2302 1092 ipse
2328 1023 2385 1076 in
2412 1036 2472 1076 se
2505 1017 2872 1075 damnationis
2907 1016 3179 1085 iudicetur
3209 1015 3501 1083 protulisse
3533 1022 3706 1067 sentei
3751 1041 3763 1049 -

2187 1112 2336 1167 tiam.
2377 1130 2397 1162 ι
2431 1109 2500 1164 Et
2537 1109 2668 1163 illud
2704 1105 3044 1161 Sardicensis
3073 1104 3288 1159 concilii
3325 1122 3339 1157 :
3369 1122 3388 1153 ι
3428 1101 3765 1169 Priusquam

2188 1200 2370 1257 omnia
2407 1200 2695 1270 diligenter
2724 1205 2779 1251 et
2825 1196 3051 1250 ﬁdeliter
3083 1193 3479 1256 examinentur,
3507 1204 3632 1245 eum
3662 1188 3764 1258 qui

2188 1288 2366 1341 fuerat
2408 1284 2859 1343 a'communione
2906 1290 3188 1351 separatus
3222 1288 3345 1334 ante
3386 1279 3766 1348 cognitionem

2189 1377 2369 1441 nullus
2384 1376 2543 1431 debet
2565 1388 2911 1444 praesumere,
2934 1380 2995 1426 ut
3020 1386 3144 1425 eum
3160 1369 3528 1425 communioni
3552 1368 3763 1423 societ.

2192 1465 2421 1538 (Concil.
2452 1463 2762 1519 Sardiceme
2783 1462 2943 1529 xvii.)
2976 1480 2995 1511 ι

2262 1555 2440 1625 Agens
2476 1569 2577 1623 ego
2612 1555 2679 1608 de
2721 1552 2973 1622 synodis,
3010 1551 3193 1619 legens
3233 1563 3331 1618 ego
3372 1548 3518 1601 illam
3548 1546 3771 1625 Leonis

2192 1621 2375 1714 (1011)
2397 1621 2661 1715 synodum
2679 1621 2924 1695 vocatam
2948 1654 3055 1693 non
3074 1637 3358 1709 synodum,
3376 1636 3470 1690 sed
3487 1621 3770 1703 prostibu-

2192 1733 2303 1786 lum
2318 1730 2503 1786 favens
2515 1729 2905 1794 adulteris,non
2921 1740 3141 1794 possum
3160 1739 3265 1777 non
3280 1722 3552 1777 recordari
3565 1720 3771 1790 synodi

2192 1828 2406 1884 vestrae,
2435 1834 2558 1886 quae
2587 1818 2642 1870 in
2677 1815 2948 1884 praeterito
2983 1826 3127 1865 anno
3156 1810 3335 1880 (1045)
3363 1826 3392 1862 a
3430 1809 3607 1862 tribus
3634 1807 3768 1860 mil-

609 1896 803 1989 i
830 1896 943 1985 Eho
958 1896 1257 1983 ’Remensis
1281 1896 1566 1996 episcOpus
1587 1938 1869 1979 assensum
1895 1922 2096 1975 Lotha--

2206 1910 2337 1963 libus
2357 1923 2421 1962 ac
2443 1907 2715 1961 sexcentis
2746 1905 2884 1957 inter
2921 1902 3264 1971 presbyteros
3291 1908 3346 1953 et
3365 1900 3608 1966 reliquos
3639 1912 3783 1967 gra—.

538 2021 621 2076 rio
646 2018 890 2090 praebuit,
929 2032 1053 2071 cum
1098 2030 1303 2085 patrem
1348 2029 1506 2067 suum
1548 2011 1879 2065 Ludovicum
1918 2009 2094 2079 Magni

536 2109 718 2162 Caroli
750 2108 919 2162 tilium
948 2119 1116 2174 regno
1152 2103 1398 2172 privavit.
1420 2100 1692 2154 Ludovico
1714 2108 1892 2152 autem
1910 2112 2009 2166 ope
2030 2097 2095 2151 ii-

539 2198 737 2251 liorum
754 2210 997 2258 suorum,
1021 2192 1235 2261 Pippini
1265 2190 1472 2244 scilicet
1494 2198 1547 2243 et
1558 2188 1838 2252 Ludovici,
1864 2201 2095 2255 quorum

537 2286 690 2355 prior
717 2285 827 2337 dux
872 2281 1211 2351 Aquitaniae;
1249 2280 1384 2333 alter
1419 2278 1527 2331 dux
1561 2285 1677 2330 erat
1722 2276 2001 2344 Bajoariae,
2044 2276 2098 2328 in

528 2388 765 2439 regnum
798 2379 1031 2438 recepto,
1066 2368 1304 2439 synodus
1340 2366 1630 2435 colligitur.
1678 2363 1791 2417 Eho
1826 2364 2101 2432 depositus

540 2459 961 2514 Hildcncsheimi
1012 2460 1294 2527 relegatur.
1347 2454 1610 2510 Defuncto
1655 2455 1850 2507 iterum
1899 2452 2102 2523 Regin-

526 2550 698 2604 vberto
725 2544 1270 2601 Hildenesheimeusis
1298 2543 1552 2597 Ecclesia:
1571 2542 1825 2610 episcopo
1841 2540 2101 2603 secundo,

544 2637 837 2705 imperator
864 2634 1099 2687 Ebonem
1122 2629 1473 2684 humanitatis
1499 2629 1681 2697 potius
1698 2642 1861 2697 quam
1882 2625 2108 2695 iustitia:

542 2735 793 2796 respectu
820 2724 995 2779 eidem
1022 2722 1136 2777 sedi
1161 2730 1288 2775 tunc
1313 2722 1527 2774 tertium
1544 2718 1803 2789 praefecit.
1829 2717 1920 2771 Ille
1943 2717 2108 2771 miser

538 2814 903 2881 exepiscopus
916 2810 1170 2864 Ecclesiae
1193 2816 1530 2864 sacramenta
1546 2805 1841 2876 episcopali
1852 2820 2108 2859 concessa

531 2902 791 2981 dignitati
810 2900 1037 2954 stolidus
1058 2897 1162 2951 sibi
1188 2912 1286 2965 per
1305 2896 1588 2951 duodecim
1605 2910 1778 2947 annos
1806 2894 2105 2960 usurpavit.

547 2990 670 3064 Quo
682 2990 957 3045 hominem
970 2996 1151 3053 exuto,
1169 3001 1451 3040 successor
1466 2985 1586 3053 ejus
1604 2983 1846 3037 Alfridus
1864 2982 2111 3047 clericos,

548 3079 787 3148 acceptis
803 3077 871 3131 ab
890 3084 1233 3130 antecessore
1255 3088 1355 3128 suo
1377 3073 1679 3137 ordinibus,
1701 3087 1766 3126 ex
1797 3070 2115 3125 auctoritate

546 3167 846 3238 apostolica
871 3206 889 3232 ,
935 3172 1176 3228 exuerat,
1226 3165 1485 3217 ecclesias
1535 3164 1715 3216 denuo
1754 3160 2112 3227 dedicaverat,

2195 1999 2320 2062 dus,
2360 1995 2763 2058 ecclesiasticis,
2817 2002 2878 2045 ut
2923 1992 3115 2055 audio,
3168 1989 3309 2057 apud
3356 2003 3453 2042 vos
3496 1988 3771 2051 collectis,

2195 2102 2359 2158 quam
2385 2100 2583 2154 parum
2634 2098 2747 2137 suae
2786 2079 3107 2150 professioni
3155 2076 3452 2147 prospexit,
3496 2091 3625 2128 ευειι
3668 2077 3773 2127 de-

2195 2176 2357 2230 cretis
2380 2173 2607 2228 Nicaznte
2627 2171 2819 2243 synodi
2850 2169 3036 2224 nescio
3062 2182 3170 2237 qua
3203 2165 3380 2221 Ironte
3410 2165 3776 2219 contradixit.

2199 2266 2258 2319 Si
2302 2262 2801 2331 circumspicientes
2852 2259 3075 2312 animati
3141 2264 3270 2311 sunt
3317 2256 3384 2310 de
3428 2254 3781 2310 circumfuso

2197 2362 2408 2408 tantum
2434 2347 2518 2406 sui
2534 2363 2759 2404 numero
2784 2349 3022 2418 legerent
3046 2346 3101 2399 in
3124 2345 3352 2399 decretis
3374 2345 3519 2398 sedis
3544 2352 3778 2411 apostuc

2199 2444 2317 2497 lica:
2344 2456 2465 2510 quae
2484 2429 2714 2492 Romani
2742 2437 2942 2499 clerici,
2964 2434 3154 2489 Joanni
3174 2435 3483 2504 presbytero
3504 2434 3597 2487 sed
3622 2434 3778 2488 schi-

2202 2532 2449 2597 smatico,
2478 2529 2808 2591 direxerant,
2849 2535 2976 2579 tunc
3021 2524 3279 2593 temporis
3319 2523 3527 2593 (1040),
3547 2525 3780 2591 quando

2205 2621 2430 2692 Vigilius
2456 2635 2521 2673 ex
2556 2618 2853 2687 apostolico
2884 2618 2939 2670 in
2970 2616 3218 2669 haeresim
3254 2615 3461 2683 lapsus,
3489 2613 3776 2668 Constan-

2204 2711 2426 2779 tinopoli
2451 2710 2747 2763 tenebatur.
2786 2707 2843 2760 lu
2876 2706 2983 2771 his,
3010 2706 3254 2774 inquam,
3278 2704 3509 2758 decretis
3550 2704 3722 2759 hodie
3746 2720 3779 2758 a

2176 2828 2181 2829 ν
2206 2800 2445 2855 Romana
2475 2798 2709 2852 Ecclesia
2743 2797 2881 2850 inter
2898 2796 3193 2849 catholicas
3218 2795 3432 2864 regulas
3457 2794 3666 2849 habitis
3698 2795 3781 2848 le-

2207 2899 2430 2960 gerent:
2472 2908 2491 2940 ‹
2516 2888 2669 2955 Quod
2697 2888 2742 2941 si
2765 2900 2954 2939 omnes
2983 2884 3310 2949 sacerdotes,
3330 2892 3385 2937 et
3412 2884 3657 2936 mundus
3684 2899 3781 2936 as-

2179 3022 2183 3025 τ
2208 2980 2426 3043 sentiat,
2452 2977 2727 3032 damnatio
2758 2974 3154 3027 consentientes
3176 2973 3418 3037 involvit,
3434 2989 3543 3027 non
3565 2985 3785 3040 praeva-

2210 3068 2525 3123 ricationem
2556 3079 2814 3120 assensus
2836 3062 3084 3117 absolvit.
3115 3060 3237 3115 Non
3263 3063 3407 3116 enim
3434 3064 3648 3116 crimen
3677 3063 3786 3115 mi-

2216 3159 2421 3222 nuitur,
2444 3156 2538 3210 sed
2560 3152 2851 3218 accrescit;
2877 3158 3085 3217 contra,
3106 3152 3351 3221 generale
3373 3151 3507 3205 ﬁtex
3538 3134 3783 3218 privato.

540 3235 733 3315 omnia
758 3257 823 3311 de
850 3254 1207 3311 sacramentis
1243 3252 1496 3307 Ecclesiae
1525 3252 1593 3305 ab
1619 3267 1683 3304 eo
1711 3260 1880 3321 gesta,
1916 3260 2110 3319 praeter
2134 3235 2177 3289 ο
2208 3248 2320 3303 Hoc
2340 3248 2484 3302 enim
2508 3245 2769 3299 Dominus
2786 3243 3027 3296 omnium
3046 3241 3326 3310 judicavit,
3345 3242 3440 3310 qui
3460 3250 3783 3309 peccantem

548 3349 727 3404 solum
762 3345 1049 3414 baptisma,
1080 3343 1233 3412 juxta
1269 3342 1480 3396 decreta
1529 3338 1764 3408 praedicti
1794 3352 1945 3407 papae
1989 3338 2111 3392 Ste-

548 3438 719 3510 phani
751 3434 1175 3489 annihilaverat.
1234 3431 1371 3485 Ecce
1430 3446 1594 3500 quam
1646 3428 1946 3510 periculose
2004 3428 2107 3481 sibi

549 3508 821 3594 usurpant
843 3523 1099 3577 Ecclesiae
1130 3521 1223 3590 qui
1255 3529 1435 3574 tamen
1470 3535 1578 3572 non
1612 3508 1905 3571 coniiciunt
1929 3532 2110 3570 sacta-

554 3621 757 3676 menta,
786 3626 924 3680 quos
944 3611 1323 3664 ecclesiasticae
1351 3608 1629 3677 dignitatis
1652 3614 2110 3674 praesumptuosos

554 3710 799 3770 raptores
834 3699 1214 3767 apostolicum,
1247 3705 1312 3750 .et
1356 3695 1571 3763 ligando
1612 3695 1851 3759 damnat,
1873 3702 1927 3746 et
1954 3694 2109 3747 dam-

555 3789 736 3844 nando
766 3787 895 3857 ligat
923 3787 1231 3840 anathema.

625 3876 878 3932 Restaret
895 3875 1029 3929 mihi
1044 3874 1272 3943 probare
1290 3873 1355 3927 de
1378 3871 1588 3940 publice
1599 3870 2109 3937 excommunicatis;

555 3969 649 4024 sed
694 3983 818 4022 cum
868 3972 1205 4021 sacramenta
1253 3962 1506 4017 Ecclesiae
1550 3978 1659 4017 non
1694 3961 2046 4016 conﬁciantur
2082 3977 2112 4015 a

498 4132 501 4135 Δ
554 4053 1035 4124 pmsumptoribus
1054 4051 1149 4120 qui
1170 4049 1407 4103 nondum
1434 4049 1489 4103 in
1498 4049 1704 4118 judicio
1732 4056 1855 4103 sunt
1876 4062 2112 4117 presen-

554 4146 675 4211 tati,
702 4146 825 4214 quis
851 4150 1076 4211 quaerat,
1108 4142 1233 4210 quis
1259 4140 1497 4210 ambigat
1528 4140 1594 4194 de
1620 4140 1706 4194 bis
1745 4140 1876 4208 quin
1910 4156 1943 4195 a
1978 4155 2111 4194 con-

553 4237 713 4289 cione
762 4233 1013 4288 Ecclesia:
1048 4232 1158 4285 sint
1209 4230 1458 4284 alienati!
1501 4229 1839 4283 dimembrati
1883 4230 2047 4298 igitur
2080 4246 2111 4283 a

559 4333 784 4387 corpore
825 4316 1050 4381 Christi,
1100 4315 1151 4368 id
1185 4323 1287 4379 est,
1325 4314 1559 4382 separati
1592 4314 1661 4366 ab
1694 4312 1950 4380 Ecclesia,
1981 4314 2113 4368 nihil

559 4415 815 4476 poterunt
849 4408 991 4458 intra
1038 4404 1333 4459 Ecclesiam
1369 4405 1619 4473 operari;
1656 4405 1802 4473 quod
1839 4414 1893 4458 et
1930 4412 1988 4457 tu
2025 4419 2115 4458 ra-

560 4498 707 4552 tione
745 4504 799 4550 et
844 4494 1164 4548 auctoritate
1210 4492 1558 4545 invictissime
1601 4493 1859 4560 probasti,
1904 4492 2116 4548 dicente

2207 3336 2466 3389 mundum
2487 3331 2724 3403 generali
2750 3331 2954 3385 diluvio
2972 3329 3241 3383 interemit
3262 3329 3412 3398 (Gen.
3439 3329 3581 3396 vui).
3616 3347 3639 3380 ι
3671 3329 3788 3381 Λιι-

2205 3426 2380 3479 dircnt
2404 3433 2459 3478 et
2482 3424 2716 3477 Leonem
2762 3422 2830 3476 ad
2868 3418 3395 3489 Anatolium'(epist.
3435 3419 3527 3489 55)
3570 3435 3585 3468 :
3626 3437 3648 3470 ι
3689 3418 3787 3472 Illa

2204 3517 2542 3570 Nicanorum
2579 3527 2847 3568 canonum
2890 3525 2985 3579 per
3036 3518 3284 3564 sanctum
3324 3524 3453 3563 vere
3501 3507 3786 3578 Spiritum

2176 3630 2177 3633 η
2207 3607 2448 3658 ordinata
2479 3602 2737 3665 conditio,
2758 3601 2905 3667 nulla
2930 3613 3168 3667 unquam
3200 3608 3284 3651 est
3318 3609 3471 3666 parte
3501 3597 3785 3653 solubilis.

2206 3691 2363 3745 Nulla
2389 3691 2603 3744 sibimet
2633 3689 2701 3741 de
2746 3686 3194 3754 multiplicatione
3226 3684 3678 3754 congregationis
3704 3701 3790 3755 sy-

2209 3782 2421 3835 nodalia
2474 3777 2706 3833 concilia
2745 3776 3109 3830 blandiantur.
3155 3773 3338 3845 Neque
3367 3775 3634 3829 trecean
3679 3775 3789 3828 illis

2208 3872 2392 3925 decem
2441 3877 2603 3937 atque
2643 3875 2766 3921 octo
2806 3866 3078 3935 copiosior
3122 3848 3398 3919 numerus-
3431 3865 3788 3918 sacerdotum

2211 3973 2524 4028 comparare
2568 3972 2626 4013 se
2650 3956 2845 4011 audeat
2867 3955 2951 4008 vel
2984 3952 3269 4024 praeferre;
3295 3969 3420 4009 cum
3464 3955 3792 4031 tanto‘divi-

2212 4051 2357 4104 nitus
2390 4047 2669 4118 privilegio
2703 4044 2915 4100 Niczena
2965 4049 3035 4099 sit
3078 4043 3320 4115 synodus
3348 4052 3677 4099 consecrata
3707 4054 3790 4109 ut,

2211 4140 2323 4194 sive
2343 4154 2438 4207 per
2470 4137 2753 4206 pauciores
2784 4135 2898 4190 sive
2930 4149 3025 4205 per
3057 4134 3260 4203 plures,
3294 4134 3671 4190 ecclesiastica
3694 4135 3791 4203 ju-

2196 4229 2349 4290 dicia
2378 4228 2734 4292 celebrentur,
2777 4225 2925 4280 omni
2973 4225 3189 4294 penitus
3232 4224 3555 4279 auctoritate
3586 4225 3667 4279 sit
3691 4239 3791 4276 va-

2177 4338 2180 4342 λ
2212 4331 2374 4371 cuum
2417 4314 2676 4385 quidquid
2705 4312 2775 4367 ab
2808 4313 3024 4366 illorum
3064 4308 3226 4366 fuerit
3272 4311 3678 4365 constitutione
3702 4311 3788 4365 di-

2213 4419 2427 4458 versum
2436 4444 2449 4456 .
2485 4422 2504 4455 ι

2286 4493 2361 4546 De
2403 4492 2563 4559 cuius
2597 4490 2876 4560 privilegio
2922 4497 2978 4543 et
3013 4490 3205 4544 beatus
3249 4489 3577 4544 Ambrosius
3610 4490 3785 4545 dicit:

559 4586 864 4657 Augustino
885 4589 1073 4636 contra
1098 4578 1406 4633 Donatistas
1429 4596 1443 4630 :
1473 4598 1492 4655 ς
1525 4578 1781 4646 Quisquis
1798 4594 1829 4631 a
1855 4580 2115 4633 catholica
2147 4562 2190 4615 Ῑ)
2222 4597 2241 4630 ι
2284 4577 2401 4633 Non
2428 4580 2664 4631 humana
2700 4579 2987 4642 industria,
3023 4592 3134 4630 non
3156 4577 3550 4645 compositione
3577 4579 3786 4648 aliqua,

560 4676 801 4732 Ecclesia
844 4672 1008 4727 fuerit
1050 4677 1351 4740 separatus,
1384 4674 1645 4736 quantum
1680 4681 1738 4720 se
1783 4666 2119 4722 laudabiliter

560 4768 740 4821 vivere
784 4763 1074 4825 existimet,
1114 4760 1221 4813 hoc
1271 4757 1390 4812 solo
1420 4755 1621 4810 scelere
1669 4754 1813 4822 quod
1850 4769 1880 4807 a
1917 4753 2121 4810 Christi

561 4855 768 4908 unitate
803 4851 1089 4907 defunctus
1111 4858 1211 4914 est,
1236 4863 1342 4902 non
1387 4845 1548 4899 habet
1586 4843 1773 4907 vitam,
1796 4843 1891 4897 sed
1910 4843 1996 4896 ira
2028 4843 2119 4897 Dei
2143 4870 2175 4902 ,ι

561 4948 747 4997 Διιιειῐιθι
768 4959 928 5012 super
951 4958 1073 4997 eum
1100 4940 1235 5011 (Col.
1274 4939 1377 5009 in).
1422 4945 1466 4989 ι’

570 5038 573 5039 ⁷
632 5029 711 5084 Ne
732 5039 909 5082 autem
933 5030 1429 5086 excommunicatus
1459 5033 1677 5096 propter
1722 5020 2110 5076 conscientiam

639 5136 818 5217 (1042)
840 5134 994 5217 Nota.
1026 5132 1184 5217 Venit
1199 5129 1511 5217 Bernartius
1546 5128 1864 5217 Constantia
1881 5128 2115 5217 “Hildes-

566 5200 851 5268 heimium,
888 5203 981 5267 ubi
1030 5201 1334 5256 scholarum
1364 5201 1614 5255 Ecclesiae
1661 5200 1825 5268 illius,
1861 5207 1922 5268 ut
1962 5200 2113 5268 prius

568 5266 916 5336 Constantia,
963 5270 1297 5339 magistrum
1330 5270 1502 5339 egisse
1542 5268 1786 5339 videtur._
1807 5266 1931 5321 inde
1966 5266 2112 5322 ’ϐοτ-

567 5344 744 5398 “iam
792 5335 939 5395 venit
977 5347 1031 5400 et
1058 5335 1422 5392 'monasticain
1452 5335 1616 5391 vitam
1648 5335 1981 5400 amplexatus
2009 5346 2110 5391 est.

548 5406 1475 5477 lrantziusinlletropoli.g1ib.gv,
1504 5418 1621 5470 cap.
1654 5400 1833 5477 26,ρθ
1866 5400 2117 5477 Bennonc

566 5476 967 5547 Osnaburgensi
1000 5476 1289 5547 episcopo:

542 5546 547 5553 ‘
567 5544 707 5617 αριω
739 5536 1553 5617 Εεὲῑερίαηιῆιιειιίέειιείιρρεηκτη
1573 5536 1850 5617 (docebant.
1864 5536 2003 5617 enim
2022 5540 2115 5617 illa

568 5600 722 5671 certate
759 5614 1059 5669 scholastici
1102 5626 1281 5666 sacras
1336 5600 1657 5672 litterasfet
1697 5600 1985 5673 habebant,
2030 5610 2118 5673 qui

569 5685 898 5738 subducerent
946 5684 1002 5736 in
1050 5678 1403 5746 triviatibus),
1447 5671 1646 5746 ciarum
1692 5671 1784 5746 illi.
1820 5687 2009 5746 nomen
2042 5671 2118 5727 Dea:

571 5754 806 5815 doctrina
826 5762 876 5807 ct
898 5767 962 5807 ex
988 5752 1108 5805 rin
1134 5739 1376 5821 religione
1391 5739 1707 5800 conciliabat
1737 5739 1784 5791 ei
1814 5739 2117 5806 imperatori

1327 5473 1428 5538 Qui
1460 5464 1795 5549 ἒκηέξεάοέίέ
1827 5464 2155 5549 Winter

2219 4667 2441 4720 trecenti
2478 4666 2663 4727 decem
2683 4676 2738 4721 et
2760 4677 2884 4721 octo
2908 4666 3146 4735 episcopi
3168 4666 3235 4719 ad
3254 4667 3545 4721 concilium
3579 4684 3787 4724 conve-

2217 4762 2444 4820 nerunt;
2476 4755 2570 4810 sed
2596 4763 2656 4809 ut
2690 4755 2747 4809 in
2790 4770 3017 4809 numero
3043 4770 3252 4821 eorum,
3272 4771 3370 4825 per
3404 4757 3629 4827 signum
3674 4774 3790 4814 sua:

2218 4844 2489 4913 passionis
2509 4852 2565 4898 et
2586 4844 2822 4899 nominis
2849 4843 3110 4901 Dominus
3135 4844 3293 4901 Jesus
3316 4862 3416 4901 suo
3436 4848 3706 4916 probaret
3730 4863 3788 4902 se

2220 4935 2407 4989 adesse
2453 4934 2701 4988 concilio.
2750 4932 2895 4988 Crux
2940 4936 2995 4990 in
3028 4937 3302 5002 trecentis,
3337 4935 3464 4992 Iesu
3489 4951 3701 4992 nomen
3731 4938 3784 4990 in

2219 5024 2401 5078 decem
2427 5032 2480 5077 et
2503 5032 2626 5078 octo
2645 5032 2725 5079 est
2747 5026 3137 5081 sacerdotibus.
3173 5045 3192 5075 ι
3217 5044 3322 5077 -ι
3339 5024 3587 5090 Etmibi,
3608 5026 3786 5095 inquit

2222 5131 2469 5195 Henrico,
2496 5142 2596 5188 etc.
3522 5129 3533 5136 “
3566 5163 3609 5181 ε,

2291 5202 2469 5282 (ιω)
2495 5201 2569 5255 De
2604 5201 3097 5282 haegemean
3132 5201 3353 5282 eam.
3384 5202 3598 5282 @le
3630 5204 3781 5282 eu.

2218 5269 2513 5340 praesertim
2543 5286 2687 5340 anno
2715 5271 2820 5340 853
2856 5281 2913 5325 et
2949 5270 3073 5333 866,
3107 5269 3197 5321 ubi
3226 5272 3457 5340 ostendit
3509 5272 3783 5328 Bai-oxias

2221 5338 2583 5461 ἓΐοῖἓέξὲἶὶωε
2606 5338 2746 5394 facta
2774 5338 2942 5392 fuisse
2964 5352 3086 5405 qua:
3112 5344 3300 5392 auctor
3332 5339 3433 5393 iste
3457 5351 3519 5396 ut
3537 5342 3799 5415 legitima

2504 5472 2882 5552 Pseudopapte,
2911 5473 2981 5527 de
3002 5488 3110 5542 quo
3134 5456 3316 5544 supra.

2311 5542 2447 5596 1045
2506 5540 2771 5610 Loquitur
2795 5542 2862 5595 de
2908 5545 3112 5598 svnodo
3154 5543 3316 5599 Roma

2220 5608 2285 5661 Vl
2334 5611 2444 5664 cele
2485 5617 2620 5665 rata.
2657 5623 2799 5663 anno
2834 5598 2987 5663 l073.

2311 5540 2468 5626 1015)
2506 5540 3112 5626 ξιρῳιξῷςόςηξεηόδο
3154 5540 3338 5599 Romae
3375 5546 3482 5601 sub
3516 5545 3782 5617 Gregorio

2220 5608 2308 5665 Vll
2334 5608 2621 5673 celebrata,
2649 5623 2799 5671 anno
2834 5608 2987 5663 1075.

2288 5677 2468 5797 g0”)
2503 5668 2913 5751 Vide'iBellarm.
2952 5678 3042 5762 lib.
3074 5696 3146 5762 tv,
3169 5678 3662 5804 .gesgontit’.,'cap.
3697 5680 3775 5745 ιο,

2334 5759 2511 5804 aron.,
2540 5753 2668 5798 tum.
2695 5744 2803 5804 νη,
2834 5761 2959 5801 ann.
2984 5748 3186 5802 Christi
3209 5750 3237 5779 θ’
3312 5788 3329 5803 .
3518 5774 3525 5779 ·

2216 5756 2269 5798 et
2293 5744 2511 5808 Baron.,
2540 5753 2668 5798 tum.
2695 5744 2803 5812 γη,
2834 5761 2959 5801 ann.
2984 5748 3186 5802 Christi
3206 5744 3329 5804 538.
3494 5744 3525 5779 ‘-

3506 6106 3900 6290 ,Α
