3956 6382
154 508 285 564 Ηϐΰ

1022 476 1308 560 ᾹΡΡΕΝΙ).
1343 505 1432 560 Ill.
1466 535 1535 546 -—
1570 503 1997 561 MONUMENTA
2035 506 2489 564 GREGORIANA.

3216 505 3347 567 “66

147 621 399 682 Hilarius,
436 616 552 688 ipse
583 617 669 672 ille
694 631 953 671 numerus
997 616 1083 670 hic
1120 625 1340 672 sanctus
1371 626 1473 682 est,
1503 616 1557 671 iu
1595 632 1705 687 quo
1732 620 1779 675 A
1803 617 2082 686 superbiae.
2116 617 2251 673 Hinc
2278 635 2377 689 ego
2406 619 2680 689 expallens
2713 619 2841 675 illud
2889 619 3101 676 Domini
3134 621 3190 676 in
3214 620 3349 677 Elea-

144 710 432 772 Abraham,
455 708 630 762 victor
660 723 846 777 regum
884 705 1191 774 impiorum,
1216 706 1283 759 ab
1309 720 1375 760 eo
1403 707 1495 775 qui
1515 706 1699 760 mterni

147 800 423 855 sacerdotii
471 807 555 853 est
607 797 780 851 forma
830 796 1162 850 benedicitur
1207 795 1514 866 (Gemnv).
1572 814 1590 847 ι
1637 794 1703 849 Et

146 890 280 943 idem
308 889 500 942 beatus
522 887 630 942 Leo
660 902 795 955 papa
819 887 989 955 (epist.
1023 886 1112 953 55)
1144 904 1156 938 :
1181 904 1199 935 ι
1232 884 1413 940 Sancti
1441 887 1515 938 illi
1539 894 1592 939 et
1611 900 1702 940 ve-

145 978 405 1032 nerabiles
431 977 638 1040 Patres,
666 976 757 1044 qui
781 976 835 1028 in
869 975 1002 1029 urbe
1022 973 1258 1039 Nicazna,
1282 976 1543 1044 sacrilego
1571 974 1701 1028 Ario

144 1080 262 1119 cum
288 1082 389 1120 sua
431 1066 704 1135 impietate
719 1064 1000 1127 damnato,
1033 1078 1319 1116 mansuras
1352 1077 1522 1132 usque
1542 1064 1609 1116 ad
1634 1063 1700 1116 ti-

144 1172 265 1211 nem
292 1157 484 1209 mundi
526 1157 666 1223 leges
689 1152 1178 1208 ecclesiasticarum
1215 1168 1481 1205 canonum
1513 1152 1701 1206 condi-

142 1247 353 1309 derunt,
376 1245 599 1313 et'apud
652 1258 751 1297 nos
783 1243 835 1295 in
863 1250 975 1296 toto
1018 1241 1147 1295 orbe
1186 1249 1455 1312 terrarum
1484 1241 1539 1294 in
1588 1242 1703 1295 suis

144 1336 624 1390 constitutionibus
666 1334 874 1387 vivunt.
922 1331 987 1385 Et
1024 1332 1072 1386 si
1102 1332 1230 1401 quid
1277 1347 1504 1401 usquam
1551 1332 1705 1386 aliter

141 1442 300 1496 quam
322 1426 399 1478 illi
430 1434 664 1479 statuere
689 1423 1055 1493 praesumitur,
1075 1423 1193 1475 sine
1214 1422 1559 1477 cunctatione
1588 1436 1705 1475 eas-

139 1526 305 1571 satur.
339 1535 359 1567 »
397 1514 463 1573 Et
503 1515 627 1569 hinc
663 1522 880 1569 sanctus
919 1511 1027 1565 Leo
1064 1512 1129 1565 ad
1168 1511 1504 1566 Puleheriam
1524 1510 1705 1579 Augu-

144 1616 278 1661 stam
331 1606 509 1675 (epist.
555 1606 653 1673 55)
696 1623 709 1657 :
754 1622 771 1654 ι
810 1603 1009 1657 Contra
1062 1611 1283 1666 statuta,
1351 1603 1544 1670 inquit,
1605 1600 1706 1655 Pa-

140 1704 419 1748 ternorum
456 1708 743 1757 canonum,
766 1708 887 1760 qua:
908 1700 1031 1745 ante
1053 1691 1379 1759 longissima:
1399 1691 1571 1744 aetatis
1604 1705 1702 1743 an-

140 1801 236 1838 nos
260 1784 314 1836 in
350 1785 486 1837 urbe
512 1780 724 1836 Nicazna
756 1780 1087 1849 spiritalibus
1115 1790 1242 1853 sunt
1267 1779 1487 1833 fundata
1521 1779 1704 1833 decre-

140 1874 225 1938 tis,
258 1873 400 1951 nihil
430 1874 682 1941 cuiquam
727 1872 926 1925 audere
955 1871 1288 1935 conceditur,
1312 1871 1383 1922 ita
1412 1877 1470 1922 ut
1508 1869 1554 1922 si
1578 1868 1703 1937 quis

140 1944 418 2017 diversum
457 1939 661 2030 aliquid
700 1961 988 2014 decernere
1018 1960 1162 2024 velit,
1205 1974 1261 2013 se
1291 1958 1468 2027 potius
1499 1957 1705 2010 minuat
1736 1939 1777 1992 Β

139 2067 299 2117 quam
359 2050 454 2103 illa
501 2057 830 2117 corrumpat.
892 2067 910 2099 ι
977 2048 1237 2102 Audirent
1273 2047 1437 2101 etiam
1489 2046 1703 2100 beatum

142 2140 463 2209 Gregorium
512 2139 566 2192 in
610 2137 793 2191 multis
833 2138 916 2191 sui
963 2153 1071 2190 non
1107 2136 1353 2205 Registri,
1382 2136 1473 2189 sed
1500 2134 1704 2203 Regesti

140 2232 389 2299 epistolis
438 2229 663 2283 Nicaeum
703 2227 894 2299 synodi
939 2227 1150 2281 decreta
1187 2226 1556 2280 allirmantem.
1602 2224 1705 2278 Re-

141 2328 408 2387 ponerent
450 2317 677 2373 interius
713 2324 769 2369 et
812 2315 942 2368 illud
989 2313 1252 2383 Gregorii,
1288 2313 1432 2382 quod
1480 2312 1704 2380 etprius

140 2408 245 2462 dixi
277 2426 291 2459 :
325 2427 346 2459 ‹
389 2408 640 2462 Consona
673 2407 875 2462 sanctis
915 2404 1164 2457 Pati-ibus
1187 2402 1496 2456 definitione
1524 2401 1704 2455 sanci-

143 2514 286 2564 mus,
317 2508 381 2552 ut
403 2498 495 2566 qui
514 2498 685 2552 sacris
708 2496 882 2550 nescit
903 2494 1119 2548 obedire
1139 2492 1455 2555 canonibus,
1487 2504 1584 2543 nec
1618 2504 1705 2543 sa-

140 2590 245 2643 cris
276 2588 591 2642 ministrare
638 2586 721 2640 vel
755 2583 1188 2639 communionem
1210 2595 1398 2649 capere
1422 2578 1705 2649 sitdignus

142 2677 424 2731 altaribus.
475 2695 493 2727 ι

212 2766 267 2819 Si
297 2766 490 2820 dicunt
509 2765 623 2820 haec
653 2779 791 2819 nova
816 2761 1098 2818 emersisse
1144 2760 1357 2814 tertium
1386 2772 1527 2812 nunc
1547 2756 1707 2810 Cato-

142 2872 263 2910 nem
294 2857 365 2911 de
402 2859 539 2911 coelo
563 2856 837 2919 cecidisse,
878 2852 1099 2906 audiant
1130 2862 1320 2919 papam
1359 2847 1703 2903 Ctelestinum

144 2946 318 3014 (epist.
347 2947 403 3015 2)
454 2964 466 2999 :
510 2963 528 2995 ι
565 2942 707 2998 Nulli
747 2943 1087 2998 sacerdotum
1133 2925 1274 2993 suos
1300 2938 1546 3007 ignorare
1585 2936 1707 2990 licet

144 3050 403 3099 canones,
432 3049 533 3089 nec
569 3034 863 3103 quidquam
886 3031 1082 3096 facere,
1117 3030 1259 3099 quod
1289 3027 1508 3082 Patrum
1539 3027 1708 3097 possit

141 3123 352 3194 legibus
384 3123 633 3196 [regulis]
655 3124 891 3177 obviare.
912 3120 1030 3176 Non
1056 3126 1391 3189 prietercant,
1414 3133 1523 3172 non
1548 3118 1706 3172 abra-

142 3214 272 3267 dant
299 3229 597 3283 pronomen
634 3230 776 3267 suos.
805 3210 940 3265 Nam
969 3225 1204 3265 canones
1227 3208 1429 3277 proprii
1458 3215 1585 3262 sunt
1617 3222 1706 3261 sa-

143 3304 449 3367 cerdotum,
477 3310 535 3355 ut
561 3302 638 3355 lex
672 3299 841 3370 Moysi
868 3308 921 3353 et
954 3300 1039 3353 lex
1082 3296 1411 3351 Judaeorum.
1455 3294 1606 3350 Unde
1627 3298 1707 3350 eis

147 3392 412 3447 Dominus
446 3408 459 3443 :
505 3412 523 3442 ι
562 3390 617 3443 In
655 3392 788 3459 lege,
825 3388 1019 3458 inquit,
1068 3396 1248 3442 vestra
1311 3386 1569 3453 scriptum
1626 3392 1708 3438 est

146 3482 330 3552 (Joan.
354 3482 497 3549 vui).
525 3501 541 3530 ι
571 3474 633 3534 Et
650 3480 714 3533 de
740 3480 844 3533 eis:
878 3498 896 3529 ‹
915 3478 973 3531 In
991 3479 1104 3548 lege
1129 3492 1317 3531 eorum
1342 3476 1597 3544 scriptum
1627 3482 1710 3528 est

148 3572 308 3642 (Joan
341 3571 453 3641 xv).
490 3590 508 3622 ι
539 3570 670 3625 Hinc
700 3580 862 3640 patet,
884 3568 1012 3639 quia
1046 3568 1113 3634 si,
1141 3576 1199 3620 ut
1222 3565 1545 3621 leestinus
1569 3564 1709 3617 allir-

149 3674 281 3729 mat,
304 3664 382 3718 illi
398 3670 526 3718 sunt
549 3662 853 3717 sacerdotes
873 3675 1104 3715 auorum
1128 3666 1255 3713 sunt
1275 3672 1529 3720 canones,
1558 3664 1707 3720 tunc,

147 3771 384 3825 quorum
425 3770 531 3807 non
574 3762 698 3807 sunt
744 3767 1001 3817 canones,
1047 3765 1146 3803 nec
1177 3760 1335 3803 erunt
1362 3746 1706 3826 sacerdotes.

152 3845 255 3900 Sed
286 3846 403 3899 haec
424 3845 707 3898 hactenus.
1460 3828 1466 3833 ’

217 3935 358 3990 Cum
395 3935 495 4002 tui,
534 3932 836 3988 venerande
880 3930 1060 3994 Pater,
1103 3927 1377 3991 recordor,
1411 3940 1711 3980 exc.amare

149 4026 448 4095 compellor
475 4043 488 4078 :
515 4021 559 4078 Ο
583 4039 667 4077 me
700 4022 988 4087 infelicem,
1025 4019 1134 4074 imo
1175 4017 1544 4073 infelicissimo
1577 4013 1713 4070 infe-

149 4118 395 4172 liciorem
416 4156 431 4181 ,
458 4115 605 4185 quod
629 4130 729 4183 ego
757 4114 886 4168 olim
921 4112 1103 4182 digitis
1129 4110 1235 4165 tuis
1278 4108 1709 4179 probatissimam

147 4207 462 4261 distillando
487 4204 781 4275 myrrham,
819 4202 952 4263 mihi
995 4201 1123 4269 quid
1159 4200 1424 4269 agendum
1464 4196 1710 4267 praescri—

146 4298 407 4353 bentibus
448 4312 557 4351 non
598 4293 830 4359 obedivi,
862 4292 1028 4362 quod,
1062 4292 1235 4345 instar
1265 4289 1467 4358 aspidis
1514 4287 1708 4350 surdae,

147 4405 299 4444 orem
349 4389 457 4443 tuis
489 4385 709 4441 monitis
734 4376 1008 4440 Obturavi'!
1039 4380 1211 4453 (Psal.
1250 4380 1361 4449 57.)
1385 4377 1536 4433 Nunc
1566 4378 1710 4432 enim

148 4480 335 4552 arguit
361 4493 448 4533 me
495 4477 626 4532 illud
663 4473 968 4530 Salomonis
1010 4491 1023 4527 :
1076 4466 1095 4523 ἑ
1133 4470 1252 4538 Quo
1284 4470 1444 4525 modo
1471 4470 1517 4523 si
1557 4468 1711 4537 spina

1799 709 1938 761 chiel
1977 709 2203 763 dicentis
2245 726 2258 760 :
2312 709 2405 777 Vae
2438 711 2640 765 civitati
2668 711 3012 781 sanguinum,
3046 712 3205 781 cujus
3238 726 3351 783 ego
3383 781 3391 788 ⁵

1797 799 2053 867 grandem
2088 797 2279 852 faciam
2302 814 2486 870 pyram
2524 800 2737 865 (Ezech.
2772 800 2940 870 xxiv),
2962 801 3088 855 licet
3126 799 3267 855 Deus
3295 802 3351 855 in

1797 902 1883 940 me
1905 886 2091 942 fecerit
2111 888 2251 942 viam
2276 889 2480 944 semitae
2504 890 2597 944 ira:
2623 890 2921 960 sua:(Psal.
2946 889 3177 959 tum);
3202 890 3348 944 illam

1798 983 1975 1029 tamen
1995 975 2237 1030 desidero
2260 976 2415 1043 iram,
2430 977 2495 1031 de
2509 993 2614 1047 qua
2626 976 2984 1049 Hieronymus
3008 994 3021 1031 :
3055 995 3074 1029 ι
3094 977 3347 1042 Grandis.

1798 1064 1952 1127 dicit,
1987 1064 2189 1119 offensa
2234 1074 2339 1142 est,
2380 1075 2663 1135 postquam
2696 1068 3061 1135 peccavimus,
3095 1068 3231 1121 iram
3254 1066 3351 1122 Dei

1799 1169 1906 1207 non
1950 1155 2162 1217 mereri,
2191 1164 2248 1208 ut
2286 1156 2430 1208 illam
2470 1156 2730 1211 declinem
2762 1155 2918 1223 iram,
2947 1157 3013 1211 de
3049 1172 3156 1226 qua
3197 1154 3352 1212 Psal-

1801 1244 1959 1298 mista
1983 1262 1996 1298 :
2025 1263 2043 1295 ‹
2061 1244 2411 1300 Exacerbavit
2434 1245 2724 1318 [peccator]
2749 1247 3032 1301 Dominum
3055 1248 3353 1303 secundum

1800 1334 2222 1390 misericordiam
2237 1333 2676 1407 [multitudinem]
2692 1336 2780 1389 ira:
2797 1334 3090 1405 suaa(Psal.
3108 1336 3184 1404 x),
3206 1355 3223 1386 ι
3240 1350 3352 1390 non

1800 1422 1927 1490 quia
1965 1422 2101 1475 idem
2141 1430 2390 1489 peccator
2416 1423 2638 1477 licenter
2662 1432 2866 1492 peccat,
2909 1423 3000 1476 sed
3044 1422 3221 1476 nimia:
3255 1421 3353 1476 Dei

1800 1510 1894 1564 ira:
1924 1519 2005 1565 est
2035 1510 2177 1580 quod
2215 1511 2457 1579 peceanti
2502 1527 2757 1580 prospera
2803 1512 3060 1576 arrident,
3084 1510 3227 1579 quod
3254 1526 3352 1564 ne-

1800 1599 1971 1669 quitia
2019 1599 2135 1668 ejus
2186 1615 2294 1653 non
2340 1600 2661 1670 retunditur,
2699 1601 2843 1670 quod
2885 1601 3003 1669 ejus
3043 1600 3229 1655 sceleri
3254 1614 3354 1670 pro

1801 1688 2008 1741 meritis
2030 1704 2138 1743 non
2164 1690 2533 1758 respondetur.
2561 1708 2580 1741 ι

1871 1773 1936 1827 Et
1965 1790 2033 1829 ne
2053 1776 2257 1830 diutius
2282 1777 2590 1845 delinquam
2625 1776 2958 1845 majestatem
2985 1776 3150 1830 animi
3179 1792 3210 1831 a
3239 1791 3355 1831 ma»

1799 1867 2007 1936 joribus
2030 1867 2380 1934 demorando,
2403 1876 2528 1923 tuos
2555 1868 2875 1922 deosculans
2902 1867 3082 1937 pedes,
3115 1875 3205 1920 tua
3241 1883 3354 1921 ams

1802 1957 2035 2026 plectens
2064 1971 2257 2027 genua,
2281 1956 2454 2010 clamo
2485 1957 2601 2021 tibi,
2633 1957 2791 2011 Pater
2831 1969 2884 2011 et
2911 1960 3154 2023 Domine,
3183 1974 3352 2012 unum

1803 2047 2016 2115 pietate,
2056 2047 2284 2100 alterum
2313 2045 2589 2114 dignitate,
2615 2060 2843 2112 precans
2868 2045 3209 2114 indulgentia:
3228 2058 3351 2115 gra~

1804 2134 1950 2198 tiam,
1981 2150 2142 2202 quam
2182 2148 2322 2202 sape
2352 2134 2447 2186 tibi
2473 2131 2804 2186 valefacienti
2840 2134 3040 2187 seniori
3074 2148 3194 2187 meo
3226 2150 3352 2188 san-

1801 2224 2039 2280 ctissimo
2094 2222 2358 2277 Rumoldo
2390 2221 2570 2293 (1047)
2603 2221 2762 2276 hodie
2799 2222 3033 2276 ccelestis
3068 2224 3205 2278 aulae
3249 2224 3320 2278 do
3339 2248 3352 2264 τι

1803 2315 2025 2372 mestico
2053 2315 2297 2380 dederas,
2324 2330 2551 2384 precans
2584 2314 2769 2368 levata:
2806 2329 2997 2368 manus
3028 2322 3132 2368 tua:
3157 2315 3350 2368 mereri

1801 2405 2257 2469 benedictionem;
2287 2405 2372 2458 cui
2418 2405 2598 2458 nullus
2627 2405 2791 2459 distat
2830 2404 3009 2470 locus,
3039 2417 3263 2473 precans
3294 2414 3354 2459 ut

1803 2495 1856 2548 in
1905 2494 1996 2548 illo
2029 2493 2281 2548 iucﬂ'abili
2312 2492 2504 2561 jubilo,
2544 2507 2653 2561 quo
2696 2493 2892 2547 cmlum
2917 2501 3193 2561 pcnetras,
3241 2508 3352 2563 quo

1801 2584 2038 2639 divinam
2062 2585 2365 2654 promulces
2391 2598 2597 2650 aurem,
2637 2582 2741 2638 mei
2772 2598 2880 2638 non
2905 2584 3238 2639 obliviscaris
3258 2587 3354 2654 qui

1805 2675 1881 2728 tui
1918 2675 2108 2729 saltem
2158 2683 2284 2729 tunc
2322 2689 2529 2729 memor
2566 2673 2759 2741 existo,
2803 2689 2924 2728 cum
2957 2673 3033 2728 tui
3059 2689 3352 2730 conversaa

1804 2765 2001 2818 tionem
2034 2764 2319 2833 tritamque
2349 2764 2559 2818 vivendi
2599 2764 2845 2818 semitam
2874 2764 3099 2819 devotus
3137 2772 3350 2833 exopto.

1810 2854 1901 2907 Vix
1941 2854 2204 2908 refrenata
2228 2868 2400 2922 penna
2420 2853 2611 2917 (dicam
2647 2854 2815 2907 invito
2850 2868 2979 2907 ore:
3011 2852 3157 2917 Vale,
3185 2854 3355 2922 gloria

1801 2942 1985 3011 Israel,
2008 2944 2143 3009 vale,
2168 2943 2331 2998 curiae
2360 2943 2591 2998 caelestis
2624 2943 2938 3011 conscripta:
2957 2951 3190 2996 senator.
3220 2942 3328 2997 lnsi
3354 2972 3361 2979 -

1804 3036 1956 3105 piens
1980 3032 2154 3089 factus
2178 3049 2297 3088 sum
2315 3033 2606 3103 loquendo,
2628 3033 2774 3088 dices
2797 3033 2928 3085 mihi
2955 3049 2968 3086 :
2994 3030 3315 3102 Respondeo
3338 3048 3352 3085 :

1805 3126 2025 3195 coegisti
2062 3140 2167 3180 me.
2196 3125 2382 3179 Amori
2424 3124 2642 3179 modum
2689 3122 2942 3189 suadens,
2982 3124 3175 3193 perdes
3222 3139 3356 3194 ope«

1734 3251 1775 3307 Ο
1808 3231 1942 3268 ram.

1876 3303 2067 3359 Valeas
2096 3312 2147 3358 et
2190 3313 2246 3359 tu
2292 3312 2488 3375 optatae
2533 3304 2728 3361 indolis
2755 3344 2770 3371 ,
2809 3301 3068 3361 Bernalde
3090 3349 3104 3373 ,
3137 3301 3361 3363 floscule

1807 3409 2055 3459 vernans,
2083 3394 2302 3463 rogatus
2333 3411 2455 3449 cum
2489 3395 2579 3448 illo
2599 3395 2837 3464 Apostoli
2860 3397 2925 3449 ad
2953 3396 3318 3465 Philippenses
3348 3411 3361 3450 :

1812 3501 1831 3535 ι
1878 3483 1933 3537 Si
1972 3499 2078 3553 qua
2117 3484 2415 3538 consolatio
2446 3483 2502 3537 in
2535 3483 2771 3549 Christo,
2826 3483 2873 3538 si
2920 3484 3064 3552 quod
3111 3485 3363 3539 solatium

1806 3574 2104 3639 charitatis,
2133 3575 2175 3627 si
2205 3589 2325 3644 quire
2351 3573 2598 3630 societas
2631 3574 2871 3643 spiritus,
2917 3573 2962 3628 si
3002 3589 3122 3643 quae
3154 3574 3364 3631 viscera

1807 3666 2169 3722 miserationis
2197 3664 2416 3736 (Philip.
2454 3664 2539 3735 ιι),
2572 3682 2592 3715 ι
2626 3673 2686 3719 ut
2727 3665 2889 3720 citius
2932 3664 3145 3721 dictata:
3188 3666 3281 3720 tibi
3332 3683 3367 3722 a

1808 3751 2027 3813 domino
2057 3765 2151 3810 tuo
2196 3756 2436 3811 materia:
2474 3770 2683 3817 merear
2715 3756 2922 3812 litteras
2968 3757 3115 3810 omni
3150 3764 3369 3812 nectare

1807 3845 1941 3900 mihi
1990 3844 2304 3913 sapidiores,
2344 3852 2458 3897 tum
2494 3852 2702 3898 tantum
2731 3854 2881 3899 tuam
2927 3845 3237 3915 dominique
3284 3847 3367 3902 tui

1808 3933 2035 3988 salutem
2069 3932 2201 3985 mihi
2224 3931 2535 3987 referentes.
2559 3929 2640 3985 Tu
2665 3932 2782 3999 tibi,
2813 3948 3027 4000 moneo,
3059 3949 3168 3989 non
3197 3934 3365 3999 desis,
3389 3927 3392 3933 ’

1809 4031 2231 4091 praesentaturus
2258 4030 2309 4077 te
2340 4022 2497 4079 nobis
2521 4022 2705 4090 talem,
2724 4024 2939 4094 qualem
2964 4039 3062 4096 ego
3085 4033 3136 4079 te
3160 4024 3365 4091 nescio,

1809 4124 1991 4169 utrum
2023 4114 2192 4183 magis
2217 4123 2393 4183 optem
2425 4129 2493 4167 an
2526 4129 2753 4183 sperem.
2783 4112 2919 4183 Opto
2954 4114 3149 4183 quippe
3179 4128 3245 4167 ex
3271 4113 3365 4168 illo

1809 4218 1969 4272 quem
2003 4202 2055 4254 in
2098 4211 2149 4255 te
2189 4202 2363 4255 habeo
2399 4202 2610 4256 affectu.
2648 4200 2818 4271 Spero
2855 4216 2923 4256 ex
2952 4201 3142 4256 debita:
3175 4202 3366 4259 virtuti

1812 4300 1915 4344 ture
1943 4289 2226 4359 parentelae
2244 4297 2510 4358 respectu.

2361 4377 2689 4435 EPISTOLA
2713 4372 2781 4433 [Il

2217 4486 2510 4526 ADALBERTI
2535 4487 2598 4526 AD
2627 4487 2955 4529 ΒειιΝΑιυῐτκε

147 4572 414 4626 nascatur
459 4569 514 4623 in
562 4584 726 4623 manu
761 4565 1059 4627 temulenti,
1088 4564 1167 4618 sic
1208 4564 1262 4616 in
1306 4577 1399 4616 ore
1426 4561 1712 4615 stultorum
1746 4567 1788 4621 ι)
1881 4561 2108 4616 Domino
2165 4576 2229 4616 ac
2276 4562 2728 4617 reverendissimo
2768 4564 3033 4619 sacerdoti
3079 4563 3361 4624 Bsnnatno

150 4662 409 4731 parabola
438 4660 616 4731 (Prov.
648 4659 816 4727 xxvi).
852 4676 869 4708 ι
893 4654 1025 4709 Nam
1049 4655 1191 4709 sicut
1210 4652 1531 4707 temulentus
1554 4650 1707 4719 spina

148 4752 202 4805 in
228 4766 399 4806 manu
428 4750 641 4803 detenta
671 4748 906 4815 seipsum
940 4745 994 4797 in
1023 4744 1211 4812 primis
1233 4743 1498 4805 vulnerat,
1527 4740 1598 4792 ita
1624 4755 1708 4792 me

148 4855 271 4894 mea
296 4837 562 4893 sententia
596 4836 677 4890 sui
710 4836 902 4904 laqueo
919 4833 1236 4903 strangulat,
1269 4830 1343 4883 ita
1374 4843 1460 4882 me
1490 4830 1707 4897 proprio

148 4944 272 4984 meo
300 4927 481 4997 gladio
516 4924 745 4995 jugulat.
784 4924 861 4997 De
908 4924 1023 4993 lege
1052 4937 1149 4976 sua
1188 4937 1273 4974 me
1307 4919 1449 4973 Deus
1470 4919 1707 4973 docendo

150 5019 402 5087 mitigare
423 5014 554 5069 mihi
578 4996 816 5080 atdiebuis
838 5011 993 5064 malis
1016 5010 1185 5063 voluit
1210 5007 1381 5077 (Psal.
1407 5009 1591 5075 xcm);
1618 5006 1708 5060 sed

150 5086 330 5167 fateor
384 5106 500 5169 tibi,
554 5114 737 5160 sancte
793 5086 976 5168 Pater,
1033 5101 1160 5171 quia
1218 5099 1314 5153 tibi
1356 5097 1530 5154 factus
1591 5113 1711 5151 sum

151 5195 205 5251 in
250 5196 432 5252 medio
462 5182 715 5256 fornacis,
746 5206 840 5255 tes,
873 5187 1289 5253 murmurando;
1335 5194 1608 5249 stannum,
1654 5194 1715 5238 ut

149 5287 438 5341 dealbatus
465 5282 663 5353 paries,
696 5280 919 5334 meliora
950 5278 1289 5340 mentiendo;
1324 5275 1545 5340 ferrum,
1584 5291 1709 5344 pro-

151 5381 318 5434 ximis
339 5377 621 5439 nocendo;
666 5374 942 5444 plumbum
965 5369 1176 5440 (Ezech.
1206 5369 1367 5437 XXII),
1399 5383 1611 5438 semper
1638 5368 1708 5422 ad

153 5470 341 5524 intima
362 5464 648 5535 vergendo.
685 5484 703 5514 ι
731 5463 1074 5527 Curavimus,
1088 5460 1162 5514 ait
1180 5458 1464 5523 Dominus,
1477 5457 1707 5529 Babylo-

152 5564 374 5623 nem,et
384 5569 493 5609 non
514 5560 795 5606 estsauata
809 5550 983 5621 (Hier.
1008 5550 1106 5617 LI).
1131 5566 1150 5598 ι
1168 5546 1409 5616 Crepuit,
1422 5545 1554 5629 dicit
1566 5545 1711 5599 Scri-

152 5658 337 5721 ptura,
363 5647 419 5701 in
442 5644 661 5700 fornace
680 5641 894 5712 (Ezech.
918 5639 1077 5709 χιιι),
1116 5638 1210 5709 qui
1232 5651 1339 5692 non
1362 5635 1535 5691 caruit
1552 5643 1711 5688 vento

227 5756 413 5830 (101?)
454 5755 542 5830 All
562 5755 652 5808 hic
678 5754 764 5830 ille
790 5757 874 5830 est
897 5748 1217 5830 Rum‘oldus,‘
1241 5747 1332 5817 qui
1370 5743 1484 5830 fuit~
1498 5742 1715 5830 primus

158 5810 480 5901 praepositus
503 5821 883 5899 Gpstariensis,
926 5826 1111 5888 postea
1137 5810 1418 5887 episcopus
1446 5810 1711 5865 COnstan-

1808 4668 1913 4707 non
1930 4653 2042 4721 jam
2087 4667 2345 4721 nugacem
2393 4652 2562 4720 lyram
2598 4650 2822 4717 Horatii,
2864 4653 3248 4726 sedmysticam
3280 4658 3364 4712 ci-

1806 4743 2017 4795 tharam
2049 4740 2234 4804 David,
2266 4738 2599 4796 fructuosius
2640 4740 2765 4809 sibi,
2795 4750 2848 4796 et
2878 4743 2993 4799 suis
3023 4746 3361 4800 auditoribus

1806 4829 2150 4898 amplexanti,
2195 4828 2549 4886 ADALBEBTUS
2591 4840 2747 4886 etate
2782 4834 3079 4901 presbyter,
3103 4847 3209 4887 non
3237 4850 3359 4890 mo-

1806 4919 1976 4984 ribus,
2004 4919 2228 4989 ejusque
2268 4919 2590 4984 Bernaldus,
2616 4935 2683 4972 ex
2734 4926 2965 4989 utroque
2996 4921 3215 4978 homine
3241 4940 3363 4981 cer-

1806 5008 2002 5065 tissimi
2024 5009 2330 5064 serviminis
2350 5008 2591 5062 affectus.
2628 5006 2704 5061 De
2723 5008 3039 5066 dulcissimo
3066 5018 3234 5070 vestri
3267 5032 3360 5071 re-

1806 5101 2027 5169 scripto,
2061 5098 2215 5156 vobis
2237 5096 2530 5167 condignas
2556 5105 2732 5168 grates
2771 5098 2976 5156 referre
3022 5118 3130 5158 non
3158 5103 3358 5159 sufﬁci-

1808 5206 1959 5250 mus;
1992 5187 2085 5242 sed
2139 5186 2242 5241 hoc
2270 5185 2515 5240 omnium
2569 5186 2838 5243 bonorum
2900 5190 3246 5253 Retributori,
3296 5203 3359 5244 ut

1807 5281 1921 5349 ipse
1946 5277 2100 5332 vobis
2140 5276 2421 5341 retribuat,
2450 5276 2647 5332 obnixa
2673 5280 3056 5349 supplicatione
3077 5281 3359 5334 committi-

1808 5380 1949 5431 mus,
1976 5379 2136 5435 quem
2160 5370 2215 5419 et
2245 5377 2345 5417 vos
2369 5363 2423 5418 in
2465 5365 2622 5420 nobis
2647 5374 2757 5420 tam
2793 5365 3107 5420 charitativa
3134 5382 3359 5436 respon-

1810 5452 1979 5515 sione.
2029 5458 2141 5506 tam
2200 5450 2470 5506 laboriosa
2512 5451 2865 5519 rescriptione
2912 5465 3022 5507 non
3048 5452 3358 5509 dubitamus

1808 5540 2122 5596 honorasse.
2163 5539 2267 5597 Sed
2304 5541 2433 5610 quia
2456 5539 2712 5593 nonnulla
2767 5539 2823 5593 in
2865 5542 3051 5597 eodem
3096 5542 3359 5610 rescripto

1810 5646 1910 5686 nos
1936 5618 2170 5694 movent,
2198 5630 2264 5685 de
2292 5636 2508 5699 experta
2556 5638 2750 5685 vestra:
2796 5630 3092 5700 prudentiae
3126 5631 3358 5684 benevo-

1815 5740 2035 5802 tiensis;
2080 5738 2146 5807 de
2175 5753 2284 5807 quo
2325 5737 2379 5790 in
2423 5734 2543 5790 Vita
2580 5736 2637 5807 S.
2684 5738 2973 5804 Bennonis,
3006 5752 3125 5807 cap.
3179 5738 3262 5805 ιε,
3305 5749 3360 5793 ct

1812 5809 1949 5879 apud
1977 5806 2343 5872 Lambertum,
2369 5820 2514 5859 anno
2549 5806 2721 5861 l069?
