3956 6390
564 444 707 498 ﬁll"?

1466 439 1479 449 ’
1535 438 1634 517 ,tn
1666 436 1890 491 ornus
1918 414 1987 490 's.
2016 433 2355 489 tiRECORII
2395 392 2836 489 .trz-Exmcss.

3635 131 3918 197 Ἦ

3666 418 3839 493 ιιιιιι’

570 553 732 605 lentia
765 564 964 612 securi,
1005 549 1200 601 iterum
1247 562 1342 601 vos
1387 545 1690 616 inquietare
1737 543 2137 612 praesumimus,
2166 544 2209 598 Λ
2236 540 2509 597 audiendi.
2534 541 2661 609 Aut,
2692 542 2739 597 si
2768 540 2953 596 venire
2985 540 3276 608 noluerint,
3307 557 3407 613 pro
3432 553 3749 617 contemptu
3774 557 3808 597 ιι

572 639 766 690 iterum
795 645 986 688 vestne
1028 634 1315 702 diligentiae
1351 631 1614 701 judicium
1657 645 1820 698 super
1860 628 2131 682 nonnullis

572 726 823 779 obscuris
843 726 1093 778 ardenter
1115 733 1513 792 exspectamus.

641 816 716 868 De
739 817 971 884 primatu
995 815 1155 883 igitur
1181 815 1535 868 sanctissima!
1553 812 1696 868 sedis
1711 812 2019 882 apostolica?
2038 826 2129 865 sa-

566 899 639 953 tis
661 900 931 965 eleganter
957 900 1195 951 cnaritas
1240 907 1415 951 vestra
1453 897 1607 950 nobis
1654 896 1888 964 scripsit.
1933 896 2129 959 Quam,

555 989 691 1043 dicet
712 988 1003 1057 aliquando
1022 989 1090 1042 ab
1115 987 1346 1056 indignis
1367 1000 1695 1056 possessam,
1716 1000 1928 1054 semper
1948 993 2130 1038 tamen

565 1080 819 1132 omnibus
870 1076 1124 1131 licclesiis
1177 1091 1296 1130 esse
1337 1073 1723 1144 prteferenl‘lam
1784 1088 1849 1126 ex
1899 1071 2130 1126 decretis

568 1166 687 1220 SS.’
702 1166 918 1221 Patrqu
932 1166 1329 1221 evidentissimc
1352 1164 1614 1234 probavit.
1645 1159 1817 1232 llujus
1828 1163 1972 1216 enim
1986 1161 2129 1216 sedis

563 1259 851 1328 pontifices
886 1272 984 1327 pro
1013 1266 1253 1326 tempore
1283 1271 1312 1310 a
1345 1256 1577 1310 subditis
1597 1255 1964 1309 admonendus
1991 1252 2126 1320 fore,

562 1365 674 1404 non
723 1358 900 1403 tamen
937 1358 1138 1402 temere
1178 1343 2129 1417 proscribendos,'Christianissima

560 1440 1004 1508 pronuntiatione
1032 1439 1313 1499 docuistis,
1338 1438 1580 1492 videlicet
1613 1446 1673 1491 ut
1710 1436 1949 1503 ejusdem
1984 1434 2128 1490 sedis

562 1532 772 1598 primus
804 1544 1088 1598 possessor
1111 1545 1140 1583 a
1192 1529 1506 1598 eoapostolo
1548 1527 1667 1596 ejus
1700 1525 1869 1581 Paulo
1890 1526 2127 1579 ebarita-

564 1620 669 1673 tiva
715 1620 1031 1673 liberalitate
1079 1620 1386 1673 admonitus
1418 1626 1522 1684 est,
1573 1632 1683 1671 non
1709 1625 1768 1670 ut
1796 1616 1853 1669 S.
1886 1618 2125 1669 Albana-

561 1711 678 1766 sius
722 1710 1117 1765 Alexandrinus
1164 1710 1470 1780 patriarcha
1515 1708 1584 1763 ab
1614 1707 1833 1763 Arianis
1876 1708 2125 1762 ltzeretica

562 1804 913 1871 usurpatione
932 1801 1209 1871 depositus
1229 1809 1328 1854 est.

634 1890 950 1947 Tractatum
974 1901 1213 1946 vestrum
1245 1889 1320 1944 De
1341 1888 1620 1944 ordinibus
1642 1889 1969 1957 jndiciorum
1997 1904 2124 1959 gia-

560 1982 770 2038 tissime
811 1983 1169 2052 suscepimus,
1212 1996 1372 2051 quem
1419 1980 1491 2032 ita
1522 1994 1860 2049 expressum,
1885 1995 1946 2035 ac
1968 1981 2121 2035 testi-

561 2076 758 2130 moniis
786 2074 884 2127 SS.
931 2074 1149 2127 Patrum
1184 2074 1253 2126 ita
1294 2073 1624 2135 roboratutu,
1659 2080 1711 2125 et
1752 2087 1852 2125 nos
1878 2081 2121 2142 postmo-

559 2167 688 2219 dum
724 2167 777 2219 in
817 2166 1051 2237 quodam
1083 2166 1260 2219 libello
1301 2165 1617 2232 reperimus.
1649 2162 1795 2216 Duos
1814 2164 2010 2233 quippe
2034 2165 2123 2233 ju-

558 2257 816 2310 tlieiarios
842 2259 1059 2311 ordines
1084 2272 1204 2309 esse
1244 2255 1524 2309 nobiscum
1550 2253 1762 2308 sentitis
1787 2271 1801 2308 :
1829 2269 2018 2320 unum,
2056 2256 2123 2310 de

566 2348 766 2410 dubiis,
803 2348 1030 2401 alterutu
1067 2348 1134 2401 de
1165 2345 1484 2400 manifestis.
1521 2344 1625 2398 Sed
1652 2346 1895 2400 ordinem
1919 2346 1985 2400 de
2014 2362 2124 2401 ma-

559 2439 769 2493 nife-tis
798 2440 849 2492 in
884 2440 1021 2494 duas
1047 2439 1257 2508 species
1280 2436 1643 2493 subdividitis.
1675 2436 1847 2492 Unam
1882 2439 2120 2509 quidem,

557 2546 679 2585 cum
712 2547 837 2586 reus
879 2541 933 2586 et
968 2531 1174 2601 objecta
1202 2546 1259 2585 se
1285 2529 1497 2593 fecisse,
1524 2536 1577 2581 et
1603 2527 1849 2584 faciendo
1871 2545 2123 2600 peccasse

557 2622 773 2677 fatetur.
829 2623 1066 2677 Alteram
1094 2638 1243 2686 vero,
1278 2636 1399 2676 cum
1440 2635 1565 2675 reus
1592 2636 1649 2675 se
1671 2620 1897 2690 objecta‘
1910 2620 2119 2689 fecisse,

558 2715 651 2768 sed
697 2715 750 2767 in
788 2714 891 2768 boc
931 2728 1039 2767 non
1087 2729 1309 2783 pecasse
1342 2712 1557 2766 fatetur.
1618 2706 1727 2767 Nos
1774 2721 1951 2768 tamen
1984 2715 2123 2770 banc

556 2806 910 2873 posteriorem
938 2815 1128 2860 vestrzc
1159 2804 1545 2860 subdivisionis
1576 2804 1808 2873 speciem
1852 2805 1904 2859 in
1937 2816 2121 2861 nostra

553 2897 819 2949 divisione
859 2897 1368 2965 comprehendimus
1414 2894 1554 2948 infra
1592 2895 1911 2951 modttm‘de
1944 2895 2122 2952 dubiis

556 2988 890 3040 criminibus.
921 2985 1158 3041 Dicimus
1185 2986 1350 3050 enim,
1384 3001 1447 3039 ex
1483 2984 1787 3054 jnzliciariis
1815 2986 2118 3053 ordinibus,

558 3079 698 3130 bunc
732 3077 845 3130 fieri
877 3078 942 3131 de
986 3078 1187 3144 dubiis,
1225 3064 1372 3132 illum
1398 3091 1527 3129 vero
1577 3076 1642 3130 de
1680 3076 1983 3133 manifestis
2014 3080 2120 3132 cri-

555 3167 810 3220 minibus.
857 3164 962 3221 Nec
993 3167 1096 3222 boc
1147 3182 1232 3222 me
1258 3167 1481 3237 quilibet
1519 3166 1724 3221 dixisse
1753 3177 1921 3236 putet,
1963 3171 2120 3238 quasi
2148 3198 2188 3253 ρ

554 3268 746 3311 vestrae
768 3258 1019 3310 divisioni
1046 3256 1481 3326 przejudicemus,
1522 3255 1613 3309 sed
1637 3255 1755 3309 ideo
1778 3258 2119 3324 potissimum

556 3360 612 3402 nt
650 3357 1003 3418 utrarumque
1049 3348 1375 3403 divisionum
1405 3346 1752 3401 concordiam
1783 3348 1849 3402 ad
1890 3349 2119 3405 invicem

553 3420 893 3494 denotemus.
925 3437 1060 3493 Nam
1103 3448 1334 3508 utraque
1360 3437 1587 3515 divisio,
1620 3446 1678 3491 ut
1703 3437 1860 3493 nobis
1888 3440 2117 3507 videtur,

553 3542 700 3586 stare
750 3530 969 3601 poterit,
1002 3530 1049 3585 si
1079 3538 1257 3585 vestra
1289 3527 1574 3599 prudentia
1604 3542 1710 3582 non
1741 3528 1896 3583 aliter
1909 3531 2120 3600 judica-

552 3625 708 3677 v.-rit.
740 3622 831 3675 llla
850 3623 992 3676 enim
1024 3630 1215 3676 vestrae
1240 3619 1523 3674 divisionis
1545 3617 1774 3689 species,
1807 3620 1861 3675 in
1897 3636 2004 3691 qua
2041 3621 2121 3677 fa-

554 3708 701 3767 ctum
725 3712 1057 3775 conceditur,
1082 3712 1236 3780 culpa
1252 3711 1564 3778 denegatur,
1588 3710 1784 3778 partim
1815 3711 2118 3778 manifesta,

554 3805 750 3875 partim
781 3802 943 3857 dubia
985 3802 1264 3872 probatur.
1314 3798 1539 3854 Factum
1565 3799 1730 3865 enim,
1754 3800 1898 3870 quod
1926 3817 2120 3857 concc-

553 3895 719 3957 ditur,
749 3891 1095 3946 manifestum
1122 3901 1235 3956 est;
1268 3890 1360 3944 sed
1393 3890 1532 3945 idem
1550 3890 1749 3959 ipsum,
1776 3905 1845 3944 an
1889 3907 1988 3961 pro
2015 3893 2120 3947 cri-

554 3984 698 4036 mine
727 3982 796 4036 sit
816 3980 1145 4044 habendum,
1163 3993 1506 4048 summopere
1524 3978 1821 4037 dubitatur.
1840 3980 1963 4035 Non
1990 3998 2118 4051 ergo

554 4075 749 4127 mirum
775 4072 1021 4127 eamdem
1049 4070 1281 4139 Speciem
1305 4068 1521 4123 diverso
1548 4077 1818 4139 respectu,
1844 4086 1988 4125 nunc
2019 4072 2120 4126 du-

551 4164 676 4222 biis,
725 4176 868 4216 nunc
914 4160 1218 4215 manifestis
1256 4158 1487 4225 ascribi;
1518 4160 1613 4214 sed
1644 4175 1743 4216 nos
1764 4161 1935 4231 magis
1970 4163 2117 4218 illam

551 4252 731 4306 dubiis
760 4251 1214 4321 intcrposuimus,
1241 4249 1367 4318 quia
1424 4249 1744 4305 divisionem
1784 4239 2116 4319 judiciorum

556 4362 661 4398 non
695 4343 1015 4414 generaliter
1063 4343 1203 4396 inter
1241 4340 1402 4407 facta,
1438 4340 1530 4396 sed
1560 4340 1698 4395 inter
1726 4342 2116 4409 crimimufeci-

553 4449 675 4487 mus
703 4431 1115 4501 judiciariorum
1175 4431 1449 4485 ordinum.
1499 4430 1602 4487 Alii
1637 4431 1773 4488 fiunt
1821 4432 1888 4487 de
1938 4432 2118 4491 dubiis

552 4523 896 4588 criminibus;
926 4520 1038 4585 alii,
1068 4522 1135 4576 de
1162 4519 1480 4575 manifestis.
2072 4598 2079 4605 .

624 4612 774 4668 Unde
815 4612 1068 4682 praedicta
1110 4621 1303 4667 vestrae
1330 4611 1615 4668 divisionis
1644 4612 1874 4681 species,
1900 4612 1954 4667 in
1987 4631 2114 4685 qua,

552 4717 816 4758 concesso
843 4700 1006 4768 facto,
1031 4717 1099 4755 an
1129 4702 1334 4756 crimen
1358 4702 1428 4757 sit
1460 4702 1755 4770 dubitatur,
1786 4719 1894 4760 non
1921 4704 2115 4761 incon-

552 4810 686 4866 grue
712 4795 765 4847 in
815 4803 1001 4849 nostra
1027 4793 1293 4850 divisione
1318 4794 1498 4850 dubiis
1523 4798 1930 4861 annumeranda
1959 4800 2113 4857 vide-

552 4886 729 4939 batur.
760 4880 870 4939 Vos
903 4892 1081 4938 autem
1118 4885 1437 4954 judiciarios
1456 4884 1679 4941 ordines
1705 4901 1815 4940 non
1846 4888 1988 4944 inter
2008 4888 2119 4946 (ξι-ἰ-Δ

553 4973 719 5038 mina,
744 4976 835 5029 sed
865 4975 1111 5030 absolute
1140 4975 1280 5029 inter
1309 4977 1518 5030 occulta
1547 4985 1600 5031 et
1646 4976 1933 5033 manifesta
1985 4981 2117 5037 divi.

552 5066 740 5130 sistis;
773 5065 935 5127 unde,
972 5073 1025 5119 et
1054 5066 1361 5135 praedictam
1414 5065 1671 5135 speciem,
1718 5068 1773 5123 in
1805 5085 1911 5139 qua
1947 5070 2113 5126 deue-

552 5166 671 5226 gata
702 5156 878 5225 culpa,
916 5152 1113 5209 factum
1153 5158 1497 5223 conceditur,
1541 5155 1658 5211 sine
1690 5160 2115 5217 contradictione

551 5243 854 5306 manifestis
894 5259 1253 5300 annumerare
1288 5247 1561 5315 potuistis.
1603 5246 1737 5303 Illud
1777 5248 1939 5305 etlam
1968 5252 2112 5321 quod

550 5334 887 5409 ειιιειιὶιληιιιι
921 5335 1247 5392 discussioni
1280 5352 1568 5393 causarum
1606 5338 1921 5411 synodicam
1954 5356 2115 5396 voca-

551 5430 753 5483 tionem
802 5427 1091 5500 prmrogari
1119 5427 1304 5493 vultis,
1330 5435 1384 5483 et
1427 5442 1529 5484 nos
1582 5427 1771 5499 utique
1806 5430 2110 5487 laudamus.

550 5517 685 5574 Nam
722 5530 775 5575 et
821 5520 1034 5576 decreta
1080 5524 1392 5577 sanctorum
1430 5515 1654 5571 Patrum
1704 5518 1886 5571 itidem
1909 5519 2112 5587 ιπερρί-

551 5610 721 5680 piunt,
746 5613 940 5682 quippe
967 5622 1025 5667 ut
1053 5612 1229 5667 dubiis
1253 5605 1677 5669 rebusinfamati
1693 5608 1759 5662 ad
1787 5616 2109 5662 conventum

551 5700 935 5756 sacerdotalem
976 5711 1255 5767 vocentur,
1288 5716 1382 5771 per
1402 5697 1714 5757 :canonicas
1743 5697 1987 5752 inducias
2018 5711 2113 5751 ex-

550 5802 876 5859 spectentur,
906 5798 1033 5848 tunc
1066 5794 1306 5860 demum,
1351 5792 1397 5846 si
1450 5792 1711 5856 venerlnt,
1746 5791 1803 5841 in
1839 5793 2108 5843 coorentu

2230 632 2613 687 communione
2662 631 3045 702 suspendendi.
3084 632 3215 697 lloc,
3258 634 3503 705 inquam,
3548 635 3657 691 illis
3681 637 3808 706 jure

2229 722 2544 787 conceditur
2588 723 2683 792 qui
2727 722 2795 778 de
2831 723 3059 793 objectis
3120 732 3216 778 aut
3290 726 3426 780 nihil
3478 742 3537 782 se
3604 726 3807 783 fecisse

2231 810 2507 876 fatentur,.
2526 823 2619 867 aut
2645 800 2767 879 hoc,
2799 814 2946 884 quod
2975 811 3222 880 fecerint,
3270 813 3477 870 crimen
3505 832 3627 872 esse
3662 816 3805 872 ditii-

2232 910 2428 956 tentur.

2299 990 2407 1047 Nec
2442 992 2546 1047 boc
2572 988 2734 1047 etiam
2765 1008 3029 1063 negamus
3048 994 3178 1064 quin
3202 1004 3256 1048 et
3294 994 3526 1064 publicis
3547 996 3801 1051 crimini-

2227 1082 2331 1139 bus
2367 1083 2587 1153 obligati
2623 1084 2689 1136 ad
2738 1084 2993 1153 synodale
3023 1084 3293 1153 judicittm
3339 1100 3439 1155 pro
3483 1094 3799 1157 Cautemptu

2227 1182 2509 1239 vocentur,
2542 1182 2601 1227 ut
2631 1182 2784 1228 tanto
2818 1174 3052 1237 cautius,
3089 1183 3239 1229 tanto
3270 1175 3718 1248 irrcfragabilius,
3745 1188 3809 1234 et

2227 1262 2443 1317 demum
2486 1262 2741 1319 Ecclesia!
2768 1272 2919 1319 tanto
2942 1264 3283 1320 fructuosius
3313 1269 3523 1335 quanto
3558 1283 3589 1321 a
3617 1268 3795 1337 pluri-

2226 1352 2330 1408 bus
2357 1354 2524 1408 auditi
2550 1354 2881 1424 judicentur.
2920 1354 3024 1410 Sed
3050 1355 3189 1411 hanc
3212 1357 3524 1426 synodicam
3552 1360 3796 1415 vocatio—

2226 1458 2349 1497 nem
2380 1444 2688 1500 nullatenus
2716 1427 2826 1499 taim
2859 1446 3162 1516 generalem
3194 1462 3395 1515 ponere
3443 1449 3709 1505 audemus
3736 1459 3796 1505 ut

2226 1533 2395 1602 ipsius
2416 1537 2725 1604 apostolica:
2756 1537 2899 1592 sedis
2927 1537 3285 1608 privilegium,
3323 1553 3434 1592 non
3474 1539 3543 1593 ab
3570 1549 3792 1609 aposto-

2223 1624 2315 1689 lis,
2368 1626 2459 1680 sed
2508 1626 2577 1680 ab
2625 1626 2744 1695 ipso
2799 1625 3029 1681 Domino
3057 1627 3106 1681 ei
3133 1642 3455 1683 concessum
3499 1628 3792 1701 infringere

2223 1722 2511 1770 tentemus.
2540 1713 2635 1770 Est
2674 1716 2818 1770 enim
2851 1716 3188 1787 privilegium
3220 1718 3367 1773 sedis
3393 1720 3707 1788 apostolica:
3734 1730 3792 1776 ut

2223 1805 2371 1860 nulla
2400 1805 2747 1876 proveniente
2776 1807 3003 1876 synodo,
3024 1809 3294 1875 quoslibet
3314 1810 3649 1865 damnandos
3672 1827 3791 1881 pos-

2224 1895 2296 1951 sit
2315 1895 2592 1962 damnare,
2620 1904 2676 1951 et
2702 1897 3132 1953 reconciliandos
3159 1900 3532 1968 reconciliare,
3574 1911 3633 1956 ut
3658 1902 3791 1957 bea-

2223 1994 2313 2042 tus
2338 1985 2585 2043 Gelasius
2613 1987 2667 2043 in
2696 1988 2927 2045 decretis
2959 1988 3025 2044 ad
3065 1988 3357 2045 orientales
3385 1992 3670 2062 episcopos
3702 1993 3788 2047 di-

2222 2077 2387 2132 rectis
2406 2078 2643 2132 ostendit
2684 2077 2857 2149 (e'pt'st.
2904 2080 3014 2150 ll),
3045 2080 3099 2134 in
3129 2078 3330 2150 quibus
3359 2080 3613 2137 Acasium
3638 2081 3788 2138 Con-

2221 2168 2759 2238 stantinopolimnum
2783 2171 3144 2239 patriarcbam
3174 2171 3380 2241 absque
3407 2172 3556 2226 omni
3582 2174 3788 2244 syuolo

2221 2258 2481 2312 canonice
2509 2260 2580 2313 ab
2622 2260 2919 2328 apostolica
2948 2261 3077 2338 sede
3100 2261 3416 2315 damnatum
3443 2262 3787 2336 irrefragabi-

2220 2347 2343 2401 liter
2366 2349 2631 2417 probavit.
2666 2349 2864 2404 Scribit
2890 2352 3036 2404 enim
3085 2350 3224 2406 inter
3246 2361 3441 2406 caetera
3475 2372 3489 2406 :
3525 2372 3542 2403 ι
3579 2353 3783 2409 Cuncta

2220 2454 2316 2509 per
2343 2440 2602 2495 mundum
2637 2442 2782 2496 novit
2827 2440 3065 2497 Ecclesia
3118 2442 3262 2512 quod
3307 2455 3653 2500 sacrosancta
3686 2445 3786 2501 lic-

2220 2531 2382 2585 clcsia
2414 2529 2656 2587 Romana
2678 2532 2743 2586 dc
2766 2532 2917 2586 omni
2944 2531 3182 2588 Ecclesia
3210 2531 3294 2588 fas
3311 2535 3506 2589 habeat
3529 2536 3782 2605 judican-

2219 2620 2307 2687 dl;
2339 2637 2513 2691 neque
2544 2621 2797 2691 cuiquam
2844 2623 2911 2677 de
2944 2624 3065 2692 ejus
3104 2624 3524 2695 liceatjudicarc
3557 2626 3780 2697 judicio,

2223 2714 2490 2783 siquidem
2512 2713 2577 2768 ad
2598 2714 2744 2768 illam
2775 2715 2841 2769 de
2862 2716 3099 2785 qualibet
3127 2716 3315 2772 mundi
3341 2726 3493 2787 parte
3520 2720 3784 2788 appellan-

2219 2803 2347 2858 dum
2360 2813 2469 2870 est;
2485 2805 2552 2858 ab
2569 2804 2657 2859 illa
2674 2813 2851 2859 autem
2875 2822 3033 2861 neruo
3053 2807 3123 2862 sit
3141 2809 3410 2878 appellare
3419 2810 3737 2879 permissus.
3756 2829 3775 2862 ι

2224 2894 2325 2948 Sed
2344 2912 2442 2948 nec
2465 2896 2554 2948 illa
2585 2897 2941 2965 praeterimus,
2988 2900 3132 2967 quod
3173 2901 3471 2968 apostolica
3493 2902 3648 2956 sedes
3668 2903 3780 2955 sine

2221 2983 2328 3036 ulla
2363 2984 2566 3055 synodo
2615 2986 2966 3052 praecedente,
3013 2988 3325 3044 exsolvendi
3367 3002 3506 3059 quos
3545 2992 3779 3062 synodus

2223 3070 2405 3141 iniqua
2452 3073 2821 3139 damnaverat,
2869 3084 2919 3129 ct
2973 3076 3287 3144 damnandi,
3341 3080 3489 3134 nulla
3517 3081 3779 3136 existente

2221 3167 2445 3236 synodo,
2472 3183 2610 3236 quos
2639 3169 2898 3237 oportuit,
2930 3169 3181 3225 habuerit
3227 3171 3554 3226 facultatem.
3582 3170 3647 3227 Et
3681 3174 3778 3228 hoc

2224 3256 2479 3308 nimirum
2508 3270 2604 3324 pro
2646 3272 2747 3309 suo
2802 3258 3137 3326 principatu;
3166 3274 3327 3327 quem
3378 3259 3566 3314 beatus
3591 3259 3778 3314 Petrus

2221 3342 2499 3409 apostolus
2541 3341 2753 3397 Domini
2792 3358 2923 3399 voce
2966 3345 3179 3414 (Matth.
3204 3362 3292 3401 xvi
3326 3365 3341 3415 ;
3369 3345 3533 3402 Joan.
3562 3350 3697 3420 ut),
3728 3359 3780 3403 et

2219 3433 2392 3485 tenuit
2411 3447 2641 3503 semper,
2664 3442 2717 3487 et
2751 3434 3021 3489 retinebit.

2291 3520 2462 3591 Hujus
2493 3538 2623 3593 ergo
2650 3524 2911 3595 privilegii
2958 3525 3278 3581 auctoritate
3319 3527 3646 3582 sanctissimi
3675 3526 3776 3582 Ro-

2220 3627 2393 3667 manae
2414 3612 2558 3668 sedis
2593 3614 2829 3684 episcopi
2859 3615 3061 3684 absque
3082 3616 3231 3670 omni
3279 3617 3488 3688 synodo
3524 3619 3777 3673 damnare

2220 3712 2619 3757 consueverunt
2664 3719 2898 3773 quorum
2949 3707 3375 3771 contumaciam,
3411 3724 3476 3761 ex
3499 3709 3775 3778 cujuslibet

2218 3793 2555 3849 indubitabili
2589 3796 3270 3867 relatione,cognoverunt.
3292 3797 3405 3855 Hoc
3429 3801 3614 3870 utique
3638 3801 3774 3856 illius

2217 3887 2498 3941 s«;ientiam
2528 3902 2639 3942 non
2683 3886 3027 3967 subterfugit,
3059 3889 3374 3958 quicunque
3401 3887 3686 3961 Regcstum
3716 3891 3767 3945 S.

2215 3975 2461 4045 Gregorii
2515 3985 2570 4030 et
2608 3976 2814 4046 reliqua
2854 3974 2955 4029 SS.
3006 3974 3228 4030 Patrum
3265 3978 3501 4044 decreta,
3540 3979 3772 4052 diligenti

2217 4065 2649 4121 consideratione
2700 4065 3047 4136 percurrerit.
3090 4064 3201 4134 Sic,
3234 4068 3478 4138 inquam,
3514 4068 3770 4125 Maximus

2218 4151 2565 4209 Salonitanus
2586 4153 2917 4224 episcopatui
2938 4164 3366 4225 praesumptum
3386 4157 3769 4214 inthronintns

2215 4262 2244 4296 a
2268 4243 2326 4296 B.
2358 4243 2619 4313 Gregorio
2635 4243 2840 4312 absque
2861 4244 3010 4298 omni
3034 4245 3374 4317 synodo,pro
3397 4246 3499 4302 bac
3518 4262 3769 4318 presum-

2214 4333 2713 4404 ptionemissarum
2766 4335 3130 4390 celebratione
3178 4335 3446 4405 privatur.
3487 4336 3656 4404 Quem
3708 4334 3762 4393 S.

2216 4423 2507 4496 Gregorius
2537 4424 2650 4493 (lib.
2679 4442 2730 4489 v,
2753 4441 2833 4494 ep.
2865 4425 2900 4478 ὅ
2948 4432 3000 4477 et
3033 4424 3127 4494 25)
3154 4439 3265 4479 non
3292 4435 3406 4481 tam
3457 4443 3555 4497 pro
3600 4428 3761 4482 mani-

2144 4528 2189 4582 ι)
2215 4515 2365 4571 festis
2407 4530 2570 4585 quam
2624 4529 2722 4584 pro
2775 4514 2955 4570 dubiis
2981 4515 3303 4573 criminibus
3324 4517 3392 4573 ad
3414 4533 3472 4572 se
3498 4516 3760 4583 vocatum,

2223 4608 2486 4671 videlicet,
2515 4621 2676 4677 quem
2709 4604 3018 4663 Simoniaco
3052 4608 3354 4674 schismati,
3394 4609 3508 4664 sive
3533 4610 3764 4666 mulieri-

2219 4697 2322 4754 bus
2346 4699 2567 4754 mistum
2590 4698 2777 4766 fuisse,
2801 4714 2909 4754 non
2935 4714 3034 4769 pro
3053 4707 3203 4754 certo
3221 4700 3391 4766 novit,
3422 4701 3518 4756 sed
3549 4699 3762 4757 infama-

2218 4796 2334 4844 tum
2360 4787 2580 4843 audivit.
2622 4787 2697 4842 De
2719 4788 2919 4859 quibus
2955 4787 3121 4842 ctiam
3149 4787 3471 4846 criminibus
3497 4790 3635 4847 idem
3661 4789 3761 4845 la-

2218 4880 2398 4935 ximus
2428 4877 2589 4951 (Item
2605 4920 2620 4946 ,
2647 4879 2740 4934 lib.
2764 4896 2860 4945 vn,
2883 4878 3041 4949 epist.
3067 4878 3157 4950 85)
3178 4894 3237 4935 se
3256 4881 3602 4951 postmodum
3618 4873 3759 4952 jura.

2216 4978 2400 5023 mento
2436 4969 2772 5041 expurgavit.
2805 4967 2865 5024 Si
2908 4968 3052 5023 enim
3078 4983 3204 5024 eum
3247 4977 3362 5024 tam
3414 4971 3760 5029 indubitanter

2215 5057 2584 5113 Simonlacum
2611 5060 2725 5114 sive
2752 5058 3127 5125 fornicarium,
3162 5068 3225 5115 ut
3256 5068 3755 5131 pmumpwmm.

2213 5156 2419 5214 nosset,
2469 5148 2675 5219 absque
2716 5149 2868 5203 omni
2914 5149 3221 5218 vocatione,
3255 5150 3369 5206 sive
3411 5151 3755 5222 discussione.

2207 5242 2361 5313 juxta
2391 5239 2703 5311 praedictum
2733 5240 3045 5310 apostolica:
3070 5240 3215 5296 sedis
3250 5242 3593 5316 ptivllegium
3617 5245 3755 5304 dal-

2213 5348 2345 5387 nare
2368 5331 2520 5385 illum
2549 5338 2751 5400 posset.
3480 5334 3483 5335 '
3654 5329 3665 5333 ‘

2281 5421 2563 5486 Przterea,
2619 5421 2667 5476 si
2717 5417 2947 5483 nullum,
2986 5420 3116 5476 licet
3140 5419 3199 5480 in
3224 5424 3455 5483 crimine
3476 5422 3757 5499 vulgatissi—

2212 5523 2383 5575 mum,
2432 5511 2540 5567 nisi
2576 5519 2700 5581 post
2726 5511 3040 5581 synoJicatn
3068 5517 3409 5572 vocationem
3427 5504 3753 5588 judicanth

2212 5602 2328 5683 fore
2359 5617 2662 5668 censemus,
2686 5601 2916 5656 multum
2939 5596 3325 5663 ecclesiastica
3343 5596 3751 5665 correctum“?

2211 5708 2499 5765 rogamus,
2529 5692 2753 5748 nimiam
2781 5694 3188 5754 multitudinem
3228 5696 3749 5775 cat-rimam.“

2210 5784 2309 5855 leg.
2334 5781 2649 5854 causarum]
2671 5783 2738 5839 a3
2766 5788 3035 5863 synodum
3058 5784 3402 5862 .dill‘etetcus;
3428 5787 3540 5846 imo
3558 5786 3747 5849 haecc-
