3956 6370
155 409 288 462 “73

1047 415 1331 470 APPEND.
1373 415 1462 469 Ill.
1500 445 1567 454 -—
1606 412 2034 468 MONL’MEN’I‘A
2071 406 2524 464 GREGONANA.
2561 441 2570 456 ρ

3254 395 3385 448 1174

155 520 316 571 nimie
333 517 552 587 privari
585 531 639 574 et
668 520 736 591 ab
756 519 991 576 Erclesia
1019 533 1262 578 extorres
1293 525 1406 577 tieri
1433 524 1733 592 jusserunt.
1768 526 1812 580 Α
1838 522 1981 574 tione
2007 528 2331 589 praeventum
2368 511 2729 568 exeommuieii
2748 510 2875 570 rvit,
2905 522 2970 560 eo
2993 505 3133 574 quod
3181 504 3267 558 ille
3298 521 3385 556 in—

157 605 237 666 lit,
272 623 381 659 non
413 609 602 662 solum
629 608 909 676 facientes,
947 612 1041 664 sed
1068 612 1146 665 eis
1169 612 1586 665 consentientes.
1609 631 1627 661 ι

224 695 359 749 Item
435 701 878 754 sacratissimum
919 700 1359 756 Chalcedonense
1429 703 1738 765 concilium,

156 785 456 856 Evangelio
520 790 578 842 in
635 791 976 844 veneratione
1015 793 1457 860 comparandum,
1500 808 1616 860 cap.
1654 791 1739 855 18,

156 875 619 946 irrefraga‘liiliter
652 879 1090 935 decrevitdicens
1120 900 1132 934 :
1173 902 1190 932 ε
1229 883 1398 950 Siqui
1439 882 1636 945 clerici,
1660 882 1742 934 vel

158 967 419 1020 monachi
449 969 656 1035 reperti
687 967 886 1023 fuerint
913 971 1283 1038 conjurantes,
1305 981 1398 1026 aut
1419 973 1743 1040 conspiran-

156 1063 255 1116 tes,
269 1054 619 1152 autinsidias
638 1065 897 1124 ponentes
907 1059 1193 1128 episcopis,
1213 1070 1308 1118 aut
1322 1061 1551 1126 clericis,
1571 1060 1739 1132 gradu

155 1145 381 1208 praprio
405 1145 636 1210 penitus
665 1145 1008 1213 abjiciantur.
1042 1166 1060 1198 ι
1530 1158 1536 1164 ’

223 1228 393 1298 Ergo.
419 1247 572 1300 quos
592 1233 689 1287 SS.
714 1233 922 1301 Patres,
948 1236 1110 1289 etiam
1129 1245 1251 1292 ante
1272 1239 1634 1291 examinatum
1655 1237 1746 1306 ju-

155 1317 360 1374 dicium
391 1321 778 1392 degradandos
799 1341 918 1381 esse
941 1327 1022 1380 vel
1048 1328 1260 1395 penitus
1285 1329 1351 1382 ab
1377 1327 1613 1394 Ecclesia
1640 1328 1738 1381 ab-

155 1408 437 1478 jiciendos
498 1410 906 1469 districtissimé
930 1416 1334 1484 judicaverunt,
1366 1419 1468 1472 hos
1513 1418 1744 1472 domnus

155 1500 510 1568 apostolicus
541 1517 635 1568 per
665 1504 923 1572 synodale
950 1503 1216 1572 judicium
1253 1505 1387 1558 satis
1430 1505 1744 1560 misericor-

157 1586 299 1640 diter
331 1603 524 1657 usque
559 1590 623 1643 ad
649 1591 1070 1646 satisfactionem
1091 1593 1266 1646 ollieio
1295 1603 1347 1647 et
1366 1595 1748 1648 communione

158 1677 430 1746 privavit;
458 1695 587 1748 quae
614 1691 792 1734 tamen
819 1682 899 1736 eis
924 1684 1159 1736 nondum
1183 1698 1248 1736 eo
1272 1683 1497 1737 crimine
1519 1684 1747 1753 expiatis

161 1768 514 1836 periculosa,
541 1770 650 1824 imo
704 1772 1008 1842 perniciosa
1066 1772 1201 1838 fore,
1230 1773 1276 1828 si
1329 1783 1743 1842 usurparentur,

163 1873 274 1912 non
302 1858 608 1929 ignoravit.

232 1948 502 2003 Forsitan
535 1952 731 2019 aliquis
756 1967 945 2006 eorum
969 1953 1104 2006 dicit
1128 1973 1138 2006 :
1164 1953 1280 2007 Non
1308 1968 1406 2022 pro
1462 1953 1744 2022 conspira-

161 2036 310 2090 tione
355 2038 674 2094 habendum
721 2043 864 2110 quod
918 2053 1103 2097 contra
1135 2045 1283 2097 illum
1335 2043 1535 2097 factum
1589 2044 1749 2097 fuerit

164 2141 326 2196 quem
393 2143 500 2196 pro
552 2127 802 2198 episcopo
854 2131 1050 2184 habere
1081 2131 1371 2184 noluerint.
1413 2131 1515 2184 Sed
1562 2133 1667 2196 ille,
1703 2132 1748 2185 si

163 2228 348 2273 tamen
407 2219 704 2290 episc0pus
742 2229 843 2285 est,
876 2222 1098 2274 audiat:
1132 2220 1384 2289 Nunquid
1442 2229 1495 2274 et
1548 2236 1606 2274 se
1652 2236 1748 2288 pro

165 2307 426 2376 episcopo
453 2309 762 2361 habendum
786 2325 892 2362 non
908 2326 1025 2365 esse
1049 2311 1307 2373 decernit,
1329 2311 1375 2363 si
1397 2311 1522 2378 quis
1545 2325 1610 2362 ex
1632 2309 1749 2376 ejus

165 2397 401 2450 subditis
432 2412 564 2450 eum
602 2398 656 2450 in
690 2399 836 2450 nulla
887 2399 1078 2451 hteresi
1123 2399 1477 2466 publicatum,
1502 2414 1600 2452 nec
1653 2414 1750 2466 pro

169 2485 354 2554 aliquo
383 2486 619 2540 crimine
634 2486 970 2552 damnatum,
1008 2503 1105 2556 pro
1126 2489 1378 2558 episcopo
1401 2489 1599 2543 habere
1622 2504 1752 2543 con-

170 2575 431 2644 tempsit?
453 2575 577 2629 Non
614 2579 800 2646 utique
826 2578 1119 2642 credimus,
1142 2580 1270 2632 dum
1306 2579 1439 2633 adeo
1473 2580 1551 2634 eis
1581 2580 1753 2647 sapiat

169 2664 541 2735 episcopatus.
571 2666 711 2736 Ergo
733 2683 838 2720 non
900 2669 1165 2736 denegent
1212 2683 1312 2721 suo
1354 2669 1552 2735 pastori
1606 2669 1751 2735 quod

171 2753 274 2837 sibi
302 2772 332 2808 a
361 2757 606 2808 subditis
632 2757 746 2810 suis
779 2757 982 2810 nollent
1005 2756 1290 2826 denegari;
1319 2758 1410 2811 sed
1441 2758 1594 2826 juxta
1623 2758 1752 2810 illud

172 2843 343 2895 sancti
385 2843 591 2899 Leonis
638 2846 911 2900 decretum
960 2865 972 2898 :
1029 2865 1045 2896 ι
1079 2846 1480 2913 Ohedientiam,
1513 2863 1674 2917 quam
1721 2862 1751 2901 a

176 2932 408 2988 subditis
435 2935 554 2989 suis
583 2937 825 3006 exigunt,
850 2937 1014 2990 etiam
1043 2937 1144 3005 ipsi
1167 2939 1387 3006 praelato
1425 2954 1526 2991 suo
1550 2939 1750 3007 depenr

176 3021 326 3076 dant.
357 3024 575 3094 Quippe
629 3036 683 3080 et
747 3027 845 3095 ipsi
873 3042 996 3080 eum
1048 3029 1207 3081 etiam
1244 3043 1308 3081 eo
1337 3038 1592 3097 tempore,
1627 3046 1751 3083 cum

177 3115 582 3181 conSpirarent,
616 3130 714 3183 pro
740 3117 993 3184 episcopo
1021 3117 1324 3170 habendum
1380 3117 1546 3172 fuisse
1594 3121 1751 3173 modo

1835 613 1982 680 juste
1995 609 2287 663 Adrianum
2315 605 2581 658 Thebanae
2610 602 2758 654 urbis
2794 599 3098 666 episcopum
3123 595 3388 662 deponere

1841 695 2259 767 praesumpserit.
2283 693 2371 746 Sic
2401 692 2585 758 utique
2615 698 2668 741 et
2694 695 2876 740 noster
2911 682 3234 751 apostolicus
3277 680 3389 746 epi-

1841 801 2034 854 sc0pos
2062 784 2371 837 indubitata:
2402 777 2758 834 contumacia:
2790 789 2897 827 non
2922 780 3140 825 vocatos
3165 783 3387 822 excom-

1841 877 2117 930 munieare
2140 875 2339 944 potuit;
2382 872 2474 941 qui
2499 886 2605 923 non
2631 885 2798 922 unum
2821 863 3158 920 solummodo
3183 861 3388 928 episco-

1841 981 1988 1034 pum,
2023 966 2117 1018 scd
2144 973 2310 1018 totam
2334 962 2630 1014 Romanam
2676 956 2939 1026 synodum
2990 949 3391 1006 dcauctorizare

1841 1063 2200 1111 tentaverunt.
2229 1053 2363 1106 illud
2388 1066 2518 1105 sane
2546 1047 2846 1116 exemplum
2873 1044 2947 1097 illi
2970 1041 3140 1095 nostri
3171 1037 3389 1105 conspi-

1764 1161 1774 1166 ·
1841 1153 2046 1199 ratores
2065 1157 2246 1197 secum
2273 1155 2427 1209 agere
2451 1145 2788 1207 putaverunt,
2814 1134 2963 1201 juxta
2987 1130 3140 1197 cujus
3159 1128 3392 1180 edictum

1843 1247 1901 1286 se
1929 1229 2314 1285 rationabiliter
2336 1224 2832 1279 excommunicatos
2870 1234 2988 1272 esse
3022 1231 3129 1269 non
3180 1213 3394 1265 dubita-

1842 1322 1996 1384 bunt,
2015 1319 2061 1374 si
2104 1331 2383 1374 sacrorum
2426 1328 2696 1368 canonum
2734 1312 2958 1364 lectores
3008 1305 3187 1376 potius
3230 1316 3392 1372 quam

1840 1423 2181 1479 perversores
2216 1422 2334 1460 esse
2366 1403 2655 1457 noluerint.

1910 1499 2132 1552 Frustra
2163 1510 2378 1565 quoque
2408 1493 2742 1562 proclamant
2767 1503 2950 1542 secum
2990 1483 3252 1554 agendum
3282 1479 3398 1535 fore

1841 1603 1907 1642 eo
1925 1587 2202 1657 judicandi
2231 1586 2438 1647 ordine,
2466 1583 2558 1636 ubi
2589 1578 2932 1634 manifestum
2964 1575 3163 1629 factum
3193 1573 3408 1627 crimen.

1843 1693 1963 1733 esse
2002 1677 2297 1730 dubitatur.
2351 1673 2508 1735 Nam,
2556 1680 2615 1723 ut
2664 1668 2822 1723 nobis
2862 1667 3092 1727 videtur,
3143 1663 3208 1716 de
3250 1662 3398 1714 nullo

1846 1766 1988 1821 facto
2015 1782 2082 1819 an
2120 1765 2323 1818 crimen
2363 1763 2434 1816 sit
2466 1768 2548 1815 est
2587 1757 2959 1819 dubitandum,
2986 1753 3127 1821 quod
3167 1749 3398 1804 deﬁnitis

1779 1858 1819 1910 Β
1847 1866 2155 1910 sanctorum
2172 1853 2392 1906 Patrum
2416 1848 2696 1902 sententiis
2720 1845 3034 1916 generaliter
3059 1857 3156 1911 pro
3175 1839 3400 1894 crimine

1846 1946 2157 1999 damnatum
2191 1940 2586 1996 manifestatur.
2627 1936 2683 1989 Si
2723 1936 2865 1989 enim
2897 1949 2958 1987 ea
2990 1947 3109 2001 quze
3136 1930 3208 1982 illi
3244 1943 3400 1996 gene-

1849 2038 2029 2090 raliter
2049 2044 2101 2088 et
2128 2032 2454 2103 synodaliter
2481 2027 2801 2098 prohibuere
2825 2039 2891 2077 an
2920 2023 3088 2089 culpa:
3114 2021 3220 2074 sint
3245 2018 3401 2073 dubi-

1848 2125 2161 2190 taverimus,
2191 2120 2541 2176 nihilominus
2571 2118 2636 2172 de
2673 2129 2858 2169 eorum
2885 2111 3120 2173 statutis,
3152 2125 3218 2161 an
3256 2110 3402 2176 justa

1848 2217 1957 2269 sint
1985 2215 2232 2267 dubitare
2275 2210 2596 2264 videbimur.
2633 2204 2786 2270 Quod
2815 2201 2874 2254 Β.
2905 2200 3014 2254 Leo
3041 2213 3196 2268 papa,
3236 2195 3402 2249 Leoni

1847 2305 2092 2372 Augusto
2143 2301 2387 2356 scribens
2432 2299 2604 2368 (epist.
2659 2294 2768 2364 78),
2824 2292 3036 2361 penitus
3081 2286 3399 2358 prohibuit:

1855 2413 1873 2444 ι
1910 2392 2040 2458 Qua:
2066 2391 2330 2460 patefacta
2360 2395 2506 2449 sunt,
2530 2385 2722 2452 inquit,
2745 2396 3004 2450 qurerere,
3033 2394 3153 2448 quae
3171 2375 3406 2446 perfecta

1852 2493 1978 2537 sunt
2005 2489 2327 2544 retractare;
2370 2493 2489 2546 quae
2525 2484 2651 2529 sunt
2682 2472 2896 2526 deﬁnita
2927 2470 3246 2533 convellere,
3277 2469 3424 2536 quid

1826 2575 1994 2628 'aliud
2018 2581 2280 2641 estquam
2312 2570 2377 2623 de
2400 2567 2606 2635 adeptis
2635 2563 2856 2633 gratiam
2889 2574 2994 2612 non
3018 2557 3236 2618 referre,
3261 2567 3314 2610 et
3337 2563 3417 2609 azl'

1851 2664 2146 2717 interdicta:
2175 2660 2384 2715 arboris
2407 2659 2584 2710 cibum
2617 2653 2891 2722 improbos
2921 2648 3188 2718 appetitus
3216 2647 3408 2700 morti-

1851 2753 1978 2807 ferte
2003 2751 2313 2820 cupiditatis
2348 2746 2667 2802 extendere?
2694 2762 2710 2792 ι
2745 2742 2886 2796 Idem
2919 2741 2970 2793 in
3013 2738 3363 2808 sequentibus
3391 2755 3402 2788 :

1857 2865 1876 2898 ‹
1907 2845 1980 2899 De
2009 2845 2190 2908 rebus,
2220 2841 2414 2910 inquit,
2441 2846 2494 2893 ct
2514 2837 2651 2906 apud
2679 2833 2910 2888 Nicaeam
2933 2841 2987 2884 et
3010 2830 3149 2899 apud
3177 2829 3406 2881 Chalce-

1851 2938 2049 2992 donam
2092 2934 2253 3003 (sicut
2294 2930 2402 2983 Deo
2444 2926 2664 2996 placuit)
2706 2923 2962 2986 deﬁnitis,
3004 2920 3207 2973 nullum
3249 2917 3412 2970 aude-

1852 3043 1975 3081 mus
2000 3025 2135 3078 inire
2158 3030 2464 3084 tractatum,
2480 3030 2736 3085 tanquam
2758 3013 2919 3066 dubia
2941 3013 3025 3064 vel
3048 3009 3259 3063 inﬁrma
3273 3008 3407 3061 sint.

1853 3133 1973 3185 qua:
2011 3123 2158 3168 tanta
2184 3129 2279 3181 per
2317 3110 2579 3178 Spiritum
2621 3113 2866 3159 sanctum
2897 3102 3010 3155 fixit
3039 3098 3352 3153 auctoritas.
3387 3116 3405 3146 ›

178 3201 592 3268 demonstrant;
624 3205 709 3258 cui
741 3220 837 3272 pro
859 3206 1044 3258 eadem
1079 3207 1477 3274 conspiratione
1506 3208 1570 3260 ad
1595 3209 1753 3262 satis-
1780 3176 1819 3230 C
1853 3176 1994 3261 Idem
2022 3206 2088 3258 ad
2115 3176 2439 3276 Martialium
2477 3198 2779 3264 Augustum
2811 3213 2823 3245 :
2861 3211 2879 3240 ι
2911 3190 2966 3242 Si
3001 3190 3128 3257 quid
3157 3203 3410 3254 usquam,

183 3288 479 3346 factionem
503 3295 692 3347 venire
737 3310 844 3347 non
887 3304 1120 3349 cessant.
1153 3314 1170 3345 ι
1207 3294 1426 3365 Nempe,
1452 3298 1499 3350 si
1554 3299 1752 3352 nullius

182 3383 609 3450 conspirationis
631 3393 780 3438 reatu
791 3385 1011 3439 obnoxii
1035 3394 1364 3452 tenerentur,
1381 3387 1494 3440 sine
1508 3388 1752 3456 exemplo

185 3479 364 3525 tamen
393 3473 520 3542 jure
541 3474 958 3540 damnarentur;
987 3476 1101 3544 qui,
1140 3477 1254 3530 sine
1275 3479 1519 3547 exemplo
1562 3490 1753 3532 contu-

188 3562 418 3616 maciam
452 3581 609 3619 suam
635 3565 686 3618 in
715 3565 952 3618 Romana
982 3567 1186 3634 synodo
1209 3567 1500 3634 publicare,
1533 3577 1586 3621 et
1608 3569 1758 3621 insu-

189 3665 280 3717 per
301 3654 552 3707 eamdem
573 3642 834 3723 synodum
862 3655 1164 3708 disturbare
1175 3648 1652 3724 praesumpserant.
1673 3657 1758 3710 ln-

132 3799 140 3804 _
190 3754 404 3795 cassum
449 3758 507 3797 se
557 3744 764 3812 absque
816 3745 1064 3814 synodica
1125 3746 1406 3800 vocatione
1471 3747 1757 3802 damnatos

191 3842 620 3901 conquerantur,
647 3851 768 3888 cum
791 3844 844 3888 et
867 3836 968 3888 hoc
993 3836 1045 3888 in
1073 3831 1495 3912 provincialibus
1540 3838 1758 3907 synodis

192 3933 288 3986 pro
315 3923 582 3976 canonico
600 3924 935 3977 custodiatur
957 3933 1015 3976 ut
1048 3924 1331 3992 cujuslibet
1346 3925 1682 3977 contumacia
1705 3925 1759 3977 in

193 4011 397 4078 synodo
423 4011 718 4081 publicata,
755 4013 1064 4065 nullatenus
1092 4021 1247 4065 exeat
1304 4013 1588 4081 impunita,
1610 4013 1756 4076 licet,

195 4099 258 4154 ad
284 4100 457 4168 ipsam
499 4103 764 4172 synodum
794 4102 1301 4156 deauctorizandam
1331 4103 1400 4155 ibi
1454 4111 1758 4171 perpetrata

196 4202 301 4243 non
326 4191 629 4266 detegatur.

233 4277 532 4379 .Prtetcrea
570 4280 824 4336 Romana:
848 4283 988 4338 sedis
1010 4284 1314 4353 cpiscopus,
1331 4284 1484 4352 juxta
1542 4285 1758 4354 privile-

198 4372 344 4436 gium
362 4386 548 4437 suum,
579 4372 762 4442 utjam
793 4373 1210 4441 przelibavimus,
1245 4373 1448 4440 absque
1478 4374 1626 4426 omni
1667 4389 1748 4443 sy-

200 4463 341 4516 nodo
394 4466 655 4518 damnare
705 4472 900 4532 potest,
943 4463 1024 4514 vel
1075 4462 1425 4516 reconciliare
1490 4463 1761 4532 quoslibet

199 4551 559 4608 damnandos.
585 4553 666 4606 vel
703 4553 1149 4610 reconciliandos.
1194 4552 1283 4606 Sic
1333 4553 1476 4605 enim
1532 4551 1587 4605 S.
1626 4553 1758 4607 Gre-

203 4640 384 4709 gorius
460 4644 528 4696 ad
608 4643 925 4698 Januarium
995 4643 1363 4704 Caralitanum
1443 4643 1755 4710 episcopum

203 4729 445 4785 scribens
489 4730 602 4801 (lib.
652 4737 922 4801 vu,epi_st.
950 4732 1067 4800 67),
1128 4732 1468 4785 consiliarios
1513 4732 1755 4798 ejusdem

206 4821 440 4890 episcopi
469 4825 617 4877 nulla
642 4823 911 4901 synodica
935 4823 1213 4875 vocatione
1235 4829 1557 4889 prmventos,
1583 4837 1758 4894 usque

206 4908 270 4960 ad
286 4910 710 4982 satisfactionem
741 4927 772 4967 a
792 4897 1171 4966 cobimunione
1186 4910 1415 4978 privavit
1439 4928 1452 4976 ;
1480 4926 1575 4980 per
1621 4927 1759 4984 quo-

206 5013 323 5053 rum
350 5005 638 5058 consilium
687 5003 825 5057 idem
875 5001 1162 5072 episcopus
1215 5001 1616 5077 Dominicorum
1675 5004 1761 5056 die

209 5102 435 5146 messem
460 5092 816 5162 quorumdam
841 5089 1045 5143 furiosa
1065 5097 1242 5146 mente
1269 5092 1526 5144 exaravit.
1557 5089 1762 5144 Nihilo-

211 5178 386 5234 minus
413 5192 470 5236 et
491 5183 660 5237 nostri
688 5180 942 5250 temporis
961 5178 1252 5249 Gregorius
1280 5179 1345 5232 ad
1369 5181 1574 5238 nullam
1603 5195 1764 5256 syno-

210 5266 335 5324 dum
365 5282 614 5337 vocatos,
670 5281 906 5330 attamen
961 5269 1316 5339 praesentario.
1347 5269 1575 5324 crimine
1626 5269 1762 5327 obli-

212 5371 358 5432 gatos
409 5365 669 5420 damnare
731 5364 925 5437 potuit.
972 5362 1074 5416 Per
1129 5376 1358 5435 quorum
1447 5360 1759 5423 consilium,

213 5448 468 5511 Henricus
491 5470 585 5509 rex
615 5468 843 5507 messem
866 5468 971 5507 non
993 5463 1278 5518 terrenam,
1307 5450 1399 5504 sed
1436 5449 1763 5504 ecclesiasti-

216 5559 327 5601 t‘am
353 5561 491 5600 nova
522 5543 936 5612 praesumptione
973 5541 1187 5609 penitus
1219 5542 1496 5595 devastare
1520 5539 1763 5593 tentavit.

285 5633 406 5690 Item
450 5635 508 5689 S.
541 5633 830 5703 Gregorius
879 5632 991 5700 (lib.
1028 5648 1086 5696 tt,
1113 5633 1268 5700 epist.
1307 5631 1359 5693 6,
1393 5617 1467 5697 7),
1502 5627 1764 5682 Joannem

219 5722 394 5796 prima:
428 5723 743 5782 Justinianze
761 5721 1066 5791 episcopum
1103 5721 1247 5774 nulla
1306 5718 1557 5789 synodica
1607 5702 1764 5770 voca—

1853 3295 2049 3364 inquit,
2078 3292 2232 3345 aliter
2249 3304 2411 3358 quam
2443 3285 2612 3340 sancti
2638 3283 2825 3335 Patres
2866 3287 3101 3333 statuere
3127 3275 3408 3346 praesumi-

1853 3394 1960 3449 tur,
1992 3385 2108 3437 sine
2143 3382 2488 3435 cunctatione
2513 3373 2831 3429 cassabitur.
2865 3389 2882 3418 ι

1925 3474 2064 3542 Ergo
2093 3471 2166 3524 illi
2198 3468 2368 3524 nostri
2403 3466 2801 3534 conspiratores
2836 3457 3179 3514 manifestum
3213 3455 3412 3511 factum

1856 3581 2014 3621 suum
2046 3579 2113 3617 an
2143 3563 2348 3616 crimen
2378 3566 2522 3613 esset
2562 3558 2837 3620 incassum
2874 3552 3070 3606 discuti
3104 3550 3408 3608 voluerunt.

1857 3656 1999 3724 quod
2024 3663 2077 3707 et
2111 3652 2213 3722 ipsi
2243 3668 2271 3704 a
2293 3650 2529 3704 deﬁnitis
2551 3631 2860 3701 sanctorum
2891 3642 3106 3695 Patrum
3136 3639 3412 3692 sententiis

1857 3761 1954 3814 pro
1983 3743 2207 3798 crimine
2237 3742 2549 3795 damnatum
2575 3735 2934 3790 indubitanter
2955 3735 3234 3782 noverunt.
3264 3725 3414 3778 Unde

1857 3852 1988 3898 non,
2041 3842 2099 3886 ut
2134 3832 2312 3887 dubiis
2355 3828 2673 3884 criminibus
2721 3819 2967 3889 obligati,
3015 3833 3110 3887 per
3171 3815 3416 3869 inducias

1857 3933 2012 3980 erant
2037 3919 2412 3989 exspectandi;
2455 3919 2584 3980 imo,
2623 3921 2682 3966 ut
2715 3920 3080 3973 contumaces,
3107 3917 3160 3962 et
3191 3905 3418 3974 apertis-

1859 4015 1978 4069 simi
2009 4025 2280 4066 canonum
2307 4013 2724 4075 contemptores,
2756 4003 2960 4072 absque
2987 3999 3240 4053 dilatione
3261 4005 3416 4048 erant

1858 4103 2180 4168 damnandi;
2213 4102 2278 4157 de
2306 4100 2504 4170 quibus
2542 4096 2722 4151 divina
2765 4084 3042 4167 Scriptura
3080 4085 3418 4156 apertissime

1859 4195 2056 4259 sanxit,
2085 4203 2144 4248 ut
2175 4191 2600 4259 Carthaginensc
2638 4181 2922 4259 concilium
2974 4184 3091 4245 eap.
3137 4177 3170 4229 5
3205 4176 3412 4229 consti-
3466 4182 3470 4186 '

1860 4287 1982 4351 tuit,
2012 4302 2119 4338 non
2160 4291 2243 4337 est
2285 4276 2572 4334 diﬂ'erenda
2611 4256 2895 4332 sententia,
2929 4269 3023 4322 sed
3051 4267 3230 4336 potius
3269 4281 3418 4319 exse-

1861 4376 2091 4444 quenda.
2117 4371 2266 4426 Unde
2282 4376 2334 4421 et
2355 4366 2411 4421 S.
2434 4361 2725 4436 Gregorius
2748 4358 3043 4415 .‘ilariniano
3065 4355 3264 4419 abbati,
3280 4362 3412 4436 etc“

1863 4434 2105 4518 scribens
2156 4460 2330 4529 (epist.
2379 4456 2495 4525 27),
2531 4434 2781 4515 testatur,
2831 4451 3015 4503 dicens
3063 4467 3074 4500 :
3115 4466 3132 4495 ι
3169 4445 3224 4497 Si
3254 4434 3314 4496 ea
3345 4443 3414 4496 de

1863 4551 2063 4619 quibus
2101 4547 2243 4601 Deus
2270 4546 2615 4600 vehementer
2650 4539 2940 4595 oll‘enditur
2977 4534 3184 4600 insequi
3213 4531 3295 4583 vel
3331 4532 3420 4584 ul-

1861 4640 1993 4694 cisci
2031 4638 2358 4700 dilferimus,
2390 4636 2456 4688 ad
2499 4631 2835 4686 irascendum
2886 4626 3069 4693 utique
3109 4620 3417 4677 Divinitatis

1864 4731 2176 4800 patientiam
2211 4739 2585 4797 provocamus.
2619 4739 2636 4770 ι

1933 4819 2063 4873 Item
2092 4820 2189 4887 pia:
2212 4812 2484 4867 memoriae
2509 4809 2774 4863 Damasus
2793 4821 2928 4875 papa
2958 4805 3201 4861 scribens
3223 4804 3288 4857 ad
3310 4802 3423 4856 Ste-

1865 4911 2102 4979 phanum
2144 4903 2606 4974 archiepiscopum
2660 4896 3021 4960 Mauritaniae,
3073 4904 3126 4950 et
3187 4894 3422 4962 reliquos

1863 5001 2144 5071 episcopos
2169 4993 2362 5046 Africa:
2389 5010 2401 5048 :
2452 5011 2469 5042 ι
2498 4989 2602 5056 Qui
2629 4996 2824 5059 potest,
2871 4987 3064 5056 inquit,
3099 4985 3334 5045 obviare,
3367 4992 3424 5035 (ι

1863 5070 2177 5155 perturbare
2213 5094 2517 5151 perversos,
2553 5087 2606 5132 et
2641 5093 2752 5132 non
2798 5076 2947 5138 facit,
2977 5074 3121 5146 nihil
3159 5070 3301 5123 aliud
3338 5080 3423 5124 est

1863 5189 2026 5244 quam
2049 5186 2240 5225 eorum
2268 5167 2447 5226 favere
2476 5166 2754 5235 impietati.
2784 5182 2804 5215 ι
3109 5217 3113 5225 ε
3469 5145 3472 5150 ’

1934 5263 2068 5320 Tres
2118 5259 2308 5317 modos
2365 5248 2830 5323 anathematismi,
2884 5264 3018 5317 quos
3074 5245 3421 5300 Triburiense

1870 5355 2158 5412 concilium
2188 5349 2344 5403 nobis
2367 5345 2685 5418 praescribit,
2716 5358 2820 5398 non
2847 5350 2956 5392 tam
2978 5339 3254 5407 generales
3281 5335 3420 5387 allir-

1872 5463 2020 5501 mare
2042 5426 2421 5512 praesumimus
2443 5445 2502 5489 ut
2525 5436 2729 5502 nullum
2751 5431 2954 5496 absque
2978 5429 3230 5498 synodica
3257 5415 3417 5477 voca-

1872 5538 2017 5591 tione
2040 5528 2404 5585 damnandum
2436 5526 2549 5578 fore
2583 5530 2771 5575 contra
2800 5519 2942 5572 sedis
2973 5517 3278 5585 apostolicae
3311 5515 3421 5580 pri-

1869 5623 2122 5692 vilegium
2144 5630 2470 5680 asseramus,
2496 5612 2772 5679 satiusque
2802 5608 2969 5670 nobis
3004 5605 3049 5654 si
3074 5613 3120 5654 et
3151 5604 3325 5666 vobis,
3351 5605 3422 5655 ita

1870 5714 2082 5767 videtur
2121 5719 2178 5764 ut
2218 5707 2356 5761 idem
2385 5701 2672 5756 concilium
2715 5698 2893 5768 petitis
2932 5694 3164 5761 aliquem
3202 5694 3426 5748 inminui
