3956 6392
1180 40 1197 51 ¹¹
1256 38 1701 59 Ι-ᾘίι--ῄ

526 406 659 460 ίιῗδ

1500 400 1591 453 Ab
1626 397 1853 455 OI'EltA
1895 398 1950 449 S.
1990 389 2317 448 GREGORII
2353 385 2792 443 APPENDICES.

3649 377 3784 432 “76

527 512 885 571 enauit-matis
910 514 1125 570 dicatur
1151 510 1559 583 praetermisisse
1583 523 1749 580 quam
1787 504 2099 576 apostolicae
2128 505 2173 560 A
2198 501 2343 555 cium
2394 499 2463 552 de
2511 497 2598 552 his
2646 497 2810 551 rebus
2863 492 2931 549 de
2972 495 3170 564 quibus
3216 492 3394 549 adhuc
3440 492 3777 547 dubitamus.

523 606 668 660 tedis
697 603 978 675 privilegio
1000 603 1403 676 prtejudicasse.

593 695 833 769 Singulis
864 706 1047 751 autem
1087 688 1505 764 olijectionibus,
1542 691 1676 758 sive,
1717 698 1778 744 ut
1804 688 1986 744 verius
2012 685 2098 743 di-

521 800 664 852 ram,
714 786 1231 856 l't‘pl‘cllt‘llSltlnlbus
1277 785 1715 855 conspiratorum
1766 780 2096 850 respondere

520 893 631 934 non
661 877 1029 932 necessarium
1065 876 1421 940 testimamus,
1447 873 1649 943 quibus
1680 870 1898 947 culpam
1936 881 2095 923 suam

520 966 829 1025 nullatenus
858 973 1311 1035 expurgaverant,
1349 962 1442 1017 sed
1479 964 1734 1032 perversa
1767 958 2103 1028 interpreta-.

519 1056 667 1112 tione
714 1054 1138 1124 Scripturarum,
1185 1051 1433 1109 Romano
1475 1049 1717 1122 pontiﬁci
1760 1046 2092 1119 derogando,

519 1147 725 1211 crimen
765 1162 925 1201 suum
961 1147 1383 1216 tluplicaverant.
1422 1140 1559 1198 Nam
1603 1140 1903 1211 periurium
1948 1138 2094 1208 quod

518 1252 657 1303 l‘lllll_
693 1235 884 1291 fecisse
934 1236 1281 1305 confingunt,
1334 1232 1549 1289 etiamsi
1597 1245 1788 1290 eorum
1843 1229 2094 1284 subditus

516 1339 683 1391 esset,
725 1329 1055 1397 tqmrtuisset
1103 1336 1284 1380 tamen
1331 1334 1392 1379 ut
1428 1339 1552 1377 cum
1601 1338 1712 1376 non
1756 1317 2098 1384 confessum,

516 1420 669 1489 prius
701 1419 893 1473 fet-isse
922 1418 1303 1472 convincerent
1329 1431 1490 1486 quam
1522 1413 1652 1467 illud
1698 1413 1751 1467 in
1782 1426 1847 1465 eo
1873 1419 1983 1465 tam
2012 1417 2093 1481 ly-

517 1512 739 1570 rannice
785 1511 1171 1563 vindicassent.
1198 1508 1353 1575 Quod
1392 1507 1459 1571 si,
1490 1516 1547 1560 ut
1585 1505 1814 1574 lingunt,
1852 1502 2094 1572 jurasset

517 1613 576 1656 nt
625 1620 719 1673 per
748 1617 1075 1656 consensum
1109 1598 1327 1653 llenrici
1367 1596 1506 1668 regis
1544 1595 1821 1648 Ilornanus
1852 1590 2091 1662 pontifex

516 1692 796 1762 tligeudus
816 1703 981 1759 esset,
1010 1704 1293 1760 nunquam
1334 1698 1534 1750 tamen,
1563 1685 1708 1755 quod
1736 1694 1787 1739 et
1816 1699 1911 1738 vos
1935 1692 2091 1740 caute

516 1784 858 1852 praeviilistis,
895 1780 1165 1836 oliviatnlo
1189 1780 1447 1836 Ilotnante
1476 1775 1758 1830 electionis
1786 1774 2088 1845 privilegio,

2267 587 2681 644 DeSimouiacis
2703 586 2868 657 igitur
2890 593 3269 656 precamur,ut
3291 584 3580 654 prudentia
3600 591 3780 646 vestra

2188 681 2354 739 nobis
2383 678 2626 749 apertius
2654 677 2943 741 edisserat,
2964 676 3012 731 si
3039 684 3094 729 et
3128 674 3205 729 illi
3239 690 3337 744 pro
3378 673 3653 729 haereticis
3684 672 3778 728 de-

2195 781 2473 845 putentur,
2517 770 2611 842 qui
2652 777 2872 840 propter
2915 781 3105 822 sacros
3128 765 3345 825 ordines
3386 763 3570 835 aliqua
3598 763 3775 819 eccleo.

2194 863 2411 919 siastica
2450 860 2647 925 ollicia,
2694 868 2751 914 ut
2779 857 3087 924 decaniam,
3132 855 3548 926 praeposituram
3586 862 3778 910 emunt

2192 952 2278 1006 vel
2307 951 2564 1010 vendunt.
2598 947 2723 1003 Non'
2730 962 3014 1018 negamus
3045 947 3265 1017 quidem
3302 953 3356 1000 et
3383 960 3481 1000 eos
3514 943 3774 1015 probabi~

2194 1042 2315 1097 liter
2357 1054 2520 1111 posse
2566 1039 2750 1097 vocari
2801 1037 3164 1102 Simoniaeos,
3209 1044 3395 1106 utpote
3430 1035 3497 1090 de
3542 1033 3776 1104 spiritali

2194 1131 2369 1186 ollicio
2397 1130 2658 1186 smculare
2700 1128 2913 1183 lucrum
2945 1135 3271 1199 quaerentes,
3303 1140 3444 1196 quos
3472 1133 3529 1179 et
3558 1123 3631 1179 ab
3664 1123 3775 1181 eis-

2193 1222 2313 1277 dem
2337 1221 2529 1277 oflieiis
2552 1223 2707 1291 juxta
2731 1236 2971 1276 canones
2996 1219 3275 1291 pellendos
3301 1234 3422 1273 esse
3452 1232 3772 1283 censemus;

2193 1313 2285 1370 sed
2324 1329 2423 1369 cur
2448 1328 2547 1382 pro
2577 1311 2844 1415 hmredeis
2870 1312 2981 1367 sint
3003 1311 3317 1381 deputandi,
3345 1326 3413 1364 ex
3441 1309 3775 1368 testimoniis

2194 1407 2293 1462 SS.
2327 1406 2551 1462 Patrum
2578 1404 2881 1463 evidentius
2901 1404 3085 1459 doceri
3108 1404 3387 1463 vellemus.

2265 1496 2500 1553 Sanctus
2574 1496 2825 1552 videlicet
2884 1495 3180 1564 Gregorius
3245 1496 3298 1548 in
3366 1493 3603 1549 decretis
3658 1493 3777 1550 suis

2192 1587 2364 1657 (epist.
2394 1587 2484 1654 55)
2518 1585 2646 1639 illttd
2677 1585 2982 1654 specialiter
3018 1583 3381 1638 Simoniacam
3425 1583 3658 1637 hazresin
3683 1597 3777 1635 vo-

2189 1690 2317 1731 care
2365 1675 2609 1739 videtur,
2656 1689 2781 1727 cum
2828 1689 3025 1727 manus
3067 1672 3344 1737 impositio
3394 1685 3497 1742 pro
3540 1669 3776 1739 pecunia

2189 1766 2391 1821 emitur
2413 1765 2495 1820 vel
2526 1764 2795 1819 venditur.
2840 1763 2974 1821 Illud
3009 1755 3170 1817 etiam
3218 1762 3376 1816 nobis
3403 1762 3647 1817 scribere
3684 1761 3775 1815 di-

514 1892 575 1928 sc
606 1874 1064 1929 tlttttlltcntatimrc
1100 1871 1339 1934 deberet,
1374 1867 1664 1938 praecipue,
1702 1882 1827 1921 cum
1856 1879 2093 1919 canones
2126 1845 2168 1899 Β
2194 1854 2454 1923 snemini.
2480 1854 2526 1909 si
2548 1864 2597 1908 ct
2624 1854 2699 1907 illi
2721 1869 2820 1922 pro
2842 1852 3111 1907 hrmtiois
3140 1851 3426 1917 habemur.
3455 1852 3549 1920 qui
3581 1848 3775 1919 (1050)

515 1965 699 2024 dicant
736 1981 747 2015 τ
780 1963 1032 2017 Definitio
1080 1964 1294 2023 incauta
1323 1958 1665 2016 laudabiliter
1702 1967 1785 2010 est
1817 1954 2088 2018 solvenda.

518 2056 628 2111 Nec
653 2056 1028 2126 pra-varic‘atio
1057 2064 1161 2118 est,
1194 2053 1287 2108 scd
1312 2050 1633 2108 temeritatis
1658 2048 1983 2104 emendatio.

587 2149 868 2217 Amplius:
923 2146 979 2199 Si
1029 2146 1154 2215 quis
1196 2145 1525 2202 anachoreta
1566 2142 1647 2196 vel
1691 2142 1959 2207 inclusus,
1999 2140 2094 2209 qui

515 2239 815 2295 solitariam
844 2240 1009 2292 vitam
1037 2235 1148 2290 Deo
1172 2226 1482 2289 firmissime
1510 2231 1855 2303 promiserat,
1885 2230 1952 2285 ad
1980 2230 2095 2299 epi-

513 2331 787 2399 scopalem
831 2328 1058 2398 gradum
1103 2333 1450 2395 expetuntur,
1492 2322 1738 2394 nunquid
1772 2321 2091 2391 promissio-

514 2435 639 2475 nem
664 2434 840 2482 suam,
871 2418 994 2472 licet
1017 2417 1335 2471 cautissime
1363 2414 1580 2477 factam,
1611 2413 1784 2483 magis
1806 2428 1970 2483 fluam
1992 2410 2096 2466 Ec~

515 2512 694 2569 rlesite
711 2525 933 2565 causam
956 2508 1233 2563 attendere
1257 2505 1563 2561 debebunt?
1590 2503 1708 2565 Non
1731 2505 1906 2573 plane.
1938 2501 2093 2568 Quod

514 2612 569 2656 et
607 2600 777 2670 nostri
818 2599 1224 2669 conspiratores
1259 2613 1369 2651 non
1410 2595 1563 2651 inviti
1601 2590 1925 2657 concedunt,
1957 2607 2095 2663 quo-

517 2710 639 2751 rum
665 2692 884 2761 quidam
920 2692 987 2746 ad
1029 2689 1401 2760 episcopatum
1444 2686 1606 2741 ctiam
1654 2684 1957 2741 monacliali
1991 2685 2092 2739 ha-

513 2782 628 2839 bitu
668 2781 884 2850 [auritus
914 2779 1128 2850 alijecto
1153 2778 1532 2836 convolarunt.
1570 2775 1710 2845 lirgo
1735 2775 1780 2829 si
1806 2784 1859 2829 et
1892 2774 2093 2829 cautis-‘-

514 2874 650 2926 siina
683 2871 975 2941 promissio
1002 2863 1102 2940 pro
1128 2883 1294 2929 causa
1325 2867 1579 2921 Ecclesite
1612 2865 1954 2919 laudabiliter
1984 2864 2094 2918 sol-

518 2962 658 3015 vitltt‘
693 2971 898 3030 quanto
921 2960 1095 3030 magis
1122 2960 1177 3012 in
1203 2974 1365 3022 causa
1394 2972 1516 3027 quae
1536 2956 1699 3010 etiam
1743 2956 1845 3012 sub
1869 2956 2094 3011 anathe—

514 3063 657 3110 mate
692 3051 902 3122 impleri
949 3050 1287 3121 prohibetur.
1330 3047 1439 3104 Nec
1483 3048 1583 3102 hoc
1622 3047 1811 3127 utique
1836 3047 2090 3117 dicimus,

515 3138 671 3214 quasi
694 3145 956 3199 domuum
979 3141 1336 3219 apostolicum
1364 3140 1438 3207 ita
1466 3154 1707 3208 unquam
1733 3139 1950 3207 jurasse
1974 3153 2093 3192 cre—

510 3237 727 3302 damus,
775 3235 870 3292 sed
918 3234 1038 3289 ideo
1067 3231 1301 3287 maxime
1326 3240 1406 3298 ut,
1437 3229 1652 3285 etiamsi
1690 3228 1909 3285 fecisset
1946 3229 2093 3299 quod

512 3343 621 3380 non
649 3325 793 3390 fecit,
820 3340 929 3379 non
956 3324 1027 3383 ob
1058 3325 1161 3394 hoc
1186 3332 1367 3377 tamen
1395 3322 1465 3377 ita
1500 3319 1950 3393 proscribendum
1972 3335 2092 3387 esse

510 3416 890 3487 probaremus.
1502 3427 1508 3433 ‘

523 3491 526 3495 ’
587 3505 1078 3562 Sententia-autem
1114 3500 1212 3557 SS.
1243 3501 1488 3567 Patrum,
1514 3516 1653 3571 quas
1679 3508 2003 3554 enumerant
2024 3499 2090 3554 de

512 3596 905 3670 compescenda
937 3598 1285 3665 praelatorum
1326 3593 1601 3662 superbia,
1632 3591 1744 3645 sive
1776 3589 1843 3644 de
1863 3590 2091 3645 damna-

514 3693 660 3748 tione
682 3688 987 3755 temeraria,
1012 3703 1071 3743 se
1095 3688 1244 3758 ipsos
1272 3684 1507 3739 maxime
1536 3682 1835 3752 percellunt
1858 3681 1955 3751 qui
1981 3695 2089 3734 non

479 3767 677 3835 qundo
721 3781 775 3835 in
813 3779 1081 3844 subditos,
1138 3777 1233 3832 sed
1280 3776 1334 3829 in
1383 3776 1559 3844 ipsum
1602 3772 1887 3843 prmlatum
1929 3785 2089 3826 suum

512 3888 651 3927 nova
672 3869 1094 3940 praesumptione
1128 3866 1533 3939 superhicrant,
1573 3879 1735 3935 quem
1768 3864 1839 3935 ab
1871 3848 2063 3933 aposto

512 3962 619 4017 lica
659 3961 805 4025 sede,
852 3967 912 4014 ut
959 3974 1178 4014 servum
1218 3972 1402 4021 suum,
1455 3947 1784 4010 descendere
1826 3954 2089 4024 singulari

511 4049 854 4107 contutiiacia
880 4057 1269 4120 prmccperant.
1298 4047 1404 4102 Sed
1431 4047 1545 4102 htec
1570 4045 1855 4100 hactenus.

580 4140 950 4210 Omnipotenti
994 4139 1109 4203 Deo
1158 4138 1460 4207 condignas
1510 4145 1690 4207 grates
1734 4149 2088 4206 compensare

511 4233 824 4306 nequimus,
848 4231 1006 4301 cujus
1030 4229 1205 4301 gratia
1226 4227 1386 4283 nobis
1406 4226 1680 4282 concessit
1707 4232 1767 4279 ut
1788 4225 1842 4280 in
1862 4224 1966 4279 hoc
1994 4241 2086 4293 pe-
2124 4288 2125 4291 η

508 4322 748 4378 rieuloso
786 4329 1025 4387 tempore
1075 4318 1130 4372 in
1169 4330 1280 4388 quo
1300 4329 1493 4370 omnes
1514 4329 1637 4384 quae
1660 4328 1758 4368 sua
1786 4321 1914 4367 sunt
1938 4327 2087 4382 qure-
2138 4349 2142 4353 ς

511 4419 640 4466 runt
668 4408 891 4479 (Philip.
924 4400 1007 4474 n),
1040 4421 1147 4459 non
1170 4403 1439 4476 qum‘Jesu
1462 4394 1690 4469 Christi,
1716 4401 2085 4457 adulterantes

515 4502 736 4556 vt‘l‘btlm
769 4497 982 4553 Domini
1014 4494 1102 4566 (II
1128 4494 1252 4550 Cor.
1288 4495 1373 4562 ιι),
1411 4511 1510 4551 vos
1540 4492 2081 4586 saltem‘babeamus,
2119 4530 2161 4586 υ

510 4596 599 4651 cui
652 4593 852 4648 veritas
904 4588 1090 4650 audita
1130 4601 1295 4642 nares
1338 4600 1449 4641 non
1486 4578 1805 4651 contrahat;
1840 4584 1953 4639 imo
1994 4584 2085 4639 cui

510 4683 841 4756 praeconium
886 4679 1135 4735 veritatis
1170 4684 1377 4748 quanto
1415 4675 1661 4741 liberius,
1692 4682 1845 4730 tanto
1871 4675 2086 4742 dulcius

512 4776 705 4844 sapiat.
753 4768 870 4824 Non
904 4768 1049 4823 enim
1087 4768 1177 4825 alii
1208 4776 1319 4821 tam
1348 4765 1664 4831 liberaliter,
1698 4764 1810 4820 tam
1849 4762 2079 4820 infucak

508 4864 659 4933 loqui
682 4874 1166 4932 pmesumeremus;
1198 4872 1361 4928 quem
1393 4872 1501 4912 non
1536 4867 1647 4911 tam
1660 4856 1967 4911 'veritatem
1996 4866 2107 4909 rer

510 4968 631 5007 rum
675 4967 839 5022 quam
877 4949 1100 5019 aliquod
1147 4947 1419 5019 privatum
1464 4946 1704 5005 studium
1748 4960 1846 5016 per
1874 4942 2087 5015 singula

511 5043 992 5112 interpretaturum
1044 5047 1379 5107 putaremus.
1430 5032 1573 5099 Hoc,
1620 5033 1875 5103 inquam,
1931 5032 2085 5088 nefas

510 5143 653 5189 esset
694 5133 761 5185 de
794 5130 951 5199 vobis
981 5129 1065 5183 vel
1094 5127 1362 5196 suspicari
1390 5144 1403 5180 :
1435 5124 1530 5196 qui
1572 5123 1753 5195 ipsum
1779 5138 2083 5193 praeconem

508 5221 751 5277 veritatis
793 5234 891 5291 pro
937 5216 1179 5273 sacrario
1202 5204 1457 5285 "Spiritus
1502 5215 1676 5270 sancti
1715 5212 2085 5268 venerandum

509 5309 629 5364 fore
649 5308 955 5379 judicastis.
983 5305 1200 5376 Experti
1235 5305 1402 5377 igitur
1435 5312 1628 5358 vestra:
1661 5303 1963 5372 prudentiae
1998 5318 2087 5357 ar-

512 5401 701 5453 dorem
750 5399 815 5452 ad
854 5395 1214 5467 indagandam
1261 5395 1377 5448 sive
1418 5392 1844 5449 denuntiandam
1886 5407 2085 5471 rerum

510 5489 814 5553 veritatem,
852 5487 1213 5557 potissimum.
1241 5492 1480 5539 vestrum
1520 5490 1902 5557 exspectamus
1939 5481 2086 5551 judi-

584 5618 767 5701 μοδο)
804 5614 919 5671 Hoc
941 5625 1044 5680 est,
1069 5631 1172 5670 non
1192 5632 1288 5701 per
1309 5613 1789 5701 pecunicntihang
1814 5612 2085 5701 enim}:

515 5679 726 5747 estiam.
761 5702 946 5739 uiuum
970 5703 1002 5738 η
1026 5679 1206 5749 manu;
1234 5694 1293 5740 ut
1309 5679 1459 5755 'patet
1480 5699 1545 5739 ex
1568 5681 1662 5755 lib.
1689 5697 1707 5736 ι
1756 5679 1813 5735 S.
1841 5680 2083 5737 Anselmi

513 5777 557 5815 ε.
584 5771 701 5831 nisa
733 5756 1070 5824 (iuibcttnm,
1105 5755 1199 5829 qui
1237 5754 1485 5835 recenset
1524 5754 1625 5810 tria
1662 5765 1860 5826 genera
1890 5765 2073 5807 mune-

2193 1958 2289 2013 per
2309 1944 2454 1999 aliud
2483 1959 2683 1997 munus
2709 1942 2813 1996 nisi
2851 1958 2881 1995 a
2909 1958 3071 1996 manu
3115 1956 3269 1995 sacra
3292 1939 3466 1996 oﬂicia
3494 1950 3775 2007 emerunt,

2193 2043 2275 2087 \‘el
2301 2033 2679 2088 vendiderunt.
2704 2030 2839 2085 Nam
2864 2031 2986 2086 illos
3009 2030 3182 2100 magis
3215 2028 3535 2083 ambitiosos
3558 2029 3775 2083 censeri

2194 2125 2454 2177 vellemus
2475 2139 2638 2192 quam
2666 2121 2993 2176 Simoniaca:
3020 2120 3243 2175 haeresis
3261 2118 3551 2184 obnoxios,
3575 2133 3646 2173 ne
3679 2133 3776 2187 pe-

2195 2213 2340 2267 nitus
2367 2213 2733 2266 ecclesiastica
2758 2219 3099 2265 sacramenta
3130 2209 3620 2280 proscriberentur,
3650 2221 3779 2277 qua)

2195 2317 2327 2371 pene.
2349 2300 2574 2354 omnino
2597 2301 2860 2356 hactenus
2892 2314 2923 2352 a
2950 2297 3084 2353 solis
3119 2296 3433 2367 hujusmodi
3462 2294 3781 2349 ambitiosis

2196 2401 2455 2461 usurpata
2483 2405 2592 2444 non
2623 2391 2959 2459 ignoramus.

2266 2478 2339 2533 De.
2377 2494 2444 2533 eo
2482 2487 2662 2533 autem
2695 2476 2843 2546 quod
2876 2475 3116 2532 scribitis
3145 2483 3485 2531 sacramenta
3519 2490 3551 2529 a
3592 2473 3782 2532 Simo-2

2194 2568 2350 2624 niaco
2392 2568 2634 2622 nondum
2678 2566 2954 2636 publicato
2993 2574 3277 2635 usurpata,
3318 2566 3508 2620 scienti
3548 2565 3779 2635 quidem

2193 2667 2302 2710 non
2324 2668 2447 2709 esse
2469 2661 2835 2721 sacramenta,
2860 2651 2955 2708 sed
2976 2652 3268 2715 nescienti:
3291 2651 3520 2706 necdum
3542 2651 3783 2707 ﬁdeliter

2192 2745 2492 2816 intelligere
2538 2745 2836 2816 potuimus.
2889 2743 3026 2799 Nam
3072 2743 3367 2800 essentiam
3423 2758 3608 2798 rerum
3662 2757 3777 2798 non

2193 2836 2331 2891 snlet
2350 2838 2402 2889 in
2429 2837 2766 2890 contrarium
2797 2836 2998 2889 ducere
3019 2836 3376 2889 contrarietas
3401 2834 3772 2904 opinantium,

2193 2924 2336 2995 Ergo
2377 2925 2423 2980 si
2465 2932 2807 2981 sacramenta
2841 2937 3064 2993 quoquo
3093 2923 3254 2977 modo
3278 2924 3543 2978 veraciter
3573 2924 3643 2978 ab
3672 2923 3776 2978 ali-

2192 3032 2304 3085 quo
2348 3013 2661 3070 Simoniaco
2703 3012 3085 3076 conficiuntur,
3126 3013 3401 3083 quomodo
3444 3013 3607 3067 alicui
3651 3014 3774 3081 ejus

2194 3104 2442 3159 haeresim
2482 3103 2675 3160 scienti
2720 3101 3025 3161 inconfecta
3064 3103 3332 3158 veraciter
3361 3098 3775 3176 probabuntur?

2119 3196 2161 3254 (ζ
2191 3190 2462 3250 Credibile
2502 3192 2721 3263 quidem
2765 3193 2980 3249 videtur
3026 3194 3335 3263 corporales
3376 3208 3465 3248 res
3502 3192 3561 3247 in
3610 3193 3770 3256 altari

2191 3282 2400 3351 positas
2420 3298 2517 3352 per
2537 3283 2927 3346 sacerdotalem
2949 3283 3378 3341 benedictionem
3405 3298 3470 3338 ex
3493 3298 3771 3339 consensu

2191 3370 2445 3428 Ecclesiae
2474 3373 2526 3435 in
2552 3371 2732 3428 divina
2755 3386 2915 3444 posse
2938 3374 3180 3429 converti
3208 3381 3572 3447 sacramenta,
3604 3374 3769 3430 etiam

2190 3461 2331 3516 inter
2351 3477 2547 3517 manus
2566 3462 2968 3531 hereticorum,
2986 3463 3226 3519 nondum
3249 3472 3428 3519 tamen
3452 3464 3506 3519 in
3525 3462 3773 3521 Ecclesia

2188 3552 2613 3623 publicatorum.
2663 3552 2815 3619 Qum,
2856 3554 3102 3624 inquam,
3142 3564 3484 3609 sacramenta
3524 3556 3770 3626 proseri-

2190 3643 2318 3697 here
2344 3642 2630 3709 timemus;
2656 3644 2741 3699 vel
2768 3644 2911 3713 apud
2948 3643 3093 3699 illius
3128 3643 3435 3708 scientiam,
3462 3645 3561 3715 qui
3591 3645 3770 3711 solus,

2188 3732 2273 3787 vel
2298 3732 2452 3787 alter
2499 3733 2857 3789 saeriflcantis
2900 3732 3140 3789 haeretici
3184 3733 3496 3803 cognoverit
3539 3734 3774 3789 demen-

2189 3825 2344 3889 tiam,
2374 3825 2549 3890 satius
2570 3824 2730 3880 nobis
2761 3824 3037 3881 videretur
3071 3833 3133 3879 ut
3163 3824 3351 3888 eadem
3373 3833 3436 3895 et,
3451 3824 3555 3893 ipsi
3588 3824 3774 3880 haere-

2191 3914 2297 3969 tico
2325 3914 2655 3989 conficienti,
2683 3923 2738 3968 et
2775 3915 2869 3973 alii
2905 3914 3027 3983 ejus
3064 3914 3315 3968 haeresim
3352 3914 3545 3970 scienti
3579 3930 3776 3987 sacra-

2189 4012 2369 4061 menta
2389 4020 2512 4063 esse
2533 4005 2864 4071 crederetur,
2889 4007 3055 4080 quam
3074 4004 3261 4060 eadem
3286 4020 3407 4079 esse
3425 4013 3482 4061 et
3509 4021 3623 4062 non
3645 4023 3777 4064 esse

2188 4096 2559 4163 statuerimus,
2601 4096 2848 4159 videlicet
2880 4105 2941 4151 ut
2974 4095 3165 4151 eadem
3196 4096 3403 4153 oblatio
3421 4105 3477 4151 et
3511 4096 3777 4160 olet-emi

2187 4186 2585 4263 haereticosive
2606 4187 2728 4257 ejus
2760 4187 2913 4243 socio
2937 4186 3006 4242 ad
3033 4186 3461 4252 damnationem,
3487 4186 3775 4260 ignoranti

2186 4288 2368 4333 autem
2389 4278 2660 4333 catholico
2680 4278 2748 4332 ad
2771 4277 3001 4334 salutem
3025 4278 3390 4347 provenirent.
3413 4276 3550 4332 Nam
3575 4276 3636 4334 S.
3661 4278 3774 4335 Au-

2186 4372 2458 4442 gustinus,
2491 4371 2584 4425 ubi
2625 4371 2961 4442 neophytos,
2998 4369 3125 4425 licet
3160 4379 3286 4425 ante
3319 4371 3773 4428 communionem

2187 4465 2377 4528 morte?
2391 4471 2717 4533 prmve‘ntos,
2742 4479 2853 4519 non
2876 4471 3057 4519 tamen
3076 4477 3174 4519 eos
3194 4471 3535 4519 sacramento
3558 4460 3771 4533 privari

2187 4566 2437 4624 testatur,
2459 4572 2569 4612 non
2590 4558 2657 4612 de
2676 4568 2757 4624 re,
2779 4557 2874 4613 sed
2890 4557 2958 4613 de
2984 4558 3183 4613 virtute
3209 4557 3534 4617 sacramenti
3554 4557 3773 4615 dixisse

2184 4650 2419 4717 videtur,
2440 4658 2502 4703 ut
2524 4650 2613 4703 ille
2648 4651 2977 4705 sacramenti
3008 4649 3207 4705 virtute
3227 4665 3335 4706 non
3359 4660 3565 4721 careat,
3597 4667 3768 4723 quem

2184 4752 2427 4799 extrema
2460 4741 2759 4797 necessitas
2795 4757 2822 4794 a
2867 4741 2999 4807 reali
3032 4741 3414 4798 communione
3450 4741 3762 4811 suspendit.

2186 4838 2254 4893 Et
2290 4851 2393 4892 nos
2427 4834 2614 4905 utique
2643 4848 2856 4901 omnes,
2889 4834 2937 4889 si
2966 4833 3246 4908 catholicae
3273 4832 3395 4887 fidei
3426 4847 3540 4887 non
3569 4848 3766 4899 cessa-1

2188 4946 2313 4988 mus
2341 4929 2648 5000 cooperari,
2700 4926 3141 4997 nunquam'ejus
3186 4925 3512 5003 sacramenti
3559 4926 3769 4982 virtute

2186 5024 2484 5092 privamur,
2510 5022 2638 5075 licet
2661 5020 2836 5089 ipsam
2856 5033 2973 5073 rem
2993 5018 3317 5093 sacramenti
3341 5018 3520 5085 rarius
3541 5032 3767 5075 sumere

2188 5116 2481 5181 soleamus,
2526 5114 2606 5167 sic
2643 5112 2833 5181 utique
2867 5110 3082 5180 facilius
3111 5127 3209 5167 vos
3240 5112 3538 5180 intelligere
3564 5125 3765 5182 posse-

2187 5224 2331 5275 mus,
2343 5209 2389 5263 si
2411 5207 2662 5275 dieeretis
2682 5207 2977 5282 quemlibet
2995 5205 3396 5276 Catholicornm
3414 5204 3489 5273 ab
3507 5218 3578 5260 eo
3595 5219 3767 5277 quem

2186 5298 2360 5354 nescit
2406 5285 2723 5353 hazreticum
2770 5298 2905 5351 non“
2932 5311 3047 5350 rem
3096 5292 3423 5349 sacramenti
3459 5297 3765 5367 percipere,

2189 5396 2354 5460 quam
2395 5403 2496 5455 nec
2534 5389 2820 5456 haereticus
2848 5393 3027 5456 potest
3053 5384 3343 5463 coniicere,
3377 5384 3475 5446 sed
3503 5387 3769 5443 virtutem

2188 5479 2534 5546 sacramenti,
2558 5494 2669 5534 non
2695 5494 2763 5532 ex
2802 5477 2893 5549 illa
2919 5469 3280 5547 perceptione,
3302 5475 3399 5532 sed
3434 5490 3505 5545 ex

2186 5633 2311 5672 rum
2326 5658 2344 5684 ,
2397 5617 2598 5688 quibus
2650 5611 3023 5688 ecclesiastica
3074 5612 3337 5670 beneficia
3395 5611 3770 5688 emebantur:

2186 5680 2375 5761 muniis
2396 5680 2434 5741 ᾱ
2450 5703 2635 5753 manu,
2655 5700 2845 5739 muniit
2871 5699 2905 5738 α
2945 5682 3149 5754 lingua,
3169 5697 3372 5749 titan“
3397 5680 3464 5745 ob
3491 5682 3774 5773 obsequio,
