3956 6372
200 394 335 451 “77
1083 403 1362 460 APPEND.
1405 406 1488 461 Ill.
1529 438 1565 447 -
1635 407 2065 466 MONUSIENTA
2104 413 2561 470 GREGOlllANA.
3284 416 3419 470 “78

194 509 322 562 fide.
367 506 502 574 Hoc,
550 510 797 580 inquam,
837 511 1228 584 intelligibilius
1276 519 1433 573 nobis
1471 519 1762 587 videretur,
1792 525 1838 580 Α
1865 526 2327 589 sanctificationis,
2351 541 2472 594 qua:
2505 526 2686 596 utique
2709 525 2902 590 forma,
2929 527 3041 579 sive
3067 537 3286 595 accepta
3308 527 3417 580 vir-

191 617 361 671 quam
392 601 536 658 idem
562 606 719 674 panis
741 606 796 659 in
821 606 1000 660 divina
1033 619 1368 664 sacramenta
1391 611 1689 678 confectus,
1711 622 1766 667 et

191 705 308 745 non
338 691 621 750 confectus
650 696 934 750 diceretur.
975 696 1226 766 Apertius
1261 700 1426 769 igitur
1449 702 1605 755 nobis
1634 703 1762 757 inti-

189 790 344 835 mate
367 782 500 851 quid
519 781 586 838 de
615 784 928 855 bujusmodi
961 787 1318 843 sacramentis
1351 789 1642 846 debeamus
1674 791 1764 860 ju-

187 876 401 947 dicare.

266 965 562 1023 Sententiae
587 979 767 1024 autem
793 977 986 1024 vestrae
1012 969 1078 1024 de
1105 970 1370 1026 ordinatis
1399 971 1466 1025 ab
1489 971 1762 1039 heretico,

187 1055 395 1110 iterum
417 1057 731 1114 ordinandis
755 1073 785 1112 a
802 1058 1102 1124 Catholica,
1137 1059 1265 1114 illud
1298 1065 1593 1131 repugnare
1622 1061 1764 1116 vide-

186 1156 302 1211 tur,
329 1149 476 1218 quod
505 1151 862 1222 quamplurcs
896 1151 1268 1208 haereticorum
1309 1141 1536 1206 clericos
1573 1153 1638 1206 ad
1668 1167 1762 1207 ca-

185 1238 452 1294 tholicam
483 1240 641 1295 ﬁdem
673 1231 968 1297 conversos
995 1241 1050 1295 in
1083 1241 1368 1308 ordinibus
1392 1242 1506 1297 suis
1533 1242 1765 1312 legimus

183 1341 466 1400 acceptos,
499 1348 608 1386 non
645 1332 829 1403 utique
857 1342 1282 1398 reconsecratos,
1315 1335 1560 1389 videlicet
1591 1324 1650 1388 ut
1672 1332 1765 1388 Ni-

183 1433 408 1475 canum
430 1421 743 1488 concilium,
782 1409 1022 1493 capitulo
1049 1421 1083 1477 8
1107 1420 1456 1489 Novatianos,
1484 1433 1535 1478 et
1557 1423 1759 1479 Africa-

183 1529 350 1579 num,
381 1532 500 1586 cap.
527 1516 628 1584 55,
661 1515 971 1572 Donatistas
1004 1515 1341 1586 recipiendos
1400 1531 1519 1571 esse
1558 1516 1611 1569 in
1649 1518 1764 1570 suis

182 1605 511 1672 ordinibus,
563 1622 673 1660 non
717 1607 1216 1673 reconsecrandos,
1260 1605 1514 1662 decrevit.
1565 1605 1765 1678 Nempe

181 1693 474 1751 Niczenum
515 1696 806 1752 concilium
849 1697 1195 1753 solummodo
1235 1697 1464 1752 clericos
1496 1696 1767 1750 Pauliani-

183 1797 405 1843 stat-um
426 1803 457 1842 a
476 1787 774 1843 Catholicis
791 1787 1183 1844 reordinandos
1203 1787 1504 1852 constituit,
1531 1802 1761 1856 quorum

183 1880 359 1934 etiam
404 1880 706 1950 baptizatos
739 1895 770 1934 a
807 1878 1104 1934 Catholicis
1137 1878 1488 1946 baptizandos
1517 1892 1637 1932 esse
1671 1877 1763 1931 dc-

184 1971 382 2025 crevit.
416 1969 540 2025 liae
564 1971 710 2038 enim
735 1969 958 2033 haaresis
981 1953 1345 2032 nonJaciebat
1364 1966 1761 2029 invocationem

187 2057 250 2113 S.
278 2058 578 2115 Trinitatis.
1334 2102 1338 2105 ι

263 2147 534 2203 Damasus
565 2156 747 2203 autem
782 2163 922 2219 papa
953 2147 1123 2218 (epist.
1152 2146 1230 2217 5),
1257 2147 1502 2202 scribens
1531 2147 1598 2202 ad
1633 2145 1764 2200 Pro-

185 2251 416 2306 sperum
447 2237 636 2308 primae
657 2238 800 2293 sedis
821 2235 1086 2292 Numidiae
1105 2238 1418 2308 episcopum
1441 2247 1494 2291 et
1527 2237 1764 2306 reliquos

184 2328 508 2396 episcopos,
559 2337 754 2383 vestra:
803 2329 1097 2384 sententia)”
1145 2328 1214 2396 de
1272 2327 1764 2382 reordinationibns

186 2417 478 2486 astipulari
507 2418 739 2483 videtur,
769 2419 814 2472 si
854 2428 1032 2472 tamen
1063 2419 1120 2472 in
1154 2409 1446 2488 exemplari
1469 2433 1580 2474 non
1619 2417 1762 2472 falli-

188 2519 360 2559 mur:
393 2523 410 2556 σ
440 2503 542 2559 Per
569 2505 714 2558 illam
741 2505 981 2575 illicitam
1005 2522 1200 2561 manus
1225 2506 1649 2577 impositionem,
1682 2507 1766 2560 in.

185 2597 334 2665 quit,
372 2606 431 2652 ut
469 2597 631 2666 paulo
673 2598 924 2668 superius
959 2599 1382 2669 praelibavimus,
1423 2599 1763 2660 vulneratum

186 2675 358 2754 caput
381 2687 455 2742 illi
478 2687 571 2757 qui
595 2687 914 2744 videbantur
941 2690 1146 2759 aliquid
1167 2676 1442 2759 accepiSse
1472 2689 1760 2744 habebant.

186 2773 281 2839 Et,
316 2776 406 2832 ubi
441 2777 639 2832 vulnus
665 2765 909 2833 infixum
937 2789 1040 2845 est,
1072 2795 1294 2834 necesse
1316 2787 1400 2835 est
1442 2777 1764 2834 medicinam

131 2883 137 2888 λ
184 2853 472 2931 adhibere,
507 2883 614 2936 qua
651 2867 815 2932 infixa
857 2877 1080 2924 sanetur
1107 2871 1339 2937 macula,
1386 2871 1437 2926 id
1469 2882 1573 2938 est,
1607 2873 1766 2928 reite-

183 2957 315 3012 rari.
335 2973 556 3012 necesse
597 2967 680 3012 est
725 2959 870 3028 quod
909 2960 1144 3030 legitime
1173 2969 1354 3023 actum
1387 2971 1481 3022 aut
1508 2964 1764 3018 collatum

187 3048 418 3104 minimc
459 3049 738 3119 probatur,
779 3051 827 3104 si
864 3049 1162 3120 perfectum
1198 3066 1320 3107 esse
1350 3054 1584 3108 debebit.
1628 3052 1762 3108 Nam

187 3139 470 3210 quomodo
496 3141 758 3198 honorem
781 3141 953 3212 possit
977 3142 1212 3197 retinere
1232 3144 1323 3213 qui
1354 3145 1422 3198 ab
1443 3145 1533 3198 illo
1560 3145 1764 3213 accepit

187 3231 288 3300 qui
317 3239 638 3300 potestatem
680 3231 810 3287 dare
853 3232 1088 3303 legitime
1120 3248 1228 3288 non
1280 3234 1485 3298 habuit,
1522 3235 1763 3300 invenire

189 3336 303 3388 non
330 3335 554 3390 possum
577 3318 780 3390 (l05l).
814 3340 832 3376 ›

266 3407 472 3464 [larum
494 3409 659 3481 igitur
680 3411 1071 3468 sententiarum
1094 3414 1505 3484 repugnantiam
1532 3429 1762 3470 concor-

187 3501 324 3556 dare
345 3501 642 3569 nescimus,
665 3502 772 3558 nisi
800 3503 906 3558 hoc
933 3504 1240 3558 auctoritati
1264 3505 1408 3561 sedis
1432 3506 1761 3575 apostolicte,

187 3607 319 3648 cum
354 3589 626 3649 conSensu
655 3600 856 3649 sanctas
881 3595 1072 3650 matris
1108 3594 1362 3650 Ecclesia:
1391 3597 1598 3651 licitum
1629 3595 1765 3650 forte

183 3683 462 3748 dicamus,
495 3691 556 3740 ut
578 3697 677 3765 pro
699 3683 879 3757 aliqua
904 3683 1166 3752 temporis
1197 3685 1520 3738 necessitate
1547 3684 1764 3739 ordina-

183 3781 280 3838 με
307 3770 377 3825 ab
403 3769 692 3838 haereticis,
723 3785 820 3841 per
859 3769 1259 3831 invocationem
1298 3770 1355 3824 S.
1389 3770 1671 3826 Trinitatis
1706 3772 1763 3836 in

177 3852 384 3918 ordine
423 3877 525 3917 suo
553 3875 663 3917 non
703 3861 1166 3918 reconsecrandos
1200 3853 1480 3935 suscipiat,
1509 3879 1650 3934 quos
1679 3873 1764 3924 ta-

181 3966 319 4007 men
362 3952 655 4022 aliquando
697 3952 767 4015 ad
803 3953 1194 4008 evidentiorem
1237 3951 1506 4013 haeretica:
1546 3955 1767 4009 ordina-

179 4042 361 4113 tionis
381 4042 830 4113 proscriptionem
847 4033 1214 4100 reconsecrari
1233 4045 1527 4114 pmipiat.
1549 4043 1764 4098 Nullam

177 4132 340 4188 enim
377 4131 844 4188 consecrationem
883 4131 1133 4187 videntur
1173 4130 1447 4202 aliquibus
1491 4133 1766 4203 accepisse

179 4221 262 4294 ab
289 4221 557 4281 haereticis
583 4223 782 4295 quippe
802 4221 917 4292 jam
938 4221 1145 4279 dudum
1166 4224 1317 4279 omni
1339 4225 1569 4295 spiritali
1592 4225 1765 4297 gratia

175 4311 438 4384 privatis,
464 4321 526 4369 ut
551 4312 612 4368 Β.
654 4311 824 4370 Judas
847 4315 1129 4386 apostolus
1152 4315 1220 4372 de
1259 4316 1461 4388 eisdem
1495 4325 1723 4374 testatur
1747 4338 1760 4374 :

184 4421 208 4457 α
252 4401 320 4459 lli
351 4400 499 4483 sunt,
531 4405 728 4475 inquit,
753 4405 848 4476 qui
876 4412 1161 4477 segregant
1190 4421 1247 4460 se
1275 4407 1445 4474 ipsos,
1475 4406 1760 4476 animales,

1863 624 1978 669 tute
2005 616 2470 681 sanctilicationis,
2505 631 2569 671 ex
2593 631 2862 671 consensu
2893 623 3091 670 sancta:
3119 615 3369 672 Ecclesia:
3389 632 3422 673 a

1861 707 2141 762 conversis
2183 707 2498 771 retineatur,
2541 706 2655 760 sive
2696 722 2792 775 per
2826 704 3162 760 iterationem
3205 707 3422 775 penitus
3491 743 3497 750 -

1861 796 2264 866 proscribatur,
2302 796 2368 851 ad
2392 811 2631 866 praesens
2664 811 2773 850 non
2807 797 3046 851 occurrit
3073 796 3216 865 quod
3251 796 3421 851 ratio-

1862 887 2112 944 nabiliter
2133 886 2294 958 objici
2317 887 2489 956 possit
2511 885 2713 957 (1052).
2745 884 2879 943 Nam
2909 884 3000 940 illa
3026 886 3279 955 objectio,
3303 902 3423 956 qua:

1861 979 1994 1034 dicit
2032 979 2430 1033 invocationem
2467 987 2667 1034 sancta:
2705 976 3008 1043 Trinitatis,
3049 978 3174 1033 licet
3209 979 3277 1033 ab
3312 979 3422 1032 ha:-

1862 1068 2042 1136 retico:
2061 1067 2257 1122 factam
2288 1083 2396 1121 non
2438 1082 2560 1121 esse
2595 1065 2996 1131 annullandam,
3035 1065 3194 1120 facile
3228 1066 3425 1120 refelli-

1861 1165 1971 1224 tur,
2004 1174 2127 1212 cum
2154 1157 2412 1212 ecclesias
2446 1157 2572 1211 item
2609 1157 2678 1212 ab
2699 1157 2966 1212 haereticis
2996 1171 3092 1226 per
3125 1157 3426 1212 invocatio—

1862 1264 1986 1304 nem
2029 1247 2086 1302 S.
2123 1247 2407 1302 Trinitatis
2435 1256 2779 1303 consecratas
2815 1261 3191 1302 reconsecrare
3229 1245 3423 1316 jubea-

1862 1353 2006 1402 mur,
2044 1345 2104 1391 ut
2146 1335 2202 1390 S.
2238 1334 2477 1390 Joannes
2514 1337 2712 1406 praesul
2758 1336 3110 1406 apostolicus,
3143 1336 3286 1390 illius
3320 1351 3424 1390 no-

1861 1425 2252 1497 minis‘primus
2274 1417 2503 1481 diversis
2531 1426 2800 1496 episcopis
2825 1427 3087 1492 scribens,
3120 1426 3425 1484 decrevisse

1863 1519 2059 1588 legitur
2083 1518 2184 1587 (ep.
2211 1518 2268 1588 2)
2293 1535 2308 1570 :
2349 1534 2369 1568 ‹
2397 1514 2685 1581 Ecclesias,
2720 1515 2914 1587 inquit,
2945 1516 3272 1574 Arianorum
3302 1517 3426 1570 ubiv
3465 1515 3475 1526 '

1863 1622 2078 1678 cunque
2115 1605 2452 1671 inveneritis,
2476 1605 2781 1661 catholicas
2814 1620 2910 1660 eas
2936 1605 3136 1660 divinis
3177 1607 3429 1674 precibus

1861 1705 1915 1751 et
1941 1697 2193 1766 operibus
2213 1697 2420 1766 absque
2444 1696 2551 1750 ulla
2577 1711 2729 1750 mora
2751 1703 3080 1762 consecrate,
3105 1695 3232 1764 quia
3253 1705 3304 1750 et
3326 1711 3428 1750 nos

1864 1786 2112 1850 fecimus,
2155 1801 2278 1840 cum
2314 1800 2412 1855 pro
2437 1800 2603 1842 causa
2639 1782 2966 1841 Theodorici
2995 1785 3137 1856 regis
3165 1783 3431 1846 Constam

1864 1877 2088 1946 tinopoli
2121 1875 2430 1930 fuissemus.
2466 1894 2484 1926 ο

1933 1967 2132 2038 Nempe
2162 1967 2302 2021 sacri
2329 1965 2669 2034 baptismatis
2703 1964 2934 2020 formam
2989 1966 3043 2020 in
3089 1967 3310 2022 nomine
3363 1966 3420 2022 S.

1865 2059 2168 2124 Trinitatis,
2203 2059 2327 2113 licet
2359 2057 2428 2110 ab
2463 2057 2716 2111 haeretica
2747 2065 3076 2124 susceptam,
3119 2071 3226 2112 non
3259 2057 3426 2111 itera-
3456 2062 3459 2064 ’

1863 2167 2008 2217 mus,
2043 2165 2111 2204 ne
2159 2144 2484 2220 prmceptum
2531 2146 2600 2200 ab
2650 2145 2906 2216 Apostolo
2948 2161 3118 2201 unum
3162 2146 3428 2216 baptisma

1862 2239 2221 2310 praecipientis
2247 2237 2588 2307 przevaricari
2625 2237 2924 2292 videamur.
2955 2234 3238 2301 Pmterea,
3279 2246 3339 2290 ut
3364 2236 3425 2290 Β.

1863 2330 2012 2384 Felix
2057 2319 2194 2398 papa
2248 2326 2484 2398 generali
2537 2327 2745 2397 synodo
2800 2326 3096 2397 prtesidens
3142 2326 3427 2380 verissime

1863 2419 2230 2492 pronuntiavit
2264 2417 2448 2488 (1053)
2478 2433 2491 2470 :
2531 2435 2549 2467 ‹
2573 2415 2770 2495 Nullus
2801 2418 2866 2471 ad
2897 2418 3188 2473 secundam
3214 2417 3431 2473 tinctio-
3496 2454 3502 2458 -

1865 2524 1989 2564 nem
2031 2509 2217 2563 venire
2262 2505 2478 2576 poterit,
2524 2504 2630 2559 nisi
2678 2505 2929 2574 primitus
2984 2505 3229 2574 professo
3272 2521 3434 2576 paga-

1864 2599 2043 2652 nismo
2075 2612 2135 2651 se
2159 2595 2530 2650 Christianum
2572 2593 2935 2663 denegaverit.
2972 2613 2990 2644 ι
3031 2592 3164 2659 Qua:
3197 2596 3432 2663 denega-

1815 2699 1822 2706 '
1865 2689 1938 2742 tio
1963 2703 2059 2757 per
2084 2686 2422 2741 iterationem
2447 2680 2702 2754 bapiismi
2723 2685 2846 2753 jure
2871 2684 3145 2749 videatur;
3179 2700 3245 2737 ne
3271 2685 3430 2752 juxta

1862 2777 2141 2833 Niczenum
2176 2775 2468 2832 concilium
2505 2774 2825 2845 gravissime
2871 2772 3148 2844 puniatur.
3200 2772 3315 2828 lloc
3353 2783 3463 2828 ta~'
3495 2795 3505 2805 -

1864 2886 1987 2926 men
2014 2868 2386 2923 indubitanter
2410 2866 2636 2932 scimus,
2661 2866 2815 2935 juxta
2841 2865 3167 2936 apostolicas
3194 2866 3432 2920 sanctio-

1865 2976 1983 3026 nes,
2012 2960 2218 3013 nullum
2242 2959 2311 3012 ab
2340 2958 2594 3012 haeretico
2615 2957 2924 3012 ordinatum
2955 2973 2984 3010 a
3026 2957 3327 3021 catholicis,
3351 2973 3436 3010 vc.

1865 3052 1919 3105 in
1945 3050 2134 3104 ordine
2162 3064 2263 3102 suo
2298 3047 2685 3117 recipiendum,
2721 3049 2800 3101 vel
2851 3047 3298 3114 reordinandum,
3329 3047 3436 3101 nisi

1865 3138 1920 3191 in
1947 3138 2049 3191 hoc
2076 3136 2238 3190 alicui
2262 3136 2524 3204 temporis
2557 3135 2868 3190 necessitati
2905 3137 3240 3190 consulatur.
3277 3133 3434 3204 Nam,

1867 3235 1926 3281 ut
1958 3225 2246 3295 prtedictns
2271 3238 2408 3292 papa
2432 3222 2778 3278 Innocentius
2807 3224 3002 3278 asserit
3029 3243 3042 3278 :
3081 3243 3098 3274 ‹
3140 3223 3436 3279 Hmrcticus

1863 3331 1961 3386 per
1983 3329 2206 3385 pravam
2250 3327 2447 3367 manus
2491 3312 2889 3382 impositionem
2928 3313 3176 3366 ordinato
3203 3313 3433 3366 damna-

1863 3406 2064 3461 tionem
2111 3403 2398 3474 irrogavit;
2443 3403 2552 3469 cui,
2597 3403 2724 3472 quia
2770 3403 3067 3457 remedium
3100 3402 3434 3471 paenitentia:

1864 3496 2229 3552 necessarium
2251 3503 2351 3561 est,
2376 3491 2630 3565 legitima:
2651 3493 3007 3548 ordinationis
3033 3494 3298 3547 honorem
3335 3494 3436 3548 ha-

1863 3589 1990 3642 bere
2014 3602 2120 3642 non
2143 3595 2336 3656 potest.
2377 3605 2394 3636 ι
2424 3584 2557 3640 item
2591 3572 2920 3662 Africanum,
2949 3583 3264 3648 concilium,
3309 3599 3429 3651 cap.

1863 3678 1952 3744 35,
1980 3677 2238 3741 decrevit,
2266 3667 2326 3731 ut
2359 3676 2592 3732 ordinati
2621 3677 2675 3729 in
2717 3687 2869 3745 parte
2896 3675 3119 3740 Donati,
3163 3675 3209 3728 si
3249 3675 3314 3726 ad
3340 3689 3435 3727 eaq

1862 3764 2117 3820 tholicam
2142 3764 2370 3820 correcti
2408 3765 2645 3828 transire
2672 3765 2961 3827 voluerint,
2989 3779 3094 3816 non
3125 3759 3432 3827 suscipian-

1862 3862 1954 3910 tur
1999 3855 2054 3908 in
2103 3854 2402 3910 honoribus
2449 3853 2582 3915 suis,
2642 3851 2938 3905 secundum
2982 3847 3432 3902 Transmarinutn

1863 3948 2171 4010 concilium,
2218 3942 2458 4012 exceptis
2486 3937 2592 4005 liis,
2640 3955 2737 4009 per
2766 3954 3002 4010 quorum
3032 3937 3432 4008 susceptionem

1863 4036 2144 4090 catholicae
2170 4032 2365 4088 unitati
2403 4030 2726 4092 consulitur.

1930 4125 2236 4182 Notandum
2295 4138 2512 4193 quoque
2563 4123 2710 4192 quod
2761 4122 2816 4176 in
2859 4119 3118 4199 Africano
3165 4118 3431 4185 concilio,

1863 4234 1982 4290 cap.
2022 4219 2111 4286 75,
2175 4216 2489 4272 decernitur
2534 4221 2596 4268 ut
2653 4227 2761 4265 non
2814 4211 2973 4263 liceat
3021 4209 3136 4263 ﬂeri
3196 4209 3446 4278 rebapti-.

1864 4309 2103 4363 zationes
2128 4349 2143 4373 ,
2173 4302 2633 4373 reordinationes,
2683 4299 2765 4362 vel
2811 4298 3196 4354 translationes
3224 4300 3436 4370 cpisco-

1861 4417 2080 4472 porum.
3375 4411 3378 4413 λ

177 4498 442 4569 spiritum
485 4513 592 4557 non
623 4498 904 4573 habentes.
941 4517 960 4550 ι
997 4496 1150 4551 Unde
1173 4495 1235 4550 B.
1273 4496 1622 4555 innocentius
1647 4500 1760 4571 (24,
1795 4516 1840 4570 ι)
1933 4513 2061 4566 nem
2085 4505 2466 4564 sanctissimus
2495 4519 2634 4574 papa
2660 4501 2956 4573 Gregorius
2985 4502 3230 4558 scribens
3259 4499 3431 4553 Joan-

175 4605 258 4658 (ι-
280 4589 332 4654 1,
359 4604 408 4644 c.
447 4586 536 4658 30)
564 4582 577 4642 ὲ
630 4607 648 4639 ι
678 4587 944 4653 ﬂmretici,
978 4587 1172 4657 inquit,
1205 4602 1330 4643 cum
1369 4604 1401 4644 a
1435 4589 1538 4645 (ide
1563 4591 1755 4646 catho-

172 4679 292 4733 lica
325 4677 668 4742 desisterent,
695 4676 1080 4746 perfectionem
1113 4678 1358 4749 spiritus,
1404 4695 1568 4749 quam
1605 4695 1756 4735 acce-

173 4774 403 4839 perant,
426 4767 747 4823 amiserunt.
776 4787 794 4818 ι
823 4767 962 4845 Hinc
985 4769 1151 4838 igitur
1166 4769 1454 4837 conjicitur
1472 4769 1756 4824 ordinatos

176 4859 258 4917 ab
289 4858 544 4914 bteretico
565 4873 674 4912 non
702 4851 1169 4929 consectlationem
1193 4858 1432 4928 aliquam
1459 4859 1753 4929 accepisse,

175 4950 282 5006 sed
325 4949 495 5005 solam
537 4949 769 5019 ferinam
824 4910 1250 5020 consecrationis
1275 4910 1507 5022 inbsque
1560 4910 1759 5014 virtute

259 5128 444 5203 (f05l)
480 5127 595 5203 Hoc
655 5126 874 5203 Damasi
930 5127 1132 5182 dictum
1192 5135 1260 5203 et
1295 5127 1493 5203 similia
1540 5130 1764 5203 intelligi

173 5195 384 5255 debent
416 5195 501 5251 vel
540 5200 610 5253 de
648 5199 1022 5252 ordinatorum
1058 5212 1184 5251 cum
1220 5195 1460 5252 Ecclesia
1505 5195 1766 5255 concilia-

180 5269 366 5334 tione,
399 5267 485 5320 vel
527 5267 930 5336 reordinatione
958 5282 1104 5330 vera,
1133 5267 1181 5320 si
1202 5267 1534 5336 quis’valide
1558 5270 1626 5322 ab
1653 5271 1764 5324 hae-
1797 5286 1806 5292 ‘

178 5337 358 5393 retico
392 5335 875 5392 velschismatico
912 5352 1020 5391 nou
1071 5335 1235 5391 fuerit
1275 5337 1585 5401 ordinatus,
1629 5355 1755 5392 enm

179 5407 394 5532 millies?
422 5404 703 5460 ordinatos
734 5407 1021 5461 ordinandi
1053 5421 1150 5460 nec
1180 5406 1272 5476 jus
1306 5421 1404 5460 nec
1430 5415 1758 5476 potestatem

297 5491 352 5528 ut
382 5517 396 5530 .
1265 5489 1267 5491 ‘

297 5485 396 5530 uit.
1265 5489 1267 5491 ’

254 5544 442 5616 (1052)
482 5543 617 5616 Hac!
639 5541 979 5616 disputantur
1002 5543 1076 5616 ob‘
1098 5541 1386 5616 Adalberto
1411 5553 1462 5616 et
1487 5543 1755 5598 Bernaldo

183 5612 290 5670 non
312 5629 405 5680 per
425 5612 792 5675 assertionem,
819 5612 910 5666 sed
931 5613 1284 5680 inquisitionis
1314 5615 1508 5680 gratia.

256 5630 290 5667 η
379 5629 792 5675 rassemonem,
819 5629 1284 5680 seatnqutsmonis
1347 5629 1508 5666 ratio.

256 5629 441 5752 (18⁸55)
482 5681 606 5752 Non
628 5681 738 5756 υμμ
765 5680 936 5756 foli;
968 5680 1086 5745 III,
1113 5684 1271 5756 epist_._
1306 5629 1357 5748 ξ,
1393 5683 1462 5736 ad
1491 5683 1587 5756 uni

184 5748 453 5829 episcopos
481 5748 608 5806 tom.
638 5749 726 5818 11,
753 5749 955 5817 Concil.
987 5748 1150 5829 ποσαί
1187 5752 1314 5806 edit.
1351 5768 1436 5808 eos
1470 5751 1559 5823 qui
1583 5748 1756 5808 Chri-

1342 5725 1357 5748 ,
1393 5683 1462 5736 ad
1491 5683 1754 5735 universos
1806 5729 1811 5734 .

1863 4603 1919 4656 ni
1958 4600 2212 4669 episcopo
2259 4594 2561 4649 Ravennati
2613 4589 2729 4663 (lib.
2764 4609 2833 4658 ιι,
2889 4591 3040 4660 epist.
3091 4589 3221 4656 52):
3260 4607 3277 4636 ι
3318 4585 3437 4645 Sic:

1860 4700 1939 4754 nt,
1972 4688 2167 4758 inquit,
2204 4687 2506 4756 baptizatus
2557 4683 2721 4738 semel
2768 4681 2963 4734 iterum
3013 4676 3278 4746 baptizari
3321 4692 3446 4741 non,

1861 4765 2047 4846 debet,
2071 4779 2144 4833 ita
2170 4778 2264 4848 qui
2307 4780 2657 4832 consecratus
2690 4779 2773 4824 est
2800 4767 2968 4822 semel
3010 4767 3062 4820 in
3093 4767 3284 4821 eodem
3328 4767 3448 4837 ite,

1860 4874 1984 4929 rum
2016 4871 2203 4925 ordine
2232 4881 2337 4920 non
2367 4863 2521 4917 debet
2548 4859 2892 4924 consecrari;
2921 4857 3014 4913 sed
3046 4857 3093 4913 si
3120 4858 3245 4928 quis
3273 4856 3433 4925 forsig

1864 4970 1955 5015 tan
1985 4973 2110 5014 cum
2141 4955 2242 5009 levi
2264 4952 2420 5022 culpa
2461 4950 2529 5004 ad
2561 4947 2925 5004 sacerdotium
2955 4946 3122 5014 venit,
3152 4963 3250 5016 pro
3272 4933 3430 5013 culpa

1865 5139 2004 5184 stum
2029 5127 2353 5195 abnegarunt
2390 5123 2559 5195 denuo
2583 5137 2693 5195 esse
2719 5120 3086 5195 baptizandos,
3129 5131 3216 5195 seu
3253 5114 3322 5195 ad
3357 5131 3434 5194 se.

1865 5196 2092 5254 cundum
2118 5183 2438 5249 tinctionem'
2457 5183 2804 5246 admittendos
2828 5206 2956 5251 esse,
2987 5196 3041 5238 ut
3069 5193 3252 5237 auctor
3277 5183 3432 5256 (cujus

1865 5252 2102 5337 cpistola"!
2147 5265 2466 5337 intellexisse
2510 5263 2747 5322 videtur;
2784 5259 3223 5337 sednexaggcratts
3261 5252 3431 5337 scelus

1864 5327 2245 5407 episcoporum,
2273 5332 2707 5407 presbyterorum.
2743 5337 2794 5379 et
2840 5327 3432 5407 άξαεοιιονμπινλςῆίήξε

1864 5386 2573 5476 nbilitasﬁeimiseiam,
2605 5399 2682 5476 ait
2707 5395 2883 5474 eos_ad
2911 5392 3191 5445 secundum
3211 5386 3430 5467 ⁸ιὶηεεὶοε
3505 5433 3510 5436 .

2027 5457 2125 5527 (ioci
2145 5457 2255 5538 est,
2291 5472 2359 5525 aa'
2387 5457 2631 5540 iteratum
2664 5463 2984 5540 baptismum
3021 5457 3292 5540 pervenire
3307 5469 3431 5540 Iron

1862 5533 2125 5614 potuisse;
2152 5533 2256 5614 nisi
2283 5539 2547 5605 Christum
2579 5533 2783 5614 penitus
2815 5537 3087 5614 negarent,
3113 5533 3429 5614 eis:

1864 5597 1956 5668 im
1978 5597 2088 5667 esse
2106 5597 2508 5680 profiterentur:
2529 5597 2799 5671 propterea
2830 5597 3087 5668 perpetua
3114 5597 3434 5659 panitentia’

1862 5701 1948 5738 eos
1975 5682 2211 5751 subjicit.
