3956 6384
501 457 637 510 ητθ
1458 446 1547 500 AD
1585 445 1811 501 Oi’iiiu
1851 444 1907 497 S.
1947 438 2273 496 tiREGORll
2310 430 2742 492 APPENDICES.
3588 415 3744 475 “80

501 568 813 639 pag-.ltentia
836 566 996 620 indici
1025 566 1179 619 debet
1202 572 1254 617 et
1283 573 1458 621 tamen
1487 561 1619 612 ordo
1641 558 1863 612 servari.
1903 576 1919 604 ι
1955 554 2059 608 Sed
2092 557 2130 610 Α
2159 552 2519 613 anathemate,
2543 546 2635 601 sed
2658 541 2963 613 specialiter
2983 539 3049 593 de
3076 537 3296 601 Acacio,
3318 536 3477 604 cujus
3503 534 3746 639 damna-

501 664 554 714 in
594 663 678 715 bis
710 659 1013 723 sententiis,
1053 666 1111 710 ut
1146 655 1298 710 nobis
1343 654 1570 713 videtur,
1601 666 1706 702 non
1739 659 1844 700 tant
1890 647 2059 699 lia-rc-
2160 643 2236 696 tio
2276 640 2537 703 nondum,
2585 651 2651 691 eo
2698 634 2931 697 vivente,
2976 629 3243 699 publicata
3287 627 3544 681 creditur.
3585 622 3739 677 Nam

2158 731 2246 784 ille.
2273 722 2881 782 exeonununiratoriam
2909 718 3100 773 Felicis
3132 731 3284 787 papa:
3308 715 3589 784 epistolam
3621 729 3738 766 no-

2159 819 2257 871 luit
2281 818 2540 885 recipere,
2572 822 2629 867 ut
2653 811 2938 864 Liberatus
2979 808 3035 861 in
3075 807 3216 860 libro
3246 819 3349 859 suo
3378 812 3631 858 testatur.
3669 800 3735 856 In

2157 926 2262 978 qna
2287 907 2514 977 epistola
2551 902 2864 957 mandatum
2894 907 2977 954 est
3005 898 3207 952 Acacio
3236 905 3295 950 ut
3323 911 3381 950 se
3404 908 3735 949 excommu-

2159 998 2398 1050 nicatuni
2427 995 2540 1049 fore
2562 1009 2670 1047 non
2691 991 2984 1054 dubitaret,
3011 998 3298 1060 postquam
3335 985 3581 1041 eamdem
3606 984 3737 1053 epi—

501 753 729 804 ticorum
771 748 1152 818 usurpationes
1199 759 1359 814 quam
1398 740 1801 798 Catholicorutn
1844 735 2060 789 ordina-

499 842 675 894 tiones
708 840 890 894 iterari
930 838 1299 906 prohibentur.
1350 830 1482 884 Nam
1536 826 1893 889 consecratio,
1937 838 2059 893 qua:

502 928 633 985 nulli
663 931 731 983 ab
757 929 1007 984 liaerctiro
1034 926 1149 980 dari
1193 933 1387 994 potest,
1415 930 1473 974 ut
1503 919 1785 988 probatum
1808 924 1911 979 est,
1940 914 1985 969 si
2027 928 2059 966 a

501 1020 783 1074 Catholici)
835 1017 1112 1072 conversis
1149 1013 1497 1083 impenditur,
1555 1025 1662 1063 non
1710 1009 1922 1070 iterata,
1966 1004 2059 1059 sed

500 1111 750 1180 primitus
786 1111 1022 1178 impensa
1062 1106 1232 1174 magis
1262 1101 1477 1172 proprie
1520 1100 1739 1154 dicitur.
1778 1094 1833 1147 Si
1866 1109 2059 1147 conse-

500 1202 768 1253 crationcs
795 1194 1405 1258 excernuntnieatorum,
1454 1200 1514 1245 ut
1557 1188 1933 1242 bmreticorum
1974 1184 2060 1237 ni-

500 1290 596 1344 hili
620 1290 920 1359 pendimus,
946 1287 1003 1339 Β.
1034 1284 1306 1339 Anastasii
1339 1297 1489 1351 papa:
1516 1279 1797 1335 sententiis
1822 1277 1888 1331 ad
1916 1262 2060 1328 Ana-

500 1382 726 1435 stasinm
758 1383 1059 1449 Augustum
1094 1375 1316 1430 directis
1367 1371 1635 1428 contraire
1658 1369 1934 1431 timemus,
1963 1365 2058 1434 qui

499 1481 835 1527 sacramenta
877 1486 983 1521 non
1026 1467 1176 1519 irrita
1222 1464 1336 1517 fore
1367 1460 1639 1516 contendit
1677 1473 1796 1527 qua:
1829 1456 2060 1509 Aeacius

499 1562 804 1631 patriarcha
830 1556 1477 1625 Coustantiuopolitanus,
1509 1552 1633 1605 licet
1654 1560 1682 1603 a
1717 1548 1892 1601 Felice
1920 1562 2056 1615 papa

493 1652 831 1722 jamdudum
881 1647 1391 1709 anathematizatus,
1440 1642 1739 1710 usurpavit.
1775 1639 1864 1693 Sic
1910 1637 2056 1692 enim

497 1744 783 1814 prtedietus
809 1741 1125 1794 Anastasius
1150 1754 1284 1808 papa
1314 1740 1557 1807 Augusto
1598 1733 1802 1797 scribit,
1837 1748 1954 1801 cap.
1988 1732 2053 1786 8:

504 1851 521 1882 ι
557 1831 677 1885 Ideo
703 1831 996 1899 (Aeacius),
1048 1829 1203 1899 cujus
1254 1843 1449 1880 nomen
1486 1825 1720 1879 dicimus
1767 1838 1889 1878 esse
1929 1821 2058 1876 reti-

497 1923 750 1987 cendum,
792 1923 928 1975 male
959 1923 1095 1974 ltoua
1127 1917 1507 1972 ~ntiuistranlo
1556 1916 1657 1970 sibi
1706 1923 1914 1968 tantum
1962 1929 2059 1967 no-

497 2014 642 2074 cuit;
677 2028 801 2064 nam
840 2010 1140 2063 inviolabile
1171 2016 1592 2068 sacramentum,
1622 2006 1764 2073 quod
1791 2020 1884 2073 per
1908 2003 2057 2056 illum

496 2101 680 2155 datum
705 2110 804 2163 est,
850 2103 969 2155 aliis
1000 2099 1383 2168 perfectionem
1411 2113 1523 2149 sua:
1553 2095 1764 2148 vit-tutis
1805 2093 2056 2158 obtinuit,

498 2194 545 2245 ci
577 2203 755 2246 autem
783 2192 977 2244 obfuit.
1018 2211 1034 2240 ι

567 2302 719 2366 Quod
747 2301 898 2353 sicst
945 2300 1250 2368 aliquorum
1305 2299 1359 2352 in
1410 2307 1615 2352 tantum
1660 2312 1717 2349 se
1764 2294 2061 2349 extendens

428 2468 433 2471 τ
497 2393 711 2446 curiosa
757 2391 997 2461 suspicio
1027 2400 1085 2443 ut
1128 2391 1454 2460 imaginetur
1478 2389 1686 2458 prolato
1721 2403 1751 2440 a
1783 2402 1918 2455 papa
1962 2385 2062 2440 Fc-

496 2484 598 2536 lice
630 2483 853 2550 judicio,
878 2481 1221 2551 inefficaciter
1246 2491 1428 2549 postea
1455 2482 1509 2532 in
1538 2478 1915 2539 sacramentis,
1940 2492 2063 2546 qua:

498 2572 728 2626 Aeacius
759 2573 1060 2640 usurpavit,
1096 2573 1290 2639 egisse,
1314 2587 1377 2624 ac
1417 2570 1638 2639 perinde
1678 2585 1771 2623 eos
1816 2578 2059 2622 metuere

498 2662 591 2730 qui
621 2663 705 2715 vel
737 2663 790 2715 in
814 2661 1331 2726 consecrationibus,
1382 2662 1462 2714 vel
1502 2660 1556 2713 in
1593 2660 1914 2728 baptismate
1940 2674 2061 2727 my-

499 2754 658 2807 steria
697 2754 890 2808 tradita
930 2762 1307 2822 susceperunt,
1344 2768 1411 2806 ne
1456 2752 1606 2806 irrita
1642 2752 1822 2805 divina
1860 2749 2063 2803 beneﬂ-

499 2847 580 2898 cia
625 2846 927 2907 videantur,
982 2845 1285 2897 meminerit
1324 2844 1377 2896 in
1424 2844 1563 2895 hanc
1609 2856 1823 2910 quoque
1853 2849 2061 2908 partem

500 2935 750 2987 similiter
773 2942 1057 2987 tractatum
1087 2934 1375 3002 praevalere
1409 2932 1766 3001 superiorem,
1804 2930 1931 2999 quia
1955 2946 2063 2984 non

501 3030 618 3082 sine
655 3029 1005 3097 usurpatione
1047 3026 1333 3081 sacerdotii
1389 3025 1731 3092 adjudicatus
1784 3023 1886 3075 hoc
1933 3023 2058 3091 egit.

500 3118 557 3171 In
607 3133 717 3185 quo
751 3119 1003 3170 virtutem
1063 3132 1216 3170 suam
1268 3116 1639 3169 obtinentibus
1683 3112 1973 3184 mysteriis,
2007 3112 2061 3165 in

500 3208 604 3261 hoc
638 3223 851 3276 quoque
877 3208 997 3260 aliis
1029 3223 1116 3260 rea
1152 3206 1252 3260 sibi
1282 3221 1511 3275 persona
1549 3221 1656 3257 non
1683 3205 1901 3258 nocuit;
1926 3202 2058 3258 Nam
2089 3196 2153 3250 Cri

502 3301 567 3353 ad
618 3301 768 3353 illum
817 3299 1076 3367 pertinuit
1120 3299 1264 3367 quod
1315 3297 1453 3355 tuba,
1488 3295 1735 3348 Davidiea
1800 3295 2059 3349 canitur:

508 3409 525 3439 ‹
570 3388 950 3444 Verumtamen
985 3387 1127 3441 Deus
1166 3386 1467 3457 confringet
1507 3386 1680 3454 capita
1721 3385 2062 3438 inimicorum

502 3496 725 3533 suorum
751 3497 765 3543 ;
790 3479 1045 3532 verticem
1075 3480 1253 3548 capilli
1286 3476 1776 3547 perambulantium
1832 3476 1888 3528 in
1931 3463 2071 3529 deli;

503 3570 603 3624 ctis
633 3570 747 3623 suis
775 3567 948 3636 (Paul.
981 3585 1123 3621 ιιι-ιι
1149 3571 1187 3636 ).
1221 3589 1238 3619 ι
1266 3566 1398 3620 Nam
1424 3566 1674 3635 superbia
1705 3580 1917 3633 semper
1936 3564 2061 3630 sibi,

503 3678 609 3716 non
653 3662 773 3718 aliis
819 3661 947 3713 facit
993 3662 1236 3723 ruinam;
1286 3659 1430 3728 quod
1471 3659 1720 3711 universa
1764 3657 2064 3711 (mlestium

506 3752 908 3820 Seripturarum
945 3759 1174 3803 testatur
1212 3749 1529 3809 auctoritas,
1575 3748 1714 3799 sicut
1754 3748 1914 3799 etiam
1971 3762 2066 3815 per

505 3840 765 3909 Spiritum
799 3849 1049 3893 sanctum
1071 3840 1269 3892 dicitur
1296 3838 1349 3889 in
1374 3836 1639 3905 Propheta
1671 3854 1683 3887 :
1720 3834 1895 3887 «‘Non
1921 3835 2070 3888 habi-

504 3932 637 3983 tabit
684 3932 736 3983 in
789 3932 964 3983 medio
1014 3932 1209 3985 domus
1257 3945 1388 3982 mea:
1435 3928 1528 3997 qui
1578 3926 1705 3981 facit
1757 3927 2065 3995 superbiam

504 4020 677 4090 (Paul.
704 4019 777 4087 c).
814 4038 832 4071 ι
876 4018 1049 4083 Unde,
1074 4035 1200 4073 cum
1231 4019 1334 4072 sibi
1364 4019 1661 4073 sacerdotis
1700 4033 1896 4072 nomen
1933 4032 2065 4070 ven-

504 4111 780 4175 dicaverit,
808 4111 1201 4165 condemnatus
1233 4111 1286 4161 in
1314 4110 1483 4177 ipsius
1515 4110 1771 4161 verticem
1804 4108 2068 4175 superbiae

506 4209 686 4253 tumor
720 4201 957 4254 inflictus
990 4212 1105 4265 est;
1142 4216 1251 4253 non
1285 4199 1539 4268 populus,
1571 4198 1665 4268 qui
1697 4197 1764 4251 ~in
1797 4197 2068 4266 mysteriis

504 4291 707 4346 donum
731 4291 901 4355 ipsius
928 4290 1163 4353 sitiebat,
1196 4290 1451 4342 exclusus
1477 4296 1578 4343 est.

578 4419 751 4489 llujus
781 4420 944 4489 igitur
989 4429 1267 4487 apostoncr
1320 4427 1636 4489 lanastasuj
1685 4424 1950 4471 sententia
1972 4430 2067 4469 ve—

2103 1079 2108 1084 ’
2158 1088 2350 1141 stolam
2390 1101 2484 1155 per
2527 1083 2840 1138 Toleratum
2882 1081 3174 1135 diaconum
3228 1075 3735 1147 suscepisset.‘Sed

2156 1179 2365 1247 legatus
2396 1175 2704 1246 apostolica:
2735 1172 2878 1227 sedis
2917 1171 3063 1224 illam
3100 1171 3228 1224 dare
3258 1165 3483 1231 Acacio,
3508 1167 3593 1223 vel
3619 1183 3733 1236 pu-

2157 1270 2359 1324 blicare
2409 1284 2517 1322 non
2559 1265 2922 1360 praesumpsit,
2965 1278 3032 1317 eo
3067 1262 3213 1333 quod
3266 1262 3559 1332 imperator
3603 1261 3736 1330 ejus

2156 1360 2329 1414 errori
2360 1353 2807 1429 patrocinareiur.
2847 1355 2904 1410 Si
2944 1356 3089 1409 enim
3124 1354 3244 1423 ejus
3284 1353 3561 1409 damnatio
3595 1353 3737 1407 sub-

2156 1452 2284 1506 ditis
2307 1450 2421 1504 suis
2443 1448 2714 1518 publicata
2746 1456 2915 1511 esset,
2954 1446 3108 1516 juxta
3134 1445 3274 1501 beati
3304 1443 3602 1498 Innocentii
3632 1459 3737 1514 pa-

2157 1557 2238 1610 pce
2286 1540 2665 1602 assertionem,
2719 1536 3034 1592 ordinandis
3095 1534 3276 1604 potius
3324 1520 3735 1588 damnationem

2158 1646 2319 1702 quam
2354 1628 2815 1683 consecrationem
2845 1626 3125 1696 irrogaret.
3171 1622 3325 1690 Quod
3357 1619 3739 1681 autemliam-

2111 1724 2114 1728 λ
2158 1706 2453 1786 ιὶθιὶυύῙυε
2495 1717 2567 1770 ita
2604 1715 2987 1778 occultaretur,
3021 1713 3145 1768 inde
3166 1713 3299 1767 satis
3337 1713 3553 1782 probari
3578 1712 3730 1765 vide~

2157 1820 2266 1875 tur,
2311 1810 2437 1879 quia
2484 1807 2815 1877 Euphemius
2861 1806 3150 1875 episcopus
3203 1818 3487 1858 successor
3534 1803 3731 1856 Aeaeii

2159 1900 2352 1970 quierit
2384 1915 2414 1953 a
2449 1898 2606 1953 beato
2633 1896 2849 1952 Gelasio
2874 1911 3026 1965 papae
3051 1894 3272 1965 quando
3308 1892 3542 1947 Aeacius
3566 1893 3734 1947 dam-

2160 2000 2383 2044 naretur
2422 1989 2507 2059 (Β.
2551 1987 2789 2041 Gelusius
2812 1984 2886 2051 *1,
2939 1987 3092 2053 epist.
3146 1985 3223 2052 0),
3274 1993 3333 2037 ut
3389 1984 3444 2036 in
3501 1984 3734 2052 epistola

2158 2080 2398 2148 ejusdem
2444 2093 2594 2147 papae
2621 2077 2687 2130 ad
2716 2075 2969 2129 eumdem
3005 2073 3362 2143 Euphemiam
3398 2075 3733 2128 continetur.

2159 2168 2223 2223 Et
2246 2184 2347 2222 nos
2399 2181 2615 2237 quoque
2671 2165 2976 2228 damnatos,
3039 2178 3272 2233 quorum
3326 2161 3735 2215 damnationem

2160 2260 2338 2314 adhuc
2398 2258 2754 2327 ignoramus,
2815 2252 2998 2306 divina
3053 2260 3393 2306 sacramenta
3461 2248 3740 2304 coniicere

2158 2363 2317 2418 posse
2357 2362 2451 2415 per
2493 2357 2822 2399 consensum
2854 2340 3109 2394 Ecclesiae
3150 2337 3449 2402 credimus;
3495 2353 3736 2408 quorum

2162 2446 2339 2491 tamen
2366 2432 2757 2489 coniectionem
2781 2431 2994 2502 publice
3022 2429 3294 2486 damnatis
3319 2428 3590 2483 ascribere
3617 2443 3736 2483 non

2162 2527 2446 2581 audemus.

2230 2614 2369 2683 Quid
2392 2621 2571 2668 autem
2601 2611 2757 2666 vobis
2791 2611 2858 2665 de
2882 2610 2969 2665 bis
3006 2609 3262 2663 omnibus
3288 2607 3554 2672 videatur,
3597 2605 3733 2661 cha-

2161 2708 2294 2762 ritas
2323 2714 2499 2764 vestra
2530 2704 2688 2759 nobis
2737 2703 3034 2759 rescribere
3086 2716 3197 2757 non
3249 2711 3523 2772 gravetur.
3570 2699 3729 2766 ltem,

2163 2798 2210 2853 si
2261 2796 2701 2851 consecrationes
2751 2809 2964 2859 eorum,
3013 2793 3106 2863 qui
3152 2792 3424 2862 quondam
3465 2791 3734 2846 catholice

2163 2887 2414 2951 ordinati,
2445 2900 2590 2938 nunc
2624 2881 2802 2937 autem
2832 2897 2930 2951 pro
2965 2881 3148 2951 aliqua
3174 2881 3331 2949 culpa
3358 2888 3487 2935 sunt
3510 2880 3729 2943 remoti,

2162 2983 2222 3027 ut
2252 2972 2630 3027 haereticorum
2671 2984 2772 3040 pro
2817 2967 2990 3021 nihilo
3034 2967 3304 3031 ducimus,
3339 2966 3619 3035 sententiis
3665 2965 3727 3019 S.

2163 3060 2451 3131 Augustini
2479 3058 2850 3112 contradicere
2877 3056 3153 3121 videmur;
3182 3055 3278 3124 qui
3316 3062 3370 3110 et
3404 3054 3459 3108 in
3502 3050 3732 3108 damna-

2164 3153 2235 3206 tis
2281 3158 2680 3206 sacramentum
2715 3145 3074 3200 ordinationis
3126 3158 3443 3213 permanere
3489 3142 3543 3195 in
3590 3142 3733 3196 libro

2165 3241 2240 3295 De
2279 3242 2424 3294 bono
2459 3236 2728 3307 conjugali
2756 3243 2985 3289 testatur
3023 3234 3159 3303 (cap.
3185 3232 3278 3300 ει)
3305 3249 3319 3285 :
3348 3250 3366 3282 ι
3408 3229 3489 3298 Si,
3526 3230 3728 3299 inquit,
3760 3285 3767 3292 ,

2164 3331 2255 3385 ﬁat
2279 3328 2546 3383 ordinatio
2569 3326 2697 3381 cleri
2722 3325 2789 3380 ad
2809 3325 3016 3394 plebem
3034 3319 3490 3392 congregandam,
3509 3318 3730 3374 etiamsi

2162 3420 2334 3489 plebis
2363 3418 2708 3489 congregatio
2750 3429 2860 3470 non
2906 3414 3291 3480 subsequatur,
3338 3418 3521 3463 manet
3546 3418 3735 3464 tamen

2166 3510 2218 3561 in
2244 3508 2505 3562 ordinatis
2548 3511 2947 3561 sacramentum
2969 3498 3347 3555 ordinationis.
3377 3497 3446 3552 Et
3471 3500 3522 3552 si
3548 3498 3735 3566 aliqua

2165 3600 2321 3668 culpa
2352 3598 2641 3667 quisquam
2675 3596 2745 3650 ab
2770 3593 2946 3647 oilicio
2980 3598 3348 3655 removeatur,
3391 3595 3738 3642 sacramento

2166 3689 2379 3743 Domini
2410 3687 2574 3742 semel
2604 3684 2880 3755 imposito,
2917 3696 3032 3736 non
3078 3678 3323 3744 carebit,
3370 3675 3620 3747 quamvis
3663 3674 3736 3729 ad

2161 3779 2427 3849 judicium
2475 3783 2842 3845 permanente.
2885 3791 2904 3823 ι
2952 3769 3114 3823 Juxta
3170 3767 3335 3835 hujus
3378 3764 3479 3818 viri
3509 3770 3736 3817 senten-

2151 3868 2319 3931 tiam,
2362 3865 2557 3920 remoti
2604 3866 2767 3919 etiam
2814 3862 2883 3916 ab
2914 3859 3112 3925 otﬂcio,
3153 3871 3279 3911 cum
3328 3860 3739 3911 sacramentum

2167 3956 2524 4012 ordinationis
2568 3954 2866 4019 retineant,
2909 3949 3092 4004 divina
3120 3954 3484 4011 sacramenta,
3521 3946 3646 4000 licet
3664 3946 3737 4000 ad

2166 4047 2570 4103 damnationem
2611 4059 2791 4108 suam,
2837 4040 3111 4096 celebrare
3147 4044 3408 4106 possunt;
3457 4036 3507 4090 sl
3551 4044 3736 4089 tamen

2166 4141 2318 4194 vobis
2342 4154 2449 4197 non
2476 4138 2631 4191 aliter
2665 4134 2880 4189 videtur
2906 4127 3333 4199 intelligendum.

2238 4225 2444 4280 Vestra:
2473 4226 2637 4294 igitur
2670 4219 3074 4276 deliberationis
3100 4215 3422 4271 sententiam
3451 4220 3739 4283 exspecta-

2169 4332 2292 4372 mus
2315 4316 2381 4370 de
2406 4315 2491 4369 his
2517 4312 2794 4376 omnibus,
2825 4308 2941 4364 sive
2968 4321 3091 4377 quae
3133 4321 3235 4359 nos
3285 4305 3411 4373 ipsi,
3456 4313 3738 4374 utcunque

2168 4425 2267 4478 pro
2307 4415 2465 4476 captu
2497 4414 2697 4459 nostra:
2743 4397 3107 4471 intelligentia:
3148 4394 3429 4459 solvimus,
3464 4392 3579 4448 sive
3613 4407 3740 4461 qua

505 4519 622 4565 tare
673 4511 884 4565 videtur
949 4524 1016 4562 ne
1082 4509 1166 4561 vel
1229 4508 1679 4562 excommunicati
1731 4512 2069 4561 sacramenta
2102 4509 2145 4562 Ι)
2171 4514 2271 4553 nos
2296 4498 2538 4551 nondum
2594 4494 2823 4558 solvere,
2881 4506 2977 4545 seu
3049 4486 3350 4557 intelligere
3408 4482 3736 4552 potuimus;

507 4601 658 4655 irrita
709 4601 821 4653 fore
860 4607 1209 4663 censeantur;
1256 4596 1400 4667 quod
1440 4608 1629 4653 vestrae
1673 4596 1960 4652 assertioni
1999 4596 2065 4650 de

508 4689 819 4758 hujusmodi
843 4698 1304 4743 sacramentorum
1349 4688 1716 4741 annullatione
1759 4701 1866 4738 non
1914 4686 2067 4739 dubi-

507 4790 1020 4848 tatur'repuguare,
1059 4778 1162 4831 nisi
1188 4776 1325 4831 forte
1364 4778 1611 4831 dicamus
1662 4776 1880 4829 beatum
1932 4773 2070 4827 Ana-

507 4870 735 4926 stasium
791 4884 983 4937 papam
1021 4881 1128 4921 non
1179 4866 1281 4921 hoc
1324 4868 1524 4921 dixisse
1568 4867 1635 4921 de
1682 4862 1971 4944 publicatis
2013 4862 2067 4916 in

2180 4608 2198 4641 ι
2230 4586 2374 4641 Deus
2401 4594 2579 4639 autem
2625 4584 2775 4652 pacis
2829 4579 3133 4636 sanctiﬁcet
3168 4591 3267 4630 vos
3294 4590 3392 4642 per
3428 4572 3635 4638 omnia,
3679 4581 3743 4627 ut

2171 4677 2378 4747 integer
2422 4675 2645 4744 spiritus
2692 4681 2891 4736 vester,
2921 4676 2976 4724 et
3027 4667 3229 4731 anima,
3273 4671 3330 4719 et
3379 4679 3583 4733 corpus
3619 4663 3743 4718 sine

2171 4768 2388 4839 querela
2415 4766 2468 4820 in
2494 4765 2726 4819 adventu
2752 4759 2969 4817 Domini
2996 4757 3167 4831 nostri
3206 4754 3334 4811 Jesu
3370 4752 3581 4810 Christi
3620 4767 3745 4811 ser-

2171 4870 2328 4916 vetur
2359 4857 2413 4928 (Ι
2443 4857 2619 4911 Thess.
2653 4855 2728 4925 v).
2760 4872 2779 4905 ι

3512 6216 3881 6281 κει-ΞΛ
