3956 6422
1165 457 1452 512 APPEND.
1494 457 1580 512 III.
1621 469 1690 498 -'-
1727 455 2158 511 MONUMENTA
2197 458 2656 515 GRECORIANA.

809 742 1762 879 BERNALDI
1817 769 3026 880 PRESBYTER!

390 993 556 1156 DE
662 1003 1182 1161 VITANDA
1284 1003 2474 1157 EXCMIMUNIGA’I‘ORUM
2513 1091 2534 1147 -_
2578 1002 3363 1181 GoMlIUNIONE,

1009 1287 1142 1364 DE
1193 1264 2140 1367 RECONCILIATIONE
2193 1283 2768 1362 LAPSOBUM.

1818 1477 1886 1516 ετ
1925 1477 1990 1515 DF

282 1619 781 1690 CONCILIORUM,
817 1617 1145 1676 CANONUM
1168 1661 1185 1688 ,
1224 1615 1688 1675 DECRETORUM
1714 1660 1728 1683 ,
1768 1609 2288 1680 DECRETALIUSI,
2340 1608 2782 1676 IPSORUMQUE
2837 1606 3082 1664 PONTIF
3087 1606 3249 1663 ICUM
3289 1604 3509 1662 ROMA-

1512 1707 1696 1764 ΝΟΜ]
1706 1708 1753 1762 Μ
1789 1704 2273 1763 AUCTORITATE

1720 1877 2074 1965 LIBER

1089 2070 1268 2130 Nunc
1287 2067 1564 2144 primum
1602 2082 1678 2123 ex
1709 2063 1978 2124 tenebris
2009 2064 2075 2124 in
2110 2061 2302 2125 lucem
2329 2065 2702 2128 rtndiratns.

1719 2234 2035 2251 _

1687 2338 2067 2402 LECTORI.

349 2491 484 2572 Quis
538 2505 718 2569 fuerit,
757 2513 811 2560 et
848 2520 968 2574 quae
1019 2504 1297 2573 scripserit
1346 2503 1641 2559 Bernaldus
1685 2501 2120 2559 Constantiensis
2165 2505 2463 2576 presbyter,
2492 2505 2676 2560 docuit
2711 2505 2994 2560 Gretserus
3021 2521 3074 2558 m
3110 2505 3366 2576 Apologia
3391 2521 3489 2575 pro
3545 2570 3550 2571 ί

268 2593 543 2663 Gregorio
574 2593 680 2647 VII.
705 2594 805 2648 Cui
832 2595 996 2648 etiam
1029 2595 1173 2646 varia
1203 2593 1450 2646 Bernaldi
1493 2592 1755 2660 opuscula
1797 2607 1894 2659 pro
1920 2589 2395 2657 Gregorio'eodem
2436 2596 2690 2663 pontiﬁce
2719 2605 2906 2649 contra
2937 2598 3332 2656 schismatieos,
3378 2606 3501 2648 ante

269 2699 560 2752 nunquam
595 2685 728 2749 visa,
772 2684 1017 2737 inseruit.
1059 2682 1264 2735 Interea
1307 2681 1527 2734 numine
1561 2681 1699 2732 bene
1741 2678 1918 2732 amico
1953 2695 2017 2732 ex
2051 2681 2287 2735 tenebris
2343 2683 2562 2735 emersit
2609 2692 2664 2735 et
2717 2683 2817 2736 iste
2865 2684 2958 2752 qui
3012 2700 3153 2736 nunc
3194 2685 3502 2751 publicator

270 2777 629 2843 lractatulus,
658 2792 848 2845 quem,
880 2786 937 2830 ut
967 2777 1228 2830 vindicem
1271 2772 1583 2842 Gregoriani
1625 2772 1858 2826 nominis
1882 2781 1936 2826 et
1958 2770 2200 2847 honoris,
2226 2789 2349 2827 cum
2382 2773 2684 2827 orthodoxe
2719 2774 2917 2829 lectore
2963 2774 3366 2827 communicare
3390 2789 3498 2826 non

267 2864 608 2918 distulimus.

346 2956 726 3020 Gebehardus,
756 2971 916 3024 quem
955 2955 1100 3009 brevi
1151 2953 1448 3022 prceloquio
1483 2952 1794 3020 alloquitur,
1822 2951 2050 3006 forsitan
2087 2952 2176 3007 ille
2217 2953 2322 3007 erit
2364 2953 2430 3006 de
2475 2967 2585 3022 quo
2629 2952 2927 3007 Bernaldus
2966 2953 3018 3006 in
3062 2969 3162 3007 suo
3201 2952 3492 3014 Chronico,

264 3059 422 3102 anno
454 3045 607 3099 I098.
639 3044 940 3099 Cebltardus
972 3047 1072 3114 (sic
1099 3046 1241 3098 enim
1267 3044 1570 3113 legendum,
1597 3060 1702 3097 non
1747 3053 1804 3097 ut
1832 3043 2133 3098 Urstisiana
2162 3045 2354 3107 editio,
2389 3042 2710 3108 Cerltardus)
2751 3044 3056 3096 venerabilis
3093 3044 3251 3094 abbas
3291 3042 3498 3110 Seba/f-

266 3134 514 3186 liusensis
534 3150 628 3203 pro
659 3133 963 3187 ltuntilitat;
979 3134 1150 3186 locum
1172 3148 1344 3196 suum,
1377 3141 1634 3184 annuente
1667 3134 1877 3185 domino
1901 3148 2058 3200 papa,
2085 3133 2314 3195 dimisit,
2347 3141 2395 3183 et
2420 3132 2483 3183 ab
2513 3133 2622 3200 ipso
2645 3134 3042 3194 concessionem,
3069 3142 3121 3183 ut
3155 3133 3291 3192 alius
3326 3135 3492 3184 cid.,m

264 3226 390 3276 loco
413 3223 572 3279 abbas
616 3225 986 3292 praeficeretur,
1019 3225 1334 3290 impetrarit.
1381 3223 1536 3285 Item,
1562 3205 1698 3275 anno
1744 3219 1905 3284 IIOO,
1932 3220 2264 3274 Gebehardus
2295 3221 2601 3272 venerabilia
2638 3221 2817 3282 abbas,
2849 3222 2938 3290 qui
2966 3223 3168 3289 pridem
3207 3221 3488 3287 Schn/[lan—

263 3327 473 3363 aensem
514 3310 777 3363 abbatiam
807 3327 902 3379 pro
934 3311 1040 3364 Deo
1080 3313 1306 3375 dimisit,
1333 3323 1381 3366 et
1412 3314 1507 3365 hoc
1532 3328 1649 3365 cum
1677 3312 1989 3364 auctoritate
2019 3311 2217 3363 domini
2265 3309 2462 3363 Urbani
2487 3327 2637 3378 papae
2665 3311 3086 3378 Hierosolymam
3115 3327 3230 3361 cum
3258 3312 3488 3362 exercitu

265 3399 698 3453 Christianorum
735 3402 905 3470 petiit,
930 3402 1019 3469 qui
1059 3411 1173 3468 post
1205 3405 1396 3454 multo;
1425 3391 1628 3454 laberer
1668 3402 1932 3452 civitatem
1961 3400 2315 3464 obtinuerunt,
2346 3409 2395 3452 et
2433 3398 2683 3466 prwdicto
2735 3401 2913 3453 abbati
2953 3399 3246 3466 sepulcrum
3282 3398 3496 3452 Domini

200 3535 206 3540 .
266 3490 669 3543 custodiendum
707 3491 1090 3543 commiserunt.

343 3580 513 3635 Porro
539 3580 798 3650 quidquid
837 3581 889 3632 in
927 3581 1029 3633 hoc
1072 3581 1336 3648 opusculo
1377 3578 1672 3649 Bernaldus
1696 3577 1954 3644 disputat,
1983 3577 2033 3630 id
2061 3592 2127 3629 eo
2163 3577 2331 3629 tendit
2362 3586 2421 3630 ut
2464 3577 2712 3632 ostendat
2742 3576 2981 3646 Gregorii
3027 3576 3114 3633 VII
3159 3586 3212 3631 et
3259 3578 3488 3636 aliortun

267 3671 637 3728 recentiorum
688 3669 1003 3738 pontiﬁcum
1049 3669 1277 3722 decretis
1332 3684 1439 3720 non
1491 3660 1752 3719 minorem
1790 3665 2173 3728 reverentiam,
2222 3666 2619 3718 observantiam
2670 3667 3138 3720 rt‘obedicntiam
3193 3667 3372 3720 deberi
3430 3684 3492 3720 ac

268 3765 491 3822 s‘atutis
525 3773 764 3818 veterum
786 3763 1099 3831 pontiﬁcum
1129 3770 1182 3815 et
1209 3761 1595 3824 conciliorum;
1625 3774 1688 3811 ac
1730 3764 2009 3825 prOpterca
2056 3758 2554 3810 exeonununieatos
2585 3767 2713 3810 tunc
2757 3773 2786 3808 a
2815 3757 2940 3809 sedc
2967 3756 3260 3823 apostolica
3299 3757 3492 3808 πυρήια)

267 3853 470 3919 vitari;
505 3869 750 3908 reversos
785 3862 989 3918 tamen,
1014 3853 1096 3906 vel
1119 3853 1184 3906 ad
1208 3852 1483 3905 meliorem
1507 3857 1740 3903 mentem
1766 3847 1959 3899 reverti
1985 3847 2286 3914 cupientes,
2307 3846 2430 3914 jure
2454 3845 2617 3913 recipi
2640 3854 2693 3897 et
2727 3844 2884 3896 venia
2908 3841 3128 3906 donari;
3161 3853 3315 3897 erant
3345 3845 3488 3913 enim

269 3946 368 4015 qui
389 3959 447 3999 se
474 3941 638 4013 lapsis
660 3943 714 3997 in
737 3944 973 3999 schisma
1007 3943 1302 4012 regidiores
1335 3956 1499 4011 quam
1525 3937 1806 4009 oportebat
1838 3937 2140 4004 praeberent

1666 4049 2060 4064 ῃ*-

342 4179 570 4263 Domino
591 4224 653 4263 ac
676 4207 964 4262 venerabili
999 4206 1317 4264 Gsesnanno
1353 4205 1668 4275 evangelicae
1699 4217 1823 4270 per-
1854 4203 1898 4257 Α
1925 4214 1982 4252 se
2012 4200 2203 4253 saltem
2240 4200 2310 4252 ab
2333 4215 2521 4254 eorum
2553 4200 2803 4267 contagio
2855 4200 3150 4252 immunem
3198 4201 3486 4256 custodiat.

264 4299 518 4355 fectiouis
565 4299 682 4353 viro
737 4298 1047 4352 Benxumcs
1094 4298 1208 4352 solo
1261 4298 1477 4350 nomine
1530 4295 1826 4365 presbyter,

265 4408 376 4447 non
442 4391 713 4455 moribus,
761 4398 884 4459 post
925 4389 1291 4442 transitoriam
1347 4389 1509 4455 bujus
1557 4387 1679 4438 vita:
1731 4399 1825 4452 pe-

262 4481 723 4553 regrinationem,
768 4480 1004 4536 caelestis
1057 4479 1244 4547 patriae
1295 4487 1551 4532 aeternam
1604 4489 1825 4544 posses-

223 4571 235 4581 ⁸
253 4571 494 4628 sionem.
1342 4630 1346 4632 _

335 4675 358 4710 ι
399 4657 474 4712 De
502 4656 805 4726 periculosa
823 4656 1416 4710 excommunicatorum
1441 4654 1822 4710 communione

253 4746 508 4811 vitanda,
556 4747 610 4799 in
657 4753 922 4814 quantum
973 4746 1280 4814 potuimus,
1332 4753 1525 4800 vestra:
1574 4744 1820 4814 petitioni

259 4837 549 4894 scribendo
573 4834 884 4890 satisfacere
906 4837 1229 4891 studuimus.
1259 4835 1363 4890 Sed
1383 4845 1437 4890 et
1462 4835 1564 4890 alia
1590 4835 1821 4905 adjicere

257 4945 370 4986 non
418 4927 588 4999 piguit
635 4942 756 4996 qua:
799 4942 906 4981 non
938 4928 1117 4982 minus
1167 4929 1320 4983 vobis
1356 4929 1618 4997 placitura
1665 4937 1820 4996 puta-

254 5019 468 5084 vimus,
509 5017 753 5073 videlicet
808 5017 938 5085 quid
987 5020 1058 5072 sit
1085 5019 1488 5089 intelligendum
1537 5019 1604 5073 de
1643 5019 1821 5087 rigore

257 5123 531 5164 canonum
568 5125 729 5179 super
755 5109 1101 5164 damnatione
1131 5110 1244 5163 sive
1278 5111 1615 5178 depositione
1635 5112 1816 5179 lapso-

255 5210 402 5248 rum.
439 5194 593 5263 Item,
622 5199 688 5253 de
729 5199 1164 5253 reconciliatione
1211 5215 1402 5257 eorum
1449 5201 1564 5255 sive
1605 5201 1818 5255 hereti-

255 5295 468 5338 corum.
530 5285 607 5342 De
661 5283 860 5359 quibus
921 5291 1171 5345 omnibus
1233 5306 1340 5344 non
1410 5300 1658 5357 nostras,
1724 5293 1818 5346 sed

255 5376 570 5424 sanctorum
598 5371 818 5431 Patrum
873 5378 1167 5432 sententias
1204 5376 1430 5430 ﬁdeliter
1476 5379 1812 5449 collegimus.

253 5455 462 5515 Harum
509 5461 654 5515 enim
699 5479 883 5522 rerum
917 5469 1310 5532 consideratio,
1348 5476 1536 5522 nostro
1588 5471 1815 5538 tempori

1929 4286 2326 4357 Oinnipotentis
2371 4289 2464 4344 Dei
2516 4287 2888 4341 misericordia
2933 4303 3028 4340 vos
3073 4304 3283 4357 semper
3343 4293 3492 4345 ineo-

1925 4378 2124 4431 luutem
2160 4378 2438 4444 nostrique
2464 4390 2763 4445 memorem
2793 4383 3063 4446 protegat,
3083 4379 3276 4433 domne
3324 4380 3488 4434 frater

1923 4465 2313 4522 anmntissime,
2363 4481 2379 4513 ι

1991 4570 2265 4636 Quantum
2313 4588 2379 4625 ex
2435 4574 2857 4642 apostolicorum
2912 4575 3155 4628 virorum
3205 4574 3490 4627 sententiis

1922 4662 2173 4733 colligere
2204 4664 2512 4733 potuimus,
2546 4673 2654 4722 tres
2690 4673 2818 4717 sunt
2850 4677 3095 4732 personae
3133 4677 3286 4730 quas
3315 4665 3485 4715 sancti

1920 4750 2108 4806 Patres
2144 4754 2314 4808 nostri
2358 4755 2459 4808 sub
2486 4751 3047 4806 excommunicatione
3074 4752 3290 4804 multari
3335 4745 3489 4804 nota-

1920 4853 2133 4898 verunt.
2172 4842 2547 4912 Principalitcr
2573 4840 2791 4909 quidem
2823 4840 2938 4909 ipse
2959 4843 3484 4902 exconnnunieatus,

1921 4935 2018 5003 qui
2065 4935 2369 5003 specialiter
2409 4932 2478 4984 ab
2524 4931 2891 4987 ecclesiastica
2923 4933 3307 4986 communione
3347 4931 3487 4997 judi-

1921 5030 2069 5078 cario
2091 5025 2278 5078 ordine
2306 5031 2586 5091 separatus
2629 5033 2730 5076 est.
2771 5022 2969 5078 Deinde
3006 5023 3184 5077 fautor
3220 5025 3356 5088 ejus,
3387 5020 3481 5086 qui

1919 5113 1968 5165 ei
2016 5113 2162 5167 intus
2222 5121 2276 5165 et
2325 5112 2565 5166 exterius
2615 5113 2960 5166 assentiendo
3019 5121 3074 5165 et
3137 5107 3476 5174 couperaud'.)

1916 5201 2095 5257 favere
2126 5218 2232 5256 non
2265 5211 2500 5256 veretur.
2551 5204 2703 5266 Item,
2734 5212 2788 5255 et
2837 5199 3263 5257 communicatur
3287 5195 3479 5260 ipsius,

1917 5293 2033 5362 qui,
2067 5292 2170 5346 etsi
2211 5292 2330 5362 ejus
2366 5295 2539 5347 errori
2571 5307 2628 5346 se
2677 5291 2938 5346 assentire
2985 5302 3093 5340 non
3125 5286 3363 5352 detegat,
3411 5283 3480 5335 ab

1918 5383 2036 5452 ejus
2067 5391 2247 5438 tamen
2289 5397 2349 5436 se
2378 5379 2758 5436 communione
2787 5392 2894 5430 non
2920 5384 3152 5444 separat.
3195 5372 3298 5424 Sed
3328 5378 3382 5422 et
3422 5369 3479 5422 lii

1919 5487 2109 5526 omnes
2139 5471 2361 5525 audiant
2390 5469 2527 5546 quid
2569 5468 2760 5520 beatus
2796 5465 3043 5520 Gelasius
3069 5477 3204 5532 papa
3236 5458 3480 5513 scribens

254 5548 511 5603 minime-
538 5555 874 5621 necessaria,
901 5557 956 5612 in
989 5574 1100 5629 quo
1144 5567 1329 5613 sancta
1385 5557 1622 5613 Ecclesia
1674 5537 1815 5615 inter
1849 5537 1890 5591 Β
1917 5557 2282 5615 Orientalibus
2301 5540 2568 5623 episcopis
2589 5555 2772 5609 dicat:
2807 5572 2825 5603 ι
2857 5553 3080 5614 Omnes,
3109 5547 3300 5616 inquit,
3327 5561 3448 5599 com

253 5639 754 5696 excommunicatos
773 5651 826 5697 et
845 5645 1128 5702 damnatos
1153 5664 1312 5717 supra
1339 5649 1553 5703 modum
1581 5643 1810 5715 laborat,

251 5735 314 5790 ut
338 5729 422 5788 vel
443 5743 632 5784 eorum
670 5731 899 5803 aliquem
946 5735 1000 5789 in
1029 5737 1208 5792 sinum
1249 5755 1406 5796 suum
1437 5739 1686 5808 recipiat,
1725 5741 1808 5795 vel

1917 5645 2103 5714 plices,
2140 5649 2454 5703 sectatores,
2483 5639 2972 5694 communicatores
3005 5636 3272 5689 damnatae
3306 5629 3474 5682 semel

1882 5736 2194 5814 'pravitatis
2239 5737 2378 5809 pari'
2404 5745 2548 5791 sorte
2600 5742 2906 5789 censentur.
2957 5751 2974 5782 ι
3016 5730 3081 5783 Et
3112 5737 3230 5798 post
3258 5737 3469 5796 pauca:
