3956 6394
533 459 663 513 “'35

534 652 776 707 criminis
805 652 1094 721 particeps,
1142 649 1215 703 ita
1258 648 1433 703 factus
1478 655 1565 700 est
1608 659 1798 714 panic.
1847 663 1866 695 ι
1919 643 2078 709 Item,

530 742 804 804 cornibus,
831 740 1099 810 episcopis
1152 737 1479 791 Dardaniae:
1535 754 1553 785 ι
1597 733 1818 799 Patres,
1864 731 2080 800 inquit,

452 820 459 833 ’
530 830 723 895 nostri,
747 836 963 883 auclore
991 826 1275 895 cujuslibet
1298 822 1540 887 insaniae,
1565 837 1629 876 ac
1658 822 1858 891 pariter
1898 833 2085 875 errore

529 918 813 984 damnato,
849 900 1089 972 sufﬁcere
1130 914 1527 984 judicaverunt,
1558 919 1619 964 ut
1658 909 1907 979 quisquis
1928 906 2079 979 [edit.

484 1038 500 1061 ,ι
530 1004 724 1073 Rom.,
764 1005 1025 1061 Decretal.
1077 1001 1315 1074 quisque]
1352 1001 1645 1071 aliquando
1689 1000 1852 1070 hujus
1883 998 2085 1053 erroris

530 1096 962 1150 communicator
1009 1093 1292 1157 existeret,
1332 1091 1615 1162 principali
1656 1091 1775 1159 ejus
1819 1089 2083 1144 sententia

531 1182 817 1236 damnatus
841 1188 984 1235 esset
1009 1179 1156 1250 leniit.
1176 1178 1329 1230 Rom.
1352 1176 1634 1246 principali
1659 1176 1916 1229 sententia
1934 1174 2084 1226 dam-

532 1272 763 1324 nationis
790 1271 901 1339 ejus
944 1277 1074 1323 esset
1123 1266 1455 1337 obstrictus];
1501 1266 1758 1335 quoniam
1801 1263 2084 1319 manifeste

533 1362 756 1431 quilibet
781 1362 863 1414 vel
887 1359 1231 1429 pessessionc
1268 1373 1386 1423 sua,
1413 1358 1492 1410 vel
1514 1356 1893 1410 communione
1913 1354 2085 1424 possit

537 1454 778 1524 agnosci.
819 1473 837 1504 ι
875 1451 941 1505 Et
967 1458 1090 1521 post
1127 1464 1299 1519 pauca
1329 1467 1343 1503 :
1388 1467 1406 1499 ι
1453 1446 1649 1502 Forma
1678 1446 1800 1500 tidei
1838 1460 2084 1499 commu-

533 1543 819 1611 nionisque
848 1540 1143 1605 catholicae,
1166 1537 1385 1594 Nicmno
1408 1538 1629 1623 prolato
1655 1535 1906 1600 concilio,
1928 1534 2085 1587 Aria—

532 1646 634 1687 nos
678 1646 901 1696 omnes,
954 1629 1039 1684 vel
1095 1627 1345 1699 quisquis
1403 1627 1457 1681 in
1517 1627 1661 1681 hanc
1712 1634 1913 1695 pestem
1971 1624 2084 1678 sive

532 1735 832 1785 consensu,
884 1719 995 1775 sive
1050 1716 1436 1773 communione
1490 1715 1772 1780 deciderit,
1821 1714 1939 1769 sine
1995 1728 2083 1768 re-

533 1810 850 1864 tractatione
870 1808 1104 1864 excludit
1125 1805 1450 1879 [edit.Rom.
1482 1803 1778 1875 conclusit].
1812 1823 1829 1855 ι
1863 1802 2004 1857 Idem
2030 1802 2125 1879 in:

1492 448 1574 502 AD
1606 445 1831 503 Ol’EllA
1871 444 1928 499 S.
1968 443 2292 501 GREGORII
2323 440 2761 500 APPENDICES.

431 555 441 573 '
488 564 498 573 '
542 586 567 616 ι
606 563 869 629 Aeacius,
920 562 1126 632 inquit,
1181 560 1276 630 qui
1326 558 1485 613 Petro
1534 556 1981 620 communicavit,
2031 564 2090 611 ut
2115 557 2159 613 A
2187 555 2392 612 unitate
2424 565 2569 621 sunt,
2600 555 2791 620 honos,
2822 552 2926 607 nisi
2957 558 3320 617 consentiant,
3347 565 3444 609 sua
3484 566 3745 607 comam-—

3616 0 3883 115 πη

3606 435 3747 493 κει

2182 645 2343 698 nionc
2378 659 2486 698 non
2520 643 2818 706 maculant,
2865 641 3006 695 sicut
3048 640 3107 694 ll.
3159 642 3515 711 Ang..contra
3550 640 3746 694 Dona-

2181 732 2336 786 tistas
2396 730 2834 801 frequentissime
2901 738 2956 784 et
3025 728 3459 799 irrefragabiliter
3517 731 3739 800 probat.

2180 816 2475 891 Postquam
2516 834 2644 875 vero
2684 819 2754 874 ab
2798 818 3038 874 Ecclesia
3079 828 3426 887 separantur,
3470 835 3580 872 non
3618 819 3742 887 jam

2182 897 2320 974 sola.
2350 915 2740 981 consensione,
2804 914 2899 969 sed
2951 913 3114 967 etiam
3171 911 3423 966 exteriori
3481 927 3742 966 commu—

2182 1004 2345 1059 nione
2390 1004 2879 1059 communicatores
2932 1017 3062 1060 suos
3107 1001 3377 1056 maculare
3430 1017 3538 1056 non
3574 988 3746 1055 dubi-

2182 1100 2385 1147 tantur.
2890 1143 2899 1149 ,

2254 1181 2405 1238 Unde
2440 1184 2580 1238 idem
2606 1183 2667 1237 Β.
2704 1184 2839 1252 Aug.
2873 1183 2926 1236 in
2969 1198 3020 1237 tv
3045 1180 3459 1250 Carthaginiensi
3496 1178 3744 1235 com-ilio

2182 1288 2213 1327 a
2247 1289 2420 1328 ccxvn
2453 1273 2719 1343 episcopis
2761 1274 2974 1337 habito,
3001 1271 3319 1327 sententiam
3360 1269 3743 1324 excornmnni-

2181 1363 2412 1417 cationis
2446 1378 2542 1417 sua
2600 1348 2994 1432 subscriptione
3013 1361 3349 1415 contirmavit
3386 1375 3550 1429 super
3581 1375 3741 1423 enm,

2182 1448 2495 1520 quicunque
2526 1451 2779 1520 deinceps
2797 1449 3262 1505 excommunicato
3288 1449 3371 1503 vel
3395 1449 3451 1502 in
3489 1448 3745 1503 oratione

2184 1526 2680 1592 cdmmunieavcrit.
2713 1537 2830 1603 Qua
2857 1538 3117 1592 sententia
3148 1546 3203 1591 et
3234 1537 3336 1606 ipsi
3376 1536 3599 1605 apostoli
3633 1536 3744 1589 hu-

2160 1624 2415 1694 Jusnwdi
2443 1629 2955 1680 communicatur-em
2976 1627 3317 1690 damnavere,
3329 1624 3484 1694 juxta
3508 1630 3743 1678 attesta-

2137 1715 2384 1773 ‘Ntionem
2410 1714 2615 1768 Callisti
2646 1730 2816 1783 papae.

2258 1800 2550 1872 llucusque
2607 1804 2674 1858 de
2728 1804 2845 1873 lege
2903 1801 3477 1858 exeommunicationis
3542 1810 3774 1856 vesti-ar

534 1899 922 1968 sequentibus:
961 1917 980 1949 α
1022 1873 1167 1953 Idem
1194 1896 1309 1965 ipse
1330 1911 1503 1961 error,
1529 1895 1620 1965 qui
1652 1873 1816 1950 semel
1855 1903 1938 1949 est
1960 1873 2159 1948 cumB
2186 1892 2429 1962 petitioni
2472 1901 2746 1963 utcunque
2786 1892 3163 1948 satisfecimus.
3198 1890 3301 1947 Sed
3330 1892 3458 1962 quia
3483 1906 3590 1946 non
3618 1891 3749 1945 sine

533 2003 635 2043 suo
668 1996 888 2044 auctore
919 1989 1226 2051 damnatus,
1259 1986 1311 2040 in
1343 1986 1601 2056 participe
1638 1984 1878 2055 quolibet
1908 2000 2086 2054 pravae

532 2078 928 2133 communionis
974 2077 1182 2143 eﬂccto,
1216 2084 1271 2131 et
1318 2075 1742 2131 exsecrationem
1799 2081 1972 2151 gestat
2032 2081 2088 2129 et

533 2182 768 2236 prunam.
816 2184 836 2218 ι
1376 2190 1379 2191 ν
1834 2170 1860 2217 θε

605 2254 1044 2342 ρυειιίιειυρυιοω
1065 2253 1560 2309 excommunicatos
1581 2252 2086 2335 vitareglebeamus,

536 2341 876 2415 apertissime
905 2344 1062 2399 nobis
1100 2344 1473 2415 praescriptum
1497 2350 1581 2398 est
1606 2358 1636 2397 a
1676 2342 1774 2399 SS.
1814 2341 2087 2410 Patribus,

535 2434 838 2505 inter‘quos
856 2434 1110 2505 Callistus
1131 2432 1149 2485 Ι
1172 2434 1375 2504 (1054),
1396 2441 1610 2510 νδρανρι
1630 2440 1832 2502 martyr
1857 2422 2090 2501 quatuor

534 2536 625 2591 res
660 2522 1056 2590 enumer_at,in
1108 2521 1307 2591 quibus
1344 2519 1869 2591 excommunicatum
1920 2520 2091 2573 vitare

537 2588 1141 2675 debeamus,ividelic~et—
1182 2607 1236 2661 in
1280 2588 1619 2683 salutatione,
1669 2607 1724 2659 in
1772 2608 1988 2672 osculo,
2034 2606 2086 2659 in

536 2698 805 2764 oratione,
845 2697 900 2754 in
949 2713 1152 2753 mensa.
1201 2716 1218 2748 ι
1260 2688 1764 2772 Νειηὶἕῃυίςυηῳιρ,
1805 2697 1996 2765 inquit,
2035 2696 2089 2749 in

538 2785 628 2840 his
662 2783 746 2839 vel
791 2785 846 2839 in
874 2785 993 2839 aliis
1017 2785 1300 2854 prohibitis
1326 2785 1578 2860 ﬁcienter
1606 2783 2121 2841 cxcommunicatisf

541 2873 1039 2939 communieaverit,
1066 2873 1241 2945 juxta,
1265 2873 1634 2947 apostolorum
1677 2864 2089 2941 institutionem,

542 2971 597 3017 ct
633 2963 749 3033 ipse
778 2963 944 3018 simili
973 2948 1515 3022 excommunicationi
1538 2962 1830 3031 subjaceat.
1873 2981 1893 3014 ι
1983 2965 1993 2973 ’

609 3050 868 3106 Fautores
889 3065 1104 3120 quoque
1135 3062 1324 3105 eurum
1356 3060 1411 3105 et
1439 3054 1930 3107 eommunicatores
1950 3052 2094 3107 nihi-

534 3141 773 3197 lominus
801 3141 972 3196 vitare
1011 3141 1266 3196 debemus
1290 3141 1866 3221 juxtaattestationem
1896 3141 1957 3196 Β.
1984 3142 2090 3196 Ge-

538 3229 658 3293 lasii
699 3245 878 3300 papae,
915 3230 1009 3299 qui
1050 3216 1410 3285 Orientalibus
1457 3216 1731 3300 episcopis
1773 3232 1840 3285 de
1889 3220 2091 3287 Aeaeio

466 3366 473 3375 .
538 3320 993 3375 communicatore
1058 3307 1666 3377 excommunicatorttm'
1711 3321 1975 3389 soriben's,
2015 3316 2090 3379 ita

541 3414 813 3462 testatur:
851 3425 875 3460 ι
914 3406 1059 3463 Nihil
1095 3408 1251 3464 nobis
1283 3424 1571 3481 commune
1611 3425 1736 3465 cum
1781 3403 2091 3470 hominibus

542 3494 939 3559 communionis
986 3504 1241 3554 externae.
1297 3514 1318 3549 ι
1378 3495 1524 3552 Idem
1585 3497 1641 3552 in
1696 3500 2087 3569 sequentibus:

548 3602 568 3636 ι
612 3583 751 3651 Quid
772 3582 948 3654 juvat,
970 3576 1160 3654 siquis
1181 3584 1346 3639 alicui
1363 3584 1678 3644 evidentiori
1702 3587 1954 3645 haeretitm
1981 3605 2089 3645 non

542 3672 919 3745 communicet,
952 3681 1006 3728 et
1055 3673 1141 3728 his
1193 3680 1371 3727 tamen
1417 3674 1797 3732 communione
1834 3676 2122 3747 jungatur

543 3762 637 3830 qui
657 3763 725 3817 ab
758 3763 899 3818 illius
925 3763 1311 3818 communione
1344 3777 1455 3817 non
1491 3770 1619 3817 sunt
1648 3763 1851 3819 divisi?
1887 3783 1907 3817 ι
1941 3765 2094 3823 Unde

440 3862 449 3871 ί
542 3858 600 3905 et
645 3850 797 3905 multi
832 3853 1067 3922 religiosi
1113 3869 1180 3907 ex
1216 3853 1478 3911 Romanis
1518 3866 1579 3908 se
1616 3869 1657 3907 ra
1711 3856 2092 3912 communione

542 3939 813 3995 Anastasii
842 3956 992 4010 papas
1010 3943 1415 4009 subtraxerunt,
1440 3958 1507 3998 eo
1538 3944 1684 4013 quod
1722 3943 1836 4015 ipse
1876 3947 2091 4013 cuidam

541 4029 769 4085 diacono
818 4023 1285 4089 Thessalonicensi
1325 4035 1805 4091 communicaverit
1839 4037 1935 4106 qui
1974 4037 2089 4107 jam

541 4115 737 4172 Acacio
769 4116 1219 4179 communicavit.
1267 4110 1373 4172 Sic'
1400 4118 1545 4172 enim
1577 4118 1856 4179 Romanus
1901 4122 2090 4187 Pontia

542 4200 712 4280 ﬁcalis
733 4216 960 4265 testatur
983 4207 1186 4279 (1055).
1411 4223 1417 4228 -
1632 4206 1635 4217 '

611 4294 736 4350 Ideo
772 4306 947 4352 autem
977 4297 1077 4353 SS.
1110 4297 1301 4353 Patres
1342 4297 1830 4373 communicatores
1871 4315 2093 4373 excom-

449 4392 452 4396 λ
541 4382 940 4438 municatorum
978 4400 1129 4453 aque
1171 4395 1245 4440 ut.
1266 4372 1761 4461 excommunicatos
1793 4389 1952 4444 vitari
1988 4375 2087 4451 vo;-

2186 1980 2394 2037 fmnorc
2441 1992 2549 2038 tam
2603 1983 2924 2038 charissima
2955 1981 3105 2035 fratri
3152 1991 3207 2036 et
3245 1983 3464 2036 domino
3497 1982 3748 2035 debitum

2185 2069 2491 2139 persolvere
2541 2070 2831 2135 debemus,
2866 2077 2919 2124 et
2959 2069 3062 2123 alia
3105 2085 3214 2123 non
3244 2070 3425 2126 minus
3472 2069 3749 2138 placitura

2186 2159 2340 2213 vobis
2374 2173 2760 2228 supererogare
2801 2159 3073 2223 volumus,
3113 2159 3358 2213 videlicet
3383 2159 3513 2228 quid
3550 2160 3623 2213 sit
3651 2160 3749 2213 in-

2187 2248 2532 2319 telligendum
2562 2249 2628 2303 de
2660 2248 2838 2319 rigore
2861 2264 3135 2304 canonum
3183 2263 3346 2318 super
3370 2248 3749 2312 damnatione,

2186 2340 2269 2393 vel
2292 2340 2635 2408 depositione
2655 2340 2951 2409 lapsorum,
2974 2353 3073 2393 nec
3091 2353 3202 2393 non
3226 2346 3281 2392 et
3300 2337 3753 2392 reconciliatione

2186 2446 2395 2486 eorum.
2421 2430 2558 2485 Nam
2586 2432 2639 2486 in
2665 2431 2974 2500 hujusmodi
2988 2429 3171 2484 causis
3194 2443 3387 2499 magna
3414 2428 3752 2483 discretione

2189 2520 2512 2590 indigemus,
2539 2536 2607 2575 ne
2653 2520 2738 2574 vel
2786 2520 3014 2573 nimium
3061 2518 3218 2588 rigidi
3264 2533 3390 2572 cum
3427 2515 3752 2572 Novatiauis

2187 2610 2475 2680 desperare
2494 2610 2770 2665 videamur
2795 2610 2861 2664 de
2882 2610 3056 2664 salute
3080 2608 3375 2677 lapsorum,
3408 2607 3489 2661 vel
3512 2608 3751 2664 nimium

2187 2698 2421 2765 remissi,
2435 2700 2608 2753 zelum
2626 2697 2719 2753 Dei
2740 2712 2849 2752 non
2868 2698 3066 2752 habere
3078 2696 3401 2768 judicemur.
3418 2695 3485 2751 Et
3502 2697 3753 2767 primum

2187 2788 2403 2856 quidem
2423 2788 2490 2841 de
2517 2788 2695 2857 rigore
2727 2801 3018 2851 canonum.

2260 2875 2437 2929 Locus
2456 2875 2784 2944 pmnitentia:
2807 2875 2972 2930 semel
2992 2882 3201 2929 tantum
3229 2874 3525 2945 antiquitus
3548 2877 3602 2929 in
3633 2874 3748 2930 Bc-

2189 2954 2375 3017 clesia‘
2399 2960 2592 3031 legitur
2617 2975 2931 3027 concessus,
2982 2975 3085 3016 nec
3132 2958 3291 3017 alicui
3327 2970 3450 3030 post
3475 2962 3756 3030 pmniten-

2191 3042 2321 3105 tiam
2371 3052 2565 3105 iterum
2606 3051 2760 3121 lapso
2787 3050 3181 3106 concedendus.
3237 3051 3329 3105 Sic
3375 3044 3520 3106 enim
3550 3052 3756 3108 beatus

2195 3134 2422 3193 Siricius
2446 3154 2583 3208 papa
2613 3139 2667 3192 in
2698 3139 2929 3194 decretis
2972 3138 3085 3193 suis
3122 3138 3188 3193 de
3221 3139 3531 3209 liujnsmodi
3576 3140 3755 3210 lapsis

2117 3198 2159 3255 θ
2185 3223 2417 3285 aﬂirmat
2433 3198 2597 3299 {quia
2613 3227 2727 3298 jam
2741 3228 3031 3297 pmnitendi
3044 3198 3331 3298 suﬂugium
3358 3243 3464 3283 non
3476 3198 3752 3296 habeant;

2188 3320 2284 3375 sed
2304 3334 2413 3375 non
2434 3319 2507 3374 ita
2530 3319 2823 3390 intelligere
2833 3308 3091 3375 debemus
3110 3319 3265 3390 quasi
3283 3320 3455 3374 sancti
3469 3319 3658 3376 Patres
3678 3323 3757 3376 de

2186 3409 2495 3479 liujusmodi
2515 3409 2790 3478 lapsorum
2808 3409 2980 3465 salute
2992 3409 3355 3478 desperarent,
3376 3408 3477 3464 etsi
3490 3425 3585 3465 eos
3607 3409 3756 3464 inter

2186 3499 2509 3568 pmnitentes
2534 3499 2886 3568 recipiendos,
2909 3498 3256 3568 denegarem.
3293 3496 3413 3552 Non
3441 3499 3585 3553 enim
3632 3500 3755 3554 hac

2187 3587 2308 3642 ideo
2336 3586 2635 3647 instituisse
2680 3586 2931 3654 eraiendi
2961 3593 3090 3640 sunt
3128 3593 3190 3640 ut
3227 3586 3478 3640 homines
3498 3601 3534 3641 a
3564 3587 3752 3655 pani-

2186 3676 2354 3730 tentia
2374 3716 2390 3742 ,
2416 3676 2510 3731 sed
2538 3690 2571 3730 a
2597 3684 2819 3745 peccato
2848 3674 3216 3741 deterrerent;
3255 3690 3385 3755 nec,
3427 3683 3488 3729 ut
3526 3675 3750 3743 minus,
3841 3689 3844 3692 ’

2189 3763 2283 3825 sed
2309 3763 2569 3822 humilius
2597 3772 2721 3833 post
2746 3763 2954 3833 lapsum
2985 3762 3329 3833 pmniteren‘t,
3355 3763 3450 3839 qui
3488 3778 3549 3821 se
3566 3771 3623 3824 et
3661 3765 3751 3838 ip-

2188 3850 2266 3909 sis
2323 3853 2708 3923 pmnitentibus
2759 3852 3042 3909 inferiores
3077 3854 3312 3923 reputari
3341 3854 3600 3911 viderent.
3645 3844 3747 3924 Et,

2189 3942 2294 4001 hoc
2326 3942 2382 3997 in
2414 3943 2535 3999 aliis
2558 3942 2906 4001 criminaliter
2925 3943 3089 4013 lapsis
3108 3944 3264 4014 quasi
3292 3960 3389 4014 pro
3409 3945 3526 4016 lege
3551 3944 3758 4001 obsera.

2187 4039 2348 4085 vatur
2398 4038 2458 4087 ut
2498 4032 2568 4097 ab
2617 4030 2806 4086 ordine
2833 4030 3153 4100 dejiciantur
3183 4046 3343 4101 quem
3367 4041 3493 4087 ante
3528 4033 3744 4103 lapsum

2190 4121 2445 4183 habuisse
2467 4130 2523 4177 et
2579 4122 2636 4175 in
2658 4136 2768 4191 quo
2796 4126 3047 4191 peccasse
3073 4121 3412 4191 detegantur.
3438 4120 3530 4177 Sic
3556 4123 3743 4183 nimi-

2190 4225 2312 4263 rum
2339 4218 2395 4264 et
2421 4211 2478 4270 in
2515 4211 2704 4271 ordine
2732 4208 3107 4278 pmnit‘entium
3133 4210 3453 4275 constituti,
3482 4209 3531 4263 si
3563 4209 3744 4265 denuo

2190 4297 2464 4364 labuntur,
2493 4297 2723 4366 pristino
2759 4296 2935 4357 ordini
2978 4310 3086 4349 non
3119 4293 3407 4386 immerito
3429 4297 3746 4386 judicantur

2190 4386 2413 4457 indigni.
3145 4378 3168 4386 ⁷
3622 4378 3625 4393 ’

434 4436 449 4507 )
539 4475 778 4540 luerunt,
804 4474 932 4544 quia
957 4436 1200 4539 eosdem,
1227 4458 1382 4542 quasi
1412 4476 1506 4544 qui
1538 4492 1597 4531 se
1623 4478 1769 4547 ipsos
1798 4478 2089 4535 damnave-
2121 4516 2167 4572 υ
2259 4436 2377 4530 Non
2409 4485 2590 4531 tamen
2616 4475 2732 4531 haec
2762 4473 2934 4531 sancti
2953 4473 3143 4531 Patres
3167 4473 3543 4544 desperatione
3570 4472 3746 4528 venite

536 4566 671 4633 rint,
694 4561 1183 4620 habuerunt.‘Hinc
1201 4561 1263 4615 Β.
1287 4561 1532 4618 Gelasius
1554 4580 1691 4633 papa
1711 4568 1779 4623 ad
1806 4571 2091 4637 praedictos

543 4654 787 4711 scribens
829 4654 897 4711 de
944 4653 1132 4709 eodem
1174 4651 1373 4707 Acacio
1404 4669 1419 4706 :
1463 4671 1484 4703 ι
1522 4651 1685 4718 Quid,
1725 4655 1929 4724 inquit,
1958 4675 2093 4729 que-

542 4733 739 4801 runtur
778 4741 1037 4797 Acacium
1082 4756 1116 4797 a
1165 4740 1330 4796 nobis
1370 4738 1541 4795 fuisse
1580 4740 1923 4809 damnatum,
1964 4760 2092 4801 eum

542 4839 759 4899 recepta
801 4832 1193 4894 communione,
1215 4830 1359 4887 Petri
1405 4846 1465 4887 sc
1498 4830 1756 4887 doceatur
1782 4833 1899 4902 ipse
1938 4833 2093 4889 dam-

518 4909 800 4977 nasset,»
840 4917 997 4983 Nam,
1032 4934 1154 4975 cum
1199 4922 1377 4977 omnis
1404 4923 1904 4979 escommunicatus
1938 4934 2089 4980 extra

544 5011 843 5069 Ecclesiam
876 5009 964 5074 sit,
998 5011 1285 5079 nullusque
1312 5012 1477 5067 simul
1523 5015 1667 5079 intra
1694 5025 1750 5072 et
1793 5026 1948 5073 extra
1970 5034 2091 5075 esse

543 5103 735 5180 possit,
761 5101 850 5156 ille
873 5100 1237 5155 indubitanter
1258 5116 1290 5154 a
1316 5102 1577 5157 catholica
1595 5106 1798 5162 unitate
1834 5123 1893 5163 se
1935 5123 2091 5179 sepa-

543 5200 648 5259 rat,
670 5191 981 5260 quicunque
1009 5203 1069 5243 se
1113 5187 1182 5243 ab
1225 5190 1805 5246 excommunicatorum
1841 5209 2090 5251 commu.

545 5279 707 5347 nione
730 5293 840 5334 non
863 5276 1183 5349 sequestrat.
1196 5276 1327 5334 Iure
1347 5292 1477 5348 ergo
1497 5292 1529 5331 a
1548 5271 1840 5359 Catholieis
1857 5282 2115 5359 devitans.

546 5374 654 5434 tur,
687 5375 749 5423 ut
768 5368 1246 5434 excommunicati,
1288 5367 1384 5439 qui
1410 5367 1480 5423 ab
1502 5364 2115 5425 excommunicatorum’.

549 5458 925 5530 communione
960 5470 1069 5513 non
1101 5466 1235 5513 sunt
1259 5458 1601 5528 seq'uestrati.

937 5556 1114 5608 autem
1140 5540 1290 5618 quia,
1318 5546 1557 5618 quandiu
1582 5546 1708 5624 mali
1733 5547 1788 5601 in
1828 5547 2091 5605 catholica

558 5650 800 5779 (6:11.054)
838 5654 1028 5715 Exstat
1082 5656 1202 5712 luco
1242 5643 1394 5731 Epist.
1435 5664 1560 5709 tom.
1584 5675 1589 5679 -
1616 5656 1647 5710 1
1698 5652 1903 5713 Concil.
1951 5673 2094 5713 nova!

2191 4576 2300 4621 tam
2341 4565 2540 4621 acriter
2582 4564 2884 4620 decrevisse
2926 4564 3217 4620 creduntur
3237 4605 3254 4628 ,
3295 4564 3563 4634 praecipue
3586 4596 3591 4600 ο
3616 4578 3742 4619 cum

2190 4648 2454 4711 Dominus
2482 4669 2671 4714 omnes
2710 4655 2959 4710 homines
2991 4655 3119 4709 velit
3164 4654 3383 4722 salvari,
3433 4653 3529 4724 qui
3574 4654 3739 4710 dicit:

2196 4763 2216 4796 ι
2256 4745 2393 4800 Nolo
2418 4753 2647 4802 mortem
2667 4745 2965 4814 peccatoris
2991 4742 3187 4817 [impii]
3209 4744 3422 4815 (Each.
3453 4744 3670 4816 xxxut).
3712 4763 3736 4797 ο

2189 4833 2294 4889 Et:
2339 4854 2358 4885 ι
2401 4834 2462 4888 ln
2495 4850 2817 4904 quacunque
2854 4835 3211 4904 diepeccator
3255 4828 3594 4907 ingemuerit,
3626 4834 3777 4889 εει..

2189 4937 2291 4979 vus
2340 4923 2443 4978 erit
2476 4920 2665 4994 (Ibid,)
2709 4942 2729 4975 ι
2750 4922 2908 4989 .Non,
2950 4924 3189 4993 inquam,
3229 4923 3619 4994 desperatione
3647 4934 3743 4975 vo-

2189 5012 2314 5080 niat,
2351 5012 2445 5067 sed
2464 5011 2563 5082 pro
2593 5013 2802 5077 cautela
2825 5013 3122 5083 disciplina
3151 5014 3271 5069 hac
3295 5007 3742 5067 institutam-odia.

2190 5118 2349 5171 mus;
2384 5101 2531 5172 quod
2554 5101 2718 5159 etiam
2742 5116 2811 5158 ex
2845 5103 3041 5158 verbis
3059 5101 3125 5179 Β.
3151 5097 3537 5171 Augustini-ad
3561 5096 3740 5153 Hace-

2189 5193 2414 5248 donium
2459 5191 2828 5264 presbyterum
2884 5191 3194 5262 approbare
3223 5201 3518 5257 possumus
3561 5186 3735 5257 (epist.

2190 5284 2342 5353 me:
2378 5301 2409 5344 ,ι
2451 5281 2513 5338 In
2570 5288 2812 5347 tantum,
2869 5279 3099 5349 ἱδρώειν
3122 5275 3403 5331 hominum
3447 5276 3739 5346 aliquando

2183 5371 2441 5441 iniquitas
2461 5371 2812 5444 'progredimr
2853 5376 2915 5422 ut
2960 5366 3122 5421 etiam
3167 5371 3291 5433 post
3336 5373 3513 5421 actam
3564 5365 3736 5437 poni-

2187 5458 2442 5523 tentiam,
2471 5467 2596 5528 post
2642 5456 2833 5515 altaris
2865 5451 3373 5521 reconciliationem,
3423 5453 3751 5518 vel-

2182 5547 2267 5603 vel
2315 5548 2561 5617 graviora
2596 5543 2974 5604 committant.
3039 5541 3108 5611 Et
3170 5549 3350 5599 tamen
3404 5543 3556 5601 Deus
3604 5544 3739 5601 facit

2262 5648 2455 5722 (1055)“
2482 5652 2979 5722 Vide‘Amtstasium
3009 5651 3455 5709 hittiotﬁecaritttn
3498 5655 3564 5709 ‘iu
3605 5652 3767 5712 VL‘lr

2108 5791 2116 5798 .
2196 5718 2384 5794 pontif.
2402 5718 2503 5799 ,itt
2529 5721 2812 5798 Anastasio
2832 5718 2922 5785 gl].
