3956 6370
207 464 370 519 1185

1092 407 1376 504 bipes».
1417 446 1502 503 ιιι.
1543 477 1610 487 -
1647 445 2074 502 ιιοΝυξιιεΝτΑ
2113 445 2568 504 ιιιιεοοιιιλκλ.

3311 451 3444 506 H86

206 578 398 628 etiam
446 584 612 640 super
657 567 789 622 tales
839 565 969 619 oriri
1002 563 1168 618 solem
1219 576 1399 625 suum,
1453 575 1551 614 nec
1600 560 1784 613 minus
1813 563 1859 618 Λ
1953 557 2093 612 Nulli
2117 569 2294 614 tamen
2337 575 2526 613 eorum
2571 559 2657 614 ille
2688 575 2947 614 numerus
2994 575 3259 616 annorum
3316 577 3453 629 prae-

207 655 425 716 tribuit
471 674 632 728 quam
671 664 827 710 antea
882 653 1148 708 tribuebat
1213 651 1516 720 largissima
1563 665 1789 702 munera

208 753 359 804 vitae
402 757 458 802 et
509 745 718 818 salutis.
761 742 833 799 Et
860 743 1109 812 quamvis
1158 740 1240 794 eis
1275 739 1330 792 in
1356 737 1592 792 Ecclesia
1637 738 1789 792 locus

207 839 322 892 ille
380 835 707 906 poenitentia:
757 849 865 886 non
909 830 1263 889 concedatur,
1317 826 1460 880 Deus
1483 835 1657 880 tamen
1696 843 1791 880 su-

210 932 330 995 per
365 927 486 980 illos
536 924 804 993 patientiae
851 937 963 976 suae
986 935 1090 973 non
1136 919 1488 973 obliviscitur.
1529 937 1546 968 ι
1575 915 1640 969 Et
1669 927 1792 984 post

211 1030 437 1086 pauca:
485 1037 503 1067 ι
550 1014 808 1081 Quamvis
847 1026 974 1081 ergo
1015 1018 1172 1064 caute
1226 1009 1618 1076 salubriterque
1664 1020 1790 1075 pro-

209 1108 413 1162 visum
493 1105 565 1161 sit
606 1111 666 1158 ut
708 1104 860 1158 locus
915 1100 1058 1154 illius
1109 1098 1424 1153 humillimae
1463 1096 1791 1165 paenitentia:

213 1198 402 1251 semel
471 1195 817 1258 concedatur,
875 1206 943 1245 ne
983 1190 1248 1244 medicina
1291 1188 1409 1242 vilis
1435 1187 1615 1240 minus
1643 1187 1790 1240 utilis

208 1295 380 1341 (sset
469 1285 685 1356 tegrotis
723 1326 740 1352 ,
809 1298 930 1353 quae
981 1290 1131 1336 tanto
1180 1281 1352 1350 magis
1409 1279 1641 1332 salubris
1707 1286 1792 1331 est

217 1386 447 1447 quanto
489 1377 695 1449 minus
740 1373 1159 1449 contemptibilis
1209 1371 1388 1436 fuerit,
1431 1371 1554 1438 quis
1608 1379 1788 1423 tamen

215 1446 436 1522 audeat
493 1446 818 1522 dicereDeo
847 1484 858 1519 :
890 1464 1065 1542 Quare
1112 1463 1236 1516 huic
1285 1461 1482 1516 homini
1527 1461 1618 1530 qui
1669 1469 1791 1530 post

214 1559 467 1626 primum
529 1557 896 1627 paenitentiam
954 1570 1169 1607 rursum
1203 1567 1260 1608 se
1301 1552 1509 1621 laqueis
1536 1552 1792 1621 iniquita-

218 1649 305 1702 tis
326 1646 614 1716 obstringit
665 1645 840 1699 adhuc
892 1644 1083 1698 iterum
1127 1642 1340 1712 parcis?
1393 1641 1526 1708 Quis
1596 1643 1793 1698 audeat

217 1737 415 1792 dicere
494 1751 622 1806 erga
684 1735 818 1789 istos
847 1749 954 1788 non
993 1734 1080 1803 agi
1158 1733 1301 1803 quod
1347 1731 1636 1801 Apostolus
1681 1733 1786 1799 ait;

219 1827 478 1898 Ignoras,
528 1827 654 1896 quia
695 1826 948 1895 patientia
989 1822 1338 1896 [benignitas]
1394 1822 1488 1877 Dei
1544 1823 1611 1877 ad
1676 1839 1792 1893 poe-

223 1919 521 1974 nitentiam
569 1927 619 1971 te
671 1917 916 1970 adducit?
945 1915 1115 1983 (Rom.
1145 1914 1230 1973 ιι.)
1260 1913 1366 1967 Aut
1389 1913 1508 1967 istis
1530 1915 1786 1982 exceptis,

236 2024 372 2064 csse
401 2007 682 2061 diﬂinitnm
717 2005 859 2074 quod
903 2002 1158 2071 scriptum
1195 2009 1278 2056 est
1308 2019 1320 2054 :
1355 2020 1374 2052 ι
1414 1986 1560 2054 Beati
1599 2015 1788 2056 omnes

223 2097 340 2163 Qui
401 2096 679 2150 confidunt
739 2094 791 2146 in
837 2109 958 2146 eum
1005 2093 1175 2159 (Psal.
1203 2091 1297 2159 ιι),
1333 2110 1351 2142 ι
1382 2105 1446 2145 ac
1484 2091 1530 2145 si
1559 2091 1784 2146 diceret:

225 2187 372 2253 Quis
430 2185 512 2240 vel
561 2182 866 2252 hujusmodi
900 2182 1062 2251 lapsis
1095 2181 1330 2236 divinam
1365 2180 1788 2235 misericordiam

226 2276 594 2330 intercludere
633 2274 829 2336 valeat,
866 2273 992 2342 quin
1043 2281 1096 2327 et
1139 2263 1248 2342 ipsi
1271 2272 1389 2328 sint
1428 2271 1593 2338 beati,
1623 2273 1679 2327 .si
1733 2272 1790 2325 in

231 2366 470 2420 Domino
501 2365 809 2418 confidant?
855 2383 872 2416 ι

303 2457 461 2525 Apud
493 2456 778 2508 molernos
815 2463 988 2507 tamen
1013 2454 1163 2506 locus
1197 2452 1522 2519 pmnitentim
1545 2451 1649 2506 illis
1680 2467 1786 2504 non

233 2555 486 2616 negatur,
525 2545 650 2614 quia
679 2559 848 2613 usque
868 2544 999 2601 adeo
1025 2544 1259 2596 humana
1285 2543 1520 2611 pravitas
1541 2543 1787 2607 invaluit,

229 2647 286 2689 ct
303 2637 494 2706 jugnm
515 2635 746 2704 antiquae
767 2634 1056 2703 disciplinae
1099 2632 1293 2701 abjecit
1318 2641 1374 2686 ut
1399 2643 1583 2686 sancta
1609 2633 1791 2687 Eccle-

232 2727 316 2779 sia
340 2724 451 2793 jam
502 2723 728 2779 multum
782 2725 1052 2794 gauderet,
1106 2723 1150 2777 si
1181 2724 1262 2777 vel
1294 2723 1366 2777 ita
1403 2725 1562 2777 mulo
1600 2723 1790 2792 resipi-

231 2832 389 2870 scere
415 2817 626 2894 vellcnt:
653 2813 810 2868 Novit
837 2815 976 2866 enim
1025 2811 1119 2865 Dei
1151 2813 1573 2867 misericordiam
1608 2814 1675 2866 ad
1707 2815 1790 2866 in-

231 2905 562 2978 dulgendum
619 2903 1111 2973 promptissimam,
1163 2917 1262 2956 nec
1307 2902 1534 2955 multum
1587 2903 1790 2956 distare

232 2995 381 3064 apud
405 2993 569 3050 Deum
593 3032 608 3058 ,
653 3009 757 3063 qua
785 2994 1086 3059 severitate,
1137 2993 1218 3048 vel
1262 2994 1478 3048 leuitate
1515 2994 1669 3062 juxta
1708 2994 1790 3048 di-

231 3082 544 3137 versitatem
568 3088 865 3152 temporum
891 3092 1105 3151 peccata
1130 3082 1440 3151 puniantur,
1487 3083 1532 3136 si
1579 3090 1788 3136 tantum

230 3181 484 3242 peccator
506 3188 570 3227 ex
593 3181 704 3227 toto
724 3173 882 3227 corde
908 3181 1269 3226 convertatur.

310 3277 416 3332 Sed
438 3286 492 3332 et
525 3277 627 3332 hoc
649 3278 933 3332 nonnullos
957 3287 1136 3331 movet
1169 3279 1312 3346 quod
1347 3277 1408 3329 Β.
1435 3277 1787 3335 Innocentius

230 3377 397 3434 papa,
461 3365 703 3419 scribens
753 3363 1004 3419 Victricio
1054 3364 1471 3436 Rothomagcnsi
1512 3367 1786 3435 episcopo,

233 3452 434 3506 asserit
456 3451 716 3519 virginem
741 3451 850 3506 Deo
885 3462 1152 3507 sacratam
1199 3453 1266 3507 ad
1317 3453 1578 3523 agendam
1609 3454 1790 3524 paeni-

234 3541 462 3595 tentiam
498 3557 605 3596 non
640 3556 761 3598 esse
804 3543 1204 3610 admittendam,
1255 3545 1301 3599 si
1334 3547 1595 3614 nupserit,
1623 3561 1688 3599 eo
1712 3547 1789 3600 vi-

235 3641 396 3686 vente
425 3631 516 3701 qui
539 3629 794 3702 corrupit.
835 3652 852 3684 ‹
896 3632 972 3688 Ita
1003 3634 1167 3701 enim,
1192 3635 1384 3705 inquit,
1424 3636 1560 3690 etin
1597 3637 1788 3707 conju-

234 3722 345 3793 giis
394 3723 816 3796 observatur,jut
861 3723 1058 3778 femina
1108 3726 1318 3779 vivente
1339 3726 1457 3780 viro
1484 3727 1574 3780 alii
1600 3738 1788 3798 nupta,

232 3812 311 3868 ad
352 3811 612 3884 agendam
649 3797 1018 3882 poinitentiam
1068 3828 1174 3867 non
1216 3815 1529 3869 admittatur
1555 3857 1570 3880 ,
1617 3797 1791 3885 quan;

233 3901 351 3978 diu:
373 3967 375 3969 ι
394 3900 603 3955 adulter
661 3901 872 3964 vixerit.
893 3972 900 3978 ‘
919 3921 938 3954 ι
982 3902 1048 3957 Et
1079 3904 1184 3958 hoc
1215 3903 1398 3973 utique
1418 3905 1592 3974 rigore
1610 3907 1794 3974 potius,

233 3977 538 4057 disciplinae
557 4004 718 4058 quam
739 3977 1111 4060 desperatione
1143 3993 1313 4048 venia:
1349 3992 1653 4047 institutum
1698 3995 1792 4049 de—

233 4066 432 4133 bemus
475 4077 787 4148 intelligere,
843 4079 1087 4133 videlicet
1131 4091 1190 4136 ut
1245 4082 1491 4154 homines
1524 4083 1607 4137 vel
1640 4100 1671 4137 a
1698 4084 1791 4138 tali

233 4160 463 4238 peccato
486 4173 758 4220 cessarent
777 4166 922 4234 quod
947 4173 1000 4219 et
1021 4167 1196 4220 locum
1220 4168 1548 4236 paenitentiae
1572 4168 1789 4230 sibiiu-

231 4254 542 4335 tereludere
599 4268 704 4308 non
762 4253 1088 4325 ignorarent.
1144 4255 1287 4311 Satis
1331 4266 1511 4311 autem
1553 4273 1791 4329 congrue

232 4345 554 4414 hujusmodi
593 4344 802 4400 feminae
852 4346 920 4400 ad
943 4346 1200 4417 agendam
1243 4349 1611 4417 paenitentiam
1634 4350 1791 4420 quasi

211 4395 496 4505 iindignze'
519 4444 851 4504 reputantur,
897 4451 962 4490 eo
977 4395 1335 4508 ép01i§9lmlllm
1379 4448 1619 4510 tempore
1635 4395 1790 4496 “cum

1893 652 2059 704 cludit
2087 651 2216 720 quin
2241 660 2293 703 et
2315 661 2437 703 ante
2468 652 2821 718 cxpletionem
2858 666 3044 704 eorum
3092 649 3232 704 Deus
3254 653 3333 705 eis
3377 653 3456 707 in-
3511 712 3516 717 _

1891 742 2108 811 dulgere
2137 742 2311 794 valeat
2337 749 2390 794 et
2420 742 2610 806 soleat,
2638 742 2682 795 si
2719 741 2876 811 digne
2897 741 3263 809 pmniluerint,
3295 741 3452 815 juxta

1892 829 2022 884 illud
2053 830 2111 882 Β.
2151 829 2345 883 Leonis
2369 845 2517 898 papa:
2557 849 2569 883 :
2608 849 2626 880 ι
2664 829 2821 894 Quia,
2853 829 3042 898 inquit,
3073 828 3455 898 misericordia:

1890 920 1986 974 Dei
2043 935 2144 974 nec
2184 927 2468 973 mensuras
2508 935 2799 988 possumus
2821 934 3040 989 ponere,
3072 935 3170 974 nec
3205 929 3447 989 tempora

1888 1011 2134 1076 dillinire,
2201 1009 2340 1079 apud
2375 1025 2535 1078 quem
2592 1011 2768 1063 nullas
2814 1025 2997 1063 moras
3039 1010 3240 1078 patitur
3277 1009 3450 1064 venire

1890 1101 2194 1155 conversio.
2254 1119 2272 1150 ι
2312 1098 2464 1153 Unde
2511 1107 2564 1153 et
2599 1100 2771 1153 sancti
2811 1097 3004 1153 Patres
3048 1099 3192 1154 hunc
3260 1115 3450 1152 nume-

1889 1206 2010 1245 rum
2069 1205 2356 1255 annorum,
2415 1182 2463 1243 si
2504 1198 2680 1244 tamen
2737 1189 3116 1244 ecclesiastica:
3154 1189 3451 1258 disciplinae

1895 1296 2003 1334 non
2032 1278 2283 1345 abfuerit,
2333 1279 2603 1334 multaties
2657 1279 3061 1347 anticipandum
3108 1280 3162 1331 in
3198 1279 3444 1333 reconci-

1890 1362 2109 1426 liatione
2137 1379 2462 1424 censuerunt
2489 1372 2542 1423 in
2575 1371 2656 1424 his
2686 1372 2946 1425 duntaxat
2979 1370 3071 1438 qui
3101 1371 3259 1439 digne
3279 1371 3450 1439 pumi-

1891 1467 2125 1515 tuerunt.
2161 1457 2316 1526 Nam,
2360 1469 2420 1513 ut
2448 1460 2504 1513 Β.
2532 1461 2868 1530 Augustinus
2903 1462 2959 1514 in
3004 1476 3104 1516 suo
3137 1460 3448 1516 Enchiridio

1890 1556 2142 1616 testatur,
2171 1551 2226 1604 in
2263 1552 2475 1605 actione
2499 1551 3172 1620 hujusmodiptenitentim,
3199 1567 3308 1605 non
3338 1561 3449 1606 tam

1890 1654 2144 1694 mensura
2192 1641 2450 1709 temporis
2507 1657 2667 1710 quam
2717 1641 2921 1695 doloris
2969 1642 3290 1696 attendeuda
3345 1650 3448 1696 est.

1889 1729 2125 1794 ltem,B.
2165 1731 2509 1786 Innocentius
2549 1747 2711 1800 papa:
2757 1751 2774 1782 ι
2824 1731 2899 1785 De
2947 1732 3202 1801 pondere,
3253 1732 3449 1800 inquit,

1889 1829 2231 1888 peccatorum
2275 1824 2523 1876 mstiman
2541 1824 2615 1887 lo,
2647 1823 2946 1878 sacerdotis
2983 1830 3076 1880 est
3093 1823 3358 1892 judicare,
3387 1831 3448 1876 ut

1889 1914 2124 1967 attendat
2159 1914 2224 1967 ad
2246 1913 2640 1994 confessionem
2672 1916 2997 1983 pmuitentis,
3026 1923 3079 1969 et
3108 1915 3175 1970 ad
3200 1915 3354 1968 fletus
3395 1923 3451 1968 et

1889 2005 1955 2056 azl
1979 2005 2242 2075 lacrymas
2273 2005 2617 2075 corrigentis;
2646 2022 2707 2058 ac
2733 2015 2840 2060 tum
2870 2007 3059 2075 jubere
3080 2007 3296 2071 dimitti,
3323 2020 3448 2060 cum

1887 2096 2080 2149 viderit
2107 2112 2401 2166 congruam
2427 2095 2870 2150 satisfactionem.
2919 2114 2936 2148 ι

1958 2213 2093 2271 llin‘c
2112 2225 2164 2272 et
2190 2215 2468 2299 Niczenum
2499 2217 2786 2272 concilium
2823 2218 3024 2288 lapsos,
3049 2233 3187 2288 quos
3217 2218 3449 2273 triennio

1891 2308 2030 2364 inter
2059 2311 2498 2376 catechumenos,
2521 2319 2577 2365 et
2599 2319 2783 2380 postea
2806 2310 3066 2365 decennio
3106 2312 3247 2364 inter
3271 2312 3446 2380 potni-

1889 2408 2062 2454 tentes
2088 2401 2247 2470 amigi
2270 2402 2568 2466 constituit,
2604 2401 2672 2456 ab
2697 2401 2965 2469 episcopis
2993 2389 3284 2473 humanius
3333 2409 3447 2455 tra-

1888 2491 2024 2545 ctari
2058 2492 2346 2556 concessit,
2365 2492 2410 2546 si
2436 2507 2561 2546 cum
2585 2500 2729 2545 metu
2766 2499 2819 2545 et
2845 2491 3098 2561 lacrymis
3127 2507 3234 2545 non
3271 2491 3445 2546 simu-

1889 2583 2016 2647 late,
2068 2583 2160 2664 sed
2211 2582 2472 2636 veraciter
2517 2582 2884 2652 ptenitnerint,
2927 2582 3133 2651 tepidos
3177 2590 3354 2636 autem
3395 2591 3449 2638 et

1890 2676 2247 2745 negligentius
2269 2675 2592 2743 pmnitentes
2613 2674 2896 2730 diliiaitum
2937 2677 3150 2744 tempus
3195 2675 3450 2730 omnibus

1889 2766 2064 2819 modis
2086 2766 2307 2844 implere
2329 2766 2629 2819 constituit.
2656 2766 2754 2819 Cui
2789 2767 3069 2844 sententia:
3097 2765 3154 2816 Β.
3183 2765 3447 2836 Hierony-

1889 2870 2010 2909 mus
2039 2843 2440 2910 evidcntissime
2478 2839 2817 2925 astipulatur‘.
2866 2873 2884 2906 ι
2929 2855 3083 2923 Apud
3137 2854 3328 2921 Deum,
3365 2857 3467 2919 in-_

1890 2948 2025 3016 quit,
2069 2963 2177 3000 non
2207 2956 2315 3001 tam
2343 2948 2746 3002 mensuravalet
2767 2946 3021 3020 temporis
3042 2961 3205 3015 quam
3221 2946 3444 3013 doloris,

1891 3054 1990 3093 nec
2014 3039 2339 3095 abstinentia
2388 3048 2600 3094 tantum
2623 3040 2866 3094 ciborum
2893 3023 3060 3109 quam
3103 3037 3446 3091 mortificatio

1891 3130 2166 3195 vitiorum,
2191 3139 2406 3201 propter
2426 3147 2590 3201 quam
2615 3140 2856 3200 tempora
2903 3130 3230 3199 pmnitentia:
3275 3127 3375 3184 fide
3395 3139 3449 3183 et

1815 3199 1856 3254 (ἶ
1888 3223 2311 3302 conversatione
2359 3222 2736 3293 pmniteutium
2793 3222 3151 3278 abbreviauda
3212 3236 3448 3276 canones

1889 3313 2224 3380 praecipiunt,
2251 3323 2304 3366 et
2326 3313 2656 3382 negligentia
2689 3314 3019 3382 pretelanda.

1961 3430 2064 3485 Sed
2084 3440 2136 3486 et
2159 3432 2297 3486 ratio
2333 3419 2633 3501 temporum
2659 3446 3050 3502 nonnunquam
3083 3431 3313 3499 rigorem
3355 3447 3446 3485 cad

1888 3536 2088 3576 nonum
2128 3523 2323 3576 remitti
2351 3522 2520 3593 cogit:
2569 3522 2708 3576 sicut
2737 3521 2796 3573 Β.
2839 3520 3182 3574 Innocentius
3211 3535 3352 3589 papa
3390 3521 3447 3575 in

1887 3615 2209 3686 quibusdam
2251 3605 2567 3688 faciendum,
2609 3613 2844 3670 decrevit
2897 3613 3070 3686 (epist.
3112 3617 3180 3667 ad
3232 3611 3445 3684 Exupe-

1889 3710 2026 3762 rium
2057 3709 2372 3763 Tolosanum
2392 3705 2734 3780 episcopum),
2763 3707 2856 3777 qui
2877 3708 2978 3763 hac
2998 3708 3107 3761 vita
3137 3707 3191 3760 in
3203 3707 3450 3774 volupta-

1888 3798 2032 3854 tibus
2052 3806 2348 3864 transacta,
2377 3799 2818 3866 demumindlne
2868 3799 3236 3867 paenitentiam
3285 3797 3448 3850 simul
3517 3860 3522 3865 _

1887 3897 1942 3943 et
1967 3890 2456 3947 reconciliationem
2492 3894 2767 3959 expetunt.
2817 3907 2834 3939 ι
2882 3889 2954 3942 De
2992 3889 3095 3951 his,
3129 3887 3321 3955 inquit,
3351 3887 3450 3942 ob-

1889 3983 2122 4037 servatio
2147 3984 2295 4052 prior
2322 3983 2541 4047 durior;
2593 3980 2879 4048 posterior,
2914 3977 3301 4039 interveniente
3343 3977 3446 4030 mi-

1889 4073 2203 4135 sericordia,
2233 4072 2541 4126 inclinatior
2568 4079 2670 4124 est.
2720 4089 2738 4120 ι
2782 4067 2916 4123 Nam
2937 4067 3273 4124 consuetudo
3299 4068 3450 4138 prior

1889 4162 2060 4215 tenuit
2099 4169 2164 4221 ut
2210 4159 2599 4218 concederetur
2644 4161 2980 4235 poenitentia,
3014 4161 3108 4218 sed
3137 4160 3452 4216 communio

1887 4260 2194 4323 negaretur.
2231 4271 2251 4305 ι
2295 4252 2431 4312 Nam
2455 4268 2581 4308 cum
2607 4253 2692 4308 his
2713 4252 3045 4322 temporibus
3081 4250 3282 4306 crebra:
3323 4266 3452 4320 pere
3500 4239 3509 4246 ’

1889 4343 2197 4399 mentiones
2225 4353 2428 4410 essent,
2477 4359 2545 4397 ne
2573 4341 2878 4396 communis
2922 4354 3179 4394 concessa
3220 4339 3453 4398 facultas

1890 4432 2141 4487 homines
2164 4433 2230 4487 de
2258 4430 2696 4485 reconciliatione
2725 4443 2948 4484 securos
2975 4445 3082 4484 non
3114 4441 3392 4486 revocaret
3415 4447 3445 4485 a
3498 4460 3502 4463 -

241 4525 422 4581 adhuc
440 4512 645 4592 vivunt,
676 4539 800 4581 cum
823 4527 1020 4598 quibus
1057 4528 1377 4598 peceavere;
1416 4530 1543 4598 quia
1577 4539 1632 4583 et
1661 4543 1788 4586 tunc
1821 4533 1865 4587 D
1889 4521 2064 4586 lapsu.
2091 4523 2284 4575 ιηθτίιο
2309 4527 2502 4589 “etiam
2523 4526 2607 4573 εει
2631 4518 2971 4586 communio;
3002 4534 3260 4575 001109-553
3282 4521 3454 4589 W'li‘

237 4615 312 4670 de
334 4615 414 4670 eis
435 4624 618 4670 sancta
661 4615 896 4671 Ecclesia
920 4617 1274 4671 scandalizari
1300 4618 1454 4682 solet,
1506 4633 1631 4671 cum
1665 4635 1790 4687 pec-

242 4713 423 4757 catum
447 4719 632 4757 earum
653 4719 760 4758 non
786 4704 958 4758 solum
982 4720 1074 4773 per
1099 4705 1264 4776 ipsas,
1313 4707 1406 4762 sed
1430 4723 1526 4778 per
1548 4724 1788 4779 praesen-

241 4791 374 4849 tiam
397 4790 780 4854 fornicatorum
812 4795 1050 4866 quotidie
1073 4793 1392 4866 publicator.
1445 4798 1562 4855 Non
1612 4801 1787 4855 solum

245 4896 424 4938 autem
450 4883 505 4937 in
531 4883 817 4952 praedictis,
841 4886 933 4958 sed
956 4895 1011 4941 et
1044 4889 1097 4942 in
1127 4889 1246 4943 aliis
1275 4905 1543 4945 canonum
1571 4890 1790 4960 judiciis

241 4971 517 5043 profectus
543 4966 927 5050 ecclesiasticas
943 4974 1235 5044 disciplinre
1252 4977 1590 5044 potissimum
1610 4970 1791 5031 atten-

236 5024 410 5128 ditur,
437 5072 495 5117 ut
513 5072 567 5117 et
589 5065 679 5134 qui
715 5024 1479 5137 peccavdruut'corrirgantur,
1521 5039 1577 5122 et
1608 5069 1698 5122 alii
1726 5085 1792 5124 ne

238 5153 466 5224 peccent
495 5155 880 5208 deterreantur.
923 5152 1057 5208 Hinc
1109 5162 1191 5210 est
1231 5159 1373 5226 quod
1404 5159 1621 5228 quidam
1648 5177 1794 5216 nunc

237 5243 452 5315 septem
486 5257 630 5299 nunc
673 5243 856 5299 decem
894 5245 1068 5310 annis,
1102 5245 1388 5315 aliquando
1433 5261 1594 5304 etiam
1619 5265 1793 5321 usque

189 5375 192 5378 .
246 5333 314 5388 ad
339 5333 500 5388 tinem
517 5335 657 5402 vitae,
692 5349 790 5404 pro
811 5334 924 5391 suis
983 5336 1300 5392 criminibus
1342 5341 1410 5393 ab
1431 5340 1793 5394 ecclesiastica

246 5423 627 5478 communione
666 5431 1009 5492 separantur;
1064 5424 1155 5495 qui
1201 5433 1256 5478 et
1298 5427 1526 5482 libenter
1558 5427 1658 5481 sub
1691 5427 1795 5482 hac

239 5511 579 5568 'disuictidne
617 5513 812 5568 debent
843 5515 1104 5581 laborare,
1135 5529 1241 5568 non
1293 5503 1466 5572 solum
1495 5526 1554 5570 ut
1578 5525 1793 5586 peccata

247 5595 598 5670 sua’diluant,
631 5590 734 5658 sed
763 5604 924 5660 etiam
952 5614 1012 5660 ut
1065 5612 1263 5661 sancta)
1307 5606 1400 5660 Dei
1432 5606 1682 5662 Ecclesia:
1704 5623 1792 5662 sa—

249 5693 551 5759 tisfaciant,
617 5708 842 5761 eamque
903 5696 1003 5750 sibi
1065 5694 1412 5752 reconcilient
1482 5697 1790 5766 paenitendo

238 5785 410 5852 'quam
447 5781 940 5839 scaudalizavcrunt
965 5785 1338 5846 delinquendo.
1534 5799 1543 5802 ·

1889 4616 2076 4676 tentia,
2103 4626 2170 4663 ne
2195 4618 2365 4662 totum
2400 4609 2615 4678 penitus
2648 4619 2955 4679 negaretur,
2979 4619 3032 4664 et
3055 4604 3336 4664 duriorem
3361 4623 3450 4663 re-

1889 4699 2203 4754 missionem
2233 4698 2360 4753 fecit
2384 4700 2641 4768 temporis
2663 4701 2820 4754 ratio.
2857 4699 2961 4754 Sed
2989 4707 3275 4768 postquam
3331 4698 3444 4754 Do-

1891 4790 2072 4844 minus
2092 4797 2275 4843 noster
2295 4804 2479 4858 pacem
2500 4789 2756 4844 Ecclesiis
2785 4789 2899 4842 suis
2927 4788 3175 4852 reddidit,
3214 4788 3326 4857 jam
3349 4790 3448 4845 dea

1890 4879 2047 4947 pulso
2081 4888 2307 4946 terrore,
2342 4879 2778 4932 communionem
2822 4877 2940 4931 dari
2977 4879 3301 4935 obeuntibus
3334 4882 3450 4950 pla-

1897 4972 2027 5034 cuit,
2053 4980 2104 5025 et
2143 4978 2358 5039 propter
2387 4968 2597 5022 Domini
2646 4969 3069 5026 misericordiam
3111 4974 3267 5043 quasi
3295 4974 3452 5029 viati-

1899 5075 2020 5114 cum
2050 5057 2392 5127 profecturis,
2413 5073 2482 5111 ne
2514 5057 2795 5112 Novatiani
2821 5059 3058 5116 haeretici
3084 5063 3327 5131 negantis
3357 5079 3450 5118 ve—

1900 5148 2043 5201 niam
2069 5146 2411 5215 asperitatem
2441 5157 2495 5202 et
2539 5148 2794 5203 duritiam
2845 5150 3100 5220 subsequi
3145 5151 3445 5207 videamur.

1895 5237 2179 5290 Tribuitur
2203 5235 2517 5312 [tribuetur]
2551 5255 2680 5310 ergo
2710 5231 2843 5294 cum
2875 5240 3186 5309 pmnitentia
3208 5248 3446 5297 extrema

1898 5329 2228 5396 communio,
2258 5339 2319 5385 ut
2351 5332 2601 5388 homines
2625 5330 2933 5403 bujusmodi
2954 5331 3036 5384 vel
3077 5331 3129 5384 in
3177 5319 3446 5400 supremis

1899 5421 2034 5487 suis,
2068 5421 2346 5479 Salvatorc
2371 5431 2556 5478 nostro
2602 5417 2958 5490 permittente,
2990 5437 3017 5476 a
3049 5430 3301 5491 perpetuo
3325 5423 3446 5486 cxi-

1899 5516 1975 5570 tio
2005 5515 2364 5571 vindicentur.
2403 5535 2421 5565 ι
2465 5514 2601 5568 Ecce
2622 5514 2674 5566 in
2700 5522 2964 5582 quantum
2981 5516 3063 5567 vir
3090 5514 3189 5565 iste
3220 5519 3442 5577 aposto-

1895 5607 2034 5661 licus
2077 5605 2298 5671 antiquo
2345 5605 2507 5674 rigori
2556 5604 2934 5658 remittendum
2988 5597 3310 5656 existimavit
3347 5603 3453 5672 qui

1895 5678 2329 5753 communionem
2353 5673 2671 5764 quibusdam
2722 5693 2898 5748 necin
2943 5691 3102 5744 finem
3157 5673 3466 5746 redhiberi-5

1895 5787 2018 5839 dam
2045 5784 2332 5852 concessit,
2356 5783 2537 5857 ibique
2568 5775 2956 5850 subsequenter
2985 5788 3038 5834 et
3070 5777 3274 5845 antiqui
3299 5779 3451 5838 risw
