3956 6418
390 434 399 439 ’
445 453 580 509 Ila?
1386 430 1477 499 λι)
1511 442 1739 500 ornas
1778 442 1833 497 s.
1875 443 2003 498 cae

2111 442 2199 496 an
2238 442 2671 516 ammonens.
3404 476 3412 482 ~
3540 454 3683 509 uss

439 564 517 617 ris
543 570 597 613 et
623 556 893 614 moderme
915 553 1253 609 remissionis
1296 553 1643 608 rationabiles
1686 568 1882 607 causas
1905 568 2002 606 au-

2107 562 2223 621 post
2251 553 2461 622 lapsum
2486 571 2593 609 non
2641 570 2803 624 posse
2843 558 3073 623 restitui,
3102 561 3146 615 si
3176 562 3498 634 condignam
3543 562 3673 639 ege-

443 661 657 707 nccterc
685 647 911 702 curavit.

513 740 814 812 Aliquando
837 739 998 792 etiam
1021 746 1076 789 et
1096 735 1212 804 ipsa
1258 734 1548 787 multitudo
1571 731 2003 801 delinquentium

444 835 676 901 rigorem
717 829 1014 898 disciplina:
1042 842 1149 880 non
1200 826 1454 888 admittit,
1483 834 1541 877 ut
1581 825 1725 893 quod
1760 839 1789 875 a
1821 824 2006 878 nmltis

442 934 695 993 pet-catur
720 920 980 976 canonice
1010 916 1270 971 vindicari
1311 916 1502 983 possit.
1558 914 1614 967 ln
1652 930 1758 983 qna
1805 928 2004 977 causa,

436 1018 591 1085 juxta
626 1011 1025 1067 attestationem
1064 1007 1305 1075 ejusdem
1345 1006 1648 1074 apostolici,
1695 1005 1876 1073 priora
1912 1003 2005 1057 Dei

437 1105 643 1176 judicio
683 1099 1067 1155 committenda
1119 1104 1268 1160 sunt,
1314 1103 1369 1149 et
1413 1095 1480 1149 de
1515 1095 1725 1163 reliquo
1772 1095 2005 1149 maxima

443 1192 803 1249 sollicitudine
845 1186 1273 1259 praecavendum.
1311 1184 1431 1253 Ipsa
1482 1199 1703 1254 quoque
1756 1185 2006 1238 conside-

443 1287 581 1339 ratio
614 1281 917 1350 I'ragilitatis
965 1279 1215 1330 humanae
1243 1290 1633 1343 nonnunquam
1665 1274 1895 1344 rigorem
1917 1292 2008 1329 ca-

443 1391 647 1431 nonum
681 1372 825 1441 cogit
846 1370 1105 1423 emollire.
1134 1365 1286 1420 L'nde
1334 1364 1394 1418 Β.
1433 1363 1686 1419 Nicolaus
1727 1379 1862 1434 papa
1895 1356 2008 1434 pri-

445 1482 590 1519 niuui
633 1462 912 1531 parricidis
951 1457 1319 1511 eth-atricidis
1342 1457 1780 1510 communionem
1819 1457 2007 1511 altaris

444 1565 562 1625 pom
590 1553 861 1606 biennium
886 1549 1228 1619 reddemlain,
1251 1563 1315 1600 ne
1344 1547 1712 1616 desperarent,
1741 1547 2004 1601 decrevit:

442 1660 605 1713 quam
635 1653 812 1695 tamen
847 1638 1189 1709 Ancyranum
1226 1639 1539 1701 concilium,
1566 1654 1663 1691 nec
1697 1638 2004 1703 bomicidis,

444 1734 545 1787 nisi
575 1734 625 1784 in
649 1733 750 1785 line
770 1732 890 1784 vit:e
920 1729 1301 1783 redhilwndam
1329 1727 1585 1798 {statuit}.

514 1823 714 1876 liodem
761 1821 923 1875 modo
954 1829 1007 1873 ct
1037 1827 1333 1886 spontanea
1380 1818 1655 1873 confessio
1689 1818 2003 1874 canonicam

442 1916 801 1977 severitatem,
853 1913 1005 1980 juxta
1042 1908 1477 1965 Clialcedouense
1523 1910 1812 1963 concilium
1862 1911 2007 1963 miti-

444 2021 568 2072 gare
591 2003 890 2064 retisu'evit,
929 2001 1071 2070 quod
1111 2000 1295 2068 utique
1325 2001 1605 2053 monachis
1627 2009 1679 2052 et
1712 2000 2008 2069 virginibus

443 2095 634 2157 sacris,
674 2110 703 2147 a
746 2093 1025 2161 proposito
1054 2091 1236 2158 lapsis,
1281 2092 1373 2143 sed
1400 2088 1664 2143 confessis
1694 2092 2006 2144 miscricor-

442 2186 583 2237 diam
612 2185 870 2253 impertiri
896 2182 1153 2235 decrevit.
1198 2179 1546 2249 Nequaquam
1584 2182 1893 2268 hnjnsmoili
1920 2199 1992 2236 re.

445 2275 732 2328 missiones
755 2275 891 2326 inter
928 2272 1272 2325 authenticas
1313 2272 1622 2324 sanctiones
1662 2270 2009 2324 admitteren—

447 2374 551 2423 tur.
587 2364 630 2416 si
670 2378 776 2415 non
816 2362 927 2424 alii,
970 2362 1074 2414 nisi
1101 2361 1366 2429 quijuvta
1416 2361 1738 2415 canonicum
1774 2362 2005 2430 rigorem

446 2454 813 2521 paenitentiam
855 2452 1161 2521 explerent,
1215 2450 1410 2517 salvari
1439 2451 1815 2515 crederentur;
1861 2451 2005 2519 quod

446 2561 575 2596 sane
614 2559 719 2595 non
745 2543 1107 2603 Catholicum,
1140 2541 1230 2593 sed
1259 2539 1605 2615 Pelagianam
1633 2557 1753 2596 esse
1801 2543 2006 2595 videre-

446 2642 549 2685 tur.
586 2631 699 2700 Ipse
725 2634 867 2686 enim
916 2631 1164 2698 Pelagius
1190 2630 1398 2684 veniam
1444 2633 1746 2699 petentibus
1774 2647 1879 2685 non
1915 2647 2003 2684 se-

444 2725 677 2775 cundum
727 2724 953 2790 gratiam
991 2721 1104 2784 Dei,
1162 2721 1253 2774 sed
1290 2721 1585 2774 secundum
1632 2721 1821 2776 merita
1846 2733 1896 2776 ct
1928 2723 2008 2776 Ia-

447 2813 602 2865 bores
645 2827 832 2864 eorum
878 2811 995 2864 dari
1036 2810 1437 2880 dogmatizavit.
1496 2809 1597 2865 Sed
1642 2814 1784 2881 apud
1836 2810 2003 2866 Deum

447 2903 620 2956 nullas
659 2902 824 2955 veniae
873 2917 1055 2956 moras
1087 2903 1286 2969 patitur
1322 2902 1625 2967 conversio,
1666 2912 1723 2956 ut
1760 2900 2005 2972 praeliba-

446 2995 639 3045 vimus.
666 2992 816 3045 [Inde
838 3002 889 3044 et
933 2993 1103 3044 sancti
1133 2991 1317 3045 Patres
1338 2992 1390 3044 in
1411 2994 1672 3045 canonico
1694 2994 1870 3062 rigore
1897 3010 2003 3046 non

448 3083 734 3135 terminum
758 3081 1118 3149 indulgentize,
1151 3082 1241 3134 sed
1271 3081 1500 3135 fortnam
1527 3082 1822 3151 disciplinm
1847 3084 2005 3139 nobis

446 3173 739 3240 preﬁxisse
775 3172 1085 3234 creduntur,
1112 3172 1307 3240 quippe
1339 3180 1398 3225 ut
1428 3172 1674 3227 homines
1715 3190 1744 3226 a
1773 3176 2003 3242 peccatis

444 3270 863 3329 compescerent,
900 3277 997 3313 nec
1017 3262 1176 3313 alicui
1205 3263 1465 3315 veraciter
1490 3278 1754 3317 converso
1793 3264 2003 3325 veniam

443 3349 1013 3419 deuegarent,qu:ein
1068 3358 1215 3403 tanto
1268 3349 1528 3405 humilius
1578 3362 1632 3406 et
1674 3351 2005 3409 fructuosius

444 3443 703 3509 accipitur
727 3450 930 3509 quanto
961 3441 1159 3505 minus,
1187 3440 1340 3509 juxta
1385 3443 1704 3495 canonicum
1750 3445 2001 3513 rigorem,

445 3546 513 3585 ex
539 3531 719 3583 debito
742 3513 1093 3598 impendenda
1115 3530 1479 3598 cognoscitur.
1525 3530 1666 3599 Ergo
1694 3541 1747 3586 et
1779 3535 1831 3587 in
1868 3536 2001 3601 hoc,

448 3623 745 3688 qui.!ocum
774 3620 1099 3688 pienitentize
1134 3621 1215 3674 vel
1253 3621 1687 3675 communionem
1710 3640 1855 3680 nunc
1880 3641 2002 3680 om-

446 3712 595 3771 nino,
622 3725 766 3762 nunc
787 3709 852 3761 ad
885 3718 1095 3777 tempus
1117 3710 1441 3777 quibusdam
1484 3710 1778 3780 denegasse
1812 3714 2003 3783 legun~

446 3810 534 3853 tur
570 3815 676 3853 non
725 3798 1152 3868 desperationem
1200 3799 1495 3868 lapsorum,
1523 3800 1615 3853 sed
1665 3801 2002 3872 disciplinam

444 3891 886 3959 corrigendorum
943 3890 1237 3958 intelligere
1282 3889 1570 3955 debemus;
1621 3909 1686 3945 ne
1730 3893 1797 3947 de
1838 3896 2004 3963 lapsis

446 3981 616 4036 sancti
651 3979 836 4033 Patres
856 3995 978 4032 cum
1009 3978 1323 4033 Novatianis
1346 3979 1662 4049 desperasse
1673 3983 1999 4049 judicemus.

521 4092 673 4145 Sacri
741 4106 957 4159 quoque
998 4105 1235 4145 canones
1296 4089 1350 4143 in
1405 4094 1814 4161 quampluribus
1874 4096 2004 4153 locis

445 4183 670 4237 clericos
690 4181 753 4245 in
778 4180 1003 4233 crimine
1039 4180 1222 4246 lapsos
1253 4181 1320 4233 ab
1348 4183 1559 4240 ordine.
1572 4185 1878 4254 deponunt,
1908 4203 2002 4244 nec

441 4275 520 4326 eis
543 4273 775 4339 aliquam
800 4285 948 4339 spem
997 4270 1357 4325 restitutionis
1383 4275 1756 4341 prazscribunt.
1809 4278 1913 4333 Sed
1952 4292 2005 4335 ct

444 4362 587 4414 hunc
601 4362 830 4427 rigorem
848 4374 1114 4412 canonum
1140 4373 1247 4413 non
1266 4360 1402 4415 adeo
1424 4364 1700 4419 attendere
1720 4366 2000 4434 debemus,

444 4462 501 4505 ut
523 4466 645 4505 eum
668 4448 979 4503 Novatianis
999 4446 1377 4505 ecclesiastica:
1412 4456 1665 4520 potestati
1694 4457 1891 4527 ligandi
1914 4470 1997 4513 at-

442 4558 547 4613 que
581 4539 822 4593 solvendi
850 4548 1048 4593 temere
1079 4539 1509 4609 prtejudicemus.
1537 4542 1669 4598 Nam
1698 4558 1755 4601 ut
1783 4548 1843 4601 Β.
1883 4551 1996 4603 An-

442 4633 690 4702 gustinus
718 4630 782 4684 ad
812 4627 1142 4682 Bonifacium
1159 4618 1399 4689 scribens
1430 4642 1683 4689 testatur:
1732 4654 1749 4687 ι
1796 4635 1996 4707 IIujus-

444 4723 589 4777 modi
631 4719 994 4789 irrepat-altilis
1043 4718 1309 4787 depositio
1373 4723 1694 4780 clericorum
1744 4738 1997 4783 nontam

443 4812 816 4881 desperatione
867 4809 1224 4879 indulgentiae,
1268 4826 1431 4880 quam
1481 4813 1657 4882 rigore
1706 4816 2000 4887 disciplina:

444 4904 686 4955 instituta
711 4909 810 4956 est.
839 4900 1084 4968 Alioquin
1117 4911 1300 4955 contra
1330 4904 1508 4957 claves
1536 4902 1790 4961 Ecclesiae
1811 4908 1999 4978 dispu-

444 4991 734 5046 tareturdc
759 4991 957 5057 quibus
977 4988 1178 5044 dictum
1192 5001 1299 5044 est:
1322 5012 1338 5041 ι
1359 4992 1492 5057 Quae
1514 4996 1784 5051 solveritis
1812 4997 1864 5051 in
1894 5006 2004 5052 ter-

444 5099 523 5146 ra,
556 5080 907 5134 cruntsoluta
929 5088 982 5131 et
1002 5079 1055 5132 in
1085 5080 1222 5134 cwlo
1261 5080 1478 5149 (Matth.
1522 5084 1656 5152 xvi).
1701 5104 1718 5134 ι

511 5213 617 5282 lpsi
638 5213 799 5266 etiam
823 5226 1057 5265 canones
1080 5213 1371 5282 aliquando
1395 5216 1709 5285 hujusmodi
1734 5218 2004 5278 damnatis

442 5304 729 5382 pristinum
760 5289 1000 5356 ordinem
1032 5305 1355 5369 concedunt,
1387 5317 1444 5360 nt
1479 5307 1532 5360 in
1571 5306 1789 5363 Nicazno
1819 5315 2003 5366 conci—

444 5395 515 5446 lin
566 5391 895 5457 Novatianis,
922 5403 975 5448 et
1010 5395 1061 5448 in
1078 5393 1355 5458 Africano,
1380 5395 1695 5465 Donatistis,
1720 5402 1861 5471 quod
1886 5418 2006 5457 san-

443 5486 513 5536 cti
548 5485 737 5537 Patres
771 5497 876 5536 non
913 5483 1167 5552 facerent,
1205 5486 1252 5542 si
1289 5502 1415 5541 cum
1458 5485 1774 5547 Novatianis
1820 5494 1886 5548 de
1914 5494 2001 5547 in—

445 5574 714 5644 dulgentia
779 5575 1054 5643 lapsorum
1121 5577 1335 5644 penitus
1381 5577 1748 5646 desperarent.
1809 5581 2004 5639 Beatus

445 5678 659 5733 quoque.
687 5662 940 5719 Callistus
970 5679 1107 5734 papa
1136 5673 1188 5717 et
1211 5676 1415 5738 martyr
1451 5668 1705 5723 omnibus
1734 5671 2002 5741 episcopis

447 5752 715 5808 s-zril-ens:
765 5775 782 5804 ι
832 5753 1044 5820 Errant,
1084 5755 1278 5824 inquit,
1334 5760 1424 5825 qni
1468 5768 1659 5828 putant
1694 5764 1999 5817 sacerdotes

2104 644 2211 697 rint
2250 646 2637 711 ptenitentiam.
2688 666 2704 696 ι
2758 645 2884 701 Item
2929 649 3119 705 beatus
3154 652 3446 723 Gregorius
3487 673 3631 728 papa
3656 701 3676 726 ,

2103 734 2345 788 scribens
2374 734 2441 788 ad
2466 733 2830 790 Secundinum
2880 754 3094 792 servum
3133 739 3226 794 Dei
3257 743 3545 812 inclusum,
3588 747 3677 802 la-

2103 837 2231 892 psos
2263 823 2316 876 in
2353 825 2595 880 ordinem
2650 829 2859 881 restitui
2907 844 3065 898 posse
3102 831 3360 897 asseruit;
3411 851 3550 903 quos
3584 847 3676 892 ta—
3723 823 3729 838 ξ

2104 928 2227 966 men
2248 914 2375 968 alibi
2398 914 2449 968 in
2478 913 2709 984 chesto
2729 934 2857 983 suo,
2884 918 3036 988 juxta
3072 922 3395 978 canonicum
3432 926 3674 995 rigorem

2106 1020 2172 1059 ne
2193 1007 2622 1069 restituerentur,
2660 1008 2950 1076 prohibuit.
2983 1009 3036 1064 In
3059 1012 3219 1080 epist.
3246 1015 3389 1067 enim
3431 1017 3497 1070 ad
3518 1017 3676 1072 Cou-

2106 1096 2363 1149 stantium
2405 1095 2855 1152 Mediolancnsem
2901 1102 3240 1170 episcopum:
3286 1124 3304 1154 ι
3338 1105 3410 1158 'Si
3460 1107 3630 1176 lapsis
3657 1148 3676 1175 ,

2108 1184 2301 1255 inquit,
2326 1187 2391 1239 ad
2422 1203 2579 1240 suum
2613 1188 2855 1242 ordinem
2886 1193 3183 1246 revertendi
3224 1194 3437 1250 licentia
3472 1212 3677 1252 conce-

2107 1275 2271 1341 ditur,
2299 1276 2443 1346 rigor
2486 1278 2672 1346 procul
2710 1277 2875 1333 dubio
2904 1281 3174 1336 canonieze
3211 1283 3475 1355 frangitur
3500 1288 3677 1342 disci-

2108 1365 2282 1434 plime.
2327 1386 2345 1417 ι
2389 1366 2455 1420 Et
2502 1378 2620 1436 post
2649 1384 2864 1437 pauca:
2912 1388 2931 1421 ι
2976 1369 3107 1425 Illud
3146 1368 3310 1442 igitur
3344 1392 3453 1444 pra:
3486 1378 3676 1431 omni-

2108 1455 2211 1508 bus
2232 1456 2440 1511 studcte
2475 1465 2535 1510 nt
2589 1458 2770 1526 lapsos
2822 1460 2875 1513 in
2928 1476 3142 1515 sacrum
3178 1464 3423 1519 ordinem
3466 1468 3677 1523 nullius

2106 1546 2261 1598 vobis
2282 1546 2598 1615 supplicatio
2618 1548 2799 1617 aliquo
2824 1550 2985 1605 modo
3003 1567 3256 1606 revocare
3275 1557 3608 1622 persuadeat.
3646 1578 3668 1608 ι

2180 1632 2407 1690 Videsne
2462 1637 2622 1706 igitur
2678 1638 3009 1707 singularem
3077 1652 3391 1697 sanctorum
3444 1643 3675 1702 Patrum

2108 1723 2439 1794 diligentiam
2478 1725 2572 1794 qui
2604 1734 2658 1779 et
2692 1728 3088 1784 restitutionem
3118 1731 3392 1800 lapsorum
3416 1737 3679 1793 ecclesia—

2109 1816 2258 1867 sticzc
2313 1816 2565 1882 potestati
2612 1816 2859 1883 adjaccre
2891 1818 3162 1884 dixerunt,
3211 1831 3264 1875 et
3297 1832 3475 1878 tamen
3501 1825 3675 1895 lapsis
3715 1847 3723 1852 ν

2108 1918 2225 1955 eam
2244 1901 2539 1955 concedere
2554 1902 2864 1969 noluerunt,
2883 1907 3087 1960 scilicet
3117 1919 3175 1962 ut
3195 1910 3340 1978 rigor
3369 1912 3675 1985 disciplina:

2109 1991 2433 2062 generaliter
2477 1991 2674 2061 ubique
2720 1993 3017 2059 timeretur,
3049 2011 3148 2050 nec
3193 2006 3370 2053 tamen
3420 2000 3670 2057 illicitum

2103 2084 2461 2152 judicaretur,
2499 2086 2670 2140 sicubi
2708 2087 3087 2144 ecclesiasticae
3119 2091 3333 2146 utilitati
3367 2093 3419 2147 in
3448 2096 3674 2149 restita-

2107 2176 2256 2229 tione
2286 2175 2419 2245 lapsi
2449 2176 2678 2245 alicujus
2701 2180 3093 2234 consuleretur.
3126 2179 3232 2236 Nec
3262 2183 3313 2236 in
3343 2183 3442 2237 hoc
3479 2186 3675 2254 ntiquc

2109 2265 2229 2319 illos
2260 2266 2361 2323 sibi
2392 2266 2524 2333 ipsis
2554 2270 2863 2321 contrarios
2895 2279 3141 2338 reputare
3186 2272 3445 2328 debemus
3473 2274 3520 2327 si
3565 2273 3675 2328 ali-

2107 2356 2323 2424 quando
2365 2353 2545 2424 lapsos
2571 2356 2622 2409 in
2648 2357 2889 2411 ordinem
2918 2361 3269 2415 restituerunt
3304 2378 3444 2431 quos
3485 2373 3671 2419 tamen

2107 2447 2232 2500 alibi
2271 2461 2338 2501 ne
2364 2447 2777 2501 restituerentur
2808 2448 3218 2517 prohibuerunt.
3249 2448 3381 2505 Nam
3413 2454 3674 2522 utrinque

2106 2552 2268 2589 unam
2284 2545 2337 2589 et
2351 2537 2593 2591 eamdem
2608 2538 2952 2593 intentionem
2965 2539 3218 2595 habuisse
3235 2557 3341 2595 non
3361 2542 3667 2610 dubitatur,

2108 2626 2350 2680 videlicet
2378 2636 2435 2680 ut
2465 2629 2843 2683 ecclesiastica:
2868 2630 3084 2685 utilitati
3119 2647 3459 2701 summopere
3486 2635 3672 2701 provi-

2106 2717 2295 2771 derent
2330 2716 2441 2771 sive
2463 2734 2733 2772 canonum
2770 2718 2997 2788 rigorem
3024 2721 3392 2787 observarent,
3419 2723 3534 2777 sive
3566 2740 3671 2793 pro

2104 2810 2363 2879 qualitate
2416 2811 2677 2878 temporis
2724 2826 2848 2864 cum
2901 2812 2966 2865 ad
3027 2820 3238 2881 tempus
3283 2822 3665 2882 temperarent.

2107 2901 2330 2969 Semper
2354 2901 2497 2954 enim
2529 2902 2667 2954 mala
2710 2902 2993 2970 prohibere
3013 2912 3067 2956 et
3096 2903 3236 2957 bona
3259 2903 3538 2959 instituere
3567 2919 3669 2974 p0-

2107 2990 2374 3044 tissimum
2406 2991 2686 3055 studuere;
2724 2992 2867 3059 quod
2900 2992 3089 3060 procul
3119 2993 3283 3046 dubio
3322 2994 3528 3049 clliccre
3556 3010 3667 3049 non

2106 3089 2355 3149 possent,
2408 3080 2453 3134 si
2517 3096 2623 3133 non
2676 3096 2775 3149 pro
2825 3081 3134 3135 diversitate
3179 3089 3477 3151 temporum
3522 3098 3670 3137 nunc

2107 3171 2310 3231 tritius,
2334 3185 2476 3223 nunc
2498 3169 2737 3224 severius
2761 3169 3005 3225 incedere
3030 3170 3383 3225 studuissent.
3410 3170 3500 3226 Sic
3519 3174 3668 3227 enim

2107 3259 2307 3313 Nicteni
2336 3258 2523 3315 Patres
2549 3276 2672 3313 cum
2703 3259 3033 3326 Novatianis,
3068 3260 3307 3315 Africani
3342 3278 3463 3316 cum
3488 3260 3671 3316 Dona-

2108 3348 2250 3402 tistis
2266 3349 2448 3403 mitius
2472 3349 2759 3418 agendum,
2782 3357 2839 3403 ut
2861 3350 3173 3419 praedictum
3193 3358 3295 3415 est,
3313 3359 3666 3416 censuerunt,

2108 3446 2168 3493 ut
2208 3440 2277 3492 ab
2321 3453 2503 3493 errore
2548 3453 2644 3492 eos
2696 3438 2778 3491 vel
2817 3438 2896 3493 sic
2926 3438 3261 3493 revocarent.
3300 3437 3453 3503 Item,
3473 3438 3670 3494 beatus

2107 3525 2353 3582 Gelasius
2374 3541 2507 3595 papa
2532 3526 2587 3579 in
2613 3526 2934 3594 quibusdam
2961 3527 3112 3581 laicis
3140 3527 3373 3597 rigorem
3394 3541 3667 3582 canonum

2107 3622 2400 3691 mitigavit,
2433 3620 2657 3689 quibus,
2693 3634 2790 3688 pro
2815 3618 3179 3672 ecclesiastica
3221 3619 3558 3684 necessitate,
3606 3627 3669 3673 nt

2108 3711 2246 3764 infra
2272 3725 2474 3763 annum
2498 3710 2833 3778 pervenirent
2860 3708 2925 3763 ad
2946 3708 3358 3779 presbyterium,
3376 3708 3667 3774 concessit,

2107 3800 2290 3870 sicque
2336 3799 2564 3869 tempori
2596 3814 2743 3853 seex
2781 3798 2960 3854 debito
3006 3798 3171 3853 ofﬁcii
3218 3800 3305 3853 sui
3352 3800 3669 3855 necessario

2105 3888 2550 3945 condescendisse
2598 3888 2847 3942 asseruit.
2916 3886 3006 3941 Sic
3031 3894 3086 3939 et
3135 3888 3497 3955 praedecessor
3543 3900 3666 3956 ejus

2104 3979 2294 4033 beatus
2320 3976 2425 4029 Leo
2441 3992 2576 4045 papa
2595 3975 2820 4045 Magnus
2846 3975 3088 4031 scribens
3108 3974 3175 4029 ad
3199 3975 3482 4045 episcOpos
3510 3973 3666 4029 Mau-

2105 4068 2334 4133 ritanize,
2368 4068 2529 4121 etiam
2563 4067 2888 4137 necphvtos,
2943 4073 3125 4135 utpote
3148 4080 3215 4119 ex
3243 4065 3394 4119 laicis
3448 4063 3502 4118 in
3548 4064 3667 4135 epi-

2106 4168 2384 4227 scopatum
2408 4165 2727 4219 maturatos,
2753 4156 2806 4209 in
2828 4156 3138 4225 cpiscOpatu
3164 4154 3359 4223 legitur
3380 4153 3661 4208 tolerasse.

2106 4246 2162 4299 In
2192 4247 2529 4300 ordinatione
2569 4259 2785 4313 quoque
2812 4242 3112 4307 Ambrosii,
3144 4256 3253 4294 non
3280 4257 3470 4310 parum
3496 4240 3663 4310 rigori

2106 4351 2378 4389 canonum
2404 4335 2709 4389 detractum
2733 4340 2834 4398 est,
2862 4332 2953 4402 qui
2994 4330 3049 4385 in
3077 4338 3265 4384 octava
3286 4329 3379 4401 die
3419 4336 3539 4399 post
3564 4329 3665 4384 ba-

2105 4426 2383 4495 ptismum,
2402 4441 2499 4493 pro
2527 4424 2892 4479 ecclesiastica
2919 4422 3257 4487 necessitate,
3278 4420 3556 4476 ordinatus
3579 4427 3666 4475 est

2032 4526 2073 4580 ι)
2099 4520 2151 4572 in
2183 4518 2513 4587 episcopum.
2540 4515 2816 4583 Nusquam
2829 4527 3010 4566 tamen
3037 4511 3411 4567 sanctiPatres
3436 4515 3508 4565 ita
3531 4526 3665 4566 tem.

2102 4606 2217 4674 pori
2244 4619 2447 4657 morem
2473 4602 2705 4674 gessisse
2718 4604 2988 4673 leguntur,
3010 4600 3113 4655 nisi
3146 4601 3239 4655 ubi
3262 4601 3384 4681 plus
3406 4600 3663 4658 Ecclesia:

2103 4692 2500 4760 dispensatoria
2534 4692 2729 4746 lenitas
2750 4706 2913 4760 quam
2945 4685 3222 4747 canonica
3239 4692 3500 4747 severitas
3533 4707 3663 4763 pro-

2107 4780 2262 4835 ﬁcere
2288 4782 2588 4835 videbatur.

2176 4870 2292 4924 Non
2324 4886 2452 4941 ergo
2484 4871 2585 4925 sibi
2630 4872 2759 4941 ipsis
2793 4871 3047 4926 contrarii
3082 4874 3364 4942 reputandi
3404 4882 3532 4929 sunt
3563 4876 3662 4943 qui

2108 4964 2304 5033 ubique
2336 4964 2577 5017 eamdem
2604 4962 2952 5017 intentionem
2976 4963 3291 5032 prohibendi
3328 4965 3468 5019 mala
3494 4979 3549 5021 et
3574 4967 3662 5022 in—

2108 5053 2363 5107 stituendi
2391 5054 2531 5105 bona
2562 5053 2814 5107 habuisse
2843 5054 3152 5108 creduntur.
3180 5052 3305 5109 Haec
3329 5063 3504 5111 autem
3528 5070 3661 5111 con-

2107 5141 2382 5206 sideratio,
2419 5144 2462 5195 si
2494 5144 2874 5197 ecclesiasticis
2898 5144 3157 5200 institutis
3180 5146 3406 5203 ﬁdeliter
3431 5143 3659 5201 adhibe-

2107 5229 2270 5294 bitur,
2304 5231 2404 5283 sibi
2441 5246 2546 5284 non
2601 5235 2993 5300 reputabuntur
3034 5237 3325 5301 contraria,
3360 5236 3462 5290 etsi
3519 5250 3661 5291 non.

2106 5333 2386 5387 nunquam
2435 5318 2721 5374 videantur
2775 5322 3075 5377 decrevisse
3118 5322 3349 5376 diversa.
3389 5319 3470 5376 ‘Si
3508 5310 3691 5380 enim

2104 5415 2428 5461 statutorum
2480 5407 2814 5478 singulorum
2845 5410 3133 5479 originales
3160 5425 3355 5465 causas
3376 5410 3662 5482 diligenter

2104 5498 2495 5566 parquirimus,
2540 5500 2748 5571 singula
2800 5499 2916 5552 suis
2971 5498 3152 5554 causis
3197 5514 3297 5569 pro
3345 5500 3663 5556 diversitate

2102 5588 2363 5657 temporis
2387 5589 2587 5657 optime
2609 5599 2939 5658 competere,
2967 5597 3021 5645 et
3042 5592 3425 5648 ecclesiasticae
3438 5592 3664 5649 utilitati

2102 5677 2444 5742 potissimum
2488 5679 2762 5733 intendere
2804 5681 3166 5748 reperiemus;
3195 5680 3337 5750 quod
3366 5680 3518 5736 illum
3550 5696 3664 5737 non

2101 5765 2287 5819 latebit
2322 5769 2629 5837 quicunque
2660 5770 3147 5827 ecclesiasticarum
3181 5771 3525 5829 sanctionem
3551 5790 3668 5831 non
