3956 6364
183 465 314 520 1189

1062 458 1349 516 APPEND.
1394 455 1480 511 Ill.
1520 484 1590 495 —
1622 451 2053 513 MONUMENTA
2092 460 2550 522 GRECORIANA.

3299 469 3430 523 H90

182 587 386 634 tantum
416 573 822 644 excerptiones,
853 571 948 626 sed
981 572 1219 645 integras
1261 570 1583 626 traditiones
1619 570 1758 639 vigi-
1789 573 1834 627 Α
1862 571 2220 640 impendatur,
2259 575 2394 628 satis
2427 589 2665 643 congrue
2706 573 2862 642 juxta
2905 576 3266 645 Augustinum
3295 577 3428 634 nihil

183 666 308 722 lauti
351 666 539 720 studio
576 663 880 732 perleget-it.

249 755 549 810 Sciendum
581 763 792 816 autem,
817 753 973 819 juxta
1005 753 1359 820 apostolicam
1387 750 1752 813 traditionem,

184 846 496 900 sacerdotes
546 845 660 896 sive
720 843 1011 906 diaconos,
1063 843 1116 894 in
1164 843 1389 895 crimine
1417 842 1616 908 lapsos,
1663 855 1758 908 per

184 953 374 991 manus
399 935 807 1004 impositionem
833 934 1128 987 remedium
1151 933 1475 1002 pit-nitentia:
1497 930 1756 998 consequi

184 1042 286 1080 non
314 1027 517 1079 debere
571 1027 709 1078 inter
734 1025 931 1086 laicos,
962 1032 1021 1076 ut
1048 1023 1102 1075 S.
1141 1021 1246 1077 Leo
1269 1038 1402 1092 papa
1435 1022 1486 1074 in
1527 1019 1759 1074 decretis

185 1115 296 1170 suis
329 1131 454 1183 cap.
494 1115 586 1179 ΞΒ,
632 1121 880 1168 testatur.
925 1113 1028 1178 Qui
1057 1123 1112 1166 et
1146 1111 1453 1181 hujusmodi
1501 1110 1664 1179 lapsis
1691 1109 1758 1164 ad

186 1204 604 1274 promerendam
630 1203 722 1257 Dei
739 1203 1165 1257 misericordiam
1182 1202 1444 1271 privatam
1460 1201 1758 1254 sessionem

184 1294 544 1363 expetendam
561 1310 681 1347 esse
699 1295 847 1358 dicit,
879 1293 967 1346 ubi
991 1292 1291 1347 satisfactio
1319 1292 1364 1345 si
1391 1290 1552 1344 fuerit
1573 1290 1756 1359 digna,

188 1385 254 1438 sit
285 1385 454 1437 etiam
483 1383 780 1438 fructuosa.
817 1383 967 1446 Item,
992 1382 1418 1450 Carthaginiense
1446 1380 1758 1444 concilium,

186 1487 302 1541 cap.
356 1474 426 1526 27
462 1493 474 1526 :
517 1494 534 1523 ο
574 1473 628 1526 Si
667 1475 884 1542 quando
925 1474 1204 1543 presbyter
1261 1472 1342 1524 \cl
1393 1473 1656 1525 diaconus
1706 1470 1758 1522 in

188 1562 420 1630 graviori
467 1563 622 1631 culpa
652 1564 930 1616 convictus
963 1561 1125 1616 luerit
1145 1579 1250 1630 qua
1277 1577 1400 1615 eum
1431 1576 1649 1613 necesse
1678 1568 1762 1612 est

189 1667 217 1705 a
249 1653 557 1706 ministerio
583 1655 864 1716 removeri,
891 1669 998 1706 non
1023 1653 1100 1706 eis
1128 1669 1340 1713 manus,
1370 1662 1622 1719 tanquam
1655 1665 1763 1718 pa:-

191 1743 510 1806 nitentibus,
543 1744 625 1796 vel
657 1753 912 1811 tanquam
961 1743 1206 1795 ﬁdelibus
1243 1743 1394 1794 laicis
1424 1742 1754 1809 imp-matur.

191 1829 245 1884 In
275 1832 530 1886 haeresim
561 1843 740 1887 autem
773 1834 906 1901 lapsi
936 1842 988 1885 et
1016 1841 1198 1900 postea
1225 1832 1422 1885 reversi
1448 1846 1540 1898 per
1567 1845 1760 1883 manus

193 1919 600 1991 impositionem
646 1923 1096 1986 reconciliantur,
1145 1922 1359 1974 etiamsi
1393 1936 1515 1974 cum
1577 1920 1764 1973 ordine

193 2026 288 2079 pro
318 2011 689 2067 ecclesiastica
724 2013 1045 2066 necessitate
1088 2027 1472 2080 nonnunquam
1500 2010 1762 2078 recipian-

196 2106 299 2164 tur,
337 2104 484 2155 sicut
513 2105 579 2156 de
614 2102 929 2156 Novatianis
960 2103 1010 2155 in
1042 2099 1259 2155 Nicmno
1286 2101 1638 2154 constitutum
1681 2108 1764 2152 est

196 2190 446 2244 concilio.
499 2191 571 2244 De
616 2190 719 2257 his,
771 2192 1113 2269 inquitpqui
1166 2207 1223 2244 se
1257 2191 1537 2253 catharos,
1590 2191 1639 2244 id
1681 2199 1764 2243 est

198 2283 930 2352 mutulos,.cognominant,
992 2283 1036 2335 si
1084 2282 1373 2350 aliquando
1409 2282 1653 2334 venerint
1697 2281 1762 2332 ad

198 2369 497 2425 Ecclesium
521 2374 866 2435 catholicam,
893 2372 1093 2440 placuit
1123 2381 1310 2425 sancto
1331 2380 1383 2424 et
1418 2385 1612 2438 magno
1635 2386 1764 2423 con-

199 2462 321 2514 cilio
341 2473 419 2525 ut,
443 2463 842 2531 impositionem
869 2478 1060 2516 manus
1078 2462 1419 2530 accipientes,
1446 2462 1521 2514 sic
1545 2461 1595 2512 in
1619 2461 1762 2513 clero

201 2563 574 2617 permaneant.
599 2573 614 2602 ι
635 2551 830 2606 llocita
857 2553 1256 2620 intelligendum
1280 2560 1362 2604 est
1383 2561 1439 2603 ut
1460 2567 1550 2619 per
1573 2565 1764 2603 manus

202 2639 603 2708 impositionem
654 2641 985 2694 reconciliati
1038 2642 1200 2694 etiam
1253 2641 1495 2693 ordinem
1537 2641 1765 2692 retinere

204 2731 660 2796 permitterentur.
695 2730 811 2782 Non
843 2731 986 2783 enim
1021 2731 1108 2783 hic
1151 2731 1536 2783 Ordinatoriatn
1574 2726 1765 2783 man'us

205 2818 629 2887 impositionem,
669 2836 762 2888 per
804 2836 967 2888 quam
1005 2821 1144 2873 sacri
1193 2820 1410 2872 ordines
1436 2821 1651 2880 dantur,
1685 2819 1766 2871 in-

206 2912 443 2980 tclligere
473 2911 752 2975 debemus,
790 2911 882 2963 sed
922 2912 1101 2979 potius
1129 2911 1635 2972 reconciliatoriam,
1674 2924 1766 2977 per

204 3015 364 3068 quam
405 3002 728 3069 pmnitentes
758 3001 994 3068 recipere
1037 3001 1299 3054 solemus.
1335 2998 1465 3052 Nam
1512 3016 1615 3051 nun
1658 3015 1767 3052 uno

207 3106 416 3160 semper
460 3093 619 3145 modo
656 3107 848 3145 manus
893 3092 1164 3160 impositio
1203 3091 1532 3160 intelligitur,
1585 3091 1675 3144 sed
1716 3101 1768 3144 et

1857 661 2000 714 aliud
2042 663 2145 714 nisi
2186 664 2361 717 oratio
2391 679 2557 732 super
2579 664 2852 718 hominem
2894 666 3245 735 intelligitur;
3289 671 3430 723 unde

1854 757 1906 803 et
1931 752 2106 805 iterari
2129 753 2341 822 quoties
2365 769 2585 806 necesse
2609 752 2773 807 fuerit
2801 772 2906 807 non
2932 757 3266 823 prohibetur.
3293 741 3427 812 Cirin

1856 856 1984 895 vero
2025 857 2120 910 pro
2167 843 2578 896 conlirmationc
2609 845 2688 896 vel
2721 844 3061 899 ordinatione
3104 838 3430 914 impenditur

1859 947 1965 984 non
2001 931 2112 1000 jam
2158 948 2255 1000 pro
2302 933 2415 985 sola
2457 920 2723 997 oratione,
2765 936 2859 987 sed
2907 931 3068 988 etiam
3108 951 3203 1003 pro
3247 953 3430 990 sacra-

1859 1031 2040 1076 mento
2070 1023 2312 1076 habenda
2349 1031 2463 1087 est;
2507 1025 2649 1092 quod
2678 1024 2849 1077 sancti
2883 1022 3066 1078 Patres
3093 1026 3274 1078 iterari
3300 1042 3428 1094 pro-

1860 1111 2168 1166 hibuerunt.
2211 1110 2344 1165 Nam
2391 1127 2498 1166 non
2531 1113 2712 1166 minus
2741 1124 3010 1181 peccatur,
3043 1115 3088 1167 si
3116 1115 3202 1168 cui
3235 1112 3429 1169 immus

1861 1217 1958 1269 pro
1993 1202 2402 1256 confirmatione
2450 1202 2531 1254 vel
2584 1203 2922 1256 ordinatione
2965 1205 3159 1257 iterum
3202 1204 3428 1274 imponi-

1861 1301 1966 1356 tur,
1998 1308 2160 1360 quam
2194 1293 2238 1346 si
2282 1294 2448 1345 altera
2481 1294 2594 1346 vice
2617 1293 2935 1361 baptizetur.
2982 1293 3132 1346 [Inde
3167 1304 3218 1347 et
3255 1295 3427 1348 sancti

1861 1381 2048 1437 Patres
2087 1383 2328 1436 eamdem
2363 1383 2731 1451 penitentiam
2780 1385 3167 1438 reconlirmatis
3190 1394 3244 1436 et
3273 1387 3429 1439 reba-

1861 1471 2072 1541 ptizatis
2111 1471 2368 1526 indixisse
2404 1473 2674 1542 leguntur.
2711 1472 2942 1526 Sanetus
2982 1491 3197 1543 quoque.
3227 1474 3428 1540 ονε-μορ
3495 1514 3498 1517 .

1861 1563 1975 1616 rius
2014 1564 2256 1617 scribens
2293 1561 2487 1616 Joanni
2519 1564 2772 1632 episeopo
2806 1563 3100 1617 Ravennati
3137 1582 3146 1614 :
3199 1585 3214 1612 ι
3255 1566 3426 1626 Sicut,

1861 1653 2055 1722 inquit,
2085 1654 2247 1706 semel
2272 1654 2569 1721 baptizatus
2605 1655 2794 1706 iterum
2831 1656 3087 1722 baptizari
3117 1672 3220 1706 non
3250 1656 3364 1706 tleln
3387 1665 3425 1714 t,

1862 1744 1933 1796 ita
1985 1745 2146 1798 semel
2196 1753 2540 1796 consecratus
2601 1744 2652 1796 in
2700 1745 2886 1797 eodem
2931 1745 3104 1796 ordini
3145 1761 3248 1794 tum
3290 1745 3428 1796 \aI.-t

1863 1833 2056 1886 iterum
2103 1835 2428 1888 consecrari.
2466 1853 2481 1881 ι
2539 1833 2688 1894 ltei'n,
2744 1834 3054 1886 Africanum
3117 1835 3426 1896 com-ilium,

1864 1939 1980 1992 cap.
2009 1924 2092 1986 75,
2123 1925 2367 1991 prohibet
2402 1925 2851 1990 rebaptizationes
2872 1933 2925 1976 et
2966 1924 3425 1984 rconlinationes;

1867 2016 1990 2068 item
2031 2030 2265 2067 canones
2303 2015 2668 2082 apostolorum
2721 2034 2732 2066 :
2790 2034 2806 2062 ι
2854 2014 2909 2066 Si
2949 2014 3105 2082 quis,
3152 2015 3423 2080 inquiunt,

1865 2106 2169 2174 cpiscopus,
2201 2104 2494 2173 presbyter,
2521 2105 2782 2158 diaconus
2803 2106 3094 2158 secundam
3121 2120 3311 2156 manus
3335 2105 3429 2155 im-

1868 2196 2186 2265 positionem
2239 2196 2534 2262 acceperit,
2584 2196 2884 2262 deponatur
2917 2195 3028 2262 ipse
3069 2204 3121 2245 ti.
3152 2195 3428 2245 ordinator

1865 2289 2002 2356 ejus.
2057 2308 2072 2337 ι
2127 2286 2182 2339 Si
2222 2287 2346 2354 quis
2375 2298 2554 2338 autent
2614 2286 2738 2338 huic
2782 2285 2942 2352 capiti
2984 2285 3165 2338 minus
3223 2284 3428 2345 credit,

1865 2380 1990 2447 quia
2020 2378 2147 2430 illud
2191 2379 2330 2428 inter
2373 2391 2609 2428 canones
2637 2377 3002 2442 apostolorum
3035 2375 3172 2442 apud
3200 2390 3298 2426 nos
3322 2389 3450 2431 non

1866 2467 2084 2536 reperit,
2106 2466 2244 2519 scire
2272 2466 2428 2518 debet
2462 2465 2604 2532 quod
2635 2465 2947 2516 eorunnlem
2973 2479 3240 2516 canonntn
3265 2464 3431 2516 multa

1867 2558 2040 2625 capita
2091 2557 2244 2609 nobis
2282 2556 2494 2608 desunt.
2539 2552 2667 2606 Nam
2706 2555 2893 2607 beatus
2937 2553 3268 2622 Zepherinus
3299 2569 3432 2622 papa

1868 2649 1920 2702 in
1959 2649 2148 2702 ordine
2181 2664 2295 2709 va,
2343 2647 2613 2714 apostoios
2642 2646 2979 2713 septuaginta
3033 2661 3269 2696 canones
3300 2661 3430 2695 eou-

1867 2743 2108 2796 stitnissc
2165 2722 2422 2800 testatur;
2480 2751 2713 2803 quorum
2769 2734 3160 2802 quinquaginta
3218 2744 3428 2785 unitum

1868 2833 2102 2887 lsidorns
2152 2831 2205 2882 in
2255 2829 2477 2897 prologo
2513 2842 2612 2879 suo
2653 2828 2718 2879 de
2748 2827 3048 2879 cauonibus
3077 2843 3134 2878 se
3165 2827 3433 2889 llt\'t:t:i>§tt

1868 2924 2086 2983 fatetur,
2108 2921 2303 2989 quibus
2324 2929 2374 2970 et
2403 2933 2499 2970 nos
2524 2919 2743 2969 utimur.
2766 2916 2957 2968 Petrus
2982 2926 3159 2968 tamen
3190 2917 3390 2975 Danda.
3419 2917 3432 2969 i

1869 3016 1967 3082 piae.
2000 3013 2290 3070 tnentoriee,
2330 3009 2620 3062 cardinalis
2641 3009 2927 3074 episcopus
2955 3017 3153 3059 sanctse
3179 3006 3435 3059 liotnana:

1870 3103 2141 3163 Ecclesize,
2171 3103 2304 3153 alter
2336 3099 2691 3167 Hieronymus
2713 3099 2764 3148 in
2796 3107 2979 3149 nostro
3004 3108 3270 3164 tempore,
3301 3114 3435 3163 pra:-

205 3199 308 3252 pro
343 3185 660 3239 diversitate
703 3185 946 3238 locorum
985 3184 1086 3238 sub
1127 3184 1338 3237 diversa
1378 3183 1764 3250 signiﬁcatione

1873 3193 2069 3246 dictum
2108 3200 2268 3257 caput
2302 3189 2602 3241 canonihus
2653 3187 3020 3254 apostolorum
3059 3186 3349 3237 altitulavi'.
3381 3186 3433 3237 in

207 3276 495 3341 reperitur.
512 3276 814 3343 Aliquando
834 3275 977 3328 enim
1002 3290 1099 3342 pro
1111 3272 1521 3326 conﬁt-litatione
1539 3272 1767 3341 neopby-

207 3368 383 3416 tornm
419 3366 712 3431 accipitur,
736 3374 790 3417 ut
817 3366 869 3417 in
900 3365 1128 3418 decretis
1173 3365 1590 3432 apostolicorum
1621 3367 1767 3415 viro-

209 3465 346 3516 rum,
369 3452 685 3516 Clementis,
701 3451 924 3514 Urbani,
939 3453 1251 3520 Melchiadis
1269 3468 1583 3520 expressum
1606 3467 1745 3519 szepe

188 3556 436 3595 -numero
466 3543 762 3609 reperitur;
797 3558 970 3606 nunc,
1014 3523 1111 3609 pro
1147 3542 1484 3594 ordinatione
1515 3541 1768 3593 sacerdo-

153 3645 156 3650 '
209 3638 319 3684 tum
341 3674 354 3696 ,
391 3634 506 3685 sive
536 3632 922 3694 diaconorum,
949 3632 1102 3710 juxta
1137 3631 1263 3682 illud
1290 3629 1531 3697 Apostoli
1577 3629 1640 3681 ad
1675 3627 1769 3680 Ti-

210 3723 484 3776 motheum
513 3741 525 3774 :
549 3742 564 3771 ι
587 3720 915 3777 Neminicito
929 3736 1147 3774 manum
1174 3718 1488 3787 imponas”
1506 3719 1636 3771 Tim.
1659 3721 1763 3782 \');l

209 3813 348 3880 quod
371 3821 426 3866 et
453 3827 690 3867 canones
727 3813 1062 3882 apertissime
1092 3812 1465 3880 przcscribunt.
1503 3811 1595 3863 Est
1618 3831 1626 3858 ι
1650 3820 1669 3862 t
1690 3825 1771 3862 re-

209 3903 577 3956 conciliatoria
603 3894 795 3957 manus
824 3903 1116 3972 impositio,
1147 3918 1422 3970 perquam
1453 3902 1772 3970 pomitentes

211 3989 475 4055 heretici,
536 3992 648 4045 sive
698 3992 1186 4054 excommunicati,
1240 4000 1441 4046 sanctae
1524 3992 1774 4045 Ecclesia:

213 4079 660 4143 reconciliantur;
693 4081 760 4132 de
809 4097 914 4148 qua
957 4090 1010 4133 et
1038 4095 1275 4134 canones
1310 4081 1560 4134 similiter
1604 4083 1771 4134 multa

211 4166 396 4220 dicunt
422 4183 476 4220 et
503 4168 569 4221 de
590 4184 697 4236 qua
725 4167 784 4219 Β.
812 4169 1240 4237 Augustinus,in
1269 4170 1361 4221 lib.
1391 4185 1447 4220 ιιι
1475 4169 1546 4221 De
1569 4169 1768 4236 baptis-

213 4267 516 4323 mojcontra
542 4258 879 4329 Donatistas,‘
895 4266 1118 4312 testatur
1136 4258 1278 4325 quod
1304 4257 1431 4309 nihil
1447 4257 1516 4309 sit
1539 4259 1773 4310 nisiora-

213 4348 286 4398 tio
322 4364 486 4416 super
509 4348 804 4414 hominem,
833 4363 954 4416 qua:
981 4357 1034 4401 et
1060 4348 1241 4400 iterari
1279 4348 1466 4415 possit.
1504 4347 1588 4400 Fit
1611 4348 1770 4400 etiam

215 4453 406 4492 manus
439 4439 712 4506 impositio
745 4454 906 4507 super
940 4437 1389 4506 inﬁrmos,juxta
1432 4439 1557 4490 illud
1602 4436 1774 4491 Evan-

212 4531 326 4597 gctti
361 4550 372 4583 :
408 4550 425 4578 ε
464 4529 634 4599 Super
668 4545 839 4599 :ngros
863 4543 1058 4582 manus
1083 4529 1359 4596 imponent
1382 4527 1719 4596 (Maraxvl).
1746 4548 1762 4578 ι
1803 4525 1846 4577 D

182 4682 184 4684 _
214 4627 337 4682 ltem
372 4644 535 4698 super
564 4628 981 4682 catechumenos
1019 4635 1071 4680 et
1117 4641 1510 4694 energnmcnos
1547 4641 1642 4696 pro
1678 4643 1783 4684 cx-,

214 4719 461 4782 pulsione
481 4719 708 4783 diaboli,
740 4734 861 4786 ane
888 4717 1188 4786 specialiter
1217 4716 1502 4769 exon-cistis
1543 4717 1592 4768 in
1627 4717 1773 4768 ordi-

214 4807 524 4859 nationibus
548 4808 882 4871 conceditur,
906 4809 1101 4880 quippe
1127 4817 1182 4860 ιιι
1206 4807 1435 4860 habeant
1458 4815 1773 4875 potestatem

216 4893 524 4963 imponendi
564 4912 756 4950 manus
782 4912 944 4965 super
973 4899 1390 4951 catechumenos
1421 4899 1530 4950 sive
1555 4913 1776 4966 cnergu-

216 5000 423 5039 menos.
466 4983 615 5049 Item,
650 4994 704 5038 et
740 4971 1202 5056 cum'simpliciter
1230 4987 1462 5056 aliquem
1506 4987 1777 5041 benedici-

217 5088 356 5140 mus,
388 5089 582 5126 manus
605 5073 651 5126 ei
693 5073 916 5140 antiquo
955 5089 1106 5127 more
1129 5075 1477 5142 imponimus.
1511 5075 1600 5128 Sic
1629 5076 1776 5128 enim

216 5163 523 5230 patria-‘tha
573 5161 756 5225 Jacob,
785 5177 909 5213 cum
968 5151 1104 5215 ﬁlios
1160 5161 1355 5230 Joscph
1411 5164 1776 5226 benediceret,

218 5264 413 5307 manus
439 5253 509 5300 -ἰε
573 5249 941 5318 :posuit(Gen.
971 5250 1147 5318 xux):
1182 5259 1234 5302 et
1258 5249 1586 5304 Dominusin
1611 5251 1781 5303 Evan-

220 5337 355 5403 gelio
373 5339 583 5392 oblatos
608 5338 707 5391 sibi
720 5338 970 5407 parvulos
986 5352 1081 5405 per
1105 5337 1499 5406 impositionem
1518 5352 1776 5391 manuum

222 5423 556 5480 benedixissc
586 5428 778 5482 d'xitur
801 5427 988 5497 (Marc.
1020 5425 1096 5494 χ).

290 5553 414 5611 Sive
442 5569 584 5608 ama:
609 5594 620 5609 λ
641 5573 856 5614 manus
894 5556 1168 5628 impositio
1211 5570 1311 5624 pro
1342 5557 1780 5611 reconciliatione

223 5645 618 5713 pmnitentium,
667 5649 778 5701 sive
834 5665 932 5717 pro
968 5648 1286 5717 depulsione
1328 5644 1654 5697 inﬁrmitatis
1697 5647 1780 5699 vel

221 5735 450 5798 diaboli,
493 5733 604 5785 sive
643 5749 739 5800 pro
797 5737 1024 5804 simplici
1055 5735 1432 5792 benedictione
1469 5732 1777 5788 hominibus

1872 3281 2007 3334 liln'o
2033 3296 2130 3333 suo
2153 3293 2309 3346 quem
2342 3275 2720 3346 Gratissimum
2757 3275 3178 3340 cognominavit.

1943 3370 2112 3438 Ergo,
2140 3368 2282 3427 uitod
2317 3368 2366 3418 in
2407 3364 2624 3417 Niezeno
2651 3343 2889 3417 concilio
2920 3367 3132 3418 clericis
3179 3364 3434 3418 Novatia-

1873 3478 2064 3515 norum
2098 3474 2373 3512 conversis
2402 3474 2595 3509 manus
2626 3457 2826 3523 nuponi
2858 3457 3098 3521 jnbetur,
3130 3458 3436 3507 lllllillll‘ltlts

1872 3548 2202 3604 ordinatoria
2238 3562 2430 3598 manus
2482 3546 2754 3611 impositio
2788 3546 3127 3610 intelligenda
3159 3555 3260 3608 est,
3297 3547 3437 3598 sicut

1872 3639 2091 3706 quidam
2127 3638 2479 3688 translator-es
2510 3635 2753 3700 ejusdem
2805 3635 3020 3687 concilii
3072 3636 3251 3686 minus
3287 3637 3434 3710 cauti

1875 3729 2194 3781 intellexisse
2220 3727 2484 3788 videntur,
2512 3726 2602 3792 qui
2639 3725 2855 3778 eosdem
2888 3727 3080 3778 iterum
3107 3727 3438 3780 ordinandos

1875 3819 2205 3884 interpretati
2239 3825 2384 3869 sunt.

1943 3908 2052 3961 Nos
2090 3918 2266 3961 autem
2299 3906 2475 3972 potius
2513 3904 2568 3957 Β.
2602 3904 2912 3957 innocentia
2944 3921 3092 3972 papa:
3119 3906 3434 3967 credamus,

1873 4000 1966 4068 qui
2001 3999 2065 4051 de
2095 3998 2295 4050 eisdem
2345 3993 2654 4044 Novatianis
2686 4001 2946 4054 tractans,
2984 4008 3089 4044 non
3123 4003 3179 4045 ut
3229 3994 3436 4047 reordi-

1874 4097 2167 4147 narentur,
2204 4084 2298 4137 sed
2352 4092 2409 4134 ut
2463 4097 2585 4133 cum
2638 4083 2826 4133 ordine
2877 4097 2976 4134 su.»
3039 4083 3438 4150 reciperen:ur,

1873 4176 2066 4230 asserit
2097 4173 2339 4226 Niczenos
2364 4169 2548 4222 Patres
2579 4172 2944 4224 constituisse.
2973 4170 3046 4222 lla
3073 4180 3126 4223 et
3176 4188 3272 4222 nos
3304 4187 3440 4238 quo-

1873 4282 1976 4336 que
2001 4264 2306 4318 necessario
2351 4261 2644 4329 intelligere
2675 4263 2954 4325 debemus,
2989 4277 3054 4313 ne
3107 4262 3308 4313 sanctis
3336 4260 3440 4312 Pa-

1874 4354 2046 4407 trihus
2067 4350 2340 4405 adversari
2366 4351 2644 4402 videamur
2659 4350 2751 4416 qui
2776 4349 3200 4402 rcordinationcs
3227 4350 3441 4416 penitus

1874 4444 2330 4514 proscripserunt,
2366 4450 2423 4493 ut
2453 4441 2870 4508 pra-libavimus.

1945 4571 2221 4641 Nusquam
2260 4587 2390 4624 sane
2449 4572 2621 4624 sancti
2659 4572 2844 4626 Patres
2891 4574 3114 4627 clericos
3158 4590 3219 4628 ex
3251 4575 3458 4628 lia-rcsi‘

1877 4679 2166 4716 conversos
2200 4665 2390 4712 itermn
2422 4662 2657 4714 ordinari
2694 4664 3072 4730 pei'u'tiserunt,
3097 4664 3199 4715 nisi
3229 4662 3442 4715 Paulia-

1879 4756 2049 4808 nistas
2097 4763 2147 4804 et
2176 4754 2310 4804 alios
2357 4754 2664 4820 hnjusmodi
2711 4756 2802 4821 qui
2835 4769 2939 4806 non
2977 4754 3243 4812 catholico
3290 4770 3442 4807 more.

1879 4847 2269 4900 invocatioru-m
2287 4843 2768 4894 sanctmTrinitatis
2783 4842 3003 4905 faciunt,
3019 4859 3156 4911 quos
3169 4845 3328 4898 etiam
3348 4846 3442 4898 ba-

1876 4937 2067 5005 ptizari
2119 4936 2414 5001 jusserunt.
2447 4931 2551 4984 Nec
2603 4933 2701 4983 hos
2741 4935 2925 5000 utique
2978 4935 3316 4986 rcordinatos
3361 4936 3440 4987 vel

1877 5026 2234 5092 rebaptizatos
2267 5029 2633 5087 competenter
2657 5024 2907 5086 dicionis,
2939 5040 3060 5077 cum
3091 5025 3142 5077 in
3178 5025 3438 5077 catholica

1877 5130 1975 5168 nec
2007 5127 2103 5180 pro
2131 5110 2398 5177 baptismo
2431 5127 2526 5163 nec.
2564 5128 2660 5179 pro
2698 5115 3037 5167 ordinatione
3076 5122 3435 5179 computetur,

1877 5203 2020 5269 quod
2067 5200 2269 5268 absque
2306 5201 2646 5255 invocatione
2694 5213 2894 5256 sancta:
2946 5202 3224 5254 Trinitatis
3259 5217 3413 5268 perce

1877 5292 2022 5360 pisse
2042 5291 2381 5360 deteguntur.
2414 5292 2702 5346 Sciendum
2739 5301 2919 5344 autem
2938 5292 3106 5359 quod,
3135 5307 3320 5345 eorum
3347 5293 3438 5360 qui

1879 5398 1941 5436 ex
1966 5382 2156 5436 haeresi
2185 5391 2573 5435 convertuntur
2595 5381 2683 5433 alii
2702 5382 2814 5448 jam
2839 5382 2891 5434 iu
2927 5381 3160 5437 Ecclesia
3184 5385 3437 5444 ordinati,

1878 5480 2064 5541 postea
2124 5471 2178 5523 in
2214 5471 2460 5524 haeresim
2491 5470 2625 5536 lapsi
2673 5481 2829 5535 sunt;
2863 5473 2953 5526 alii
2991 5474 3043 5525 in
3090 5475 3202 5540 ipsa
3250 5472 3438 5526 lireresi

1879 5561 2109 5615 ordinati
2138 5569 2280 5612 sunt.
2307 5558 2406 5622 Qui
2431 5573 2558 5627 ergo
2583 5571 2703 5627 post
2728 5572 3004 5631 acceptum
3032 5563 3272 5616 ordinem
3305 5562 3440 5629 lapsi

1881 5657 2025 5710 sunt,
2064 5648 2262 5700 reversi
2293 5663 2416 5700 cum
2453 5650 2642 5702 ordine
2673 5653 2839 5721 recipi
2897 5661 3141 5720 possunt,
3176 5653 3266 5704 sed
3319 5653 3443 5702 abs-

1879 5752 1983 5803 que
2026 5751 2119 5802 spe
2169 5737 2547 5804 promotionis.
2600 5739 2756 5807 juxta
2807 5750 3066 5796 statutum
3117 5737 3441 5795 sanctissuui
