3956 6438
1088 42 1101 53 .
1168 42 1207 55 .,
1286 46 1435 53 κω
2314 100 2331 117 λ
3618 0 3869 97 ,Ἡ

424 460 547 518 ll9l
1368 458 1456 512 AD
1489 456 1717 513 orcus
1758 456 1814 510 s.
1851 443 2176 511 enuccun
2217 454 2647 511 APl’ENlllCi-ZS.
3030 483 3035 488 ε
3519 456 3679 507 tit):

415 586 568 642 papa:
587 566 810 628 Leonis.
863 590 880 621 ι
933 547 1146 634 Omnis,
1193 568 1401 639 inquit,
1436 567 1726 637 cujuslibet
1775 567 1983 622 ordinis
2011 574 2055 630 Α
2082 567 2400 632 Ecelesiam,
2431 582 2527 636 per
2562 566 2872 621 chrismatis
2924 567 3229 620 unctionem
3259 569 3450 636 procul
3485 567 3675 620 duizio

415 658 671 729 clericus,
701 660 792 732 qui
821 659 1140 716 catholicam
1161 658 1435 720 deserens,
1458 657 1723 711 haeretica:
1756 671 1812 711 se
1834 671 1981 710 com—

416 749 666 807 ιηυαῖοηὶ
692 749 991 815 miscuerit,
1019 747 1064 803 si
1090 748 1156 802 ad
1182 745 1479 802 Ecclesiam
1515 760 1767 800 reversus
1796 744 1979 810 fuerit,

416 849 471 893 et
527 843 676 912 prius
724 853 937 894 errores
989 852 1140 902 suos,
1191 844 1246 890 et
1292 835 1441 905 ipsos
1498 842 1750 890 auctores
1781 834 1983 889 erroris

417 930 707 989 damnatos
738 947 770 985 a
803 943 861 985 se
882 929 999 983 sine
1027 926 1375 996 ambiguitate
1400 924 1687 979 confessus
1710 922 1903 989 fuerit,
1924 923 1982 977 in

422 1038 489 1078 eo
535 1023 702 1092 gradu
748 1021 803 1074 in
828 1033 936 1088 quo
980 1025 1096 1071 erat
1123 1016 1240 1070 sine
1272 1015 1615 1084 promotione
1649 1010 1979 1084 permaneat.

422 1110 556 1166 Item
590 1128 602 1165 :
638 1109 697 1163 In
721 1108 913 1165 haeresi
931 1107 1211 1162 ordinatus
1232 1120 1352 1174 qua:
1373 1111 1554 1158 tamen
1573 1104 1629 1156 in
1660 1102 1761 1157 ﬁde
1785 1112 1985 1157 sanctae

426 1200 709 1255 Trinitatis
744 1213 855 1253 non
891 1196 1170 1260 erraverit,
1203 1210 1326 1249 cum
1357 1193 1548 1249 ordine
1597 1192 1759 1261 recipi
1786 1201 1983 1261 potest,

425 1290 473 1348 si
493 1304 711 1345 necesse
738 1287 920 1353 fuerit,
955 1295 1016 1340 ut
1040 1283 1323 1339 Novatiani
1357 1292 1413 1337 et
1433 1274 1743 1337 DonatiStte.
1776 1300 1794 1333 ι
1824 1279 1986 1335 Ordi--

426 1388 586 1433 natus
616 1389 793 1433 autem
834 1376 974 1446 apud
1008 1373 1292 1429 haereticos
1314 1372 1408 1441 qui
1440 1372 1494 1425 in
1526 1371 1629 1425 ﬁde
1653 1379 1839 1425 errant
1862 1387 1989 1425 san-

426 1477 526 1522 etas
549 1465 848 1529 Trinitatis,
871 1453 974 1517 e‘tsi
995 1476 1219 1532 quoquo
1248 1458 1408 1513 modo
1434 1461 1554 1527 ejus
1591 1456 1985 1511 invocationem

412 1555 646 1620 faciant,
677 1563 737 1607 ut
760 1552 966 1616 Ariani,
993 1564 1331 1620 nequaquam
1361 1563 1485 1601 cum
1514 1546 1704 1601 ordine
1728 1545 1988 1620 recipien-

428 1641 531 1697 dus
564 1618 646 1695 est
664 1639 745 1694 vel
768 1638 1019 1706 deinceps
1064 1618 1427 1698 ordinandus,
1454 1633 1609 1702 juxta
1633 1618 1987 1686 assertionem

428 1731 605 1787 sancti
642 1728 937 1783 Innocentii
963 1741 1145 1797 papae,
1179 1723 1273 1794 qui
1307 1723 1373 1779 de
1394 1723 1481 1778 his
1508 1730 1706 1777 tractat
1731 1721 1990 1791 copiosis.

430 1821 586 1875 sime.

501 1908 605 1963 Sed
634 1906 812 1962 ethoc
859 1902 1181 1958 fraternitati
1202 1910 1396 1957 vestra:
1440 1916 1550 1956 non
1576 1901 1846 1971 ingratum
1872 1898 1989 1954 fore

430 2007 707 2070 putamus,
736 1998 781 2053 si
808 2006 861 2051 et
888 1998 954 2051 de
979 1995 1295 2050 multimoda
1330 1994 1706 2049 hmreticorum
1751 1991 1988 2046 reconci-

431 2090 650 2143 liatione
674 2087 994 2143 sententiam
1029 2085 1204 2141 sancti"
1230 2084 1475 2155 Gregorii
1512 2098 1664 2153 papae
1690 2083 1846 2151 primi
1869 2082 1990 2137 sub-

433 2188 713 2233 nectamus
740 2179 832 2248 qui
848 2176 1113 2247 epiSCOpis
1141 2172 1413 2228 Hibernia:
1435 2172 1663 2239 Quirino
1694 2181 1746 2226 et
1769 2170 1990 2239 reliquis

435 2269 696 2332 scribens,
729 2267 801 2320 ita
839 2274 1066 2321 testatur
1091 2263 1204 2333 (lib.
1243 2250 1319 2328 ix,
1347 2262 1459 2315 ind.
1485 2263 1539 2327 4,
1565 2277 1647 2331 ep.
1673 2260 1761 2330 61)
1790 2277 1804 2313 :
1862 2278 1881 2310 ι
1911 2252 1992 2313 Ab

436 2359 657 2428 antiqua
704 2357 923 2411 Patrum
958 2354 1296 2408 institutione
1330 2352 1619 2406 didicimus
1645 2359 1705 2405 ut
1730 2349 1823 2420 qui
1852 2349 1994 2419 apud

437 2449 684 2503 haeresim
715 2447 768 2500 in
799 2445 1081 2499 Trinitatis
1126 2444 1347 2497 nomine
1379 2442 1738 2511 baptizantur,
1761 2454 1884 2494 cum
1925 2438 1996 2493 ad

438 2543 681 2588 sanctam
710 2533 1006 2587 Ecclesiam
1048 2532 1294 2595 redeunt,
1332 2538 1426 2583 aut
1455 2532 1711 2582 unctione
1738 2526 1996 2581 chrisma‘

441 2627 533 2690 tis,
585 2630 679 2678 aut
723 2621 1069 2691 impositione
1113 2635 1329 2683 manus,
1380 2626 1473 2673 aut
1518 2619 1632 2672 sola
1662 2616 1997 2687 professione

444 2713 567 2768 ﬁdei
625 2712 692 2767 ad
743 2712 924 2768 sinum
969 2710 1158 2764 matris
1193 2708 1445 2763 Ecclesiae
1474 2716 1810 2762 revocentur.
1845 2704 1995 2761 Unde

443 2803 673 2857 Arianos
697 2818 789 2872 per
812 2800 1209 2870 impositionem
1239 2814 1433 2853 manus
1461 2796 1744 2864 Occidens,
1777 2811 1872 2866 per
1894 2811 1995 2850 un—

440 2891 676 2947 ctionem
698 2906 827 2945 vero
856 2890 1029 2944 sancti
1061 2888 1371 2943 chrismatis
1390 2888 1457 2941 ad
1490 2888 1792 2957 ingressum
1816 2885 1998 2940 Eccle-

443 2982 538 3037 siaa
571 2980 847 3035 catholicae
892 2977 1084 3033 Oriens
1118 2976 1391 3031 reformat.
1432 2976 1833 3047 Menephysitas
1874 2989 1999 3029 vero

441 3080 495 3125 et
515 3072 651 3125 alios
674 3086 738 3124 ex
761 3069 1011 3139 solajvera
1022 3066 1362 3122 confessione
1376 3067 1585 3136 recipit,
1606 3066 1733 3135 quia
1750 3073 1995 3119 sanctum

445 3161 733 3229 baptisma,
761 3160 907 3229 quod
935 3167 1061 3213 sunt
1087 3160 1155 3213 ab
1183 3158 1445 3213 hmreticis
1472 3157 1770 3222 consecuti,
1792 3164 1918 3210 tunc
1944 3156 1996 3208 in

445 3250 527 3303 eis
554 3249 698 3303 vires
723 3249 1113 3303 emendationis
1140 3248 1351 3316 recipit,
1381 3263 1507 3302 eum
1541 3248 1625 3301 vel
1657 3246 1758 3316 ipsi
1780 3260 1874 3314 per
1901 3245 2000 3298 im-

444 3337 768 3408 positionem
791 3351 984 3390 manus
1007 3334 1264 3405 Spiritum
1290 3343 1536 3390 sanctum
1560 3333 1893 3402 acceperint;
1917 3333 2002 3385 vel

368 3428 378 3442 '
447 3427 557 3493 isti,
579 3434 798 3496 propter
817 3424 1207 3495 professionem
1231 3423 1353 3479 ﬁdei
1374 3432 1575 3479 sancta:
1607 3431 1661 3476 et
1686 3421 2003 3476 universalis

446 3514 701 3570 Ecclesia:
737 3513 1035 3570 visceribus
1064 3512 1265 3568 fuerint
1308 3512 1463 3567 uniti.
1509 3511 1574 3565 lli
1606 3522 1731 3565 vero
1768 3510 2004 3565 hmrctiei
2081 3508 2091 3519 “

395 3671 403 3675 ἓ
448 3606 543 3675 qui
569 3606 623 3660 in
660 3604 939 3659 Trinitatis
969 3603 1191 3659 nomine
1215 3604 1437 3658 minime
1464 3602 1827 3673 baptizantur,
1865 3601 2004 3656 sicut

449 3695 829 3749 Bonosianiet
848 3693 1219 3763 Cataphrygae,
1251 3693 1376 3762 quia
1399 3702 1452 3747 et
1480 3694 1561 3746 illi
1585 3692 1862 3747 Christum
1893 3691 2003 3746 Do-

448 3789 658 3844 minum
688 3802 798 3841 non
832 3786 1077 3850 credunt,
1107 3795 1161 3839 et
1189 3785 1274 3839 isti
1304 3793 1552 3838 sanctum
1592 3768 1850 3852 Spiritum
1880 3797 2005 3852 per-

451 3863 616 3933 verso
647 3892 809 3932 sensu
832 3888 955 3930 esse
977 3875 1264 3944 quemdam
1302 3889 1525 3941 pravum
1555 3873 1839 3927 hominem
1858 3871 2008 3926 Mon-

448 3975 637 4021 tanum
671 3964 916 4029 credunt,
947 3976 1180 4032 quorum
1222 3961 1425 4015 similes
1472 3962 1623 4015 multi
1652 3969 1804 4026 sunt;
1833 3970 1887 4015 et
1917 3960 2007 4014 alii

448 4058 605 4122 tales,
629 4070 751 4110 cum
784 4054 851 4109 ad
881 4062 1122 4109 sanctam
1148 4051 1442 4107 Ecclesiam
1473 4052 1711 4118 veniunt,
1737 4051 2011 4120 baptizan-

449 4158 558 4213 tur,
589 4147 715 4217 quia
738 4145 1066 4215 baptismum
1095 4158 1201 4197 non
1234 4140 1354 4208 fuit,
1378 4142 1520 4213 quod
1545 4142 1597 4195 in
1623 4138 1806 4198 errore
1827 4140 2006 4211 positi,

452 4238 506 4291 in
548 4244 749 4291 sanctze
797 4234 1077 4289 Trinitatis
1120 4232 1337 4287 nomine
1366 4233 1585 4286 minime
1624 4240 2006 4301 perceperunt,
2064 4226 2074 4239 ’

454 4335 557 4380 etc.
598 4324 701 4379 Sed
728 4333 782 4379 et
818 4338 944 4390 eos,
990 4336 1130 4392 quos
1176 4319 1414 4375 Iudaicae
1465 4320 1697 4390 perﬁdiae
1726 4321 1918 4374 similis
1944 4320 2011 4373 de

453 4412 731 4483 nnigenito
755 4411 891 4465 Filio
912 4412 1179 4466 hereseos
1198 4425 1350 4464 error
1375 4410 1647 4474 obscurat,
1667 4410 1733 4464 ad
1766 4405 2032 4464 sanctam'

2081 657 2434 711 conﬁrmandi
2461 666 2607 721 sunt,
2640 666 2700 710 ut
2720 656 2910 725 reliqui
2932 657 3255 721 Christiani;
3281 657 3408 725 quia
3432 648 3541 711 hoc
3570 671 3673 709 sa-

2082 757 2414 800 cramentum
2446 761 2477 800 a
2504 746 2657 799 nullo
2689 756 2771 801 est
2799 745 3191 816 negligendum.
3229 747 3519 801 Sciendum
3555 761 3670 800 au-

2082 824 2199 888 tem.
2235 849 2343 890 non
2374 836 2730 905 pereamde
2783 851 2978 891 manus
3033 836 3431 905 impositioncm
3474 835 3666 891 susci-

2082 924 2307 993 piendos
2335 940 2430 979 eos
2464 925 2556 996 qui
2592 926 2731 995 apud
2777 926 3058 981 luereticos
3102 926 3358 994 ‘haptizati
3404 936 3555 990 sunt,
3604 934 3668 978 et

2083 1027 2177 1067 eos
2199 1015 2294 1083 qui
2323 1014 2379 1068 in
2398 1014 2659 1068 catholica
2693 1013 2943 1083 baptizati
2970 1023 3154 1084 postea
3180 1015 3232 1066 in
3254 1013 3501 1069 haeresim
3524 1028 3665 1083 pro-

2083 1102 2220 1173 lapsi
2254 1113 2399 1158 sunt.
2436 1103 2587 1160 Unde
2609 1104 2667 1157 Β.
2695 1103 2924 1174 Vigilius
2958 1118 3092 1174 papa
3123 1104 3365 1158 scribens
3392 1102 3661 1156 Eleuthe-

2084 1195 2168 1250 rio
2191 1194 2488 1266 cpiscopo:
2531 1213 2549 1245 ι
2579 1193 2803 1261 Eorum,
2854 1193 3048 1264 inquit,
3095 1194 3509 1262 haptizatorum,
3555 1191 3661 1259 qui

2085 1284 2278 1340 iterum
2302 1284 2443 1355 apud
2493 1284 2726 1339 Arianos
2779 1284 3035 1352 baptizati
3096 1290 3242 1347 sunt,
3281 1280 3660 1337 reconciliatio

2085 1374 2165 1439 ﬁt,
2193 1389 2302 1428 non
2322 1388 2417 1443 per
2442 1373 2588 1426 illam
2608 1388 2803 1427 manus
2827 1371 3226 1441 impositiouem
3270 1386 3391 1439 qme
3440 1386 3534 1439 per
3568 1370 3651 1422 in.

2085 1462 2421 1516 vocationem
2450 1459 2624 1515 sancti
2658 1458 2895 1527 Spiritus
2918 1467 3193 1527 operatur,
3229 1457 3321 1511 sed
3364 1472 3458 1525 per
3501 1456 3662 1509 illam

2086 1566 2195 1621 qua
2226 1549 2556 1620 paenitentiae
2605 1547 2817 1603 fructus
2845 1548 3142 1618 acquiritur
3175 1556 3230 1601 et
3274 1557 3472 1601 sancue
3498 1562 3663 1601 com-

2088 1638 2360 1694 munionis
2394 1637 2662 1692 restitutio
2684 1639 2975 1707 perﬁcitur.
3011 1657 3029 1689 ι
3071 1635 3223 1690 Unde
3244 1646 3297 1690 et
3336 1636 3387 1688 in
3411 1635 3661 1703 antiquis

2088 1728 2367 1783 ordinibus
2410 1727 2636 1781 diversae
2686 1727 2959 1781 orationes
2996 1727 3063 1780 ad
3105 1724 3411 1794 hujustnodi
3456 1738 3662 1778 manus

2089 1816 2462 1887 impositioncs
2486 1814 2903 1869 distribuuntur.
2929 1813 3061 1866 Nam
3097 1828 3218 1881 qua:
3250 1829 3412 1881 super
3433 1828 3527 1865 cos
3566 1812 3662 1864 di-
3702 1878 3711 1885 θ

2020 1883 2063 1940 Β
2088 1883 2285 1960 cuntur
2317 1904 2410 1973 qui
2450 1903 2519 1957 ab
2565 1903 2831 1957 lucreticis
2884 1901 3135 1970 baptizati
3188 1909 3335 1965 sunt,
3362 1898 3660 1967 .Spiritnm

2091 2003 2336 2050 sanctum
2363 1995 2416 2048 in
2443 2009 2537 2049 cos
2567 1994 2751 2048 venire
2777 2003 2996 2063 petunt;
3037 2008 3158 2061 quae
3182 2001 3361 2046 autent
3389 1988 3661 2059 apostatis

2091 2084 2439 2140 redeuntibus
2474 2083 2875 2152 impenduntur,
2916 2082 3142 2151 gratiam
3174 2089 3380 2134 tantum
3409 2079 3660 2133 reconci-

2091 2171 2324 2225 lintionis
2350 2171 2451 2225 sub
2472 2170 2785 2240 pmttitetitia
2815 2171 2895 2224 eis
2933 2171 3216 2238 impetrare
3235 2168 3507 2221 videntur.

2162 2268 2202 2320 Ε
2224 2284 2545 2339 quacunque
2570 2269 2758 2324 haeresi
2786 2269 3010 2337 quilibet
3030 2275 3391 2331 convertatur,
3424 2282 3532 2320 non
3568 2275 3664 2321 cst

2091 2359 2436 2429 recipiendus
2464 2358 2568 2413 nisi
2601 2359 2846 2427 ahjumta
2868 2368 2920 2411 et
2947 2357 3397 2412 anathematizata
3438 2355 3657 2410 incl-esi.

2094 2449 2228 2504 llinc
2253 2450 2592 2505 sanctissima
2626 2447 2896 2519 liphcsina
2923 2447 3182 2518 synodus,
3211 2462 3315 2500 una
3340 2446 3404 2499 de
3429 2462 3478 2498 ιγ
3504 2446 3664 2514 prin-

2095 2541 2379 2609 c1palihus,
2405 2540 2471 2593 de
2522 2537 2773 2595 Nestor-io
2807 2540 3085 2607 episcopo,
3124 2537 3217 2590 sed
3261 2534 3535 2598 haeretica,
3581 2535 3661 2588 ita

2095 2630 2408 2684 constituit:
2456 2651 2472 2680 ι
2507 2619 2857 2697 Conchuens
2885 2635 2988 2691 est,
3024 2627 3219 2697 inquit,
3245 2625 3289 2679 si
3341 2626 3663 2695 resipiscere

2096 2719 2347 2784 volucris,
2376 2728 2433 2772 ut
2462 2718 2814 2788 jurejurando
2863 2717 3080 2772 fatearis
3143 2726 3195 2771 et
3239 2718 3664 2772 anathematizcs

2097 2820 2186 2863 tua
2216 2810 2412 2877 polluta
2454 2817 2507 2862 ct
2541 2808 2765 2878 profana
2816 2808 3094 2877 dogmata;
3139 2806 3342 2861 sentias
3381 2816 3559 2859 autem
3603 2812 3668 2857 et

2096 2899 2290 2952 doceas
2324 2912 2443 2966 qua:
2468 2913 2567 2950 nos
2597 2896 2862 2961 universi,
2896 2910 2992 2963 per
3029 2888 3300 2948 Oi'icntcm
3347 2895 3458 2948 sive
3502 2892 3665 2946 Occi-

2097 2986 2311 3039 dentem
2354 2985 2591 3053 episcopi
2620 2992 2675 3039 et
2723 2983 2986 3053 magistri,
3039 2982 3295 3051 pun-sules
3334 2982 3662 3051 pepulerunt

2098 3074 2366 3129 credimus
2390 3083 2443 3129 ct
2465 3074 2740 3128 docemus.
2784 3092 2801 3124 ι
2834 3072 2970 3126 llinc
2990 3072 3044 3125 in
3066 3073 3274 3147 actione
3292 3072 3535 3140 ejusdem
3571 3086 3665 3141 sy-

2103 3165 2229 3219 nodi
2257 3180 2376 3233 cap.
2405 3164 2471 3218 13
2503 3163 2745 3230 ejusdem
2804 3161 2977 3215 forma
3004 3161 3295 3229 jurameuti
3337 3161 3665 3230 exprimitur

2102 3255 2156 3307 in
2202 3254 2345 3306 hunc
2387 3252 2647 3305 modum:
2684 3269 2704 3301 ι
2744 3248 2856 3321 Ego
2897 3245 3193 3320 Hesychius
3234 3249 3378 3305 ﬁlius
3428 3250 3665 3306 Curialis

2104 3339 2762 3406 Thessaresczdccatitcs,
2799 3355 3098 3411 agnoscens
3143 3355 3322 3393 veram
3365 3339 3523 3395 ﬁdem
3569 3355 3664 3394 or:-

2105 3430 2371 3485 tho’doxiae
2393 3439 2446 3485 ct
2467 3430 2726 3485 accedens
2751 3429 2816 3485 ad
2841 3429 3236 3484 sanctissimam
3263 3430 3317 3484 et
3337 3430 3660 3484 catholicam

2102 3518 2419 3586 Ecclesium,
2444 3520 2840 3574 anathematizo
2863 3533 3075 3573 omnem
3100 3519 3369 3584 haeresim,
3392 3528 3446 3573 et
3487 3520 3661 3573 mari-

2103 3628 2189 3667 me
2210 3605 2938 3681 Thessarescaedetatitarum
2982 3611 3034 3669 in
3057 3627 3163 3680 qua
3198 3622 3355 3665 autea
3376 3593 3658 3673 errabam;

2105 3704 2373 3759 assentior
2396 3713 2575 3757 autem
2597 3703 2908 3772 prescriptae
2934 3700 3256 3769 expositioni
3287 3698 3567 3753 catholicce
3597 3696 3663 3749 ﬁs

2106 3792 2210 3856 dei,
2249 3778 2711 3847 anathematiza‘us
2735 3807 2831 3846 eos
2864 3790 2959 3862 qui
2980 3805 3088 3844 non
3114 3790 3386 3843 celebrant
3411 3797 3660 3842 sanctum

2107 3878 2248 3933 diem
2268 3878 2508 3945 Paschte,
2531 3879 2684 3949 juxta
2709 3894 2913 3934 morem
2947 3878 3224 3934 catholica:
3255 3888 3307 3933 et
3358 3879 3664 3948 apostolica:

2110 3965 2382 4033 Ecclesiae,
2420 3975 2473 4021 et
2518 3968 2644 4036 juro
2698 3982 2794 4037 per
2842 3975 3081 4022 sanctam
3119 3964 3382 4037 ὄμῡουσων
3420 3967 3659 4022 Trinita-

2112 4065 2241 4111 tem.
2271 4055 2333 4109 Et
2366 4056 2412 4112 si
2445 4057 2573 4126 quid
2607 4072 2672 4111 ex
2699 4056 2785 4112 his
2816 4056 3224 4124 labefactavero,
3256 4058 3433 4128 legum
3456 4058 3659 4115 severi-

2111 4144 2206 4198 tati
2255 4144 2562 4216 suhjaeebo.
2614 4143 2679 4198 Et
2719 4144 3040 4214 expositioni
3083 4145 3213 4200 mihi
3258 4145 3495 4200 recitata:
3528 4146 3658 4201 sub-

2110 4235 2302 4305 scripsi
2331 4252 2504 4319 manu
2534 4252 2670 4289 mea.
2710 4256 2727 4286 ι
3566 4290 3573 4295 ,

2180 4334 2330 4389 lianc
2365 4332 2592 4388 formam
2623 4334 2916 4403 jurameuti
2950 4344 3133 4391 sancta
3162 4333 3406 4391 Romana
3426 4334 3663 4393 Ecclesia

2110 4425 2175 4479 de
2196 4424 2463 4480 hzereticis
2495 4424 2770 4479 conversis
2810 4424 3022 4494 exigere
3069 4424 3381 4490 consuevit;
3417 4425 3558 4478 hanc
3597 4425 3663 4479 de

454 4495 752 4558 Ecclesium
775 4500 1073 4563 venientes,
1102 4499 1168 4552 de
1196 4514 1336 4553 verte
1376 4499 1496 4553 ﬁdei
1526 4499 1776 4553 ﬁrmitate
1796 4508 1849 4553 et
1873 4513 2000 4553 con-

2107 4512 2449 4581 Berengario,
2479 4527 2604 4566 cum
2625 4512 2818 4566 haeresi
2840 4525 2973 4576 sua),
2997 4510 3042 4565 si
3069 4524 3178 4563 non
3209 4510 3392 4573 corde,
3443 4524 3538 4564 ore
3579 4517 3660 4564 taa

457 4592 688 4648 fossione
711 4588 936 4644 docendi
962 4595 1105 4640 sunt.
1154 4604 1172 4637 ι
1230 4596 1233 4599 ‘

526 4683 589 4737 Et
615 4679 916 4736 Orientales
947 4676 1161 4747 quidem
1192 4675 1396 4742 Patres,
1427 4690 1535 4730 non
1557 4676 1731 4731 solum
1756 4673 2006 4740 Arianos,

458 4766 551 4827 Sed
584 4770 747 4828 etiam
774 4766 1121 4831 Novatianos,
1147 4764 1781 4821 Thessaresczedccatitas
1801 4774 1854 4818 et
1876 4762 2013 4817 Pho-

458 4860 693 4914 tinianos
708 4874 801 4926 per
814 4856 1121 4913 chrismatis
1140 4856 1443 4911 unctionem
1458 4854 1788 4925 recipiendos
1811 4862 2011 4909 statue-

458 4957 618 5014 runt,
664 4947 805 5000 sicut
856 4946 911 4998 in
942 4944 1259 5000 Laodicensi
1297 4945 1541 5015 concilio
1574 4945 1788 5016 legitur.
1844 4942 2011 4998 Multo

459 5051 639 5095 tamen
681 5033 1074 5103 competentius
1100 5034 1469 5091 Occidentales
1494 5034 1808 5106 hujdsmodi
1839 5034 2014 5089 luere-

458 5132 597 5185 ticos
643 5127 848 5195 absque
897 5123 1207 5179 chrismatis
1257 5124 1509 5179 unctione
1551 5125 1882 5195 suscipiunt,
1946 5139 2016 5178 ne

462 5224 858 5273 sacramentum
881 5212 1305 5269 conﬁrmationis
1334 5212 1558 5267 iterasse
1576 5214 1857 5269 videantur
1870 5213 2016 5284 quod

464 5303 541 5359 illi
562 5317 685 5358 cum
707 5304 824 5372 ipso
849 5304 1137 5372 baptismo,
1160 5303 1229 5358 ab
1255 5300 1522 5357 haereticis
1543 5300 1816 5356 multoties
1835 5334 1839 5338 -
1859 5317 2019 5358 acce-

464 5400 688 5463 perunt;
735 5391 911 5459 cujus,
942 5392 1181 5461 inquam,
1230 5391 1577 5457 sacramenti,
1618 5404 1770 5461 atque
1810 5397 1873 5445 ut
1922 5390 2019 5444 ba-

466 5481 678 5552 ptismi,
719 5480 1053 5535 iterationem
1087 5481 1258 5536 vitare
1297 5482 1577 5537 debemus.
1627 5479 1690 5536 Si
1731 5488 1913 5534 autem
1952 5478 2022 5534 ab

468 5571 732 5627 haereticis
787 5572 1023 5626 nondum
1057 5570 1357 5625 conﬁrmati
1418 5581 1576 5637 sunt,
1630 5570 1908 5653 venientes
1954 5569 2022 5625 ad

537 5723 556 5781 Ι
568 5723 783 5794 1056-7)
815 5724 904 5780 Sic
929 5724 1179 5779 πλευρῶν.
1213 5721 1361 5775 Rom.
1392 5737 1476 5789 ep.
1503 5723 1559 5775 S.
1589 5722 1731 5808 Gre;

2112 4618 2236 4655 men
2265 4599 2907 4667 abrenuntiaret,acccpit
2959 4598 3277 4652 venerabilis
3324 4613 3460 4667 papa
3504 4597 3663 4655 Nico-

2113 4688 2232 4742 laus
2255 4689 2309 4742 in
2344 4687 2634 4741 universali
2657 4685 2885 4740 concilio
2909 4685 3094 4739 Romae
3117 4696 3458 4758 congregato.

2186 4774 2289 4830 Sed
2314 4790 2414 4830 nec
2435 4774 2807 4829 schismaticos
2829 4782 3015 4829 sancta
3054 4771 3294 4835 Ecclesia
3324 4778 3528 4848 absque
3575 4793 3664 4834 sa-

2110 4864 2723 4932 tisfactionejuramenti
2751 4863 2989 4933 recipere
3020 4867 3319 4932 consuevit,
3345 4868 3505 4937 cujus
3553 4867 3666 4923 for-

2115 4969 2257 5008 mam
2289 4952 2350 5006 B.
2398 4950 2685 5023 Gregorius
2708 4953 2761 5006 in
2802 4952 3030 5024 Regesto
3055 4969 3153 5010 suo
3193 4957 3412 5026 reliquit
3450 4955 3507 5010 in
3554 4957 3671 5011 hac

2114 5042 2277 5097 verba
2309 5041 2410 5110 (ep.
2448 5039 2533 5105 10,
2559 5056 2639 5110 cp.
2674 5041 2770 5110 3)’:
2812 5061 2829 5092 ι
2862 5041 2972 5112 Ego
2992 5041 3056 5096 N.
3083 5043 3331 5110 (1056-7)
3354 5044 3586 5098 civitatis
3605 5042 3671 5097 il‘

2116 5130 2222 5185 lius
2254 5130 2555 5199 episcOpus,
2572 5140 2857 5200 comperto
2885 5132 3169 5207 divisionis
3198 5134 3395 5200 laqueo
3436 5114 3561 5203 quoi
3585 5142 3672 5207 pte-

2117 5216 2303 5281 uehar,
2326 5216 2531 5271 diutina
2551 5232 2762 5293 mecum
2785 5204 3166 5273 deliberatione
3184 5203 3673 5293 pertractanng

2120 5324 2189 5362 na
2210 5317 2264 5363 et
2288 5317 2587 5377 spontanea
2619 5290 2894 5364 voluntate
2915 5310 2982 5363 ad
3015 5308 3273 5361 unitatem
3293 5310 3438 5366 sedis
3457 5290 3675 5382 aposto-

2115 5395 2252 5457 lica,
2288 5393 2470 5448 divina
2503 5395 2675 5464 gratia
2699 5395 2855 5460 dune,
2876 5406 3124 5447 reversus
3156 5408 3298 5448 sum.
3340 5394 3420 5452 Ac
3454 5412 3525 5454 ne
3564 5412 3674 5455 non

2120 5493 2264 5549 pura
2283 5488 2480 5547 mente,
2509 5481 2603 5536 sed
2624 5481 2874 5537 simulate
2900 5493 3149 5535 reversus
3167 5481 3465 5551 existimer,
3512 5501 3681 5557 ὅροιν

2122 5570 2224 5626 deo
2251 5570 2353 5626 sub
2375 5570 2579 5629 ordinis
2602 5571 2708 5627 mei
2728 5584 2857 5626 casu
2877 5576 2931 5624 et
2954 5571 3308 5629 anathematis
3327 5574 3681 5646 obligatione.

3164 6319 3286 6326 ,,__
3378 6184 3870 6324 *ηε-Λ
