3956 6378
94 520 235 577 1193

990 499 1276 558 AI‘PENI).
1317 497 1399 551 Ill.
1447 526 1505 534 —
1549 488 1978 547 MONIIMICNTA
2016 483 2478 542 CllliGOlllANA.

3227 473 3358 528 ΗΜ

91 643 253 702 atque
276 637 544 699 promitto
567 625 684 688 tibi,
789 633 838 677 et
858 638 950 692 per
972 632 1022 674 te
1041 621 1096 672 Β.
1118 619 1294 677 I‘etro,
1324 613 1688 682 ap'vstolarum
1724 611 1765 662 Δ
1791 606 2114 673 deponatur,
2145 617 2250 655 non
2280 610 2458 654 autem
2486 597 3002 651 exemmnunieetur.
3038 619 3052 647 ι
3079 597 3192 650 Non
3221 615 3363 653 enim

93 701 355 792 principi,
384 728 550 788 atque
594 717 712 784 ejus
758 713 983 776 vicario,
1032 707 1346 762 beatissimo
1404 701 1683 769 Gregorio,

93 790 176 863 vel
224 822 460 862 success
485 804 652 857 ribus
691 802 830 870 ejus,
859 815 943 853 me
989 810 1266 865 numquam
1322 790 1690 861 quorumlibet

95 896 485 958 suasionibus,
510 893 590 947 vel
646 903 973 960 quocunque
1014 886 1121 941 alio
1152 883 1312 938 modo
1338 883 1403 935 ad
1429 881 1686 940 sehisma,

94 989 161 1041 de
182 1002 302 1056 quo
325 982 710 1052 Redemptoris
734 980 904 1050 gratia
927 978 1184 1031 liberatus
1205 989 1323 1028 sum
1349 971 1498 1051 [τάξι.
1515 969 1689 1033 Rom,

103 1077 237 1130 Red.
273 1075 458 1130 nostri
487 1070 854 1127 misericordia
879 1069 1145 1122 liberante
1169 1073 1387 1133 ereptus
1413 1058 1580 1131 sum],
1606 1074 1692 1112 re-

100 1179 438 1224 versurum;
475 1162 567 1215 sed
590 1175 801 1228 semper
837 1174 922 1211 me
951 1157 1004 1210 in
1033 1155 1239 1207 unitate
1272 1159 1471 1205 saneta:
1513 1147 1697 1200 Eccle-

104 1256 200 1309 siae
229 1253 526 1308 catholica!
551 1261 602 1304 et
627 1248 1010 1303 communione
1041 1242 1268 1298 Romani
1304 1239 1572 1311 pontilicis
1606 1252 1698 1305 per

105 1345 293 1398 omnia
321 1356 667 1412 permanere.
699 1337 851 1392 Unde
873 1338 1064 1406 jurans
1095 1336 1218 1388 dico
1246 1348 1340 1402 per
1388 1329 1556 1385 [lcum
1581 1343 1699 1381 om-

109 1435 483 1504 nipotentem,
510 1439 563 1484 et
594 1445 688 1498 per
715 1430 830 1482 lucc
879 1434 1066 1480 sancta
1110 1431 1344 1492 quatuor
1390 1418 1698 1487 Evangelia,

109 1538 237 1592 qua:
263 1523 322 1576 in
351 1521 491 1576 meis
513 1520 764 1573 manibus
789 1526 964 1578 teneo,
990 1514 1144 1569 mein
1164 1513 1389 1576 unitate,
1417 1508 1701 1570 sicutdixi,

114 1611 419 1676 Ecclesiae;
458 1610 521 1664 ad
550 1623 738 1676 quam,
767 1606 878 1660 Deo
904 1603 1158 1674 propitio,
1196 1617 1316 1654 sum
1351 1612 1620 1661 reversus,
1653 1606 1708 1649 ct

113 1701 515 1758 communione
551 1697 778 1752 Romani
801 1694 1072 1764 pontiﬁcis
1093 1706 1305 1760 semper
1331 1699 1382 1743 et
1402 1689 1517 1742 sine
1540 1687 1706 1742 dubio

115 1806 473 1861 permanere.
505 1787 659 1854 Quod
690 1787 756 1851 si,
790 1784 935 1854 quod
961 1783 1131 1836 absit!
1159 1782 1228 1834 ab
1255 1780 1355 1833 hac
1382 1794 1467 1832 me
1501 1777 1708 1830 unitate

118 1883 311 1952 aliqua
345 1879 696 1936 excusatione
717 1876 798 1928 vel
829 1882 1150 1943 argumento
1190 1871 1446 1932 divisrro,
1485 1866 1706 1937 perjurii

123 1982 348 2026 reatum
384 1969 685 2030 incurrens,
716 1976 927 2020 aeternae
954 1979 1126 2033 pmnze
1151 1961 1422 2030 obligatus
1445 1957 1709 2021 inveniar,

122 2075 179 2117 ct
213 2079 350 2118 cum
379 2070 597 2116 auctore
619 2056 932 2113 schismatis
958 2054 1184 2107 habeam
1213 2053 1265 2104 in
1300 2049 1484 2103 l'uttn'o
1515 2048 1714 2102 saeculo

126 2153 469 2222 portionem.
502 2148 636 2202 lluic
674 2143 1034 2201 confessionis
1067 2141 1554 2213 promissionisque
1584 2153 1716 2191 mea:

127 2242 408 2296 chartula:
454 2239 669 2308 propria
702 2251 866 2291 manu
909 2232 1229 2302 subscripsi.
1280 2231 1473 2285 Actum
1524 2227 1579 2280 in
1624 2228 1716 2280 illo

130 2331 388 2395 I.>co,die
415 2327 828 2392 illo,etconsule
861 2326 970 2378 illo.
993 2319 1521 2391 SubscriptiolEdit.
1541 2317 1713 2383 Rom.,

133 2421 476 2489 subscriptio
503 2416 750 2488 l-ZpisCOpi
785 2413 955 2486 illius]
989 2432 1000 2466 ε
1037 2413 1148 2484 Ego
1190 2412 1334 2466 illius
1365 2409 1600 2464 civitatis
1632 2407 1720 2462 ille

133 2511 456 2580 episcopus,
509 2509 634 2563 huic
688 2505 1056 2577 promissioni,
1107 2501 1539 2572 prolessio’niquc
1587 2513 1721 2551 mea:

139 2598 527 2670 [confessioni,
559 2595 1013 2667 promissionique
1037 2590 1212 2661 mete],
1237 2591 1565 2660 praestitolde
1585 2605 1719 2643 eon-

140 2689 432 2743 servandis
454 2701 617 2757 supra
645 2684 864 2755 scriptis
894 2682 1148 2737 omnibus
1189 2690 1561 2744 sacramento,
1588 2680 1721 2735 sub-

143 2778 370 2846 scripsi.
409 2797 428 2828 ι

220 2867 518 2922 Sciendum
541 2875 743 2931 autem,
768 2865 923 2936 juxta
966 2865 1366 2919 attestationem
1411 2871 1725 2916 sanctorum

146 2956 376 3012 Patrum
411 2957 699 3028 Augustini
735 2966 788 3010 et
818 2955 1016 3034 Pelagii
1046 2970 1215 3025 papa),
1247 2955 1368 3006 illos
1419 2954 1727 3006 indubitan-

149 3059 232 3102 ter
263 3049 640 3103 sehismaticos
683 3063 804 3102 esse
847 3066 863 3098 ι
917 3047 1227 3117 quicunque
1275 3045 1432 3099 divisi
1485 3053 1610 3097 sunt
1662 3044 1730 3096 ab

149 3140 453 3208 apostolica
491 3139 633 3192 sedc.
661 3137 772 3192 Sed
798 3137 925 3206 quid
959 3137 1027 3191 ab
1073 3134 1340 3189 haereticis
1379 3133 1649 3196 dilI'erant,
1707 3152 1722 3182 ι

1793 692 1934 746 Deus
1964 693 2045 745 his
2066 692 2268 760 judirat
2300 691 2352 741 in
2394 689 2648 755 idipsznu.
2684 685 2904 752 Nempe,
2933 686 3084 752 juxta
3111 686 3367 741 ecclesia-

1792 783 1981 836 sticam
2017 778 2481 838 eonsttettulitu-m,
2507 777 2568 826 «Ἰ.
2593 777 2737 827 rivus
2770 790 2866 842 pro
2891 791 2955 824 eo
2997 773 3226 826 crimine
3274 775 3367 826 tle-

1793 871 1918 940 poni
1947 871 2168 938 jnbetur
2204 884 2300 938 pro
2327 883 2435 937 quo
2470 867 2659 926 laicus,
2693 865 2738 917 si
2790 864 3093 928 admiserit,
3148 880 3371 922 excom-

1795 961 2184 1024 municahitur,
2224 967 2283 1011 nt
2309 959 2362 1011 in
2395 957 2618 1010 statutis
2645 964 2959 1008 sanctorum
2996 954 3216 1007 Patrum
3265 953 3370 1008 l're-

1797 1052 2154 1124 quentissime
2175 1049 2505 1105 deCernitur.

1871 1143 2024 1198 Unde
2057 1151 2112 1197 ct
2143 1142 2266 1196 laici
2314 1141 2525 1208 absque
2565 1139 2932 1194 ecclesiastica
2993 1139 3380 1192 connnunionc

1800 1235 1974 1291 solent
2002 1234 2284 1304 pmnitere,
2319 1232 2459 1285 sicut
2487 1240 2537 1284 et
2586 1231 2765 1284 clerici
2803 1230 3008 1299 absque
3035 1231 3365 1285 administra-

1802 1327 1950 1380 tione
1979 1324 2159 1379 olIicii.
2189 1323 2306 1376 Non
2337 1339 2467 1391 ergo
2513 1323 2710 1375 mirum
2762 1321 2805 1374 si
2840 1321 3019 1375 clerici
3058 1338 3153 1390 per
3188 1337 3381 1374 manus

1805 1414 2204 1485 impositionem
2239 1413 2537 1466 remedium
2570 1410 2866 1479 paenitendi
2919 1426 3016 1477 pro
3067 1409 3383 1462 criminibus

1805 1508 2104 1563 admissqu
2139 1523 2269 1570 non,
2298 1514 2357 1560 ut
2382 1505 2528 1566 laici,
2557 1511 2989 1572 consequuntur,
3038 1504 3130 1570 qui
3181 1517 3383 1570 m-qua—

1806 1615 1992 1670 quam,
2034 1607 2093 1651 ut
2124 1598 2220 1661 illi,
2269 1613 2366 1665 pro
2417 1595 2743 1650 criminibus
2785 1593 3250 1645 exconmumicari
3299 1592 3386 1660 ju-

1808 1691 2019 1744 bentur.
2064 1689 2120 1742 Si
2153 1699 2332 1743 autem
2375 1687 2474 1756 ipsi
2523 1701 2696 1755 usque
2727 1685 2792 1738 ad
2844 1685 3209 1737 anathematis
3261 1699 3386 1736 sen-

1810 1783 2032 1837 tentiam
2067 1782 2436 1836 in’obcdientes
2462 1778 2784 1840 exstiterint,
2825 1791 3166 1844 consequi-rs
3195 1783 3274 1828 est
3333 1784 3387 1825 ut

1811 1889 1905 1942 per
1936 1889 2132 1926 manus
2160 1872 2562 1941 impositiouem
2590 1879 2792 1923 sanctae
2836 1868 3270 1934 redintegrentur
3297 1866 3383 1917 lir-

1813 1965 2010 2027 cles':e,
2037 1980 2160 2017 cum
2202 1963 2484 2026 redierint,
2531 1961 2674 2014 sicut
2727 1967 2783 2013 et
2827 1968 3076 2012 sanctum
3120 1956 3393 2011 Nic-mnum

1814 2055 2106 2109 concilium
2143 2055 2209 2107 de
2244 2051 2562 2109 Novatianis
2590 2049 2843 2104 instituit.
2867 2048 3155 2118 Nunquam
3194 2058 3396 2112 tamen,

1817 2156 1876 2200 ut
1913 2147 2055 2210 lairi',
2093 2145 2385 2199 retnedium
2443 2141 2737 2212 pwnitendi
2789 2146 3123 2209 perﬂuanus
3171 2140 3377 2207 imposi-

1818 2241 2021 2292 tionem
2059 2245 2483 2305 consequentur,
2521 2232 2734 2287 etiamsi
2767 2233 2982 2300 penitus
3019 2233 3224 2300 absque
3249 2232 3395 2284 ordi-

1819 2346 1886 2383 ne
1917 2337 2169 2396 suscepto
2205 2328 2551 2395 recipiantur.
2600 2323 2736 2378 Ilinc
2789 2323 2849 2376 Β.
2904 2324 3065 2391 Aug,
3122 2325 3172 2376 in
3222 2323 3312 2376 lib.
3363 2341 3398 2375 ι.

1819 2425 2010 2472 contra
2045 2415 2355 2469 Donatistas
2379 2415 2444 2467 de
2474 2413 2764 2480 baptismo,
2801 2412 2867 2464 de
2889 2413 3130 2480 quolibet
3153 2412 3402 2466 Iuct'ctiro

1821 2523 1884 2560 ex
1916 2505 2108 2560 haeresi
2138 2505 2342 2574 absque
2369 2503 2842 2556 administratione
2877 2501 3037 2555 ollicii
3075 2512 3290 2571 recepto
3324 2512 3402 2555 te-

1823 2606 2001 2653 statur
2025 2597 2168 2666 quod
2204 2594 2302 2650 hec
2335 2595 2433 2664 ipsi
2469 2610 2664 2647 nmnus
2691 2593 2834 2646 inter
2863 2593 3030 2646 laicus
3083 2593 3404 2662 imponetula

1823 2689 1914 2754 sit,
1939 2704 2004 2742 eo
2036 2687 2181 2757 quod
2209 2697 2262 2742 et
2300 2687 2353 2740 in
2389 2685 2636 2754 deposito
2663 2692 3064 2739 sacramentum
3105 2683 3404 2737 ordinatio—

1825 2779 1912 2833 nis
1936 2777 2312 2848 permanserit.

1899 2867 2401 2946 Ecclesiastiearum
2437 2865 2747 2934 regularum
2793 2863 3164 2920 institutiones
3208 2861 3408 2934 partim

1829 2963 1898 3018 ab
1928 2963 2059 3032 ipsis
2107 2960 2369 3031 apostolis
2422 2959 2763 3028 accepimus,
2819 2957 3016 3027 partim
3073 2973 3101 3010 a
3149 2950 3409 3010 Romanis

1831 3051 2208 3122 pontificibus;
2243 3048 2436 3119 partim
2487 3049 2556 3100 ab
2587 3047 2708 3102 aliis
2733 3048 2939 3100 sanctis
2968 3045 3238 3110 Panibus,
3269 3061 3410 3115 quo—

1834 3157 1951 3195 rum
1989 3151 2167 3194 tamen
2189 3138 2390 3208 judicia
2422 3136 2651 3192 Romani
2685 3137 2971 3204 pontitices
3001 3137 3373 3190 ﬁrmaverunt.

154 3228 214 3282 S.
255 3229 618 3300 Hieronymus
642 3229 693 3282 in
719 3237 874 3283 tract.
900 3243 1062 3297 Super
1091 3227 1247 3296 epist.
1282 3226 1346 3279 ad
1377 3223 1556 3278 Titum
1599 3223 1731 3276 Salis
1759 3244 1799 3298 (ς
1903 3231 1967 3285 lit
1989 3230 2265 3300 apostolos
2287 3228 2527 3297 quidem,
2553 3227 2618 3280 ad
2659 3226 3099 3281 informationem
3138 3230 3414 3283 nascentis

155 3319 416 3375 declarat.
449 3338 466 3370 t
504 3319 646 3373 Inter
665 3320 932 3383 IttBt‘CSIlII,
959 3318 1152 3388 inquit,
1179 3326 1232 3370 et
1255 3317 1491 3370 schisma
1521 3316 1621 3368 hoc
1651 3315 1732 3367 in-

161 3417 365 3465 teresse
385 3409 738 3473 arbitramur,
770 3409 915 3477 quod
947 3409 1171 3461 Iueresis
1193 3421 1506 3475 perversum
1538 3405 1732 3474 dogma

162 3497 382 3561 habeat,
412 3498 647 3552 sehisma
679 3507 898 3566 propter
940 3495 1298 3567 episcopalem
1335 3495 1734 3548 dissensionem

162 3587 235 3640 ab
263 3587 505 3642 Ecclesia
542 3596 840 3656 separetur.
881 3605 897 3637 ι
925 3585 1085 3653 Quod
1116 3585 1333 3654 quidem
1373 3585 1425 3636 in
1473 3582 1737 3650 principio

164 3676 346 3747 aliqua
372 3693 438 3731 ex
487 3685 637 3746 parte
679 3676 897 3746 intelligi
953 3684 1147 3746 potest.
1209 3674 1474 3728 Caeterum
1533 3673 1737 3726 mdium

168 3769 410 3822 schisma
443 3781 548 3820 non
581 3767 684 3820 sibi
721 3767 955 3836 aliquam
987 3763 1246 3836 contingit
1275 3765 1542 3826 tueresim,
1568 3772 1625 3816 ut
1652 3779 1737 3816 re-

168 3867 255 3913 cte
279 3859 349 3913 ab
377 3857 613 3913 Ecclesia
644 3857 936 3912 recessisse
966 3857 1232 3912 videatur.
1277 3853 1426 3908 Unde
1456 3853 1514 3906 Β.
1554 3852 1740 3921 Angu—

106 4013 116 4024 .
168 3950 369 4013 stinus,
400 3950 466 4002 ad
493 3947 787 4003 Emeritam
826 3948 1088 4012 scribens,
1118 3946 1186 4001 de
1230 3945 1524 3998 Donatistis
1551 3945 1747 3998 asserit

169 4037 319 4104 quod
347 4037 584 4090 schisma
629 4037 686 4090 in
735 4037 981 4091 haeresim
1024 4037 1164 4090 male
1192 4036 1586 4107 perseverando
1611 4051 1742 4090 con-

172 4126 455 4178 verterint.

243 4213 400 4279 Quod
424 4221 602 4268 autem
621 4220 866 4272 sanetum
894 4210 1172 4268 Nicaenum
1196 4214 1507 4277 concilium,
1530 4222 1590 4267 ut
1613 4227 1748 4282 prae.

172 4301 444 4367 diximus,
475 4302 700 4356 clericos
725 4297 1147 4358 Novatianorum
1181 4319 1274 4372 per
1302 4318 1496 4357 manus
1523 4304 1748 4373 imposi-

174 4394 379 4449 tioncm
437 4393 770 4463 recipiendos
822 4394 1074 4459 asseruit,
1126 4408 1467 4463 nequaquam
1520 4395 1764 4450 aliorum.

177 4494 494 4541 sanctorum
527 4483 745 4537 Patrum
777 4483 1060 4540 sententiis
1089 4483 1248 4537 debet
1290 4485 1622 4538 contrarium
1667 4499 1753 4540 re-

1836 3323 2110 3386 Ecclesiae,
2141 3321 2382 3390 quinque
2406 3327 2617 3372 tantum
2644 3318 2883 3388 synodos
2919 3318 3219 3390 instituisse
3257 3337 3319 3372 ex
3345 3320 3412 3372 li-

1835 3413 1934 3468 bro
1962 3414 2194 3466 Actuum
2232 3411 2474 3480 ipsorum
2531 3418 2585 3463 et
2607 3424 2672 3462 ex
2718 3408 3012 3462 traditione
3040 3410 3308 3478 majorum
3333 3411 3416 3464 di-

1833 3502 2086 3554 dicimus.
2118 3498 2322 3552 lIarum
2357 3498 2587 3566 primam
2620 3499 2803 3550 statim
2842 3506 2962 3564 post
2987 3512 3276 3551 ascensum
3308 3498 3416 3549 Ilo-

1837 3588 1970 3641 mini
2001 3587 2066 3640 de
2089 3586 2351 3640 electione
2373 3583 2611 3638 Matthiae
2641 3585 2871 3654 apostoli
2914 3584 2966 3638 in
3013 3586 3191 3640 locum
3230 3587 3413 3656 prodi-

1839 3676 1974 3731 toris
2004 3673 2153 3728 Judze
2193 3673 2618 3727 celebraverunt.
2662 3671 2988 3737 Secundam,
3039 3690 3162 3728 eum
3211 3667 3414 3745 septeni

1839 3767 2096 3820 diaconos
2128 3765 2392 3834 eligerent
2437 3763 2503 3816 ad
2554 3763 2983 3832 dispensationis
3028 3765 3414 3821 ministerium.

1843 3855 2102 3920 Tertiam,
2140 3856 2205 3908 de
2234 3853 2513 3908 conversis
2535 3868 2599 3907 ex
2625 3855 2896 3923 gentibus,
2927 3870 2994 3908 ne
3015 3855 3296 3924 judaizare
3321 3876 3417 3910 ro-

1845 3955 2118 4018 gercntur,
2143 3946 2235 4000 sed
2264 3955 2471 4000 tantum
2501 3954 2561 3998 ut
2598 3945 2936 4000 abstinerent
2973 3961 3003 3998 a
3033 3945 3416 4011 fornicatione,

1846 4039 1915 4093 ab
1950 4037 2261 4106 idolotlutis
2289 4047 2342 4090 et
2378 4037 2661 4106 sanguine.
2691 4034 2895 4090 Ilorum
2931 4038 3180 4092 ultimum
3216 4039 3274 4090 Β.
3306 4040 3419 4092 An-

1848 4128 2065 4197 gustino
2085 4127 2480 4194 dispensatoric
2521 4127 2734 4180 videtur
2771 4127 3102 4192 institutum,
3148 4128 3194 4182 si
3239 4137 3418 4184 tamen

1849 4217 1922 4270 ita
1973 4215 2286 4285 intelligitur
2342 4223 2402 4268 ut
2454 4214 2789 4269 abstinerent
2830 4231 2860 4269 a
2908 4217 3165 4272 carnibus
3189 4234 3419 4286 quarum

1849 4304 2070 4376 sanguis
2097 4321 2206 4358 non
2234 4313 2387 4358 esset.
2406 4303 2630 4359 eﬂ'usus.
2663 4304 2864 4359 Scribit
2915 4307 3059 4360 enim
3083 4308 3149 4360 de
3177 4308 3299 4373 hoc,
3327 4310 3419 4364 lib.

1853 4413 1913 4462 II,
1944 4404 2134 4451 contra
2169 4393 2429 4449 Faustum
2459 4413 2471 4448 :
2511 4413 2530 4446 ς
2569 4395 2829 4465 Elegisee,
2857 4395 3052 4466 inquit,
3078 4400 3208 4452 mihi
3239 4401 3424 4454 viden-

1853 4499 1942 4542 tur
1965 4485 2196 4556 apostoli
2218 4500 2316 4555 pro
2343 4495 2584 4554 tempore
2612 4502 2724 4540 rem
2753 4485 2965 4541 facilem
2997 4498 3050 4542 et
3082 4505 3423 4560 nequaquam

177 4576 386 4646 putari,
413 4576 506 4646 qui
531 4576 709 4646 lapsos
731 4575 1039 4630 sacerdotes
1061 4575 1174 4628 sive
1203 4575 1479 4640 diaconos,
1510 4592 1604 4647 per
1633 4591 1751 4630 ma-
1784 4554 1828 4608 θ
1853 4577 2264 4644 observantibus
2285 4591 2594 4642 onerosam,
2629 4577 2682 4630 in
2709 4593 2816 4647 qua
2859 4595 2984 4633 cum
3030 4554 3188 4634 Israel
3217 4554 3423 4650 gentes,

177 4681 288 4739 nus
311 4666 730 4734 impositionem,
760 4666 1056 4720 remedium
1091 4666 1382 4736 paenitendi
1424 4667 1562 4720 inter
1586 4666 1753 4722 laicus

180 4755 427 4823 recipere
452 4755 863 4823 prohibuerunt.
897 4756 1054 4810 Aliud
1085 4766 1170 4811 est
1197 4757 1340 4812 enim
1371 4758 1666 4826 quemlibet
1685 4773 1751 4812 ex

182 4851 380 4906 haeresi
401 4850 486 4905 vel
509 4851 801 4906 schismate
828 4867 1151 4906 conversum
1175 4862 1374 4907 sancta:
1389 4852 1642 4909 Ecclesia:
1658 4871 1754 4924 per

182 4953 385 4995 manus
410 4937 810 5008 impositionem
838 4940 1213 5010 redintegrari,
1266 4942 1413 4996 aliud
1457 4945 1756 5013 quemlibet

186 5032 244 5086 in
276 5029 580 5085 sacerdotio
604 5028 685 5082 vel
711 5027 999 5083 diaconatu
1026 5030 1380 5085 criminaliter
1406 5032 1619 5101 lapsum
1645 5051 1751 5090 non

186 5122 386 5176 debere
399 5119 656 5189 consequi
684 5119 978 5172 remedium
1003 5119 1297 5188 pcenitendi
1328 5137 1421 5189 per
1453 5125 1758 5176 manusim-

189 5211 540 5278 positionem,
566 5220 624 5264 ut
653 5209 868 5262 laicum.
895 5207 966 5261 Et
986 5208 1124 5261 hanc
1146 5210 1331 5277 utique
1356 5211 1757 5264 observantiam

189 5298 265 5353 de
291 5289 457 5367 laps'ia
481 5299 850 5355 sacerdotibus
876 5297 990 5352 sive
1018 5297 1358 5363 diaconibus,
1396 5297 1456 5351 Β.
1503 5299 1612 5353 Leo
1651 5302 1761 5368 pri-

192 5404 324 5447 mus
343 5387 398 5441 in
421 5388 648 5443 decretis
674 5390 812 5454 suis,
833 5405 951 5459 cap.
981 5387 1072 5454 25,
1103 5403 1168 5441 ex
1191 5388 1485 5456 apostolica
1517 5388 1762 5443 traditio-

197 5495 269 5535 ne
293 5476 657 5532 indubitanter
679 5480 1024 5535 descendisse
1046 5488 1294 5543 testatur,
1303 5479 1456 5548 juxta
1478 5478 1606 5531 illud
1618 5480 1764 5547 quod

202 5570 463 5638 scriptum
498 5573 615 5621 est:
649 5584 670 5618 ι
711 5567 978 5625 Sacerdos
1001 5571 1047 5626 si
1084 5569 1403 5641 peccaverit,
1429 5569 1552 5638 quis
1591 5570 1769 5626 orabit

201 5675 302 5732 pro
321 5657 424 5714 eo!
457 5675 478 5708 ι
528 5653 636 5709 Sed
664 5656 803 5710 etin
848 5660 1153 5716 canonibus
1203 5660 1595 5729 apostolorum,
1642 5674 1764 5730 cap.

205 5751 296 5816 25,
319 5746 625 5817 reperitur:
657 5761 677 5795 ο
713 5742 1036 5815 Episcopus,
1075 5749 1375 5819 presbyter,
1419 5748 1683 5803 diaconus
1711 5749 1768 5804 in

207 5836 517 5900 homicidio,
549 5831 810 5902 periurio,
837 5833 952 5887 sive
995 5832 1354 5892 fornicatione
1398 5836 1769 5908 deprehensus

479 5926 750 5985 Parnm.
781 5917 1106 5985 CXLVIII.

1827 4677 2073 4740 ‘propter
2095 4668 2246 4722 illum
2277 4667 2591 4738 angularem
2621 4667 2851 4737 lapidem
2896 4668 3037 4724 duos
3078 4671 3132 4722 in
3180 4686 3239 4723 se
3293 4685 3427 4722 coa-

1854 4762 2067 4816 dentem
2095 4759 2255 4832 [forte
2277 4759 2557 4831 parietes],
2602 4759 2806 4829 aliquid
2843 4773 3130 4812 commune
3166 4753 3424 4814 observa-
3469 4802 3473 4806 .

1857 4862 1995 4909 rent.
2025 4853 2091 4906 At
2130 4852 2221 4908 ubi
2258 4851 2498 4906 Ecclesia
2530 4849 2770 4919 gentium
2790 4848 2916 4902 talis
2947 4848 3136 4903 etl‘eeta
3164 4860 3248 4903 est
3271 4861 3330 4904 ut
3373 4853 3426 4906 in

1855 4959 1920 4999 ea
1954 4944 2135 4998 nullus
2159 4941 2398 4997 Israelita
2421 4937 2659 4992 carnalis
2678 4946 2957 5007 appareat,
2979 4940 3233 5008 quisnam
3267 4941 3429 4996 Clui-

1857 5035 2070 5090 stianus
2097 5031 2349 5086 observat
2370 5035 2430 5082 ut
2463 5028 2652 5082 turdos
2703 5029 2786 5083 vel
2833 5029 3156 5086 minutiores
3192 5033 3431 5087 aviculas

1862 5137 1969 5176 non
2027 5120 2275 5189 attingat,
2331 5118 2437 5172 nisi
2495 5116 2728 5188 quarum
2800 5121 3025 5191 sanguis
3070 5123 3274 5178 emisus
3318 5124 3431 5177 est?

1862 5219 1958 5265 aut
1981 5209 2220 5278 leporem
2244 5223 2352 5262 non
2375 5208 2521 5276 edat,
2543 5209 2611 5275 si,
2637 5226 2802 5266 manu
2827 5228 2857 5266 a
2879 5214 3091 5267 cervice
3114 5227 3424 5281 percussus,

1864 5300 2016 5354 nullo
2068 5307 2293 5353 cruento
2347 5300 2571 5356 vulnere
2617 5301 2832 5356 occisus
2884 5303 3005 5356 est?
3044 5301 3108 5354 Et
3141 5292 3246 5367 'qui
3292 5297 3431 5350 forte

1866 5389 2022 5460 pauci
2059 5389 2236 5443 adhuc
2257 5397 2476 5460 tangere
2504 5391 2608 5458 ista
2634 5389 2948 5454 formidant,
2977 5404 3008 5442 a
3050 5395 3202 5442 ciete:
3217 5388 3261 5441 is
3305 5386 3431 5440 irri-

1863 5483 2080 5537 dentur.
2119 5480 2194 5534 Ita
2226 5481 2470 5535 omnium
2513 5481 2688 5535 tenuit
2730 5479 2942 5532 animos
2989 5477 3045 5531 in
3092 5479 3194 5532 hac
3244 5491 3303 5530 re
3343 5476 3431 5529 illa

1865 5571 2132 5629 sententia
2176 5569 2432 5626 Veritatis
2461 5589 2473 5624 :
2501 5568 2624 5622 Non
2650 5567 2788 5637 quod
2821 5567 2987 5620 intrat
3023 5567 3080 5620 in
3120 5584 3177 5621 os
3207 5574 3434 5620 vestrum

1884 5679 1972 5717 vos
1998 5661 2322 5729 coinquinat,
2347 5657 2592 5727 ierisquod
2611 5656 2719 5709 exit
2741 5655 2963 5729 (Matth.
2979 5656 3092 5725 xv),
3118 5654 3435 5710 nullamcibi

1869 5727 2310 5818 naturam—quam
2344 5747 2577 5800 societas
2606 5727 2840 5798 admittit
2877 5744 3114 5799 humana
3135 5731 3274 5812 {sed
3314 5758 3440 5812 quae

1870 5840 2130 5910 iniquitas
2155 5835 2440 5891 committit
2467 5841 2684 5902 peccata
2708 5831 3097 5886 condcmnans.
3146 5851 3162 5884 ι
3198 5830 3315 5884 Non
3347 5844 3438 5910 erf-

3031 5921 3110 5981 38
