3956 6446
1492 515 1582 571 Al)
1621 516 1847 572 orans
1886 517 1943 573 s.
1981 519 2308 576 CREGORll
2348 487 2787 579 Appenninus.

511 518 651 575 H95
1492 518 1582 571 AD
1621 518 1847 572 OPERA
1886 518 1943 573 S.
1981 519 2308 576 GREGOR“
2348 522 2787 579 APPENDICES.
3617 529 3748 584 H96

503 646 571 701 go
600 629 906 684 mirandum
939 630 985 685 si
1004 606 1349 685 successores
1379 632 1744 700 apostolorum
1776 632 1957 701 aliqua
1978 633 2086 687 dis.
2113 638 2156 693 A
2182 636 2407 703 prologo
2455 651 2556 690 suo
2589 636 2657 690 de
2700 628 3031 700 caminibus,
3081 652 3138 693 se
3181 634 3383 693 asserit
3436 631 3746 705 invenisse;

501 720 813 791 pensatorie
834 719 1208 785 instituerunt,
1246 735 1367 789 quae
1398 734 1590 774 eorum
1641 722 1864 791 posteri,
1898 731 2075 777 muta-

501 790 649 861 tione
684 795 943 876 temporis
981 806 1084 862 hoc
1110 808 1376 877 exigente,
1404 809 1795 865 rationabiliter
1828 812 2075 881 aliquan-

501 899 571 953 do
605 908 818 953 mutare
831 900 915 953 vel
935 900 1149 969 penitus
1175 900 1437 971 abrogare
1462 910 1880 957 consueverunt.

570 990 831 1058 Quartam
860 1007 987 1047 vero
1016 994 1280 1063 synodum
1304 994 1369 1049 de
1396 995 1740 1051 credentibus
1779 1011 1845 1051 ex
1872 994 2076 1051 Judmis

501 1084 571 1139 ab
616 1085 877 1156 apostolis
934 1084 1133 1142 factam
1182 1086 1436 1158 legimus.
1479 1104 1604 1143 cum
1678 1103 1774 1145 eos
1811 1105 1842 1144 a
1885 1090 2074 1161 legali-

502 1172 604 1226 bus
647 1173 987 1228 cmremoniis
1020 1174 1399 1243 prohiberent;
1431 1186 1485 1231 et
1522 1178 1626 1231 hoc
1675 1193 1774 1247 pro
1812 1179 2074 1234 abolenda

501 1261 811 1330 suspicione
840 1263 1203 1331 quorumdam
1232 1263 1444 1335 quieos
1468 1266 1680 1337 legales
1697 1270 2073 1335 cmremonias,

497 1348 658 1419 quasi
707 1350 1099 1419 idololatriam,
1150 1366 1409 1423 respuere
1458 1356 1739 1423 putabant.
1789 1354 1898 1411 llas
1934 1373 2074 1428 qua-

497 1447 624 1493 tuor
659 1439 896 1509 synodos
922 1441 1157 1514 apostoli
1189 1439 1577 1514 Hierosolymis
1606 1444 1968 1513 celebrarunt,
2016 1454 2075 1501 ut

497 1525 634 1580 liber
671 1505 905 1581 Aetuum
922 1505 1180 1598 ipsorum
1216 1505 1469 1587 intimare
1492 1533 1721 1589 videtur.

567 1614 824 1683 Quintam
851 1629 1031 1675 autem
1067 1622 1438 1699 apostolorum
1482 1624 1752 1694 synodum
1791 1639 1858 1680 ex
1902 1627 2071 1681 tradie-

501 1710 647 1766 tione
675 1713 944 1783 majorum
966 1715 1297 1785 accepimus,
1320 1731 1445 1772 cum
1463 1718 1930 1790 singuli'singulas
1953 1737 2074 1791 pro-

498 1800 730 1859 ferentes
780 1805 1078 1860 sententias
1114 1806 1420 1878 symbolum
1449 1810 1744 1865 conderent
1789 1813 1934 1881 quod
1958 1814 2074 1867 uni-

497 1895 723 1951 versatis
745 1894 989 1951 Ecclesia
1020 1904 1186 1964 tenet,
1216 1911 1341 1951 cum
1363 1897 1479 1968 jam
1509 1899 1577 1955 ab
1608 1900 1841 1955 invicem
1870 1902 2074 1958 disces-

2175 722 2376 791 quibus
2403 739 2503 779 nos
2534 725 2756 779 utimur.
2792 726 3026 779 Sanctus
3065 737 3243 781 autem
3273 730 3569 783 Anatlt-tus
3613 748 3747 799 papa

2173 820 2228 865 ct
2255 821 2480 884 martyr,
2513 828 2542 868 a
2574 814 2634 867 B.
2667 813 3098 884 Petro-quintus,
3127 818 3267 871 etab
3312 819 3429 886 ipso
3466 820 3751 888 presbyter

2174 903 2476 969 ordinatus,
2492 918 2691 958 nonum
2707 905 3000 973 capitulum
3015 907 3324 960 eoi-tundent
3338 923 3608 961 canonum
3622 924 3749 976 apo-

2173 994 2341 1048 stolos
2354 995 2608 1049 statuisse
2628 995 2882 1062 declarat,
2902 997 3147 1052 videlicet
3169 1017 3187 1046 ε
3210 1007 3267 1051 ιιι
3285 999 3517 1052 ministri
3534 1000 3745 1063 altaris,

2173 1081 2314 1138 facta
2334 1084 2628 1150 oblatione,
2644 1077 3065 1142 communicent.
3094 1107 3111 1138 ι
3141 1087 3373 1144 Sanctus
3391 1105 3606 1158 quoque
3626 1092 3747 1143 Cal-

2172 1173 2330 1228 listus
2352 1190 2489 1244 papa
2501 1184 2554 1229 et
2566 1186 2769 1245 martyr
2782 1177 2847 1230 de
2863 1178 3147 1232 undecimo
3170 1180 3293 1233 item
3313 1179 3528 1239 fatetur.
3544 1181 3747 1250 quippe

2179 1282 2198 1316 ι
2226 1274 2287 1318 ιιι
2311 1266 2743 1320 connnunicator
2774 1269 3226 1323 excommunicati
3263 1270 3426 1322 simili
3464 1271 3748 1337 subjaccat

2172 1357 2740 1412 excommunicationi.
2797 1376 2817 1409 ι
2875 1357 2966 1413 Sic
3014 1367 3069 1413 et
3098 1360 3190 1413 alii
3247 1360 3417 1414 sancti
3458 1358 3646 1413 Patres
3675 1358 3747 1410 de

2172 1448 2294 1504 aliis
2321 1449 2635 1504 earumdem
2666 1465 2937 1505 canonum
2968 1453 3221 1521 capitulis
3269 1452 3545 1507 testificari
3579 1468 3746 1520 τερο-

2172 1539 2408 1605 riuntur,
2434 1541 2527 1609 qui
2557 1541 2729 1612 magis
2759 1555 2861 1610 pro
2883 1542 3107 1596 veritate
3134 1543 3308 1607 mori,
3338 1559 3499 1611 quam
3530 1542 3609 1595 vel
3640 1558 3747 1611 pro

2170 1628 2283 1683 vita
2312 1630 2529 1684 mentiri
2558 1631 2887 1706 delegerunt.
2917 1630 3119 1686 [lorum
3143 1633 3303 1703 igitur
3329 1633 3654 1687 testimoniis
3686 1640 3748 1685 et

2173 1733 2276 1771 nos
2323 1720 2632 1778 necessario
2680 1720 2987 1786 credimus,
3039 1737 3106 1775 ne
3129 1722 3231 1791 ipsi
3281 1732 3470 1776 sancto
3513 1722 3743 1791 Spiritui

2172 1805 2354 1860 minus
2374 1806 2592 1860 credere
2614 1806 2943 1876 iudicemur,
2961 1795 3123 1877 cujus
3148 1808 3408 1863 instinctu
3435 1809 3581 1878 ipsos
3606 1809 3745 1862 talia

2174 1892 2675 1967 testiiicatosfuisse
2702 1892 2823 1964 [ηις.
2854 1893 2990 1966 fore]
3018 1910 3126 1949 non
3155 1895 3483 1949 dubitamus.

498 1987 614 2040 suri
658 1996 861 2054 essent,
894 1996 953 2044 ut
975 1989 1032 2045 in
1057 2004 1273 2045 omnem
1309 1999 1709 2054 terramtsonus
1737 2010 1925 2049 eorum
1974 2012 2067 2052 ex-

2244 1978 2534 2034 Sciendum
2582 1991 2761 2035 autem
2792 1982 2938 2051 quod
2982 1982 3045 2036 B.
3071 1981 3322 2037 Gelasius
3365 1999 3502 2052 papa
3536 1983 3746 2037 librum’

496 2075 601 2131 iret
623 2076 794 2147 (Psal.
830 2080 1005 2152 xvm).
1042 2079 1133 2136 Sic
1153 2081 1297 2136 enim
1321 2082 1382 2135 Β.
1415 2082 1667 2139 Clemens
1703 2101 1862 2155 papa,
1910 2087 2074 2143 disci-

476 2168 661 2236 pulus
688 2176 745 2222 et
788 2184 1073 2226 successor
1103 2173 1473 2241 apostolorum
1508 2175 1562 2228 in
1597 2175 1833 2244 decretis
1854 2178 1969 2232 suis
1991 2187 2072 2234 te-

497 2266 692 2312 statur.
726 2258 881 2326 ltem,
911 2259 968 2315 S.
992 2260 1105 2317 Leo
1131 2277 1270 2332 papa
1297 2262 1635 2319 lPulcheriae
1664 2266 1919 2337 Augustae
1937 2271 2075 2324 scri-

499 2348 673 2405 bens:
711 2368 729 2401 ‹
765 2349 886 2419 Ipsa
909 2351 1104 2421 inquit,
1136 2352 1390 2408 catholici
1416 2354 1644 2424 symboli
1679 2356 1859 2413 brevis
1873 2366 1927 2413 et
1950 2374 2072 2429 per-

495 2438 635 2496 fecta
671 2439 942 2497 confessio
988 2443 1273 2499 duodecim
1309 2445 1678 2514 apostolorum
1725 2449 1945 2504 totidem
1987 2460 2074 2508 est

496 2530 709 2603 signata
743 2533 1046 2588 sententiis.
1090 2552 1111 2591 ›
1142 2533 1296 2601 Item,
1324 2536 1676 2594 beatissimus
1723 2538 1885 2594 Pater
1934 2540 2071 2595 Am-

497 2618 714 2675 brosius
739 2621 954 2686 clavem,
970 2624 1124 2692 regni
1153 2624 1417 2679 caelorum
1453 2625 1720 2694 deputans
1741 2643 1865 2683 esse
1908 2628 2070 2685 ﬁdem

496 2710 865 2779 apostolorum
896 2728 909 2764 :
949 2730 968 2764 ε
1003 2712 1244 2779 Clavem,
1268 2713 1463 2785 inquit,
1491 2714 1650 2770 istam
1674 2717 1908 2773 arbitror
1934 2716 2076 2775 duo?

494 2801 670 2855 decim
733 2800 1005 2857 artificum
1051 2804 1370 2872 Operatione
1412 2804 1721 2861 conflatam.
1774 2807 2069 2865 Duodecim

494 2890 639 2945 enim
659 2891 1023 2960 apostolorum
1056 2893 1302 2965 symbolo
1325 2895 1459 2950 fides
1486 2906 1741 2967 concepta
1765 2907 1866 2965 est,
1882 2914 2067 2970 quam,

495 2979 643 3033 velut
676 2980 839 3048 periti
861 2982 1117 3049 artifices,
1150 2983 1205 3036 in
1232 2997 1403 3037 unum
1441 2986 2069 3044 convenientesmlavem

496 3084 600 3124 suo
625 3070 854 3125 concilio
883 3064 1278 3128 conﬂaverunt.
1315 3093 1336 3125 ι
1358 3072 1471 3130 lloc
1498 3084 1583 3131 est
1612 3090 1741 3146 ergo
1766 3080 2070 3149 symbolum

495 3159 822 3215 catholicum
867 3160 992 3217 sive‘
1011 3161 1165 3223 ﬁdes,
1186 3164 1581 3233 apostolorum,
1604 3165 1721 3221 sine
1758 3168 1915 3239 cujus
1942 3185 2069 3239 pro-

495 3248 733 3305 fessione
759 3265 861 3306 nee
883 3251 1229 3323 baptizamur
1280 3270 1380 3309 nec
1408 3255 1476 3311 ad
1503 3256 1877 3325 pmnitentiam
1902 3276 2070 3316 cauo-

495 3341 618 3395 nice
642 3340 962 3411 recipimur;
996 3332 1165 3414 quam
1193 3350 1248 3398 et
1295 3341 1559 3416 quotidie,
1607 3362 1732 3402 cum
1772 3352 2068 3422 surgimus,

492 3431 645 3499 juxta
673 3432 1022 3488 traditionem
1052 3443 1370 3490 sanctorum
1403 3435 1648 3505 Patrum,
1673 3454 1953 3495 recensere
1977 3441 2070 3496 de-

498 3520 858 3576 bemusJiinc
876 3521 937 3577 Β.
959 3523 1298 3595 Augustinus
1319 3525 1374 3580 in
1395 3526 1584 3582 bomil.
1613 3529 1684 3585 45
1712 3547 1725 3582 :
1756 3548 1774 3580 ι
1792 3528 2067 3601 Nunquid,

497 3611 693 3679 inquit,
724 3600 942 3680 quando
962 3614 1172 3684 surgis,
1201 3630 1307 3670 non
1337 3623 1387 3672 te
1416 3618 1625 3672 vestis?
1653 3617 1744 3673 Sic
1762 3627 1824 3674 et
1841 3600 2070 3677 comme-

502 3700 765 3754 morando
799 3702 1104 3770 symbolum
1155 3712 1331 3771 tuum,
1382 3708 1516 3761 vesti
1541 3708 1777 3763 animam
1805 3692 1974 3774 tuam,
2003 3726 2071 3765 ne

504 3787 643 3842 forte
671 3803 791 3842 eam
824 3790 990 3845 nudet
1037 3792 1257 3860 oblivio,
1280 3803 1334 3847 et
1363 3809 1646 3851 remaneas
1670 3798 1870 3864 nudus,
1899 3807 1954 3853 et
1978 3800 2072 3854 fiat

499 3878 646 3947 quod
667 3878 745 3932 ait
765 3878 1077 3947 Apostolus,
1101 3880 1267 3951 (quod
1289 3882 1430 3937 absit
1453 3899 1482 3947 a
1508 3886 1654 3955 tet):
1682 3884 1748 3941 .St'
1776 3896 1947 3951 tamen
1985 3904 2071 3942 ve-

498 3970 633 4036 stiti,
664 3985 764 4022 non
787 3970 917 4023 nudi
939 3970 1020 4025 vel
1054 3972 1339 4040 exspoliati
1364 3970 1690 4027 itwenidmur
1709 3961 1798 4036 (Il
1810 3976 2023 4047 Conv).
2043 3998 2063 4031 ι

499 4059 690 4116 Vestiti
717 4077 846 4133 ergo
871 4063 1077 4118 erimus
1101 4063 1204 4118 fide
1226 4074 1431 4119 nostra.
1465 4064 1531 4119 Et
1564 4066 1678 4136 ipsa
1723 4067 1855 4125 fides
1897 4051 1952 4125 et
1980 4079 2067 4126 tu-

499 4151 618 4205 nica
643 4160 743 4204 cst‘
768 4157 821 4205 et
849 4150 1037 4205 lorica.
1065 4148 1290 4218 Tunica,
1326 4160 1515 4207 contra
1545 4152 1949 4224 confusionem;
1982 4157 2066 4212 lo-

498 4239 629 4307 rica,
651 4249 841 4297 coutra
871 4243 1269 4298 adversitatem.
1525 4242 1537 4248 ”
1991 4244 1994 4247 ’

566 4329 769 4389 Prteter
789 4333 906 4387 haec
946 4341 1148 4399 autem,
1180 4330 1591 4405 quinquaginta
1637 4337 1871 4406 capitula
1915 4339 2068 4396 inve-

500 4419 740 4485 niuntur,
787 4437 909 4490 qua:
959 4437 1198 4492 canones
1258 4426 1630 4492 apostolorum
1672 4426 2063 4495 inscribuntur,

492 4500 698 4578 quibus
725 4518 906 4569 tamen
931 4512 1144 4566 dilticile
1166 4515 1393 4568 credunt
1414 4516 1506 4584 qui
1538 4515 1593 4568 in
1637 4517 1910 4585 praedictis
1937 4532 2066 4586 apo-

2171 2068 2265 2136 qui
2302 2067 2375 2122 De
2392 2069 2695 2125 cauonihns
2724 2071 3093 2139 apostolorum
3121 2071 3260 2140 apud
3290 2070 3506 2126 Graecos
3545 2071 3753 2126 inseri-

2173 2159 2322 2213 bitur
2362 2174 2461 2229 pzo
2488 2161 2804 2231 apocrypho
2829 2161 3144 2231 deputavit,
3182 2162 3271 2216 cui
3306 2170 3362 2216 et
3389 2178 3487 2217 nos
3520 2173 3753 2217 contra.

2169 2250 2349 2305 dicere
2375 2266 2484 2305 non
2512 2252 2791 2318 debemus,
2821 2252 2949 2321 quia
2997 2252 3101 2307 hoc
3126 2267 3252 2307 eum
3297 2253 3414 2307 sine
3454 2269 3618 2307 causa
3663 2252 3755 2305 fe-

2170 2339 2309 2397 cisse
2341 2356 2448 2395 non
2473 2342 2765 2395 credimus.
2812 2341 3065 2398 Fortasse
3094 2343 3230 2409 liber
3258 2343 3348 2397 ille
3375 2343 3442 2398 de
3483 2342 3755 2412 capitulis

2171 2446 2292 2500 qua‘.
2330 2441 2383 2486 et
2408 2431 2597 2486 Patres
2637 2424 2956 2502 receperunt
2990 2433 3123 2487 nihil
3151 2433 3299 2499 dicit,
3329 2425 3444 2498 aut,
3493 2434 3542 2486 si
3579 2433 3753 2495 dit-it,

2104 2526 2105 2529 ‘
2169 2518 2416 2574 nonnihil
2457 2518 2774 2574 mendosum
2805 2519 3064 2574 annectit.
3100 2518 3253 2585 Quod
3298 2528 3476 2573 tamen
3515 2520 3756 2573 solatia

2168 2609 2417 2665 catholici
2440 2608 2746 2680 interpretis
2776 2611 3072 2681 prudenter
3097 2612 3255 2666 nobis
3293 2611 3347 2665 in
3380 2611 3571 2666 Latino
3599 2612 3751 2665 sub-

2168 2698 2362 2765 traxit,
2410 2699 2551 2754 sicut
2590 2700 2782 2755 beatus
2814 2699 3211 2771 Hieronymus,
3248 2717 3374 2755 cum
3416 2700 3755 2756 transferret

2168 2783 2475 2858 Origenem,
2508 2801 2649 2857 saepe
2689 2786 2883 2843 fecisse
2912 2796 3265 2842 monstratur.
3313 2786 3438 2853 Sed,
3472 2788 3757 2858 quidquid

2166 2879 2234 2934 de
2261 2880 2352 2933 illo
2374 2880 2511 2934 libro
2532 2879 2874 2954 conjiciatur,
2902 2865 3003 2932 nos
3024 2882 3202 2933 tamen
3232 2878 3320 2932 illa
3340 2878 3756 2949 quinquaginta

2167 2974 2402 3043 capitula
2424 3014 2439 3039 ,
2489 2989 2611 3043 quae
2632 2989 2744 3043 .per
2772 2982 3022 3028 sanctum
3064 2970 3395 3026 Clementem
3429 2970 3755 3025 Romanum

2166 3064 2475 3134 pontificem
2497 3079 2562 3118 ex
2583 3063 2771 3118 Graeco
2795 3060 3053 3118 translata
3073 3062 3322 3131 legimus,
3350 3063 3555 3130 absque
3579 3075 3759 3116 scru-

2163 3154 2297 3223 pulo
2341 3154 2582 3223 recipere
2630 3138 2969 3223 posSumus;
3007 3168 3129 3221 quae
3168 3160 3223 3205 et
3259 3160 3443 3205 sancta
3492 3150 3760 3203 Romana

2170 3242 2410 3298 Ecclesia
2435 3243 2689 3309 custodit,
2720 3228 2985 3321 nobisque
3013 3240 3365 3296 custodienda
3395 3240 3757 3311 pcr'bcatnm

2148 3334 2467 3411 _Adrianum
2516 3349 2707 3405 papam
2756 3332 3047 3388 mandavit.
3093 3333 3184 3386 Sic
3226 3331 3411 3400 itaque
3453 3329 3626 3385 multa
3676 3345 3763 3384 ex

2170 3424 2491 3498 apocryphis
2545 3425 2861 3494 deprompta
2919 3422 3092 3477 sancti
3149 3420 3336 3474 Patres
3383 3428 3715 3489 receperunt
3738 3461 3759 3482 ,

2168 3515 2312 3570 sicut
2347 3513 2516 3569 ludas
2544 3514 2822 3584 apostolus
2856 3514 2910 3567 in
2952 3512 3195 3586 Epistula
3229 3526 3329 3566 sua
3361 3510 3759 3564 testimonium

2167 3605 2235 3659 de
2280 3605 2560 3675 prophetia
2606 3603 2793 3657 Euocb
2826 3606 3162 3673 assumptum
3195 3598 3423 3668 recepit;
3457 3613 3629 3668 quam
3661 3610 3767 3655 ιιι-

2168 3709 2292 3748 men
2323 3695 2659 3763 prophetiam
2699 3687 2887 3749 sancta
2912 3684 3157 3747 Ecclesia
3182 3691 3339 3762 quasi
3369 3690 3762 3759 apocrypbam

2170 3782 2491 3852 repudiavit.
2524 3782 2848 3853 Apocrypha
2880 3790 3058 3836 autem
3089 3782 3195 3836 dici
3234 3779 3589 3835 ecclesiastici
3640 3780 3761 3834 do-

2169 3882 2345 3928 ctores
2390 3873 2643 3938 tradunt,
2689 3888 2800 3927 non
2842 3873 2969 3942 quia
3013 3871 3194 3925 omnia
3230 3869 3762 3949 mentiantur,qu

2168 3963 2295 4032 quia
2323 3957 2501 4017 dubiae
2518 3972 2581 4027 pet
2608 3971 2875 4032 suspecta:
2908 3958 3246 4029 auctoritatis
3271 3974 3394 4013 esse
3426 3958 3757 4015 vidcantur.

2168 4054 2302 4111 Nam
2331 4056 2628 4126 smpissime
2661 4057 2831 4111 multa
2875 4055 3137 4111 canonica
3180 4053 3296 4107 suis
3337 4051 3532 4106 muniis
3572 4053 3764 4108 intar-

2167 4152 2375 4211 serunt,
2402 4130 2524 4216 qtue
2556 4160 2896 4215 nequaquam
2925 4142 3187 4212 Catholici
3224 4158 3347 4197 cum
3383 4142 3591 4195 eisdem
3624 4158 3757 4196 nte-

2167 4236 2273 4294 niis
2310 4235 2543 4292 refutat:
2568 4236 2856 4292 debebunt.
2888 4235 3038 4292 Unde
3068 4243 3232 4304 supra
3258 4235 3437 4290 dictus
3465 4250 3605 4304 papa
3629 4235 3761 4290 Gc-

2141 4326 2375 4384 .la$ius:
2414 4345 2432 4377 ι
2464 4324 2743 4396 Nunquid,
2780 4328 2976 4398 inquit,
3009 4328 3063 4380 in
3087 4327 3328 4395 ipsorum
3350 4322 3758 4401 haereticerum

2166 4417 2318 4474 libris
2346 4418 2455 4471 non
2481 4417 2653 4491 multa
2698 4433 2820 4487 quae
2853 4418 2921 4473 ad
2971 4417 3251 4501 vetitatem
3285 4417 3599 4486 pertineant
3652 4433 3762 4487 po-

2165 4506 2269 4563 tita
2293 4506 2644 4577 releguntur?
2666 4506 3049 4578 Nunquidnam
3086 4509 3205 4561 ideo
3225 4508 3426 4561 veritas
3448 4507 3763 4564 refutanda

497 4597 762 4652 stolorum
787 4598 1008 4667 synodis
1042 4599 1175 4652 nihil
1196 4601 1262 4655 de
1284 4602 1369 4655 his
1392 4612 1875 4659 commemoratum
1914 4606 2063 4659 inve-
2096 4638 2142 4691 Β
2166 4606 2269 4661 est,
2299 4597 2427 4665 quia
2459 4595 2674 4653 illorum
2705 4599 2849 4664 libri,
2881 4597 2990 4652 .ubi
3035 4598 3272 4666 pravitas
3298 4597 3543 4691 interest,
3588 4596 3768 4652 requ-

497 4689 673 4742 niunt.
710 4685 814 4741 Sed
841 4696 896 4741 et
943 4687 1175 4756 plurima
1205 4698 1331 4742 sunt
1359 4698 1479 4759 quze
1499 4706 1564 4744 ex
1591 4693 1885 4759 apostolica
1911 4694 2067 4748 insti-
2096 4684 2132 4691 —
2166 4689 2381 4744 tantur?
2398 4690 2528 4754 Aut,
2550 4689 2670 4743 ideo
2691 4689 2837 4757 pravi
2862 4687 2984 4742 libri
3009 4684 3336 4755 suscipiendi
3366 4692 3498 4738 sunt
3516 4699 3762 4753 eorum,

496 4778 707 4833 tutione
744 4776 1075 4854 accepimus,
1121 4792 1243 4847 quae
1290 4787 1469 4831 tamen
1501 4779 1554 4831 in
1584 4779 1688 4834 illis
1721 4795 2065 4850 nequaquam

498 4868 823 4923 invenimus.
852 4865 961 4922 Nec
991 4867 1178 4939 utique
1203 4882 1423 4922 necesse
1446 4866 1549 4922 fuit
1584 4877 1644 4922 ut
1665 4870 1895 4937 apostoli
1942 4884 2065 4924 om-

498 4959 590 5011 nia
616 4959 974 5012 communiter
999 4958 1360 5024 instituerent,
1402 4973 1526 5013 cum
1554 4968 1609 5013 et
1643 4959 1956 5029 singillatim
1979 4968 2063 5015 ta-

502 5046 572 5100 lia
599 5046 880 5102 instituere
903 5056 1140 5117 possent,
1167 5049 1312 5128 sicut
1331 5049 1495 5104 etiam
1523 5048 1757 5104 Romani
1780 5050 2066 5120 pontifices

499 5150 565 5189 ex
591 5149 780 5187 eorum
817 5137 1135 5214 auctoritate
1148 5140 1334 5195 adhuc
1360 5138 1541 5195 facere
1562 5140 1758 5195 solent.

570 5224 712 5293 Ergo
753 5226 1046 5293 postposita
1094 5230 1452 5296 quorumdam
1503 5231 1897 5286 inconsiderata
1946 5232 2064 5302 cpi-

500 5317 683 5380 nione,
736 5328 840 5368 nos
903 5314 1077 5384 magis
1147 5307 1571 5383 apostolieorum
1630 5321 1894 5388 virorum,
1947 5321 2061 5377 Ro-

498 5418 784 5461 manorum
847 5405 1035 5473 utique
1108 5400 1420 5472 pontificum
1451 5400 1454 5404 ’
1488 5409 1818 5482 attestationi
1874 5412 2065 5466 creda-

410 5503 413 5506 ’
499 5511 622 5552 ntus
648 5536 664 5561 ,
702 5495 796 5565 qui
844 5494 1057 5564 singula
1111 5508 1248 5562 pene
1298 5494 1531 5563 capitula
1594 5496 1908 5550 earumdem
1961 5513 2055 5571 ca-

500 5601 704 5641 nonum
730 5585 1006 5657 apostolos
1034 5582 1336 5638 instituisse
1351 5583 1581 5652 sparsim
1610 5584 1666 5637 in
1691 5584 1921 5639 decretis
1940 5585 2055 5641 suis

499 5674 873 5728 testificantur.
884 5671 1086 5741 Nempe
1102 5659 1437 5743 Zephyrinus
1450 5687 1607 5742 papa,
1620 5688 1649 5726 a
1668 5672 1726 5726 Β.
1747 5671 1906 5728 Petro
1916 5672 2054 5740 XVI,

502 5764 777 5830 apostolos
817 5763 1157 5834 septuaginta
1192 5778 1430 5837 canones
1456 5761 1764 5820 condidisse
1799 5771 2053 5831 testatur;

501 5864 732 5920 quorum
775 5852 1163 5924 quinquaginta
1207 5861 1417 5909 tantum
1460 5853 1651 5912 beatus
1685 5853 1955 5921 Isidorus,
1998 5854 2056 5909 in

2158 4779 2293 4848 quia
2336 4779 2559 4843 veritas,
2589 4793 2712 4846 quae
2753 4778 2863 4832 illic
2906 4778 3116 4831 inserta
3166 4783 3269 4841 est,
3315 4791 3425 4830 non
3470 4781 3771 4847 negatur?

2164 4867 2256 4922 Ait
2310 4867 2602 4936 Apostolus
2639 4885 2653 4920 ε
2690 4865 2883 4921 Omnia
2933 4866 3179 4935 probate;
3209 4865 3346 4936 quod
3396 4866 3594 4919 bonum
3631 4880 3764 4935 est,

2167 4964 2331 5011 tenete
2370 4956 2424 5027 (Ι
2468 4956 2644 5010 Thess.
2683 4956 2765 5023 ιι).
2805 4955 2973 5027 Ergo,
3003 4957 3157 5026 juxta
3196 4956 3446 5011 eumdem
3506 4967 3765 5025 aposto-

2162 5047 2350 5114 licum,
2375 5056 2668 5117 utrumque
2689 5047 2949 5102 debemus
2974 5066 2987 5101 :
3023 5056 3077 5102 et
3096 5048 3295 5101 librum
3323 5046 3390 5100 de
3422 5050 3767 5103 canonibns

2166 5139 2535 5207 apostolorum
2566 5153 2664 5207 pro
2684 5139 2993 5209 apocrypho
3031 5136 3347 5207 repudiare;
3383 5142 3441 5187 et
3467 5135 3763 5215 capitula.

2164 5230 2213 5284 si
2236 5245 2341 5299 qua
2370 5229 2424 5282 in
2457 5229 2548 5282 illo
2576 5229 2642 5283 ad
2669 5229 2947 5283 veritatem
2978 5218 3317 5300 pertinentia
3356 5222 3765 5291 inveniuntur.

2164 5335 2270 5374 non
2298 5320 2594 5390 .reprobare
2624 5338 2636 5372 :
2662 5319 2773 5387 illa,
2803 5318 3056 5387 inquam,
3096 5313 3346 5377 minime,
3389 5309 3514 5382 qui
3555 5313 3765 5374 sancti

2162 5407 2349 5464 Patres
2410 5424 2509 5479 pro
2561 5409 2890 5463 authenticis
2933 5412 3286 5473 receperunt,
3330 5403 3444 5459 imo
3492 5420 3763 5476 quorum

2161 5502 2482 5556 auctoritate
2516 5516 2646 5557 suas
2677 5486 2990 5553 sanctiones
3026 5494 3323 5564 smpissime
3351 5495 3763 5553 firmaverunt.

2159 5586 2324 5643 Multa
2349 5591 2567 5659 quidem
2588 5597 2642 5642 et
2668 5589 2772 5641 alia
2802 5585 3077 5655 apostolos
3112 5585 3413 5641 instituisse
3431 5601 3557 5657 non
3578 5586 3767 5642 dubi-

2146 5685 2367 5744 tamus;
2391 5678 2515 5747 quae
2542 5685 2724 5730 tamen
2745 5675 2894 5728 nullo
2919 5690 3103 5729 eorum
3129 5675 3599 5745 speciali‘seripto
3620 5688 3769 5747 pro-

2160 5768 2397 5837 mulgata
2444 5766 2765 5834 reperimus.
2820 5763 2985 5838 Unde.
3022 5765 3645 5836 beatus-Augustinus,
3688 5763 3762 5819 in

2161 5858 2301 5911 libro
2342 5872 2358 5910 ι
2392 5863 2585 5911 contra
2612 5854 2940 5937 Donatistas,
2979 5875 3003 5908 «ι
3050 5858 3117 5912 de
3144 5856 3420 5926 baptisma
3451 5854 3640 5925 quod,
3664 5852 3733 5908 in

3836 5590 3902 6228 Α
