3956 6390
512 405 641 458 11³³1

1470 396 1559 451 AD
1593 392 1819 453 OPi'IlH
1863 392 1919 448 S.
1961 390 2288 447 cannon"
2328 390 2765 447 APl‘i-INltllIES.

3613 393 3757 449 ι-ὲοτι

502 519 939 572 ιίισςιιι·τ·ι1οιιριιςρ
962 515 1249 567 cmieilium
1276 513 1624 568 devotissime
1664 512 1941 573 invitatus,
1968 511 2067 563 hac

2175 516 2317 561 ctum
2351 523 2415 561 ex
2462 506 2654 560 litteris
2711 504 2978 573 majorum
3036 505 3330 561 didicimus
3389 507 3513 575 quia
3546 507 3761 560 Mea-ni

507 613 711 664 ratione
744 625 798 661 ..ρ
835 608 1119 660 excusavit
1140 605 1283 673 quod
1314 604 1517 658 nullum
1552 602 1673 657 inde
1706 602 2008 670 exemplum
2036 616 2065 654 a

504 701 991 772 pra-decessoribus
1028 698 1141 749 suis
1190 697 1474 764 acceperit.
1520 694 1593 747 lle
1635 693 1867 745 com-ilio
1907 693 2069 761 igitur

505 794 721 847 Mea-uo
746 791 801 843 S.
827 788 1144 841 .-\lllltl‘tt-.lll:i
1173 785 1584 839 Mediolaneusis
1607 784 1893 853 episcopus
1930 782 2067 834 seri-

482 884 641 937 'bens
673 899 684 933 :
727 900 744 931 ¢
779 880 895 931 Non
930 880 1184 938 humana,
1212 877 1403 945 inquit,
1453 874 1739 940 industria,
1771 888 1877 926 non
1916 888 2069 926 cotu-

503 956 772 1044 positione
808 970 984 1039 aliqaa
1021 985 1245 1019 itrcxvm
1286 967 1521 1037 epismpi
1556 967 1620 1020 ad
1653 965 1943 1019 concilium
1977 980 2069 1015 ve—

504 1073 723 1127 nerunt,
756 1062 847 1114 sed
898 1072 950 1113 ut
980 1060 1032 1112 iu
1077 1075 1303 1111 innuero
1342 1076 1527 1111 eorum
1562 1074 1654 1125 per
1697 1058 1908 1125 signum
1959 1071 2071 1107 suae

502 1153 773 1226 passionis
802 1161 850 1205 ct
884 1151 1119 1203 tmtttitlls
1147 1149 1404 1202 llouiiuus
1429 1148 1585 1201 .lesns
1612 1164 1712 1198 suo
1744 1147 1990 1214 probaret
2015 1162 2070 1198 se

501 1248 689 1301 adesse
716 1244 965 1297 concilio.
987 1243 1128 1294 (Zruv
1155 1242 1205 1294 in
1226 1258 1338 1299 ccc,
1367 1239 1421 1292 18
1456 1244 1647 1291 nom'en
1675 1238 1726 1291 iu
1752 1255 1780 1290 κ
1803 1248 1850 1290 et
1874 1254 2025 1305 11111⁵¹
2053 1247 2068 1289 t

501 1336 891 1390 saceriloti'lnts.
940 1353 955 1383 ο
990 1333 1116 1386 ltetn
1170 1331 1297 1391 Leo,
1334 1332 1425 1399 qui
1468 1347 1651 1399 supra,
1712 1329 1954 1381 scriln-ns
2005 1328 2067 1379 ad

500 1428 809 1482 Anatolium
826 1421 1890 1494 patriareluuuConstantiniipolitauum:
1915 1443 1929 1465 ι
1957 1417 2069 1481 llla,

500 1522 697 1589 inquit,
730 1517 1071 1570 Nlt'il‘illll'lllll
1100 1531 1369 1567 canonum
1405 1530 1498 1582 per
1524 1521 1771 1565 sanctum
1818 1526 1940 1563 vere
1981 1526 2070 1561 or-

498 1611 682 1664 dinata
723 1608 983 1677 Spiritum
1024 1606 1264 1658 conditio
1306 1605 1450 1658 nulla
1496 1617 1734 1671 "inpiam
1786 1609 1862 1653 cst
1920 1609 2072 1669 parte

499 1700 766 1754 solubilis.
812 1698 963 1750 Nuila
996 1698 1212 1749 sibimet
1246 1696 1312 1747 de
1350 1693 1802 1763 multiplicatione
1844 1708 2069 1761 congre-

499 1791 733 1859 gatiouis
811 1786 1087 1840 s-uoialia
1150 1784 1377 1840 concilia
1447 1784 1810 1838 blandiantur.
1887 1779 2071 1850 Neque

498 1894 728 1932 tt;t..‘.\'lll
777 1877 882 1928 ills
921 1874 1191 1945 episcopis
1236 1873 1631 1942 quantumlibet
1667 1871 1938 1940 copiosior
1969 1887 2071 1922 nu-

499 1984 682 2022 merus
713 1968 1051 2019 sacerdotum
1083 1966 1163 2016 vel
1186 1979 1500 2033 comparare
1526 1978 1582 2016 se
1601 1963 1793 2017 audeat
1824 1960 1905 2014 vel
1935 1977 2069 2028 pne-

500 2057 660 2121 l'erre,
719 2074 841 2111 cum
889 2065 1040 2110 tanto
1090 2054 1350 2109 divinitus
1399 2054 1683 2124 privilegio
1736 2051 1947 2107 Nicu'na
2001 2054 2070 2108 sit

495 2150 744 2222 synodus
768 2156 1109 2210 consecrata,
1145 2155 1223 2207 ut,
1260 2146 1374 2199 sive
1402 2161 1499 2213 per
1520 2144 1805 2213 pauciores
1832 2145 1945 2197 sive
1976 2160 2073 2213 per

497 2243 680 2311 plures
708 2238 1071 2293 ecclesiastica
1114 2236 1316 2306 judicia
1343 2237 1701 2297 celebrentur,
1747 2235 1891 2288 omni
1919 2235 2071 2304 petu-

501 2343 591 2387 tus
608 2340 745 2385 auct‘
772 2331 929 2384 ritate
948 2330 1262 2383 sitvaeuum
1286 2327 1549 2397 quidquid
1576 2327 1645 2381 ab
1671 2326 1883 2380 illorum
1910 2326 2074 2381 fuerit

497 2423 886 2477 ('ttttslllttllottc
914 2420 1210 2473 diversum.
1252 2437 1271 2469 ι
1330 2468 1334 2473 ,
1727 2482 1741 2493 .

570 2513 710 2567 Idem
741 2511 868 2565 alibi
910 2528 922 2563 :
980 2531 997 2560 ι
1033 2509 1241 2573 Sancti,
1294 2507 1503 2578 inquit,
1537 2509 1611 2561 illi
1644 2516 1697 2562 ct
1739 2505 2073 2561 venerabiles

498 2604 685 2658 Patres
714 2604 808 2673 qui
848 2603 901 2655 in
935 2601 1067 2655 urbe
1094 2599 1329 2664 Nicicna,
1359 2600 1623 2670 sacrilego
1650 2598 1783 2653 Ario
1806 2614 1933 2652 cum
1972 2613 2071 2652 sua

502 2698 775 2766 impietate
801 2696 1077 2758 daumato,
1102 2710 1393 2749 mansuras
1421 2710 1592 2762 usque
1624 2694 1678 2746 in
1701 2696 1860 2746 linem
1884 2692 2069 2745 mundi

499 2788 645 2857 leges
678 2788 1172 2841 ecclesiasticorum
1209 2801 1480 2839 canonum
1515 2785 1895 2849 condiderunt,
1927 2784 2069 2852 apud

500 2893 601 2933 nos
626 2878 765 2932 intra
800 2878 985 2931 orbem
1028 2887 1296 2931 terrarum
1340 2878 1392 2929 in
1436 2876 1552 2930 suis
1590 2874 2070 2929 constitutioailms

499 2970 717 3033 vivunt;
745 2979 795 3022 et
822 2968 866 3022 si
891 2967 1020 3036 quid
1045 2982 1275 3036 usquam
1305 2966 1461 3019 aliter
1499 2981 1663 3035 quam
1699 2965 1802 3033 ipsi
1832 2972 2071 3019 statuere

499 3060 868 3129 przesumitur,
900 3060 1015 3112 sine
1048 3058 1393 3113 cunctatione
1423 3067 1690 3111 cassatur.
1731 3077 1749 3107 ι
1867 3060 1872 3063 “

575 3151 648 3203 lix
683 3150 769 3205 his
810 3165 938 3219 ergo
972 3149 1220 3217 colligere
1261 3164 1551 3217 possumus
1600 3163 1763 3217 quam
1801 3147 2069 3200 indubita-
2098 3170 2140 3226 ε

503 3244 660 3296 bilem
702 3241 1055 3296 reverentiam
1087 3238 1319 3296 Νὶςςειιίε
1363 3241 1665 3295 cauouibus
1689 3240 1893 3310 jngiter
1918 3239 2065 3292 exhi-
2094 3278 2104 3281 μ

503 3337 627 3388 bere
669 3336 980 3388 debeamus.
1025 3333 1178 3401 Apud
1228 3349 1327 3386 nos
1367 3342 1546 3387 autem
1596 3332 1813 3386 Nic-auio
1842 3331 2072 3385 concilio

503 3423 691 3492 viginti
744 3423 919 3491 capita
970 3421 1361 3485 ascribuntur,
1403 3420 1654 3490 quamvis
1695 3420 1866 3473 multo
1917 3421 2071 3489 plura

501 3515 645 3568 illius
675 3511 889 3566 concilii
909 3511 1082 3580 capita
1105 3512 1460 3580 riqieriantnr.
1494 3509 1892 3564 Antiocheuum
1923 3509 2068 3562 enim

500 3604 790 3656 concilium
815 3644 829 3665 ,
857 3604 922 3653 de
952 3600 1179 3664 Pascha,
1219 3601 1289 3653 ibi
1336 3599 1526 3653 asserit
1571 3598 1879 3653 institutum
1915 3608 1981 3651 ne
2018 3600 2070 3652 in

506 3711 593 3748 χεν
626 3694 751 3747 luna
786 3696 929 3763 ;cum
960 3691 1161 3745 Judzeis
1199 3690 1521 3755 celebretur,
1554 3698 1613 3743 ut
1635 3687 2070 3743 Tcssarescaedc-

499 3787 713 3851 caditze,
761 3786 811 3838 id
842 3794 944 3848 est,
978 3783 1453 3850 Quartadeeimani
1486 3781 1721 3846 faciunt;
1769 3781 1862 3851 qui
1899 3781 2067 3835 etiam

504 3878 629 3930 inde
662 3891 855 3931 nomen
890 3891 1001 3928 sine
1043 3875 1235 3928 lucresi
1272 3873 1648 3926 condiderunt.
1684 3871 1812 3925 Item
1850 3882 2072 3926 sanctus

507 3968 839 4023 Athanasius
862 3966 1169 4035 patriarcha
1198 3963 1615 4028 Alexamlriuus,
1646 3964 1738 4033 qui
1769 3964 1821 4017 in
1852 3961 2071 4018 Nicmuo

502 4060 732 4116 concilio
764 4052 1331 4126 noiulum'episeopus,
1357 4055 1447 4109 sed
1471 4055 1781 4125 episcopatu
1805 4056 2071 4125 jam'tunc

503 4150 856 4219 dignissimus
902 4146 1165 4209 interfuit,
1207 4145 1369 4199 Felici
1410 4161 1563 4215 papa:
1589 4147 1836 4200 scribens
1875 4148 2071 4207 asserit

500 4240 645 4310 quod
677 4237 875 4293 Nieaeni
904 4238 1090 4292 Patres
1133 4236 1566 4302 constituerunt,
1595 4237 1737 4292 sicut
1772 4246 1826 4290 et
1860 4254 1961 4292 nos
1987 4256 2075 4293 su—

500 4347 596 4401 pra
628 4332 929 4393 retulimus,
955 4346 1021 4383 ne
1050 4329 1279 4383 concilia
1311 4330 1516 4398 alisque
1551 4339 1817 4384 sententia
1841 4328 2071 4384 Romani

503 4422 774 4493 pontiﬁcis
797 4421 1154 4475 celebrentur.
1191 4418 1318 4472 Item
1361 4418 1612 4473 Zosimus
1637 4436 1773 4489 papa
1795 4423 1862 4476 de
1887 4420 2072 4491 appel-

2172 595 2359 651 l’atres
2398 597 2484 650 illa
2527 606 2733 650 tantum
2784 595 2938 664 quasi
2994 597 3282 663 specialius
3325 597 3622 650 instituisse
3673 596 3757 651 le—

2172 698 2401 755 guntur;
2428 687 2632 756 reliqua
2655 702 2802 747 vero,
2835 687 3090 753 usquead
3116 688 3477 754 septuaginta,
3507 705 3612 741 non
3640 697 3762 742 tam

2173 779 2272 846 ipsi
2304 778 2671 847 primipaliter
2702 777 3003 830 instituisse
3033 778 3293 865 quam‘ab
3324 777 3444 829 aliis
3469 779 3581 846 jam
3616 794 3765 831 con-

2173 866 2419 920 ﬁrmasse
2449 867 2692 920 instituta
2727 866 3068 934 reperiantur
3102 883 3114 916 :
3151 864 3284 918 Nam
3324 866 3488 920 Osins
3541 868 3764 921 Cordu-

2172 955 2355 1008 bensis
2379 954 2686 1023 episcopus,
2712 955 2928 1006 aliunde
2955 954 3041 1007 illa
3063 965 3343 1007 nuunasse
3371 964 3425 1008 it
3454 956 3505 1009 in
3543 957 3763 1027 synodo

2174 1044 2429 1118 recitasse
2458 1044 2670 1112 legitur.
2708 1042 2835 1095 l‘Irat
2879 1044 3022 1095 enim
3069 1045 3408 1098 consuetudo
3438 1057 3758 1101 sanctorum

2173 1136 2392 1190 Patrum
2427 1137 2479 1189 in
2508 1136 2823 1203 hujusniodi
2852 1137 3119 1200 consiliis,
3155 1155 3262 1191 non
3305 1139 3480 1192 solum
3532 1138 3760 1209 propria

2175 1228 2474 1291 instituere,
2494 1229 2586 1280 St'tl
2618 1228 2847 1281 aliorum
2875 1237 3074 1297 statuta
3103 1233 3337 1285 liriuare.
3366 1230 3526 1285 Multa
3552 1234 3762 1302 quippe

2175 1321 2226 1372 in
2261 1321 2365 1372 illis
2398 1320 2679 1399 ventilarq
2707 1328 2760 1372 et
2798 1321 3050 1373 ventilata
3077 1332 3270 1388 pertrat
3292 1332 3405 1374 tare
3454 1338 3763 1378 consueve-

2176 1419 2327 1471 runt;
2356 1426 2476 1476 qnze
2524 1419 2702 1461 tamen
2756 1408 3125 1463 ecclesiastica
3181 1412 3516 1465 consuetudo
3560 1429 3760 1467 eorum

2173 1498 2460 1566 Spt't‘iulltts
2492 1498 2708 1550 statutis
2748 1514 3138 1552 annumcrasse
3192 1514 3299 1551 non
3351 1500 3635 1575 reperitur.
3664 1499 3763 1556 Sic

2175 1587 2357 1653 utique
2386 1586 2827 1641 tilialeedonensc
2869 1586 3160 1641 concilium
3195 1588 3363 1641 multa
3411 1604 3495 1657 pet
3564 1582 3760 1660 viginti

2172 1677 2285 1729 dies
2322 1687 2679 1745 .wrtraetasse
2697 1687 2750 1731 et
2777 1678 3132 1733 conﬁrmasse
3164 1681 3386 1750 legitur;
3418 1683 3505 1736 cui
3540 1692 3760 1737 [mnum

2173 1764 2511 1818 Solounnodo
2545 1766 2706 1819 unius
2734 1765 2839 1819 diei
2862 1775 3060 1820 statuta
3086 1770 3336 1822 videatur
3385 1773 3640 1839 ascripta.
3681 1771 3759 1827 Ita

2174 1870 2301 1925 ergo
2329 1865 2381 1909 et
2410 1854 2627 1909 Niczeno
2655 1856 2886 1909 concilio
2915 1871 3014 1910 sua
3048 1857 3305 1926 specialia
3356 1868 3553 1912 statuta
3599 1876 3728 1914 cum

2176 1958 2413 2016 [)t‘lt'lllt‘l'
2436 1947 2785 2013 ascribimus,
2819 1964 2918 2002 nec
2943 1959 3122 2003 tamen
3153 1950 3485 2003 attestatioui
3532 1960 3764 2005 sancto-

2172 2058 2293 2095 rum
2326 2041 2543 2095 l’atruttt
2593 2042 2660 2095 de
2690 2040 3031 2112 septuaginta
3075 2042 3346 2112 capitibus
3386 2044 3769 2099 contradicere

2171 2137 2450 2193 debemus.

2243 2230 2537 2287 l’raedietus
2566 2232 2729 2287 etiam
2751 2230 2915 2286 Osius
2944 2244 2996 2286 et
3025 2231 3319 2287 Januarius
3345 2233 3768 2292 Beneventanus

2169 2325 2457 2394 episcopus
2475 2339 2540 2377 es
2565 2324 2832 2392 legatione
2855 2323 3002 2378 sedis
3020 2326 3335 2394 apostolica-
3360 2327 3544 2379 eadem
3573 2330 3764 2397 capita

2172 2415 2227 2467 in
2260 2413 2568 2468 Sardicensi
2629 2412 2867 2469 concilio
2924 2423 3110 2482 postea
3161 2412 3411 2467 lii-tuasse
3468 2414 3755 2486 1.:guntur.

2174 2509 2367 2563 Beatus
2392 2497 2608 2578 quoque
2639 2507 2876 2561 Isidorus
2898 2507 2952 2560 in
2983 2508 3207 2578 prologo
3233 2523 3334 2562 suo
3354 2509 3422 2561 de
3451 2510 3764 2563 canonilms

2170 2598 2526 2668 quzestionem
2554 2595 2894 2666 septuaginta
2925 2596 3164 2665 mpitnm
3197 2612 3322 2649 cum
3378 2599 3764 2668 magnitudine

2170 2689 2415 2758 ejusdem
2446 2687 2660 2742 concilii
2687 2687 2807 2741 libri
2834 2697 3081 2752 excusat,
3112 2701 3274 2756 quem
3314 2686 3470 2741 libris
3522 2698 3768 2758 quatuor

2173 2776 2584 2846 livangeliornm
2615 2776 2758 2846 apud
2779 2775 3000 2831 Graecos
3042 2791 3196 2846 :cque
3221 2793 3482 2848 maguum
3504 2777 3765 2836 aﬂirmat.

2174 2864 2465 2919 Sciendum
2505 2875 2684 2919 autem
2715 2865 2860 2934 quod
2900 2865 2952 2918 iu
2984 2864 3194 2919 Latinis
3219 2866 3621 2936 exemplaribus
3646 2883 3764 2923 non

2170 2956 2671 3010 omniumcccsviu
2710 2953 2932 3008 Patrum
2983 2956 3206 3008 nomina
3263 2957 3612 3025 reperiuntur
3660 2952 3763 3028 qui

2172 3051 2350 3100 Ianum
2384 3044 2438 3100 in
2464 3044 2682 3101 Nica'uo
2701 3045 2934 3100 conicilio
2968 3046 3441 3116 subscripserunt:
3469 3063 3594 3109 nam
3636 3062 3764 3105 stu-

2171 3135 2311 3189 diosi
2344 3137 2485 3189 servi
2522 3134 2637 3199 Dei,
2672 3142 2728 3188 ut
2759 3134 2975 3204 legitur,
2999 3150 3109 3189 non
3169 3145 3280 3190 tam
3329 3134 3766 3195 Occidentalium

2176 3245 2339 3297 quam
2361 3227 2715 3283 Orientalium
2747 3226 2969 3282 Patrum
3002 3230 3221 3283 nomina
3250 3232 3593 3288 conscribere
3650 3245 3768 3291 stu-

2172 3318 2446 3381 duerunt;
2488 3319 2615 3388 quia
2632 3309 3012 3379 Occidentales
3043 3334 3151 3373 non
3199 3320 3452 3377 similiter
3499 3326 3769 3395 quastio-

2172 3426 2295 3463 uem
2320 3412 2386 3465 de
2413 3412 2711 3465 haeresibus
2734 3410 3061 3466 habuerunt.

2244 3502 2553 3556 Secundum
2601 3512 2781 3556 autem
2841 3503 3058 3556 illorum
3107 3513 3347 3573 quatuor
3374 3508 3765 3577 conciliorum,

2170 3590 2848 3660 (Ionstantinopolitauum,
2905 3606 2936 3645 a
2997 3606 3061 3646 (ξι,
3109 3590 3360 3649 Pati-ibus
3401 3595 3644 3651 habitum
3680 3610 3769 3654 cst

2170 3694 2359 3738 contra
2412 3683 2787 3740 Macedoniam
2851 3685 2996 3742 illius
3062 3689 3207 3743 sedis
3258 3691 3602 3761 episcopum,
3665 3700 3764 3766 qui

2172 3777 2434 3848 Spiritum
2458 3789 2705 3835 sanctum
2729 3780 2896 3836 Deum
2919 3796 3042 3836 esse
3066 3783 3315 3852 negabat,
3340 3800 3446 3838 πει
3471 3802 3741 3843 ccccsvm

2170 3867 2678 3935 temporeGratiaui
2723 3879 2776 3923 et
2819 3868 3113 3925 Theodossi
3156 3872 3488 3942 principum,
3538 3854 3763 3934 Damasi

2171 3976 2354 4031 papae,
2408 3960 2592 4033 Cyrilli
2655 3953 3148 4035 llierosolymitaui,
3213 3964 3448 4021 Nectarii
3493 3968 3767 4027 Constan-

2170 4044 2545 4118 linopolitani,
2600 4047 2872 4104 Timothei
2931 4050 3302 4105 Alexandrini.
3357 4051 3416 4106 ln
3458 4069 3573 4122 quo
3624 4071 3763 4110 eou—

2171 4144 2328 4207 cilio,
2361 4141 2737 4197 condemnatis
2787 4141 3045 4196 omnibus
3099 4142 3417 4209 lueresibus,
3449 4147 3763 4217 symbolum

2171 4238 2404 4295 traditur
2424 4254 2535 4309 quo
2558 4248 2669 4293 tota
2701 4237 3013 4294 amcorum
3052 4248 3107 4295 et
3136 4239 3456 4297 Latinorum
3487 4245 3765 4302 confessio

2173 4333 2230 4385 in
2256 4330 2515 4385 Ecclesiis
2542 4329 2705 4383 modo
2743 4329 2937 4395 utitur,
2969 4338 3190 4399 tresque
3217 4333 3289 4386 ibi
3326 4349 3569 4391 canones
3600 4338 3761 4394 iusti-

2174 4428 2422 4475 tuuutnr.
2455 4416 2570 4471 lloc
2592 4432 2723 4488 ergo
2773 4418 3080 4489 symbolum
3126 4418 3431 4478 Orientales
3488 4426 3761 4495 primum,

503 4511 795 4565 latiouibus
828 4511 1207 4580 episcoporum
1246 4520 1505 4565 statutum
1538 4508 1820 4564 atlinnavit
1843 4512 1896 4565 in
1936 4528 2086 4567 eom-
2117 4502 2163 4557 Ι)
2186 4508 2379 4564 deinde
2424 4507 2798 4565 Occidentales
2858 4507 3205 4580 frequentare
3255 4524 3558 4583 cmperunt.
3607 4515 3767 4575 Unde

504 4593 796 4658 mouiton'o
842 4601 987 4670 quod
1033 4599 1225 4670 legatis
1268 4602 1383 4656 suis
1413 4603 1479 4656 ad
1520 4600 1837 4657 Africanum
1885 4604 2070 4658 conci-

502 4692 637 4746 lium
677 4692 909 4757 direxit;
952 4690 1192 4747 Al‘ricani
1229 4701 1408 4746 tamen
1437 4690 1626 4746 Patres
1653 4709 1712 4747 se
1746 4689 1929 4750 hocin
1954 4697 2070 4751 suis

502 4782 904 4852 exemplaribus
951 4797 1067 4835 non
1095 4782 1367 4839 invenisse
1409 4783 1691 4854 protestati
1741 4794 1886 4840 sunt.
1938 4786 2071 4854 Quae

504 4873 691 4942 utique
718 4870 1044 4941 exemplaria
1071 4887 1177 4925 non
1201 4874 1305 4929 nisi
1331 4875 1518 4946 viginti
1545 4876 1721 4947 capita
1743 4877 2069 4944 habuerunt,

504 4962 648 5018 sicut
689 4973 742 5017 ct
770 4962 859 5017 illa
900 4978 1021 5033 qua:
1066 4961 1167 5033 ipsi
1209 4974 1395 5034 postea
1453 4967 1523 5020 ab
1556 4966 1922 5023 Orientalibus
1953 4971 2072 5039 epi-

504 5051 685 5124 scopis
747 5067 846 5122 pro
903 5053 1223 5112 auctoritate
1270 5065 1673 5113 umtuaveruut.
1718 5058 1848 5114 Item
1897 5060 2074 5117 Julius

511 5159 646 5213 sapa
669 5152 862 5214 pneter
884 5143 1070 5216 viginti
1095 5145 1248 5215 plura
1273 5142 1348 5200 illi
1374 5147 1609 5202 concilio
1632 5148 1855 5203 ascribit
1872 5151 2072 5220 capita,

504 5247 627 5303 qua:
678 5242 858 5286 tamen
910 5234 962 5288 in
1004 5234 1245 5305 antiquis
1291 5236 1653 5293 decretalibus
1698 5237 2068 5297 Reiiiauorum

507 5322 794 5386 )rtcsulum
827 5325 1187 5392 reperiuntur,
1217 5324 1360 5379 unde
1396 5324 1449 5378 in
1479 5324 1756 5383 Niemuum
1777 5329 2067 5385 concilium

503 5411 764 5467 translata
792 5412 1103 5468 creduntur.
1946 5408 1947 5411 “

576 5501 869 5558 Praalictus
888 5506 1053 5559 etiam
1103 5505 1433 5574 patriarcha,
1466 5508 1674 5564 scilicet
1718 5510 2074 5583 Athanasius,

502 5586 787 5647 etllarcus
810 5606 945 5661 papa
967 5590 1308 5673 septuaginta
1354 5594 1500 5652 illius
1546 5598 1760 5654 concilii
1807 5611 2100 5660 asserunt.

502 5695 622 5736 esse
673 5682 880 5752 capita,
919 5683 1168 5749 quamvis
1209 5684 1398 5755 viginti
1454 5696 1661 5743 tantum
1689 5705 1833 5746 nunc
1872 5706 2071 5761 usque-

503 5785 715 5843 quaque
741 5773 813 5827 illi
838 5770 1067 5826 concilio
1088 5772 1446 5829 ascribantnr.
1479 5774 1589 5845 lloe
1620 5788 1800 5835 autem
1824 5779 1944 5833 ideo
1986 5780 2065 5834 fa-

2177 4599 2353 4661 saneti
2383 4596 2572 4653 Patres
2602 4597 2657 4652 in
2701 4608 2898 4668 quarto
2933 4598 3197 4654 Toletano
3217 4603 3454 4658 concilio
3502 4609 3767 4664 statuisse

2175 4695 2458 4768 leguntur,
2491 4705 2734 4769 tempore
2768 4701 2986 4755 tandem
3014 4699 3214 4774 Pelagii
3244 4719 3418 4777 papa),
3452 4717 3513 4763 ut
3533 4709 3590 4764 in
3610 4711 3765 4769 omni

2178 4786 2459 4843 Dominica
2489 4790 2812 4845 recitaretur
2844 4790 2898 4845 iu
2929 4793 3181 4850 ecclesiis
3221 4810 3373 4853 more
3401 4797 3763 4859 Orientalium

2178 4879 2567 4938 Ecclesiarum.
2602 4882 2805 4940 Deinde
2838 4882 2976 4940 Galli
2998 4895 3055 4942 et
3084 4888 3342 4946 Germani
3374 4907 3440 4949 ex
3467 4896 3765 4954 traditione

2176 4973 2420 5043 ejusdem
2450 4975 2666 5030 concilii
2695 4976 2874 5046 ipsum
2930 4987 3213 5038 mutuasse
3274 4983 3593 5052 creduntur,
3633 5001 3763 5045 cum

2172 5063 2419 5118 eamdem
2466 5065 2879 5121 translationem
2926 5079 2981 5126 et
3029 5072 3210 5130 adhuc
3279 5088 3419 5144 pene
3462 5079 3624 5148 sequi
3677 5081 3764 5137 vi-

2171 5152 2421 5207 deantur.
2446 5152 2581 5209 Nam
2611 5165 2735 5226 post
2754 5155 3160 5215 damnationem
3184 5160 3381 5217 Felicis
3415 5163 3677 5236 hazretiei,
3702 5179 3766 5227 ut

2170 5242 2383 5312 legitur,
2407 5246 2625 5301 tandem
2643 5247 2746 5303 sub
2769 5246 2968 5304 (Samio
2987 5251 3312 5320 imperatore
3330 5253 3437 5309 hoc
3456 5255 3511 5310 in
3531 5273 3638 5314 usu
3661 5257 3766 5317 ltu-

2171 5334 2298 5388 bere
2347 5347 2649 5406 cmperunt;
2688 5350 2910 5410 propter
2956 5340 3246 5399 haereticos
3290 5343 3438 5402 illius
3470 5347 3760 5423 temporis,

2177 5425 2270 5496 qui
2303 5430 2707 5496 processioncm
2738 5428 2977 5500 Spiritus
3021 5436 3194 5491 sancti
3229 5437 3298 5492 de
3326 5436 3467 5492 Filio
3521 5453 3763 5511 negave-

2175 5526 2326 5584 runt,
2366 5518 2616 5576 videlicet
2642 5530 2702 5576 ut
2739 5522 2862 5577 illos
2908 5538 3007 5593 per
3058 5524 3240 5597 ipsum
3283 5527 3600 5598 symbolum
3651 5545 3762 5588 con

2173 5602 2480 5672 funderent,
2511 5621 2636 5660 eum
2669 5607 2722 5662 in
2763 5607 2856 5662 illo
2880 5611 2971 5680 qui
3028 5628 3094 5667 ea:
3139 5611 3302 5666 Patre
3330 5611 3580 5686 Filioque
3614 5631 3771 5688 .prog

2170 5697 2306 5749 cedit
2355 5704 2465 5749 tam
2506 5705 2691 5764 aperte
2744 5699 3003 5757 dicerent.
3032 5700 3137 5757 Sed
3184 5701 3313 5773 quia
3376 5720 3580 5762 nomen
3634 5700 3764 5764 Filii

2173 5784 2225 5837 iu
2254 5785 2581 5841 antlieuticis
2618 5791 3021 5860 exemplaribus
3053 5808 3121 5849 uc
3141 5810 3396 5866 .uaquam
3442 5797 3765 5859 invenieba-

3584 5986 3892 6290 at
