3956 6380
189 463 309 517 iﬁlli

1071 456 1354 510 ΛῐῬΕΝΙὶ.
1403 453 1484 505 lll.
1529 483 1594 490 ~—
1637 449 1806 501 λιθκι
1835 446 2061 498 λΗιΖΝΤᾹ
2105 446 2564 502 (ἰΙὶΙὶΩΟΠΙᾹΝᾹ.

3287 452 3309 504 1
3320 450 3426 504 202

179 587 283 637 tur,
325 574 502 641 ipuim
543 573 702 624 etiam
740 571 1040 640 symbolum
1068 585 1188 619 eum
1246 568 1334 619 Iali
1389 566 1748 618 azlditzmiento

1856 560 1981 608 scim
2015 559 2166 611 simis
2196 569 2250 610 et
2272 558 2563 614 Larentius
2586 561 2914 629 episcopi,ct
2943 561 3248 618 Bonifacius
3272 580 3442 640 pres.-1

177 666 393 719 rccitart
430 665 758 718 venerabilis
797 663 902 714 1.ι-υ
937 677 1068 730 papa
1098 662 1184 712 illo
1212 672 1448 726 tempore
1482 657 1757 723 prohibuit

179 772 240 806 :-o
292 755 437 825 quod
499 756 671 807 Sallcli
706 753 892 806 l’atres
945 750 1252 817 hujusmodi
1307 749 1658 815 :nljeetiouein
1703 746 1753 795 in

175 849 441 902 <vmbolis
493 847 710 916 penitus
775 845 1165 914 prohibuerint.
1237 840 1463 893 Boiiiaui
1540 853 1755 906 quoque

173 959 351 1014 usqu:-
375 946 439 998 a-.l
476 955 717 1012 tempora
747 942 882 994 diva:
907 938 1179 992 memoria‘
1213 935 1424 989 lleurici
1455 935 1608 1002 primi
1655 933 1754 984 im-

176 1040 442 1106 peratoris
479 1056 543 1089 co
568 1037 811 1107 symbolo
855 1035 928 1086 uti
963 1032 1267 1084 noluerunt.
1300 1029 1402 1082 Sed
1459 1028 1594 1081 idem
1655 1026 1752 1077 im—

177 1137 398 1194 perator
426 1128 530 1178 hoc
569 1146 597 1178 a
645 1125 890 1176 Iiomano
947 1121 1198 1190 portilice.
1227 1117 1550 1186 impetravit,
1583 1125 1638 1168 ut
1700 1126 1753 1170 et

178 1213 407 1265 Romani
439 1211 590 1272 illud,
629 1227 778 1262 more
819 1208 1072 1270 aliorum,
1104 1207 1471 1267 decantarent,
1502 1207 1640 1257 sicut
1664 1220 1751 1256 vc—

171 1301 454 1353 ncranzlus
479 1300 650 1352 abbas
678 1298 856 1352 Berno
884 1297 1180 1352 tcstaturin
1206 1297 1343 1350 libro
1368 1312 1468 1350 suo
1495 1295 1566 1348 De
1600 1295 1749 1348 insti-

172 1393 386 1446 tutione
419 1395 734 1446 missarum.

240 1484 505 1548 Quamvis
531 1493 709 1536 autem
736 1480 1011 1535 Nicmnum
1039 1481 1338 1552 symbolum
1375 1481 1594 1549 majoris
1617 1496 1747 1533 aue-

169 1575 406 1627 toxitatis
437 1591 558 1627 esse
592 1575 836 1626 videatur
870 1591 1033 1642 quam
1069 1573 1745 1640 (linistuutinopzditannm,

167 1680 268 1715 nos
300 1673 482 1716 tamen
511 1663 1174 1732 Constzmtinopolitanum
1223 1665 1394 1729 magis
1419 1665 1470 1715 in
1511 1664 1744 1716 l-Ieclesia

168 1768 279 1804 nou
349 1754 624 1806 immerito
687 1753 1112 1822 frequentamus.
1166 1754 1297 1808 Nam
1356 1756 1408 1807 in
1447 1754 1537 1806 illo
1595 1757 1744 1823 plura

165 1853 358 1896 contra
436 1845 720 1898 inc-retices
785 1846 1086 1898 necessaria
1142 1863 1305 1914 quam
1389 1847 1440 1898 in
1529 1845 1745 1897 Nico-no

165 1934 504 2001 reperimus,
537 1937 662 2003 quia
709 1945 898 1989 contra
959 1938 1188 1990 Ariaros
1251 1939 1553 2004 Specialiter
1610 1939 1737 2006 agit.

165 2023 273 2078 Nec
348 2034 428 2077 tot
511 2026 808 2080 lnercsibus
884 2036 1018 2094 quot
1075 2028 1741 2097 Colistantinopolitaaum

163 2116 282 2168 suis
346 2116 632 2170 sententiis
680 2116 933 2170 obviavit.
1001 2117 1056 2171 In
1111 2119 1201 2171 illo
1224 2120 1366 2172 enim
1415 2121 1480 2173 de
1536 2125 1741 2175 unitate

163 2205 424 2259 l-Jcelesize
448 2207 559 2259 sive
577 2207 848 2274 baptismi,
873 2208 938 2260 dc
961 2211 1355 2263 msurrectionc
1382 2223 1737 2274 mortuorum,

162 2304 212 2348 et
242 2297 352 2349 vita
388 2298 556 2350 futuri
588 2300 771 2352 seculi
812 2300 1061 2364 habetur,
1093 2302 1236 2368 quod
1290 2302 1342 2354 iu
1377 2301 1592 2355 Memno
1635 2321 1739 2357 non

163 2393 458 2458 reperitur.
489 2390 708 2447 Plenius
730 2394 894 2447 etiam
920 2396 1030 2462 agit
1051 2395 1116 2448 de
1143 2395 1344 2464 Spiritu
1371 2409 1557 2451 sancto
1576 2415 1738 2468 quam

162 2479 481 2546 Ni-asnum;
512 2483 650 2538 unde
670 2493 724 2538 et
756 2486 1090 2539 nostratibus
1117 2488 1458 2554 potissimum
1484 2492 1535 2544 iu
1581 2508 1738 2546 usum

161 2573 381 2626 venisse
432 2575 712 2627 asseritur.
755 2573 1044 2630 Sciendum
1103 2587 1284 2632 autem
1331 2577 1462 2650 quia
1503 2599 1600 2638 nos
1632 2601 1738 2639 non

157 2661 340 2713 Sultttll
365 2679 562 2716 nomen
591 2663 708 2717 Filii
727 2664 792 2720 de
812 2681 922 2734 quo
945 2668 1310 2735 praediximus,
1331 2673 1422 2726 sed
1445 2676 1738 2743 multaalia

161 2752 212 2805 in
247 2755 444 2808 eodem
484 2757 758 2827 symbolo,
793 2761 1062 2830 praecipue
1100 2778 1164 2816 ex
1214 2762 1429 2820 Nicreno
1469 2769 1735 2837 symbolo,

158 2846 403 2913 adjicere
449 2847 706 2914 solemus,
727 2856 817 2916 ‘ut,
855 2850 1018 2904 Deum
1045 2853 1129 2908 de
1166 2853 1295 2920 Deo,
1321 2855 1495 2910 lumen
1535 2857 1598 2911 de
1649 2859 1735 2912 lu-

160 2935 326 2996 mine;
387 2936 441 2988 in
490 2953 598 3006 quo
635 2923 814 2993 tamen
866 2956 972 2994 non
1027 2943 1160 2996 adeo
1201 2947 1563 3014 peccavimus,
1613 2966 1734 3003 cum

159 3024 410 3080 Romana
457 3027 694 3083 Ecclesia
735 3032 846 3100 jam
909 3049 1015 3086 non
1059 3037 1418 3101 contradicat,
1452 3040 1560 3092 imo
1612 3057 1734 3095 cum

157 3130 210 3174 et
257 3124 376 3191 ipsa
422 3122 731 3192 hujusmadi
777 3112 1110 3196 adjectioucs
1147 3129 1433 3185 admittere
1483 3149 1590 3188 non
1648 3151 1734 3189 re-

160 3225 314 3270 nuat.

224 3305 475 3360 Tertium
521 3304 647 3364 vero
700 3311 1006 3367 universale
1031 3315 1318 3369 concilium
1352 3317 1549 3389 Ephesi
1580 3321 1734 3374 habi-

156 3405 267 3452 tum
292 3410 382 3454 est
412 3417 440 3453 a
469 3418 528 3454 cc
562 3402 810 3459 Patribus
837 3416 1028 3461 contra
1057 3407 1364 3480 l‘lestorium
1419 3413 1733 3469 Constanti-

159 3489 531 3558 nopolitanum
563 3493 904 3563 episcopum,
930 3483 1262 3564 qui/dicebat
1291 3498 1346 3553 S.
1367 3499 1589 3557 Mariam
1620 3503 1735 3558 Vir-

105 3639 108 3642 λ
155 3579 332 3648 ginem
362 3598 469 3634 non
497 3582 713 3649 Dei,sed
739 3587 973 3641 hominis
1002 3568 1375 3644 lantummodo
1395 3594 1730 3663 genitricem,

157 3679 212 3723 ut
237 3672 408 3725 aliam
444 3689 729 3742 personam
787 3679 987 3742 carnis,
1021 3681 1181 3734 aliam
1240 3682 1440 3738 faceret
1493 3685 1729 3754 deitatis,

154 3774 257 3813 atra
287 3777 609 3829 ccchvvm,
643 3775 882 3835 tempore
913 3768 1203 3823 Theodosii
1232 3770 1493 3838 Junioris,
1527 3775 1582 3828 S.
1617 3775 1735 3830 Cu:-

156 3854 335 3909 lestini
371 3874 538 3926 papae,
562 3861 744 3928 (lyr-illi
769 3863 1136 3929 Alexandrini,
1166 3865 1439 3922 Juvenalis
1462 3871 1730 3925 Constan-

155 3952 500 4018 tinopolitani
528 3954 1069 4030 [llierosolymitaui].
1097 3959 1150 4013 lu
1172 3964 1522 4030 qnoconc'rlio
1543 3972 1736 4020 contra

155 4037 471 4095 Nestorium
507 4043 789 4098 duodecim
819 4048 995 4114 capita
1029 4049 1273 4104 instituta
1302 4062 1448 4117 sunt,
1485 4069 1605 4123 qua:
1631 4071 1730 4110 sa:-

155 4130 385 4196 pissime
410 4130 467 4184 ll.
499 4131 699 4202 Cyr-illo
727 4138 1093 4193 ascribuntur.
1142 4139 1278 4194 Huic
1334 4145 1540 4211 synodo
1569 4146 1726 4215 legati

154 4234 208 4272 se
230 4220 294 4273 iis
358 4223 667 4290 apostolica:
703 4224 840 4278 idem
871 4225 1124 4297 Cyrillus,
1151 4239 1203 4283 et
1233 4230 1494 4286 Arcadius
1522 4236 1730 4303 cpisco-

154 4329 252 4381 pus
279 4332 352 4369 ex
385 4315 532 4370 Italia
582 4319 699 4372 vice
731 4320 786 4373 S.
817 4321 1092 4377 Cwlcstmi
1126 4341 1272 4393 pap;e
1299 4326 1645 4394 ρι’ίυΐυυγιιιιι,
1675 4344 1728 4389 et

153 4399 324 4466 ipsam
389 4405 681 4470 apostolica
737 4408 1053 4462 auctoritate
1083 4411 1484 4465 roboraverunt.
1519 4415 1594 4466 Ad
1629 4415 1726 4470 hoc

151 4493 450 4546 concilium
477 4494 536 4547 Β.
564 4494 898 4566 Augustinus
933 4515 1026 4568 per
1061 4517 1270 4555 sacram
1314 4501 1598 4558 Theodosii
1625 4507 1722 4558 im-
1758 4538 1801 4590 υ
1829 4493 1988 4589 hquis
2039 4522 2359 4588 μέλπω-(τως
2415 4523 2754 4591 ρ,.οηι(,ι.(.ιη,.

152 4585 425 4650 peratoris
453 4586 709 4642 invitatus
738 4590 948 4660 legitur,
979 4591 1071 4644 sed
1102 4593 1248 4658 prius
1285 4593 1396 4662 ipse
1425 4597 1490 4648 azl
1542 4595 1724 4649 Domi-

126 4687 284 4727 'num
335 4675 593 4741 migravit
642 4696 804 4748 quam
865 4681 931 4734 ad
993 4682 1167 4751 ipsum
1215 4684 1439 4751 epistola
1495 4685 1732 4741 Romani

153 4764 417 4832 principis
458 4770 777 4834 pervenerit.

221 4853 490 4918 Quartum
508 4857 810 4913 universale
822 4862 1108 4914 concilium
1124 4861 1461 4918 Chalcedone
1475 4866 1714 4922 habitum

151 4953 230 4994 est
258 4960 284 4995 a
323 4961 497 4997 ncxxx
534 4945 779 5001 l’atribus
806 4960 993 5004 contra
1025 4951 1713 5021 Eutychen:Constantino-

153 5036 447 5100 politanum
500 5036 777 5102 abbatem,
841 5042 933 5109 qui
976 5045 1207 5096 asseruit
1253 5045 1549 5114 Christum,
1596 5063 1714 5118 post

154 5123 441 5179 humanam
495 5128 948 5195 assumptionem,
989 5148 1094 5186 non
1133 5150 1200 5188 ex
1245 5137 1455 5194 duabus
1506 5143 1713 5197 naturis

152 5215 467 5274 Consiszere.
500 5219 591 5272 sed
624 5219 796 5272 solum
823 5220 873 5271 in
903 5236 968 5274 eo
987 5221 1222 5276 divinam
1255 5241 1707 5293 peruranere,2era

152 5316 503 5370 CCCCLXXle,
533 5308 819 5379 [tempore]
855 5309 1104 5363 Marciani
1130 5315 1409 5386 principis,
1431 5319 1487 5370 S.
1513 5320 1708 5376 Leonis

151 5410 317 5464 papce,
343 5399 621 5457 Juvenalis
654 5406 1142 5476 llierosolyinimiii,
1174 5408 1406 5462 Anatolii
1434 5412 1706 5468 Constan-

154 5484 512 5555 tinopolitani.
546 5489 604 5544 In
629 5510 740 5564 quo
767 5497 994 5549 concilio
1033 5497 1215 5566 viginti
1249 5509 1449 5564 septem
1483 5518 1720 5560 canones

151 5581 479 5631 statuuntur.
512 5577 646 5640 Huic
676 5586 878 5650 synodo
923 5586 1080 5656 legati
1123 5589 1263 5641 sedis
1292 5592 1595 5656 apostolico
1616 5594 1717 5650 Pa-

220 5704 462 5780 (__l058{!}
490 5725 771 5775 cctxxxrx,
801 5716 920 5768 viuc
953 5717 1201 5772 Bellarm.
1233 5723 1318 5772 lib.
1359 5740 1368 5772 ι
1401 5721 1469 5771 De
1493 5728 1708 5780 «animiin

153 5775 389 5840 c.".i,scd
442 5777 736 5835 Beroaldus
777 5785 1020 5849 sequitur
1075 5789 1292 5854 Beatam,
1343 5793 1596 5850 Adonem.
1662 5809 1708 5849 ct

1782 1889 1818 1941 li

1862 635 2154 716 il}lt‘l'.\'it't‘.
2187 650 2241 700 ὃ.
2273 650 2463 703 Leonis
2489 667 2636 720 papae
2664 653 3022 720 pra'fucrunt;
3044 656 3136 722 qui
3165 666 3427 710 ctstatuta

1859 744 2000 794 illius
2033 745 2219 812 synodi
2255 747 2693 808 lirmaverunt,ct
2716 748 2972 814 pranlitto
2995 747 3244 802 Anatolio
3272 750 3428 817 quid-

1855 836 1976 886 dam
2012 845 2210 888 temere
2242 839 2589 904 pnesumeuti
2622 839 2673 892 in
2705 842 2911 909 synodo
2958 839 3246 895 lilieraliter
3294 859 3456 921 θεων,

1857 929 2208 982 trmlixerunt.
2247 929 2318 980 lle
2344 932 2443 981 hoe
2473 931 2703 985 concilio
2733 933 2885 986 undli
2911 944 3094 1002 postea
3149 935 3447 1016 dubitach

1855 1032 2008 1085 I'unl,
2061 1031 2114 1075 ct
2145 1032 2201 1075 ut
2253 1032 2636 1076 retrzu-tmetur
2668 1025 2998 1079 omnimodis
3052 1028 3259 1082 cllieere
3315 1041 3429 1082 stu-

1853 1115 2105 1166 duerunt.
2136 1115 2260 1176 Sed,
2293 1117 2419 1184 quia
2448 1117 2545 1167 hoc
2570 1133 2909 1185 nequaquam
2938 1135 2964 1171 a
3000 1119 3055 1172 Β.
3093 1119 3270 1174 Leone
3294 1138 3426 1191 papa

1855 1201 2280 1266 permittel-atnr,
2311 1201 2523 1253 tandem
2556 1202 2622 1252 ab
2653 1201 2974 1270 imperatore
3005 1203 3430 1272 impetraverunt

1855 1304 1908 1346 ut
1968 1309 2058 1361 per
2102 1294 2379 1346 universas
2429 1294 2734 1362 provincias
2775 1295 2840 1350 ad
2898 1312 3089 1351 armies
3143 1298 3363 1368 episcop
3402 1318 3427 1354 s

1850 1389 1939 1456 qui
1971 1389 2306 1441 (Zhalcmloue
2333 1398 2697 1443 convenerant
2740 1390 2942 1445 litteras
2983 1392 3257 1462 dirigeret,
3305 1395 3426 1462 qui-

1852 1487 1951 1537 bus
1985 1502 2173 1539 eorum
2201 1489 2520 1540 sententiam
2545 1490 2609 1543 dc
2631 1491 2817 1543 eodem
2848 1493 3077 1545 concilio
3099 1495 3420 1563 exploraret.

1849 1577 1950 1641 Qui
1975 1594 2164 1630 onmes
2191 1579 2517 1630 unanimiter
2553 1581 2949 1649 rescripserunt
2981 1584 3423 1642 (llialecdouense

1848 1669 2137 1721 concilium
2216 1684 2384 1735 usque
2450 1670 2514 1722 ad
2573 1671 2892 1739 sanguinem
2954 1689 3076 1728 esse
3123 1675 3419 1732 defenden-

1849 1757 2000 1809 tilllll.

1918 1846 2117 1901 l’r:etcr
2163 1849 2276 1902 llﬂ‘.(‘
2320 1860 2498 1904 autem
2571 1853 2819 1921 quintum
2883 1857 3186 1912 universale
3238 1861 3422 1920 conci—

1846 1937 1975 1991 lium
2033 1940 2497 2011 (loiistantimqioli
2552 1945 2745 2013 legitur
2796 1961 3178 2020 congregatum
3232 1963 3420 2007 contra

1843 2047 2032 2085 onmcs
2105 2033 2414 2098 luerctieos,
2495 2046 2548 2090 et
2619 2039 2851 2093 maxime
2907 2051 3095 2094 contra
3170 2041 3419 2096 Theodo-

1845 2137 1963 2174 rxm
2001 2122 2461 2192 Mopsm-steiunu,
2488 2127 2579 2195 qui
2639 2128 2852 2182 dicebat
2881 2131 3046 2184 alium
3093 2148 3214 2186 esse
3249 2133 3417 2189 Dequ

1844 2209 2099 2278 Verbum,
2129 2225 2182 2268 ct
2225 2217 2389 2269 alium
2436 2218 2733 2281 Christum,
2775 2229 2828 2273 et
2879 2239 3089 2276 sacram
3135 2223 3410 2294 Virginem

1843 2301 1933 2355 Dei
1952 2306 2178 2372 negabat
2200 2309 2538 2376 genitricem,
2565 2318 2804 2380 tempore
2825 2311 3117 2368 Justiniani
3139 2318 3416 2387 principis,

1846 2390 2018 2460 Vigilii
2071 2410 2242 2463 papar,
2269 2397 2453 2450 domui
2497 2399 2844 2461 Antioehcni,
2879 2402 3123 2474 Eutychii
3151 2405 3420 2468 Consulite

1843 2485 2196 2552 timqmlilani.
2237 2485 2290 2539 In
2355 2503 2464 2556 quo
2507 2491 2741 2551 concilio
2782 2500 3190 2568 quattuordecim
3242 2505 3420 2574 capita

1843 2575 1942 2628 sub
1967 2576 2310 2636 anathemate
2344 2583 2596 2660 leguntur
2630 2587 2893 2644 instituta.

1911 2690 2039 2744 Item
2097 2703 2307 2748 sextum
2372 2697 2846 2770 Constantinopoli
2923 2703 3166 2759 habitum
3236 2715 3319 2760 est
3382 2724 3413 2762 a

1822 2795 1900 2833 ,ει
1927 2782 2172 2858 (“BQ-9)
2201 2782 2449 2838 Pati-ibus
2473 2795 2662 2848 contra
2697 2790 2990 2846 Macarium
3016 2794 3411 2852 Antiochenum

1837 2879 1890 2925 et
1925 2872 2102 2925 socios
2131 2874 2268 2942 ejus,
2318 2877 2410 2944 qui
2436 2893 2597 2931 unam
2621 2880 2949 2935 voluntatem
2972 2893 3024 2937 et
3045 2887 3412 2962 operationem

1839 2960 1892 3014 iu
1941 2961 2160 3015 (lbristo
2215 2963 2353 3018 falso
2407 2968 2746 3048 asserebant,
2791 2980 3032 3038 tempore
3071 2960 3412 3042 Constantini

1837 3048 2116 3117 principis,
2148 3049 2449 3120 Agathonis
2475 3070 2644 3123 papzc,
2673 3057 2886 3125 Georgii
2917 3060 3412 3131 Constantinopoli-

1839 3139 1968 3192 tani.
1996 3139 2050 3192 In
2073 3156 2182 3208 quo
2215 3143 2468 3208 concilio,
2507 3145 2762 3212 prtedicta
2800 3147 3054 3213 Macario,
3088 3151 3214 3204 dum
3248 3153 3406 3207 dam-

1763 3217 1804 3270 C
1839 3235 2076 3290 naretur,
2133 3229 2432 3283 oratorium
2470 3231 2756 3304 [orarium]
2798 3251 2828 3288 a
2864 3238 3100 3305 quodam
3153 3242 3412 3314 episcopo

1831 3315 1990 3385 jussu
2024 3319 2214 3388 synodi
2235 3320 2500 3391 aufertur,
2537 3333 2590 3378 et
2615 3325 2728 3394 ipse
2759 3342 2886 3380 cum
2931 3323 3257 3399 sequacibus
3287 3337 3406 3391 suis

1835 3423 1863 3460 a
1891 3411 2098 3478 synodo
2121 3413 2349 3481 turpiter
2366 3431 2490 3468 cum
2524 3417 2722 3470 throno
2752 3435 2854 3472 suo
2877 3420 3113 3488 ejicitur,
3147 3432 3203 3477 ut
3225 3407 3276 3476 iu
3306 3423 3408 3480 Ro-

1834 3513 1996 3552 mano
2037 3501 2330 3568 pontiﬁcali
2358 3494 2572 3574 legitur.
2598 3505 2727 3560 Post
2747 3523 2979 3575 quorum
3004 3509 3408 3571 damnatioliem

1833 3588 2015 3642 multa:
2035 3604 2357 3646 aranearum
2393 3595 2509 3648 telm
2557 3595 2610 3647 in
2641 3596 2876 3651 medimn
2914 3599 3249 3669 deciderunt,
3285 3621 3410 3674 qua:

1833 3678 2045 3730 inanem
2071 3677 2340 3734 fallaciam
2363 3683 2740 3739 lnercticorum
2771 3685 3034 3757 dcjcctam
3104 3708 3224 3746 esse
3278 3709 3407 3764 por-

1834 3769 2136 3823 tenderunt.
2169 3770 2369 3825 Deilule
2397 3791 2589 3829 novem
2618 3777 2688 3830 ibi
2722 3780 2898 3848 capita
2958 3783 3208 3852 leguntur
3250 3786 3404 3840 iusti-

1833 3865 1965 3911 tuta.
1993 3858 2129 3914 lluic
2149 3864 2379 3917 concilio
2421 3865 2581 3935 legali
2619 3870 2762 3922 sedis
2821 3873 3132 3939 apostolica:
3177 3877 3405 3944 prwl'uc-

1833 3958 1978 4014 runt,
2004 3950 2141 4004 inter
2166 3969 2304 4021 quos
2325 3953 2423 4008 fuit
2445 3954 2682 4011 Joannes
2708 3953 2965 4013 licinanze
2993 3960 3245 4020 Ecclesia:
3273 3976 3403 4026 tunc

1829 4038 2110 4102 diaconus,
2134 4043 2227 4096 sed
2255 4059 2362 4096 non
2401 4047 2571 4098 multo
2599 4057 2721 4116 post
2741 4052 3094 4117 apostolicus.

1900 4151 1973 4206 De
1995 4155 2464 4222 przedietis'autem
2489 4170 2726 4229 quatuor
2751 4166 2994 4219 comiliis
3106 4169 3400 4240 Gregorius

1829 4258 1962 4312 papa
1992 4246 2233 4299 scribens
2259 4249 2324 4300 ad
2358 4248 2723 4305 Secundinum
2752 4272 2966 4309 servum
2993 4256 3083 4310 Dei
3107 4259 3396 4328 inclusum,

1827 4338 2269 4391 consuetudinem
2307 4339 2472 4395 fuisse
2507 4352 2734 4397 testatur
2781 4355 2839 4398 ut
2886 4347 3114 4414 quilibet
3161 4350 3398 4406 no'.itius

1827 4431 2130 4496 patriarcha
2157 4447 2216 4486 se
2242 4434 2328 4485 illa
2354 4435 2788 4499 observaturum,
2821 4438 2983 4492 missa
3007 4442 3284 4511 synodica,
3320 4463 3400 4500 rc-

2759 4568 2773 4590 ,
2834 4539 3122 4600 antequam
3171 4535 3240 4588 ab
3290 4537 3397 4592 illis

1832 4606 1970 4662 inter
2008 4610 2342 4678 patriarchas
2393 4617 2631 4682 reputari
2678 4631 2993 4674 mereretur.
3039 4622 3192 4679 Unde
3235 4626 3396 4701 idem

1825 4701 2155 4766 apostolicus
2188 4703 2238 4755 in
2265 4707 2486 4760 exordio
2509 4709 2865 4767 ordinationis
2885 4729 3018 4778 sua),
3044 4718 3206 4772 missa
3228 4700 3399 4788 svium

1823 4791 1961 4856 dica,
1979 4796 2297 4862 patriarchis
2314 4798 2382 4851 ita
2397 4799 2674 4868 professus
2691 4811 2774 4855 est
2799 4803 2865 4856 de
2889 4804 3089 4864 eisdem
3113 4809 3388 4871 eo'nciliis:

1829 4901 1846 4932 ι
1891 4881 2062 4950 Sicut,
2094 4905 2111 4936 υ
2141 4887 2331 4957 inquit,
2366 4908 2382 4938 ι
2418 4891 2589 4952 sancti
2615 4889 2885 4960 Evangelii
2915 4910 2963 4951 tv
2986 4895 3174 4962 libros,
3214 4897 3298 4954 sic
3343 4919 3393 4956 tv

1819 4976 2046 5029 concilia
2089 4978 2362 5044 suscipere
2381 4987 2433 5050 et
2465 4981 2707 5034 venerari
2748 4998 2831 5036 me
2862 4982 3033 5038 fateor
3061 5005 3073 5039 ε
3108 4986 3383 5046 Nieaeumu

1817 5065 2042 5130 scilicet,
2064 5066 2720 5136 Constantinopolitanum
2770 5074 3027 5142 primum,
3056 5065 3387 5148 Epiri-sinum

1815 5154 2069 5221 primum,
2092 5155 2559 5225 Chalcedonense;
2594 5161 2720 5230 quia
2772 5163 2825 5217 in
2857 5165 2960 5230 his,
3003 5171 3143 5223 velut
3175 5173 3225 5224 in
3254 5188 3390 5239 qua-

1814 5243 1966 5312 drato
1990 5243 2179 5312 lapide,
2205 5255 2404 5301 sanetae
2427 5248 2545 5303 fidei
2571 5261 2844 5309 structura
2867 5261 3162 5326 consurgit.
3187 5261 3268 5322 Et,
3293 5278 3390 5313 cu—

1810 5332 2032 5398 juslibet
2053 5334 2172 5388 V'ilil‘
2195 5345 2357 5403 atque
2387 5340 2618 5396 actionis
2660 5345 2876 5410 existat,
2903 5347 3148 5415 quis‘quis
3194 5364 3384 5404 eorum

1819 5423 2138 5479 soliditatem
2167 5443 2272 5478 non
2305 5435 2467 5494 tenet,
2490 5432 2702 5486 etiamsi
2725 5434 2857 5503 lapis
2878 5452 2996 5490 esse
3019 5437 3279 5502 videatur,
3306 5450 3387 5494 ta-

1822 5531 1941 5568 men
1967 5502 2427 5571 extraiedilicium
2449 5520 2611 5588 jacet.
2642 5521 2897 5588 Quintum
2937 5542 3152 5595 quoque
3201 5531 3383 5584 conci-

1815 5605 1947 5658 lium
1981 5609 2182 5674 pariter
2209 5623 2452 5674 veneror,
2484 5610 2538 5663 in
2569 5625 2680 5679 quo
2707 5612 2954 5681 epistola,
2984 5600 3103 5684 quae
3126 5617 3230 5673 Iba:
3249 5619 3379 5674 dici-

1818 5736 1970 5790 alios.
1999 5735 2131 5791 Vide
2155 5719 2503 5792 Anastasium
2535 5739 2790 5803 Biblioth.
2824 5746 2883 5800 in
2910 5747 3204 5818 Agathone.
