3956 6380
195 452 221 500 1
237 449 369 505 203

1081 441 1400 496 .AI’I‘END.
1443 438 1527 492 III.
1569 465 1635 476 ——-
1669 425 2095 487 MO’KL’MENTA
2133 418 2592 478 GilECOIiiANA.

3321 409 3455 462 ἰξοῦ

191 564 529 618 monachus
562 561 614 612 in
647 559 788 612 libro
837 557 908 610 lle
948 557 1248 611 illustribus
1272 554 1420 617 viris,
1451 567 1568 619 cap.
1600 549 1690 612 21’»,
1721 556 1795 600 te—
1826 545 1870 601 Α
1897 547 2052 611 gusto
2077 552 2284 592 a'ccxw
2305 532 2573 602 episc0pis
2599 528 2984 594 habitum,aera
3008 536 3341 584 cccoxxxvn,
3367 538 3458 575 ca-

189 664 416 707 δίδως’.
448 673 465 703 ε
513 651 783 720 Ειιςιιιιίιιε
807 646 1143 720 [Eugipius],
1199 644 1401 712 inquit,
1438 643 1491 695 in
1516 638 1796 696 dialectica

189 745 499 810 qtlutlziam
522 756 690 806 ,meus
719 741 942 808 collega,
971 739 1165 806 petitus
1205 751 1234 788 a
1272 733 1544 801 Stephano
1585 728 1797 783 Saloni-

191 845 352 886 lino
408 833 685 901 cpisr-Opo,
745 846 811 883 ex
871 828 1071 881 Graecis
1115 823 1512 892 exemplaribus
1560 833 1797 873 canones

191 923 627 975 vcehrsia5ticos
650 921 893 974 moribus
926 918 1038 971 suis
1061 930 1236 984 pares,
1262 923 1319 968 ut
1348 921 1463 966 erat
1503 911 1694 980 planus
1716 917 1797 962 at-

191 1027 331 1079 que
387 1014 648 1072 disertus,
694 1023 886 1077 magna
940 1005 1264 1074 eloquentia:
1307 1005 1426 1057 luce
1470 1000 1794 1068 composuit,

194 1116 367 1170 quos
395 1118 495 1155 ttsu
520 1100 873 1154 celeberrimo
920 1095 1158 1149 Ecclesia
1201 1095 1440 1167 Romana
1484 1091 1796 1159 complecti-

198 1199 336 1246 tur.
370 1192 484 1245 Ilus
506 1192 670 1244 etiam
703 1197 916 1257 Oportet
951 1202 1045 1240 vo".
1087 1186 1382 1238 monachos
1415 1183 1629 1236 assidue
1651 1179 1796 1248 lege-

202 1299 304 1345 ι-ει,
339 1299 407 1334 ιιι·
430 1281 718 1334 videamini
739 1290 847 1333 tam
883 1279 1148 1331 salutares
1168 1275 1560 1329 ecclesiasticas
1589 1269 1798 1337 regulas

199 1371 573 1440 cztlpabilitcr
601 1371 867 1441 ignorare.
918 1387 934 1418 ι
971 1368 1165 1420 Beatus
1205 1379 1420 1434 quoque
1450 1362 1686 1415 Isidorus
1745 1359 1798 1412 in

199 1458 558 1516 (Joilcctario
621 1477 724 1515 suo
777 1441 1201 1522 decanouihns,
1257 1465 1490 1525 quatuor
1537 1454 1800 1508 editiones

203 1551 431 1606 Nic-aeni
479 1552 694 1605 concilii
731 1549 1153 1618 compaginavit;
1207 1547 1342 1600 duas
1395 1560 1522 1598 vero
1573 1545 1665 1598 vel
1695 1552 1801 1596 tres

207 1643 461 1710 reliquis
489 1640 854 1695 Orientalibus
878 1638 1120 1691 conciliis
1145 1636 1414 1704 ascripsit.

297 1733 408 1785 Sed
438 1732 631 1786 harant
653 1731 947 1784 editionum
972 1729 1114 1782 illam
1147 1743 1246 1780 nos
1271 1725 1501 1778 maxime
1524 1723 1802 1792 sequimur

207 1837 352 1890 qua:
383 1823 594 1876 etctcris
641 1820 987 1875 ernendatior-
1025 1826 1078 1871 ct
1122 1816 1430 1886 apostolica:
1482 1815 1593 1867 sedi
1645 1827 1800 1865 acce-

211 1912 376 1979 pzio:
397 1913 628 1975 videtur,
654 1911 897 1963 videlicet
922 1925 1082 1978 quam
1119 1910 1308 1960 beatus
1338 1921 1473 1974 papa
1528 1903 1798 1955 Adrianus

210 2018 326 2070 per
377 2019 596 2055 manum
649 2001 828 2054 Caroli
870 1999 1210 2067 imperatoris
1255 1993 1687 2049 Orcidcntalibns
1718 1991 1799 2044 di-

213 2093 374 2145 rexit
411 2081 683 2146 Ecclesiis.
724 2089 830 2144 Nec
889 2089 1063 2143 otiose
1118 2080 1588 2152 notandum'quod
1633 2081 1797 2135 multa

213 2183 466 2237 obscura
498 2199 590 2250 per
616 2183 950 2237 diversarum
1001 2179 1340 2232 collationem
1371 2175 1668 2229 editionum
1709 2189 1802 2227 sze-

217 2288 532 2340 penumero
553 2273 916 2333 declarantur,
941 2280 999 2323 ut
1021 2270 1150 2322 illud
1191 2269 1256 2322 de
1299 2265 1518 2320 Nic-aeno
1547 2265 1797 2328 com-ilio,

215 2363 363 2432 quid
383 2364 454 2417 sit
474 2363 872 2416 subintrodncta
892 2361 1235 2413 mulier-Hinc
1255 2359 1360 2410 alia
1378 2356 1543 2410 editio
1563 2353 1801 2422 apertius

217 2454 469 2522 panit,id
492 2462 592 2516 est,
616 2462 935 2505 extraneum.
968 2449 1041 2501 Ac
1071 2449 1116 2502 si
1143 2447 1286 2500 dicat
1317 2465 1329 2499 :
1373 2465 1391 2497 (
1417 2446 1658 2499 Clericus
1684 2444 1802 2497 nul-

218 2545 338 2598 lam
366 2544 620 2596 ferninam
649 2542 843 2596 habeat
866 2548 1370 2594 secumextraneam
1398 2555 1410 2590 :
1450 2537 1542 2590 sed
1569 2545 1800 2601 tantum,

221 2643 484 2698 matrem,
512 2634 593 2686 vel
622 2648 885 2696 sororem,
909 2631 991 2683 vel
1033 2631 1193 2692 aiam,
1231 2648 1248 2678 ι
1279 2644 1441 2697 quam
1476 2627 1668 2680 iterum
1698 2626 1802 2679 alia

220 2725 398 2777 cziitio
424 2724 662 2792 apertius
697 2730 855 2775 vocat
899 2721 1141 2774 amitam.
1177 2718 1336 2773 Tusci
1370 2719 1512 2770 enim
1559 2732 1656 2784 pro
1676 2717 1804 2767 ami-

224 2825 306 2879 ιίε,
363 2816 550 2869 dicunt
601 2815 757 2866 aiam.
784 2810 934 2873 Item,
988 2811 1040 2862 in
1093 2809 1281 2864 eodem
1314 2807 1563 2872 conciiio,
1599 2826 1616 2858 ι
1659 2805 1804 2874 quod

221 2906 555 2959 diaconissae
585 2918 778 2956 manus
799 2901 1194 2970 impositionem
1221 2899 1419 2952 habere
1456 2907 1739 2968 negantur,
1779 2915 1797 2946 ι

226 3014 342 3049 non
389 2995 495 3049 nisi
525 2995 592 3049 de.
635 2993 1094 3047 Paulianistarum
1137 2989 1462 3045 diaconissis
1510 2988 1806 3057 intelligere

223 3105 292 3142 ex
328 3087 558 3141 diversis
607 3084 1050 3142 translationibus
1076 3083 1385 3135 edoccmur.
1437 3079 1570 3133 Nam
1618 3079 1804 3133 diaco-

1836 1863 1874 1916 Β

226 3179 400 3234 nissa:
448 3179 853 3232 Catholicorum
902 3190 1095 3227 manus
1141 3171 1539 3240 impositionem
1585 3171 1803 3236 habent,
1833 3176 1874 3231 C

221 3271 389 3338 juxta
437 3269 874 3321 Chalcedonense
926 3263 1235 3317 concilium.
1282 3260 1436 3324 Item,
1490 3260 1541 3312 in
1575 3259 1808 3313 concilio

227 3357 558 3412 lnodiccnsi
588 3357 804 3426 legitur,
846 3373 864 3404 ι
902 3369 969 3407 nc
983 3352 1353 3407 ordinationes
1385 3351 1513 3403 tiant
1548 3349 1650 3404 sub
1679 3365 1808 3403 con-

226 3461 423 3518 spectu
483 3449 850 3512 audientium;
892 3466 909 3498 ι
951 3446 1095 3514 quod
1149 3444 1252 3499 alia
1297 3443 1464 3497 editio
1500 3441 1808 3510 expressius

225 3542 368 3617 dicit
420 3540 924 3594 cateclmmeuorum.
956 3537 1088 3591 Nam
1127 3534 1500 3591 catechumcni
1547 3547 1809 3602 quorum-

227 3632 367 3684 libet
413 3638 879 3684 sacramentorum
931 3625 1255 3680 confectioni
1318 3625 1582 3678 interesse
1623 3621 1810 3691 prehi-

224 3721 450 3773 lrentur.
492 3718 548 3770 In
575 3719 720 3771 hunc
745 3731 872 3786 ergo
895 3715 1136 3777 modum,
1165 3713 1331 3765 multa
1366 3711 1438 3764 ibi
1469 3712 1700 3764 obscure
1722 3710 1807 3763 di-

224 3819 321 3865 cta
342 3825 437 3879 per
461 3818 514 3863 te
538 3809 713 3877 ipsum
741 3806 1062 3875 investigare
1089 3803 1310 3872 poteris,
1342 3803 1389 3856 si
1432 3802 1677 3856 diversas
1701 3801 1810 3854 edi-

228 3903 414 3955 tiones
444 3900 685 3954 stndiose
711 3897 1037 3966 perscrutari
1063 3894 1359 3949 curaveris.
1401 3892 1506 3947 Sed
1555 3894 1670 3946 hasc
1700 3893 1808 3945 for—
1845 3950 1848 3954 ,

229 4002 437 4046 tassca
473 3987 873 4050 scientiorihus,
924 3986 1080 4053 quasi
1126 4000 1231 4037 non
1269 3984 1574 4038 necessario
1624 3992 1806 4036 notata

213 4065 595 4153 deputantur;
645 4072 820 4129 nostri
876 4084 1055 4128 tamen
1113 4074 1317 4127 similes
1378 4075 1482 4127 hoc
1531 4074 1808 4126 attendere

229 4170 460 4235 debent,
493 4182 633 4236 quos
668 4165 957 4234 aliquando
990 4164 1041 4216 in
1101 4163 1412 4230 hujusmodi
1449 4163 1650 4216 luerere
1698 4177 1806 4216 non

229 4261 556 4323 diz‘lidimus,
582 4258 722 4311 sicut
742 4266 796 4309 et
819 4271 917 4309 nos
939 4255 1234 4323 saepissime
1270 4251 1515 4306 fecimus.
1751 4303 1754 4309 ,

309 4349 677 4424 Occidentalia
733 4355 912 4401 autem
970 4345 1060 4399 illa
1101 4335 1364 4399 dicuntur
1393 4358 1514 4412 qua:
1553 4343 1606 4395 in
1659 4351 1808 4412 parte

230 4419 557 4495 Occidentis
608 4439 746 4492 facta
792 4444 1188 4498 monstrantur,
1226 4443 1286 4486 ut
1334 4433 1605 4497 Africana,
1643 4419 1809 4487 Galli-

1899 610 2068 684 nones
2097 641 2189 685 cut
2225 623 2528 686 constituit,
2555 633 2788 690 quorum
2833 624 3022 669 auctor
3046 613 3147 667 fuit
3187 613 3326 666 idem
3351 610 3484 662 Au-.

1898 718 2066 778 relius,
2111 731 2233 770 cum
2263 713 2319 766 S.
2372 711 2696 781 Augustino.
2752 705 3011 772 Quintum
3054 701 3458 771 ‘Carthaginen-

1899 824 1956 863 se
2002 806 2293 862 concilium
2341 802 2410 856 ab
2451 799 2720 869 episcopis
2775 811 2942 849 LXXIII
3009 792 3247 846 habitum
3277 830 3291 855 ,
3355 804 3460 841 :cra

1897 911 2212 960 ccccxxxrx,
2253 907 2487 948 canones
2532 906 2597 943 xv
2643 887 2944 948 constituit,
2999 897 3230 952 quorum
3274 888 3463 934 auctor

1899 986 2037 1040 idem
2063 982 2314 1036 Aurelius
2339 979 2456 1032 fuit.
2483 979 2705 1030 Sextum
2718 973 3146 1042 Carthaginense
3174 970 3460 1024 concilium

1899 1087 2136 1144 tempore
2168 1072 2394 1126 Honorii
2420 1069 2513 1122 XII
2558 1075 2612 1122 et
2653 1064 2941 1119 Theodosii
2973 1063 3062 1114 VII
3097 1063 3461 1132 Augustorum

1900 1167 1967 1220 ab
1997 1163 2264 1234 episcopis
2297 1176 2470 1215 ccxvn
2501 1158 2765 1221 habitum,
2794 1171 2898 1209 aera
2921 1168 3133 1216 ccchv,
3167 1153 3341 1219 capita
3367 1167 3464 1203 xm

1899 1255 2195 1318 constituit,
2229 1252 2318 1306 ubi
2354 1259 2532 1305 aetum
2561 1257 2644 1303 est
2689 1255 2748 1300 ut
2779 1244 3053 1298 Niczenum
3087 1242 3373 1296 concilium
3399 1242 3468 1294 ab

1897 1344 2262 1400 Orientalibus
2299 1338 2568 1410 episcopis
2594 1343 2896 1406 peteretur;
2929 1333 3018 1387 cui
3070 1330 3277 1402 synodo
3305 1330 3464 1399 legati

1902 1444 2101 1489 sanctae
2173 1432 2430 1485 Romamn
2485 1426 2736 1481 Ecclesize
2792 1424 3082 1479 Faustinus
3143 1417 3464 1490 epiScopus,

1901 1525 2181 1593 Philippus
2232 1528 2286 1574 et
2331 1519 2541 1573 Asellus
2580 1515 2877 1586 presbyteri
2924 1511 3187 1582 praefuere
3207 1526 3272 1564 ex
3318 1517 3466 1578 parte

1903 1614 2104 1667 Zosimi
2137 1625 2305 1680 papae,
2332 1624 2454 1664 eum
2484 1606 2737 1676 pracdicto
2767 1603 2987 1656 Aurelio
3017 1610 3072 1655 et
3121 1599 3177 1654 S.
3214 1600 3468 1680 Augusti—

1904 1719 1994 1756 no.
2047 1701 2350 1770 Septimum
2404 1696 2830 1765 Carthaginensc
2875 1694 3165 1748 concilium
3231 1679 3469 1758 tempore

1905 1788 2245 1846 IIonoriiXIl
2287 1799 2340 1842 et
2385 1785 2677 1840 Theodosii
2733 1783 2822 1836 VII
2863 1784 3231 1852 Augustorum
3261 1778 3467 1847 (1060),

1901 1883 1968 1937 ab
1994 1880 2261 1950 episcopis
2283 1894 2435 1940 xvm,
2460 1892 2567 1930 aera
2598 1891 2705 1944 qua
2735 1888 2896 1941 supra
2926 1872 3192 1934 habitum,
3226 1883 3469 1922 canones

1899 1991 1930 2026 v
1964 1968 2283 2036 constituit,
2306 1969 2394 2023 cui
2439 1966 2644 2037 synodo
2690 1963 2930 2033 praedicti
2977 1961 3119 2015 sedis
3161 1957 3472 2028 apostolica:

1899 2051 2060 2135 lcgati
2103 2060 2434 2132 prznfuerunt
2496 2074 2619 2112 cum
2677 2055 2896 2108 Aurelio
2942 2063 2996 2107 et
3037 2052 3092 2106 S.
3145 2050 3466 2120 Augustino.

1899 2151 2162 2208 Octavum
2189 2148 2381 2202 Africa:
2405 2146 2692 2201 concilium
2726 2144 2778 2197 in
2805 2141 3110 2195 Milevitana
3136 2139 3351 2193 civitate
3373 2139 3473 2192 sub

1901 2242 2142 2296 Ilonorio
2166 2241 2412 2309 Augusto
2437 2238 2505 2292 ab
2529 2235 2798 2306 episcopis
2843 2249 2997 2288 ccxxv
3043 2231 3309 2296 habitum,
3361 2245 3469 2283 tera

1899 2348 2150 2398 ccccxcx,
2186 2329 2527 2399 Pelagianam
2577 2325 2824 2379 lneresim
2873 2337 2995 2376 cum
3040 2331 3162 2374 octo
3206 2319 3472 2388 capitibus

1901 2419 2396 2491 anathematizavit,
2428 2414 2641 2479 deinde,
2664 2427 2833 2466 xxvnt
2881 2424 3120 2465 canones
3155 2406 3470 2467 constituit;

1903 2513 1989 2570 cui
2016 2509 2223 2582 synodo
2249 2508 2374 2561 item
2400 2503 2651 2558 Aurelius
2681 2508 2736 2554 et
2769 2499 2825 2554 S.
2855 2496 3191 2568 Augustinus
3241 2495 3460 2565 episcoti

1903 2601 2186 2672 praefuere.
2267 2595 2470 2648 Horum
2527 2599 2705 2645 autem
2761 2587 3117 2643 conciliorum
3160 2592 3360 2639 statuta
3410 2583 3478 2637 ab

1903 2671 2175 2745 Africanis
2199 2685 2450 2738 Patribus
2501 2680 2748 2734 Romano
2773 2675 3013 2746 pontitici
3051 2675 3118 2727 ad
3145 2671 3476 2726 conﬁrman-

1903 2782 2032 2836 dum
2063 2776 2579 2844 directa-leguntur;
2615 2784 2738 2840 qua:
2771 2767 2934 2821 etiam
2971 2765 3146 2818 adhuc
3179 2765 3233 2816 in
3263 2752 3477 2816 Itoma-

1905 2872 1990 2926 nis
2046 2865 2464 2936 exemplaribus,
2519 2862 2576 2916 in
2639 2859 2854 2939 dyobus
2907 2853 3197 2909 Breviariis
3244 2853 3471 2907 collecta

1906 2960 2269 3031 reperiuntur.
2311 2954 2511 3019 Unum,
2543 2951 2689 3022 quod
2730 2964 2855 3004 cum
2886 2945 3283 3014 subscriptione
3303 2959 3461 2998 ccxvt

1905 3053 2312 3121 episcoporum;
2353 3053 2645 3112 utrumque
2672 3047 2852 3094 autem
2876 3053 3000 3092 cum
3034 3035 3329 3104 apostolica
3378 3049 3476 3087 au—

1907 3142 2154 3196 ctoritate
2174 3139 2466 3205 firmatum.
2527 3131 2727 3186 Eadem
2772 3127 2936 3184 etiam
2970 3125 3245 3180 Breviaria
3281 3125 3472 3178 beatus

1909 3232 2179 3286 Adrianus
2202 3245 2325 3284 cum
2350 3223 2619 3296 prmdictis
2641 3219 3014 3275 Orientalibus
3038 3215 3284 3271 conciliis
3307 3214 3480 3268 Caro-

1908 3322 1960 3374 lo
1985 3305 2295 3388 impcratm-i
2323 3318 2507 3370 Roma:
2527 3315 2598 3369 ad
2610 3313 3024 3381 dispositionem
3046 3307 3474 3362 Occidentalium

1908 3409 2272 3465 Ecclesiarum
2305 3405 2588 3473 tradidisse
2624 3403 2838 3472 legitur.
2881 3397 3022 3468 Ergo
3050 3404 3105 3450 et
3140 3411 3239 3448 nos
3277 3394 3468 3448 eadem

1907 3515 2006 3569 pro
2032 3497 2356 3554 authenticis
2387 3495 2626 3563 recipere
2651 3501 2704 3545 et
2731 3492 2959 3544 observa
2972 3502 3026 3540 re
3055 3483 3366 3538 necessario
3388 3483 3482 3535 dc-

1909 3590 2100 3644 bemus
2111 3603 2231 3657 qua:
2241 3584 2538 3655 apostolica
2550 3579 2873 3656 auctoritate.
2887 3578 3099 3629 lirmata
3113 3571 3483 3641 Ecclesiisque
3529 3569 3534 3576 ”

1909 3680 1975 3734 ad
2015 3677 2412 3733 observandum
2455 3665 2664 3729 directa
2698 3669 3076 3725 indubitanter-
3107 3665 3473 3736 percepimus.

1980 3809 2111 3864 Era
2136 3815 2316 3862 autem
2340 3801 2654 3874 huiusmodi
2686 3799 2933 3854 conciliis
2959 3797 3174 3866 prmﬁxa
3209 3806 3306 3860 pro
3336 3804 3483 3843 anno

1909 3900 2205 3955 Dominicze
2253 3893 2650 3950 Incarnationis
2693 3887 3026 3955 intelligitur,
3057 3897 3178 3950 quae
3195 3880 3349 3948 juxta
3379 3876 3481 3931 Isi-

1908 3993 2102 4046 dorum
2141 3989 2209 4042 al)
2238 4003 2338 4042 cere
2375 3981 2777 4044 denominatur,
2801 3992 2867 4031 eo
2893 3974 3038 4045 quod
3065 3971 3192 4025 anni
3215 3969 3356 4039 apud
3380 3985 3482 4022 an-
3505 3967 3509 3971 ’

1906 4081 2087 4147 tiquos
2117 4079 2601 4135 aere-notarentur,
2633 4084 2755 4123 cum
2779 4076 2833 4121 ct
2876 4061 3198 4123 indietioncs
3227 4060 3483 4112 institue-

1907 4177 2110 4223 rentur.
2141 4165 2244 4221 Sed
2265 4168 2392 4235 quia
2415 4180 2483 4217 (es
2513 4169 2662 4217 caret
2691 4158 3040 4228 aspiratione,
3068 4155 3136 4206 ab
3158 4154 3277 4224 ἥρᾳ,
3303 4149 3355 4202 id
3377 4159 3481 4218 est,

1907 4259 2125 4314 nomine
2158 4253 2407 4320 Iunonis,
2438 4255 2489 4308 id
2510 4262 2593 4307 est
2626 4251 2784 4312 aeris,
2826 4255 3058 4302 tractum
3079 4242 3313 4306 videtur,
3342 4239 3481 4293 infra

1906 4364 2027 4418 quae
2053 4346 2287 4400 maxime
2317 4354 2557 4410 tempora
2597 4339 2877 4391 variantur
2915 4333 3056 4403 (sic).
3089 4330 3154 4384 Et
3187 4330 3484 4384 notandum

1907 4436 2034 4505 quia
2097 4431 2367 4486 Chronica
2429 4429 2712 4499 pauciores
2758 4440 2932 4480 annos
2993 4423 3061 4477 ab
3107 4419 3484 4475 Incarnatioite

233 4547 401 4594 cana,
459 4532 572 4585 sive
608 4529 662 4582 in
719 4525 992 4594 Ilispaniis
1022 4526 1308 4578 celebrata.
1353 4524 1418 4576 Et
1451 4523 1705 4576 Africana
1725 4524 1810 4577 di-
1844 4523 1886 4576 D
1914 4522 2126 4576 Domini
2162 4519 2407 4574 conciliis
2450 4517 2752 4581 ascribunt,
2799 4530 2963 4583 quam
3018 4513 3071 4565 in
3100 4511 3272 4565 titulis
3293 4524 3485 4562 eorum

234 4630 443 4674 cuntur
468 4635 602 4688 pene
628 4618 808 4672 omnia
831 4630 953 4685 quae
970 4612 1293 4682 Carthagine
1321 4611 1459 4664 facta
1490 4621 1648 4676 sunt;
1680 4627 1815 4680 quo—

239 4727 367 4764 rum
400 4709 633 4777 primum
669 4692 722 4760 xi
759 4707 1137 4776 episc0porum
1166 4703 1267 4757 sub
1292 4700 1611 4756 Constantio
1649 4702 1816 4770 impe-

240 4811 425 4856 rat-ore
474 4815 564 4851 xw
613 4798 790 4866 capita
817 4795 1132 4866 constituit,
1188 4808 1419 4861 quorum
1479 4802 1667 4846 auctor
1719 4791 1818 4846 fuit

239 4893 446 4944 Gratus
495 4863 1284 4958 Carthaginensisiepiscopus.
1333 4882 1640 4937 Secundum
1688 4883 1819 4937 Car-

503 4935 936 4958 ν----ησ----ηη
985 4935 1187 4954 ,τη-ν,
1247 4935 1257 4937 -

244 4983 566 5052 tlmginense
587 4977 873 5031 concilium
886 4935 987 5031 sui)
1013 4973 1385 5029 Valentiniano
1423 4976 1685 5044 Augusto,
1711 4990 1818 5029 tera

243 5077 509 5126 ecce.an
541 5069 802 5132 habitum,
827 5083 923 5119 xm
940 5067 1114 5135 capita
1139 5064 1440 5130 constituit,
1464 5081 1693 5133 quorum
1722 5080 1790 5118 au

246 5171 366 5217 ctor
402 5161 505 5214 fuit
557 5161 806 5214 Genelius
857 5155 1173 5226 [Cencdius]
1213 5154 1653 5224 Carthagincnsis
1701 5154 1817 5222 cpi;-

247 5266 468 5320 sc0pus.
527 5249 766 5302 Tertium
798 5246 1222 5315 Carthagiuense
1268 5244 1553 5298 concilium
1599 5260 1628 5296 a
1673 5258 1814 5294 XLVII

248 5340 522 5410 episcopis
558 5339 822 5401 habitum,
847 5353 953 5391 atra
992 5349 1282 5397 ccccxxxv,
1305 5347 1540 5387 canones
1561 5350 1589 5385 L
1613 5331 1816 5384 consti-

251 5434 374 5497 tuit,
417 5444 650 5500 quorum
707 5438 896 5481 auctor
937 5427 1039 5479 fuit
1073 5413 1349 5482 Aurelius.
1383 5419 1820 5490 Carthagincnsis

247 5524 542 5592 episcopus
564 5533 686 5572 cum
724 5516 780 5569 S.
832 5518 1138 5586 Augustino
1188 5513 1516 5582 Ilipponensi
1545 5513 1816 5579 episcopo.

248 5613 523 5680 Quartum
555 5607 982 5677 Carthaginiense
1006 5605 1295 5661 concilium
1325 5603 1426 5658 sub
1451 5601 1690 5654 Honorio
1722 5600 1824 5677 itu-

319 5760 512 5836 (1060)
546 5757 760 5813 Videtur
781 5757 964 5813 deesse
987 5772 1092 5812 vox
1117 5755 1401 5810 consulum.

1912 4614 2250 4684 reperiantur
2278 4631 2290 4667 :
2323 4612 2432 4676 illa,
2463 4609 2706 4679 inquam,
2741 4595 3031 4668 Chronica,
3078 4616 3197 4669 qua)
3247 4600 3482 4653 domnus

1915 4708 2308 4768 Ileremannus,
2341 4701 2588 4772 egregius
2610 4698 2906 4751 calculator
2929 4701 2982 4745 ct
3022 4700 3321 4756 temporum
3347 4687 3477 4741 sub—

1916 4799 2198 4854 tilissimus
2233 4796 2533 4862 indagator,
2575 4805 2639 4844 ex
2665 4785 2894 4841 diversis
2924 4779 3208 4835 Chronicis
3231 4786 3284 4832 et
3308 4779 3486 4832 histo-

1916 4891 2012 4944 riis
2038 4884 2450 4956 diligentissime
2495 4876 2831 4946 composnit;
2878 4887 3000 4941 qua:
3033 4884 3204 4938 usque
3256 4869 3323 4922 ad
3359 4885 3486 4923 uLIv

1924 4975 2216 5030 I'iominicze
2252 4966 2647 5023 lncarnationis
2687 4976 2889 5017 annum
2936 4959 3161 5013 fideliter
3215 4956 3484 5024 perduxit.

1923 5065 2054 5118 Nam
2086 5063 2140 5115 in
2175 5060 2294 5114 illis
2329 5057 2566 5112 secundo
2619 5051 2909 5108 universali
2944 5049 3193 5109 concilio,
3237 5045 3487 5099 videlicet

1922 5150 2520 5219 Constantinopolitano
2551 5146 2744 5214 primo,
2782 5157 3016 5197 ccccxxx
3043 5151 3218 5190 annus
3254 5135 3482 5187 ascribi-

1922 5255 2035 5310 tur;
2064 5242 2151 5297 cui
2183 5241 2236 5294 in
2265 5239 2420 5292 titulo
2437 5252 2695 5291 ccccxvnt
2734 5230 3062 5286 attribuitur.
3108 5224 3237 5277 Item
3281 5224 3333 5275 in
3377 5223 3486 5275 illis

1924 5333 2088 5398 tertio
2115 5328 2404 5385 universali
2439 5325 2688 5387 concilio,
2716 5323 2766 5374 id
2801 5327 2886 5371 est
2929 5315 3221 5384 Ephesino,
3245 5324 3482 5363 ccccaxx

1924 5425 2174 5479 videlicet
2204 5437 2378 5475 annus
2401 5417 2677 5486 adjicitur;
2718 5410 2805 5462 cui
2848 5409 2904 5460 in
2934 5406 3087 5459 titulo
3109 5412 3480 5455 CCCCLXXXVIII

1920 5516 2178 5570 sociatur.
2205 5511 2359 5573 Item,
2384 5509 2435 5560 in
2472 5504 2576 5557 illis
2610 5499 3045 5553 Chalcedonense
3070 5486 3352 5544 concilium
3381 5487 3483 5539 sub

1922 5616 2080 5662 cccct.
2115 5611 2258 5650 anno
2288 5571 2533 5664 punitur;
2579 5588 2667 5642 cui
2698 5588 2750 5639 in
2786 5584 2940 5638 titulo
2976 5586 3296 5633 ccccuxxtx
3319 5571 3488 5626 ascri-
