3956 6404
488 392 621 446 t-Zo‘l

1450 411 1540 464 AD
1579 411 1806 469 OPERA
1845 416 1901 472 S.
1945 417 2269 475 CREGORII
2309 423 2734 485 API’ENDICFS

3594 445 3747 503 1308

478 513 640 565 hitur.
671 512 865 583 Nempe
893 533 997 570 a'ra
1026 520 1077 572 in
1102 520 1185 575 his
1213 522 1386 579 titulis
1418 541 1603 580 “mi
1637 544 1909 585 annorum
1937 532 2058 601 plus
2087 539 2133 593 Α
2159 550 2355 605 scoan
2404 538 2522 594 fuit.
2575 541 2920 602 \‘alentiuuttt
2978 548 3271 606 concilium
3324 561 3567 627 tempore
3594 561 3745 618 cra.

478 603 632 627 .--Ιηαι
678 623 827 627 ,__--_._
859 625 881 627 .,
1021 613 1029 622 -
1074 622 1085 627 ,
1156 613 1197 624 ηι
1270 616 1326 627 η.
1457 618 1466 627 .
1508 618 1519 627 .

477 603 633 658 habet
672 623 833 675 quam
859 613 1159 677 reperiatur
1185 613 1237 667 in
1267 616 1571 670 Ghronicis.

545 695 664 748 llzec
688 703 1236 768 ιιιιωιιιιιξιιΙίιηιι-ςίιίιε
1258 716 1304 759 et
1352 708 1404 761 in
1457 708 1746 775 Africanis,
1777 723 1827 765 ct
1858 715 1908 768 in
1933 718 2054 770 aliis

473 787 908 843 (tceitleutalihus
937 795 1184 847 conciliis
1208 811 1582 866 srerwnumero
1607 801 1897 869 invenitur,
1931 809 2052 876 qui-

470 874 574 936 bus
606 877 730 931 item
771 894 876 932 a‘ra
910 885 1222 951 pnetigitur.
1256 886 1507 952 Qualibet
1554 898 1735 944 autem
1764 874 2052 950 occasione

473 966 783 1034 liiijttsiiiwli
835 971 1123 1027 tlireisitas
1167 977 1430 1041 evenerit,
1492 995 1833 1050 nequaquam
1866 995 2048 1040 tamen

470 1058 628 1110 nobis
665 1059 821 1113 fidem
871 1076 1053 1116 rerum
1104 1064 1364 1134 impedire
1399 1069 1653 1136 debebit;
1712 1088 1839 1128 cum
1897 1084 1951 1130 et
1994 1077 2047 1131 in

469 1145 603 1215 ipsis
641 1150 811 1202 sacris
864 1151 1055 1206 litteris
1102 1155 1314 1210 diversa
1369 1168 1672 1230 temporum
1729 1167 2047 1231 pneuotatio

468 1239 616 1291 nullo
642 1241 804 1293 modo
832 1257 1010 1297 rerum
1034 1246 1316 1301 veritatem
1342 1249 1663 1319 impedierit.
1698 1251 1831 1308 Nam
1857 1256 1909 1310 in
1941 1258 2046 1313 illis

468 1326 602 1381 LXX
631 1329 985 1401 Iuterpretuui
1018 1338 1316 1391 auctoritas
1349 1340 1417 1392 ah
1446 1339 1705 1397 llchraira
1737 1346 1958 1399 veritate
1990 1347 2043 1401 in

464 1434 691 1474 numero
718 1437 986 1477 annorum
1010 1426 1145 1479 adeo
1170 1428 1438 1483 discordat
1460 1442 1511 1484 ιιι
1540 1433 1607 1485 ah
1628 1434 1837 1503 Origine
1855 1436 2043 1491 mundi

462 1510 582 1578 plus
614 1512 758 1565 mille
784 1529 1051 1570 annorum
1083 1534 1245 1585 quam
1278 1522 1364 1575 illa
1396 1524 1446 1575 iu
1502 1526 1783 1579 nativitatc
1826 1526 2041 1581 flutniui

462 1610 644 1666 ponat.
672 1600 978 1661 Familiaris
1012 1609 1197 1677 tttique
1246 1613 1678 1683 chronographis
1726 1616 2039 1686 hujnsniodi

458 1692 767 1762 diversitas,
794 1712 893 1750 nec
929 1697 1160 1754 lectores
1213 1704 1444 1757 multum
1504 1705 1627 1759 inde
1652 1718 1874 1773 curant;
1907 1708 2036 1764 dum

2158 628 2290 683 tiani
2319 640 2372 684 et
2398 629 2755 691 Valentiniani
2779 639 3123 709 imperatoris
3151 644 3221 702 ab
3242 647 3510 723 episcopis
3541 669 3609 708 xx
3633 656 3744 711 ha-

2157 718 2349 787 bitum,
2372 739 2478 777 zeia
2499 741 2747 791 ccccxm,
2779 746 3019 787 canones
3051 751 3102 788 iv
3122 741 3437 814 constituit;_
3458 746 3546 801 cu‘i
3572 761 3745 814 syno-

2152 809 2222 867 do
2248 811 2511 883 Fega-Jius
2532 818 2819 888 episcopus
2845 823 3079 892 precfuit.
3113 812 3536 890 Tanrinancinni
3560 809 3742 908 [Tan-

2153 903 2449 978 rinatensc]
2480 910 2771 979 concilium
2836 929 2908 968 ru
2954 929 3195 972 canones
3221 922 3522 990 constituit,
3560 903 3737 983 habi—

2151 999 2265 1046 tum
2292 1002 2530 1064 tempore,
2561 995 2755 1053 Felicis
2806 1002 3066 1069 lizeictici,
3098 1006 3257 1075 cujus
3294 1013 3621 1069 mentionem
3646 1016 3737 1071 fa-

2149 1079 2220 1134 cit
2253 1080 2518 1151 liegieuse
2549 1088 2840 1144 concilium
2870 1092 2940 1146 ab
2987 1093 3258 1164 episcopis
3282 1114 3379 1153 χιιι
3421 1103 3526 1157 sub
3560 1104 3739 1174 impe-

2147 1179 2330 1224 ratore
2364 1171 2669 1231 Theolosio
2703 1176 2910 1234 Minore
2960 1192 3016 1236 et
3048 1182 3427 1243 Valentiniano
3457 1171 3733 1260 habitu—tn.

2145 1275 2252 1315 :era
2281 1277 2613 1331 cccccxxru,
2642 1282 2884 1325 canones
2908 1287 2982 1325 ιἰι
3021 1275 3325 1342 constituit,
3380 1281 3467 1335 cui
3517 1283 3736 1353 synodo

2148 1348 2205 1403 S.
2233 1349 2470 1408 Hilarius
2493 1356 2783 1427 episcopus
2815 1360 3049 1429 praefuit.
3079 1363 3403 1422 Arausieum
3431 1373 3731 1429 concilium

2143 1440 2214 1495 ab
2237 1442 2507 1514 episcopis
2537 1464 2646 1501 xm
2693 1458 2935 1521 tempore
2964 1451 3259 1511 Theodosii
3294 1455 3519 1514 Minoris
3568 1462 3735 1517 habia

2141 1542 2277 1598 tum,
2309 1550 2414 1589 aera
2439 1552 2755 1605 cccccsxix,
2793 1555 3035 1597 canones
3082 1559 3212 1599 nix
3249 1549 3547 1614 constituit,
3585 1565 3733 1621 quo-

2141 1640 2263 1679 rum
2287 1637 2478 1682 auctor
2508 1629 2563 1683 S.
2595 1629 2833 1689 Hilarius
2862 1634 3154 1705 episcopus
3178 1636 3298 1692 fuit.
3331 1638 3571 1697 \‘asensc
3591 1658 3731 1698 con-

2139 1717 2323 1772 cilium
2346 1719 2497 1786 (l06l
2511 1722 2528 1787 )
2556 1722 2697 1791 apud
2724 1722 3044 1795 Auspicium
3074 1727 3388 1799 episcopum
3415 1732 3517 1786 sub
3546 1728 3731 1788 Theo-

457 1793 667 1837 tantum
701 1800 760 1839 ea
792 1802 913 1855 quze
942 1788 1170 1858 legerint
1193 1793 1507 1869 indubitate
1530 1797 1772 1851 recitatis
1800 1814 1920 1853 esse
1944 1815 2038 1855 co-
2075 1876 2107 1882 _
2134 1806 2296 1862 dosio
2325 1809 2558 1875 minore,
2591 1788 2713 1867 itera
2739 1827 3034 1882 cccccxxx,
3068 1831 3309 1874 canones
3350 1836 3381 1873 ι
3414 1820 3745 1879 constituit.

456 1875 761 1941 guoverint.
814 1930 820 1937 ,

528 1964 820 2020 Sciendum
851 1977 1032 2024 tamen
1060 1972 1184 2041 quia
1209 1975 1443 2044 majores
1460 1978 1630 2031 nostri
1649 1978 1846 2048 scripta
1864 1979 2036 2036 adno-

455 2057 660 2109 tatione
708 2068 1013 2129 temporum
1067 2062 1283 2120 firmare
1334 2068 1773 2135 consueverunt;
1809 2071 1951 2127 sicut
1985 2082 2041 2126 et

458 2143 716 2202 iloinaum
761 2149 904 2220 leges
946 2168 1087 2221 quas
1128 2157 1370 2227 suscepit
1405 2156 1643 2213 Ecclesia
1696 2162 2035 2231 przecipiunt.

456 2236 651 2291 Dicunt
685 2241 863 2294 enim;
901 2260 919 2293 ι
956 2242 1011 2297 Si
1039 2259 1144 2313 qua
1181 2257 1301 2315 post
1325 2247 1439 2303 haec
1466 2250 1642 2303 edicta
1687 2250 1799 2305 sive
1828 2252 2035 2307 consti-

453 2329 692 2384 tutiones
718 2331 835 2386 sine
862 2333 949 2387 die
976 2343 1031 2389 et
1052 2337 1276 2392 consule
1306 2337 1506 2393 fuerint
1529 2340 1898 2411 deprehensm,
1932 2334 2033 2398 au-

451 2420 700 2475 ctoritate
757 2426 998 2479 hareant.
1039 2444 1056 2475 ι
1114 2424 1251 2483 liinc
1306 2438 1390 2485 est
1436 2431 1581 2501 quod
1624 2432 1797 2486 sancti
1847 2431 2036 2487 Patres

449 2510 614 2565 etiam
655 2514 1049 2582 ecclesiasticis
1089 2519 1310 2573 statutis
1355 2520 1470 2575 sire
1512 2520 1731 2590 scriptis
1780 2522 1925 2577 diem
1979 2531 2034 2577 et

449 2602 727 2658 consulem
752 2604 1036 2677 assignare
1058 2607 1256 2676 solent,
1286 2624 1602 2681 annumque
1625 2612 1796 2682 ipsius
1826 2627 2030 2668 consu-

448 2691 517 2746 lis
549 2694 663 2748 sire
704 2697 991 2752 consulum
1023 2696 1302 2768 signanter
1328 2702 1637 2768 ascribunt;
1665 2712 1725 2757 ut
1758 2703 1886 2767 illic,
1918 2702 2029 2759 lio-

446 2785 637 2840 norieo
665 2786 976 2854 duodecies,
1012 2799 1063 2844 et
1094 2787 1411 2847 Theodosio
1435 2792 1656 2862 septies,
1704 2793 2032 2849 subauditur

445 2878 731 2932 consulatu
748 2887 1009 2944 annuato,
1035 2879 1237 2935 factum
1257 2891 1346 2937 est
1372 2897 1426 2936 Vt
1447 2882 1875 2953 Carthagincnsc
1896 2898 2029 2938 con-

448 2968 650 3023 cilium.
689 2968 929 3023 Africani
965 2986 1186 3041 quoque
1226 2987 1466 3027 canones
1492 2972 1812 3043 prmcipinnt
1842 2982 1902 3029 ut
1935 2974 2027 3028 lit-

444 3067 572 3113 Iene
601 3075 739 3130 quas
767 3061 1006 3131 episcOpi
1040 3061 1110 3116 ah
1140 3061 1547 3117 ordiuatoribus
1580 3062 1698 3119 suis
1731 3057 2023 3133 accipiunt,

443 3149 588 3203 diem
617 3159 673 3204 rt
693 3152 973 3206 consulem
998 3152 1250 3217 habeant,
1276 3162 1334 3207 ut
1355 3160 1571 3223 tempus
1594 3168 1708 3208 sua:
1732 3154 2027 3209 ordinatio:-

444 3240 530 3294 uis
560 3255 776 3310 semper
819 3241 1122 3307 attendant,
1175 3257 1276 3299 nec
1309 3242 1398 3298 his
1450 3244 1544 3313 qui
1593 3244 1746 3314 prius
1788 3243 2025 3299 ordinati
2052 3230 2094 3289 (ἶ

362 3343 366 3346 ‘
441 3342 568 3385 sunt
600 3342 802 3387 temere
835 3348 894 3387 se
920 3331 1212 3403 praeferant
1233 3351 1247 3389 :
1271 3333 1754 3407 sedccclesiastica
1775 3334 2023 3390 instituta

440 3438 549 3476 non
578 3432 688 3476 tam
711 3438 775 3475 ex
803 3422 1062 3492 temporis
1084 3423 1196 3479 sive
1227 3423 1469 3480 consulis
1490 3424 1838 3495 adnotatione
1857 3440 2022 3495 quam

437 3526 505 3567 ex
530 3512 827 3581 apostolica
856 3521 910 3566 et
937 3514 1228 3569 universali
1266 3515 1584 3571 assensione
1615 3524 1825 3569 tantum
1852 3515 2024 3571 firmi-

440 3604 568 3658 tatis
592 3611 939 3671 accepernnt,
984 3611 1041 3657 ut
1086 3618 1434 3675 nequaquam
1471 3604 1538 3658 dc
1570 3618 1761 3660 eorum
1786 3605 2023 3660 auctori-

439 3703 548 3749 tate
577 3693 870 3749 dubitetur.
896 3693 1236 3765 Quapropter
1260 3704 1314 3750 ct
1344 3710 1447 3750 nos
1477 3709 1668 3749 eorum
1709 3694 2021 3751 auctoritati

439 3783 795 3854 praeiudicare
834 3799 942 3838 non
980 3785 1261 3855 debemus,
1311 3785 1528 3841 etiamsi
1568 3794 1776 3840 certum
1808 3794 2023 3856 tempus

439 3874 801 3929 institutionis
848 3889 1039 3929 eorum
1075 3875 1405 3947 ignoremus.
1446 3872 1755 3931 Notandum
1802 3890 2021 3947 quoque

437 3966 566 4035 quia
597 3981 705 4020 arra
729 3980 1123 4037 nonnunquam
1146 3966 1376 4021 abusive
1393 3980 1492 4036 pro
1514 3964 1754 4037 capitulo
1770 3964 2016 4036 ponitur,

438 4066 496 4110 ut
521 4056 573 4109 iu
604 4055 695 4109 illo
719 4056 923 4126 scripto
949 4055 1192 4112 Toletani
1217 4056 1455 4122 concilii,
1489 4056 1580 4111 ubi
1617 4056 1686 4120 de
1714 4057 1905 4114 ordine
1939 4067 2019 4114 te—

435 4147 626 4202 nenda-
660 4147 851 4218 synodi
877 4156 1161 4202 tractatur.

504 4236 781 4292 Gallicana
803 4253 1022 4310 quoque
1054 4236 1285 4293 concilia
1315 4237 1470 4307 plura
1497 4245 1646 4304 sunt,
1690 4239 1818 4293 etin
1841 4240 2014 4309 pluri-

434 4319 538 4381 bus
564 4328 697 4384 locis
726 4339 1087 4399 congregata;
1109 4344 1347 4399 quorum
1381 4328 1696 4386 Arelatense
1740 4329 1794 4385 in
1825 4330 2017 4401 primis

435 4418 675 4487 ponitur.
713 4417 955 4473 Primum
981 4420 1149 4490 igitur
1179 4419 1495 4476 Arelatense
1529 4420 1843 4488 concilium,
1874 4430 2014 4478 tem-

2071 1876 2113 1928 B
2138 1897 2447 1969 Agathcnsc
2483 1902 2776 1957 concilium
2809 1919 2955 1960 anno
2986 1876 3315 1963 xitnAlarici
3349 1911 3491 1983 regis
3510 1913 3580 1967 ab
3605 1913 3729 1983 cpi-

2138 1989 2322 2060 scopis
2350 2006 2477 2046 xxrv
2523 1992 2792 2060 habitum,
2828 2011 2938 2051 mra
2983 2012 3109 2052 nim
3138 2013 3380 2056 canones
3422 2017 3546 2057 uxr
3581 2018 3726 2060 cou-

2136 2080 2335 2148 stituit,
2371 2097 2604 2152 quorum
2635 2095 2827 2141 auctor
2856 2085 3122 2144 Gozarius
3144 2089 3433 2161 episcopus
3455 2090 3575 2148 fuit.
3604 2094 3749 2150 Αιιο.

2136 2171 2442 2228 relianense
2474 2174 2767 2231 concilium
2822 2176 2893 2232 ab
2950 2179 3225 2249 episcopis
3253 2198 3423 2237 xxviii
3449 2183 3723 2252 habitum,

2133 2274 2374 2317 canones
2404 2279 2549 2318 χχι-ιι
2579 2266 2882 2333 constituit,
2913 2268 3001 2323 cui
3025 2271 3260 2325 concilio
3293 2271 3581 2330 Defrodius
3602 2277 3726 2346 cpi-

2134 2366 2334 2422 scopus
2358 2352 2592 2425 praefuit.
2624 2353 2918 2428 ﬂuensque
2960 2358 3028 2414 de
3075 2358 3369 2418 Gallicanis
3422 2366 3721 2437 conciliis;

2132 2442 2327 2498 deinde
2356 2444 2639 2500 videamus
2666 2447 2733 2502 de
2753 2445 3027 2519 Hispanis.

2202 2530 2598 2591 Elibcritanurn
2622 2539 2939 2606 concilium,
2962 2549 3206 2610 tempore
3237 2541 3586 2601 Constantini
3609 2547 3723 2603 im-

2130 2624 2402 2693 peratoris
2427 2625 2499 2682 ab
2524 2626 2796 2699 episcopis
2829 2644 2962 2684 xrui
2989 2630 3258 2699 habitum,
3288 2649 3529 2692 canones
3549 2653 3721 2695 um

2129 2712 2434 2782 constituit,
2464 2714 2554 2771 cui
2609 2714 2774 2774 Osius
2808 2715 3179 2777 Cortlubcnsis
3215 2722 3509 2794 episcopus
3540 2726 3687 2784 inter

2128 2799 2251 2859 fuit.
2303 2802 2711 2863 Tarraconense
2749 2808 3041 2864 concilium
3091 2825 3239 2868 anno
3289 2828 3342 2869 rt
3388 2812 3717 2875 Theudorici

2128 2894 2274 2965 regis
2302 2895 2373 2950 ab
2396 2896 2667 2968 episcopis
2695 2913 2730 2952 ι
2761 2898 3028 2967 habitum,
3060 2916 3170 2956 aera
3195 2918 3320 2959 nxri
3348 2920 3588 2963 canones
3612 2924 3717 2965 xui

2127 2983 2432 3052 constituit,
2481 2984 2572 3041 cui
2592 2983 2833 3042 Joannes
2875 2987 3168 3059 episcopus
3208 2990 3442 3060 praifuit.
3492 2993 3715 3063 Gerun-

2126 3073 2297 3130 dcnse
2323 3074 2612 3132 concilium
2627 3064 2774 3132 anno
2797 3092 2874 3133 vn
2891 3076 3212 3137 Tbeodorici
3236 3080 3377 3159 regis
3400 3082 3472 3139 ab
3497 3084 3717 3154 episco-

2128 3163 2214 3234 pis
2232 3181 2306 3221 vn
2330 3166 2598 3231 habitum,
2621 3183 2732 3224 mra
2754 3184 2927 3236 nxvu,
2949 3185 3192 3227 canones
3219 3187 3253 3226 ι
3268 3174 3571 3230 constituit.
3591 3176 3717 3252 Ca:-

2127 3264 2583 3324 saraugustanuin
2617 3257 2918 3336 concilium,
2934 3259 3011 3333 ab
3038 3260 3309 3332 episcopis
3350 3280 3428 3338 an
3458 3251 3713 3325 habiturn

2123 3358 2365 3408 canones
2387 3362 2483 3403 vni
2502 3345 2786 3404 constituit
2805 3350 2893 3407 cui
2908 3350 3442 3425 Fetadins[l"itadius
3456 3357 3539 3412 vel
3565 3355 3718 3414 Sira-

2123 3434 2275 3508 dius]
2310 3437 2602 3510 episcopus
2645 3428 2884 3510 praefuit.
2923 3440 3194 3499 ilerdcnse
3228 3445 3522 3502 concilium
3562 3462 3715 3504 anno

2122 3541 2190 3580 xv
2234 3525 2560 3584 Theoderici
2588 3529 2733 3600 regis
2765 3531 2837 3585 ab
2868 3530 3138 3603 episcopis
3172 3548 3269 3588 \‘lll
3300 3535 3564 3603 habitum,
3599 3553 3714 3595 tera

2122 3631 2288 3672 nxxiv
2314 3621 2570 3674 canones
2607 3634 2698 3675 xvr
2736 3620 3053 3689 constituit,
3089 3622 3179 3679 cui
3225 3621 3451 3695 Sergius
3488 3627 3704 3697 episco-

2120 3720 2225 3777 pus
2251 3705 2486 3778 pra'efuit.
2521 3707 2867 3767 Valentinum
2898 3713 3217 3782 concilium,
3244 3730 3390 3771 anno
3427 3732 3495 3771 xv
3529 3716 3717 3774 Theo-

2118 3795 2291 3864 derici
2326 3800 2467 3871 regis
2500 3800 2571 3856 ab
2594 3800 2872 3872 episcopis
2886 3819 2940 3858 Vl
2963 3803 3230 3871 habitum,
3251 3820 3360 3860 aira
3385 3821 3495 3877 qua
3519 3821 3710 3877 supra,

2119 3902 2360 3944 canones
2380 3905 2435 3945 νι
2455 3892 2758 3956 constituit,
2771 3891 2863 3948 cui
2880 3891 3134 3949 Celsinus
3155 3894 3445 3966 episcopus
3465 3895 3706 3966 przefuit.

2187 3976 2432 4034 Primum
2499 3978 2822 4036 Toletanum
2868 3983 3161 4040 concilium
3216 3985 3320 4041 sub
3368 3985 3607 4042 Arcadio
3649 3995 3710 4045 et

2119 4063 2360 4124 Honorio
2415 4067 2837 4140 imperatoribus
2876 4070 2946 4127 ab
2976 4071 3246 4143 episcopis
3292 4089 3425 4129 mu
3452 4075 3703 4132 habitum

2115 4171 2358 4214 canones
2391 4173 2484 4213 ni
2532 4158 2836 4226 constituit,
2872 4158 2972 4215 cui
3011 4158 3305 4217 Patroinus
3338 4161 3573 4232 praefuit.
3601 4162 3706 4221 Se-

2114 4232 2364 4325 cundum‘
2398 4246 2743 4315 Toletanum,
2794 4264 2942 4305 anno
2984 4267 3017 4306 ν
3060 4251 3322 4308 Amalrici
3371 4255 3517 4326 regis
3555 4254 3702 4326 apud

2114 4324 2433 4393 Montanum
2473 4338 2788 4410 episcopum
2846 4340 2918 4396 ab
2964 4356 3062 4396 vui
3110 4343 3382 4416 episcopis
3428 4324 3698 4413 habitum,

2112 4418 2221 4483 aera
2256 4442 2417 4485 DLXV!
2444 4443 2686 4485 canones
2713 4445 2745 4482 ν
2768 4429 3069 4486 constituit.
3103 4428 3347 4487 Tertium
3374 4422 3698 4493 Toletannin

431 4524 564 4578 pore
591 4508 935 4565 Constantini
980 4509 1326 4580 imperatoris
1358 4521 1413 4567 et
1442 4509 1645 4567 Nicceni
1699 4513 1913 4569 concilii
1945 4514 2016 4569 ab
2049 4558 2092 4613 υ
2117 4518 2431 4585 concilium,
2490 4534 2636 4601 anno
2683 4535 2734 4574 iv
2776 4519 3068 4578 Ricbaredi
3113 4523 3259 4594 regis
3290 4522 3378 4613 ab
3425 4524 3697 4613 episcopis

431 4600 702 4669 episcopis
732 4601 1091 4666 oc‘habitum,
1122 4608 1176 4655 et
1198 4599 1264 4655 ad
1283 4602 1713 4659 conﬁrmandum
1745 4602 1801 4658 S.
1830 4604 2016 4675 Sylve-

431 4700 545 4744 stro
567 4706 719 4761 papae
744 4691 1033 4757 directum,
1068 4706 1183 4746 ιιιι
1215 4689 1469 4748 Canones
1522 4694 1731 4759 statuit,
1777 4708 2012 4763 quorum

429 4791 620 4836 auctor
655 4780 712 4836 S.
750 4780 995 4836 Marinus
1047 4781 1382 4839 Arelatensis
1430 4783 1722 4855 cpiscopus
1760 4782 1879 4839 fuit.
1916 4782 2014 4839 Se-

428 4873 666 4933 cundum
696 4872 1012 4929 Arelatense
1042 4872 1333 4929 concilium
1359 4875 1428 4930 ab
1465 4876 1739 4946 episcopis
1764 4874 2009 4931 diversa-

427 4976 549 5016 rum
586 4963 991 5032 provinciarum
1026 4978 1179 5020 xxxii
1206 4963 1453 5019 habitum
1477 4978 1718 5022 canones
1753 4981 1858 5022 xxv
1884 4980 2009 5023 con-

426 5055 630 5116 stituit:
661 5054 748 5111 cui
773 5054 981 5125 synodo
1014 5053 1336 5112 Theodorus
1370 5056 1661 5127 episcopus
1691 5071 1758 5112 ex
1790 5057 2006 5114 Dalma-

426 5144 497 5197 tia
524 5153 575 5197 et
601 5144 849 5214 Agathon
874 5144 1142 5219 diaconus
1163 5145 1221 5201 S.
1242 5146 1503 5218 Sylvestri
1527 5162 1681 5219 papa
1697 5147 1856 5218 legati
1885 5164 2009 5205 cum

427 5235 482 5287 Β.
508 5233 717 5288 Marino
741 5235 1042 5301 Arelatensi
1064 5236 1321 5308 episcopo
1332 5237 1593 5306 praefuere
1608 5256 1624 5304 ;
1657 5237 1709 5292 in
1722 5253 1830 5308 qua
1842 5237 2007 5295 etiam

426 5323 522 5378 ’uit
553 5325 883 5380 Caecilianus
925 5325 1376 5399 Carthagincnsis
1422 5330 1730 5399 episcopus.
1763 5327 2005 5385 Tertium

425 5415 737 5471 Arelatense
796 5416 1088 5472 concilium
1138 5418 1243 5474 sub
1302 5416 1579 5472 Marciano
1637 5420 1883 5488 Augusto
1939 5420 2010 5473 ab

423 5508 693 5577 episcopis
716 5523 805 5561 xw
828 5508 1095 5576 habitum,
1121 5524 1227 5563 aera
1254 5525 1494 5576 cccccxr,
1526 5524 1764 5566 canones
1795 5526 1847 5564 l\’
1876 5523 2008 5564 con-

425 5598 615 5662 s:Etuit,
647 5613 881 5669 quorum
914 5609 1107 5655 auctor
1128 5598 1186 5655 S.
1212 5593 1495 5656 'Cccsarius
1533 5598 1865 5657 Arelatensis
1884 5594 2001 5671 cpi:-

492 5773 674 5841 εέιεεςι)
714 5774 872 5851 Tom.
915 5773 932 5829 l
970 5774 1177 5833 Coucil.
1215 5777 1356 5847 apud
1398 5775 1677 5865 Urbicnin.

2120 4623 2268 4663 Lxxu
2292 4608 2558 4677 habitum,
2590 4625 2698 4667 tera
2732 4626 2950 4667 ocxxvu
2978 4611 3240 4667 Arianam
3282 4612 3538 4678 lueresirn
3558 4630 3696 4673 ana-

2119 4698 2489 4754 thematizavit
2506 4707 2562 4753 et
2594 4702 2788 4753 omnes
2812 4701 2908 4768 qui
2942 4699 3174 4754 concilia
3216 4700 3460 4755 omnium
3504 4704 3697 4759 ortho-

2116 4789 2385 4845 doxornm
2417 4788 2800 4859 episcoporum
2833 4801 3076 4842 consona
3120 4797 3356 4860 quatuor
3376 4788 3693 4862 principali-

2116 4877 2222 4933 bus
2251 4877 2474 4950 syuodis
2498 4892 2607 4932 non
2642 4884 2994 4946 receperunt,
3024 4876 3218 4934 deinde
3237 4880 3415 4953 capita
3449 4896 3547 4935 xui
3569 4894 3694 4936 con-

2116 4968 2311 5025 stituit.
2339 4968 2606 5033 Quartum
2630 4965 2951 5021 Toletannm
2975 4968 3264 5025 concilium
3290 4982 3436 5024 anno
3461 4985 3520 5024 ιιι
3547 4967 3691 5026 Siso-

2117 5056 2283 5113 nandi
2334 5057 2479 5128 regis
2502 5071 2534 5111 a
2588 5072 2656 5111 u
2685 5056 2976 5126 episcopis,
3022 5073 3128 5114 tera
3182 5074 3412 5114 net.an
3454 5072 3691 5117 canones

2118 5164 2257 5202 Lxxv
2280 5145 2584 5203 constituit.
2612 5145 2872 5213 Quintum
2905 5146 3225 5203 Toletanum
3246 5147 3542 5203 concilium
3564 5156 3690 5205 tem-

2115 5251 2247 5308 pore
2278 5235 2527 5292 Suintilze
2553 5228 2697 5307 regis
2725 5235 2795 5291 ab
2827 5235 3098 5306 episc0pis
3126 5251 3251 5290 xxxv
3286 5235 3557 5305 habitum,
3582 5253 3689 5295 acra

2114 5342 2402 5393 DCLXXXIV,
2436 5341 2675 5382 canones
2703 5343 2753 5381 ix
2776 5325 3080 5381 constituit.
3113 5323 3339 5381 Sextum
3369 5323 3689 5384 Toletannm

2112 5418 2425 5482 concilium,
2470 5432 2614 5473 anno
2659 5434 2696 5472 ιι
2744 5415 2991 5471 Suintilae
3028 5415 3172 5487 regis
3212 5416 3281 5472 ab
3334 5408 3689 5487 episcopis"

2115 5509 2514 5575 babitum,a:ra
2555 5520 2819 5571 occsa-xv,
2856 5522 3095 5564 canones
3140 5525 3232 5564 xu
3267 5509 3575 5575 constituit,
3603 5508 3690 5566 cui

2117 5596 2279 5655 Solva
2306 5598 2499 5671 [Silva,
2540 5596 2723 5670 δρινκ]
2748 5596 3114 5657 Narbonensis
3134 5590 3424 5671 episcopus
3449 5598 3688 5671 prefuit.

3620 6052 3896 6302 Α
