3956 6376
184 424 323 478 I209

1064 413 1334 470 APPEND
1391 413 1476 470 III.
1517 445 1586 460 -ν
1623 412 2054 469 MONUIIENTA
2090 407 2556 471 ΕΒΕΕΟἨΙΛΝΑ.

3289 414 3428 470 I‘BIO

178 536 488 606 Septimum
516 532 834 587 Toletanum
859 529 1147 584 concilium
1174 544 1318 582 anno
1340 545 1367 582 v
1399 528 1751 582 Cindasiundi
1783 533 1828 585 Α
1855 529 2198 596 perspexerit.
2253 528 2354 582 Per
2399 527 2732 583 contrarium
2785 536 2963 581 autem
3019 544 3288 598 nusquam
3337 529 3426 582 illa

178 622 628 697 [Cbindasuindi’]
667 621 808 691 regis
833 620 902 673 ab
931 619 1199 688 epise0pis
1239 633 1345 672 xxx
1380 619 1621 674 habitum
1658 633 1751 672 ca-

179 732 354 771 nones
379 730 434 768 vt
460 711 761 769 constituit.
794 709 1054 765 Octavum
1107 708 1427 763 Toletanum
1463 708 1750 762 concilium

179 821 336 860 xxxii
371 819 611 859 canones
636 800 935 855 constituit.
970 797 1182 852 Nonum
1224 796 1542 854 Toletanum
1573 798 1756 852 conci-

178 896 319 948 lium
351 909 498 948 auno
533 909 609 946 vn
640 890 961 946 Rccesuindi
987 889 1129 961 regis
1148 889 1217 943 ab
1247 889 1512 959 episcopis
1548 904 1636 942 xvi
1659 889 1754 942 ha-

176 981 378 1048 bitum,
404 999 509 1038 tera
524 997 699 1045 θίξιν,
726 994 961 1034 canones
993 995 1103 1033 xvtt
1138 979 1438 1034 constituit.
1477 979 1755 1034 Decimum

178 1088 331 1128 anno
361 1089 413 1125 ix
439 1070 763 1125 Recesuindi
783 1070 925 1140 regis
951 1069 1019 1124 ab
1038 1069 1307 1139 episcopis
1335 1084 1466 1123 xvnt
1487 1069 1752 1136 habitum,

177 1177 293 1217 εει-,ι
315 1176 776 1227 ucscvt,eanones
808 1178 838 1214 χ
866 1160 1117 1223 instituit,
1147 1161 1236 1214 cui
1257 1159 1526 1230 Eugenius
1540 1159 1755 1214 Toleta-

177 1267 291 1306 nus
322 1252 612 1320 cpiscopus
639 1249 872 1320 prwfuit.
913 1248 1268 1303 Undecimum
1313 1265 1456 1303 anno
1485 1267 1533 1304 IV
1563 1250 1753 1303 Wam-

174 1341 312 1395 bani
336 1341 478 1411 regis
511 1341 580 1394 ab
605 1340 874 1410 episc0pis
906 1356 1034 1407 xvu,
1057 1355 1163 1394 atra
1187 1356 1393 1406 nccxrv,
1409 1355 1642 1396 canones
1666 1357 1754 1396 xvt

174 1432 488 1496 constituit,
517 1430 602 1486 cui
635 1429 1228 1496 QuiricusToletanns
1280 1432 1566 1500 episcopus
1617 1447 1754 1500 pree-

172 1521 308 1577 fuit.
342 1522 754 1587 Duodecimum,
784 1537 928 1600 anno
957 1538 972 1575 ι
1003 1521 1202 1592 Ervigii
1229 1523 1366 1592 regis
1401 1523 1469 1576 ab
1487 1523 1756 1591 episcopis

173 1628 282 1678 ut.
311 1629 418 1668 tera
454 1628 668 1677 nccxrx,
697 1613 765 1666 ab
807 1611 987 1670 Idibus
1032 1611 1274 1666 Januarii
1325 1628 1497 1682 usque
1545 1614 1611 1666 ad
1660 1630 1754 1668 vni

172 1701 452 1758 Kalendas
476 1702 732 1757 Februar.
758 1702 1022 1768 habitum,
1065 1718 1302 1758 canones
1333 1719 1422 1758 xw
1453 1705 1752 1772 constituit,

171 1791 272 1848 cui
306 1788 554 1846 Julianus
581 1789 919 1862 Hispalensis
940 1795 1228 1862 cpiscopus
1257 1792 1489 1864 prmfuit.

1855 616 2091 684 recipere
2123 617 2381 671 debemus
2406 631 2744 686 quaecunque
2781 617 3095 685 apostolicis
3123 627 3176 670 et
3209 619 3429 672 univer-

1854 707 2061 761 salibus
2089 697 2346 762 institutis
2365 707 2640 762 adversari
2656 708 3002 776 percipimus,
3030 724 3094 760 ne
3117 708 3299 761 itidem
3327 709 3430 762 sub

1856 796 2151 851 inevitabili
2183 800 2522 851 anathemate
2554 813 2860 868 pereamus.
2894 798 3087 851 Beatus
3119 800 3262 851 enim
3295 797 3431 852 Grc-

1854 886 2038 956 gorius
2064 903 2197 957 papa
2225 888 2431 957 primus
2466 903 2656 942 omnes
2700 903 2729 942 a
2763 888 3150 957 principalibus
3183 888 3430 944 conciliis

1853 980 2232 1035 dissentientes
2255 979 2307 1032 in
2344 978 2600 1049 synodica
2627 994 2724 1031 sua
2756 980 3255 1036 anathematizavit.
3285 978 3428 1032 Idem

1855 1071 1978 1125 alibi
2004 1069 2187 1124 omnia
2211 1070 2379 1123 sacris
2395 1069 2692 1123 eanonibus
2707 1068 2930 1122 adversa
2963 1070 3064 1122 sub
3087 1071 3431 1124 anathemate

1855 1160 2149 1216 damnavit.
2206 1159 2300 1214 IIis
2349 1159 2535 1228 utique
2600 1158 2878 1212 sententiis
2939 1158 3012 1210 illi
3066 1161 3433 1214 indubitanter

1855 1252 2173 1314 multantur,
2205 1251 2516 1319 quicunque
2540 1250 2742 1318 aliquid
2770 1249 2821 1301 in
2847 1250 3164 1302 canonicam
3193 1251 3433 1304 auctori-

1855 1350 2018 1406 tatem
2049 1341 2285 1410 recipere
2307 1349 2642 1409 priesumunt
2665 1339 2808 1409 quod
2839 1340 3162 1392 autlieuticis
3195 1340 3433 1394 sanctio-

1856 1433 2018 1486 nibus
2041 1431 2315 1486 adversari
2343 1430 2769 1498 deprehemlunt.
2804 1430 2967 1484 Beato
2996 1447 3211 1499 quoque
3240 1431 3431 1500 Augu-

1856 1523 2000 1578 stino
2028 1532 2298 1576 asserente
2324 1521 2612 1575 didicimus
2642 1522 2785 1589 quod
2812 1522 2898 1574 illa
2932 1521 3158 1574 concilia
3187 1537 3308 1590 qua:
3338 1537 3434 1591 per

1857 1614 2098 1684 singulas
2143 1612 2386 1682 regiones
2419 1612 2501 1665 vel
2534 1611 2836 1681 provincias
2881 1612 3036 1678 (lunt,
3062 1613 3431 1692 pleuari'orunt

1856 1704 2209 1758 conciliorum
2239 1689 2570 1767 auctoritati,
2596 1719 2715 1772 quae
2735 1718 2799 1756 ex
2827 1704 3081 1757 universo
3108 1705 3239 1757 orbe
3266 1689 3431 1759 Chri-

1857 1794 2032 1849 stiano
2067 1793 2222 1858 ﬁunt,
2251 1795 2369 1848 sine
2399 1794 2522 1848 ullis
2549 1795 2865 1865 ambagibus
2888 1795 3105 1848 cedunt.

251 1881 494 1936 Primum
523 1881 851 1936 Braearense
885 1883 1194 1947 concilium,
1226 1901 1368 1939 anno
1391 1901 1456 1952 in
1498 1885 1748 1940 Arimarii
1787 1854 1827 1908 Β
1922 1883 1998 1938 De
2020 1877 2338 1939 auctoritate
2364 1895 2545 1939 autem
2575 1885 2817 1954 ipsorum
2841 1886 3232 1956 pontiﬁcalium
3253 1885 3432 1941 decre-

171 1969 484 2042 [.~\riamiti]
511 1973 654 2040 regis
681 1971 750 2025 ab
793 1973 1067 2042 episcopis
1090 1990 1162 2027 vn
1211 1971 1474 2038 babitiim,
1502 1986 1753 2031 currente

167 2071 289 2112 atra
325 2074 508 2124 othx,
543 2059 722 2128 capita
762 2075 870 2114 xvn
916 2071 1106 2116 contra
1154 2061 1593 2135 PriScilliqnistas
1627 2080 1752 2135 pro-

167 2147 440 2218 mulgavit
463 2123 703 2213 {deinde
736 2165 848 2204 nn
866 2165 1101 2208 canones
1117 2123 1422 2209 constituit:
1446 2123 1751 2211 Secundum

168 2236 513 2294 Braearense
564 2239 877 2308 concilium,
927 2257 1073 2297 anno
1125 2259 1162 2298 ιι
1218 2243 1337 2298 Miri
1385 2245 1632 2318 [Mironis
1674 2249 1752 2302 vel

167 2325 469 2396 Ariamini]
513 2327 656 2397 regis
701 2327 771 2382 ab
798 2329 1066 2400 episcopis
1091 2347 1164 2385 xu
1199 2331 1462 2398 habitum,
1501 2343 1753 2389 currente

167 2430 284 2470 mra
317 2431 441 2481 θοι,
469 2431 708 2472 canones
731 2435 763 2472 ι
797 2420 1098 2485 constituit,
1135 2422 1222 2476 cui
1257 2421 1523 2478 Martinus
1554 2423 1753 2480 Braca-

167 2503 358 2557 tensis
375 2503 662 2573 episcopus
695 2505 927 2575 praefuit.
967 2507 1208 2565 Tertium
1261 2510 1590 2570 Bracarense
1617 2531 1752 2571 con-

167 2592 363 2648 cilium
409 2610 464 2648 ιι
505 2595 906 2666 episcoporum,
943 2597 1300 2658 Orientalium
1349 2602 1571 2674 Patrum
1625 2623 1751 2667 cum

166 2685 368 2738 eodem
385 2682 618 2741 Martino
633 2690 962 2758 excerpsitct
981 2693 1287 2748 emendavit
1319 2685 1560 2765 subjecta
1583 2713 1750 2752 Lxxnt

166 2773 376 2844 capita.
436 2774 700 2841 Quartum
754 2776 1085 2836 Bracareuse
1139 2785 1450 2851 concilium,
1506 2802 1650 2841 anno
1700 2790 1756 2843 ιγ’

166 2862 470 2917 \Vambani
501 2865 646 2934 regis
675 2866 744 2920 ab
768 2868 1037 2940 episcopis
1071 2887 1125 2926 ix
1147 2873 1413 2939 habitum,
1451 2892 1556 2931 :era
1587 2893 1747 2933 aestv

163 2966 416 3017 canones
447 2967 542 3008 vm
567 2955 870 3026 constituit,
906 2959 993 3016 cui
1018 2958 1258 3019 Isidorus
1285 2962 1618 3036 Hispalensis
1637 2968 1752 3039 epi-

165 3056 378 3114 scopus
405 3043 669 3102 interfuit.
1002 3065 1006 3069 ·
1300 3061 1302 3063 ’
1617 3055 1620 3058 ’

1854 1984 2029 2029 torum
2063 1975 2205 2029 nulla
2237 1975 2394 2030 nobis
2422 1975 2686 2030 dubitatio
2715 1978 3059 2046 relinquitur,
3084 1993 3206 2032 cum
3237 1985 3290 2031 et
3315 1976 3431 2045 ipsa

1853 2067 2177 2126 universalia
2207 2066 2431 2121 concilia
2455 2068 2830 2121 auctoritatem
2853 2068 3046 2122 exinde
3073 2068 3431 2138 perceperint,

1854 2172 1953 2210 nec
1976 2157 2190 2212 aliunde
2213 2157 2524 2229 synodicam
2551 2157 2861 2213 ﬁrmitatem
2906 2159 3104 2213 habere
3135 2159 3432 2228 potuerint.

1854 2244 1977 2300 Ilaec
2003 2261 2132 2316 ergo
2148 2257 2199 2301 et
2225 2262 2323 2301 nos
2350 2248 2812 2302 irretractabiiitcr
2835 2248 3125 2302 observare
3147 2249 3432 2313 debemus,

1853 2345 1911 2389 ut
1947 2337 2221 2406 apostolici
2270 2336 2456 2391 Patres
2497 2338 2653 2392 nobis
2679 2353 2744 2392 ex
2785 2339 3082 2406 apostolica
3113 2339 3432 2392 auctoritate

1852 2439 2240 2496 praeceperunt,
2264 2443 2364 2497 per
2385 2443 2550 2498 quam
2573 2435 2627 2482 et
2667 2429 2899 2484 aliorum
2935 2437 3138 2484 statuta
3175 2429 3332 2483 nobis
3360 2428 3431 2484 ad

1851 2503 2246 2573 observandum
2262 2519 2615 2575 cauouizasse
2632 2520 2904 2590 leguntur,
2923 2536 3115 2590 nempe
3127 2520 3431 2576 beatissimi

1851 2607 2040 2665 Patres
2068 2611 2238 2665 nostri
2262 2609 2524 2668 Damasus
2552 2621 2603 2666 et
2622 2610 2730 2666 Leo
2750 2611 3008 2683 Magnus:
3029 2629 3264 2684 quorum
3292 2614 3432 2669 alter

1852 2701 2148 2755 secundum
2178 2701 2482 2756 universale
2537 2703 2827 2757 concilium
2851 2744 2866 2769 ,
2910 2703 3046 2758 alter
3076 2714 3356 2774 quartum,
3381 2704 3432 2760 id

1850 2796 1932 2843 est
1955 2787 2392 2848 Chalcedonense
2427 2791 2738 2857 concilium,
2773 2794 3071 2862 apostolica
3111 2796 3432 2851 auctoritate

1850 2878 2104 2936 ﬁrmavit.
2135 2878 2262 2950 Ipsi,
2311 2881 2552 2952 inquam,
2580 2883 2768 2937 eadem
2797 2883 3116 2940 auctoritate
3156 2894 3211 2940 et
3243 2886 3432 2941 eadem

1849 2984 1983 3025 voce
2011 2970 2084 3025 ita
2133 2972 2452 3043 generaliter
2491 2974 2811 3030 decrevere:
2851 2993 2869 3026 ι
2913 2973 3128 3042 Omnia,
3158 2977 3430 3048 inquiunt.

1851 3059 2138 3118 decretalia
2171 3064 2633 3131 pmlecessorum
2663 3074 2997 3134 nostrorum,
3020 3084 3142 3138 quae
3167 3069 3235 3124 de
3262 3068 3424 3125 eccle

242 3133 859 3236 Pritnum.ﬂispalense
893 3141 1182 3196 concilium
1227 3159 1374 3200 anno
1409 3146 1753 3224 vllicharedi
1781 3179 1822 3236 ε
1857 3151 2091 3207 siasticis
2146 3153 2431 3220 ordinibus
2479 3164 2534 3209 et
2592 3171 2863 3211 canonum
2918 3133 3256 3229 promulgata
3306 3169 3432 3214 sunt

164 3225 318 3296 regis
340 3226 411 3281 ab
437 3225 706 3298 cpiscOpis
727 3244 781 3282 vi
815 3230 1077 3297 habitum,
1100 3248 1206 3288 mra
1229 3250 1485 3302 ucxxvm,
1508 3252 1748 3294 canones

167 3329 232 3368 nt
257 3313 484 3381 statuit;
509 3329 598 3396 cui
637 3313 881 3388 Leander
919 3317 1252 3394 IIispaIensis
1290 3323 1580 3396 episcopus
1608 3342 1747 3396 prae-

168 3401 302 3468 fuit,
351 3402 419 3458 ad
449 3395 611 3473 quem
661 3418 884 3464 s.mctus
916 3407 1209 3479 Gregorius
1249 3395 1742 3486 Moraliaiscripsit.

168 3492 490 3547 Secundum
515 3491 834 3563 Hispalense
877 3498 1188 3569 concilium,
1227 3510 1466 3572 tempore
1512 3504 1747 3561 Sisebuti

165 3583 321 3654 regis
360 3583 430 3637 ab
468 3584 737 3655 episcopis
774 3603 870 3642 vut
898 3589 1164 3658 habitum,
1193 3607 1301 3648 tera
1352 3610 1546 3661 oetvu,
1582 3610 1748 3652 cano-

166 3688 272 3728 nes
296 3688 372 3728 xu
413 3672 698 3730 constituit
739 3678 998 3748 subjectis
1033 3697 1176 3737 xu'tt
1210 3685 1478 3754 capitibus
1516 3688 1582 3742 de
1612 3681 1742 3759 ﬁde;

166 3763 263 3817 cui
297 3763 527 3818 concilio
556 3763 616 3819 Β.
649 3763 892 3825 Isidorus
927 3767 1266 3840 Ilispalensis
1289 3775 1578 3846 episcopus
1613 3796 1748 3849 pra:-

165 3851 298 3916 fuit,
329 3853 422 3922 qui
457 3869 657 3924 corpus
705 3873 976 3916 canonum
1002 3863 1421 3935 compaginavit.
1456 3866 1747 3942 [lucusque

164 3943 402 3997 Concilia
439 3943 844 4014 Hispaniarum.

241 4031 372 4088 Haec
390 4042 518 4088 sunt
552 4050 682 4105 ergo
698 4037 1031 4096 diversarum
1058 4044 1460 4112 provinciarum
1492 4051 1740 4119 concilia,

163 4139 298 4195 qua:
322 4125 609 4194 praulictus
642 4125 880 4186 Isidorus
907 4131 960 4185 in
988 4131 1310 4197 Collectario
1343 4153 1445 4193 suo
1471 4140 1539 4193 de
1573 4156 1741 4197 cano—
1786 4163 1791 4169 ί

163 4214 335 4269 nibus
367 4214 780 4285 diligentissime
805 4219 1090 4292 descripsit
1116 4241 1131 4291 ;
1170 4240 1330 4295 quem
1361 4229 1546 4300 utique
1567 4233 1744 4290 Colle-

161 4304 404 4359 ctarium
460 4305 508 4359 si
535 4300 657 4376 quis
685 4311 925 4392 studiose
953 4314 1253 4386 perlegerit,
1295 4319 1602 4389 plenissime
1631 4325 1740 4394 illa,

160 4409 295 4466 quae
336 4410 437 4450 nos
463 4402 775 4456 sunnnatim
820 4418 986 4475 supra
1027 4408 1318 4479 tetigimus,
1373 4427 1434 4468 se
1471 4413 1742 4471 invenisse

106 4543 116 4553 ,
160 4486 442 4563 gaudebit.
459 4492 463 4496 ’

240 4575 444 4632 Praeter
469 4579 581 4634 haec
611 4590 790 4636 autem
821 4583 974 4653 plura
1022 4586 1368 4647 inveniuntur
1390 4572 1645 4662 concilia,
1683 4607 1744 4652 ut

157 4663 563 4734 Moguntiense,
580 4665 942 4739 Nannctense,
961 4683 1015 4730 et
1035 4678 1139 4732 alia
1157 4679 1465 4750 huiusmodi
1488 4696 1738 4742 sexcenta

158 4767 291 4822 qua:
320 4761 502 4808 tamen
545 4752 886 4838 nequaquam
922 4775 1268 4839 contemnere
1307 4773 1585 4840 debemus,
1614 4793 1736 4832 cum

157 4842 337 4897 multa
367 4843 421 4897 in
451 4845 536 4901 bis
562 4848 939 4936 ecclesiastica:
957 4856 1294 4925 dispositioni
1325 4865 1624 4919 necessaria
1653 4883 1739 4922 re-

159 4938 476 5039 geriamus;
512 4945 808 5039 praesertim
849 4942 972 5013 cum
995 4960 1047 5005 et
1072 4951 1300 5009 Romani
1339 4958 1618 5025 pontiﬁces
1648 4961 1736 5017 illa

158 5029 264 5100 per
292 5029 596 5099 provincias
623 5036 879 5092 celebrari
919 5041 1200 5110 jusserint,
1249 5062 1420 5118 eaque
1449 5050 1562 5106 suis
1590 5054 1735 5123 lega—

156 5121 407 5176 tionibus
431 5125 766 5181 auctorizare
793 5134 1192 5190 consueverint.
1225 5136 1338 5194 Hoc
1366 5156 1494 5195 vero
1514 5121 1736 5213 genera-

159 5209 290 5262 liter
318 5212 374 5264 in
396 5229 428 5282 ί,
454 5215 725 5273 vibuslibet
737 5220 1157 5288 provincialibus
1175 5229 1419 5286 conciliis
1439 5209 1737 5289 estveliser—

158 5299 428 5365 validum,
446 5310 500 5354 «at
528 5305 579 5354 il!
603 5325 659 5357 εις
679 5325 844 5379 rmper
865 5311 1038 5380 capita
1062 5315 1386 5384 recipiamus
1400 5338 1734 5393 quascunque

158 5388 484 5457 apostolicis
506 5397 986 5457 et‘tmiversalibus
1034 5402 1293 5461 institutis
1323 5388 1730 5477 con—sonare,-et

155 5477 540 5534 ecclesiasticae
567 5527 578 5534 .
602 5485 775 5542 ‘ilitati
795 5502 1096 5573 competere
1126 5497 1418 5555 videamus.
1445 5502 1578 5557 Nam
1604 5520 1730 5560 san—

157 5565 236 5619 cti
262 5566 452 5624 Patres
483 5573 580 5625 su'.
608 5575 852 5634 ᾶίςετίοιο
882 5565 1223 5642 anathemate
1262 5589 1408 5644 illum
1439 5592 1728 5652 damnasse

155 5656 418 5723 leguntur
463 5666 769 5736 quicunque
814 5675 1237 5733 orthodoxorum
1283 5680 1501 5737 Patrum
1525 5693 1724 5745 statuta

154 5764 269 5807 non
297 5764 554 5821 receperit
577 5772 696 5826 qua:
723 5762 1115 5824 universalibus
1147 5773 1390 5831 conciliis
1421 5757 1722 5838 consonare

1852 3240 2170 3310 disciplinis,
2199 3243 2283 3296 ita'
2303 3244 2559 3299 omnilms
2583 3247 2851 3319 episcopis
2871 3263 2900 3301 a
2923 3249 3135 3304 cunctis
3161 3249 3431 3320 generali-

1848 3337 1930 3384 ter
1974 3332 2344 3388 sacerdotibus
2384 3334 2646 3388 custodiri
2680 3335 2875 3390 debere
2913 3339 3257 3405 mandamus,
3295 3340 3430 3395 utsi

1846 3421 1970 3491 quis
2002 3423 2053 3475 in
2085 3422 2174 3478 illa
2203 3424 2557 3500 commiserit,
2586 3426 2799 3480 veniam
2824 3427 2926 3482 sibi
2943 3428 3195 3498 deinceps
3220 3431 3428 3485 noverit

1847 3511 2121 3584 denegari.
2156 3533 2175 3565 ι
2232 3513 2375 3569 Idem
2420 3514 2688 3582 Damasus
2716 3518 2842 3590 alibi
2875 3521 3131 3574 omnibus
3157 3520 3430 3592 episcopis

1847 3603 2125 3658 scribens:
2164 3625 2182 3656 ι
2216 3603 2564 3691 (Μιδριυιέῑυίνξ
2612 3609 2807 3678 inquit,
2845 3610 2912 3665 ab
2959 3613 3214 3666 munibus
3244 3623 3303 3667 ut
3340 3608 3451 3671 illa.

1847 3709 2077 3765 semper,
2109 3711 2230 3766 qua:
2261 3698 2928 3767 apostolica‘institutione
2982 3714 3036 3758 et
3070 3703 3288 3758 Patrum
3315 3715 3426 3760 tta-

1845 3786 2050 3842 ditione
2097 3797 2224 3843 sunt
2269 3791 2709 3857 constituta,s‘ub
2753 3803 2897 3847 metu
2931 3793 3288 3862 irret‘ragabili
3320 3810 3424 3847 au-

1847 3878 2096 3939 ctoritate
2121 3888 2423 3936 teneantur.
2471 3900 2486 3932 ι
2527 3883 2656 3936 Item
2687 3882 2877 3938 beatus
2906 3883 3117 3954 Agatho
3149 3898 3304 3953 papa,
3330 3887 3428 3954 qui

1848 3970 2277 4024 n'tmiversalcm
2303 3971 2570 4040 synodum
2615 3987 2711 4041 per
2754 3970 2962 4042 legatos
3009 3989 3138 4028 suos
3167 3975 3427 4042 instituit,

1843 4068 1895 4112 et
1925 4059 2227 4113 institutam
2258 4063 2552 4130 apostolica
2581 4063 2902 4120 auctoritate
2950 4065 3216 4120 firmavit:
3254 4085 3271 4116 ι
3310 4064 3424 4137 Sic,

1844 4146 2037 4219 inquit,
2070 4164 2258 4206 omnes
2286 4153 2598 4221 apostolica:
2627 4155 2772 4210 sedis
2820 4157 3127 4211 sanctiones
3150 4157 3425 4225 accipien-

1844 4240 1926 4296 dze
1955 4251 2099 4307 sunt,
2128 4252 2387 4313 tauquam
2412 4246 2581 4314 ipsius
2604 4245 2744 4299 Petri
2759 4245 2939 4300 divina
2968 4260 3098 4308 voce
3128 4246 3371 4304 ﬁrmatae.
3398 4268 3418 4302 ι

1844 4330 1973 4386 Item
2009 4349 2292 4390 successor
2320 4350 2510 4389 eorum
2538 4335 2727 4389 beatus
2757 4335 3012 4393 Nicolaus
3042 4355 3178 4409 papa
3209 4339 3424 4410 primus

1843 4423 2050 4492 synodo
2076 4424 2310 4492 generali
2351 4425 2666 4492 praisidens,
2711 4427 2955 4496 ejusdem
2995 4433 3184 4501 synodi
3213 4433 3424 4502 judicio

1774 4504 1817 4558 Ι)
1843 4511 2076 4566 decrevit
2109 4532 2126 4562 ι
2160 4523 2217 4566 ιιι
2266 4515 2427 4569 etiam
2463 4518 2748 4573 anathema
2791 4531 2937 4576 esset
2973 4524 3284 4594 quicunque
3324 4525 3421 4578 dc-

1842 4611 1988 4655 creta
2003 4618 2032 4655 a
2048 4601 2292 4659 Romano
2311 4608 2560 4675 pontifice
2574 4613 2910 4682 promulgata
2932 4615 3362 4682 contempsisset.
3392 4636 3412 4666 ι

1843 4691 2073 4749 Sanctus
2097 4711 2311 4768 quoque
2341 4698 2612 4754 Adrianus
2644 4718 2777 4770 papa
2799 4703 2960 4756 etiam
3007 4719 3158 4772 reges
3185 4706 3414 4759 anathe-

1841 4785 2392 4862 matizatquicunque
2438 4791 2584 4846 sedis
2628 4793 2936 4862 apostolica:
2971 4794 3186 4850 decreta
3215 4797 3422 4852 violare

1839 4892 1943 4931 nor.
1973 4877 2282 4934 formidant.

1910 4967 2004 5022 IIis
2027 4985 2152 5039 ergo
2175 4969 2501 5025 testimoniis
2524 4973 2658 5028 satis
2689 4975 2980 5054 edocemur
3004 4995 3168 5048 quam
3197 4980 3412 5034 indubi-

1839 5066 2016 5112 tanter
2042 5059 2354 5126 apostolicis
2387 5061 2897 5123 institutis-obedire
2923 5071 3234 5125 debeamus.
3291 5106 3310 5118 ι

1906 5147 2030 5203 Haec
2063 5159 2191 5203 sunt
2229 5151 2391 5222 igitur
2421 5157 2787 5213 ecclesiastica
2817 5169 3018 5216 statuta
3057 5171 3164 5215 tam
3197 5164 3250 5214 in
3273 5176 3407 5214 con—

1834 5237 1975 5292 ciliis
1999 5255 2162 5309 quam
2199 5241 2258 5316 in
2291 5247 2688 5312 pontiﬁcalibus
2723 5250 2978 5318 decretis,
3002 5253 3198 5321 quibus
3223 5249 3405 5304 Eccle-

1836 5329 2055 5385 siastiea
2086 5333 2370 5405 disciplina
2414 5352 2446 5390 a
2476 5341 2808 5406 temporibus
2852 5344 3218 5415 apostolorum
3248 5342 3404 5395 insti-

1835 5428 1950 5476 tuta
1985 5432 2038 5477 et
2070 5424 2350 5493 hucusque
2370 5439 2665 5496 propagata
2689 5449 2794 5486 non
2825 5435 3117 5488 dubitatur.

1907 5513 1970 5567 Hi
2018 5525 2144 5568 sunt
2192 5515 2544 5570 ecclesiastici
2588 5536 2849 5588 canones,
2907 5525 2998 5592 qui
3056 5521 3398 5575 swerdotum

1832 5604 2046 5677 proprie
2075 5598 2346 5670 dicuntur,
2385 5615 2440 5660 ut
2464 5606 2759 5681 IexMoysi,
2784 5613 2866 5666 lex
2886 5612 3212 5666 .Iudceorum.
3246 5608 3398 5666 Unde

1832 5691 1887 5745 S.
1927 5692 2252 5748 Cutlestinus
2283 5711 2417 5764 papa
2447 5716 2457 5750 :
2493 5716 2512 5747 ι
2543 5697 2704 5764 Nulli,
2738 5701 2930 5770 inquit,
2956 5700 3295 5755 sacerdotum
3323 5702 3390 5756 ιιμ

1827 5791 1944 5837 ccat
1975 5795 2101 5840 suos
2148 5785 2395 5857 ignorare
2445 5803 2698 5857 canones,
2743 5808 2839 5847 nec
2885 5793 3178 5864 quidquam
3214 5793 3388 5851 facere
