3956 6372
193 445 338 500 1213

1075 441 1356 497 APPEND.
1397 441 1480 497 III.
1533 473 1589 482 -ο
1627 441 2058 500 ΜΟΝιῖΜΕΝΤΑ
2096 444 2557 502 ϐΙὶΕϐΟῖΠᾹΝᾹ.

3325 441 3430 495 9H

191 557 346 611 Idem
369 556 534 611 etiam
561 555 888 624 apostolicus
919 553 1218 609 Dodavcna:
1241 556 1476 610 civitatis
1511 556 1768 625 episcopi,
1803 559 1844 614 Α
1871 557 2002 611 Item
2030 559 2173 613 I-‘elix
2206 575 2342 628 papa
2378 557 2635 612 omnibus
2663 555 2932 624 episcopis
2957 554 3202 632 scribens
3228 572 3238 605 :
3274 573 3290 603 ο
3327 554 3432 604 Ab-

190 663 229 700 a
261 646 479 702 clericis
521 647 639 700 suis
666 661 764 714 pro
787 645 1053 713 corporali
1082 645 1310 698 crimine
1353 647 1591 699 accusati
1613 656 1773 714 atque

192 737 462 801 convicti,
477 736 869 806 depositionem
892 736 944 788 in
961 744 1166 788 tantum
1190 736 1549 800 confirmavit,
1571 745 1629 789 ut
1648 750 1773 789 eum

192 829 374 881 etiam
417 826 797 882 communione
829 822 1146 894 privandum
1189 826 1480 893 judicarct,
1531 827 1576 880 si
1623 827 1774 880 dein-

193 932 338 985 ceps
365 916 564 985 aliquid
593 917 658 969 de
687 915 995 984 episcopatu
1023 915 1101 968 vel
1133 914 1276 983 loqui
1304 924 1666 985 prmsumcrct.

281 1002 390 1058 Sed
413 1004 527 1057 hrcc
558 1019 894 1071 nequaquam
918 1002 983 1056 ad
1012 1003 1236 1056 invicem
1273 1003 1541 1056 contraria
1565 1001 1776 1070 judica-

198 1095 415 1158 liimus,
441 1093 486 1146 si
520 1094 852 1162 superiorem
883 1094 1204 1148 sententiam
1227 1103 1589 1164 competenter
1623 1091 1778 1146 intel-

201 1184 384 1254 ligere
413 1183 746 1247 curabimus,
795 1183 1039 1237 videlicet
1068 1199 1132 1237 ne
1164 1197 1293 1237 oves
1322 1170 1478 1237 suum
1509 1191 1777 1252 pastorem

201 1288 278 1325 ex
331 1273 544 1342 propria
599 1273 896 1327 temeritate
946 1273 1212 1328 ullatenus
1271 1289 1526 1327 accusare
1575 1286 1780 1342 praesu-

205 1370 395 1424 mant,
429 1375 525 1414 nec
570 1368 750 1422 tamen
790 1360 1051 1429 superiori
1084 1361 1333 1430 potestati
1367 1361 1416 1413 in
1440 1375 1470 1416 c
1494 1359 1573 1414 eis
1623 1374 1779 1412 cano-

207 1449 344 1503 nicc
383 1451 711 1520 praecipienti
741 1452 969 1520 superbe
1001 1443 1276 1516 resistant,
1305 1451 1526 1504 minime
1564 1449 1780 1518 quidem

209 1537 295 1592 illi
331 1541 580 1608 potestati
612 1556 728 1610 qua:
755 1543 900 1610 ipsos
925 1541 1180 1595 daninare
1204 1541 1416 1610 poterit,
1443 1540 1563 1594 si-ci
1594 1547 1782 1592 contra

212 1631 505 1698 proprium
551 1633 863 1700 episcopum
909 1632 1128 1686 obedire
1171 1632 1459 1685 noluerint.
1495 1629 1583 1684 Sic
1623 1630 1784 1698 igitur

213 1718 583 1790 intelligitur:
619 1740 636 1771 ι
673 1718 784 1776 Nec
801 1721 998 1775 subditi
1038 1721 1286 1789 praelatos
1323 1729 1518 1774 temere
1567 1736 1786 1774 accusa-

218 1807 384 1874 bunt,
416 1826 515 1864 nec
546 1811 808 1880 superiori
857 1811 1107 1880 potestati
1143 1797 1532 1864 contumaciter
1557 1811 1786 1864 resulta-

219 1898 384 1952 bunt.
427 1918 446 1950 ι
475 1873 790 1968 Ilujusmodi
835 1873 1235 1968 a'dapcI-tionem
1289 1900 1588 1954 intellectus
1629 1910 1682 1954 et
1733 1900 1786 1952 in
1821 1873 1861 1926 Β

221 1988 347 2056 ipsa
380 2004 532 2043 sacra
558 1987 832 2058 Scriptura
856 2004 1242 2056 nommnquam
1275 1989 1580 2042 necessario
1607 1988 1788 2056 requi-

220 2079 424 2142 rimus,
460 2079 538 2132 uti
579 2079 633 2131 in
671 2079 799 2132 illo:
841 2097 859 2129 ι
896 2077 1012 2131 Non
1055 2077 1268 2130 occides
1293 2075 1485 2145 (Exod.
1527 2078 1639 2144 xx).
1682 2097 1700 2127 ι
1734 2075 1790 2130 Si

219 2167 374 2221 cnim
399 2167 524 2220 illud
546 2167 707 2222 nimis
727 2167 1044 2236 simpliciter
1071 2165 1416 2230 intellexeris,
1445 2166 1558 2234 ipsa
1583 2166 1665 2219 lex
1689 2167 1790 2219 sibi

219 2258 570 2328 repugnabit,
598 2273 721 2328 qua:
746 2260 1192 2329 saepissime-alibi
1223 2275 1346 2316 reos
1379 2269 1551 2314 morte
1578 2258 1791 2312 multari

219 2347 486 2403 decrevit.
511 2348 628 2418 Ipse
651 2365 865 2419 quoque
890 2349 1051 2415 Deus,
1076 2350 1166 2420 qui
1196 2351 1365 2420 legem
1398 2350 1645 2413 instituit,
1674 2363 1794 2418 per-

223 2455 375 2509 saepe
396 2440 594 2495 multos
623 2440 794 2495 occidi
833 2441 1103 2510 praecepit.
1134 2439 1210 2494 Nc
1227 2454 1356 2509 ergo
1384 2438 1550 2493 Deum
1584 2441 1793 2508 uspiam

223 2531 507 2605 contraria
551 2530 871 2600 prmeepisse
926 2529 1284 2598 blaspliemes,
1335 2530 1643 2598 prazdictam
1683 2547 1798 2583 scn-

221 2619 457 2674 tentiam
493 2619 888 2674 consideratius
942 2620 1251 2675 necessario
1297 2620 1591 2690 intelligere
1638 2621 1800 2675 debe-

222 2724 380 2773 mus,
401 2709 607 2765 scilicet
635 2725 697 2764 ea
724 2710 1152 2766 consideratione
1188 2726 1254 2765 ne
1275 2711 1468 2779 aliquis
1490 2727 1554 2764 ex
1583 2712 1800 2780 propria

225 2800 658 2868 praesumptione
706 2801 943 2866 occidat;
994 2800 1103 2856 Deo
1142 2810 1344 2865 autem,
1375 2801 1422 2855 si
1471 2802 1574 2856 hoc
1604 2817 1698 2870 per
1721 2817 1797 2866 se,

225 2889 353 2946 sive
378 2904 472 2958 per
493 2889 660 2959 legem
687 2889 781 2944 Dei
816 2893 1148 2962 prccccpcrit,
1190 2891 1408 2946 obedire
1443 2908 1551 2946 non
1589 2902 1798 2947 renuat.

228 2981 316 3036 Ita
363 2976 507 3036 etum
535 2981 593 3034 Β.
621 2982 958 3054 Augustinus
987 2986 1040 3038 in
1065 2985 1156 3038 lib.
1184 3003 1198 3039 ι
1223 2985 1296 3039 De
1316 2985 1463 3040 civit.
1495 2984 1609 3050 Dei,
1633 3002 1803 3055 expo-

230 3075 342 3137 nit,
375 3074 530 3143 juxta
564 3090 725 3144 quem
773 3091 878 3130 non
924 3075 1038 3146 ipse
1083 3077 1280 3130 occidit
1318 3077 1567 3146 quisquis
1599 3076 1652 3129 in
1703 3077 1805 3131 hoc

1874 659 2044 714 sonte,
2101 650 2293 719 inquit,
2331 647 2664 710 adversario,
2695 661 2803 698 non
2844 644 3094 696 audiatur
3124 651 3432 699 accusator,

1874 757 1973 794 nec
2000 741 2261 794 sententia
2295 739 2517 792 absente
2570 736 2672 790 alia
2703 742 2854 802 parte
2883 749 2911 786 a
2949 733 3130 799 judice
3159 733 3320 783 .dicta
3354 733 3436 782 nl-

1875 831 1979 883 lam
2001 829 2265 882 obtinebit
2293 826 2621 880 lirmitatcm.
2655 842 2672 874 ι
2721 822 2849 876 Item
2900 832 3122 875 sanctus
3150 820 3438 872 Cornelius

1875 934 2010 988 papa
2044 936 2056 970 :
2091 937 2107 967 ι
2145 915 2356 977 Omnia,
2412 914 2606 982 inquit,
2633 928 2756 982 qua:
2801 911 3062 964 adversus
3098 901 3348 961 absentes
3383 908 3438 960 in

1875 1009 2023 1062 omni
2047 1008 2260 1078 negotio
2299 1017 2389 1059 aut.
2418 1007 2536 1057 loco
2557 1013 2812 1072 aguntur,
2846 1002 3178 1070 judicantur,
3216 999 3440 1051 omnino

1876 1101 2095 1152 evneual
2119 1109 2302 1158 untur,
2325 1095 2580 1165 qttouiam
2617 1094 2893 1146 absentem
2919 1091 3100 1144 nullus
3123 1089 3320 1141 addicit
3344 1103 3440 1139 nec

1879 1189 1984 1241 ulla
2018 1189 2101 1241 lex
2147 1188 2388 1240 damnat.
2437 1205 2454 1235 ι
2489 1184 2740 1237 lusimus
2761 1191 2940 1235 autem
2974 1195 3130 1249 papa,
3165 1178 3216 1230 in
3254 1177 3444 1230 ordino

1879 1277 2060 1343 XHII,
2081 1293 2206 1332 cum
2232 1291 2406 1330 ccxvn
2428 1274 2700 1344 episcopis
2722 1271 2958 1325 Africani
2991 1268 3226 1331 concilii,
3254 1281 3445 1334 qucrn-

1879 1371 2008 1424 libet
2029 1378 2396 1422 accusatorem
2426 1367 2539 1419 sive
2562 1375 2899 1424 accusatum,
2947 1362 3108 1414 etiam
3146 1360 3444 1418 absentem,

1881 1458 2263 1515 communione
2305 1456 2554 1524 privavit,
2605 1454 2926 1523 quicunque
2961 1459 3080 1519 post
3128 1447 3444 1500 canonicam

1881 1550 2218 1605 vocationem
2283 1548 2466 1600 venire
2505 1544 2940 1612 contempsisset.
2980 1540 3106 1593 Item
3141 1535 3449 1590 Bonifacius

1884 1655 2042 1710 papa,
2072 1654 2360 1693 successor
2395 1637 2532 1704 ejus,
2565 1635 2632 1688 de
2673 1633 3069 1688 contumaciter
3091 1631 3312 1683 absente
3354 1628 3448 1680 dc-

1883 1729 2051 1784 crevit
2081 1743 2148 1781 ne
2175 1728 2486 1780 dilationem
2548 1723 2826 1778 sententize
2860 1721 2926 1775 de
2981 1719 3227 1774 absentia
3266 1719 3447 1769 lucra-

1886 1827 2056 1872 retur.
2117 1817 2314 1872 Beatus
2359 1830 2576 1884 quoque
2618 1813 2912 1882 Gregorius
2967 1811 3254 1863 Maximum
3316 1822 3452 1875 przee

1890 1917 2220 1976 sumptorem
2248 1905 2623 1959 Salonitanum
2649 1920 2754 1956 non
2798 1903 2973 1956 solum
3002 1917 3099 1970 pro
3136 1899 3295 1952 illatis
3343 1896 3450 1949 cri-

1892 2000 2147 2059 minibus,
2181 1997 2271 2050 sed
2307 1996 2472 2048 etiam
2504 2009 2602 2062 pro
2632 1995 2873 2047 absentia
2912 1990 3276 2045 damnandum
3302 1985 3451 2053 judi-

1891 2091 2051 2154 cavit,
2097 2103 2164 2140 co
2209 2086 2354 2156 quod
2401 2084 2662 2140 canonice
2693 2092 2917 2136 vocatus
2955 2082 3138 2134 venire
3164 2075 3451 2132 distulerit.

1892 2179 2022 2234 Item
2073 2177 2392 2232 Theodorus
2442 2173 2798 2244 papa,Paulo
2853 2169 3459 2236 (Ξουθίαιιιίιιοιιυιὶιειιιη

1893 2267 2159 2329 scribens,
2184 2265 2436 2334 prteccpit
2483 2273 2542 2316 ut
2591 2263 2857 2332 Pyrrhum
2909 2261 3150 2330 ejusdem
3183 2257 3458 2326 quondam

1894 2357 2036 2412 sedis
2080 2356 2394 2425 episcopum
2432 2354 2712 2407 absentem
2764 2353 3048 2406 damnaret
3087 2369 3100 2402 :
3134 2369 3150 2400 ι
3180 2349 3338 2414 Quia,
3378 2348 3461 2400 in-

1895 2447 2030 2516 quit,
2057 2447 2337 2515 przescntia
2363 2444 2480 2512 ejus
2509 2443 2811 2497 necessaria
2843 2451 3067 2503 nonest,
3093 2440 3249 2507 cujus
3277 2453 3463 2490 exces-

1897 2554 1992 2592 sus
2021 2551 2257 2606 prasscns
2282 2543 2384 2588 cst.
2431 2554 2448 2583 ι
2490 2531 2618 2586 Item
2674 2532 2816 2584 Felix
2847 2547 2980 2599 papa
3013 2529 3268 2582 Acacium
3315 2528 3462 2579 (1on-

1899 2627 2438 2696 stantinopolilanum
2488 2621 2766 2678 absentem
2821 2623 3115 2685 damnavit,
3151 2621 3306 2688 cujus
3341 2633 3464 2670 sen-

1900 2719 2122 2771 tentiam
2157 2716 2350 2770 beatus
2386 2715 2656 2774 Gelasius.
2701 2729 2988 2768 successor
3009 2713 3146 2780 ejus,
3178 2709 3466 2778 irrcfraga-

1899 2806 1993 2860 bili
2035 2793 2425 2874 approbatione
2461 2804 2779 2858 canonicam
2803 2803 3138 2856 monstravit.
3173 2799 3279 2854 Nec
3311 2785 3467 2868 plane

1901 2895 2258 2952 dubitaverim
2275 2896 2405 2964 quin
2429 2895 2610 2963 plures
2636 2895 2981 2948 inveniantur
3003 2895 3096 2963 qui
3122 2894 3193 2946 ita
3219 2893 3470 2946 absentes

1903 2985 2226 3040 sententiam
2257 2985 2637 3061 damnationis.
2661 2986 2992 3054 exceperint,
3018 3000 3180 3053 quam
3215 2981 3306 3052 qui
3336 2997 3471 3050 pne-

1905 3088 2086 3133 scntes
2129 3077 2452 3132 canonicam
2497 3075 2954 3130 cxaminationem
2986 3084 3039 3128 et
3064 3073 3468 3144 damnationem

230 3165 583 3237 ministeriun
632 3166 842 3234 jubenti
868 3167 1070 3220 obcdit.
1110 3166 1201 3219 Sic
1233 3181 1390 3236 ergo,
1413 3174 1468 3220 et
1495 3166 1546 3220 in
1583 3181 1805 3221 accusa-
1833 3186 1874 3242 (ς
1905 3168 2352 3238 exspectare-rint.
2397 3165 2602 3242 ‘Ilarum
2651 3175 2834 3219 autem
2867 3164 3259 3233 sententiarum
3290 3161 3469 3215 diver-

233 3253 410 3318 tione,
470 3253 809 3308 subditorum
862 3269 970 3308 non
1003 3255 1383 3320 obedientiam,
1422 3255 1513 3309 sed
1541 3270 1802 3324 prtesum-

232 3344 483 3413 ptioncm
507 3346 860 3414 proscriptam
889 3358 1254 3416 competenter
1279 3351 1644 3420 intelligimus.
1667 3351 1713 3404 Μ
1723 3350 1806 3404 ul-

236 3433 315 3488 tis
339 3448 470 3486 sane
496 3433 876 3489 ecclesiasticis
910 3438 1334 3504 correctimiibus
1369 3439 1421 3490 in
1458 3440 1809 3493 concessione

237 3521 557 3590 Iinjusmodi
585 3523 944 3578 accusationis
973 3534 1312 3594 prospectum
1342 3541 1451 3579 non
1474 3526 1805 3581 dubitamus.

227 3610 381 3667 Nam
431 3613 635 3682 prazlati
687 3614 991 3683 necessario
1031 3623 1084 3669 et
1129 3612 1232 3669 sibi
1270 3623 1325 3669 et
1379 3614 1608 3670 subditis
1659 3623 1812 3669 tanto

240 3703 423 3774 magis
454 3703 809 3772 prospiciunt,
837 3713 1040 3772 quanto
1088 3705 1258 3775 magis
1291 3720 1350 3758 se
1376 3712 1431 3758 ct
1461 3718 1557 3773 per
1589 3719 1812 3758 accusa-

245 3794 452 3850 tionem
479 3795 817 3850 subditorum
868 3797 1081 3866 percelli
1124 3812 1421 3867 possenon
1467 3795 1810 3852 dubitabunt.

245 3883 362 3939 Nec
385 3901 577 3954 parum
609 3887 988 3943 ecclesiastica:
1037 3889 1332 3958 disciplina:
1371 3888 1742 3959 derogarctur,
1769 3886 1816 3942 si

250 3989 526 4042 nusquam
558 3975 868 4043 bujusmodi
915 3979 1189 4033 accusatio
1233 3978 1636 4033 concederetur.
1681 3975 1815 4031 Nam

250 4062 413 4132 pauci
459 4062 662 4130 praelati
716 4064 858 4118 illius
906 4064 1254 4132 perfectionis
1302 4067 1693 4131 invenirentur,
1723 4066 1818 4135 qui

250 4163 366 4204 non
398 4157 551 4202 tanto
581 4149 751 4218 magis
783 4158 838 4222 et
861 4166 918 4204 se
953 4159 1006 4204 et
1041 4151 1284 4205 subditos
1307 4153 1360 4204 in
1403 4151 1688 4220 disciplina
1721 4144 1818 4205 ne-

253 4239 538 4308 gligerent,
561 4248 763 4308 quanto
808 4240 979 4310 magis
1001 4257 1058 4294 se
1092 4257 1185 4309 per
1207 4241 1602 4296 accusa'ionem
1631 4257 1821 4295 eorum

256 4331 326 4384 ad
349 4329 570 4399 aliquod
587 4330 850 4399 judicium
874 4333 1198 4386 coercendos
1220 4333 1585 4401 desperarent.
1611 4332 1822 4386 Subditi

256 4427 439 4475 tamen
492 4435 832 4490 nequaquam
883 4421 986 4476 hoc
1012 4422 1216 4491 absque
1263 4422 1490 4494 majoris
1542 4423 1824 4492 potestatis

1905 3261 2118 3315 sitatem
2168 3257 2326 3312 facile
2374 3239 2851 3320 concordabimus,
2901 3255 2948 3310 si
2983 3254 3316 3323 superiorem
3350 3269 3468 3306 sen-

1908 3349 2129 3403 tentiam
2157 3349 2222 3402 de
2265 3347 2488 3403 absente
2515 3362 2623 3400 non
2651 3346 2946 3414 judicando
2989 3346 3054 3398 ad
3092 3345 3240 3398 illum
3266 3344 3474 3398 solum-

1909 3437 2072 3490 modo
2108 3435 2428 3500 releramus,
2460 3435 2617 3503 cujus
2661 3449 2826 3488 causa
2851 3433 3027 3486 adhuc
3063 3431 3366 3484 ventilanda
3399 3429 3471 3481 vi-

1907 3526 2084 3590 detur,
2132 3525 2226 3594 qui
2276 3525 2455 3578 locum
2507 3521 2868 3591 respondendi
2926 3520 3105 3588 potius
3150 3535 3258 3572 non
3290 3516 3481 3571 habuit

1908 3631 2072 3684 quam
2114 3613 2375 3668 canonice
2421 3613 2662 3666 oblatum
2707 3609 3038 3665 refutaverit.
3069 3607 3202 3661 Nam
3233 3608 3279 3661 si
3312 3617 3479 3660 cano»

1911 3705 2031 3760 nice
2058 3713 2284 3759 vocatus
2330 3703 2517 3756 venire
2557 3701 2993 3769 contempsisset,
3033 3714 3132 3752 nec
3169 3707 3346 3751 tamen
3383 3713 3480 3750 ca-

1912 3795 2165 3850 nonicam
2201 3793 2609 3848 excusationem
2661 3791 3037 3867 przewntlcret,
3074 3799 3183 3842 tam
3217 3789 3357 3857 apud
3391 3803 3484 3840 an-

1915 3887 2094 3956 tiquos
2116 3901 2279 3954 quam
2308 3883 2450 3953 apud
2483 3883 2772 3936 modernos
2804 3881 2967 3935 etiam
3002 3880 3198 3934 absens
3222 3875 3484 3930 canonico

1915 3975 2164 4032 damnari
2218 3983 2403 4044 posset
2465 3973 2520 4027 Si
2549 3987 2680 4041 ergo
2723 3971 2799 4024 ita
2847 3969 3168 4038 exponimus
3197 3975 3484 4030 utramque

1917 4065 2240 4122 sententiam
2282 4065 2349 4117 dc
2403 4063 2648 4125 absente,
2687 4059 3064 4113 rationabilem
3100 4070 3220 4110 esse
3278 4053 3485 4106 videbi-

1917 4172 2041 4210 mus
2069 4161 2209 4208 utet
2247 4153 2446 4206 absens
2490 4151 2767 4219 judicetur
2813 4148 2905 4218 qni
2946 4147 3265 4202 canonicam
3323 4159 3484 4196 voca-

1921 4246 2120 4300 tionem
2157 4244 2272 4298 sive
2302 4242 2724 4297 admonitionem
2753 4238 3170 4306 comtempsisse
3193 4235 3483 4304 detegitur,

1919 4344 1974 4390 et
2007 4335 2206 4389 absens
2265 4347 2372 4386 non
2421 4331 2694 4400 judicetur
2721 4330 2788 4384 de
2827 4329 2984 4398 cujus
3012 4325 3353 4380 contumacia
3387 4325 3485 4378 ad-

1922 4425 2030 4478 huc
2055 4423 2351 4476 dubitatur.

259 4509 582 4567 auctoritate
610 4521 956 4582 prmsumant,
993 4528 1059 4566 ne
1086 4513 1300 4584 dignam
1324 4530 1435 4568 sua:
1454 4514 1816 4568 damnationis
1848 4521 1892 4574 D
1989 4513 2078 4568 Sic
2111 4527 2241 4583 ergo
2275 4521 2327 4566 ct
2363 4510 2416 4564 in
2449 4509 2571 4563 aliis
2600 4495 2870 4562 canonum
2901 4507 3303 4562 diversiuttibus
3331 4519 3486 4558 com-

258 4603 582 4658 sententiam
604 4603 754 4672 juxta
768 4611 961 4657 statuta
977 4613 1283 4658 sanctorum
1302 4603 1516 4658 Patrum
1529 4593 1814 4674 excipiant.

287 4681 290 4684 ’
331 4690 626 4745 Sciendum
680 4702 878 4760 autem
903 4695 1047 4764 quod
1075 4695 1272 4749 subditi
1303 4711 1400 4765 pro
1437 4696 1651 4765 pmpria
1682 4695 1817 4764 inju-

257 4783 342 4839 ria
372 4791 428 4836 et
471 4783 663 4838 lueresi
708 4787 984 4853 praelatum
1021 4804 1178 4842 suum
1208 4803 1464 4842 accusare
1500 4791 1606 4842 non
1633 4788 1818 4859 prohi-

249 4873 479 4937 bentur,
524 4871 678 4940 juxta
728 4873 858 4927 illud
911 4874 1396 4946 Symmacbipapze
1427 4879 1492 4931 ad
1519 4877 1815 4932 Caesarium

259 4965 620 5034 cpiscOpum:
653 4980 670 5012 ι
722 4959 880 5028 Oves,
912 4965 1103 5034 inquit,
1149 4981 1308 5020 suum
1357 4977 1814 5036 pastorcmaccu-

261 5069 385 5109 sare
405 5068 512 5108 non
539 5061 784 5122 possunt,
834 5054 935 5108 nisi
966 5068 1063 5122 pro
1086 5055 1275 5110 haeresi
1309 5064 1403 5110 aut
1433 5059 1647 5128 propria
1677 5059 1818 5126 inju-

260 5145 368 5198 ria.
408 5162 427 5195 ι
465 5143 602 5198 lIinc
629 5143 865 5198 Africani
895 5159 1150 5209 canones,
1175 5148 1469 5213 apostolica
1495 5146 1816 5200 auctoritate

264 5233 592 5303 promulgati
626 5242 680 5288 et
704 5235 1028 5300 confirmati,
1054 5235 1382 5288 enumeratis
1409 5235 1662 5288 omnibus
1702 5234 1818 5302 qui-

265 5322 373 5376 bus
424 5323 718 5377 accusandi
753 5325 964 5378 licentia
1017 5324 1326 5393 denegatur,
1358 5323 1537 5376 statim
1574 5321 1814 5376 subinte-

267 5417 400 5464 runt
427 5426 440 5462 :
474 5427 494 5458 ‹
525 5409 620 5464 His
650 5420 828 5466 tamen
874 5415 1125 5467 omnibus
1156 5413 1207 5466 in
1245 5411 1476 5481 propriis
1521 5411 1702 5465 causis
1735 5427 1826 5465 ac-

269 5495 499 5554 cusandi
528 5497 743 5552 licentia
779 5516 886 5556 non
916 5505 1234 5572 denegatur.
1272 5521 1290 5554 ›

343 5586 474 5640 Item
528 5587 701 5640 sancti
747 5587 933 5644 Patres
973 5593 1268 5661 szepissime
1290 5592 1587 5646 decernunt
1612 5606 1679 5644 ne
1703 5592 1827 5660 quis

272 5674 847 5745 abscnsjudicctur,ut
873 5679 1060 5735 beatus
1082 5681 1416 5752 Zcpbyrinns
1438 5696 1569 5750 papa
1601 5699 1611 5732 :
1641 5699 1657 5730 ι
1690 5680 1824 5746 Quia

276 5771 399 5836 hoc,
433 5768 633 5838 inquit,
659 5776 712 5821 et
732 5767 925 5847 divina:
952 5779 1007 5824 ct
1031 5772 1283 5826 humana:
1307 5774 1450 5842 leges
1473 5773 1778 5842 prohibent.
1804 5793 1820 5823 ι

1881 4637 1887 4643 -
1918 4615 2183 4675 petentnn
2219 4619 2436 4656 sensum
2480 4600 2752 4669 inquirere
2790 4601 3069 4661 debemus,
3106 4613 3181 4649 ne
3215 4596 3350 4648 forte
3386 4585 3494 4646 bu-v

1912 4696 2149 4766 jusmoJi
2205 4695 2437 4756 diversa,
2495 4706 2883 4759 nonnunquam
2937 4686 3092 4756 quasi
3137 4683 3522 4756 nptignantia

1917 4796 2117 4840 temere
2147 4800 2494 4855 respuamus,
2523 4797 2644 4850 quae
2672 4790 2851 4836 tamen
2881 4793 2947 4829 ex
2977 4791 3045 4844 ap
3069 4775 3270 4828 :stolica
3301 4783 3490 4828 aucto-

1916 4878 2073 4930 ritate
2105 4876 2437 4945 promulgata
2484 4871 2595 4924 sive
2631 4868 2950 4922 conﬁrmata
2981 4883 3089 4919 non
3151 4865 3486 4934 ignoramus.

1917 4965 2015 5031 Ita,
2047 4966 2290 5034 inquam,
2321 4958 2647 5029 intelligendi
2681 4957 3086 5026 congruentiam
3115 4956 3367 5024 indagare
3395 4971 3490 5008 co-

1918 5057 2126 5117 nemur,
2159 5067 2225 5105 ne
2264 5049 2570 5118 hujusmodi
2603 5056 2800 5101 statuta
2844 5048 3056 5116 uspiam
3088 5047 3190 5099 sibi
3221 5047 3491 5098 contraria

1913 5148 2346 5210 interpretemur.
2403 5138 2536 5192 Nam
2585 5139 2686 5207 ipsi
2729 5149 2917 5193 sancto
2968 5137 3189 5206 Spiritui
3243 5148 3492 5201 magnam

1915 5232 2168 5299 injuriam
2199 5232 2435 5300 irrogare
2470 5231 2733 5292 videmur,
2765 5230 2810 5283 si
2844 5231 2930 5283 illa
2961 5246 3083 5297 qua:
3113 5229 3222 5293 ipse
3245 5239 3338 5290 per
3363 5239 3490 5272 san-

1917 5332 2033 5375 ctos
2080 5320 2266 5375 Patres
2312 5321 2612 5376 instituisse
2660 5319 2872 5388 legitur,
2923 5318 3078 5387 quasi
3128 5311 3396 5365 contraria
3441 5320 3495 5362 et

1927 5413 2047 5467 ideo
2079 5411 2468 5466 contemnenda
2510 5408 2849 5476 interpretari
2889 5423 2997 5460 non
3034 5415 3300 5455 veremur.

1998 5491 2118 5557 Non
2148 5503 2324 5556 solum
2354 5511 2532 5554 autem
2556 5497 2896 5572 exceptiones
2925 5490 3305 5545 canonicarum
3339 5486 3497 5538 iusti-

1931 5594 2219 5655 tutionum,
2256 5591 2349 5645 scd
2385 5599 2439 5643 et
2476 5591 2710 5655 integras
2737 5597 2923 5636 earum
2956 5575 3345 5642 descriptiones
3369 5575 3497 5626 dili-

1928 5691 2111 5752 gentcr
2135 5678 2477 5732 considerare
2519 5686 2571 5728 et
2599 5673 2665 5726 ad
2697 5672 2924 5723 invicem
2971 5666 3217 5722 conferre
3250 5677 3358 5714 non
3404 5673 3498 5716 tae.-

1931 5751 2071 5836 deat,
2121 5770 2165 5822 si
2209 5766 2273 5820 ael
2305 5767 2513 5834 plenam
2554 5778 2738 5817 carum
2789 5759 3029 5812 notitiam
3079 5751 3357 5822 pervenire
3400 5768 3502 5805 nos
