3956 6386
1392 34 1417 49 --
1492 34 1601 51 -τι-
1666 46 1685 49 -
3650 30 3867 105 π

480 460 617 517 1215
1443 464 1532 519 AD
1570 463 1799 520 OPERA
1840 463 1896 519 S.
1933 463 2257 520 GREGORII
2295 469 2734 528 APPENDICES.
3582 477 3735 534 l2l6

471 573 654 628 libeat.
693 570 826 627 Nam
843 574 1094 643 quaelibet
1114 554 1294 644 capita
1334 575 1488 640 locis,
1530 575 1645 630 suis
1677 576 2038 642 considerata,
2070 579 2113 635 A
2141 593 2263 631 cum
2303 578 2704 636 Narbonensem
2731 599 3042 653 (‘plSt‘Opltm
3076 587 3300 641 ﬁdeliter
3333 598 3409 643 est
3439 592 3680 646 tenenda
3711 609 3728 644 :

472 678 863 733 nonnunquam
898 675 1030 719 satis
1051 676 1233 734 aperte
1257 667 1544 736 patebunt;
1573 682 1714 736 quze,
1741 683 1835 736 per
1864 683 1924 723 se
1954 668 2039 720 in-

472 762 671 821 specta,
695 762 788 808 aut
808 754 897 809 vix
928 764 1021 809 aut
1046 755 1195 809 nullo
1226 756 1383 810 modo
1417 766 1783 826 competenter
1817 757 2041 828 intelligi

470 853 778 909 potuerunt.
825 843 942 914 Ipsa
973 845 1118 899 enim
1157 845 1562 901 circumstantia
1596 848 1842 903 lectionis
1873 849 2040 902 multa

469 934 628 988 nobis
660 935 1006 1003 praescribere
1038 937 1193 1003 solet,
1231 954 1353 1009 qute
1385 954 1552 992 unum
1581 939 1851 1009 singulare
1880 949 2043 1010 caput

469 1037 576 1075 non
602 1024 782 1092 habet,
809 1026 928 1081 sine
955 1027 1151 1097 quibus
1181 1037 1361 1083 tamen
1392 1029 1619 1099 pleniter
1666 1030 1889 1102 intelligi
1931 1047 2040 1086 non

468 1114 627 1167 valet.
674 1113 779 1169 Sed
806 1116 1141 1175 diversorum
1167 1129 1493 1174 statutorum
1528 1120 1595 1174 ad
1622 1120 1850 1175 invicem
1877 1122 2043 1177 colla-

471 1205 547 1256 tio
569 1206 796 1259 multum
841 1222 939 1260 nos
972 1196 1205 1278 adjuvat,
1237 1212 1362 1280 quia
1388 1226 1554 1265 unum
1586 1227 1724 1281 saepe
1757 1212 1903 1268 aliud
1924 1213 2041 1269 elu-

468 1294 629 1348 cidat.
669 1294 1038 1354 Consideratio
1059 1317 1271 1371 quoque
1295 1312 1619 1371 temporum,
1654 1305 1893 1359 locorum
1928 1305 2043 1362 sive

470 1400 817 1451 p.1rsonarum
837 1430 849 1452 ,
882 1405 1022 1459 saepe
1052 1391 1207 1445 nobis
1239 1403 1632 1463 competentem
1663 1395 2042 1455 subministrat

470 1473 831 1543 intellectura;
872 1472 1118 1535 utetiam
1150 1482 1435 1537 diversitas
1480 1495 1803 1541 statutorum
1834 1503 2040 1559 nequa-

468 1580 631 1632 quam
666 1568 896 1623 absurda
926 1572 1009 1625 vel
1038 1575 1303 1628 contraria
1341 1576 1604 1642 videatur,
1640 1593 1762 1632 cum
1820 1579 2041 1635 diversi—

471 1658 565 1711 tati
591 1662 1165 1727 temporum,locorum
1192 1666 1303 1720 sive
1326 1681 1679 1735 personarum
1701 1669 2040 1738 apertissime

2148 687 2166 719 ι
2198 666 2366 735 Sicut,
2392 671 2585 741 inquit,
2602 675 2853 742 quaedam
2884 686 3011 729 sunt
3032 693 3152 746 qnze
3182 680 3325 733 nulla
3352 682 3558 735 ratione
3582 698 3729 736 con-

2142 760 2262 814 velli
2311 771 2557 830 possunt,
2592 763 2664 817 ita
2700 767 2959 820 nonnulla
2996 777 3124 823 sunt
3158 783 3281 839 quae
3312 780 3406 825 aut
3445 788 3543 841 pro
3577 788 3726 829 eon-

2141 851 2463 906 siJeratione
2490 858 2730 919 aetatum,
2754 866 2847 910 aut
2867 873 2965 925 pro
2991 859 3311 914 necessitate
3346 877 3523 917 rerum
3553 879 3726 933 opor-

2140 950 2247 995 teat
2274 944 2593 1011 temperari;
2627 944 2716 1000 illa
2745 962 2959 1015 semper
2978 949 3285 1004 conditione
3313 963 3521 1006 servata
3547 962 3629 1018 ut,
3662 953 3723 1009 in

2141 1030 2227 1086 his
2256 1046 2378 1100 qua:
2407 1032 2490 1086 vel
2519 1033 2682 1090 dubia
2711 1035 2912 1092 fuerint
2934 1040 3016 1093 vel
3040 1040 3293 1105 obseura,
3318 1043 3367 1095 id
3400 1045 3723 1119 noverimus

2139 1123 2474 1191 sequendum
2509 1126 2653 1195 quod
2691 1142 2788 1184 nec
2826 1132 3105 1200 prveceptis
3127 1130 3463 1203 Evangelieis
3494 1117 3724 1191 eontra-

2139 1210 2311 1277 rium,
2357 1228 2459 1268 nec
2500 1215 2732 1271 decretis
2778 1228 3087 1273 sanctorum
3130 1221 3352 1277 Patrum
3407 1224 3724 1281 inveniatur

2140 1303 2444 1358 adversum.
2477 1322 2496 1354 ι

2209 1391 2358 1449 Hanc
2385 1404 2568 1452 autem
2596 1394 2903 1455 facultatem
2936 1403 3406 1472 temperantiorem
3437 1405 3549 1460 sive
3581 1421 3719 1461 mn-

2137 1482 2426 1537 tandorum
2472 1499 2744 1541 canonum
2796 1487 3041 1544 Ilomano
3080 1492 3321 1561 pontiﬁci
3365 1492 3721 1563 potissimu-

2135 1572 2382 1640 adjacere
2403 1590 2509 1630 non
2537 1577 2868 1646 dubitamus,
2893 1589 2951 1635 ut
2976 1583 3149 1637 sancti
3171 1581 3359 1638 Patres
3384 1584 3715 1640 docuerunt.

2136 1660 2269 1716 Nam
2299 1663 2488 1720 beatus
2515 1665 2761 1724 Gelasius
2789 1678 2842 1725 et
2869 1669 3121 1728 Nicolaus
3150 1688 3285 1744 papa
3327 1672 3348 1726 I
3383 1675 3437 1728 in
3480 1675 3721 1732 decretis

468 1749 753 1804 distributa
776 1747 1092 1821 reperiatur.
1131 1754 1245 1810 lloc
1266 1757 1451 1826 utique
1475 1758 1659 1832 lectori
1691 1761 1918 1816 multum
1952 1763 2036 1817 in-
2134 1767 2344 1820 00mm.
2377 1753 2887 1826 Symmaclmsverd
2912 1762 2966 1816 in
2988 1764 3220 1833 generali
3238 1766 3464 1836 synodo,
3493 1765 3719 1823 diverso
3750 1751 3805 1781 γ

468 1839 772 1910 telligentize
828 1844 1208 1913 suppeditabit,
1247 1846 1293 1901 si
1343 1847 1651 1917 huiusmodi
1711 1859 2035 1908 statutorum
2071 1914 2110 1927 η
2137 1844 2353 1913 fl“idem
2385 1853 2645 1916 ιοηιιιονο,
2674 1851 2768 1905 59d
2795 1852 2984 1908 eadem
3013 1870 3145 1909 V008
3171 1855 3239 1910 de
3267 1855 3495 1911 Romani
3524 1857 3717 1927 Ponu‘

468 1929 757 2000 originales
786 1947 979 1989 causas
1023 1935 1281 2006 singulari
1318 1937 1593 2008 diligentia
1638 1940 1892 2013 indagare
1931 1960 2029 1998 non

2139 1932 2256 1988 tleis
2307 1914 2637 1992 auctoritate
2673 1943 2952 2009 protestati
3002 1952 3146 1999 sunt.
3214 1914 3583 2013 «Necessaria,
3623 1949 3719 2004 in;

468 2020 683 2075 omittit.
726 2021 804 2077 Ex
840 2025 929 2079 tali
955 2025 1097 2080 enim
1133 2027 1472 2100 indagatione
1506 2031 1673 2085 multa
1704 2033 2039 2090 rationabili-

466 2116 548 2183 ter
576 2110 817 2170 instituta
845 2117 1127 2185 parebunt,
1159 2134 1299 2189 quae,
1331 2119 1589 2189 ignoratis
1615 2137 1807 2179 eorum
1831 2126 2033 2197 causis,

466 2200 649 2257 minus
676 2202 871 2260 idonea
904 2207 1074 2262 videri
1115 2219 1426 2278 potuerunt.

537 2289 649 2346 Hoc
678 2294 863 2364 utique
882 2297 1288 2374 ,studiosissime
1310 2300 1697 2374 indagandum,
1727 2314 1783 2363 et
1811 2307 2033 2381 indaga-

461 2387 577 2435 tum
599 2386 869 2441 memoriae
893 2389 1152 2445 tenaciter
1189 2394 1671 2450 commendandum
1703 2413 1719 2450 :
1747 2398 1877 2468 quid
1906 2416 2035 2455 sau-

462 2471 534 2525 cti
558 2471 744 2530 Patres
764 2477 1177 2549 dispensatorie,
1204 2484 1361 2553 quasi
1388 2486 1453 2540 ad
1477 2493 1689 2557 tempus
1709 2490 2030 2546 servandum

463 2560 832 2632 instituerint;
871 2569 1002 2638 quid
1042 2572 1204 2626 etiam
1248 2575 1565 2643 generaliter
1610 2579 1759 2632 omni
1794 2588 2035 2651 tempore

461 2654 752 2712 tenendum
795 2660 1124 2715 censuerint.
1178 2662 1295 2718 Alia
1339 2665 1486 2735 enim
1534 2666 1673 2724 ratio
1716 2678 1801 2726 est
1841 2686 2031 2727 eorum

460 2757 583 2811 quae
623 2745 1017 2817 dispensatorie
1064 2753 1307 2808 instituta
1345 2756 1619 2825 videntur,
1662 2760 1766 2815 alia
1809 2776 2032 2832 genera-

460 2832 613 2889 lium.
657 2835 807 2895 Unde
841 2840 1030 2896 beatus
1066 2842 1411 2902 Innocentius
1446 2864 1581 2919 papa
1612 2851 1678 2905 ad
1708 2850 2029 2911 Macedones

460 2923 745 3016 episcopos
787 2931 1028 2988 scribens
1054 2933 1299 3016 :pleuod
1333 2942 1647 3007 necessitas,
1694 2942 1889 3016 inquit.
1930 2957 2029 3014 pro

461 3012 700 3067 remedio
740 3018 956 3085 reperit,
990 3011 1315 3080 necessitate
1352 3036 1616 3095 cessante,
1651 3011 1809 3087 debet
1844 3011 2031 3104 utique

461 3114 677 3157 cessare
726 3107 928 3175 pariter
972 3112 1117 3180 quod
1152 3115 1403 3185 urgebat;
1436 3119 1560 3187 quia
1595 3120 1733 3176 alius
1775 3124 1908 3178 ordo
1945 3133 2031 3181 est

2136 2024 2350 2094 quiunt,
2396 2041 2578 2082 rerum
2624 2027 2975 2100 dispositione
3020 2034 3464 2107 constringimur,
3493 2046 3717 2110 etapo-

2136 2115 2340 2172 stolica:
2371 2118 2514 2173 sedis
2542 2120 2909 2178 moderamine
2943 2127 3297 2181 convenimur
3327 2128 3405 2183 sic
3433 2145 3718 2186 canonum

2134 2204 2489 2263 Paternorum
2522 2210 2736 2267 decreta
2766 2206 2983 2284 librare,
3009 2225 3063 2271 et
3097 2226 3242 2273 retro
3269 2221 3559 2289 pne-salum
3607 2221 3719 2277 de-

2134 2312 2520 2369 cessorumque
2564 2299 2882 2359 nostrorum'
2921 2317 3185 2378 praecepta
3234 2310 3441 2376 metiri,
3487 2320 3547 2366 ut
3584 2327 3721 2381 qua:

2132 2390 2493 2458 pratscntiunr
2509 2393 2805 2449 necessitas
2847 2403 3146 2466 temporum
3198 2390 3564 2456 restaurandis
3604 2399 3721 2458 Eo-

2131 2477 2309 2535 clesiis
2356 2466 2620 2552 deposcit,
2670 2484 2909 2540 adhibita
2959 2476 3393 2544 censidcratione
3440 2490 3718 2562 diligenti,

2131 2578 2394 2639 quantum
2419 2580 2597 2642 potest
2616 2573 2731 2629 ﬁeri
2753 2582 3131 2647 temperemus.
3161 2597 3180 2629 ο

2154 2655 2311 2715 ρΝρο
2360 2660 2575 2717 mireris
2622 2663 2670 2719 si
2719 2664 2950 2721 Romani
2990 2668 3273 2739 pontifices
3321 2670 3463 2726 hanc
3489 2686 3715 2741 semper

2130 2748 2475 2817 peculiariter
2526 2752 2816 2809 habuerint
2847 2765 3166 2826 potestatem
3215 2768 3277 2816 ut
3319 2777 3555 2818 canones
3597 2778 3709 2833 pro

2131 2847 2375 2910 tempore
2408 2841 2817 2913 dispensarcnt.‘
2846 2845 2949 2917 Ipsi
2987 2849 3131 2905 enim
3161 2860 3290 2907 sunt
3335 2860 3586 2909 auctores
3611 2869 3716 2909 ca-

2130 2944 2358 3005 nonum,
2396 2940 2451 2987 et
2477 2933 2568 2990 illa
2594 2926 2749 2993 sedes
2776 2953 2988 3008 semper
3017 2940 3210 3009 habuit
3236 2943 3339 2999 hoc
3365 2945 3710 3027 privilegium

2130 3029 2189 3074 ut
2228 3020 2453 3103 ligatum
2483 3025 2567 3081 vel
2596 3026 2833 3082 solutum
2874 3030 3237 3103 sitquidqu
3289 3036 3406 3106 ipsa
3458 3020 3712 3108 ligaverit
3811 3056 3819 3065 '

2089 3108 2214 3165 “vel
2254 3113 2492 3182 solverit.
2541 3114 2713 3184 Unde,
2733 3118 2889 3189 juxta
2938 3124 3336 3180 attestationem
3388 3131 3710 3185 sanctorum

406 3206 412 3220 τ
460 3190 765 3262 legitimus,
794 3198 897 3253 alia
955 3194 1255 3273 usurpatio,
1300 3222 1463 3277 quam
1509 3211 1573 3264 ad
1623 3228 1862 3281 prmseas
1899 3204 2025 3274 fieri

2128 3200 2636 3285 Patrum,omnibus
2657 3206 2910 3267 Ecclesiis
2928 3213 3258 3282 prreeminet,
3272 3225 3328 3271 et
3350 3217 3419 3272 de
3444 3221 3711 3298 omnibus

458 3290 672 3378 tempus
696 3286 934 3357 impellit.
959 3291 1024 3347 Et
1045 3294 1323 3367 advertite,
1348 3301 1489 3369 quod
1517 3303 1720 3373 utique,
1747 3311 1804 3361 ut
1826 3304 2027 3378 dicitis,

461 3375 757 3431 necessitas
783 3379 1082 3450 imperavit,
1113 3385 1166 3440 in
1196 3404 1328 3457 pace
1350 3390 1462 3459 jam
1514 3390 1781 3452 Ecclesias
1826 3402 2030 3456 consti-

462 3472 607 3520 tutas
645 3482 752 3522 non
789 3486 947 3540 posse
988 3491 1333 3544 praesumere.
1361 3500 1379 3532 ι
1444 3482 1557 3540 liae
1595 3486 1804 3543 ratione
1838 3490 2029 3549 beatus
2067 3498 2072 3503 ’

408 3622 412 3627 θ
461 3553 803 3617 Innocentius
828 3570 1087 3641 statutum
1124 3567 1324 3626 Niueni
1362 3576 1575 3630 concilii
1610 3578 1677 3633 de
1704 3580 2028 3640 Iucrereticis

460 3660 585 3697 cum
638 3647 826 3703 ordine
872 3655 1190 3723 recipiendis
1233 3676 1342 3716 non
1372 3664 1484 3731 jam
1517 3668 1899 3726 attendendum
1937 3689 2029 3729 as-

459 3734 651 3799 seruit,
682 3752 748 3791 eo
786 3742 926 3808 quod
958 3749 1252 3805 necessitas
1285 3752 1376 3807 illo
1418 3763 1658 3825 tempore
1700 3761 1813 3828 jam
1851 3772 2031 3820 trans-

459 3822 583 3879 ierit
621 3844 751 3896 quae
785 3829 1029 3890 Nicrenos
1070 3835 1273 3913 Patres
1306 3841 1375 3896 ita
1428 3822 1753 3904 Novatianos
1789 3853 2029 3923 recipere

457 3915 798 3987 compulerit.
848 3921 1001 4001 Unde
1043 3939 1098 3984 et
1135 3930 1377 3987 Africani
1415 3933 1776 4010 Patres,-cap.
1810 3915 2028 4011 52,-de—

455 4022 738 4064 creverunt
776 4030 842 4069 ne
886 4014 1177 4075 Donatista:
1224 4038 1347 4077 cum
1389 4026 1577 4082 ordine
1636 4032 2023 4108 reciperentur,

455 4093 564 4150 illis
612 4106 788 4155 tamen
834 4108 1072 4177 exceptis
1094 4125 1191 4178 per
1223 4128 1457 4173 quorum
1492 4093 1889 4190 susceptionem

455 4184 767 4245 clesiasticac
794 4193 1019 4273 utilitati
1038 4202 1428 4259 consuleretur.
1652 4184 1670 4190 -
1803 4227 1806 4230 '

530 4275 601 4330 De
630 4279 713 4334 his
739 4293 916 4340 autem
941 4303 1062 4357 qua:
1086 4306 1193 4344 non
1232 4292 1643 4366 dispensatorie,
1680 4303 1771 4363 sed
1797 4320 2021 4376 genera-

457 4364 577 4418 liter
616 4368 857 4428 instituta
901 4390 1046 4443 sunt,
1087 4389 1305 4438 sanctus
1348 4384 1457 4440 Leo
1490 4364 1639 4459 papa
1666 4364 1875 4463 primus
1900 4413 2022 4460 om-

455 4456 614 4510 nibus
638 4461 904 4532 episcopis
931 4467 1174 4524 scribens
1204 4481 1465 4529 testatur:
1492 4456 1511 4528 ὲ
1542 4456 1690 4547 Non,
1729 4483 1925 4555 inquit,
1962 4456 2017 4543 in

2124 3293 2369 3364 judicare
2390 3305 2584 3367 potest.
2641 3296 2754 3379 Hoc
2782 3301 2970 3372 utique
3018 3304 3353 3377 privilegium
3385 3310 3529 3364 nulla
3559 3293 3711 3385 indie

2127 3386 2306 3454 gnitas
2345 3374 2743 3457 praesidentium
2789 3390 3110 3449 imminuere
3159 3374 3375 3466 poterit,
3416 3382 3712 3459 attestante

2125 3474 2444 3533 beatissimo
2470 3495 2608 3551 papa
2637 3479 2849 3547 Leone:
2888 3502 2908 3535 ι
2930 3483 3064 3551 Etsi,
3090 3487 3285 3558 inquit,
3306 3505 3709 3564 nonnunquam

2126 3567 2337 3624 diversa
2377 3578 2507 3625 sunt
2548 3568 2741 3627 merita
2792 3576 3105 3647 praesidum,
3126 3572 3254 3648 jura
3284 3587 3464 3636 tamen
3492 3598 3710 3653 perma-

2125 3668 2256 3713 nent
2284 3660 2516 3727 sedium,
2545 3663 2746 3731 quibus
2771 3676 3003 3734 possunt
3022 3662 3209 3722 annuli
3240 3672 3705 3740 perturbationem

2126 3744 2365 3815 aliquam
2402 3744 2652 3805 fortassis
2699 3750 2920 3819 inferre,
2961 3770 3068 3809 non
3117 3764 3296 3811 tamen
3332 3768 3562 3828 possunt
3603 3760 3710 3816 Ini-

2121 3849 2294 3891 .nuere
2328 3836 2665 3909 dignitatem.
2698 3859 2716 3893 ι
2761 3840 2869 3899 Nec
2913 3844 3027 3914 ipse
3074 3855 3297 3919 sanctus
3338 3846 3549 3917 Pctzus,
3601 3866 3703 3906 nec

2125 3924 2255 3981 dum
2276 3928 2479 3999 aliquis
2493 3928 2751 3987 Romana:
2778 3933 2922 3989 sedis
2947 3936 3253 4007 cpiscopus,
3283 3940 3512 4010 aliquem
3534 3928 3700 3997 suum

2125 4030 2188 4072 su
2196 4022 2716 4093 ccessorem,aliquo
2740 4025 3073 4096 przejudicia,
3087 4043 3148 4083 ea
3163 4038 3428 4099 potestate
3441 4033 3697 4102 privavit,

2122 4110 2254 4181 quin
2297 4111 2483 4168 eadem
2531 4116 2850 4189 auctoritate
2897 4119 3044 4173 omni
3076 4118 3346 4186 Ecclesiae,
3378 4139 3484 4177 non
3515 4124 3701 4181 solum

2119 4204 2380 4275 antiquis,
2409 4205 2504 4261 sed
2528 4214 2583 4261 et
2610 4208 2765 4264 novis
2798 4208 3080 4278 institutis,
3117 4228 3263 4269 nunc
3308 4214 3505 4282 lenius,
3544 4231 3699 4274 nunc

2120 4296 2362 4351 severius
2387 4298 2669 4380 consulere
2704 4307 2905 4369 posset,
2933 4301 3046 4356 imo
3073 4302 3314 4371 deberet,
3362 4317 3522 4375 prout
3546 4306 3694 4386 tem-

2119 4388 2237 4458 pori
2264 4370 2754 4460 suoopportunum
2785 4388 2902 4445 fore
2926 4392 3150 4453 videret.
3190 4370 3307 4448 Hoc
3344 4370 3560 4465 utique.
3581 4397 3697 4453 sin-

2120 4479 2327 4550 gularia
2379 4477 2744 4535 Romanorum
2786 4480 3097 4550 pontificum
3143 4482 3358 4537 decreta
3403 4491 3690 4553 testantur,

452 4547 775 4616 cujusquam
818 4567 1044 4621 persona
1092 4563 1620 4624 przetermittendum
1647 4581 1731 4627 est
1775 4547 1923 4643 quod
1963 4580 2019 4633 in
2051 4572 2095 4626 D
2121 4547 2172 4623 in
2202 4570 2401 4655 quibus
2431 4569 2532 4639 ipsi
2561 4547 3117 4639 suorum—temporum
3150 4570 3563 4637 necessitatibus
3605 4573 3694 4627 di-

452 4641 794 4707 generalibus
819 4645 1034 4699 statutis
1056 4648 1379 4717 continetur.
1413 4673 1431 4703 ι
1474 4655 1606 4721 Qua:
1647 4641 1810 4717 etiam
1854 4665 2018 4723 Gela-

451 4730 565 4785 sius
606 4748 737 4801 papa
789 4750 1001 4805 semper
1047 4739 1363 4808 regulariter
1401 4748 1752 4804 custodienda
1787 4752 2015 4825 judicat,

454 4821 555 4874 nisi
578 4825 756 4892 aliqua
779 4827 858 4880 vel
886 4842 1066 4883 rerum
1098 4831 1179 4884 vel
1202 4840 1507 4903 temporum
1535 4850 1821 4914 perurgeat
1848 4821 2017 4914 angu;

454 4912 575 4962 stia.
619 4911 750 4969 Nam
774 4925 829 4970 et
851 4917 919 4971 de
941 4917 1024 4976 his
1046 4937 1432 4994 nonnunquam
1456 4927 1659 4998 aliquid
1677 4910 1899 4989 sanctos
1922 4933 2021 4991 Pa—

455 5009 563 5054 tces
598 5006 867 5061 remisisse
898 5009 1149 5080 leguntur
1194 5031 1292 5085 pro
1332 5019 1652 5075 necessitate
1693 5031 2016 5095 temporum,

456 5098 511 5141 ut
537 5090 588 5141 in
614 5092 1141 5184 ordinationesancti
1166 5103 1457 5171 Ambrosii,
1479 5124 1638 5177 quem
1662 5127 1726 5166 ex
1751 5090 2018 5184 neophyto

457 5115 511 5141 ιιι
538 5115 588 5141 ιη
614 5115 948 5150 orumauoue
999 5115 1141 5156 aucti
1166 5115 1457 5171 Ambrosii,
1479 5124 1638 5177 quem
1662 5127 1726 5166 ex
1751 5115 2018 5184 neophyto

452 5182 837 5237 ordinaverunt
862 5205 874 5238 :
899 5115 1043 5255 qugd
1084 5199 1257 5245 tamen
1286 5189 1606 5261 generaliter
1633 5218 1900 5259 canonum
1932 5205 2019 5261 in-

448 5274 635 5328 elituta
694 5276 1099 5343 prohibuerunt.
1161 5280 1288 5334 Item
1327 5284 1464 5338 idem
1510 5287 1638 5356 Leo,
1688 5296 1783 5361 qui
1826 5312 2013 5366 supra,

450 5365 709 5432 quosdam
740 5385 804 5421 ex
832 5369 983 5433 laicis
1005 5372 1280 5426 ordinatos
1314 5374 1365 5427 in
1390 5376 1696 5447 episcopatu
1726 5365 2016 5444 confirma?

450 5457 543 5517 vit,
582 5456 703 5510 licet
730 5468 779 5511 et
809 5460 911 5514 hoc
944 5462 1111 5515 sancti
1146 5461 1329 5517 Patres
1356 5468 1671 5534 generaliter
1687 5468 1799 5539 jam
1827 5476 2012 5542 prohi-

453 5546 680 5603 buerint.

521 5639 651 5692 llum
701 5654 881 5698 autem
921 5644 1097 5713 aliqua
1140 5645 1472 5701 rationabilis
1524 5664 1688 5704 causa
1716 5646 2011 5710 occurrerit

452 5742 573 5791 quzc
598 5744 776 5786 sacros
800 5749 1034 5789 canones
1068 5736 1462 5805 aliquantulum
1500 5741 1784 5807 temperari
1808 5755 2004 5811 exege-

454 5818 540 5881 ιὶι,
576 5836 721 5893 semp
744 5842 781 5878 tr
814 5826 901 5882 illa
934 5827 1171 5899 ejusdem
1201 5828 1397 5885 Leonis
1433 5830 1695 5886 sententia
1723 5831 2011 5894 adBustF

2117 4672 2279 4715 verso
2319 4660 2482 4713 modo
2519 4661 2860 4714 consuluisse
2901 4661 3174 4730 leguntur.
3228 4658 3428 4715 Nic-aeni
3468 4676 3693 4734 quoque

2117 4761 2356 4802 canones
2398 4748 2631 4802 Romani
2669 4749 2936 4817 pontiﬁcis
2962 4750 3297 4821 privilegium
3350 4756 3525 4808 ratum
3565 4769 3692 4809 esse

2117 4837 2423 4903 voluerunt,
2464 4854 2587 4891 cum
2634 4839 2699 4893 ad
2747 4842 3051 4908 exemplum
3088 4841 3209 4911 ejus
3250 4842 3411 4897 etiam
3440 4845 3689 4901 omnium

2117 4927 2518 4997 provinciarum
2549 4928 2820 4999 privilegia
2846 4930 3152 5000 iudicarent
3174 4934 3532 4991 observanda.

2195 5016 2546 5089 Nequaquam
2569 5036 2698 5090 ergo
2719 5021 2915 5091 aliquid
2936 5022 3213 5078 Romanus
3235 5023 3473 5090 pontifex
3492 5034 3684 5079 contra

2116 5125 2355 5165 canones
2370 5111 2499 5182 agit,
2523 5113 2568 5167 si
2584 5112 2802 5182 quando
2820 5113 2959 5180 illos,
2976 5130 3074 5183 pro
3089 5114 3520 5179 consideratione
3540 5124 3687 5169 tem-

2115 5217 2329 5272 porum,
2378 5220 2522 5259 nunc
2568 5205 2812 5270 intendit,
2849 5220 2994 5267 nunc
3034 5204 3438 5268 remittit,'cum
3470 5207 3533 5259 ‘et
3580 5205 3687 5277 ipsi

2113 5308 2351 5348 canones
2385 5295 2487 5350 tale
2520 5296 2853 5367 privilegium
2898 5295 3262 5350 indubitanter
3288 5298 3687 5365 concesserint,

2110 5384 2158 5438 sl
2183 5393 2237 5439 et
2262 5385 2351 5439 alii
2386 5386 2653 5456 episcopi,
2681 5387 2785 5441 etsi
2816 5386 2963 5439 nullo
2990 5382 3181 5448 modo,
3221 5392 3280 5437 ut
3326 5386 3519 5454 primu!
3552 5403 3690 5458 apo.

2110 5476 2354 5541 stolicus,
2379 5478 2460 5531 vel
2485 5492 2722 5532 canones
2767 5476 3067 5541 instituere,
3115 5474 3199 5528 vel
3240 5475 3354 5545 jam
3401 5477 3690 5537 institutos

2104 5564 2347 5632 judicare
2377 5568 2609 5632 valeant,
2639 5565 2928 5634 aliquando
2952 5573 3151 5633 tamen,
3182 5582 3281 5635 pro
3309 5569 3536 5625 modulo
3555 5586 3689 5658 suo,

2108 5654 2288 5723 aliqua
2316 5665 2513 5711 statuta
2542 5663 2860 5728 temperant,
2887 5663 2941 5710 ct
2970 5656 3072 5711 hoc
3105 5658 3339 5713 maxime
3374 5658 3433 5713 in
3466 5654 3693 5731 legibus

2102 5747 2504 5814 pcenitentium,
2531 5745 2678 5815 quod
2703 5747 2867 5802 etiam
2906 5747 3006 5816 ipsi
3049 5764 3286 5804 canones
3324 5748 3433 5836 illis
3474 5765 3695 5807 conce-

2106 5834 2258 5891 dunt.
2297 5834 2431 5892 Nam
2484 5835 2759 5893 Nicmnum
2803 5840 3093 5904 concilium
3135 5834 3403 5913 episcopis
3438 5855 3691 5899 conces-

3187 6012 3195 6047 ι
