3956 6370
229 426 368 480 1217

1078 421 1360 478 ΛΡΡΕΝΙ).
1405 422 1488 478 Ill.
1525 455 1591 464 —-—
1631 423 2058 481 MONUMENTA
2097 429 2557 486 GREGORIANA.

3311 437 3450 492 12l3

222 539 370 590 sis-se
389 535 586 604 legitur
618 542 676 587 ut
708 533 868 604 digne
894 533 1214 602 paenitenles
1243 533 1534 587 humanius
1562 543 1765 587 tractcn
1829 537 1871 592 A
1901 542 2033 601 tum,
2061 535 2106 588 si
2132 545 2477 603 paternarum
2510 537 2708 607 regula:
2741 539 3102 607 sanctionum,
3132 557 3256 611 quae
3291 545 3358 599 ad
3388 554 3472 600 to-

221 638 330 691 tur,
359 638 413 680 et
440 627 756 680 canonicam
781 627 1118 679 severitatem
1147 625 1199 676 in
1225 625 1304 678 eis
1328 625 1666 694 aliquatenus
1695 625 1795 677 mi—

219 721 412 786 tigent.
444 716 649 768 Debent
672 717 812 769 enim
833 717 982 784 juxta
1021 713 1388 768 Innocentium
1415 731 1604 784 papam
1631 723 1797 768 altea-

218 810 351 862 dere
373 807 771 862 confessionem
806 806 1136 876 ptenitentis,
1173 815 1224 858 ct
1259 804 1415 860 ﬁctus
1441 817 1493 858 et
1531 807 1797 875 lacrymas

191 899 567 966 -corrigentis,
611 914 672 951 ac
712 906 838 950 tunc
863 897 1052 966 jubere
1076 894 1291 959 dimitti,
1329 911 1453 948 cum
1501 910 1794 964 congruam

217 990 455 1042 viderint
479 987 919 1041 satisfactionem.
962 985 1116 1050 Nam,
1150 985 1302 1053 juxta
1332 986 1710 1056 Augustinum,
1743 985 1796 1038 in

218 1078 538 1146 Itajusinodi
569 1077 902 1146 pmnitentia,
943 1091 1050 1129 non
1096 1084 1204 1128 tam
1246 1091 1499 1129 mensura
1543 1074 1798 1142 temporis

216 1183 389 1237 quant
421 1167 626 1220 doloris
653 1174 734 1220 est
755 1166 1094 1219 attendenda.
1137 1164 1486 1234 Nequaquam
1513 1173 1692 1218 autem
1717 1180 1800 1218 ec-

216 1258 526 1310 clesiastica
549 1257 830 1326 disciplina
860 1255 1151 1310 subsistere
1178 1263 1378 1324 posset,
1408 1254 1451 1309 si
1476 1270 1582 1308 non
1606 1256 1800 1323 praesul

215 1349 557 1416 apostolicus
581 1349 725 1401 illam
756 1348 1131 1402 auctoritatem
1159 1346 1378 1400 haberet
1402 1346 1468 1400 dc
1500 1347 1801 1400 canonibus

214 1455 392 1508 quam
433 1456 596 1508 supra
634 1441 935 1494 retulimus.
977 1437 1110 1491 Nam
1142 1437 1552 1506 prtecedentium
1579 1437 1799 1491 Patrum

215 1539 427 1583 statuta
454 1531 874 1584 ecclesiasticam
906 1529 1242 1597 disciplinam
1275 1542 1380 1581 non
1409 1537 1518 1580 tam
1551 1528 1800 1582 institue-

216 1634 353 1673 rent
377 1636 540 1688 quam
560 1619 969 1683 confunderent,
999 1619 1042 1671 si
1069 1605 1212 1670 nulla
1236 1619 1442 1671 ratione
1469 1634 1498 1671 a
1523 1634 1804 1673 successo-

218 1711 380 1764 ribus
417 1725 604 1763 eorum
635 1709 906 1763 immutari
932 1717 1169 1777 possent,
1200 1723 1324 1762 cum
1361 1718 1538 1763 tamen
1564 1709 1801 1764 necessi-

217 1811 308 1856 tas
352 1802 608 1872 temporis
662 1817 805 1856 nunc
836 1802 1019 1855 mitius
1071 1815 1217 1854 nunc
1264 1801 1506 1857 severius
1547 1803 1802 1856 inceden-

216 1897 359 1949 dum
389 1863 730 1963 persuadeat.
779 1893 932 1958 Quod
966 1893 1113 1946 illum
1147 1907 1253 1946 non
1283 1894 1465 1947 latcbit
1486 1894 1581 1963 qui
1602 1910 1803 1964 prrcce-
1839 1863 1880 1917 Β
1907 1877 2029 1934 δον·
2076 1880 2208 1950 ﬂ").
2234 1899 2253 1933 ι

213 1986 470 2038 dentium
496 1984 713 2038 Patrum
743 1993 797 2038 et
823 1985 1266 2052 subsequentium
1291 1993 1490 2039 statuta
1523 1986 1807 2056 diligenter

217 2076 556 2145 investigare
579 2075 869 2128 curaverit.
902 2073 1123 2143 Nempe,
1167 2075 1213 2129 si
1249 2075 1310 2129 B.
1339 2075 1586 2130 Gelasius
1617 2092 1806 2131 nume-

216 2181 350 2220 rum
392 2182 659 2220 anuorum
701 2182 840 2236 quos
866 2165 950 2219 sui
980 2175 1350 2222 antecessores
1376 2168 1604 2237 singulis
1628 2169 1806 2237 gradi-

217 2256 330 2311 bus
379 2257 725 2326 prmﬁxerunt
797 2257 1116 2311 imminuere
1159 2273 1266 2312 non
1314 2268 1517 2328 posset,
1568 2260 1807 2328 penuriae

215 2348 550 2402 clericorum
586 2349 670 2402 sui
717 2349 974 2417 temporis
1025 2364 1120 2417 per
1162 2350 1501 2419 presbyteros
1538 2366 1602 2403 ex
1652 2351 1806 2404 laicis

218 2437 370 2492 infra
418 2454 620 2491 annmu
664 2447 962 2492 maturatos
1015 2440 1160 2491 nulla
1215 2441 1375 2492 modo
1424 2442 1801 2496 succurrisset.

218 2523 385 2592 Item,
423 2527 466 2580 si
502 2528 748 2581 moderui
776 2528 1055 2597 pontiﬁces
1081 2529 1424 2597 antiquormn
1455 2531 1688 2600 rigorem
1711 2549 1804 2588 ca-

220 2633 437 2672 nonum
486 2634 649 2687 super
697 2619 876 2688 lapsos
917 2621 1223 2674 sacerdotes
1270 2621 1542 2676 remittere
1588 2625 1808 2693 nequis-

217 2718 373 2772 sent,
431 2709 543 2777 ipsa
592 2708 898 2763 Christiana
941 2709 1128 2778 religio
1174 2710 1428 2765 destituta
1483 2714 1803 2766 sacerdotali

218 2799 408 2861 olﬁcio
429 2798 642 2866 penitus
662 2809 806 2853 stare
833 2814 937 2851 non
966 2807 1165 2866 posset,
1196 2815 1317 2853 cum
1348 2801 1461 2869 jam
1501 2817 1635 2870 pene
1672 2804 1803 2856 nulfi

219 2871 559 2952 sacerdotes,
583 2889 687 2944 nisi
714 2889 1063 2944 criminaliter
1085 2889 1240 2959 lapsi,
1275 2891 1638 2960 reperiantur;
1665 2908 1805 2963 quos

220 2979 441 3048 antiqui
473 2995 710 3034 canones
735 2981 1050 3049 deposuisse
1072 2980 1341 3049 leguntur.

304 3069 598 3125 Sciendum
639 3086 770 3126 sane
813 3073 957 3141 quod
1003 3071 1230 3126 Donuani
1271 3072 1552 3142 pontiﬁces
1592 3089 1806 3143 semper

1899 625 2005 677 tius
2037 624 2285 679 lilcclcsite
2320 628 2580 697 regimen,
2625 629 2815 696 spiritu
2845 628 2935 683 Dei
2982 631 3300 699 instruente,
3347 645 3477 691 sunt

1896 717 2145 780 conditae,
2196 732 2300 782 me,
2353 719 2496 786 quod
2546 719 2714 773 absit!
2766 721 3083 775 connivente
3131 724 3415 781 violentur.
3449 747 3466 780 ι

1897 803 2026 858 item
2076 805 2258 883 Julius
2300 823 2458 877 papa,
2504 807 2869 864 Orientalibus
2916 813 3182 882 episcOpis
3229 817 3474 872 scribens

1898 896 2072 964 (epist.
2118 897 2186 949 ad
2231 896 2430 951 Orient.
2477 899 2619 951 circa
2657 901 2836 968 ﬁnem)
2873 919 2884 953 :
2922 920 2939 952 ι
2970 901 3237 971 lnstituta,
3276 907 3474 976 inquit,

1901 987 2273 1052 apostolorum
2319 997 2372 1042 et
2415 990 2838 1068 apostolicorum
2865 993 3105 1048 virorum
3134 1005 3477 1054 contemnere

1917 1075 2084 1128 mlite.
2141 1077 2390 1132 Canones
2444 1079 2672 1145 habetis,
2720 1080 2805 1135 his
2845 1080 3120 1150 fruimini;
3161 1087 3292 1140 satis
3331 1089 3476 1141 enim

1899 1165 2176 1236 Indignum
2216 1175 2300 1221 est
2347 1184 2676 1238 quemquam
2720 1171 3035 1238 pontiﬁcum
3096 1176 3178 1228 vel
3223 1178 3474 1231 ordinum

1901 1255 2347 1324 subsequentium
2378 1261 2516 1313 hanc
2559 1262 2796 1329 regulam
2846 1261 3081 1317 refutare
3125 1280 3291 1332 quant
3328 1266 3472 1320 beati

1901 1338 2041 1394 Petri
2066 1343 2247 1397 sedem
2277 1346 2536 1413 consequi
2557 1347 2751 1412 videat,
2775 1358 2828 1401 et
2846 1349 3055 1404 docere.
3093 1350 3318 1406 Multum
3344 1370 3478 1409 con-

1900 1432 2046 1486 venit
2071 1441 2129 1486 ut
2157 1441 2328 1486 totum
2371 1449 2569 1503 corpus
2599 1435 2853 1493 Ecclesia:
2895 1439 2948 1492 in
2981 1441 3080 1495 hac
3122 1442 3337 1498 sibimet
3370 1445 3474 1499 ob-

1901 1523 2205 1576 servatione
2235 1526 2546 1590 concordet,
2585 1541 2706 1593 quze
2742 1527 2864 1582 inde
2887 1533 3262 1586 auctoritatem
3314 1535 3479 1589 habet

1903 1610 1995 1663 ubi
2027 1611 2291 1668 Dominus
2320 1612 2572 1669 Ecclesiae
2596 1616 2759 1669 totius
2785 1620 2964 1685 posuit
2983 1622 3366 1691 principatum,
3397 1625 3481 1678 di-

1901 1710 2056 1755 cente
2091 1700 2370 1772 Scriptura
2405 1725 2417 1758 :
2445 1704 2724 1761 Ordinavit
2755 1709 2807 1760 in
2835 1724 2920 1762 me
2945 1710 3261 1766 charitatcm
3294 1714 3475 1781 (Cant.

1905 1791 2057 1859 11):»
2109 1790 2176 1844 Et
2236 1794 2430 1849 iterum
2485 1814 2498 1851 :
2554 1816 2572 1848 ι
2612 1796 2804 1852 Omnia
2858 1814 2982 1853 cum
3011 1801 3199 1856 ordine
3247 1803 3377 1858 ﬁant
3425 1804 3477 1876 (Ι

1976 1969 2231 2025 Eamdem
2277 1977 2595 2027 sententiam
2636 1975 2826 2031 beatus
2863 1978 3110 2036 Gelasius
3157 1982 3211 2035 in
3246 1985 3481 2053 genera‘a'

1903 2058 2148 2132 decreto,
2176 2061 2243 2116 de
2269 2065 2652 2120 ecclesiasticis
2679 2066 2941 2122 institutis
2963 2071 3030 2124 ad
3056 2087 3246 2126 omnes
3273 2075 3484 2142 episco-

1907 2164 2003 2218 pos
2025 2151 2289 2218 scribens,
2310 2153 2678 2224 deprompsit:
2711 2177 2727 2208 ι
2759 2157 2896 2212 Cum
2926 2161 3105 2227 nobis,
3130 2162 3323 2233 inquit,
3350 2181 3484 2220 con-

1907 2247 1987 2293 tia
2045 2241 2362 2297 salutarium
2425 2248 2778 2300 reverentiam
2836 2250 3143 2319 regularum
3199 2234 3483 2323 cupiamus

1906 2337 2124 2383 temere.
2152 2333 2285 2384 nihil
2329 2334 2509 2400 licere,
2547 2344 2600 2388 et
2632 2351 2754 2390 cum
2794 2339 2948 2392 sedes
2982 2343 3274 2408 apostolica
3291 2344 3484 2413 “super

1907 2418 1992 2473 his
2019 2421 2290 2487 omnibus,
2319 2422 2530 2479 favente
2565 2425 2814 2490 Domino,
2842 2443 2963 2496 qum
2985 2432 3223 2497 paternis
3251 2435 3480 2488 canoni-

1907 2508 2009 2562 lms
2038 2521 2163 2565 sunt
2184 2515 2420 2581 praeﬁxa,
2453 2516 2542 2584 pio
2573 2517 2873 2586 devotoque
2895 2519 3107 2574 studeat
3139 2530 3320 2577 tenere
3349 2539 3480 2592 pro-

1907 2601 2104 2667 posito,
2155 2603 2290 2657 satis
2325 2604 2602 2675 indignum
2669 2617 2753 2662 est
2791 2624 3120 2680 quemquam
3166 2613 3484 2678 pontiﬁcum

1904 2690 1988 2756 vel
2025 2692 2274 2744 ordinum
2303 2695 2748 2764 subsequentium
2777 2699 2917 2753 hanc
2945 2702 3345 2758 observantiam
3387 2720 3482 2776 pre—

1906 2777 2083 2833 {utare
2123 2796 2286 2849 quam
2336 2783 2475 2837 beati
2524 2783 2668 2839 Petri
2704 2787 2886 2841 sedem
2917 2793 3174 2859 consequi
3211 2793 3387 2850 videat
3429 2803 3485 2850 et

1905 2868 2130 2935 docere;
2171 2872 2410 2942 satisque
2455 2876 2784 2930 conveniens
2819 2886 2904 2931 est
2953 2888 3012 2932 ut
3068 2880 3237 2935 totum
3282 2897 3481 2952 corpus

1906 2959 2158 3016 Ecclesia:
2171 2962 2223 3015 in
2245 2963 2345 3018 bac
2367 2965 2582 3020 sibimet
2600 2967 2974 3023 observatione
2993 2973 3302 3039 concordet,
3315 2990 3480 3042 quam

1910 3049 2018 3105 illic
2057 3050 2236 3122 vigere
2279 3055 2421 3109 videt
2467 3058 2559 3111 ubi
2591 3057 2852 3114 Dominus
2898 3061 3064 3115 totius
3094 3061 3348 3118 Ecclesiae
3378 3081 3477 3134 po-

221 3164 406 3234 magis
425 3165 646 3234 antiqua
668 3165 890 3233 exsequi
910 3174 964 3218 et
991 3165 1277 3218 observare
1299 3182 1461 3234 quam
1493 3183 1628 3221 nova
1651 3169 1804 3221 insti-
1831 3183 1871 3238 ο
1906 3150 2015 3238 SE"
2041 3153 2422 3238 P"*E9'P?‘“m-
2466 3145 2522 3200 1"
2554 3148 2657 3203 hoc
2687 3150 2871 3219 "tique
2899 3152 3068 3206 sane“
3094 3152 3320 3208 Romani
3345 3170 3482 3226 ροη-

222 3263 405 3316 tuere,
436 3255 539 3307 nisi
568 3256 746 3324 aliqua
774 3255 1105 3320 rationabilis
1128 3271 1291 3308 causa
1313 3265 1642 3325 perurgeret,
1673 3272 1805 3310 con-

222 3353 543 3397 sueverunt.
591 3342 743 3397 Unde
770 3346 961 3398 beatus
996 3345 1243 3399 Gelasins
1268 3360 1402 3413 papa
1425 3347 1492 3399 ad
1523 3347 1806 3415 episcopos

223 3432 518 3487 Dardanite
549 3452 563 3488 :
603 3454 619 3484 ι
649 3433 857 3500 Nullus,
891 3435 1080 3504 inquit,
1107 3434 1219 3503 jam
1250 3435 1510 3489 veraciter
1545 3436 1808 3491 Christia-

221 3540 340 3578 nus
372 3524 604 3595 ignorat,
619 3527 1043 3596 uniuscujusque
1065 3527 1618 3597 synodieonstitutum
1641 3528 1807 3599 (quod

224 3616 558 3671 universalis
571 3616 818 3672 Ecclesite
839 3619 1081 3688 probavit
1100 3619 1400 3687 assensus),
1415 3621 1614 3674 nullam
1637 3621 1811 3691 magis

223 3707 459 3776 exsequi
485 3709 665 3762 sedem
696 3723 805 3777 prae
835 3709 1041 3762 cmteris
1063 3717 1312 3777 Oportere
1339 3725 1503 3777 quam
1551 3712 1804 3778 primam,

223 3813 358 3865 qua:
387 3815 823 3868 unamquamque
844 3799 1186 3869 synodumet
1207 3813 1304 3852 sua
1328 3801 1647 3854 auctoritate
1669 3811 1806 3855 con-’

226 3889 434 3951 tit-mat,
479 3898 533 3941 et
560 3890 870 3942 continuata
902 3889 1270 3943 moderatione
1307 3890 1558 3945 custodit.
1591 3910 1609 3943 ι
1670 3890 1806 3948 Hinc

223 3985 460 4031 sanctus
485 3976 593 4032 Leo
623 3994 757 4048 papa
790 3995 802 4031 :
840 4000 858 4031 ι
879 3980 958 4034 Ad
989 3995 1189 4046 meum,
1233 3980 1428 4050 inquit,
1473 3982 1642 4036 tendit
1679 3998 1802 4037 rea-

1904 3231 2075 3285 tiﬁces
2093 3232 2213 3286 aliis
2239 3249 2395 3300 pares
2416 3251 2538 3290 esse
2558 3239 2865 3303 voluerunt,
2887 3242 3034 3309 quod
3063 3258 3170 3296 non
3193 3253 3300 3296 tam
3331 3259 3484 3298 nova:

1907 3319 2263 3375 institutionis
2291 3333 2539 3379 auctores
2574 3342 2737 3395 quam
2768 3329 2966 3382 veteris
2992 3340 3341 3385 exsccutores
3363 3332 3484 3386 exl-

1907 3412 2424 3488 stere,studuerunt;.
2447 3405 2593 3484 quod
2621 3433 2726 3469 non
2757 3417 2931 3471 solum
2957 3417 3224 3488 Romano,
3245 3422 3338 3476 sed
3364 3423 3483 3477 cui-

1913 3501 2042 3556 libet
2069 3503 2321 3572 episeopo
2351 3499 2596 3561 Gelasius
2624 3507 2784 3561 licere
2813 3515 3060 3563 testatur.

1987 3636 2254 3709 Hactenus
2307 3640 2925 3709 antiquaqmembranw.
2976 3641 3107 3707 Qum
3139 3659 3262 3697 num
3319 3655 3484 3700 totam

1912 3707 2166 3784 Iiernaldi
2196 3701 2614 3784 lucubrat'ionem
2660 3712 2808 3784 nobis
2829 3701 3124 3784 exhibeant,
3146 3715 3388 3784 ambige,
3421 3719 3484 3768 ob

1912 3779 2068 3845 ﬁnem
2109 3787 2218 3830 tant
2262 3779 2560 3847 abruptum,
2601 3791 2651 3834 et
2692 3780 2838 3833 nulla
2867 3781 2944 3834 vel
2971 3780 3182 3833 lectori:
3212 3779 3485 3838 eel'Cebe-z

1912 3847 2065 3899 Itardi
2085 3847 2482 3917 compellatione
2512 3851 2869 3902 terminatum.
2911 3848 3011 3902 Cui
3042 3850 3245 3917 plenius
3268 3862 3316 3905 et
3349 3855 3488 3908 inte-

1905 3918 2054 4038 ἕᾶἱιιδ
2082 3915 2349 3985 exemplar
2389 3917 2652 3986 obtigerit,
2696 3918 2744 3973 is
2786 3915 3111 3972 Bernaldnm
3151 3919 3484 3993 integriorem

1972 3994 2049 4038 at.
2402 4026 2408 4031 ι

1972 3994 2049 4040 at.

245 4115 3454 4168 mm

947 4263 1444 4342 MONITUM
1494 4263 1998 4342 EDITORIS
2053 4265 2758 4346 PATROLOGL’E.

305 4431 601 4510 Opusculis
629 4439 873 4496 Bernaldi
900 4441 1010 4511 jam
1039 4457 1104 4496 ex
1137 4442 1392 4496 Gretsero
1421 4441 1581 4496 editis
1604 4440 1885 4510 jungimus
1912 4440 2013 4494 alia
2043 4455 2166 4509 qua:
2193 4441 2400 4509 primus
2427 4441 2480 4494 in
2512 4440 2686 4497 lucem
2730 4439 2912 4501 emisit
2950 4445 3480 4512 doctissimusﬂer-

225 4535 436 4591 manize
464 4549 636 4587 sacra:
661 4533 850 4586 editor.
885 4531 1085 4586 Deinde
1111 4531 1422 4586 Chronicon
1451 4531 1722 4595 Bernaldi,
1761 4531 1816 4584 in
1845 4545 1956 4600 quo
1985 4531 2155 4585 multa
2183 4531 2250 4586 de
2277 4531 2518 4603 Gregorii
2554 4532 2641 4587 VII
2670 4536 2834 4603 rebus
2876 4539 3072 4608 gestis,
3103 4540 3475 4609 subjiciemus.

225 4622 591 4695 Tengnagclii
620 4620 865 4693 Syllogcn
892 4622 970 4677 sic
1001 4622 1312 4692 ampliatam
1341 4622 1597 4678 claudent
1617 4621 1878 4692 opuscula
1907 4635 2030 4692 quae
2066 4620 2122 4676 in
2153 4621 2330 4678 indice
2369 4623 2692 4681 Collectioni
2735 4628 2960 4697 praeﬁxo
2995 4629 3367 4685 inscribuntur
3397 4630 3482 4685 ul-

228 4717 392 4773 tima.

231 4859 630 4886 ,ειη-ι.

631 4859 3468 4888 mm

834 4963 1344 5104 nONITUM'
1387 5021 1802 5102 EDITOR]

1925 5018 2480 5098 GERMANIZE
2536 5018 2894 5098 SACRE.

1716 5173 1803 5246 (ιι,
1833 5171 1984 5242 356.)

300 5486 596 5539 Hactenus
620 5475 762 5532 edita
777 5476 1038 5534 .‘Bernaldi
1065 5475 1357 5549 opuscula;
1379 5474 1621 5549 Altisjam
1654 5472 1754 5549 illa
1792 5469 2174 5542 subiungimus
2201 5485 2324 5539 quae
2358 5467 2628 5549 publicam
2658 5465 2836 5549 lucem
2876 5467 3102 5549 necdum
3131 5473 3478 5549 aspexerunt,

223 5538 308 5610 exi
334 5538 764 5617 membrapaeeo
785 5564 908 5602 saec.
935 5564 1010 5602 ιιι
1042 5538 1226 5617 codice
1251 5538 1350 5615 qui
1377 5545 1431 5598 in
1462 5538 1786 5617 bibliotheca
1824 5538 2360 5617 nostriasservatur,
2391 5538 2729 5617 deprompta.
2767 5539 2862 5594 Est
2889 5538 2977 5591 hic
3000 5538 3047 5589 is
3075 5538 3188 5617 ipse
3220 5538 3480 5617 antiquus

224 5605 410 5679 Edéx
433 5630 554 5687 quo
583 5613 844 5669 Simlerus
869 5617 922 5670 in
949 5632 1067 5687 sua
1089 5605 1439 5687 Bibliotheca,
1473 5629 1528 5682 ι).
1557 5613 1647 5677 96,
1675 5612 1955 5687 sequentia
1984 5607 2244 5687 Bernardi
2273 5622 2380 5687 seu
2411 5605 2662 5687 Beroaldi
2699 5615 3170 5687 operalrcc‘ensetL
3191 5619 3312 5687 qua;
3339 5606 3487 5660 inter.

267 5673 420 5746 rimo
452 5673 581 5744 ioco
613 5694 911 5744 occurrunt
935 5685 1283 5767 Aputogetica:
1321 5673 1548 5739 ratione;
1574 5673 1770 5767 cqntra'
1800 5675 2254 5767 schismaticoruln
2287 5675 2604 5767 gbjgetiqnes
2641 5676 2715 5767 ad.
2736 5673 3086 5767 'AdLal‘bfrtttm
3107 5673 3478 5767 ΔΝιςίξιεφηιξιη

227 5709 420 5764 prtmo
452 5709 581 5744 IUL'U
613 5709 911 5744 DCCIIITUIII.
935 5709 1283 5767 apmogeuca:
1321 5709 1548 5763 “lactuca
1574 5709 1757 5761 cun-ua
1800 5709 2152 5758 autut-anu"
2166 5709 2254 5755 In:
2291 5709 2604 5754 υυιυιιηίτνο
2641 5709 2710 5754 υἷι
2745 5709 3086 5728 ηυιυυιηυηη
3117 5709 3478 5772 ινξιςηιῖιβικηο

229 5757 625 5836 "cyminum,-
661 5755 717 5806 in
738 5753 921 5822 quibus
955 5771 1216 5824 praecipue
1245 5753 1475 5824 defendit
1499 5751 1635 5822 quod
1659 5765 1766 5820 ipse
1795 5757 1842 5804 et
1883 5747 1980 5800 aln
2009 5743 2247 5797 monachi
2281 5743 2339 5797 S.
2365 5743 2537 5796 Blam
2563 5753 2748 5808 merito
2780 5745 2844 5797 ab
2869 5755 3332 5798 excommunicauit
3360 5745 3480 5803 abs-
