3956 6382
566 395 701 449 12-Ξῖ

1526 395 1614 449 AD
1651 391 1874 451 OPERA
1913 394 1969 448 S.
2007 386 2332 450 GREGORII
2369 387 2809 446 APPENDICES.

3652 388 3800 443 £223

562 511 790 581 legimus
817 510 1019 582 (1084),
1045 526 1154 566 non
1188 511 1244 566 8.
1263 479 1554 564 ’Δυηιίιιιῐι
1579 510 1782 581 (1085),
1820 509 1934 578 cujt
1960 524 1978 562 ς
2002 523 2122 563 cor-
2150 510 2196 566 Α
2221 521 2256 576 p
2280 505 2529 560 omiserit
2553 524 2565 558 :
2592 505 2656 558 In
2677 505 2872 558 semine
2893 513 2980 556 tuo
2997 504 3361 559 benedicentur
3386 521 3558 560 omnes
3583 517 3760 577 gentes
3776 508 3808 561 .’

564 617 666 669 pus
692 599 989 672 Hirsaugite
1014 602 1292 666 fovemus;
1317 603 1420 656 iste
1444 602 1586 655 enim
1611 611 1850 666 sanctus,
1877 601 1930 654 in
1957 617 2130 670 quan-

565 697 679 743 tum
711 705 775 743 ex
803 689 1091 746 Chronicis
1134 690 1384 760 colligere
1414 689 1709 758 potuimus,
1741 697 1864 744 ante
1885 696 2128 758 tempora

566 782 762 836 horum
793 782 1214 850 apostolicorum
1266 780 1513 851 migravit
1546 779 1613 835 ad
1661 779 1969 833 Dominum.
2021 777 2130 834 Nec

566 885 807 940 unquam
835 870 908 924 ita
933 869 1041 924 Deo
1071 879 1338 925 annuente
1368 885 1397 924 a
1421 868 1644 922 veritate
1679 868 2036 933 deviabimus,
2071 875 2132 922 ut

566 961 800 1032 aliquem
822 962 985 1016 simul
1006 970 1059 1016 et
1080 971 1325 1016 sanctum
1352 970 1406 1016 et
1426 960 1954 1016 excommunicatum
1976 960 2130 1016 dica-

568 1067 710 1108 mus.
739 1050 871 1128 Nau;
889 1052 1043 1121 juxta
1066 1052 1124 1106 Β.
1149 1052 1509 1123 Augustinum
1537 1053 1605 1105 ab
1628 1050 1864 1106 Ecclesia
1895 1053 2130 1122 separati

568 1123 907 1214 nequaquain
945 1143 1137 1210 sancti,
1182 1143 1276 1198 scd
1320 1153 1521 1198 veterno
1562 1143 1810 1198 incendio
1837 1137 2132 1198 ereduntur

497 1265 502 1273 ι
571 1234 949 1304 mancipandi.,

637 1322 752 1378 XV.
795 1323 854 1377 Si
900 1324 1115 1394 egregio
1165 1324 1374 1379 doctori
1423 1334 1477 1378 et
1527 1323 1841 1379 ﬁdelissimo
1885 1323 2128 1394 martyri,

569 1414 728 1468 beato
778 1414 999 1483 inquam
1029 1397 1323 1484 Cypriano,
1378 1415 1597 1469 credere
1653 1415 1936 1479 volumus,
1989 1415 2130 1484 apud

573 1503 890 1558 Guibertum
925 1513 981 1559 et
1022 1504 1142 1574 ejus
1170 1506 1459 1575 complices
1489 1505 1788 1560 Ecclesiam
1821 1505 2129 1560 nullatenus

573 1607 694 1646 esse
753 1593 1054 1649 credemus.
1118 1592 1236 1664 Ipse
1289 1596 1433 1650 enim
1485 1595 1728 1651 scribens
1786 1594 1861 1649 De
1920 1595 2132 1650 civitate

572 1680 658 1753 [l.,
674 1682 900 1754 unitate]
915 1682 1164 1740 Ecclesiae
1179 1685 1247 1740 ad
1262 1685 1513 1756 Magnum
1536 1685 1905 1757 presbyterum
1925 1684 2128 1755 (l086):

575 1770 836 1836 Ecclesia,
859 1775 1059 1844 inquit,
1084 1784 1189 1828 una
1216 1785 1314 1840 est,
1339 1792 1453 1845 qua:
1481 1775 1620 1828 intus
1651 1784 1700 1829 et
1731 1776 1861 1844 foris
1894 1792 2003 1829 esse
2031 1792 2132 1829 non

573 1869 759 1925 potest.
785 1859 844 1915 Si
872 1863 1010 1915 enim
1040 1863 1180 1932 apud
1207 1862 1563 1917 Nocatianum
1600 1865 1704 1917 sive
1735 1862 1997 1916 Novatum
2034 1872 2131 1928 est,

574 1949 714 2016 apud
751 1947 1050 2003 Cornelium
1087 1967 1189 2004 non
1234 1952 1355 2020 fuit.
1403 1950 1461 2004 Si
1503 1969 1619 2006 vero
1647 1947 1809 2021 'apnd
1837 1950 2138 2006 Cornelium

578 2037 698 2104 fuit,
727 2040 816 2107 qui
849 2039 1090 2094 Fabiano
1119 2043 1355 2111 episcopo
1395 2042 1632 2112 legitima
1665 2044 1993 2097 ordinatione
2020 2060 2139 2096 suc-

578 2137 749 2202 cessit,
781 2135 1108 2192 Novatianus
1131 2141 1187 2191 in
1212 2138 1451 2192 Ecclesia
1480 2157 1580 2193 non
1603 2149 1696 2193 est.
1724 2141 1800 2194 Ac
1822 2141 1866 2194 si
1890 2141 2092 2195 diceret
2122 2161 2134 2195 :

581 2225 638 2278 Si
665 2226 805 2296 apud
843 2226 1160 2299 Gregorium
1211 2244 1401 2299 papam
1451 2228 1690 2283 Ecclesia
1736 2230 1862 2295 fuit,
1908 2232 2051 2300 quod
2086 2241 2140 2286 et

578 2318 680 2386 ipsi
724 2317 982 2372 Guiberto
1024 2320 1294 2384 constitit,
1327 2320 1467 2389 apud
1511 2320 1824 2374 Guibertum
1871 2337 1978 2375 non
2022 2331 2136 2388 est,

581 2423 681 2462 nec
722 2409 840 2477 ejus
882 2409 1191 2478 complices.
1240 2410 1440 2464 Eodem
1485 2411 1630 2464 enim
1673 2412 1866 2475 modo,
1915 2423 2139 2481 excepto

579 2497 722 2564 quod
769 2514 877 2552 non
923 2499 1040 2552 sine
1086 2500 1325 2568 perjurio
1371 2500 1660 2555 Guibcrtus
1692 2502 1972 2571 Gregorio,
2003 2503 2142 2558 sicut

579 2584 820 2642 Novatus
865 2587 1118 2643 Cornelio
1155 2590 1454 2645 adulterina
1489 2592 1920 2661 supplantatione
1951 2595 2142 2651 subre-

578 2676 703 2745 psit.
733 2676 865 2732 Nam
894 2679 959 2734 de
979 2677 1185 2735 Novato
1211 2697 1318 2735 non
1337 2682 1586 2752 legimus,
1611 2684 1755 2754 quod
1780 2686 2140 2741 obedientiam

582 2765 639 2820 S.
695 2767 947 2824 Cornelio
997 2787 1234 2841 unquam
1295 2772 1590 2841 juraverit,
1647 2776 1792 2844 quod
1849 2776 2140 2834 Guibertus

581 2854 843 2926 Gregorio
867 2873 1018 2928 papae
1048 2859 1192 2913 fecit.
1225 2859 1290 2912 Et
1324 2870 1383 2914 ut
1420 2861 1485 2914 de
1519 2863 1740 2916 domino
1783 2873 1969 2918 nostro
2011 2865 2144 2928 Gre:

580 2924 733 3014 gorio
766 2924 1034 3015 dicamus,
1062 2949 1206 3018 quod
1243 2949 1310 3003 de
1353 2949 1409 3003 S.
1435 2950 1688 3008 Cornelio
1718 2953 1936 3022 scripsit
1956 2953 2015 3008 Β.

582 3035 806 3102 prianus
857 3037 958 3106 (ep.
992 3037 1124 3106 55):
1158 3038 1357 3094 Factus
1409 3050 1486 3095 est
1539 3043 1809 3113 episcopus
1845 3045 1910 3098 de
1952 3035 2069 3100 Dei
2093 3055 2144 3101 et

582 3127 784 3182 Christi
811 3128 925 3197 ejus
942 3127 1168 3198 judicio,
1196 3130 1259 3183 de
1291 3131 1598 3185 clericorum
1639 3135 1869 3187 omnium
1903 3137 2142 3190 testimo-
2163 3153 2213 3222 ὀ

583 3217 691 3282 nio,
718 3217 782 3271 de
810 3217 994 3287 plebis,
1027 3235 1144 3288 qua:
1172 3229 1294 3272 tunc
1329 3220 1525 3290 adfuit,
1561 3223 1835 3294 suﬂ'ragio,
1869 3226 1932 3279 de
1964 3243 2142 3281 sacer-

583 3308 767 3360 dotum
824 3310 1161 3378 antiquorum
1209 3321 1257 3363 et
1308 3311 1558 3366 bonorum
1619 3315 1850 3369 virorum
1891 3316 2150 3388 collegio,

582 3413 730 3450 nemo
763 3407 904 3451 ante.
938 3398 1090 3451 illum
1135 3401 1306 3468 factus
1346 3411 1509 3467 esset,
1552 3419 1670 3454 cum
1720 3404 1864 3457 locus
1909 3405 2058 3460 Petri
2094 3414 2145 3459 et

583 3487 780 3554 gradus
811 3489 1154 3542 sacerdotalis
1181 3491 1440 3545 cathedrae
1466 3503 1690 3547 vacaret.
1718 3493 1832 3558 Quo
1871 3508 2141 3566 occupato,

583 3579 632 3623 et
685 3570 784 3625 Dei
814 3574 1074 3628 voluntate
1112 3587 1267 3645 atque
1309 3580 1540 3632 omnium
1579 3597 1826 3634 consensu
1868 3585 2143 3652 ordinato,

587 3661 824 3730 quisquis
859 3662 976 3731 jam
1020 3667 1290 3734 episcopus
1329 3652 1548 3720 voluerit
1566 3669 1716 3736 ﬁeri,
1749 3671 1878 3738 [oris
1919 3673 2013 3739 ﬁat
2058 3691 2146 3727 ne-

587 3763 725 3805 cesse
754 3761 859 3818 est,
908 3769 998 3806 nec
1043 3754 1228 3807 habeat
1280 3756 1689 3810 ecclesiasticam
1734 3759 2143 3829 ordinationem,

583 3843 674 3912 qui
714 3841 967 3898 Ecclesia:
988 3861 1091 3897 non
1123 3853 1258 3897 tenet
1294 3845 1579 3909 unitatem;
1611 3847 1862 3916 profanus
1888 3857 1985 3915 est,
2016 3850 2148 3905 alie-

583 3945 680 3982 nus
707 3939 805 3995 est,
833 3931 962 3998 foris
997 3941 1091 3985 est.
1117 3930 1186 3984 Et
1224 3948 1342 3985 cum
1371 3941 1485 4001 post
1511 3934 1737 4002 primum
1761 3938 2014 3990 secundus
2037 3955 2147 3993 esse

583 4037 687 4074 non
736 4023 920 4090 possit,
956 4024 1189 4092 quisquis
1244 4033 1358 4092 post
1398 4025 1656 4093 primum,
1687 4030 1775 4096 qui
1819 4028 1960 4082 solus
1998 4030 2144 4086 debet

584 4128 692 4165 esse
719 4153 734 4177 ,
786 4113 959 4181 factus
1003 4123 1113 4178 est,
1160 4130 1263 4166 non
1296 4115 1413 4182 jam
1453 4117 1708 4170 secundus
1739 4109 1863 4185 ille,
1903 4120 1992 4174 sed
2023 4121 2144 4175 nul-

588 4201 670 4252 lus
695 4212 790 4254 est.

659 4287 796 4342 XVI.
823 4291 1143 4348 Sententias
1174 4304 1350 4350 autem
1386 4296 1452 4351 de
1468 4297 1866 4354 universalitate
1891 4298 2147 4357 Ecclesiae

591 4397 936 4452 nequaquam
995 4383 1068 4436 ita
1133 4386 1426 4455 intelligere
1483 4387 1782 4454 debemus,
1839 4399 1900 4443 ut
1956 4407 2145 4448 omnes

589 4484 776 4548 gentes
825 4477 879 4530 in
936 4474 1174 4529 Ecclesia
1221 4491 1341 4534 esse
1386 4478 1649 4532 dicamus.
1704 4478 1957 4550 Nunquid
1999 4483 2145 4537 enim
2182 4507 2222 4560 ο

588 4564 784 4634 aliquis
809 4561 1154 4619 Christianus
1182 4577 1420 4632 paganos
1442 4565 1554 4618 sive
1577 4563 1792 4619 Judaaos
1827 4565 1883 4620 in
1920 4567 2147 4622 ecclesia

589 4671 708 4710 esse
746 4653 1100 4719 contenderit,
1154 4654 1400 4723 quamvis
1448 4653 1562 4723 ipse
1609 4653 1874 4710 Dominus
1919 4656 2148 4713 Abrahte

663 4807 1098 4880 (lO8b)_Ubinam
1128 4809 1230 4865 hoe
1277 4810 1461 4880 legerit
1491 4809 1806 4874 Bernaldus,
1846 4810 2148 4880 incomper-

592 4885 706 4950 tum
737 4876 894 4929 nobis
918 4886 1019 4941 est,
1047 4893 1221 4950 neque
1247 4876 1389 4932 enim
1421 4880 1532 4950 sive
1568 4881 1619 4933 in
1650 4881 1986 4950 Augustino,
2028 4876 2147 4937 sive

589 4946 658 5019 iu‘
689 4943 881 5019 borum
914 4943 1224 5019 pontiﬁcum
1271 4957 1365 5019 aut
1406 4943 1920 5019 Carthaginensium
1958 4943 2147 5006 litteris

590 5013 809 5087 aliqugd
837 5013 997 5087 hujus
1029 5013 1153 5087 facti
1168 5018 1461 5087 vestigium
1497 5013 1734 5087 repe'rire
1767 5029 1868 5072 est.
1895 5018 2148 5074 Credide-

588 5081 716 5151 rim,
751 5081 1074 5154 Bernaldum
1108 5082 1277 5138 fuisse
1297 5081 1575 5154 deceptum
1598 5103 1662 5141 ex
1697 5088 2041 5154 homonymia
2071 5091 2150 5142 al-

591 5148 759 5209 terius
788 5148 1010 5216 Aurelii,
1033 5152 1099 5206 de
1118 5165 1229 5222 quo
1255 5148 1519 5222 exilibéllo
1532 5148 2149 5217 Mareellinietl’austini

590 5223 1063 5279 schismaticorum
1113 5221 1226 5275 haec
1267 5221 1335 5274 ad
1363 5235 1489 5275 ann.
1516 5222 1612 5274 571
1647 5222 1814 5277 refert
1842 5225 2106 5281 Baronius
2135 5249 2144 5280 :

589 5292 862 5362 Aurelium
891 5291 1167 5362 quemdam
1195 5290 1512 5362 episcopum,
1539 5306 1603 5342 ex
1628 5305 1686 5342 eo
1719 5292 1861 5362 quod
1884 5295 2002 5361 cum
2025 5295 2153 5348 Gre-

589 5363 735 5434 gorio
781 5358 1114 5434 Eliberitano
1166 5358 1422 5434 episcopo
1469 5358 1920 5434 cqmm_unifass_et,
1951 5358 2152 5434 :ROma

589 5427 770 5499 ῥωηίη
792 5429 1184 5501 dedisse:quod
1203 5430 1318 5499 jam
1341 5436 1466 5481 ante
1487 5427 1688 5481 Aurelii
1711 5427 2153 5499 Carthaginensis

590 5507 833 5555 tempora
860 5500 1078 5554 factum.

663 5565 843 5638 (Ῐο85)
880 5569 1041 5622 Multa
1072 5569 1140 5624 de
1163 5567 1267 5638 lipc
1298 5565 1353 5620 8.
1381 5566 1599 5621 Aurelio
1625 5565 1943 5638 Ariarathim
1975 5569 2028 5623 in
2051 5567 2150 5622 Ar-

592 5634 769 5706 menia
825 5639 1032 5692 minore
1058 5654 1153 5691 seu
1185 5634 1534 5705 Cappadociae
1563 5637 1818 5706 episcopo
1849 5648 2152 5692 memorant

593 5651 769 5691 menta
825 5653 1032 5692 mmore
1058 5654 1153 5691 seu
1185 5651 1534 5705 Lappauoctze
1563 5654 1592 5690 e
1635 5653 1818 5706 Iscopo
1849 5651 2146 5692 memorant

593 5705 642 5760 le
672 5703 844 5772 Quien
870 5705 1078 5776 (Oriens
1105 5706 1322 5774 Christ.,
1353 5717 1391 5762 t.
1418 5706 1457 5775 Ι,
1493 5723 1543 5776 p.
1575 5651 1722 5778 ἐξ),
1746 5717 1795 5762 et
1811 5707 2146 5762 Boilaudiani

2232 596 2380 665 (Gen.
2413 595 2572 666 χιιι.)
2601 596 2703 650 Sed
2732 606 2785 649 et
2809 595 3079 665 quoslibet
3117 595 3398 651 haereticos
3428 597 3542 652 sive
3576 612 3807 652 excom-

2230 687 2539 742 municatos
2568 679 2723 756 juxta
2779 687 3178 741 attestationem
3230 686 3330 741 SS.
3389 686 3610 743 Patrum
3661 688 3810 744 foris

2231 791 2350 830 esse
2375 793 2482 831 non
2506 776 2873 830 dubitabimus
2901 794 2914 829 :
2944 776 3143 845 quibus
3189 778 3377 846 procul
3420 778 3585 833 dubio
3625 781 3808 833 satius

2231 877 2395 932 esset,
2445 882 2724 936 nunquam
2773 866 3069 922 Ecclesiam
3119 876 3386 934 mtrasse,
3433 883 3597 938 quam
3643 870 3807 938 juxta

2232 955 2576 1028 Evangelium
2605 957 2768 1028 duplo
2795 957 2966 1012 factos
2986 972 3108 1012 esse
3136 959 3275 1014 ﬁlios
3293 959 3554 1028 gehennae
3578 959 3804 1029 (Matth.

2232 1051 2408 1118 nun).
2471 1047 2589 1118 Ipse
2642 1064 2860 1119 quoque
2917 1048 2973 1103 S.
3028 1050 3366 1120 Augustinus
3420 1051 3812 1108 schismaticns

2231 1147 2384 1192 extra
2415 1137 2713 1193 Eeclesiam
2743 1153 2865 1193 esse
2892 1141 3264 1209 saepenumero
3300 1141 3554 1205 asseruit,
3584 1141 3711 1196 licet
3733 1142 3811 1197 do

2232 1224 2632 1280 oniversalitate
2644 1224 2896 1281 Ecclesiae
2907 1241 3174 1297 nusquam
3195 1228 3540 1283 dubitaverit.
3555 1229 3651 1284 Est
3669 1244 3812 1302 ergo

2231 1318 2305 1369 ita
2365 1316 2800 1387 intelligendum,
2861 1327 3107 1372 sanctam
3167 1317 3466 1373 Ecclesiam
3523 1334 3647 1375 esse
3704 1334 3814 1390 per

2231 1423 2419 1462 omnes
2444 1419 2629 1477 gentes
2649 1409 2902 1464 diffusam
2927 1410 2981 1463 in
3007 1410 3265 1465 membris
3298 1411 3442 1476 suis;
3475 1426 3582 1466 non
3613 1413 3813 1482 utique

2231 1495 2285 1550 in
2319 1498 2450 1564 illis,
2493 1498 2588 1567 qui
2635 1500 2718 1554 vel
2755 1514 3034 1569 nunquam
3065 1501 3113 1554 ei
3158 1501 3492 1571 incorporati
3540 1511 3685 1568 sunt,
3718 1503 3810 1558 vel

2232 1587 2324 1656 qui
2347 1596 2471 1658 post
2495 1588 2996 1659 incorporationem
3024 1605 3181 1645 suam
3210 1590 3580 1647 ecclesiastico
3596 1590 3814 1664 judicio

2233 1677 2302 1730 ab
2325 1693 2388 1730 ea
2424 1677 2797 1733 dismembrati
2829 1687 2974 1733 sunt.

2261 1807 2263 1809 .
2306 1767 2466 1822 XVII.
2512 1767 2866 1840 Nequaquam
2921 1785 3051 1825 vero
3088 1786 3425 1842 perversum,
3461 1773 3569 1829 sed
3608 1789 3813 1830 sanum

2239 1857 2394 1912 nobis
2426 1857 2639 1912 videtur
2663 1874 2784 1914 esse
2810 1860 3128 1927 consilium,
3162 1870 3221 1915 ut
3257 1863 3514 1917 monachi
3551 1878 3660 1918 non
3693 1873 3815 1918 tam

2236 1947 2585 2002 saecularibus
2609 1948 2884 2017 obediant,
2902 1966 3135 2020 quorum
3159 1954 3626 2008 conversationem
3650 1954 3818 2010 abre-

2236 2038 2639 2105 nuntiaverunt,
2683 2055 2846 2110 quam
2896 2041 3011 2096 suis
3065 2041 3373 2107 abbatibus,
3426 2044 3628 2113 quibus
3680 2046 3822 2100 obcc

2236 2127 2493 2182 dtentiam
2541 2131 2926 2198 promiserunt.
2975 2130 3196 2202 Hocque
3237 2148 3430 2189 omnes
3483 2135 3820 2206 generaliter

2235 2225 2346 2271 tam
2373 2217 2679 2286 spirituales
2703 2234 2868 2289 quam
2881 2220 3166 2276 saeculares
3183 2222 3494 2278 ﬁrmissime
3509 2228 3820 2293 attendant,

2235 2318 2297 2363 ut
2322 2308 2449 2364 nulli
2479 2325 2720 2380 unquam
2746 2320 2936 2365 contra
2963 2308 3134 2366 Deum
3151 2322 3205 2367 et
3231 2315 3587 2382 apostolicam
3619 2326 3820 2371 aucto-

2235 2400 2448 2454 ritatem
2487 2401 2780 2456 obediant:
2821 2401 3036 2471 Oportet
3079 2403 3225 2456 enim
3267 2403 3386 2473 plus
3437 2405 3650 2459 obedire
3701 2406 3821 2462 Deo

2244 2507 2402 2560 quam
2455 2490 2749 2546 hominibus
2807 2493 2946 2562 (Act.
2990 2491 3068 2563 v).
3124 2491 3278 2548 Unde
3325 2504 3822 2568 quantumcunque

2239 2581 2584 2651 imperatoria
2639 2583 2900 2654 majestas
2959 2586 3171 2642 excelsa
3226 2585 3502 2656 videatur,
3561 2605 3672 2644 non
3732 2599 3824 2646 est

2239 2681 2419 2727 tamen
2447 2688 2686 2744 tequum,
2718 2685 2778 2730 ut
2801 2684 2990 2730 contra
3029 2675 3201 2732 Deum
3226 2678 3275 2733 ei
3298 2679 3602 2735 obediatur.

2309 2761 2492 2817 XVlll.
2533 2762 2643 2820 Nec
2676 2765 3051 2838 indignemini,
3081 2766 3128 2822 si
3152 2777 3339 2824 sancta
3362 2768 3599 2826 Ecclesia
3621 2787 3820 2828 eorum

2240 2853 2612 2926 eleemosynas
2632 2871 2741 2910 non
2762 2857 2973 2926 recipit,
2997 2873 3137 2927 quos
3156 2868 3391 2915 externa
3410 2863 3825 2918 communionis

2241 2958 2364 2998 esse
2408 2947 2782 3016 perspexerit;
2830 2962 2958 3003 nam
3016 2957 3072 3003 et
3114 2936 3302 3004 sancti
3331 2966 3571 3007 canones
3625 2957 3825 3026 praeci-

2242 3023 2422 3104 piunt,
2472 3045 2533 3090 ut
2577 3037 2880 3093 oblationes
2914 3038 3292 3094 dissidentium
3333 3039 3563 3097 fratrum
3609 3023 3718 3101 nec
3769 3047 3828 3101 in

2243 3125 2518 3192 sacrario,
2551 3142 2652 3181 nec
2696 3127 2750 3181 in
2800 3129 3190 3200 gazophylacio
3224 3129 3590 3200 recipiantur;
3631 3133 3731 3188 sed
3770 3144 3829 3190 et

2215 3212 2375 3282 ipsae
2431 3215 2788 3288 eleemosyna
2843 3219 3229 3276 ecclesiasticis
3283 3221 3625 3297 orationibus
3689 3236 3829 3280 sunt

2243 3307 2741 3374 recompensandaa.
2769 3306 3110 3380 Quapropter
3138 3320 3325 3366 saneta
3359 3311 3599 3368 Ecclesia
3622 3304 3825 3370 eorum

2243 3393 2614 3468 elcemosynas
2643 3399 2951 3453 necessario
2979 3399 3199 3467 devitat,
3229 3401 3428 3472 quibus
3453 3404 3508 3457 in
3553 3405 3827 3460 ecclesia-

2244 3487 2394 3540 sticis
2414 3489 2622 3542 oration
2630 3489 2750 3544 ibus
2765 3505 2871 3544 non
2887 3492 3270 3549 communicat.
3288 3493 3413 3550 Haec
3428 3504 3606 3550 autem
3631 3500 3826 3554 omnia

2245 3577 2572 3633 testimoniis
2601 3577 2698 3632 SS.
2730 3577 2961 3635 Patrum
2996 3582 3158 3639 latius
3185 3587 3485 3654 approbare
3508 3604 3824 3660 possemus,

2245 3669 2338 3720 sed
2374 3669 2671 3738 prudentiae
2695 3679 2890 3727 vestrae
2934 3673 3100 3730 nimis
3147 3691 3339 3745 graves
3373 3693 3502 3751 [esse
3535 3680 3824 3750 timemus,

2245 3770 2407 3825 quam
2456 3774 2552 3828 per
2601 3776 2660 3815 se
2692 3761 2970 3831 copiosius
3008 3772 3062 3818 et
3105 3753 3416 3837 diligentius
3468 3768 3586 3825 hac
3630 3774 3824 3830 Omnia

2247 3845 2569 3918 investigare
2595 3840 2755 3920 pesse
2781 3858 2890 3908 nan
2911 3843 3246 3911 dubitamus.

2317 3936 2451 3991 XIX.
2495 3938 2549 3992 ln
2585 3940 2669 3996 his
2696 3957 2826 4013 ergo
2861 3951 2913 3997 et
2951 3944 3007 3998 in
3057 3945 3177 4001 aliis
3217 3947 3533 4018 huiusmodi
3579 3950 3684 4008 SS.
3716 3953 3823 4010 Pa—

2245 4035 2389 4082 trum
2413 4031 2692 4085 sententiis
2716 4046 2813 4101 pro
2842 4033 3061 4089 modulo
3100 4046 3288 4092 nostro
3330 4055 3504 4110 usque
3541 4042 3597 4096 in
3637 4043 3811 4100 ﬁnem

2246 4134 2592 4188 perseverare
2633 4121 2913 4192 cupimus,
2963 4141 3062 4182 nec
3106 4129 3174 4182 de
3218 4128 3322 4184 ﬁde
3353 4146 3576 4199 eorum,
3603 4133 3724 4197 imo
3751 4137 3818 4192 de

2245 4209 2347 4263 tlde
2366 4209 2570 4265 Christi
2601 4211 2720 4293 ipso
2757 4214 3060 4282 opitulante
3108 4233 3352 4288 unquam
3393 4223 3812 4293 erubescamus,

2245 4299 2340 4368 qui
2383 4300 2440 4354 in
2483 4291 2775 4371 Evangelio
2799 4317 2858 4357 se
2903 4303 2973 4358 de
3013 4304 3107 4359 illo
3146 4309 3488 4365 erubiturum

2247 4390 2557 4458 quicunque
2580 4390 2757 4460 ipsum
2790 4392 3018 4463 ejusque
3040 4401 3321 4455 Sermones
3359 4415 3549 4456 coram
3571 4400 3817 4461 homini-

2247 4479 2350 4533 bus
2399 4480 2705 4548 erubuerit.
2739 4478 2836 4538 His
2863 4498 3081 4554 quoque
3114 4489 3396 4544 sententiis
3419 4491 3486 4544 'et
3511 4507 3607 4547 vos
3629 4509 3820 4550 asseu-

2252 4567 2351 4623 tire
2374 4577 2646 4638 optamus,
2682 4568 2964 4642 Deumque
2984 4575 3134 4644 pacis
3158 4580 3211 4632 et
3227 4577 3429 4645 solatii,
3460 4591 3521 4637 ut
3540 4583 3630 4639 det
3661 4587 3818 4642 vobis

2252 4659 2486 4728 idipsum
2520 4675 2711 4731 sapere
2745 4662 3050 4731 nobiscum,
3083 4665 3193 4720 imo
3223 4682 3349 4723 cum
3387 4668 3489 4726 SS.
3535 4671 3814 4743 Patr-ibus,

2249 4819 2316 4911 ξιξ
2338 4819 2716 4911 sufﬂati,
2731 4821 2907 4911 ML
2931 4839 2991 4911 ᾖ
3007 4825 3096 4911 41.)
3118 4825 3176 4911 in
3196 4831 3813 4911 σοιηωειιιετίρμπτίρ

2342 4886 2520 4968 Vitam
2557 4886 2902 4971 Sapionysii’
2932 4886 3359 4971 'Mediolanensis
3399 4886 3697 4971 antistitis,
3713 4886 3811 4971 qui

2249 4957 2377 5039 illuc
2410 4957 2770 5039 Ainnex‘silium
2798 4957 3012 5039 'missus
3054 4964 3422 5039 o_biit._‘Huj_us
3443 4957 3577 5039 dein
3613 4957 3813 5039 corpus

2245 5025 2542 5102 petente
2576 5028 2863 5102 Ambrosio
2899 5033 3013 5102 ipse
3067 5025 3812 5094 Aurelius'ﬂediolanumHt—

2245 5096 2386 5180 tulit,
2548 5099 2708 5180 etiam
2739 5101 2893 5170 juxta
2918 5096 3809 5180 Ἴιὶώοωὶιιιιξᾼᾼηηηηὶηαση

2249 5174 2284 5219 t.
2310 5165 2360 5248 λ,
2384 5182 2437 5246 p.
2463 5166 2516 5236 7)
2551 5165 2800 5248 mortuus
2818 5181 2919 5248 _est
2944 5173 3092 5248 (διξαὶ
3270 5165 3375 5225 583
3400 5190 3413 5225 :
3437 5173 3598 5248 cujus
3625 5165 3809 5248 posi'ea

2246 5235 2542 5320 reliquiae}!
2563 5235 2797 5320 Notingo
2818 5239 3144 5320 Yerceuensi
3165 5235 3808 5320 episcopollirsaugiend

2252 5306 2580 5360 monasterio
2609 5306 2791 5389 allatis
2819 5306 2928 5389 sint
2963 5306 3365 5389 sphin-donee
3392 5310 3488 5368 Pio
3519 5306 3807 5389 imp:Ser-

2253 5388 2468 5453 _monem
2489 5392 2634 5453 __vero
2658 5376 2722 5453 _S_.
2753 5374 3124 5453 Ambrosiijn
3144 5377 3306 5453 _illius
3335 5374 3618 5453 exsequiis
3655 5385 3808 5442 babi-

2251 5443 2573 5528 tum,‘cujus
2598 5446 2813 5501 mitium
2842 5444 3007 5499 refert
3029 5443 3374 5517 Tritbemius,
3403 5453 3457 5507 in
3483 5443 3613 5524 ejus
3635 5456 3808 5528 aperio

2253 5509 2354 5564 bus
2385 5509 2770 5569 desideramus.
3361 5509 3371 5517 ⁷
3515 5509 3548 5551 ’-
3571 5521 3576 5524 ’

2325 5581 2505 5660 (ξοδδ)
2543 5580 2600 5660 In
2637 5582 2872 5660 editipne
2895 5579 3188 5660 0x‘oniensi
3210 5599 3294 5645 est
3315 5590 3549 5660 epistola
3581 5593 3674 5660 69,
3699 5593 3807 5649 sine

2209 5695 2213 5698 ,
2252 5649 2408 5702 titulo
2432 5650 2709 5721 inscripta,
2737 5649 2926 5720 Magno
2949 5653 3078 5722 ﬁlio.
