3956 6386
166 405 318 462 £9.29

1062 412 1346 468 Al'l‘L‘ND.
1390 414 1474 470 ill.
1514 449 1583 457 —-
1617 416 2046 472 MONUMENTA
2085 420 2540 479 tIREGOHlANA.

3283 436 3420 492 1250

164 521 555 578 indesinenter
576 538 851 593 rogamus.
876 525 981 581 Sed
1006 528 1274 584 interluee
1296 533 1477 584 omnia
1501 534 1761 596 cbaritas.
1793 539 1837 592 Α
1865 538 2038 588 carnis
2069 547 2178 601 est,
2208 551 2259 590 et
2297 545 2717 610 concupiscentia
2763 552 3059 615 acutorum,
3091 561 3140 604 et
3180 555 3418 623 superbia

163 628 296 681 qua:
339 628 450 667 non
495 613 760 680 irritatur,
785 632 885 671 nec
927 619 1120 686 quan-it
1149 636 1268 690 qua:
1320 637 1416 676 sua
1463 633 1622 688 sunt,
1660 640 1758 679 nec

163 719 426 771 nunquam
469 706 686 767 excidit.
719 709 948 786 multum
981 725 1082 765 nos
1106 711 1172 764 de
1210 723 1385 766 vestra
1431 715 1604 768 salute
1644 717 1755 768 sol-

162 793 358 847 licitos
409 793 560 849 facit.
601 795 818 852 Scimus
851 800 1018 860 enim,
1065 799 1124 854 B.
1175 800 1341 856 Jacob
1393 815 1753 872 protestante,

160 882 298 947 quia
340 884 590 937 amicitia
631 885 788 954 hujus
822 888 1003 940 mundi
1044 888 1261 942 inimica
1297 901 1375 947 est
1405 891 1521 959 Dei,
1557 903 1604 947 et
1638 896 1755 964 qui-

160 970 382 1042 cﬁnqne
432 974 650 1029 voluerit
684 978 885 1030 amicus
911 995 1022 1032 esse
1049 980 1205 1048 hujus
1246 984 1428 1037 seaculi
1449 1027 1464 1049 ,
1499 986 1753 1041 inimicus

158 1065 528 1117 constituitur
551 1065 646 1119 Dei
675 1066 814 1132 (Jac.
845 1068 938 1139 iv).
966 1067 1117 1124 Unde
1156 1072 1244 1127 ille
1268 1075 1568 1144 discipulus
1592 1093 1752 1146 quem

161 1151 437 1221 diligebat
476 1152 656 1220 Jesus,
686 1155 881 1210 hausto
908 1159 1140 1213 coasilio
1169 1161 1235 1214 de
1263 1163 1434 1232 ipsius
1484 1163 1753 1221 Dominici

161 1242 416 1309 pectoris
447 1259 685 1313 arcano,
717 1245 973 1302 informat
1007 1264 1108 1303 nos
1155 1252 1269 1306 ita:
1317 1253 1522 1319 Nolite,
1556 1257 1752 1324 inquit,

159 1330 398 1401 diligere
427 1335 705 1400 mundum,
732 1353 893 1408 neque
935 1355 1032 1405 ea,
1063 1358 1178 1410 qua:
1213 1344 1267 1395 in
1309 1346 1502 1398 mundo
1528 1357 1668 1400 sunt.
1696 1345 1756 1401 Si

157 1421 285 1488 quis
311 1422 496 1491 diligit
534 1426 806 1490 mundum,
832 1444 932 1482 non
962 1440 1040 1482 est
1079 1432 1313 1487 charitas
1358 1434 1540 1490 Patris
1569 1438 1623 1490 in
1659 1455 1754 1504 eo;

157 1512 430 1578 quoniam
469 1531 638 1582 antae,
665 1519 801 1586 quod
845 1530 921 1572 est
957 1522 1016 1573 in
1055 1525 1277 1589 minuto,
1328 1529 1752 1596 concupiscentia

1865 628 2007 692 sine,
2032 645 2147 697 qua:
2170 646 2271 681 non
2295 642 2371 684 est
2401 649 2433 684 α
2462 632 2742 700 Patre,sed
2770 652 2834 690 cx
2863 640 3072 692 mundo.
3105 640 3172 694 Et
3199 647 3420 700 mundus

1864 718 2054 770 transit
2078 728 2127 770 et
2154 723 2572 788 concupiscentia
2597 725 2742 793 ejus;
2769 730 2857 796 qui
2883 740 3052 782 autem
3085 733 3216 800 facit
3237 735 3420 789 volun-

1863 816 2020 860 tatem
2045 807 2160 874 Dei,
2198 820 2368 862 manet
2396 812 2450 864 in
2478 822 2752 869 «ternum.
2779 816 2966 872 Filioli
2998 822 3115 888 mei,
3139 825 3418 879 novissima

1859 897 1988 950 hora
2040 907 2152 963 est,
2191 909 2241 951 et
2275 911 2412 954 totus
2458 904 2682 955 vitandus
2725 907 2780 957 in
2833 908 3064 978 inaligno
3093 914 3293 979 positus
3344 926 3421 967 est

1859 990 1913 1057 (Ι
1941 989 2102 1046 Joan.
2134 994 2216 1061 ιι).
2252 992 2376 1049 Hzee
2417 997 2598 1050 omnia
2636 999 2837 1066 optime
2867 1002 3060 1069 nostis,
3083 1020 3184 1058 nec
3214 1007 3279 1061 ad
3306 1009 3419 1064 luce

1857 1081 2179 1136 insinuanda
2241 1094 2425 1138 nostra
2499 1087 2758 1142 relatione
2817 1090 3085 1161 indigetis.
3147 1095 3422 1168 Rogamus

1856 1180 2033 1224 autem
2086 1189 2185 1226 vos
2234 1174 2286 1228 in
2320 1174 2548 1230 Domino
2588 1187 2646 1232 ut
2673 1180 3032 1237 eruditionem
3081 1196 3316 1243 vestram
3352 1191 3418 1244 ad

1865 1261 2090 1314 salutem
2124 1263 2318 1318 anima:
2347 1276 2540 1320 vestrae
2585 1269 2845 1325 studeatis
2887 1288 3155 1340 exercere,
3184 1293 3251 1333 ne
3279 1279 3422 1336 hanc

1862 1355 2056 1418 vitam,
2097 1371 2219 1423 qua:
2250 1359 2475 1411 tcntatio
2512 1369 2594 1414 est
2620 1371 2674 1415 et
2719 1379 2888 1432 vapor
2908 1367 2978 1420 ad
3019 1369 3286 1424 modicum
3318 1386 3418 1440 pa-

1863 1461 1989 1500 rens
2037 1445 2175 1515 (Jac.
2225 1449 2336 1513 Iv),
2399 1451 2531 1504 tanti
2580 1453 2863 1521 pendatis,
2892 1466 2953 1512 ut
2997 1458 3261 1528 futuram,
3297 1477 3419 1533 quae

1861 1545 2074 1592 aeternae
2105 1537 2374 1593 felicitatis
2397 1549 2479 1594 est
2496 1582 2512 1606 ,
2540 1541 2824 1599 infeliciter
2845 1550 3102 1616 perdatis.

158 1654 3362 1719 Mm

1329 1807 2280 1922 BEBNALDI

768 2015 1099 2072 EPISTOLA
1137 2017 1226 2069 AD
1264 2015 1727 2072 ADELBERTUM
1765 2017 2344 2078 ARGENTINENSEM
2377 2025 2841 2083 PREPOSITL'M

1333 2135 1342 2144 .
1373 2169 1438 2207 DE
1477 2168 1608 2232 ιεοε
1649 2168 2200 2215 ειςοδωυκιεηιοκιε

839 2267 1201 2338 Obedientiam
1232 2288 1399 2354 magis
1433 2301 1582 2353 papa:
1603 2301 1759 2354 quam
1779 2288 1990 2355 proprio
2016 2294 2224 2358 pastori
2249 2298 2607 2360 praestandam
2633 2314 2758 2353 esse.

1593 2517 1994 2582 MONITUM.

237 2659 525 2719 Tractavit
552 2659 692 2714 idem
715 2658 817 2713 hoc
848 2668 1230 2727 argumentum
1259 2657 1691 2780 Beroaldusjam
1713 2674 2035 2728 supra,cap.
2053 2659 2126 2715 24
2153 2663 2497 2733 apologetici,
2531 2665 2634 2720 col.
2667 2664 2825 2731 tuo,
2860 2667 3004 2735 quod
3028 2670 3215 2736 paucis
3233 2671 3416 2729 denuo

237 2731 699 2780 rolvitAdelberto
712 2727 963 2780 familiari
987 2741 1108 2780 suo.
1137 2736 1196 2780 ut
1226 2741 1349 2780 eum
1383 2744 1437 2780 ιιι
1460 2727 1562 2780 obe
1601 2729 1764 2780 tentia
1787 2744 1939 2780 uana:
1961 2729 2308 2780 conﬁrmaret
2333 2742 2522 2780 contra
2543 2731 2807 2780 Othonem
2829 2736 3139 2780 pnigmnnm
3167 2739 3414 2780 Arannti-

163 2731 699 2788 rr-volvitAdelberto
712 2727 963 2782 familiari
987 2741 1108 2790 suo,
1137 2736 1196 2781 ut
1226 2741 1349 2781 eum
1383 2727 1437 2780 in
1460 2727 1562 2780 obe

1601 2727 1764 2808 ientia
1787 2727 1939 2808 papa:
1961 2727 2523 2808 confirmaret'contra
2543 2727 3139 2808 Otironcm'episcopum
3161 2727 3414 2808 Argenti;

162 2819 400 2858 nensem
421 2817 553 2873 ann.
573 2799 728 2873 10_8_5,
743 2798 991 2873 electum,
1018 2797 1115 2852 sed
1134 2796 1818 2873 schisniati_cum,_uti_eum
1840 2796 1903 2873 in
1928 2799 2326 2873 suoﬂt‘lbronico
2341 2802 2407 2856 ad
2430 2803 2731 2873 immittit!
2754 2796 3297 2873 appellat.'Cmteruin
3327 2812 3438 2866 bic'

161 2873 496 2927 Adelbertus
519 2869 659 2923 haud
674 2867 867 2936 legitur
888 2865 1030 2920 inter
1050 2867 1367 2936 przepositos
1394 2866 1539 2920 illius
1561 2865 1816 2922 Ecclesia:
1839 2867 1894 2922 in
1923 2867 2093 2923 Gallia
2122 2870 2436 2926 Christiana
2471 2881 2508 2927 t.
2532 2869 2602 2938 Ν,
2666 2913 2679 2926 .
2709 2865 2843 2939 ὃῖίὶξ
2865 2874 3001 2929 bene
3021 2878 3199 2931 autem
3226 2877 3280 2932 in
3309 2877 3415 2934 Ne-

161 2942 417 2996 crologio
439 2954 562 2995 saec.
597 2954 693 2996 xu.
719 2938 796 2991 uti
821 2946 1048 2992 testatur
1077 2935 1157 2991 Cl.
1188 2937 1528 2996 Grandidier.
1554 2936 1647 2996 qui
1675 2952 1800 2992 eum
1825 2938 1879 2991 in
1914 2939 2120 2994 chartis
2155 2941 2298 2996 illius
2321 2942 2580 2996 temporis
2619 2888 2821 2996 ii'ustra
2864 2943 3160 2996 inauisivit.
3198 2946 3254 2996 In
3292 2948 3415 2996 llis.

161 2942 417 3012 crologio
439 2954 562 3012 saec.
597 2954 698 3012 xu,
719 2935 796 3012 uti
821 2946 1048 3012 testatur
1072 2935 1528 3012 _Cl.’GrandiAd_ier,
1554 2936 1800 3012 quicum
1825 2938 2120 3012 in_cha_rtis
2155 2941 2298 2996 illius
2321 2942 2580 3011 temporis

2710 2950 2821 2996 stra
2864 2943 3160 3014 inquisivit.
3197 2946 3255 3003 In
3292 2948 3416 3004 His-

163 3011 310 3084 toria
327 3006 836 3084 llsatiie_t._ll_,_tit.
872 3007 1001 3084 501ἶ
1022 3007 1086 3060 ad
1113 3022 1315 3060 annum
1353 3006 1505 3084 10§9,
1557 3007 1701 3084 sistit
1744 3006 2711 3084 Burchardum_praepositumquem
2743 3006 3299 3084 utrum-praecesserit
3323 3028 3420 3074 aut

161 3083 504 3136 subsecutus
525 3079 597 3133 sit
621 3077 962 3141 Adelbertus,
989 3077 1253 3156 incertum
1279 3086 1379 3130 est.
1421 3074 1682 3140 Quamvis
1720 3091 1844 3157 eum
1885 3074 2234 3198 Krtecessisse
2266 3074 2480 3162 'debuit,
2506 3074 2945 3163 Si'liurchardus
2966 3074 3414 3167 'prarposituram

163 3153 236 3198 ah
265 3167 417 3198 anno
443 3149 579 3198 1089
622 3163 794 3198 usque
823 3146 958 3198 1104
985 3147 1300 3198 obtinuerit.
1334 3152 1393 3198 ut
1417 3146 1606 3198 volunt
1629 3145 1812 3198 Galliae
1837 3145 1878 3198 C
1925 3156 2160 3198 rtsttanm
2189 3159 2502 3198 scrmtmes-
2538 3151 2832 3198 Emstnlam
2865 3154 3005 3198 hanc
3025 3159 3242 3198 cpi-mgis
3279 3157 3413 3198 RM-

163 3153 236 3205 ab
265 3167 417 3206 anno
443 3149 579 3204 l089
622 3146 958 3216 usquel-ltli
985 3146 1300 3208 obtinuerit,
1334 3152 1393 3198 ut
1417 3145 1812 3216 voluntiGallize
1837 3145 1878 3198 C

1925 3147 2164 3226 ristianaz
2189 3151 2505 3226 scriptores:
2537 3151 2834 3226 Epistulam
2864 3147 3245 3226 banc-scripsit
3279 3157 3413 3212 Ber-

163 3221 369 3297 naldus
383 3220 496 3290 jam
520 3212 819 3288 presbyter,
842 3215 1086 3286 adeoque
1109 3222 1233 3284 post
1255 3228 1459 3268 annum
1489 3212 1648 3280 1084,
1671 3224 1724 3269 et
1751 3222 1967 3269 mortuo
1984 3216 2098 3285 jam
2125 3212 2386 3289 Gregorio
2417 3219 2527 3287 Vll,
2562 3212 2640 3275 uti
2665 3222 2730 3274 ad
2754 3223 2956 3277 calcem
2982 3212 3415 3297 hujus'epistolze

162 3290 512 3344 notabimus.

247 3500 476 3561 Domino
497 3519 560 3559 ac
583 3503 899 3559 cautissimo
920 3501 1230 3572 apostolicae
1253 3500 1590 3556 auctoritatis
1610 3500 1741 3555 asti-

1851 3489 1897 3535 et
1930 3481 2119 3545 alium,
2154 3480 2248 3551 qui
2285 3480 2334 3536 ei
2373 3482 2699 3563 subrogatus
2727 3491 2831 3550 est,
2867 3482 3134 3555 deposuit,
3167 3501 3233 3542 eo
3263 3489 3410 3558 quod

165 3597 406 3666 pulatori
428 3596 751 3651 Aristaeno
772 3593 1149 3666 Argentinensi
1171 3593 1479 3664 przeposito,
1506 3607 1611 3647 non
1637 3601 1743 3645 tam

166 3698 359 3744 mente
387 3704 553 3760 quam
583 3703 811 3757 corpore
845 3702 1009 3756 super
1050 3686 1190 3740 ollas
1235 3685 1480 3740 carnium
1531 3683 1748 3754 ngypti

163 3781 460 3847 collocato,
497 3779 811 3836 BERNALDUS
837 3779 1116 3851 presbyter
1143 3777 1350 3854 utinam
1374 3777 1493 3831 solo
1521 3791 1746 3845 corpore

165 3870 445 3926 infirmus.

234 3962 378 4016 Cum
410 3977 582 4031 nuper
606 3960 890 4015 nobiscum
915 3959 1130 4024 essetis,
1163 3959 1347 4013 omnia
1381 3968 1582 4015 statuta
1618 3974 1744 4013 san-

162 4060 384 4107 ctorum
416 4051 789 4126 Romanorum
838 4050 1155 4121 pontificum
1211 4050 1325 4104 sive
1385 4050 1740 4105 conciliorum

163 4146 324 4200 vobis
347 4145 557 4214 placere
581 4143 944 4203 monstrastis.
981 4139 1134 4196 Unde
1155 4139 1266 4196 Deo
1287 4139 1585 4209 condignas
1613 4154 1739 4208 gra-

164 4245 246 4290 tes
268 4235 489 4290 ‘referre
522 4250 630 4288 non
661 4234 978 4300 suﬂicimus,
1000 4232 1093 4301 qui
1123 4231 1275 4287 vobis
1301 4231 1354 4286 in
1383 4241 1494 4285 tam
1519 4231 1738 4301 pericu-

162 4325 284 4380 loso
319 4332 562 4393 tempore
586 4339 698 4378 sua:
726 4323 858 4394 legis
895 4337 1138 4378 amorem
1169 4321 1484 4393 inspiravit;
1512 4321 1603 4391 qui
1632 4321 1740 4376 Da-

162 4416 365 4472 nielcm
387 4429 511 4470 cum
533 4415 828 4472 soeiissuis
846 4415 900 4468 in
927 4414 1249 4485 Babylonica
1265 4413 1657 4485 persecutione,
1675 4429 1741 4467 ne

162 4516 405 4564 statuam
433 4505 984 4562 Nabuchodonosons
1018 4506 1328 4566 adorarent,
1352 4503 1693 4558 confortavit.

233 4599 371 4653 Erat
399 4608 581 4652 tamen
606 4596 830 4667 aliquid,
861 4595 1006 4666 quod
1049 4611 1144 4649 vos
1176 4605 1436 4660 moveret,
1469 4593 1736 4660 videlicet,

162 4690 206 4744 si
236 4687 520 4758 subjectus
540 4704 598 4744 se
621 4687 1005 4759 quoquomodo
1026 4686 1091 4742 de
1112 4687 1416 4742 obalientia
1444 4685 1737 4756 superioris

160 4779 448 4848 potestatis
483 4794 744 4835 excusare
770 4788 972 4848 posset,
999 4779 1044 4835 si
1070 4778 1312 4834 inferiori
1333 4777 1585 4848 potestati
1610 4777 1738 4830 obe-

159 4872 332 4928 diret:
359 4872 501 4926 unde
523 4872 675 4926 vobis
697 4857 895 4940 multas
918 4871 1159 4926 rationes
1181 4879 1236 4923 et
1255 4868 1496 4938 exempla
1523 4865 1621 4937 SS.
1636 4865 1738 4921 Pa-

159 4974 310 5019 trum
346 4963 474 5017 dare
494 4948 874 5032 possemus,lsi
907 4979 1015 5017 non
1045 4961 1388 5031 epistolarem
1421 4959 1734 5015 brevitatem

161 5056 426 5112 excedere
449 5054 782 5108 timeremus.
820 5052 1071 5115 Dicemus
1099 5061 1277 5106 tamen
1303 5053 1555 5118 breviter,
1582 5065 1650 5106 ne
1684 5061 1735 5106 et

161 5147 465 5201 scientibus
484 5144 710 5201 nimium
741 5143 996 5215 loquaces
1024 5160 1143 5198 esse
1165 5144 1462 5198 videamur.

227 5233 442 5290 Natalis
473 5236 822 5291 Salonitanus
863 5235 1151 5305 episcopus
1191 5233 1372 5302 (1087)
1402 5233 1735 5288 Honoratum

163 5327 457 5383 diaetinum
486 5343 647 5383 suum
672 5338 861 5383 contra
896 5334 1220 5397 praeceptum
1252 5325 1397 5379 sedis
1426 5325 1733 5396 apostolicae

165 5422 231 5475 ab
252 5419 698 5475 archidiaconatu
728 5420 996 5489 deposuit,
1027 5418 1300 5484 aliumque
1322 5415 1374 5468 in
1403 5417 1579 5469 locum
1616 5414 1734 5483 ejus

166 5515 499 5586 subrogavit.
526 5510 676 5566 Unde
704 5510 760 5566 S.
787 5512 1078 5583 Gregorius
1098 5511 1344 5566 eumdem
1377 5507 1730 5573 Honoratum,

166 5607 333 5661 invito
353 5606 546 5662 eodem
569 5604 841 5674 episc0po,
866 5605 920 5657 in
948 5591 1443 5658 archidiaconatum
1473 5599 1727 5668 restituit,

1848 3571 1961 3641 ipse
1993 3573 2212 3642 proprio
2236 3572 2491 3642 episcopo
2519 3573 2573 3627 in
2596 3573 2783 3628 eadem
2811 3575 3195 3647 subrogatioue
3222 3588 3414 3635 contra

1846 3673 2172 3734 prteccptum
2195 3663 2401 3718 domini
2423 3677 2574 3734 papa:
2598 3663 2859 3720 obediret.
2908 3663 3031 3722 Haec
3050 3669 3232 3738 itaque
3257 3686 3415 3724 sum-

1835 3755 2033 3809 matim
2072 3755 2366 3826 tetigimus,
2410 3755 2672 3826 vobisque
2719 3771 2782 3811 ea
2833 3758 2886 3812 in
2928 3757 3176 3829 Registro
3204 3760 3318 3828 (lib.
3351 3777 3416 3823 ιι,

1841 3846 1996 3915 epist.
2025 3845 2112 3915 l8)
2150 3847 2320 3916 ipsius
2353 3847 2663 3918 diligentius
2697 3846 3086 3904 consideranda
3119 3851 3414 3904 committi-

1843 3952 1985 3991 mus.
2015 3935 2090 3990 lbi
2119 3938 2339 4006 inquam
2369 3938 2770 3996 evidentissime
2799 3938 3018 4007 patebit,
3055 3934 3199 4008 quod
3229 3941 3414 3995 nullus

1842 4024 2120 4094 subjectus
2152 4040 2276 4079 cum
2324 4025 2626 4079 obcdientia
2663 4025 2747 4078 sui
2788 4025 2992 4092 prmlati
3022 4034 3196 4095 potest
3228 4041 3286 4080 se
3310 4041 3410 4081 ex-

1841 4126 2053 4177 cusare,
2084 4112 2215 4182 quin
2256 4113 2434 4183 potius
2476 4111 2784 4183 apostolicae
2821 4112 2955 4178 sedi,
2995 4129 3156 4182 quam
3191 4115 3412 4184 proprio

1840 4204 2094 4275 episcopo
2140 4205 2222 4260 vel
2264 4206 2471 4260 decano
2525 4204 2716 4260 debeat
2762 4205 3014 4270 obedire,
3061 4221 3182 4274 qure
3230 4208 3410 4276 ipsum

1840 4300 2004 4353 etiam
2029 4299 2196 4353 invito
2226 4300 2344 4367 ejus
2363 4299 2619 4366 episcopo
2640 4298 2899 4352 canonice
2923 4307 3100 4368 potest
3126 4300 3409 4358 damnare.

1913 4389 2195 4458 Amplius:
2243 4388 2485 4442 Tertium
2515 4387 2942 4458 Cartliaginense
2969 4391 3282 4458 concilium,
3319 4397 3411 4449 cui

1843 4482 1899 4536 S.
1928 4480 2264 4550 Augustinus
2293 4494 2416 4533 cum
2449 4481 2669 4536 Aurelio
2711 4479 3126 4553 Carthaginensi
3156 4483 3412 4553 episcopo

1840 4569 2084 4626 interfuit
2108 4580 2161 4624 et
2193 4569 2428 4640 praefuit,
2452 4570 2631 4642 ipsum
2658 4572 2878 4642 inquam
2919 4573 3208 4628 concilium
3254 4574 3407 4641 capi-

1839 4662 1954 4716 tulo
1975 4663 2205 4732 septimo
2250 4671 2500 4728 testatur,
2541 4672 2600 4716 ut
2635 4665 2890 4733 episcopo
2918 4666 3173 4718 damnato
3217 4671 3272 4716 et
3312 4679 3411 4717 ex-

1838 4756 2239 4810 communicato
2269 4771 2366 4809 nec
2387 4770 2417 4809 a
2447 4753 2661 4824 propria
2698 4753 2933 4807 Ecclesia
2955 4754 3410 4811 communicetur.

1766 4833 1807 4889 Ο
1843 4844 1900 4900 Si
1933 4861 2063 4917 ergo
2095 4844 2438 4916 provincialis
2464 4842 2675 4899 concilii
2707 4843 2910 4912 judicio
2942 4845 3114 4913 magis
3153 4846 3412 4903 obedien-

1842 4937 1971 4992 dum
1996 4946 2097 5001 est,
2122 4951 2283 5006 quam
2305 4935 2525 5004 proprio
2553 4934 2828 5004 episcopo,
2859 4945 3062 5004 quanto
3090 4938 3264 5008 magis
3289 4953 3401 4992 san-

1817 5029 2098 5084 ctissimae
2141 5027 2285 5080 sedis
2333 5026 2645 5094 apostolicm
2695 5027 3116 5096 generalissimae
3175 5026 3402 5101 synodo?

1841 5120 2106 5173 Praeterea
2151 5117 2478 5172 sanctissimi
2528 5115 2715 5171 Patres
2757 5116 3158 5183 Ecclesiarum,
3209 5119 3398 5173 scilicet

1841 5208 2091 5277 apostoli,
2125 5205 2371 5274 nunquid
2399 5221 2506 5259 non
2543 5205 2892 5262 devotissime
2924 5209 3006 5263 sui
3031 5205 3287 5273 temporis
3319 5222 3401 5260 sa-

1841 5298 2148 5368 cerdotibus
2173 5298 2512 5362 obedierunt,
2541 5298 2809 5366 praecipue
2833 5311 2954 5350 cum
2985 5295 3245 5350 Dominus
3274 5313 3386 5365 prae

1839 5405 2088 5471 ciperet:
2129 5399 2303 5469 Supra
2347 5399 2650 5451 cathedram
2697 5397 2867 5466 Moysi
2918 5383 3159 5450 sederunt
3212 5395 3437 5479 Scriba‘

1837 5513 1886 5556 et
1918 5501 2182 5555 Phariuci
2196 5516 2214 5562 ;
2234 5498 2409 5552 omnia
2433 5513 2547 5566 ante
2561 5496 2741 5547 dicunt
2758 5495 3135 5561 vobis,servate
3160 5505 3212 5548 et
3238 5494 3398 5560 facile

1838 5603 2054 5675 (Matth.
2090 5603 2268 5670 uni).
2316 5601 2452 5653 Cum
2499 5606 2679 5653 autem
2711 5598 2812 5669 ipsi
2853 5615 2883 5653 a
2910 5598 3136 5652 veritate
3157 5595 3375 5650 discede

231 5763 419 5839 (i087).
460 5759 715 5814 Videntur
739 5762 803 5815 de
829 5760 931 5814 hcc
954 5760 1093 5812 facto
1116 5759 1311 5812 Fleurii
1344 5755 1478 5809 Hist.
1509 5753 1732 5824 Eccles.,
1767 5759 1839 5812 lib
1861 5769 2056 5818 Lxxxv,
2098 5754 2125 5822 §
2157 5753 2243 5805 26.
