3956 6376
156 508 293 565 1233

145 719 251 769 tari
272 722 587 786 perversitas
622 727 872 794 complicc
900 735 1256 797 perrersitatis
1278 738 1528 793 admisso.
1563 741 1719 813 Legi-

143 809 238 859 bus
264 817 402 862 certe
422 814 603 866 vestris
631 817 911 871 criminum
946 825 1162 889 conscii,
1187 838 1605 901 susceptorcsqne
1640 834 1720 887 la-

142 898 525 955 trocinan:ium
571 907 691 972 pari
729 907 1056 975 judiciorum
1107 931 1257 983 paena
1306 923 1716 991 constriguntur,

140 1004 232 1040 nec
258 1004 444 1058 expers
472 996 710 1049 criminis
739 1000 1054 1068 wstimatur,
1098 1008 1187 1073 qui
1232 1007 1353 1061 licet
1380 1011 1487 1078 ipse
1509 1029 1611 1066 non
1639 1015 1717 1083 fc-

139 1080 294 1144 cerit,
320 1082 567 1149 facientis
589 1095 761 1141 tamen
784 1090 1205 1157 familiaritatem
1227 1097 1493 1170 [transque
1508 1080 1715 1174 recepit.

141 1170 297 1225 Sicut
325 1171 492 1242 igitur
518 1182 946 1237 communicator
987 1183 1124 1241 furis
1153 1190 1340 1244 eadem
1372 1192 1719 1253 damnatione

137 1276 266 1315 cum
306 1261 429 1318 iure
459 1268 741 1336 multatur,
794 1274 1146 1333 nihilominus
1175 1284 1606 1340 communicatur
1626 1305 1717 1342 ex-

136 1356 529 1411 communicati
568 1375 694 1414 cum
743 1365 931 1419 eodem
975 1368 1162 1422 eadem
1210 1371 1363 1426 lance
1404 1374 1711 1432 damnatur.

138 1438 233 1495 Est
273 1453 459 1500 autem
486 1447 765 1508 damnatio
793 1460 1268 1526 excommunicati,
1296 1465 1442 1531 quod
1474 1482 1505 1520 a
1530 1466 1640 1523 Deo
1666 1480 1718 1524 et

136 1532 404 1590 membris
442 1538 564 1607 ejus
593 1552 982 1612 sequestratur.
1023 1548 1103 1603 Tu
1151 1550 1267 1620 ipse
1291 1563 1519 1611 contexo
1571 1562 1715 1628 quod

132 1623 419 1690 sequitur:
446 1644 640 1699 nempe
664 1632 761 1687 SS.
778 1634 964 1691 Patres
986 1643 1477 1701 eommnnicatores
1498 1663 1706 1704 excom-

132 1714 543 1774 municatorum
590 1738 743 1793 mque
775 1735 833 1779 ut
864 1733 1363 1789 excommunicatos
1410 1737 1529 1793 ideo
1562 1741 1713 1796 devi-

132 1803 239 1858 tari
262 1807 572 1877 voluerunt,
606 1814 733 1883 quia
764 1819 1002 1885 eosdem,
1029 1824 1185 1891 quasi
1206 1826 1300 1895 qui
1323 1828 1532 1899 scipsos
1557 1832 1713 1887 dam-

132 1908 429 1964 naverunt,
453 1900 783 1980 habuerunt.

203 1984 298 2041 IV.
327 1987 464 2047 llinc
489 1991 549 2047 Β.
579 1994 829 2052 Gelasius
860 2001 927 2054 ad
964 2006 1250 2071 przedictos
1273 2010 1558 2080 episcopos
1579 2018 1716 2071 scri-
1749 1988 1790 2042 Β

130 2075 270 2132 hens
292 2080 560 2138 deeodem
579 2084 912 2157 AcacioUoc.
939 2096 1030 2146 cit.
1060 2110 1181 2166 pag.
1202 2075 1358 2171 lilii?)
1388 2121 1399 2154 :
1432 2075 1593 2171 Quid,
1625 2107 1711 2161 in-

129 2168 273 2235 quit,
325 2183 614 2239 queruntur
640 2178 890 2235 Acacium
928 2200 961 2236 a
995 2186 1142 2240 nobis
1182 2189 1344 2257 fuisse
1377 2194 1710 2264 damnatum,

130 2274 253 2309 cum
283 2268 489 2328 recepta
510 2268 871 2323 communione
890 2269 1041 2325 Petri
1064 2276 1117 2328 se'
1147 2277 1399 2333 doceatur
1430 2282 1537 2351 ipse
1557 2286 1711 2339 dam-

132 2362 293 2401 nasse
312 2350 337 2402 ?
370 2348 521 2408 Unde
553 2363 608 2409 et
636 2353 694 2410 Β.
721 2356 866 2414 Felix
899 2376 1057 2433 papa,
1083 2368 1176 2436 qui
1201 2348 1463 2427 Acacium
1485 2378 1711 2431 anathe-

131 2437 506 2506 matizavit,in
527 2444 713 2498 eadem
736 2453 1003 2505 sententia
1028 2455 1307 2524 signantur
1328 2464 1511 2531 posuit
1536 2468 1708 2534 (epist.

133 2530 187 2588 ϋ,
224 2528 263 2581 l.
295 2544 368 2597 ετ,
387 2546 439 2600 p.
472 2534 628 2604 1704)
656 2555 669 2589 z
696 2535 865 2605 Habe,
891 2542 1086 2611 inquit,
1117 2564 1235 2600 cum
1265 2528 1366 2617 liis,
1395 2570 1522 2622 quos
1542 2528 1713 2613 liben-

134 2630 214 2673 ter
237 2623 595 2692 antplecteris,
627 2632 917 2696 portionem
934 2651 952 2698 ;
989 2636 1041 2690 id
1064 2647 1149 2691 est
1182 2654 1305 2693 cum
1332 2652 1711 2705 excommuni-

128 2711 309 2776 catis;
340 2729 406 2768 ac
425 2714 472 2768 si
495 2716 697 2772 diceret
728 2738 739 2772 :
765 2719 883 2777 Non
906 2732 1016 2779 tam
1047 2742 1242 2783 novam
1272 2739 1713 2793 excommunica-

132 2800 342 2855 tionem
375 2818 538 2873 super
556 2815 608 2861 te
637 2807 1055 2884 facimus,quam
1084 2824 1460 2893 veterem,qua
1490 2834 1542 2881 te
1563 2844 1711 2882 com-

135 2892 472 2949 municando
492 2895 976 2961 exconimunicatis
991 2908 1282 2975 innodasti.
1300 2916 1707 2975 conﬁrmamus.

131 2980 280 3036 Nam
323 3000 447 3040 cum
477 2991 656 3046 omnis
689 3001 1193 3057 excommunicatus
1227 3017 1379 3059 extra
1417 2980 1711 3066 Ecclesiam

132 3073 231 3152 sit,
263 3076 556 3149 nullusque
598 3083 760 3139 simul
796 3087 936 3143 intra
970 3092 1212 3148 et'extra
1247 3110 1369 3151 esse
1399 3100 1591 3168 possit,
1628 3102 1713 3157 ille

132 3158 509 3225 lndubitanter
530 3188 587 3228 se
617 3190 649 3229 a
673 3177 939 3234 catholica
966 3182 1169 3238 unitate
1204 3158 1440 3255 separat,
1477 3158 1711 3260 quicun-

1039 530 1322 588 APPENI).
1367 536 1451 590 Ill.
1491 571 1557 579 —
1596 542 2021 602 ΜΟΧΕΜΙΞΝΤΛ
2061 549 2519 612 (ΞΒΕΕΟΗΙΔᾸᾹ.

145 636 321 694 :cepto
347 644 453 682 non
486 633 688 699 pariter
708 651 974 703 perrersus
1002 644 1239 710 probari,
1277 664 1366 701 nec
1387 663 1553 719 potest
1584 655 1725 722 refu-
1758 661 1797 714 Λ
1830 674 1935 711 non
1970 664 2255 730 expetisse.

3255 572 3388 628 1:231

1824 750 2187 819 considerent,
2217 758 2433 825 quantis
2480 760 2689 816 oll‘endi
2718 762 2886 820 Deum
2923 770 3214 837 prinbeant,
3252 789 3390 841 quos

1825 843 1903 896 vel
1929 860 2027 899 sua
2049 851 2432 908 counnunione
2452 858 2870 925 commaculant,
2913 863 2996 917 vel
3023 879 3121 918 suo
3143 866 3391 935 exemplo

1821 933 2036 1001 docent,
2050 945 2109 991 ut
2124 943 2737 1000 excommunicationem
2763 949 2998 1006 incidere
3022 968 3129 1007 non
3145 955 3385 1009 timeant.

1822 1022 2101 1095 Accipiant
2124 1044 2251 1100 ergo
2274 1047 2465 1087 sanum
2496 1037 2785 1093 consilium
2812 1049 2865 1095 et
2890 1043 2956 1097 ad
2992 1045 3387 1100 reconciliatio—

1822 1131 1942 1169 nem
1968 1116 2240 1185 festinent,
2264 1137 2330 1178 nc
2354 1126 2679 1196 quandoque
2704 1146 2827 1184 cum
2856 1131 3053 1188 Acacio
3078 1152 3390 1190 excommu-

1821 1206 2145 1263 nicationem
2174 1223 2437 1281 cogantur
2473 1216 2622 1271 inviti
2654 1221 2783 1288 pati,
2823 1238 2929 1291 qua
2966 1224 3287 1293 jamdudum
3333 1246 3392 1283 se

1820 1312 1917 1350 sua
1948 1309 2137 1367 sponte
2160 1310 2266 1355 non
2293 1304 2864 1380 timueruutobligare.
2898 1312 3056 1367 Plura
3077 1316 3169 1369 tibi
3198 1318 3263 1371 de
3290 1318 3390 1372 hae

1820 1400 1877 1439 rc
1903 1388 2137 1444 scribere
2164 1407 2399 1462 possem,
2434 1398 2479 1451 si
2513 1400 2857 1469 epistolarem
2887 1404 3201 1460 brevitatem
3239 1426 3391 1464 exet--

1818 1479 1942 1533 derc
1989 1497 2093 1536 non
2137 1484 2401 1540 timerem.
2462 1487 2566 1544 Sed
2608 1501 2661 1546 et
2703 1494 2930 1563 sapienti
2967 1508 3049 1551 sat
3077 1499 3279 1553 dictum
3307 1501 3387 1552 vi-

1817 1568 1993 1624 detur.

2394 1689 2726 1747 EPISTOLA
2766 1695 2826 1747 ll.

2429 1799 2494 1836 ΑΒ
2534 1799 2768 1838 ῑυλιυεθι.

1822 1862 1894 1916 De
1921 1868 2098 1921 osculo
2122 1874 2690 1942 excommunicatorum
2723 1878 2956 1942 vitando,
2980 1890 3028 1931 ct
3054 1882 3115 1933 de
3140 1881 3389 1936 liuiberto

2193 1939 2407 2007 ejusque
2430 1939 2981 2001 communicatoribus.

1889 2023 2117 2080 Domino
2159 2043 2221 2082 ac
2255 2031 2548 2085 venerabili
2598 2034 2714 2087 viro
2763 2034 3028 2093 Rnccnost
3079 2038 3390 2098 Bcnsstnrs

1816 2115 2096 2187 presbyter
2121 2118 2389 2189 indignus.

1886 2204 1925 2259 1.
1952 2205 2178 2263 Multum
2220 2212 2390 2265 miror
2414 2229 2511 2267 cur
2540 2222 2747 2269 tantum
2781 2217 2832 2270 in
2862 2220 3207 2274 rescribendo
3233 2222 3387 2276 labo-

1816 2296 2040 2362 raveris,
2064 2312 2190 2351 cum
2223 2314 2565 2369 nequaquam
2596 2306 2951 2360 assertionem
2978 2316 3122 2361 tuam
3146 2310 3212 2363 de
3238 2327 3390 2364 com-

1816 2384 2073 2441 munione
2090 2390 2690 2446 excommunicatorum
2717 2397 3120 2464 approbaveris.
3153 2399 3389 2454 Nullate—

1816 2490 1918 2528 nus
1947 2477 2090 2530 enim
2112 2480 2604 2537 eonnnunicatores
2626 2487 3221 2543 excommunicatorum
3256 2493 3390 2545 reci-

1816 2563 2039 2632 piendos
2070 2566 2185 2622 fore
2208 2568 2470 2637 probasti,
2488 2570 2597 2625 imo
2619 2588 2713 2627 eos
2736 2575 2837 2628 sub
2854 2579 3163 2645 apostolicm
3178 2598 3392 2634 excolu—

1816 2656 2201 2711 municationis
2229 2659 2558 2729 obligatione
2582 2664 2833 2720 dimisisti
2869 2685 2880 2719 :
2913 2669 3053 2723 unde
3073 2680 3127 2724 et
3152 2688 3252 2738 ego
3282 2674 3390 2726 tuis

1814 2744 2030 2814 scriptis
2062 2761 2157 2814 per
2182 2749 2365 2803 omnia
2404 2753 2729 2820 respondere
2761 2771 2868 2809 non
2901 2760 3269 2813 necessarium
3297 2763 3387 2831 ju-

1812 2832 2008 2888 dicavi.
3253 2869 3258 2873 ·

1885 2923 1946 2978 ll.
1989 2924 2062 2981 De
2092 2929 2283 2984 osculo
2321 2935 2915 2990 excommunicatorum
2967 2938 3187 2994 vitando
3237 2943 3391 2995 fat-il.-

1815 3030 1916 3069 nos
1937 3027 2227 3073 excusatos
2256 3032 2438 3089 putas,
2462 3039 2526 3077 eo
2548 3026 2692 3093 quod
2717 3026 2769 3079 in
2798 3029 3125 3097 quibusdam
3156 3033 3383 3086 decretis

1815 3115 1867 3159 te
1902 3105 2032 3160 illud
2060 3123 2169 3163 non
2196 3110 2465 3167 invenisse
2500 3116 2752 3183 testaris;
2780 3133 2843 3172 ac
2872 3120 2918 3171 si
2951 3122 3243 3188 apostolica
3279 3134 3392 3178 sta-

1816 3207 1929 3252 tuta
1953 3214 2109 3252 suam
2133 3199 2494 3271 integritatem
2515 3204 2758 3260 obtinere
2782 3224 2891 3263 non
2916 3211 3149 3277 valeant,
3174 3214 3389 3268 etiamsi

130 3271 248 3324 que
284 3273 342 3313 se
372 3261 443 3315 ab
464 3268 1055 3325 excommunicatorum
1083 3277 1467 3334 communione
1495 3297 1604 3335 non
1628 3298 1781 3363 se-C
1814 3303 1879 3341 ea
1912 3289 2137 3357 quilibet
2182 3291 2476 3348 mendOsus
2522 3296 2657 3351 liber
2691 3298 2882 3353 minus
2927 3289 3133 3371 integl’e
3174 3304 3387 3367 habeat.

133 3352 386 3371 ηιιΛοΙ-Α.
443 3347 561 3371 Ι...Δ
582 3366 697 3371 -_L-
733 3369 745 3371 _
776 3354 814 3371 η
858 3358 891 3371 --
949 3359 983 3371 ι.
1024 3360 1035 3371 .
1106 3362 1119 3371 ι
1194 3364 1206 3371 .

131 3352 404 3411 questrat.
434 3347 565 3404 Jure
576 3366 706 3422 ergo
725 3369 757 3408 a
774 3354 1069 3425 Catholicis
1088 3362 1399 3421 devitantur
1417 3378 1475 3423 ut
1497 3385 1713 3427 excom-

132 3434 423 3501 inunicati,
453 3439 545 3506 qui
591 3441 661 3495 ab
688 3447 1285 3533 excommunicatorum
1327 3460 1711 3517 communidne

132 3537 251 3575 non
280 3533 409 3578 sunt
437 3531 778 3596 sequestrati.
822 3531 935 3589 Hoc
976 3531 1156 3592 autem
1181 3540 1591 3612 diligentissime
1624 3558 1709 3603 at-

92 3628 103 3638 '
131 3610 352 3677 lendas,
382 3616 526 3684 quod
553 3616 611 3670 Β.
643 3618 891 3678 Gelasius
912 3624 1072 3704 nobis
1104 3610 1426 3699 praescribit,
1453 3651 1552 3689 cur
1582 3654 1712 3707 apo—

131 3702 330 3758 stolica
356 3705 512 3762 sedes
541 3707 801 3767 Acacium
837 3702 1357 3776 comlmunicatorem
1385 3722 1529 3779 Petri
1567 3726 1717 3781 refu-

132 3793 333 3847 taverit
358 3795 459 3865 (ep.
501 3797 586 3863 l3,
617 3799 657 3857 ι.
694 3816 840 3872 c.,p.
881 3804 1080 3876 l201):
1115 3808 1292 3877 Beati,
1330 3812 1524 3883 inquit,
1560 3815 1712 3871 Petri

128 3880 306 3947 sedes,
334 3898 395 3937 ne
418 3901 513 3952 per
535 3887 792 3943 Acacium
820 3891 883 3947 in
899 3892 1050 3949 Petri
1078 3902 1400 3954 consortium
1414 3903 1713 3975 duceretur,

129 3973 312 4039 ipsum
355 3989 556 4045 quoque
608 3995 642 4031 α
693 3997 795 4034 sua
846 3989 1208 4044 communione
1231 3992 1520 4048 submovit.
1566 3973 1710 4052 Idem

129 4060 432 4117 Anastasio
461 4064 773 4134 imperatori
806 4073 979 4145 (epist.
1011 4075 1056 4144 8,
1076 4077 1196 4147 cit.)
1219 4093 1232 4130 ;
1260 4080 1549 4151 Postquam
1572 4085 1712 4138 Aca-

128 4151 251 4205 cius
281 4155 657 4211 communionis
684 4166 914 4215 externa
940 4162 1113 4231 factus
1128 4175 1227 4232 est,
1267 4184 1368 4222 non
1402 4173 1574 4239 potuit
1608 4175 1711 4227 nisi

129 4256 163 4291 α
209 4240 476 4311 catholica
512 4253 563 4297 et
597 4239 889 4315 apostolica
927 4268 1049 4307 mea:
1081 4257 1330 4313 societate
1371 4262 1612 4328 pra-ridi,
1651 4281 1711 4318 ne

126 4344 230 4398 per
245 4345 387 4396 eum,
410 4332 456 4386 si
486 4332 563 4387 uel
602 4337 879 4405 paululum
916 4359 1255 4414 cessaremus,
1285 4364 1377 4403 nos
1408 4366 1609 4421 quoque
1636 4355 1711 4406 vi—

126 4416 381 4472 deremur
404 4420 624 4480 subiisse
650 4430 897 4499 contagia
915 4434 1256 4501 perﬁdorum.

206 4506 274 4562 ν.
316 4508 546 4569 Videsne
570 4530 736 4585 quam
762 4524 1075 4578 necessario
1114 4525 1427 4595 hujusmodi
1464 4545 1711 4587 commu—

126 4600 412 4675 nicatores
436 4603 759 4675 devitemus,
782 4626 850 4665 ne
871 4627 968 4680 per
992 4628 1185 4672 eorum
1211 4621 1549 4675 consortium
1578 4636 1710 4678 con—
1739 4648 1785 4702 ι)

128 4691 282 4761 tagia
307 4693 637 4761 perﬁdorum
666 4701 902 4759 subiisse
936 4704 1261 4773 judicemur.
1292 4706 1429 4763 Nam
1450 4709 1607 4778 juxta
1640 4710 1699 4765 Β.

127 4780 434 4848 Gelasium,
464 4787 611 4854 quod
650 4797 705 4842 et
732 4797 903 4860 supra
935 4796 1116 4863 posui,
1146 4812 1255 4850 non
1282 4806 1461 4866 potest
1481 4800 1708 4869 quilibet

124 4873 507 4943 perversitatis
548 4882 1011 4959 communicatore
1054 4898 1306 4955 suscepto
1348 4904 1457 4943 non
1506 4892 1707 4960 pariter

123 4979 425 5032 perversos
462 4969 717 5036 probari,
758 4987 883 5051 nec’
895 4983 1071 5043 potest
1119 4975 1343 5032 refutari
1380 4983 1707 5049 perversitas

123 5056 397 5125 complicc
424 5060 793 5127 perversitatis
821 5064 1079 5119 admisso.
1103 5063 1330 5123 Cessent
1353 5084 1484 5141 ergo
1515 5072 1707 5142 hujus-

126 5148 283 5202 modi
311 5153 801 5231 communicatores
830 5155 1212 5211 ecclesiasticas
1237 5164 1611 5217 communioni
1646 5180 1706 5219 se
1754 5198 1757 5203 -

124 5238 508 5307 imprudenter
552 5243 817 5314 ingerere,
866 5261 934 5300 ne
973 5246 1295 5302 catholicam
1340 5250 1703 5308 sinceritatem

128 5342 233 5383 sua
261 5331 649 5389 communione
690 5337 845 5406 juxta
876 5339 1126 5394 eumdem
1156 5338 1431 5401 Gelasium
1460 5356 1702 5396 comma-

128 5416 339 5471 culent.
366 5416 504 5488 Nam
530 5427 721 5489 procul
747 5428 914 5483 dubio
936 5431 1108 5487 levius
1132 5431 1275 5501 apud
1299 5430 1467 5485 Deum
1492 5432 1703 5501 judica-

129 5519 223 5565 tur
252 5509 499 5580 qualibet
518 5520 841 5575 necessitate
866 5525 1159 5591 quemlibet
1182 5526 1691 5582 excommunicatio-

131 5617 257 5657 nem
287 5601 566 5669 incidisse,
598 5608 913 5677 quampost
952 5613 1164 5683 lapsum
1210 5616 1701 5673 reconciliationem

205 5735 391 5807 (1090)
430 5735 693 5813 ldipsum_
724 5746 1090 5813 autographus
1130 5749 1377 5806 Bernoldi
1426 5754 1589 5808 codex
1636 5756 1690 5809 in

136 5807 452 5902 ξιετσηπιξξῖο
477 5807 1381 5902 (ictuictu.i2??:-§?‘““l.-=rd
1563 5807 1694 5902 θεῷ.

137 5878 187 5929 in
213 5877 451 5932 concilio
497 5876 848 5934 Altheinfensi
888 5880 1086 5935 factum
1137 5876 1341 5952 scribit,
1372 5893 1515 5958 quod
1568 5876 1694 5944 alibi

1812 3376 1947 3432 Nam
1970 3380 2023 3432 in
2050 3381 2510 3438 emendatioribus
2535 3394 2591 3439 et
2614 3387 2872 3454 plenariis
2899 3392 3301 3460 exemplaribus
3341 3398 3389 3452 si

1811 3467 2112 3535 quaesieris,
2166 3470 2347 3539 ipsum
2385 3475 2631 3529 osculum
2685 3478 2738 3529 in
2790 3478 3023 3535 decretis
3074 3482 3129 3536 S.
3180 3485 3391 3543 Callisti
3439 3496 3442 3498 ⁷

1811 3571 1979 3625 papze,
2012 3566 2070 3611 ut
2094 3573 2194 3627 ego
2217 3562 2432 3630 scripsi,
2462 3562 2667 3632 poteris
2697 3568 2940 3625 invenire
2968 3572 3190 3643 (Grut,
3223 3593 3269 3630 c.
3300 3595 3395 3630 c.r—'

1812 3649 2243 3702 communicalor.
2271 3651 2357 3716 l7,
2389 3668 2540 3709 caus.
2573 3657 2660 3721 ll,
2686 3675 2735 3711 a.
2765 3659 2815 3713 '5.
2857 3660 2972 3716 \‘id.
3005 3666 3163 3733 epist.
3198 3654 3385 3734 praue.)
3443 3655 3453 3661 ’

1814 3737 2076 3793 Praeterea
2110 3756 2207 3796 nec
2228 3741 2351 3796 laici
2386 3744 2639 3814 ignorant
2673 3747 2798 3814 hoc,
2835 3754 2981 3820 quod
3016 3756 3389 3809 excommuni-

1812 3838 1963 3885 catos
1986 3831 2224 3886 osculari
2244 3847 2352 3886 non
2377 3833 2623 3890 debeant.
2651 3837 2806 3903 Quod
2835 3841 2881 3893 si
2910 3840 3157 3907 fecerint,
3181 3844 3390 3913 absque

1812 3921 1961 3976 omni
2012 3922 2444 3983 contradictione
2485 3940 2581 3993 per
2630 3928 3128 3986 reconciliationem
3179 3934 3388 3989 absolvi

1812 4007 2089 4076 festinant,
2118 4025 2219 4066 nec
2246 4026 2305 4067 se
2336 4012 2440 4067 nisi
2466 4028 2563 4082 per
2588 4018 3087 4077 reconciliationem
3123 4016 3386 4095 recipien-

1810 4098 1909 4153 dos
1925 4098 2188 4167 judicant.

1879 4187 1965 4243 lll.
2003 4188 2116 4246 Hoc
2142 4192 2328 4263 utique
2347 4195 2666 4253 roboratum
2698 4208 2783 4255 est
2805 4217 3077 4257 consensu
3102 4203 3382 4259 universa-

1812 4280 1877 4335 lis
1921 4279 2174 4338 Ecclcsia:
2210 4303 2221 4339 :
2254 4286 2395 4342 unde
2425 4295 2480 4342 et
2520 4304 2621 4345 nos
2650 4290 2782 4345 illud
2820 4291 2976 4359 juxta
3021 4292 3385 4363 Augustinum

1811 4386 2000 4427 secure
2020 4382 2074 4429 et
2102 4375 2365 4431 veraciter
2388 4392 2683 4445 possumus
2713 4394 2975 4436 asserere.
3001 4380 3142 4437 Idem
3166 4401 3385 4455 quoque

1810 4462 2095 4518 verissime,
2126 4472 2358 4518 testatur
2384 4466 2530 4534 quod
2554 4468 2689 4521 nihil
2729 4469 2942 4527 ﬁrmius
2972 4473 3042 4527 sit
3071 4478 3382 4543 tenendum,

1808 4564 1973 4618 quam
1998 4548 2127 4604 illud
2177 4551 2230 4603 in
2256 4567 2366 4621 quo
2397 4553 2599 4611 veritas
2620 4560 2999 4616 consuetudini
3032 4563 3377 4639 sull'ragatur.

1812 4636 1917 4691 Sed
1938 4645 1993 4692 et
2016 4635 2253 4694 Joannes
2276 4656 2413 4712 papa
2444 4642 2488 4697 Χ
2521 4644 2725 4717 (1090),
2762 4650 2864 4716 vir,
2889 4651 3131 4720 inquam,
3157 4636 3375 4720 aposto4

1806 4726 1963 4794 licus,
2001 4728 2205 4798 judicio
2247 4734 2573 4791 universalis
2617 4739 2810 4807 synodi
2847 4740 3104 4805 decrevit,
3152 4749 3211 4799 ut
3250 4743 3379 4817 qui-g

1806 4835 2020 4892 cunque
2053 4822 2307 4892 deinceps
2342 4825 2604 4899 bannum,
2640 4826 2711 4879 ab
2731 4828 3001 4897 episcopis
3031 4830 3370 4901 impositum,

1806 4921 1860 4966 et
1886 4912 2120 4968 maxime
2153 4913 2208 4966 in
2230 4914 2613 4969 communione
2635 4919 3227 4978 excommunicatorum
3256 4942 3377 4986 cor-

1808 5003 2062 5070 rupisset,
2099 4992 2170 5055 40
2202 5003 2319 5057 dies
2360 5003 2413 5056 in
2453 5019 2591 5072 pane
2631 5014 2684 5059 et
2721 5022 2861 5076 aqua
2892 5025 3043 5064 more
3073 5013 3372 5071 homicida—

1806 5108 1927 5145 rum
1963 5092 2263 5159 pmniteret.
3380 5176 3383 5177 ν

1877 5178 1963 5232 IV.
1994 5178 2068 5234 De
2096 5183 2361 5236 sententia
2395 5181 2453 5236 Β.
2500 5184 2697 5240 Gelasii
2722 5203 2893 5258 papae,
2920 5206 3041 5260 qua:
3069 5193 3199 5248 dicit
3236 5194 3365 5262 (eid.
3424 5196 3427 5200 ’

1804 5273 1955 5338 epist.
1994 5272 2176 5341 princ.)
2212 5292 2224 5326 :
2263 5272 2415 5327 Nihil
2462 5276 2608 5329 nobis
2638 5294 2907 5333 commune
2930 5296 3047 5334 cum
3073 5282 3366 5335 hominibus

1804 5363 2182 5416 communionis
2218 5372 2475 5430 externa,
2506 5369 2817 5423 necessario
2844 5370 3113 5438 colligitur
3155 5379 3214 5422 ut
3255 5381 3364 5439 tam

1805 5452 2319 5525 conmunicatorem
2353 5452 2594 5510 Guiberti
2624 5472 2787 5525 quam
2810 5458 2986 5525 ipsum
3011 5458 3246 5514 devitarc
3271 5462 3363 5514 de-

1808 5542 2054 5606 beamus,
2075 5550 2131 5596 et
2151 5543 2255 5597 hoc
2280 5526 2514 5598 maxime
2540 5544 2594 5597 in
2626 5545 2731 5598 illis
2754 5545 2936 5608 rebus,
2967 5562 3103 5615 quas
3131 5547 3229 5602 SS.
3264 5548 3364 5605 Pa-

1809 5641 1917 5686 tres
1942 5630 2283 5701 prohibuisse
2317 5632 2685 5700 cognovimus.
2716 5632 2823 5687 Nec
2858 5649 2957 5704 ego
2987 5638 3117 5689 mihi
3146 5654 3362 5710 arrogo,

1809 5763 1948 5818 haud
1972 5763 2181 5832 legitur.
2208 5761 2361 5815 unde
2390 5777 2587 5815 novum
2645 5780 2723 5817 iro
2758 5765 3005 5822 Bernoldi
3033 5781 3085 5824 et
3113 5756 3362 5831 Bernaldi

1808 5833 2084 5887 identitate
2104 5839 2497 5899 argumentum.
3132 5854 3137 5859 ι

2410 5944 2437 5961 "t

2308 664 2416 720 Nec
2463 668 2566 723 hoc
2596 670 2714 727 sine
2759 674 2951 729 intimo
2998 681 3176 734 cordis
3205 682 3391 738 dolore
