3956 6394
580 454 720 509 1255

1552 466 1642 520 AD
1679 466 1906 523 OPERA
1946 470 2002 525 S.
2043 470 2367 530 GRECORH
2406 474 2846 534 APPENDICES.

3642 12 3719 37 δ’δ’
3740 0 3775 19 Ῐ

3679 478 3811 537 1256

575 576 639 665 ut
663 567 903 665 judicare
934 555 1409 665 possim_canoncs
1434 592 1531 647 pro
1561 586 1821 650 tempore.
1842 583 1987 652 quod
2016 597 2139 653 spe-
2171 587 2380 658 Aglasio
2435 603 2557 658 pius
2624 597 2787 659 Quam
2851 590 2946 647 tibi
3010 593 3205 657 credo,
3267 594 3363 663 qui
3417 594 3553 650 dicit
3625 595 3809 665 (epist.

577 659 784 747 cialiter
813 661 1089 732 privilegio
1135 662 1363 720 Romani
1401 670 1669 736 pontiﬁcis
1711 674 2016 741 ascribitur,
2040 677 2136 747 qui

578 746 894 804 Guibertum
921 752 1360 820 ha-resrarcham,
1400 766 1454 811 et
1480 773 1671 814 omnes
1705 762 1997 829 complices
2018 746 2139 831 ejus

571 836 778 906 judicio
809 841 1131 899 universalis
1155 845 1345 914 synodi
1387 851 1895 917 excommunicavit,
1936 850 2139 923 eosque

575 928 633 983 in
672 930 1017 997 salutatione,
1054 934 1109 988 in
1151 936 1360 1001 osculo,
1398 937 1452 992 in
1487 940 1751 1005 oratione,
1791 940 1845 994 in
1887 943 2137 998 convictu

575 1018 895 1076 devitandos
923 1023 1025 1077 sub
1057 1039 1214 1093 paena
1236 1030 1808 1087 excommunicationis
1822 1032 1977 1101 juxta
2008 1050 2141 1104 apo-

578 1107 843 1165 stolorum
881 1111 1275 1171 institutionem
1312 1115 1664 1173 denuntiavit.
1705 1118 1845 1191 Ergo
1884 1132 1979 1177 aut
2015 1123 2148 1178 Gui-

577 1196 791 1255 bertum
822 1201 889 1255 de
934 1206 1496 1262 excommunicatione
1529 1211 1804 1279 purgabis.
1852 1220 1948 1267 aut
1988 1229 2141 1269 com-

578 1303 947 1348 municatores
981 1295 1101 1365 ejus
1120 1296 1186 1351 de
1217 1297 1545 1369 obligatione
1564 1304 2147 1361 excommunicationis

576 1398 879 1453 expurgare
912 1386 1287 1456 non‘poteris,
1337 1388 1466 1459 quin
1507 1393 1867 1447 necessariam
1908 1394 2144 1452 habeant

579 1473 1107 1543 reconciliationem,
1144 1486 1203 1531 ut
1244 1478 1466 1535 redeant
1503 1480 1571 1535 ad
1613 1483 1938 1537 catholicam
1978 1486 2139 1540 unio-

579 1575 705 1616 nem
741 1581 753 1615 :
788 1578 888 1619 nec
931 1565 1165 1635 aliquam
1196 1567 1559 1625 diﬂicultatem
1608 1574 1967 1641 pnctendam,
2008 1576 2139 1645 quin

576 1653 887 1737 apostolica:
914 1658 1222 1713 auctoritati
1257 1660 1475 1715 obedire
1502 1662 1763 1726 debeam;
1790 1665 1933 1734 quod
1964 1666 2137 1721 sicubi

579 1757 689 1798 non
746 1743 975 1803 observo
1001 1788 1015 1812 ,
1070 1749 1256 1804 statim
1318 1750 1385 1805 ad
1468 1753 1960 1809 reconciliationem
2041 1771 2136 1810 ve-

579 1832 699 1887 nire
742 1848 852 1890 non
900 1851 1113 1892 recuro.
1140 1837 1250 1895 Nec
1286 1840 1419 1895 mihi
1459 1856 1783 1900 succenseas
1806 1887 1821 1912 ,
1860 1846 1907 1900 si
1940 1845 1999 1899 Β.
2030 1846 2137 1901 Ge-

2240 680 2437 746 pra'c.)
2481 694 2497 732 :
2547 677 2663 733 Non
2709 680 2942 750 juvare,
2984 682 3030 736 si
3087 683 3399 738 harcticum
3455 683 3709 750 devites,
3771 672 3814 738 εί

2242 769 2693 823 communicatori
2745 770 2863 839 ejus
2921 772 3321 837 communices;
3386 789 3450 828 ac
3485 774 3530 827 si
3566 774 3812 829 diceret:

2242 856 2380 922 Quid
2421 859 2595 927 juvat,
2647 860 2691 913 si
2737 860 3054 915 Guibertum
3089 862 3314 927 devites,
3354 873 3409 918 et
3435 864 3816 919 communica-

2244 950 2347 1002 tori
2372 948 2491 1018 ejus
2513 952 2922 1006 communiees?
2954 953 3046 1023 qui
3066 954 3220 1023 juxta
3252 954 3648 1013 institutionum
3684 968 3813 1025 apo-

2244 1039 2510 1094 stolorum
2532 1039 2698 1095 simili
2730 1043 3281 1099 excommunicationi
3313 1045 3595 1115 subjacere
3623 1045 3810 1100 decer-

2245 1129 2412 1184 nitur.

2319 1218 2383 1275 V.
2414 1218 2617 1289 ‘Accipe
2668 1227 2799 1293 ergo
2849 1240 3041 1279 sanum
3077 1227 3387 1292 consilium,
3435 1236 3491 1283 et
3533 1226 3817 1283 catholica

2247 1307 2618 1363 communioni
2660 1312 3033 1378 reconciliare,
3064 1322 3117 1368 ct
3146 1329 3175 1369 a
3210 1316 3474 1385 pertinaci
3499 1315 3815 1371 defensione

2246 1412 2449 1464 cesses,
2472 1412 2593 1468 qua:
2620 1399 2681 1454 Β.
2716 1400 3017 1471 Augustino
3043 1412 3332 1460 attestante
3358 1406 3599 1461 schisma
3630 1406 3686 1459 in
3709 1405 3815 1459 h2-

2247 1492 2410 1550 resim
2448 1494 2584 1549 solet
2607 1504 2941 1551 convertere.
2975 1496 3032 1551 In
3074 1498 3305 1553 Domino
3334 1508 3556 1569 rogatus
3587 1498 3699 1553 cito
3728 1512 3813 1552 re-
3914 1492 3915 1551 1

2248 1582 2496 1653 sipiscas,
2524 1592 2683 1652 teque
2718 1585 2875 1641 nobis
2899 1589 3402 1642 communicabilem
3433 1588 3714 1653 restituas,
3751 1604 3814 1641 ne
3914 1584 3915 1599 ‘

2247 1672 2294 1726 si
2323 1672 2489 1729 nimis
2513 1662 2861 1742 pertinaciter
2884 1674 3140 1732 Ecclesia:
3174 1676 3483 1732 auctoritati
3519 1675 3811 1735 obstiteris,

2246 1761 2450 1830 aliquid
2478 1763 2718 1832 gravius,
2755 1764 2899 1833 quod
2939 1765 3102 1830 absit,
3126 1766 3195 1820 ab
3231 1767 3344 1835 ipsa
3366 1774 3539 1818 matre
3574 1763 3810 1820 Ecclesia
3914 1840 3915 1847 γ

2244 1852 2433 1906 audire
2461 1853 2742 1908 merearis.

591 1977 3759 2029 mw

1616 2214 1621 2217 .
1733 2124 2684 2238 BEBNALDI

1028 2308 1115 2368 DE
1151 2308 1495 2372 EMPTIQNE
1532 2308 2014 2371 ECCLESIARUM
2052 2312 2143 2366 AD
2180 2313 2534 2371 PAULINUM
2571 2316 2919 2374 CLERICUM
2958 2319 3351 2377 METENSEH.

1984 2556 2385 2619 MONITUM.

632 2678 895 2751 (Alterum
918 2677 1176 2756 Simonim
1206 2692 1375 2756 genus
1490 2674 1761 2756 eruptione
1787 2683 1840 2729 et
1865 2675 2174 2756 venditione
2197 2675 2562 2756 Eccjesiarum
2582 2682 2863 2756 erudite_et
2880 2680 3156 2738 succincte
3176 2692 3471 2756 pertractat
3485 2682 3803 2756 Beroaldus,

652 2699 895 2736 Alterum
919 2699 1176 2733 Simonta:
1206 2699 1375 2749 genus
1400 2699 1467 2732 ac
1490 2699 1761 2756 eruptione
1787 2699 1840 2729 et
1867 2699 2174 2757 venditione
2197 2699 2562 2745 nccwstarum
2582 2699 2789 2737 erudite
2809 2699 2863 2737 et
2880 2699 3471 2805 suceInthXertractat
3485 2699 3803 2756 uernaldus,

578 2748 969 2847 2*91’2‘32'31
988 2744 1777 2847 ’13‘32‘2.§°.€'°3‘:‘3.¥E§f“§1§
1799 2754 2267 2847 £3.29:“:3?.:2§.?:
2286 2746 2602 2847 922.3219:
2617 2752 2859 2847 εξίεξεεεε
2886 2762 3135 2847 auita;
3160 2754 3421 2847 ..ἐξεῦρέ
3454 2756 3807 2847 sesese

587 2814 708 2875 iicis
728 2816 1359 2889 patribusgadhmrebant
1392 2814 1676 2889 Metenses,
1715 2822 1772 2867 ut
1796 2814 1962 2889 etiam
1994 2816 2267 2889 inausum
2290 2814 2603 2889 episcopum
2645 2814 2695 2874 ᾖ.
2725 2821 2860 2875 1088
2886 2814 3018 2889 urbe
3040 2837 3138 2874 sua
3160 2814 3436 2889 petierent,
3468 2833 3521 2878 et
3557 2824 3808 2879 Hennae.

583 2904 716 2942 num
731 2880 822 2963 ’ξιξ
847 2886 1039 2963 exsilio
1061 2880 1996 2963 revertentem'reeiper‘ent..Erat‘is
2025 2882 2280 2963 Metcnsis
2300 2880 2587 2963 episcopus
2622 2889 2675 2940 in
2712 2904 2876 2963 causa
2898 2880 3682 2963 Ecclesige'corLstantissimus,
3720 2896 3804 2963 qui

583 2972 721 3031 cum
746 2954 1080 3031 Adalberone
1121 2952 1379 3031 episeopo
1418 2948 1791 3031 Herbipglensi
1836 2948 2048 3031 fortiter
2091 2953 2307 3031 quidem
2334 2948 2742 3031 sedmfncassum
2778 2959 2831 3010 in
2874 2958 3232 3031 conciliabula
3262 2948 3804 3031 Wormatiensi'ann.

584 2972 709 3012 cum
746 2967 1080 3037 Adalnerone
1121 2967 1377 3073 episcopo
1421 2967 1791 3070 nermponensn
1836 2967 2048 3031 tornter
2091 2967 2307 3031 quidem
2340 2967 2433 3035 seu
2472 2967 2742 3036 Incassum
2778 2967 2831 3010 in
2874 2967 3232 3012 conciliatiqu
3266 2967 3645 3017 Wormatiensi
3683 2979 3803 3017 ann.

584 3024 728 3099 1076_
750 3022 976 3099 (Consul.
1003 3023 1199 3099 Lemn,
1236 3029 1275 3074 t.
1336 3019 1399 3085 ll,
1442 3035 1495 3099 p.
1519 3098 1525 3099 γ
1545 3019 1667 3099 1Π8)
1697 3020 2399 3099 ειᾳμᾳρμῐιοῃιρτρεργι)
2432 3022 2522 3076 VII
2553 3032 2771 3099 restitit,
2798 3034 2857 3080 ut
2879 3025 3044 3099 refert
3076 3026 3395 3099 Lamhcrtus
3416 3029 3803 3099 Schafnahur-

584 3038 725 3079 1016
750 3038 976 3095 (contu.
1003 3038 1199 3087 ιιενηι.,
1236 3038 1275 3074 ῑ.
1313 3038 1399 3085 Ill,
1442 3038 1495 3089 ι).
1545 3038 1569 3073 ‘l
1590 3038 1667 3089 Ιᾷ)
1697 3038 1943 3073 ειειιιοιοι
1957 3038 2126 3073 ιῐιοιὶι

616 3094 762 3149 ensis
800 3093 868 3147 ad
905 3093 960 3147 h.
999 3107 1049 3146 a.
1085 3092 1167 3145 Ad
1195 3105 1321 3144 eum
1356 3097 1534 3145 exstat
1569 3088 1812 3158 Gregorii
1855 3087 1968 3153 νη,
2008 3089 2147 3157 epist

579 3112 715 3216 §08l
753 3162 902 3216 data.
925 3177 1033 3216 uua
1059 3176 1181 3215 cum
1204 3161 1271 3214 ad
1292 3159 1506 3213 labores
1532 3166 1587 3212 et
1613 3158 1852 3216 pericula
1878 3172 1976 3216 pro
2001 3158 2149 3212 verit:

2253 3038 2399 3143 agam
2440 3038 2522 3076 vn
2553 3038 2771 3091 resutlt,
2798 3038 2857 3080 ut
2879 3038 3044 3081 ret’ert
3077 3038 3395 3108 Lambcrtus
3435 3038 3802 3111 Scharnabur-

2307 3092 2411 3155 l,l.
2455 3109 2552 3147 vm
2590 3093 2796 3163 (ωειλ,
2838 3104 2875 3148 t.
2910 3093 2955 3147 Χ
2993 3094 3221 3161 Conczl.,
3256 3111 3310 3165 p.
3339 3096 3489 3165 267),
3516 3114 3646 3153 cure.
3678 3116 3802 3154 ann.

2268 3160 2582 3216 defensione
2603 3172 2849 3216 paratum
2873 3165 3088 3216 excitat.
3122 3164 3259 3216 Sede
3290 3169 3434 3216 enim
3451 3184 3549 3216 sua
3581 3170 3649 3216 ab
3673 3168 3802 3216 nm-

616 3163 715 3217 081
753 3162 902 3228 data,
925 3177 1033 3231 qua
1059 3176 1181 3215 eum
1204 3161 1271 3214 ad
1292 3159 1506 3213 labores
1532 3166 1587 3212 et
1613 3158 1852 3227 pericula
1860 3172 1976 3280 ({ng
2001 3158 2245 3213 veritatis
2268 3160 2582 3217 defensione
2598 3158 2849 3232 paratum
2873 3165 3088 3219 excitat.
3122 3158 3273 3219 Sede'
3290 3169 3435 3220 enim
3449 3158 3550 3221 sua
3581 3170 3649 3222 ab
3672 3168 3807 3237 lien-

616 3232 698 3280 im
725 3247 852 3280 reue
891 3247 1019 3280 ann.
1054 3229 1190 3280 1080
1220 3229 1430 3280 nulsus.
1461 3228 1640 3280 adhuc
1666 3242 1794 3280 ann.
1825 3226 1850 3280 1
2006 3227 2061 3280 in
2098 3227 2293 3280 Tuscia
2323 3232 2566 3280 captivus
2598 3233 2957 3280 detinohamr-
2996 3244 3055 3280 ut
3073 3236 3262 3280 ςηιιίιιίι
3298 3234 3597 3280 Βρι-ηηιιὶιις
3630 3248 3807 3280 ηηςιρι·

580 3232 863 3309 ξ’ἰςρ-ιιεεθ·
890 3226 1019 3285 ann.
1052 3229 1431 3309 i0807pulsus,
1461 3228 1640 3309 adhuc
1666 3242 1794 3281 ann.
2006 3227 2061 3280 in
2098 3227 2566 3309 Tusciaheaptivus
2598 3226 2958 3309 detinebatur,
2996 3236 3263 3309 utscribit
3296 3234 3609 3309 Bernoldus
3630 3233 3808 3293 noster

580 3296 957 3365 in'Chronieo,
980 3299 1135 3368 cujus
1155 3296 1317 3369 etiam
1339 3298 1407 3369 ad
1427 3297 1608 3369 sedem
1637 3312 1795 3369 suam
1821 3296 2049 3350 reditum
2089 3313 2216 3351 ann.
2253 3296 2417 3369 1089';
2454 3302 2661 3356 obitum
2695 3317 2824 3357 vero
2855 3304 2920 3357 ad
2946 3296 3074 3357 ann.
3112 3304 3270 3369 1000,
3301 3320 3489 3362 mense
3513 3306 3653 3361 Maio
3682 3323 3802 3361 nar-

579 3380 685 3425 rat.
720 3369 874 3446 Qnd_e
893 3367 1121 3446 epistola
1147 3368 1367 3446 nonnisi
1392 3368 1654 3446 alterutro
1687 3367 1883 3446 horum
1905 3380 2175 3446 annorum
2209 3368 2554 3446 scripta_esse
2574 3372 2767 3439 potuit,
2802 3372 2892 3446 ubi
2929 3371 3083 3446 Dictis
3113 3367 3306 3446 iterum
3329 3385 3449 3429 erat
3490 3377 3801 3446 liiecpisco-

584 3437 790 3514 p_ns._S.
819 3435 1118 3514 Gebehardi
1146 3435 2002 3514 salishurgensisarchiepiscopi
2016 3435 2084 3514 ad
2109 3435 2357 3514 eumdem
2382 3435 3054 3514 Herma:nnun_t_epistolam
3088 3457 3187 3512 pro
3221 3442 3481 3514 Gregorio
3510 3445 3603 3499 Vil
3622 3435 3803 3503 contra

578 3503 822 3575 ejusdem
844 3508 1103 3578 temporis
1125 3503 1501 3569 schismaticos
1520 3505 1755 3574 primum
1777 3503 1943 3559 edidit
1963 3503 2275 3570 Gretserus.
2292 3504 2427 3575 Opp.
2453 3516 2493 3561 t.
2522 3507 2609 3573 Ἦ,
2634 3525 2689 3578 p.
2715 3503 2841 3562 434'.

1118 3696 1452 3753 EPISTOLA
1493 3696 1581 3750 Ill.
2174 3704 2223 3761 Β
2250 3709 2458 3756 tantum
2488 3700 2877 3770 composuisse,
2906 3715 3067 3771 quem
3100 3700 3171 3755 ita
3199 3700 3330 3756 dicit
3356 3702 3629 3775 incipere:
3678 3703 3803 3771 Qui-

1163 3805 1228 3843 Αυ
1264 3803 1545 3843 νλυιιαυκ.

649 3885 989 3941 Charisslmo
1040 3882 1196 3938 fratri
1248 3880 1483 3939 Panemo
1517 3880 1837 3937 BSBNALDUS
1882 3884 1999 3938 solo
2044 3900 2147 3939 no-

580 3977 729 4032 mine
775 3975 1071 4045 presbyter,
1112 3988 1221 4029 non
1254 3971 1519 4038 moribus,
1564 3970 1768 4028 bonum
1813 3972 2146 4039 indeﬁciens,

581 4064 727 4135 quod
754 4072 840 4120 est
860 4063 1132 4120 Christus.

652 4153 693 4207 l.
730 4153 1114 4221 Quaestionem,
1162 4153 1327 4209 frater
1378 4152 1735 4221 cbarissime,
1777 4170 1939 4224 quam
1987 4172 2018 4211 a
2062 4173 2149 4213 me

583 4242 958 4303 exsolvendam
987 4253 1212 4313 expetis,
1243 4243 1472 4297 multum
1504 4244 1649 4299 vires
1679 4255 1894 4301 nostras
1917 4248 2146 4310 excedit,

585 4346 750 4401 quam
778 4332 878 4385 etsi
912 4342 1276 4401 competenter
1309 4333 1577 4402 explicare
1603 4347 1841 4399 nossem,
1871 4335 2042 4388 otium
2070 4346 2150 4389 ta-

588 4435 715 4475 men
763 4420 1024 4473 librorum
1069 4421 1133 4473 ad
1169 4421 1271 4475 hoc
1306 4422 1707 4489 exsequendum
1756 4423 1953 4477 habere
1986 4425 2148 4477 debe-

586 4525 705 4566 rem
736 4528 749 4564 :
783 4524 883 4564 nec
916 4509 982 4562 de
1010 4508 1112 4561 hac
1132 4521 1292 4562 causa
1325 4507 1525 4575 aliquid
1562 4524 1897 4577 praepropere
1915 4511 2153 4564 scribere

592 4601 806 4665 vellem,
847 4597 993 4670 quod
1025 4612 1133 4651 non
1163 4611 1234 4650 ex
1278 4596 1597 4651 auctoritate
1626 4596 1725 4650 SS.
1756 4597 1977 4651 Patrum
2014 4598 2152 4651 irre-

584 4692 921 4762 fragabiliter
958 4690 1189 4750 probare
1231 4703 1466 4759 possem.
1522 4688 1626 4743 Sed
1669 4698 1724 4742 tu
1767 4703 1945 4743 omnis
1988 4704 2154 4743 mone

588 4779 873 4848 impatiens
917 4780 984 4833 ah
1026 4778 1308 4833 exactione
1354 4792 1461 4831 nou
1496 4777 1755 4832 desistis:
1790 4776 1934 4831 unde
1978 4788 2033 4833 et
2069 4792 2156 4831 me

589 4883 689 4937 pro
712 4876 807 4921 tuo
824 4884 1006 4922 amore
1029 4869 1254 4922 nimium
1286 4868 1543 4923 festinare
1567 4868 1736 4938 cogis.
1766 4866 1949 4921 Dicam
1974 4875 2152 4921 tamen

590 4958 657 5014 ad
673 4969 929 5027 praesens,
946 4964 1003 5008 ut
1023 4962 1273 5025 possum,’
1283 4959 1428 5012 salva
1451 4956 1776 5027 diligentiori
1804 4956 2156 5027 inquisitione

590 5049 647 5104 in
683 5044 826 5101 aliud
859 5052 1088 5110 tempus,
1129 5052 1183 5097 et
1205 5046 1307 5099 hoc
1348 5046 1564 5114 quidem
1595 5062 1661 5101 eo
1684 5055 1859 5115 pacto,
1896 5054 1956 5099 ut
1998 5055 2051 5099 et
2097 5054 2153 5098 tu
2182 5039 2223 5096 (Ξ

591 5136 809 5193 interim
842 5144 1073 5202 quartis,
1095 5139 1149 5185 et
1173 5133 1219 5185 si
1245 5134 1374 5201 quid
1401 5135 1690 5201 inveneris,
1728 5137 1861 5190 mihi
1902 5138 2154 5192 intimare

590 5245 699 5285 non
730 5223 989 5297 graveris.

659 5315 722 5369 ιι.
762 5314 818 5368 In
842 5312 1032 5383 primis
1067 5312 1230 5385 igitur
1254 5312 1375 5366 volo
1402 5311 1563 5373 scias,
1604 5310 1664 5364 Β.
1698 5310 2057 5380 Augustinum
2102 5316 2154 5369 in

591 5408 731 5461 libro
770 5404 1228 5460 Retraetationum
1264 5402 1377 5470 (lib.
1415 5418 1472 5466 ιι,
1511 5417 1626 5469 cap.
1674 5399 1763 5467 58)
1794 5416 2066 5469 asserere,
2099 5419 2157 5458 se

594 5512 701 5552 non
727 5496 965 5565 quinque
1010 5495 1176 5549 libros
1208 5493 1283 5546 De
1328 5493 1432 5563 ﬁde
1480 5500 1528 5545 et
1557 5489 1816 5560 operibus,
1849 5491 1941 5544 sui
1984 5506 2155 5544 unum

665 5628 845 5699 (1091)
880 5629 1159 5695 Quodnam
1187 5629 1347 5685 fuerit
1382 5627 1597 5699 Paulini
1615 5627 1907 5699 adductum
1946 5640 2011 5679 ex
2044 5626 2155 5699 Au-

598 5695 1229 5767 gustino'testimonium,
1258 5700 1399 5753 haud
1426 5698 1641 5752 invenio
1650 5715 1669 5767 ξ
1706 5712 1803 5767 nec
1824 5696 1967 5749 enim
1995 5695 2152 5767 quid-

595 5763 760 5840 Quam
791 5777 979 5827 contra
1013 5768 1350 5827 Simoniacos
1387 5767 1602 5839 scripsit
1641 5766 1696 5819 S.
1731 5766 1921 5821 doctor
1961 5782 1971 5816 :
2014 5763 2152 5819 unde

2251 3790 2469 3845 busdam
2505 3780 2729 3845 videtur.
2762 3789 2915 3846 Unde
2959 3791 3090 3846 illud
3127 3801 3279 3845 tuum
3305 3790 3372 3846 de
3400 3791 3708 3850 Simoniaco
3734 3806 3803 3852 te-

2250 3881 2566 3936 stimonium
2596 3898 2704 3936 non
2734 3882 2891 3937 nobis
2920 3880 3232 3938 satisfacere
3259 3884 3475 3953 poterit,
3507 3886 3551 3939 si
3593 3887 3706 3956 (sit)
3741 3902 3799 3942 ex

2250 3972 2357 4027 alio
2404 3974 2541 4027 libro
2578 3972 2638 4025 Β.
2678 3973 2965 4043 Augustini
2994 3973 3071 4039 De
3109 3974 3212 4029 ﬁde
3256 3983 3310 4028 et
3341 3976 3598 4047 operibus
3632 3980 3802 4046 praei-

2248 4064 2419 4118 tulato
2446 4072 2756 4133 excerptum
2796 4062 2999 4133 (1091).
3059 4061 3374 4127 incredibile
3408 4065 3553 4119 enim
3578 4066 3798 4131 videtur,

2249 4154 2610 4223 Augustinum
2639 4154 2805 4208 alium
2833 4154 3033 4209 librum
3064 4154 3138 4208 De
3164 4154 3269 4210 (ide
3297 4163 3351 4209 et
3384 4156 3635 4224 operibus
3660 4172 3797 4211 com-

2250 4245 2519 4314 posuisse,
2549 4244 2653 4311 nisi
2688 4246 2845 4313 cujus
2881 4244 3209 4299 mentionem
3250 4244 3379 4301 facit
3431 4246 3487 4299 in
3536 4244 3798 4300 Retracta-

2252 4337 2415 4389 tione.
2446 4334 2711 4389 Praeterea
2740 4336 2919 4403 ipsum
2953 4334 3342 4400 testimonium,
3368 4336 3414 4389 si
3444 4336 3577 4390 bene
3612 4338 3797 4397 recolo,

2250 4426 2613 4477 venditionem
2651 4425 2733 4478 vel
2760 4423 3086 4492 emptionem
3118 4423 3607 4478 ecclesiasticarum
3631 4439 3797 4479 rerum

2252 4512 2383 4565 dicit
2404 4528 2523 4566 esse
2552 4511 2917 4565 Simoniacam
2948 4530 2960 4563 :
3001 4512 3143 4580 quod
3189 4511 3351 4564 nimis
3375 4512 3552 4564 laxum
3583 4510 3797 4575 videtur,

2254 4617 2379 4656 cum
2407 4608 2462 4654 et
2501 4600 2769 4669 legitimas
2805 4600 3141 4654 venditiones
3186 4609 3240 4653 et
3285 4601 3581 4669 emptiones
3627 4617 3797 4655 carum

2255 4706 2436 4745 rerum
2503 4689 2792 4744 inclusisse
2852 4689 3116 4744 videatur.
3185 4689 3524 4760 Quapropter
3581 4691 3795 4762 idipsum

2254 4782 2315 4837 Β.
2350 4780 2653 4851 Augustino
2683 4779 2953 4834 ascribere
2992 4796 3096 4835 non
3138 4796 3426 4850 praesumo.
3459 4780 3562 4837 Nec
3589 4783 3688 4837 hoc
3727 4783 3791 4836 die

2256 4879 2402 4926 ctum
2446 4871 2517 4925 ita
2547 4869 2801 4939 recipias,
2841 4871 2997 4938 quasi
3025 4885 3125 4940 ego
3161 4879 3267 4925 tua!
3308 4872 3644 4941 prtejudicem
3691 4871 3792 4938 opi-

2255 4962 2427 5026 nioni,
2460 4961 2570 5013 imo
2596 4976 2626 5013 a
2655 4969 2708 5014 te
2733 4960 2858 5015 volo
2886 4961 3088 5014 certius
3116 4960 3239 5015 inde.
3265 4961 3469 5015 doceri.

2328 5048 2411 5102 Ill.
2445 5048 2539 5104 Est
2567 5059 2744 5103 autem
2786 5057 2876 5103 tua
2912 5050 3159 5120 quaestio,
3192 5049 3240 5104 si
3268 5047 3499 5103 vendere
3524 5048 3603 5100 vel
3640 5047 3793 5102 eccle-

2260 5139 2371 5194 sias
2402 5139 2472 5195 sit
2502 5137 3093 5217 Simoniacum‘hUnde
3120 5138 3215 5191 tibi
3242 5137 3314 5190 ita
3344 5136 3659 5204 respondere
3684 5153 3772 5207 pos

2255 5246 2398 5294 sum,
2432 5228 2560 5298 quia
2590 5229 2731 5298 apud
2761 5229 3014 5295 antiquos
3041 5241 3148 5279 non
3176 5226 3274 5289 ita,
3306 5235 3365 5278 ut
3391 5226 3567 5291 modo,
3596 5229 3771 5297 preshy

2256 5320 2357 5375 teri
2397 5319 2657 5373 ecclesias
2682 5317 3003 5388 jamdudum
3031 5315 3262 5367 ordinati
3290 5316 3568 5385 acquirere
3594 5332 3776 5372 censue

2256 5421 2470 5474 verunt,
2500 5412 2593 5464 sed
2623 5412 2677 5462 in
2727 5409 2843 5475 ipsa
2890 5406 3230 5461 ordinatione
3284 5419 3617 5479 acceperunt.
3675 5408 3787 5462 Nam

2258 5499 2356 5553 SS.
2421 5500 2608 5553 Patres
2657 5498 2710 5551 in
2761 5495 3190 5551 Chalcedonensi
3238 5499 3469 5554 concilio
3528 5502 3545 5567 (
3570 5509 3666 5553 art.
3714 5498 3787 5561 15,

2259 5632 2419 5685 etiam
2443 5619 2739 5704 Bernaldus
2765 5630 3047 5704 perplexus
3074 5632 3329 5700 haerebat,
3363 5635 3455 5704 qui
3480 5633 3604 5689 nihil
3625 5632 3721 5686 tale
3741 5628 3784 5684 il

2261 5716 2360 5755 suo
2388 5700 2681 5768 exemplari
2710 5700 2923 5768 reperit.
3381 5700 3398 5704 ⁷
3678 5728 3681 5731 -

3802 6054 3905 6165 .1
