3956 6370
178 481 319 538 1257

1069 489 1346 548 sperno.
1386 493 1472 548 Ill.
1515 525 1583 535 -
1620 495 2051 555 Μοκωιεδγλ
2092 485 2551 564 catamitum.

3298 515 3431 571 1‘238

173 615 298 652 ran.
351 599 406 669 6)
445 597 666 698 initam
718 602 1117 698 ordinationem»
1162 608 1451 676 cujuslibet
1487 609 1769 678 judicavc-
1803 616 1846 670 Α
1871 616 2191 684 acquiritur,
2223 634 2252 672 a
2279 617 2337 672 Β.
2372 619 2587 675 Gelasio
2614 620 2667 674 in
2697 621 2926 680 decretis
2952 625 3067 680 suis
3111 626 3316 698 (1092),
3345 645 3438 684 ca-

176 698 332 754 runt,
364 690 460 761 qui
489 692 557 746 ad
589 702 797 747 certum
824 695 1003 750 locum
1030 696 1310 752 ordinatus
1340 715 1450 754 non
1500 701 1766 766 invenire-

173 788 302 842 tur;
351 795 546 850 nempe
576 781 751 847 locus,
785 783 872 836 cui
917 785 1165 840 minister
1200 797 1316 840 erat
1343 789 1763 860 consecrandus,

173 869 236 922 in
268 869 469 938 primis
497 873 973 940 pronuntiabatur.
1005 873 1201 944 Sicque.
1224 877 1495 932 ordinatio
1535 879 1765 933 ministri
1809 879 1816 885 “

170 958 250 1012 ad
278 958 624 1030 designatum
665 961 843 1015 locum
876 963 1190 1018 solemniter
1228 967 1622 1030 celebrabatur,
1663 969 1767 1023 sic-

173 1063 243 1106 ut
272 1052 453 1109 adhuc
494 1055 547 1108 in
578 1056 917 1111 ordinatione
953 1059 1337 1130 episcoporum
1368 1057 1480 1117 sive
1511 1063 1767 1117 abbatum

174 1143 390 1212 ubique
420 1143 760 1199 observatur.
797 1145 936 1200 Cum
977 1147 1093 1218 ipsa
1135 1150 1478 1204 ordinatione
1521 1151 1769 1206 minister

172 1234 635 1290 iucardinabatur
680 1235 974 1304 Ecclesiae,
1021 1253 1122 1294 nec
1167 1232 1309 1294 alius
1363 1241 1410 1294 ei
1459 1243 1766 1310 ecclesiam,

173 1323 332 1378 alius
359 1324 843 1391 consecrationem,
878 1328 972 1382 sed
995 1328 1137 1383 idem
1170 1329 1285 1399 ipse
1311 1334 1539 1386 contulit
1560 1343 1769 1388 utrum-

175 1418 316 1485 que,
352 1424 407 1470 et
443 1416 630 1471 eodem
663 1427 938 1489 tempore;
986 1435 1086 1475 nec
1128 1421 1372 1490 plenaria
1411 1423 1770 1493 deputabatur

175 1505 486 1573 ordinatio,
535 1524 699 1578 quam
757 1525 866 1564 non
910 1498 1238 1581 priecederet
1287 1513 1388 1566 loci
1445 1513 1765 1584 designatio.

180 1592 350 1650 Unde
383 1606 438 1649 et
479 1597 619 1666 apud
647 1598 902 1668 antiquos
958 1597 1146 1655 Patres
1191 1617 1300 1655 non
1356 1612 1466 1656 tam
1518 1604 1770 1673 specialis

177 1686 487 1756 prohibitio
501 1685 639 1742 facta
654 1687 848 1759 legitur
863 1689 928 1744 de
943 1690 1216 1760 eruptione
1229 1690 1536 1747 Ecclesiaru
1546 1710 1594 1747 tn
1605 1736 1617 1759 ,
1633 1709 1770 1763 quas

179 1776 241 1830 in
275 1776 416 1848 ipsis
447 1777 880 1835 ordinationibus
908 1781 1352 1849 comprehensas,
1398 1791 1452 1836 et
1479 1798 1602 1837 cum
1639 1782 1770 1852 ipsis

179 1884 288 1939 per
312 1869 570 1938 pecunias
595 1869 823 1927 obtineri
867 1871 1170 1940 prohibitas
1208 1882 1493 1928 noverunt.
1536 1871 1603 1928 Et
1645 1890 1768 1931 cum

179 1967 405 2029 emptas
434 1959 802 2016 ordinationes
833 1960 1171 2018 Simoniacas
1193 1972 1523 2033 reputarent,
1541 1966 1774 2035 emptio-
1807 1937 1849 1992 Β

187 2067 299 2106 nes
340 2051 694 2106 ecclesiarum
733 2053 923 2122 procul
953 2053 1117 2108 dultio
1142 2069 1251 2108 non
1280 2064 1630 2125 exceperunt,
1665 2057 1775 2110 imo

183 2157 296 2198 nec
321 2143 569 2212 excipere
595 2152 906 2212 potuerunt.
1487 2216 1496 2224 .

261 2233 358 2287 ιν.
393 2234 689 2306 Postquam
737 2249 920 2292 autem
984 2237 1386 2293 commendatio
1413 2237 1668 2294 Ecclesia:
1709 2239 1778 2292 ab

185 2324 314 2395 ipsa
343 2327 757 2382 consecratione
790 2326 844 2382 in
881 2335 1094 2383 tantum
1125 2329 1290 2398 erepit
1311 2329 1552 2399 separari
1579 2338 1637 2383 ut
1659 2337 1780 2397 post

188 2417 432 2471 multum
484 2426 696 2487 tempus
740 2417 1012 2474 Ecclesias
1056 2420 1402 2489 acquirerem
1451 2419 1776 2489 jamdudum

188 2509 525 2572 consecrati,
557 2507 924 2568 necessarium
953 2508 1120 2578 (fuit),
1152 2517 1210 2563 ut
1244 2518 1297 2563 et
1330 2510 1553 2580 speciali
1577 2519 1780 2566 statuto

189 2599 579 2667 prohiberetur
617 2597 819 2668 emptio
845 2597 1237 2664 Ecciesiarum,
1269 2600 1411 2654 sicut
1437 2610 1490 2655 et
1537 2600 1780 2672 ipsarum

193 2689 697 2754 consecrationum,
731 2704 830 2744 nec
877 2705 1047 2745 unum
1093 2690 1297 2757 minus,
1331 2706 1495 2760 quam
1549 2693 1777 2746 alterum

193 2780 556 2836 damnaretur
580 2789 640 2835 ut
664 2780 1054 2842 Simoniaeum.
1094 2779 1197 2834 Sed
1219 2781 1657 2836 consecrationes
1685 2795 1781 2849 per

196 2872 436 2942 pretium
463 2881 712 2941 acceptas
737 2871 832 2925 tibi
857 2871 1078 2938 jconstat
1107 2855 1227 2925 esse
1255 2869 1622 2938 Simoniacas;
1648 2870 1782 2925 mihi

199 2971 389 3018 autem
401 2962 572 3016 nihilo
586 2961 768 3021 minus
788 2961 854 3016 de
873 2961 1361 3027 commendatione,
1377 2961 1428 3016 id
1451 2971 1554 3029 est,
1571 2962 1637 3017 de
1649 2978 1780 3016 cura

199 3053 514 3108 animarum
557 3050 742 3107 itidem
768 3051 1004 3117 videtur,
1041 3051 1087 3106 si
1116 3067 1213 3121 per
1249 3052 1533 3122 pecuniam
1573 3052 1783 3108 obtine-

200 3154 316 3200 tur.
351 3142 489 3198 Nam
530 3142 717 3200 Simon
750 3142 958 3213 Magus,
990 3152 1047 3197 ut
1083 3142 1357 3212 legitur'in
1398 3143 1621 3197 Actibus
1649 3157 1782 3211 apo—
1811 3197 1814 3201 ,

202 3237 497 3302 stolorum,
526 3249 620 3304 per
645 3232 929 3304 pecuniam
956 3232 1199 3287 obtinere
1221 3232 1413 3300 voluit,
1434 3247 1545 3286 non
1571 3241 1628 3286 ut
1654 3245 1784 3300 apo-

203 3327 334 3384 stoli
371 3326 569 3381 manus
607 3323 656 3379 ei
686 3324 1045 3394 imponerent,
1078 3323 1171 3378 sed
1202 3331 1262 3377 ut
1291 3323 1406 3392 ipse
1434 3322 1555 3376 aliis
1585 3336 1784 3376 manus

204 3419 494 3488 imponere
522 3423 705 3486 posset
733 3415 875 3483 (Act.
899 3413 1038 3484 vui).
1065 3413 1163 3468 Cui
1192 3421 1374 3468 autem
1406 3412 1647 3469 Ecclesia
1672 3412 1786 3468 sive

137 3535 145 3540 -
204 3523 344 3563 cura
381 3497 691 3562 animarum
732 3504 1110 3571 committitur,
1140 3504 1311 3561 eidem
1355 3505 1520 3560 etiam
1547 3513 1787 3575 potestas

205 3584 409 3654 manus
446 3595 758 3666 imponendi
801 3609 965 3666 super
994 3596 1435 3661 catechumenos,
1471 3608 1788 3666 energume—

207 3706 312 3746 Los
356 3690 474 3745 sive
514 3689 758 3744 infirmos
789 3688 893 3744 sibi
924 3689 1248 3744 commissos
1281 3687 1612 3743 conceditur.
1656 3685 1790 3754 Quis

207 3799 343 3855 ergo
371 3783 478 3839 hoc
500 3781 871 3845 Simoniaeum
893 3797 1014 3837 esse
1039 3782 1276 3852 negabit,
1307 3782 1352 3836 si
1382 3782 1506 3851 quis
1531 3781 1639 3836 tale
1671 3779 1790 3835 otii-

209 3875 361 3929 cium
395 3889 511 3944 ,per
554 3874 844 3944 pecuniam
889 3874 1223 3929 obtinuerit?
1265 3873 1527 3948 Prmterea
1557 3872 1790 3928 ofﬁcium

210 3963 456 4031 Ostiarii,
485 3965 736 4029 notarii,
781 3965 894 4018 sive
931 3963 1255 4030 defensoris,
1291 3965 1338 4019 si
1369 3981 1464 4034 per
1506 3964 1788 4034 pecuniam

289 4135 476 4221 (1002)
512 4135 572 4221 in
603 4152 812 4221 canone
837 4137 1037 4221 (ielasii
1067 4153 1216 4193 caus.
1253 4138 1303 4202 1,
1331 4152 1384 4206 q.
1412 4137 1464 4202 1,
1496 4152 1543 4191 c.
1573 4137 1606 4189 6
1643 4134 1790 4221 nulla

216 4209 453 4274 ostiarii,
484 4217 612 4274 etc.,
642 4209 700 4264 fit
723 4209 946 4262 mentio.
1580 4273 1593 4274 γ
1663 4219 1668 4226 ·

294 4272 480 4400 v.09?)
519 4272 614 4332 Est
645 4278 732 4332 hic
773 4277 860 4330 ille
909 4277 1122 4344 Petrus,
1170 4285 1530 4347 cognomento
1576 4273 1792 4356 lgneus,

221 4344 302 4402 Va
327 4348 395 4400 hs
482 4347 713 4401 mbrosaa
757 4355 885 4401 tunc
926 4347 1249 4402 monachus.
1296 4347 1362 4401 de
1408 4363 1518 4402 ouo
1552 4345 1798 4400 Malnllo-

224 4383 591 4474 ςῖὗὶἔῖηἲὶἰὶῖ
603 4383 914 4475 ξῗἾοΞιἨὶιῖς
927 4383 1228 4472 ’ὃῖιζῖιῖἑῖἱῖ
1235 4383 1384 4486 ’(Ᾰὶἷ.
1408 4383 1518 4471 ss“.
1538 4383 1792 4470 ἓέἑὲἷᾜῖῖ

264 4527 277 4540 .
315 4501 375 4550 tt,
405 4485 592 4554 p.98?)
620 4494 675 4540 et
712 4486 906 4556 Annal.
943 4487 1164 4553 Bened.,
1201 4485 1333 4548 ιρν,
1361 4503 1414 4556 p.
1445 4487 1518 4556 1).
1572 4485 1794 4556 Factum

267 4571 333 4612 oc
353 4551 520 4611 etiam
553 4556 719 4612 refert
745 4555 1065 4611 Bertholdus
1093 4551 1377 4622 in'ChronQ
1399 4555 1466 4611 ad
1481 4551 1618 4618 ann,
1649 4551 1787 4606 1067
1830 4565 1874 4618 D

1868 706 2041 774 pitulo
2064 707 2154 768 Ἡ.
2193 707 2566 765 Simoniaeum
2612 727 2734 767 esse
2765 714 3058 782 judicatur,
3090 731 3324 788 quorum
3357 728 3440 775 ta-

1869 813 1991 851 men
2022 800 2202 852 nullus
2228 816 2323 869 per
2352 816 2546 857 manus
2573 804 2974 873 impositionem
3006 811 3308 878 ordinatur,
3338 829 3438 868 nec

1871 889 2023 957 ipsis,
2054 900 2111 944 ut
2147 891 2268 946 aliis
2299 907 2495 948 manus
2524 894 2826 963 imponant,
2858 901 3191 957 conceditur.
3223 899 3280 958 Si
3309 918 3438 974 ergo

1868 985 2079 1044 emptor
2106 979 2459 1034 ecclesiastici
2487 981 2667 1047 cilicii,
2700 986 2844 1053 quod
2873 1002 2969 1056 per
2995 1004 3190 1046 manus
3219 990 3440 1062 imposi-

1868 1066 2070 1121 tionem
2111 1081 2218 1121 non
2251 1071 2552 1140 acquiritur
2600 1087 2699 1127 nec
2739 1085 3042 1144 exercetur,
3097 1077 3442 1138 Simoniaeus

1869 1157 2306 1225 essejudicatur;
2331 1168 2536 1229 quanto
2552 1163 2724 1232 magis
2743 1175 2954 1236 emptor
2966 1170 3255 1236 pastoralis
3275 1185 3439 1239 cura},

1871 1245 1924 1299 in
1957 1261 2064 1316 qua
2091 1259 2170 1303 tot
2195 1266 2391 1306 manus
2416 1251 2790 1321 impositiones
2813 1253 3257 1325 frequentantur?

1941 1338 2004 1393 ν.
2051 1338 2245 1397 Beatus
2279 1358 2500 1413 quoque
2546 1345 2849 1401 Alexander
2897 1349 3078 1418 papal
3116 1350 3170 1404 in
3213 1351 3445 1409 decretis

1873 1431 1986 1485 suis
2016 1431 2196 1500 (LABB.
2241 1441 2281 1487 t.
2310 1432 2349 1498 l,
2375 1449 2426 1502 p.
2456 1435 2582 1505 555)
2619 1435 2989 1493 Simoniaeum
3015 1455 3136 1496 esse
3160 1441 3443 1511 judicavit,

1872 1523 1964 1590 qui
1991 1533 2277 1593 corruptus
2303 1524 2477 1594 pretio
2504 1526 2787 1594 pmnitenti
2825 1529 2966 1597 apud
3007 1531 3320 1603 episcopum
3343 1533 3444 1589 ob—

1873 1620 1998 1675 stat,
2038 1613 2122 1665 vel
2160 1613 2380 1682 adjuvat
2408 1613 2474 1667 ad
2521 1616 3038 1672 reconciliationem.
3098 1619 3154 1674 Si
3189 1636 3318 1693 ergo
3358 1622 3448 1676 ille

1875 1699 2220 1758 Simoniacus
2236 1704 2360 1772 jure
2383 1703 2600 1770 dicitur,
2633 1705 2726 1774 qui
2754 1708 2926 1775 pretio
2959 1719 3248 1778 corruptus
3287 1711 3450 1768 efﬁcit

1873 1799 1932 1844 ut
1957 1790 2047 1843 alii
2075 1790 2143 1844 ab
2164 1792 2422 1863 episcopo
2448 1809 2641 1850 manus
2667 1793 2995 1864 imponatur,
3032 1807 3237 1866 quanto
3272 1801 3446 1869 magis

1875 1879 1982 1945 ille,
2006 1881 2098 1950 qui
2124 1881 2224 1936 sibi
2246 1881 2348 1951 ips'i
2371 1884 2477 1938 tale
2498 1883 2732 1939 ofﬁcium
2763 1886 2935 1955 pretio
2970 1888 3201 1958 acquirit
3230 1899 3286 1944 ut
3318 1891 3449 1945 sub-

1876 1970 2003 2026 ditis
2027 1987 2221 2026 manus
2244 1973 2521 2042 imponere
2541 1975 2751 2042 possit?
2773 1975 2967 2047 Petrus
2989 1976 3310 2034 Alltanensis
3331 1979 3448 2048 epi-

1877 2078 2075 2132 scopus
2101 2062 2305 2133 (1095),
2339 2063 2423 2116 vir
2453 2063 2604 2118 mirae
2625 2066 2932 2120 sanctitatis
2958 2076 3013 2120 et
3047 2067 3192 2135 fidei,
3227 2068 3448 2124 Petrum

1877 2151 2198 2223 Papiensem
2225 2153 2432 2222 judicio
2464 2153 2605 2224 ignis
2637 2151 3008 2210 Simoniaeum
3034 2171 3155 2212 esse
3182 2161 3449 2227 probavit,

1876 2259 1943 2298 eo
1969 2245 2115 2313 quod
2141 2245 2520 2300 investituram
2546 2254 2755 2300 tantum
2785 2246 3128 2316 episc0patus
3162 2263 3260 2317 per
3290 2265 3454 2318 pecn-

1879 2335 2023 2388 niam
2040 2349 2070 2388 a
2089 2335 2226 2389 laico
2250 2336 2536 2404 acceperit.
2563 2334 2796 2406 Majores
2813 2337 2986 2391 nostri
3008 2338 3254 2408 synodali
3269 2339 3452 2410 (1094)

1873 2426 2078 2496 judicio
2124 2441 2222 2496 pro
2271 2425 2581 2482 Simoniaca
2633 2427 2826 2481 haeresi
2875 2427 3165 2497 deputasse
3203 2428 3456 2498 leguntur

1881 2519 2052 2589 (caus.
2081 2518 2132 2582 1,
2157 2517 2278 2588 (ι,1,
2299 2516 2512 2589 c.105),
2541 2518 2587 2572 si
2607 2517 2732 2588 quis
2761 2517 3045 2588 pecuniam
3072 2533 3172 2588 pro
3191 2519 3449 2574 chrisma.

1879 2619 1950 2674 te,
1975 2609 2058 2663 vel
2081 2609 2372 2680 baptismo,
2399 2609 2482 2664 vel
2504 2610 2890 2664 communione
2910 2610 3065 2665 daret
3086 2611 3170 2666 vel
3195 2611 3453 2681 exigeret.

1883 2699 1940 2752 Si
1972 2699 2136 2769 igitur
2173 2699 2287 2753 haec
2319 2698 2503 2753 omnia
2537 2697 2847 2752 Simoniaca
2884 2713 3004 2753 esse
3031 2713 3141 2753 non
3174 2714 3455 2769 negamus,

1879 2787 2063 2844 itidem
2089 2790 2156 2844 de
2185 2787 2458 2859 emptione
2487 2787 2855 2843 Ecclesiarum
2885 2787 3132 2858 judicare
3155 2803 3254 2843 cur
3293 2786 3458 2842 dubi-

1884 2887 2067 2937 tamus
2091 2879 2116 2935 ἳ

1954 2991 2042 3049 Ἦ.
2081 2992 2208 3050 Haec
2237 2993 2355 3062 tibi,
2397 2991 2563 3050 frater
2604 2992 2949 3058 charissima,
2980 2993 3048 3048 ad
3089 3007 3348 3063 pmsens,
3395 3008 3430 3046 n
3490 3060 3494 3064 _

1883 3085 2057 3155 potui,
2092 3087 2225 3141 satis
2247 3085 2568 3141 festinanter
2606 3083 2818 3153 collegi.
2867 3083 2949 3138 Tu
2979 3093 3162 3140 autem
3191 3084 3322 3156 quid
3367 3083 3464 3140 tibi

1885 3176 1952 3231 de
1983 3176 2072 3230 his
2105 3176 2361 3231 omnibus
2382 3175 2650 3240 videatur,
2678 3174 2814 3229 mihi
2837 3173 3142 3240 rescribas;
3175 3175 3271 3229 sed
3299 3181 3354 3228 et
3383 3182 3462 3238 tu,

1811 3272 1851 3329 C
1884 3267 1930 3323 si
1957 3266 2088 3336 quid
2117 3265 2257 3322 forte
2275 3262 2347 3324 de
2382 3265 2638 3336 praedicta
2666 3265 2967 3334 quazstione
3005 3263 3209 3318 certius
3243 3262 3467 3316 invene-

1893 3356 1990 3423 ris,
2015 3370 2232 3411 mecum
2272 3357 2676 3413 communicare
2720 3369 2830 3408 non
2874 3354 3134 3423 graveris.
3175 3352 3463 3407 Dominum

1892 3443 2184 3502 Metensem
2211 3446 2519 3516 episcopum
2547 3455 2699 3500 tuum
2725 3443 2929 3516 (1095),
2959 3444 3069 3497 imo
3094 3451 3359 3509 nostrum,
3399 3459 3467 3497 ex

1893 3552 2013 3592 mea
2043 3547 2196 3607 parte
2222 3531 2499 3592 humiliter
2522 3536 2718 3602 saluta,
2735 3535 3033 3604 .ipsumque
3056 3544 3115 3589 ut
3147 3533 3214 3588 de
3237 3533 3342 3589 hac
3377 3542 3469 3588 tua

1896 3627 2224 3698 quaastione,
2271 3627 2318 3684 si
2366 3628 2472 3683 ista
2519 3614 2630 3682 non
2677 3625 2981 3692 sulliciunt,
3021 3624 3240 3698 cegitet,
3280 3624 3466 3679 invita.

1896 3718 2296 3790 Omnipotentis
2331 3717 2428 3774 Dei
2462 3717 2838 3774 misericordia
2880 3732 3096 3786 semper
3133 3732 3230 3770 vos
3258 3715 3469 3770 incolu-

1897 3827 2033 3877 mes,
2057 3811 2339 3881 nostrique
2375 3824 2645 3864 memores
2680 3810 2735 3864 in
2772 3823 2873 3863 suo
2904 3816 3094 3862 sancto
3115 3803 3336 3859 servitio
3367 3819 3483 3858 eua-

1898 3903 2115 3969 stodiat,
2144 3902 2350 3958 domini
2382 3909 2438 3956 et
2468 3900 2657 3955 Patres
2681 3900 2736 3952 in
2762 3896 2981 3953 Christo
3005 3893 3387 3985 amantissimi.

1897 4152 1964 4193 ex
1992 4136 2241 4192 codicum
2269 4143 2582 4191 nostrorum
2614 4131 2737 4188 ﬁde.
2780 4131 2977 4188 Factus
3011 4129 3059 4186 is
3085 4127 3339 4196 deinceps

1899 4207 2161 4284 “aeneis
2193 4207 2496 4284 ερὶξεοριιε·
2515 4202 2909 4284 ,υθ.ςιιιο,ίάειη
2930 4201 3010 4284 .35!
3033 4214 3158 4284 αηητ
3185 4198 3345 4284 Ψ⁷9ε

1973 4277 2156 4358 (ωθιὶ
2193 4265 2529 4358 inmitem
2556 4265 2785 4358 ξοίὲρςεε
2800 4265 3477 4358 ςιιξεξάέἔεῑιπβηηηιὶυξ9911-

1903 4335 2109 4420 tractus
2138 4335 2195 4399 in
2219 4345 2490 4420 Chronico
2527 4350 2581 4420 e_t
2610 4335 2842 4420 Pagius—
2857 4339 2932 4420 ad
2950 4353 3078 4392 ann.
3118 4336 3255 4392 1055
3291 4335 3480 4410 refert,

1905 4418 2064 4485 cujus
2091 4423 2274 4485 tamen
2303 4413 2519 4481 decreta
2545 4409 2958 4485 interciderunt.

1975 4475 2162 4556 (i095)
2202 4477 2576 4536 Hermannum
2603 4478 2872 4534 videlicet.
2901 4475 3026 4533 Vid.
3067 4477 3122 4533 in
3142 4478 3368 4534 monito.

227 4676 3448 4732 ΜΨ

1379 4841 2332 4960 BEBNALDI

295 5063 448 5124 eno
476 5062 844 5125 unumne
878 5037 1206 5123 episcopo
1241 5057 1784 5118 CONSTANTIENSI
1822 5051 2182 5111 ECCLESLE
2219 5049 2285 5103 1N
2325 5046 2559 5105 LOCUM
2595 5043 2894 5103 orroms
2931 5041 3426 5102 EXAUCTORATI

1208 5151 1598 5210 PRAEFECTO
1634 5146 1969 5206 EPISTOLA
2002 5139 2500 5198 APOLOGETlC-A.

1561 5285 1712 5357 (Post
1739 5294 1940 5336 annum
1969 5275 2150 5330 1088J

1743 5410 1890 5434 ..ὴ-

1653 5519 2055 5583 MONITUM.

311 5657 436 5716 Jam
472 5670 637 5727 supra
685 5646 1390 5727 produximus__decretalem
1415 5618 1661 5727 Gregorii
1690 5640 1781 5694 \‘ll
1822 5657 1850 5696 e

241 5714 573 5801 recipiendis
602 5714 1080 5801 Romanaasynodi.
1107 5715 1382 5801 decretis;
1405 5714 1844 5801 unibuticumrjej

1892 5639 2102 5695 is‘tolam
2134 5635 2201 5691 ad
2228 5631 2482 5686 Ottonem
2526 5628 2997 5686 Constantiensem
3033 5624 3369 5696 episcopum,
3394 5641 3494 5696 pro

1871 5693 2169 5778 ragaretur,
2183 5703 2384 5778 acriter.
2398 5703 2633 5770 primum
2656 5700 2992 5778 objurgatus,
3017 5693 3204 5778 postea
3221 5693 3290 5774 ab
3305 5693 3495 5778 ρίῐῖρὶο

245 5762 994 5870 i3s$é§§3§éfiid§diéu
1033 5762 1518 5870 ejusdimcesalnis
1562 5792 1785 5870 praes-tan

1897 5762 2068 5833 eidem
2117 5762 2444 5836 obedientia,
2477 5783 2536 5827 ut
2573 5762 2841 5840 super-ius'
2856 5762 3120 5835 opusculo
3143 5762 3206 5816 Vl
3229 5764 3490 5824 vidimus.

1887 5865 1913 5870 -_
1927 5844 2110 5870 -......I:.
2161 5852 2208 5870 ..ο
2237 5853 2583 5870 ,ινα-,Λοη-ηυ.
2615 5835 2963 5870 l‘nhhnrdnm
2992 5836 3107 5870 οἱηιι
3131 5835 3249 5870 hum
3281 5840 3490 5870 οιὶίοηιμ

249 5835 1480 5934 ’Ᾱῖἷξὶῆἶ’;η1ξέςῆἱεωαῑὶρυω
1521 5835 1785 5910 anathcm:

1886 5844 2133 5920 perculit,
2159 5852 2211 5898 et
2236 5853 2585 5910 exauctorato
2615 5835 2963 5909 Gebhardum
2992 5836 3110 5909 ejus
3131 5835 3249 5892 loco
3281 5840 3503 5911 episco—t
