3956 6398
265 495 402 552 1245

1129 495 1418 552 sermo.
1456 497 1542 552 ltt.
1584 527 1649 536 α
1684 495 1873 549 MONL‘
1900 495 2116 548 ..r..\'r.\
2156 469 2619 553 miscemus.

3374 494 3512 548 I'ZIG

261 619 478 678 potens,
524 622 625 663 vos
668 622 881 678 semper
916 607 1216 664 incolumes
1262 610 1542 679 nostrique
1571 624 1840 663 memores
1873 610 1912 662 Α
2010 605 2096 659 I\'.
2139 608 2275 661 Cum
2309 608 2472 677 igitur
2510 604 2808 676 presbyteri
2838 613 2890 658 et
2930 603 3168 673 episcopi
3213 602 3511 671 antiquitus

260 705 513 767 protegat
558 707 721 768 atque
755 698 1058 764 custodiat,
1095 699 1300 754 domini
1341 700 1536 754 fratres
1563 710 1614 754 et
1647 699 1834 756 Patres

262 789 646 843 amantissimi.

266 937 461 975 INCIPIT
490 938 670 976 UTILIS
698 937 1008 977 DESCRIPTIO
1038 938 1102 976 DE
1132 924 1577 977 νκεεεῖτεποιιωι
1605 938 1828 978 ονε-1610.

331 1029 398 1085 H.
439 1031 498 1085 Β.
529 1031 730 1086 Paulus
752 1033 1026 1102 apostolus
1052 1033 1104 1084 in
1132 1033 1373 1101 epistolis
1402 1033 1517 1087 suis
1539 1033 1830 1088 evidentis-

263 1123 403 1177 sime
433 1124 590 1177 nobis
611 1125 930 1192 praescribit,
953 1125 1095 1192 quod
1119 1124 1260 1192 apud
1282 1125 1532 1193 antiquos
1557 1125 1835 1194 presbyter

260 1221 316 1266 et
349 1213 638 1282 episcopus
670 1213 810 1268 idem
851 1213 1068 1268 fiterint.
1102 1213 1355 1269 Scribens
1382 1215 1528 1268 enim
1555 1215 1620 1267 ad
1651 1213 1829 1269 Titum

259 1302 330 1356 de
369 1303 711 1357 ordinatione
748 1304 1128 1373 episcoporum
1161 1305 1421 1373 praecipit,
1452 1313 1511 1356 ut
1538 1303 1832 1359 constituat

258 1407 362 1460 per
389 1393 631 1463 singulas
659 1393 902 1450 civitates
941 1395 1310 1465 presbyteros;
1347 1404 1400 1449 et
1429 1394 1609 1448 statim
1643 1396 1830 1464 quales

258 1483 494 1538 debeant
542 1485 780 1541 ordinari
830 1485 1099 1539 subnectit
1141 1485 1370 1540 dicens:
1433 1485 1649 1554 Oportet
1693 1486 1830 1537 enim

257 1575 559 1643 episcopum
579 1575 1077 1645 irreprehensibilem
1102 1593 1211 1630 esse
1233 1575 1360 1646 (Tit.
1393 1577 1452 1642 ι).
1485 1575 1614 1629 Item
1644 1575 1827 1628 Timo-

258 1665 391 1718 theo
417 1667 636 1720 scribit:
674 1665 800 1719 Noli
835 1667 1090 1736 negligere
1119 1668 1346 1735 gratiam
1385 1682 1500 1735 qua:
1539 1667 1591 1719 in
1626 1676 1674 1718 te
1730 1675 1827 1728 est,

255 1770 381 1822 qua!
404 1756 532 1809 data
550 1766 627 1809 est
656 1757 750 1810 tibi
766 1773 857 1826 per
877 1758 1200 1825 prophetiam
1223 1772 1338 1809 cum
1362 1758 1690 1825 impositio‘ne
1718 1772 1829 1807 ma-

256 1859 426 1897 nuum
450 1847 755 1917 presbyterii
787 1847 839 1918 (1
869 1846 1002 1900 Tim.
1044 1848 1135 1916 tv).
1167 1847 1268 1901 Cui
1297 1848 1476 1901 statim
1509 1848 1564 1900 in
1594 1862 1826 1916 sequen-

256 1936 584 1992 tibusdicit:
606 1937 938 1993 Neminicito
956 1936 1558 2007 manumimposuerisll
1584 1937 1717 1990 Tim.
1743 1941 1826 2003 v):
1866 1925 1905 1978 Β
1933 1949 2103 2014 μερίδι,
2155 1947 2213 2006 5;

251 2029 407 2096 quod
437 2030 654 2099 proprie
700 2039 782 2085 est
813 2030 1070 2100 episcopi.
1115 2029 1172 2083 In
1220 2031 1305 2084 his
1328 2029 1507 2084 verbis
1542 2030 1837 2098 Apostolus

251 2121 396 2175 satis
411 2131 592 2191 aperte
614 2123 822 2178 notavit
837 2123 980 2192 quod
996 2125 1294 2192 antiquitus
1318 2124 1456 2178 idem
1480 2125 1756 2193 presbyter
1778 2135 1831 2180 et

247 2216 549 2288 episcopus
575 2217 793 2285 fuerint,
821 2218 974 2288 juxta
1003 2220 1145 2289 quod
1168 2219 1226 2271 Β.
1260 2206 1581 2274 Ambrosius
1608 2227 1661 2272 et
1701 2216 1827 2272 Hic-

251 2325 520 2382 rouymus
563 2313 812 2368 eumdem
854 2312 1168 2382 Apostolum
1211 2311 1265 2366 in
1306 2312 1507 2367 eisdem
1547 2313 1830 2366 sententiis

247 2402 603 2455 commentati
642 2411 787 2456 sunt.
818 2399 961 2455 Idem
985 2403 1039 2456 in
1069 2401 1305 2470 Epistula
1338 2401 1404 2457 ad
1435 2400 1826 2470 Philippenses,

250 2491 603 2572 presbyteros
646 2493 750 2547 sub
797 2493 1017 2546 nomine
1063 2493 1439 2562 episcoporum
1483 2493 1702 2558 salutat,
1741 2495 1826 2548 di-

249 2594 387 2634 cens
415 2598 428 2634 :
461 2579 668 2634 Paulus
711 2589 760 2633 et
793 2580 1090 2634 Timotheus
1120 2583 1254 2633 serui
1283 2579 1481 2634 Christi
1509 2581 1633 2635 Jesu
1661 2586 1830 2637 omni-

250 2670 352 2722 bus
383 2671 581 2722 sanctis
622 2671 712 2740 qui
739 2679 862 2723 sunt
894 2669 1176 2739 Philippis,
1201 2686 1318 2723 cum
1345 2673 1601 2740 episcopis
1632 2681 1682 2726 et
1710 2675 1829 2726 dia-

249 2759 472 2812 eouibus
508 2758 766 2828 (Philipp.
808 2759 867 2825 ι).
911 2758 1044 2813 Nam
1083 2759 1236 2829 juxta
1268 2758 1653 2830 Hieronymum
1697 2761 1827 2814 Phi-

251 2847 417 2915 lippis
460 2862 566 2901 una
598 2856 681 2902 est
723 2847 915 2901 civitas
951 2846 1296 2912 Maccdonim,
1334 2863 1454 2917 qua:
1491 2848 1673 2918 plures
1719 2865 1826 2903 non

249 2935 432 3006 potuit
457 2936 657 2992 habere
684 2937 989 3007 episcopos.
1027 2937 1083 2991 In
1113 2938 1336 2992 Actibus
1365 2954 1581 3007 quoque
1611 2949 1828 3008 aposto-

250 3029 433 3085 lorum
474 3028 668 3100 legitur
711 3022 1000 3099 apostOlos‘
1022 3043 1245 3084 vocasse
1283 3030 1624 3100 presbyteros
1656 3029 1828 3099 Ephe-

248 3121 485 3187 siorum,
525 3136 663 3192 quos
698 3129 752 3175 et
787 3121 1070 3190 episcopos
1099 3135 1128 3174 a
1159 3119 1363 3190 Spiritu
1395 3130 1582 3175 sancto
1621 3121 1827 3189 positos

248 3227 376 3268 esse
424 3212 564 3278 (Act.
594 3214 686 3282 xx)
729 3227 838 3267 non
878 3211 1067 3276 tacuit,
1107 3211 1353 3265 videlicet
1390 3211 1555 3264 unius
1593 3211 1826 3264 civitatis

249 3301 600 3370 presbyteros
648 3315 852 3354 vocans
892 3298 1194 3368 episcopos.
1249 3297 1378 3351 Item
1425 3297 1540 3366 ipse
1576 3296 1825 3367 princeps

250 3388 620 3456 apostolorum
645 3386 837 3441 Petrus
861 3386 914 3440 in
938 3386 1176 3456 Epistola
1200 3401 1329 3441 sua:
1356 3385 1712 3456 Presbyteros,
1737 3387 1823 3442 in-

251 3473 390 3544 quit,
417 3475 474 3528 in
497 3474 636 3528 uobis
657 3490 840 3545 precor
865 3473 1245 3542 compresbyter
1263 3482 1313 3525 et
1340 3473 1487 3526 testis
1520 3475 1823 3541 passionum

252 3564 454 3617 Christi
484 3561 539 3634 (Ι
563 3562 709 3616 Petr.
743 3563 818 3632 v).
848 3561 980 3617 Item
1007 3561 1246 3620 Joannes
1274 3563 1552 3631 apostolus
1574 3571 1628 3617 et
1661 3579 1824 3618 evan-

251 3655 444 3726 gelista
475 3655 716 3709 scribens
753 3669 819 3708 ex
849 3653 932 3707 sui
973 3661 1202 3723 persona
1289 3652 1586 3722 Presbyter,
1627 3654 1820 3724 inquit,

251 3744 714 3809 Electc,dominar
733 3732 780 3798 et
806 3744 932 3817 ﬁliis
956 3744 1067 3813 ejus
1092 3741 1179 3813 (11
1203 3742 1361 3796 Joan.
1394 3742 1613 3811 t).ldem
1636 3745 1690 3798 in
1720 3745 1822 3799 alia

249 3834 493 3907 Epistula
523 3853 536 3890 :
567 3819 842 3905 Presbyter
865 3833 997 3906 Caio
1019 3834 1325 3888 charissima
1352 3831 1476 3902 (111
1499 3832 1658 3888 Ιοαη.
1691 3839 1751 3904 ι).

222 3954 238 3974 .
323 3924 412 3999 HI.
453 3924 547 3979 His
568 3925 731 3996 igitur
754 3925 1033 3982 sententiis
1060 3925 1120 3978 Β.
1148 3923 1476 3994 Hieronymo
1510 3935 1564 3979 et
1590 3927 1824 3982 Ambro-

246 4013 339 4073 sio
381 4015 761 4069 attestantibus
823 4015 1223 4070 evidentissime
1274 4017 1533 4084 probatur
1572 4018 1821 4072 eumdem

247 4103 628 4176 presbyterum
653 4112 708 4156 et
738 4103 1050 4172 episcopum
1084 4102 1268 4156 fuisse.
1302 4103 1412 4156 Cur
1435 4111 1614 4158 autem
1638 4115 1820 4174 postea

249 4195 398 4250 inter
421 4209 480 4248 se
510 4201 560 4247 et
592 4192 811 4251 nomine
838 4200 892 4246 et
919 4191 1094 4246 ollicio
1119 4192 1427 4260 discrepare
1457 4193 1720 4261 coeperint
1747 4195 1819 4248 ita

249 4294 316 4341 ut
371 4284 513 4338 inter
565 4266 906 4353 prcsbyteros
940 4298 1082 4335 unus
1112 4281 1418 4350 specialiter
1467 4297 1665 4337 nomen
1707 4286 1822 4354 epi-

248 4371 404 4442 scopi
429 4371 739 4438 obtinuerit,
775 4373 911 4427 idem
938 4370 1296 4441 Hieronymus
1329 4386 1492 4440 super
1523 4370 1818 4442 Epistulam

252 4464 326 4519 ad
360 4463 540 4518 Titum
569 4463 702 4519 satis
737 4471 916 4533 aperte
958 4463 1178 4532 exponit
1206 4481 1217 4515 :
1272 4461 1580 4532 Postquam,
1623 4463 1818 4533 inquit,

1938 697 2077 749 idem
2123 695 2291 749 fuisse
2321 697 2581 763 lcgantur,
2615 694 2780 746 etiam
2816 693 3059 746 eamdem
3103 690 3302 760 ligandi
3349 700 3507 758 atque.

1936 782 2176 837 solvendi
2219 791 2560 850 potestatem,
2599 788 2653 835 et
2681 781 2785 834 alia
2822 796 2967 834 nunc
2997 778 3266 847 episcopis
3299 779 3506 846 specia-

1935 874 2003 926 lia
2040 873 2296 926 habuisse
2323 888 2428 924 non
2463 872 2802 926 dubitantur.
2845 870 3137 938 Postquam
3175 875 3354 921 autem
3389 883 3504 935 prc-

1935 961 2132 1032 shytcri
2160 961 2229 1017 ab
2258 961 2549 1031 episcopali
2585 961 2901 1013 excellentia
2929 957 3154 1012 cohibiti
3199 965 3346 1018 sunt,
3397 967 3508 1009 ctr-

1935 1051 2010 1119 pit
2027 1050 2108 1104 eis
2131 1064 2238 1104 non
2281 1050 2443 1107 licere
2479 1049 2621 1117 quod
2646 1048 2817 1112 licuit,
2862 1048 3107 1100 videlicet
3147 1045 3291 1116 quod
3334 1045 3505 1097 cccle—

1933 1142 2148 1196 siastica
2184 1141 2482 1194 auctoritas
2532 1140 2663 1193 solis
2705 1136 3052 1208 pontilicihus
3098 1136 3502 1204 exsequendum

1929 1230 2215 1299 delegavit,
2255 1229 2306 1282 id
2347 1239 2451 1292 est,
2492 1227 2886 1283 coniectionem
2935 1225 3269 1290 chrismatis,
3313 1241 3504 1279 conse-

1932 1320 2228 1374 crationem
2254 1318 2546 1387 virginum,
2572 1317 3063 1371 reconciliationem
3105 1315 3502 1385 ptenitentium,

1931 1419 1983 1464 et
2012 1410 2116 1463 alia
2153 1408 2484 1476 hujusmodi,
2513 1424 2633 1476 quae
2659 1416 2858 1460 statuta
2894 1404 3116 1459 Patrum
3139 1405 3218 1458 eis
3251 1401 3504 1471 interclu—

1931 1497 2083 1550 dunt.
2110 1495 2240 1549 Nam
2270 1494 2698 1564 (Iarthagincnse
2739 1495 3052 1558 concilium,
3089 1493 3174 1545 cui
3213 1491 3268 1544 ll.
3318 1489 3502 1558 Auga-

1932 1586 2106 1640 stinus
2133 1585 2654 1653 interfuit,capitulo
2706 1585 2738 1637 6
2788 1583 3056 1652 (l..\un.,t.
3090 1582 3501 1651 ll,pag.l0.‘i:!‘-,

1932 1678 2254 1746 presbyteris
2293 1677 2560 1730 interdicit
2592 1676 2900 1730 chrismatis
2940 1676 3354 1734 coniectionem.
3384 1691 3501 1742 po:-

1932 1767 2217 1820 nitentium
2269 1767 2783 1830 reconciliationem,
2830 1767 3094 1836 virginum
3132 1765 3500 1818 consecratio-

1933 1872 2072 1908 nem.
2099 1855 2332 1910 Sanctus
2387 1872 2601 1926 quoque
2636 1856 2900 1909 lium-hius
2938 1857 2990 1908 in
3017 1857 3248 1908 decretis
3292 1855 3406 1907 suis
3430 1854 3501 1907 ‘2').

2269 1946 2450 2007 I..\nu.,
2493 1955 2533 1998 t.
2585 1945 2633 2009 l,
2664 1961 2783 2014 pag.
2830 1945 3006 2011 1392),
3034 1944 3499 1997 confirmationem
3555 2005 3559 2009 ι

1932 2038 2324 2108 ncophytorutn
2352 2036 2565 2090 nonnisi
2597 2037 2664 2088 ab
2693 2036 2962 2104 episcopis
2998 2051 3154 2102 posse
3181 2033 3261 2084 vel
3304 2033 3500 2085 debere
3592 2035 3596 2039 ⁴

1929 2129 2042 2181 ﬁeri
2071 2130 2283 2192 asa-rit,
2314 2145 2412 2179 nec
2435 2127 2574 2180 inter
2597 2126 2962 2179 ecclesiastica
2989 2132 3329 2177 sacramenta
3354 2123 3497 2174 illam

1931 2218 2188 2287 reputari,
2212 2233 2335 2286 qua:
2362 2218 2429 2270 ab
2452 2218 2574 2269 aliis
2607 2225 2932 2286 przesumpta
2963 2213 3144 2266 fuerit.

2000 2306 2060 2360 V.
2107 2308 2210 2361 Sed
2248 2309 2314 2361 de
2346 2308 2431 2360 his
2471 2307 2721 2376 singulis,
2764 2322 2884 2374 qua:
2915 2292 3242 2373 presbyteris
3280 2317 3387 2355 non
3436 2301 3498 2354 li-

1928 2417 2047 2455 cere
2081 2410 2380 2470 cmperunt,
2413 2411 2698 2470 postquam
2724 2401 2797 2452 illi
2822 2401 2888 2452 ab
2916 2399 3206 2466 episcopali
3233 2397 3498 2449 excellen-

1932 2493 2003 2546 tia
2035 2492 2272 2561 separati
2306 2499 2452 2554 sunt,
2487 2490 2543 2543 Β.
2579 2489 2842 2543 Damasus
2886 2505 3018 2557 papa
3054 2487 3264 2557 plenius
3309 2487 3361 2539 in
3408 2486 3502 2537 de.-

1929 2583 2090 2635 cretis
2138 2581 2254 2632 suis
2315 2580 2586 2642 edisserit,
2647 2579 2735 2632 ubi
2792 2595 2983 2631 vanam
3060 2577 3498 2645 superstitioncm

1927 2673 2438 2740 chorepiscopnrutn
2469 2670 2796 2724 authenticis
2819 2669 3120 2722 rationibus
3146 2666 3497 2734 compescuit.

1927 2758 2060 2813 Nam
2074 2760 2316 2814 scribens
2330 2760 2582 2812 omnibus
2606 2759 2873 2828 episcopis
2897 2758 3070 2823 (epist.
3097 2755 3327 2819 5;1.Αιιιι.
3359 2763 3398 2808 t.
3433 2752 3498 2819 ll,

1927 2867 2046 2920 pag.
2086 2851 2210 2918 876)
2256 2850 2492 2919 primum
2541 2848 2959 2917 chorepiscopos
3005 2845 3139 2900 nihil
3183 2845 3329 2898 aliud
3378 2857 3502 2898 esse

1927 2958 2089 3012 quam
2121 2942 2463 3011 presbyteros
2497 2939 2707 3010 probat.
2738 2938 2938 2991 Deinde
2968 2947 3226 3005 utrosque
3255 2950 3501 2988 commu-

1927 3039 2070 3085 niter
2097 3031 2166 3085 ab
2192 3030 2486 3098 episcopali
2535 3029 2751 3098 fastigio
2801 3030 2905 3082 hoc
2953 3027 3115 3080 modo
3152 3033 3454 3093 sequestrat
3487 3036 3507 3074 :'

1928 3120 2344 3188 Chorepiscopis,
2375 3121 2567 3187 inqmt,
2594 3118 2838 3195 nonlicet
2859 3115 3150 3189 sacerdotes
3176 3129 3498 3171 consecrare,

1929 3226 2018 3262 nec
2043 3210 2315 3272 diaconos,
2331 3206 2802 3270 necsubdiacouos,
2820 3221 2910 3259 nec
2931 3205 3188 3273 virgines;
3213 3219 3302 3255 nec
3333 3202 3501 3254 altare

1879 3282 1895 3302 ¹
1927 3299 2144 3367 erigere,
2174 3315 2264 3351 nec
2285 3314 2470 3366 ungere
2501 3297 2578 3369 rel
2606 3312 2834 3358 sacrare,
2861 3311 2950 3348 nec
2970 3293 3212 3360 ecclesias
3237 3293 3498 3351 dedicare,

1926 3404 2016 3441 nec
2041 3389 2270 3441 chrisma
2309 3388 2580 3456 conﬁcere,
2616 3403 2706 3440 nec
2736 3372 3018 3439 chrismate
3054 3377 3497 3453 fontes—baptiza-

1926 3487 2098 3532 torum
2128 3481 2357 3548 signare,
2403 3495 2494 3530 nec
2535 3477 2740 3545 publice
2770 3476 2979 3544 quidem
3019 3475 3076 3526 in
3113 3474 3276 3524 missa
3319 3487 3470 3540 quem

1923 3584 2086 3637 quam
2106 3570 2439 3637 panitentem
2478 3566 2848 3619 reconciliare:
2892 3580 2983 3616 nec
3023 3563 3277 3630 formatas
3300 3563 3496 3628 cpisto-

1922 3658 2006 3711 las
2034 3658 2254 3722 mittere,
2293 3673 2383 3710 nec
2403 3655 2649 3724 populum
2679 3656 2997 3718 benedicere,
3037 3669 3128 3705 nec
3154 3661 3275 3704 ante
3299 3653 3496 3720 cpisco-

1922 3765 2045 3818 pum
2067 3748 2122 3801 in
2151 3747 2461 3815 baptisterio
2485 3747 2560 3799 rcl
2597 3749 2835 3800 sacrario
2860 3747 3096 3808 introire,
3129 3761 3216 3796 nec
3247 3754 3498 3811 prasente

1922 3841 2160 3909 episcopo
2188 3840 2444 3908 infantem
2487 3839 2681 3908 tingere
2714 3848 2805 3890 aut
2841 3839 3072 3908 signare,
3125 3852 3216 3887 nec
3245 3835 3492 3903 peniten-

1925 3941 2028 3985 tem
2053 3932 2165 3984 sine
2192 3932 2420 3998 epist-api
2440 3931 2522 3983 sui
2549 3931 2893 3998 praeceptione
2925 3925 3281 3989 reconciliare,
3314 3939 3404 3976 nec
3435 3940 3496 3976 eo

1921 4031 2195 4090 prasente,
2225 4022 2328 4094 nisi
2346 4021 2583 4087 jubente,
2606 4027 2994 4070 sacramentum
3022 4015 3254 4083 corporis
3288 4022 3338 4066 et
3367 4002 3497 4065 san-

1923 4112 2093 4178 guinis
2119 4109 2321 4162 Christi
2343 4109 2596 4176 con/icere
2619 4149 2634 4173 ,
2661 4123 2751 4159 nec
2771 4122 2829 4160 eo
2853 4122 3029 4159 coram
3054 4105 3226 4174 posito
3247 4103 3500 4173 populum

1921 4200 2102 4252 docere
2123 4198 2199 4251 rel
2225 4197 2477 4260 salutare,
2502 4213 2591 4248 nec
2618 4196 2813 4265 plebem
2840 4196 3130 4249 exhortari.
3161 4193 3292 4259 Qua.-
3319 4196 3500 4248 omnia

1920 4288 2047 4341 solis
2081 4287 2413 4356 pontiﬁcibus
2433 4288 2688 4354 pertinere
2714 4295 2820 4338 tam
2847 4303 2911 4338 ex
2933 4286 3309 4353 superioribus,
3339 4300 3500 4354 quam

1919 4394 1983 4431 ex
2011 4377 2132 4430 aliis
2167 4376 2392 4429 Patrum
2425 4378 2640 4428 statutis
2667 4385 2821 4444 atque
2860 4377 3028 4427 sacris
3061 4375 3349 4427 canonibus
3374 4375 3500 4437 edo-

1921 4469 1992 4520 cti
2012 4468 2137 4520 estis
2166 4507 2178 4518 .
2223 4506 2235 4519 .
2275 4507 2287 4518 .
2330 4464 2589 4518 Similiter
2610 4475 2659 4517 et
2685 4465 2748 4517 de
2785 4465 3102 4534 presbyteris
3134 4465 3243 4517 hate
3268 4464 3498 4516 habean-

248 4556 607 4624 unusquisque
633 4569 739 4618 eos,
787 4569 914 4623 quos
956 4552 1334 4622 baptisaverat,
1379 4569 1498 4610 suos
1545 4569 1674 4620 esse,
1721 4572 1822 4608 non
1853 4571 1898 4626 ῃ
1924 4566 2028 4620 tur,
2057 4565 2112 4607 ut
2157 4557 2270 4608 sine
2290 4553 2444 4621 jussu
2476 4555 2705 4622 episcopi
2734 4554 2867 4606 nihil
2905 4555 3104 4623 proprii
3146 4562 3325 4622 agant.
3364 4551 3497 4606 Item

213 4643 216 4647 λ
251 4646 458 4699 Christi
483 4644 723 4712 putabat,
751 4646 805 4696 in
833 4652 943 4696 toto
981 4645 1246 4696 decretum
1293 4653 1369 4696 est
1406 4643 1547 4708 orbe,
1588 4653 1646 4697 ut
1683 4638 1824 4700 unus

251 4736 319 4786 de
356 4733 673 4802 presbyteris
730 4734 924 4787 electus
983 4744 1415 4802 superponeretur
1470 4737 1698 4801 ceteris,
1748 4737 1816 4790 ad

251 4840 405 4896 quem
426 4823 596 4875 omnis
631 4838 760 4874 cura
786 4821 1036 4876 Ecclesiae
1069 4825 1369 4892 pertineret,
1398 4835 1449 4878 et
1478 4828 1817 4881 schismatum

253 4913 457 4966 semina
493 4910 800 4964 tollerentur
830 4909 1205 4980 (Commentar.
1260 4912 1313 4964 in
1345 4928 1466 4982 cap.
1519 4931 1568 4980 I,
1616 4915 1751 4986 Opp.
1776 4926 1816 4972 t.

255 5002 348 5067 IV,
377 5019 429 5073 p.
465 5002 612 5071 415).
643 4999 707 5055 Et
749 4999 889 5055 infra
938 5019 950 5052 :
996 5000 1292 5065 Paulatim,
1343 5014 1398 5056 ut
1437 5005 1820 5060 dissensionum

255 5091 533 5163 plantaria
557 5089 915 5153 evellerentur,
937 5090 1006 5141 ad
1031 5106 1190 5142 unum
1212 5093 1380 5146 omnis
1405 5093 1709 5147 sollicitudo
1729 5096 1820 5149 de-

257 5185 376 5240 lata
407 5196 505 5240 est.
539 5185 688 5240 Sicut
714 5200 834 5256 ergo
867 5184 1154 5254 presbyteri
1188 5187 1382 5249 sciunt,
1420 5203 1475 5240 se
1510 5203 1574 5239 ea:
1606 5173 1833 5241 consne-i

262 5276 442 5329 tudine
467 5274 719 5332 Ecclesia:
758 5277 826 5341 ei,
866 5277 956 5345 qui
999 5275 1102 5328 sibi
1139 5277 1450 5343 prarpositus
1494 5276 1676 5342 fuerit,
1711 5291 1821 5328 esse

259 5362 562 5430 subjectos:
591 5367 672 5420 ita
710 5367 939 5435 episcopi
978 5365 1232 5430 noverint,
1263 5381 1316 5417 se
1345 5365 1510 5434 magis
1545 5380 1822 5418 consuetu-

260 5452 403 5516 dine,
441 5459 600 5521 quam
628 5455 972 5523 dispositione
1008 5455 1297 5509 Dominicis
1323 5455 1579 5518 veritatis,
1614 5454 1824 5525 presby-

264 5543 391 5595 teris
419 5557 530 5596 esse
567 5541 813 5610 majores,
857 5555 907 5598 et
927 5547 983 5599 in
1015 5562 1284 5599 commune
1313 5534 1492 5597 debere
1534 5543 1822 5598 Ecclesium

264 5647 456 5701 regere,
482 5630 748 5685 imitantes
782 5632 1016 5702 Moysen,
1047 5637 1156 5705 qui,
1202 5653 1318 5689 cum
1353 5636 1558 5688 haberet
1587 5637 1640 5686 in
1679 5644 1824 5704 pote-

262 5731 400 5776 state
419 5719 562 5774 solus
601 5737 817 5790 prteesse
852 5725 1040 5791 populo
1068 5725 1257 5790 Israel,
1287 5727 1616 5796 septuaginta
1647 5725 1822 5797 elegit,

264 5827 380 5868 run:
424 5809 608 5885 quibus
639 5810 883 5880 populum
910 5813 1193 5882 judicarel.

1924 4646 1980 4701 S.
2007 4645 2114 4700 Leo
2134 4661 2268 4715 papa
2298 4644 2314 4696 l
2347 4645 2603 4698 omnibus
2636 4645 2906 4713 episcopis
2932 4645 3177 4698 scribens
3204 4640 3493 4708 (epist;88;

1924 4736 2105 4801 Luam,
2137 4746 2175 4790 t.
2228 4735 2312 4800 Ill,
2373 4751 2493 4806 pag.
2554 4736 2712 4802 L394)
2770 4734 3013 4808 eamdem
3063 4730 3383 4784 sententiam
3431 4733 3500 4786 de

1923 4827 2326 4896 chorepiscopis
2355 4835 2409 4878 et
2444 4822 2773 4892 presbyteris
2807 4820 2998 4883 tenuit,
3038 4829 3095 4872 ut
3130 4821 3333 4888 pariter
3366 4836 3494 4889 pro-

1923 4918 2100 4987 prium
2135 4916 2353 4968 modum
2395 4917 2748 4980 cognoscant,
2787 4922 2888 4962 nec
2933 4907 3240 4977 episcopale
3281 4910 3502 4977 privile-

1922 5007 2069 5075 gium
2096 5017 2363 5071 usurpare
2393 5006 2741 5068 prmsumant.
2774 4996 2876 5051 Sed
2913 4995 3048 5051 etB.
3084 4997 3336 5052 Gelasius
3359 5015 3496 5067 papa

1917 5096 1971 5148 in
1999 5091 2231 5146 decretis
2253 5090 2367 5144 suis
2395 5089 2630 5158 capitulo
2659 5089 2692 5141 6
2717 5086 2922 5156 (I..\nn.,
2950 5097 2988 5142 t.
3035 5086 3122 5151 IV,
3169 5103 3288 5156 pag.
3336 5087 3495 5152 1189)

1915 5181 2246 5238 enumeratis
2285 5181 2392 5242 his,
2436 5194 2556 5249 quae
2584 5180 3024 5248 presbyterorum
3059 5177 3233 5230 ollicio
3271 5188 3493 5239 compe-

1925 5281 2045 5326 tunt
2089 5271 2390 5339 generalem
2434 5268 2759 5346 sententiam
2800 5267 3088 5326 subinl’crt,
3125 5264 3346 5315 dicens:
3385 5259 3496 5313 Nec

1925 5368 2191 5434 presbyter
2218 5379 2430 5432 prorsus
2465 5361 2688 5423 dubitet,
2722 5361 2768 5412 si
2797 5359 3081 5427 quidquam
3107 5352 3176 5405 ad
3204 5353 3496 5420 episcopale

1886 5484 1891 5489 -
1928 5456 2279 5518 ministerium
2312 5452 2614 5521 specialiter
2637 5450 2900 5519 pertinens
2938 5460 3032 5496 suo
3060 5453 3204 5495 motu
3235 5446 3496 5510 putaverit

1927 5545 2326 5614 exsequendum,
2351 5541 2598 5595 continuo
2621 5553 2676 5590 se
2703 5533 3010 5603 presbyterii
3048 5532 3306 5600 dignitate
3327 5539 3377 5581 et
3408 5547 3496 5584 sa-

1929 5652 2018 5688 cra
2047 5631 2408 5686 communione
2435 5626 2768 5696 privandum.
2804 5622 2956 5676 Patet
2976 5635 3105 5690 ergo
3130 5621 3263 5674 satis
3283 5618 3499 5673 eviden-

1929 5732 2028 5792 ter,
2090 5728 2362 5788 quantum
2403 5713 2727 5786 episcopalis
2795 5710 3090 5765 auctoritas
3165 5709 3497 5777 presbyteris

1928 5813 2180 5873 emineat,
2203 5808 2282 5861 vel
2310 5806 2437 5878 quid
2466 5805 2571 5860 illis
2609 5804 2824 5871 penitus
2870 5812 3132 5868 usurpare
3162 5810 3268 5853 non
3314 5797 3490 5851 liceat.
