3956 6432
431 463 570 519 1Ξ·17

1407 457 1500 512 AD
1536 455 1764 514 OPERA
1804 455 1860 511 S.
1899 448 2226 511 GREGORII
2266 457 2706 516 APPENDICES.

3556 471 3699 526 1218

502 572 588 627 VI.
628 570 770 628 Sunt
799 578 981 627 tamen
1006 569 1254 642 quaedam
1285 570 1448 625 etiam
1477 570 1676 649 adhuc,
1726 549 1848 640 qua:
1888 581 2010 638 pre-
2040 568 2084 623 Α
2114 571 2325 638 uspiam
2374 573 2712 643 percipiunt,
2746 574 2839 629 sed
2865 573 2957 644 ius
2983 574 3240 633 oll’erendi
3273 580 3554 638 sacriﬁcii
3580 591 3698 640 tam

431 664 664 735 sbyteris
691 680 757 720 ex
791 663 1085 734 episcopali
1130 662 1356 717 arbitrio
1393 661 1618 717 concedi
1649 669 1901 730 possunt,
1950 666 2011 712 ut

430 755 645 824 privata
675 753 1049 809 reconciliatio
1096 752 1496 828 pomitentium,
1534 767 1660 806 nam
1709 767 1740 805 a
1789 751 2005 820 publica

433 843 882 899 reconciliatione
920 844 1064 897 sicut
1086 858 1118 896 a
1145 842 1457 898 chrismatis
1487 835 1829 897 confectione
1857 840 2012 910 peni-

432 926 525 989 tus
570 936 828 1005 prohibiti
883 935 1156 1005 leguntur.
1208 933 1450 989 Possunt
1498 934 1716 1004 quidem
1762 931 2013 1002 privatim

432 1026 718 1082 confessos
743 1027 1070 1097 ptenitentes
1107 1035 1161 1080 et
1193 1021 1531 1080 inlil'mantes
1560 1025 1936 1088 reconciliare,
1969 1016 2024 1079 si

435 1125 619 1171 tamen
647 1117 1206 1187 episcopusiusserit,
1233 1117 1390 1188 juxta
1437 1116 1586 1186 quod
1634 1115 1691 1169 S.
1734 1114 2017 1170 Evaristus

437 1223 575 1279 papa
602 1217 654 1263 et
676 1217 879 1280 martyr
905 1209 959 1263 in
981 1209 1213 1263 decretis
1244 1210 1360 1264 suis
1407 1209 1596 1278 (causa
1617 1206 1707 1272 26,
1731 1223 1785 1276 q.
1813 1206 1868 1273 6,
1894 1221 1942 1261 c.
1960 1207 2016 1278 4)

439 1301 658 1368 asserit,
690 1301 766 1356 ita
795 1301 1112 1366 decernens,
1153 1309 1212 1355 ut
1239 1301 1524 1370 presbyteri
1561 1299 1625 1353 de
1657 1299 1878 1353 occultis
1900 1316 2019 1369 pec-

439 1373 578 1446 catis
597 1391 838 1461 iussione
875 1391 1104 1463 episcopi
1143 1392 1446 1460 ptenitcntcs
1482 1390 1835 1455 reconcilient,
1864 1398 1914 1444 et
1937 1390 2020 1443 in-

439 1485 714 1553 ﬁrmantes
743 1483 1017 1536 absolvant
1044 1492 1094 1536 et
1130 1484 1527 1537 communicent.
1572 1481 1703 1536 Item
1731 1480 2020 1554 Carthagi-

444 1592 613 1632 nense
641 1575 932 1631 concilium
959 1575 1164 1642 (Lana,
1190 1562 1319 1642 t..ll,
1348 1592 1401 1646 p.
1430 1574 1588 1645 1160)
1619 1590 1738 1644 cap.
1765 1574 1795 1627 '7
1820 1573 2015 1648 [legi]

442 1656 743 1737 dicitquOd
779 1667 832 1720 in
877 1667 1122 1736 periculo
1170 1667 1335 1736 positi
1378 1682 1408 1720 a
1458 1677 1773 1736 presoytero
1808 1666 2022 1735 possint

443 1758 807 1824 reconciliari,
831 1758 1056 1814 absente
1081 1758 1305 1841 quidem
1333 1758 1611 1826 episc0po,
1653 1757 1746 1811 sed
1772 1756 2017 1825 iubente.

2115 679 2214 734 pro
2235 663 2394 732 vivis,
2424 681 2587 735 quam
2619 680 2718 735 pro
2743 664 3013 723 defunctis
3040 667 3245 738 (1114).
3600 738 3604 740 ,

2185 755 2275 809 IX.
2317 755 2383 811 Et
2409 757 2746 826 parochiales
2773 758 2991 828 quidem
3037 761 3356 832 presbyteri,
3385 763 3592 831 quibus
3621 767 3699 820 ab

2115 849 2369 918 episcOpo
2395 849 2684 918 pastoralis
2711 865 2841 904 cura
2883 850 2938 904 in
2967 851 3168 921 populo
3210 855 3602 922 committitur,
3636 874 3696 912 In

2118 939 2231 1009 ipsa
2259 940 2643 996 commissione
2668 942 2831 996 etiam
2871 943 2974 996 hos
3002 943 3094 1012 ius
3133 947 3466 1016 suscipiendi
3508 949 3697 1018 pomi-

2119 1041 2290 1088 tentes
2311 1032 2584 1102 accepisse
2619 1047 2728 1087 non
2761 1033 3097 1103 dubitantur,
3126 1039 3272 1108 quod
3295 1026 3546 1096 videlicet

2119 1123 2389 1179 tissimum
2420 1123 2485 1178 ad
2509 1123 2656 1178 illam
2686 1140 2874 1179 curam
2915 1127 3187 1196 pertinere
3212 1129 3444 1191 videtur.
3478 1131 3701 1198 Quibus

2119 1224 2298 1269 autem
2320 1215 2654 1270 consecratis
2682 1216 2990 1286 huiusmodi
3011 1233 3141 1273 cura
3163 1234 3272 1273 non
3305 1223 3636 1278 committitu
3647 1239 3701 1288 ε’,

2118 1306 2432 1375 praedictam
2478 1315 2803 1376 potestatem
2855 1323 3122 1378 usurpare
3170 1326 3280 1366 non
3324 1324 3698 1383 przesumant,

2120 1407 2412 1468 antequam
2439 1397 2520 1453 eis
2543 1391 2782 1469 episcopi
2815 1399 2920 1455 hoc
2959 1400 3263 1457 concedunt
3292 1421 3304 1456 :
3333 1418 3458 1459 nam
3481 1405 3530 1459 si
3550 1420 3701 1474 pra»-

2121 1489 2470 1559 sumpserint,
2495 1505 2554 1546 se
2577 1491 2756 1560 potius
2777 1505 2843 1546 ex
2872 1493 3291 1562 praesumptione
3309 1494 3496 1564 ligant,
3523 1511 3703 1566 quam

2121 1582 2443 1652 pmnitentes
2473 1598 2572 1638 sua
2601 1582 3045 1639 reconciliatione
3079 1585 3391 1652 absolvant;
3437 1589 3484 1642 si
3509 1597 3700 1643 tamen

2121 1673 2438 1753 simpliciter
2458 1675 2783 1744 accipientes
2804 1675 3105 1746 ignorantia
3118 1680 3559 1748 praesumptionis
3583 1697 3702 1735 non

2077 1807 2080 1810 .
2121 1772 2338 1819 accusat
2387 1764 2590 1835 (1115).
2626 1763 2815 1820 Solent
2848 1765 2995 1820 enim
3024 1767 3266 1838 episcopi
3308 1768 3400 1838 ius
3445 1769 3702 1825 reconci—

514 1847 626 1902 Vll.
667 1848 733 1903 Et
760 1849 1062 1903 notandum
1092 1849 1238 1918 quod
1266 1864 1368 1903 nec
1407 1847 1578 1916 ipsam
1622 1848 1890 1917 privatam
1936 1864 2022 1903 re-
2054 1893 2096 1946 Β
2124 1855 2290 1912 liandi
2319 1855 2705 1932 sacerdotibus.
2725 1871 2756 1911 a
2783 1857 3044 1926 pastorali
3081 1873 3212 1914 cura
3245 1860 3565 1916 vacantibus
3593 1853 3739 1917 δε(

446 1940 883 1996 conciliationem
917 1955 1196 1997 exercere
1243 1940 1630 2009 permittuntur
1681 1939 2018 2010 presbyteri,

431 2031 555 2096 nisi
590 2032 897 2101 specialiter
920 2047 985 2086 ex
1003 2031 1253 2101 iussione
1273 2032 1534 2101 episcopi.
1563 2030 1668 2101 Ipsi
1695 2031 1859 2086 etiam
1895 2047 2022 2087 san-

447 2130 550 2176 cta!
589 2119 847 2175 Romana:
897 2120 1153 2176 Ecclesiae
1193 2121 1491 2192 presbyteri
1544 2136 1654 2174 non
1702 2122 1810 2176 hoc
1851 2122 2026 2178 solent

450 2225 704 2266 exercere
743 2203 848 2265 nisi
879 2211 1172 2282 permissi;
1205 2226 1304 2267 nec
1345 2212 1448 2266 hoc
1479 2210 1757 2267 Romanus
1785 2213 2025 2281 pontifex

450 2293 728 2367 onmibus,
777 2317 928 2372 quos-
964 2301 1199 2368 ordinat,
1249 2301 1516 2368 concedit,
1561 2302 1654 2358 sed
1697 2303 2024 2372 quibusdam

417 2456 423 2469 ι,
452 2403 686 2458 tantum,
715 2409 856 2462 quos
902 2393 967 2447 ad
1021 2393 1124 2450 hoc
1172 2409 1311 2463 opus
1353 2393 1760 2463 exsequendum
1803 2394 2026 2450 idoneos

451 2500 576 2541 esse
608 2487 932 2562 praeviderit.
979 2485 1179 2541 Beatus
1202 2501 1422 2556 quoque
1444 2485 1734 2540 Anselmus
1765 2485 2028 2541 Lucensis

452 2577 742 2648 episcopus
773 2577 828 2630 in
864 2578 1176 2647 episcopatu
1202 2592 1304 2632 suo
1324 2577 1515 2650 paucis
1540 2576 1869 2647 presbyteris
1894 2592 2028 2630 con-

410 2661 412 2669 ’
455 2666 641 2733 cessit,
663 2678 722 2722 ut
750 2667 1075 2737 pcenitentes
1097 2667 1456 2736 susciperent,
1483 2666 1734 2736 quamvis
1763 2667 2029 2736 plurimos
2069 2717 2072 2721 .

459 2758 680 2812 ubilibet
707 2758 1011 2813 ordinasset
1040 2758 1245 2827 (1112).
1282 2756 1448 2813 Sieet
1487 2757 1578 2812 alii
1607 2759 1871 2815 hactenus
1915 2759 2029 2828 epi-

459 2850 610 2917 scopi
657 2850 710 2902 in
757 2851 873 2904 suis
923 2849 1324 2919 episcopalibus
1379 2848 1557 2903 facere
1610 2859 2029 2914 consueverunt,

459 2941 554 3010 qui
597 2941 965 3011 diligentiores
1017 2954 1290 2995 canonum
1324 2948 1628 2996 servatores
1677 2955 1800 2995 esse
1847 2939 2034 2996 volue-

460 3038 610 3086 runt.

533 3123 667 3178 VIII.
709 3122 1054 3193 Quapropter
1099 3122 1232 3178 satis
1258 3105 1608 3180 manifestum
1635 3137 1758 3178 esse
1801 3122 2032 3188 videtur,

2123 1961 2419 2015 penumero
2443 1947 2756 2014 concedere,
2793 1956 2852 2002 ut
2875 1949 3198 2006 venerabilis
3226 1966 3361 2020 papa
3399 1950 3707 2022 Gregorius

2125 2035 2260 2109 (VII)
2285 2045 2340 2092 et
2364 2035 2420 2091 S.
2451 2036 2742 2092 Anselmus
2784 2036 3092 2110 (Lucensis)
3119 2039 3305 2097 multis
3336 2040 3616 2108 fecerunt,
3644 2049 3708 2097 et

2124 2128 2301 2183 adhuc
2325 2127 2678 2198 quamplurcs
2710 2125 2935 2183 faciunt.
2971 2127 3123 2185 Hanc
3147 2134 3346 2201 quippe
3375 2131 3701 2187 concessio-

2125 2234 2246 2273 nem
2260 2211 2362 2272 n’os
2375 2218 2477 2287 ipsi
2495 2218 2563 2272 ab
2573 2218 2912 2273 ordinatione
2923 2228 3108 2275 nostra
3126 2220 3466 2290 suscepimus
3479 2222 3561 2290 (11
3576 2221 3668 2292 16)
3688 2240 3704 2277 :

2126 2309 2267 2364 hanc
2296 2317 2351 2364 et
2374 2309 2512 2364 alios
2543 2307 2894 2378 quamplurcs
2919 2324 2952 2364 a
2982 2310 3098 2365 suis
3128 2295 3537 2367 ordinatorihus
3572 2327 3709 2382 per-

2126 2399 2337 2469 cepisse
2362 2414 2471 2453 non
2507 2397 2842 2470 ignoramus.

2196 2487 2266 2542 X.
2305 2487 2595 2544 Sciendum
2633 2495 2843 2555 tamen,
2867 2490 3012 2560 quod
3044 2489 3104 2544 Β.
3139 2488 3501 2563 Hieronymus
3541 2501 3710 2562 pote-

2130 2589 2322 2634 statem
2352 2578 2550 2650 ligandi
2577 2588 2738 2649 atque
2768 2580 3009 2635 solvendi
3039 2589 3149 2636 tam
3187 2582 3514 2654 presbyteris
3533 2598 3708 2652 quam

2129 2669 2397 2740 episcopis
2419 2669 2784 2725 indili'erenter
2797 2671 3022 2726 ascribit
3045 2673 3100 2726 in
3121 2674 3512 2728 commentario
3537 2689 3714 2744 super

2130 2760 2460 2826 Mattlueum,
2484 2761 2575 2815 ubi
2604 2761 2734 2815 illud
2759 2763 2977 2832 exponit
3018 2782 3030 2816 :
3077 2761 3430 2833 Quodcunque
3451 2765 3712 2828 liqareris

2134 2849 2351 2919 (Matth.
2385 2853 2522 2920 xvi),
2547 2859 2602 2905 et
2625 2851 2853 2920 reliqua.
2900 2848 3094 2918 Istum,
3126 2852 3302 2922 inquit
3351 2855 3507 2924 (Opp.
3542 2863 3582 2908 t.
3611 2852 3712 2919 IV,

2133 2956 2185 3010 p.
2226 2939 2336 3012 73),
2375 2939 2546 2992 locum
2571 2939 2801 3008 episcopi
2829 2948 2876 2993 et
2914 2941 3214 3010 presbyteri
3229 2958 3331 2995 non
3354 2941 3712 3012 intelligentes

2134 3030 2337 3100 aliquid
2359 3030 2463 3084 sibi
2487 3029 2552 3083 de
2575 3028 2972 3085 Pltariswornm
2997 3032 3279 3102 supercilio
3316 3043 3615 3099 assumunt,
3651 3044 3712 3086 ut

2136 3121 2212 3175 vel
2232 3122 2478 3174 damnent
2493 3122 2810 3186 innocentes,
2835 3121 2914 3175 vel
2930 3121 3124 3176 soluere
3148 3123 3331 3176 noxios
3359 3123 3710 3188 arbitrentur,

462 3206 607 3291 quod
634 3214 934 3285 presbyteri
966 3228 1071 3267 non
1100 3222 1206 3268 tam
1238 3228 1303 3268 ex
1338 3214 1571 3284 propriae
1607 3214 2032 3270 consecrationis
2060 3213 2102 3268 C
2134 3229 2250 3266 cum
2275 3213 2416 3282 apud
2439 3211 2604 3265 Deum
2620 3228 2722 3266 non
2746 3215 3004 3267 sententia
3030 3213 3384 3279 sacerdotum,
3406 3213 3497 3268 sed
3520 3230 3709 3267 eorum

461 3304 660 3370 cilicio,
704 3320 870 3374 quam
917 3319 983 3358 ex
1015 3301 1340 3373 episcopalis
1378 3304 1751 3360 concessionis
1810 3305 2035 3360 arbitrio
2137 3305 2245 3357 rita
2270 3311 2558 3373 quaeratur.
2595 3300 2842 3372 Legimus
2882 3303 2936 3356 in
2968 3300 3197 3358 Leuitico
3230 3304 3296 3358 de
3337 3304 3580 3374 leprosis,
3618 3302 3715 3358 uti

465 3395 786 3465 paenitentes
824 3394 1174 3450 reconciliare
1203 3395 1397 3449 solent.
1433 3392 1489 3447 Si
1530 3395 1672 3448 enim
1709 3394 1813 3450 hoc
1852 3394 1928 3449 illi
1969 3411 2037 3450 ex
2127 3393 2397 3472 jubentur,
2421 3401 2483 3462 ut
2525 3391 2801 3447 ostendant
2839 3409 2894 3447 se
2931 3394 3320 3466 sacerdotibus,
3353 3395 3472 3448 etsi
3504 3393 3717 3464 lepram

467 3485 690 3554 prOpria
729 3485 1140 3540 consecratione
1194 3484 1454 3539 haberent
1497 3493 1558 3538 ut
1600 3483 1862 3553 episcopi,
1911 3501 2034 3540 cum
2137 3484 2410 3559 habuerint
2449 3483 3166 3539 tuncasacerdoteimmundi
3185 3485 3319 3552 [iant
3341 3483 3532 3540 (Leuit.
3562 3485 3711 3547 nvl;

467 3574 715 3638 eamdem
744 3575 1062 3648 presbyterii
1091 3574 1398 3643 acceperint
1424 3573 1920 3640 consecrationem,
1949 3576 2036 3630 iii-

470 3663 768 3719 hilominus
797 3671 873 3718 .et
914 3655 1160 3717 eamdem
1191 3678 1382 3717 omnes
1422 3662 1680 3740 haberent
1725 3666 2042 3720 reconcilia-

470 3753 640 3816 tionis
665 3760 1020 3828 potestatem;
1053 3767 1154 3807 nec
1177 3751 1350 3819 magis
1374 3750 1442 3804 ad
1472 3750 1596 3814 hoc,
1631 3766 1797 3820 quam
1831 3753 1898 3806 ad
1927 3752 2042 3805 otii-

471 3845 618 3899 cium
648 3843 828 3898 missae
855 3843 1215 3899 exercendum
1240 3840 1534 3910 episcopali
1563 3840 1811 3910 iussione
1840 3841 2043 3912 indige-

413 3936 426 3952 "
474 3943 616 4001 rent,
647 3936 694 3989 si
738 3935 793 3989 in
825 3935 942 4006 ipsa
979 3932 1393 3989 consecratione
1419 3932 1561 3986 hanc
1604 3939 2044 4002 potestatemynt

473 4027 542 4080 ad
565 4027 799 4081 ollieium
822 4027 1024 4091 missa),
1047 4025 1250 4080 dudum
1276 4023 1641 4092 percepisscnt
1663 4022 1865 4094 (1115).
1893 4022 2041 4089 Quo-

478 4117 640 4172 modo
667 4117 1016 4190 autemillam
1044 4118 1098 4171 in
1121 4115 1531 4171 consecratione
1552 4130 1661 4170 non
1687 4115 2040 4184 perceperint,

476 4205 635 4262 facile
655 4209 883 4278 quilibet
905 4209 1190 4278 explorare
1207 4206 1419 4276 poterit,
1432 4205 1479 4261 si
1519 4204 1740 4259 modum
1753 4220 2042 4261 consecra-

2139 3579 2240 3628 non
2259 3573 2406 3650 quod
2418 3574 2709 3627 sacerdotes
2729 3574 2956 3642 leprosos
2980 3575 3180 3629 faciant
3203 3583 3255 3629 et
3279 3573 3602 3639 immundos,
3620 3573 3715 3634 sed

2138 3665 2275 3734 quod
2303 3664 2528 3716 habeant
2567 3664 2815 3717 notitiam
2841 3664 3034 3732 leprosi
3054 3673 3110 3737 et:
3135 3680 3238 3718 non
3269 3663 3484 3731 leprosi,
3506 3670 3559 3716 et
3585 3677 3704 3730 pos-

2141 3755 2244 3807 sint
2286 3753 2598 3817 discernere,
2645 3753 2734 3821 qui
2784 3751 3044 3817 mundus,
3083 3752 3577 3822 quive/immundus
3619 3751 3711 3819 sit.

2144 3841 2414 3910 Quomodo
2437 3840 2513 3894 ibi
2552 3839 2812 3910 leprosum
2825 3841 3080 3896 sacerdos
3099 3842 3431 3908 (immundum
3458 3841 3615 3911 facit,
3638 3843 3716 3895 sic

2142 3941 2191 3986 et
2217 3932 2301 3984 hic
2335 3930 2524 4000 alligat
2551 3939 2601 3984 et
2621 3929 2777 3984 solvit
2797 3932 3069 4001 episcopus
3107 3941 3157 3987 et
3182 3933 3470 4003 presbyter,
3498 3949 3603 3986 non
3626 3949 3713 3987 eos

2142 4025 2231 4095 qui
2255 4026 2483 4078 insontes
2510 4032 2630 4076 sunt
2657 4021 2734 4076 vel
2764 4023 3000 4092 innoxii,
3031 4025 3122 4080 sed
3142 4041 3237 4094 pro
3261 4026 3426 4096 ofﬁcio
3449 4042 3566 4092 suo,
3592 4042 3714 4080 cum

2143 4124 2472 4185 peccatorum
2502 4114 2735 4168 audierit
2760 4116 3057 4181 varietates,
3097 4117 3197 4170 scit
3219 4117 3324 4186 'qui
3343 4115 3592 4186 ligandus
3617 4117 3712 4179 sit,

2144 4208 2234 4276 qui
2265 4204 2576 4259 solvendus.
2636 4203 2770 4259 Item
2823 4203 3186 4277 Hieronymus
3240 4206 3308 4260 ad
3340 4203 3712 4275 Heliodorum

480 4295 647 4350 tionis
674 4311 864 4352 eorum
890 4300 1173 4368 diligenter
1201 4297 1547 4352 considerare
1574 4295 1828 4370 voluerit.
1859 4295 1914 4350 in
1936 4311 2045 4366 quo
2147 4297 2320 4367 (epist.
2348 4296 2402 4362 5,
2426 4282 2586 4364 Opi»,
2609 4303 2648 4349 t.
2679 4292 2772 4362 IV,
2806 4310 2860 4365 p.
2887 4310 2947 4362 ιι,
2980 4310 3035 4365 p.
3073 4295 3163 4366 Ill)
3192 4315 3208 4350 :
3235 4295 3606 4365 Milti,inquit,
3634 4311 3714 4355 se-

443 4401 589 4455 ‘trou
625 4401 779 4454 (more
817 4387 1196 4457 episcoporum
1237 4387 1329 4458 ius
1372 4385 1573 4458 ligandi
1611 4393 1774 4460 atque
1802 4386 2045 4442 solvendi
2146 4388 2267 4463 dere
2293 4395 2416 4442 ante
2454 4385 2812 4456 presbyterum
2849 4401 2952 4439 non
2984 4384 3152 4439 licet:
3179 4385 3288 4451 illi,
3315 4385 3375 4447 si
3413 4400 3714 4452 peccavero,

1968 4531 2126 4585 ,Β

554 4621 738 4695 (1112)
777 4621 1022 4695 Gregorii
1050 4618 1141 4695 VII
1160 4628 1413 4695 strenuus
1439 4617 1655 4695 adiutor
1685 4618 1788 4695 fgit
1812 4619 1904 4694 hic
1935 4621 2052 4695 An:
2149 4638 2268 4695 cum
2288 4623 2528 4695 oratione
2554 4621 2836 4695 conjuncta
2861 4620 3104 4695 nec_olit_n
3123 4619 3369 4695 sole_mn_is
3389 4619 3445 4695 in
3470 4617 3712 4695 Ecclesia

485 4684 913 4762 selmusfcuiug
934 4692 1044 4746 vita
1070 4689 1341 4758 descripta
1383 4684 1559 4743 exstat
1601 4684 2052 4762 in._Tengnagelii
2151 4692 2275 4761 fuit,
2316 4707 2435 4762 cum
2477 4689 2542 4745 de
2587 4684 2662 4743 ea"
2685 4689 2903 4762 antiqua
2945 4687 3155 4762 Latina.-
3201 4687 3455 4762 Ecclesig
3490 4688 3714 4743 ritualia

481 4755 800 4818 collectione
816 4755 1311 4816 'Monumentoruin
1345 4767 1532 4829 contra
1575 4755 1955 4829 schismaticos
1995 4773 2053 4827 p.
2149 4755 2270 4814 ante
2291 4759 2656 4829 duodecimum
2679 4755 3157 4829 sceculum‘scripta
3176 4759 3344 4813 altum
3368 4759 3594 4829 sileant;
3627 4775 3716 4812 nee

485 4833 580 4896 8'5,
605 4832 819 4899 agitque
846 4833 912 4886 de
933 4847 1000 4887 eo
1033 4830 1231 4900 saepius
1253 4828 1551 4884 Bernoldus
1577 4835 1766 4900 noster
1787 4826 1842 4881 in
1875 4826 2052 4900 Chro-
2150 4831 2437 4900 etiamnum
2476 4827 2540 4882 ab
2568 4829 2806 4900 omnibus
2840 4826 3162 4900 observatur,
3199 4845 3320 4900 cum
3357 4830 3416 4883 in
3441 4827 3652 4900 Gracia
3665 4835 3715 4883 et

489 4895 906 4971 piem—maxime
943 4901 1011 4955 ad
1051 4895 1253 4955 annum
1301 4900 1475 4965 1066,
1517 4913 1626 4968 quo
1669 4897 1788 4968 eius
1836 4895 2049 4951 obitum
2158 4896 2372 4971 Qrienie
2393 4899 2848 4971 prwtermittgtur.
2877 4897 3043 4971 _A_tqui
3085 4899 3282 4971 sagulo
3323 4899 3502 4971 adhuc
3540 4897 3713 4954 uades

489 4967 673 5024 refert.
950 4985 953 4987 ·
995 4987 997 4989 ί
1534 4965 1552 4968 “
1700 4965 1710 4968 ⁷
1922 5035 1925 5036 ν
2154 4969 2297 5024 eimo
2330 4965 2442 5022 haec
2458 4966 2676 5036 scripsit
2700 4965 3036 5023 Bernaldu's.
3137 4965 3188 4990 ⁷⁷
3420 4966 3434 4986 ’⁷
3487 5025 3504 5036 λ
3737 4998 3752 5013 ο

560 5035 744 5107 (1115)
779 5036 1114 5109 Acceperunt
1135 5037 1410 5093 enimvero
1437 5045 1722 5109 utramque
1747 5036 1801 5090 in
1835 5035 2053 5109 ordina-
2227 5036 2409 5109 (1115)
2441 5034 2676 5091 Omnino
2717 5037 2804 5093 hic
2844 5039 3129 5109 legendum
3149 5037 3362 5109 videtur
3378 5034 3620 5099 excusat,
3652 5039 3716 5109 ⁸ιιι

491 5103 659 5173 tione,
699 5103 1054 5176 posteriorem
1099 5106 1536 5176 tamennonnisi
1578 5103 1650 5173 ei
1688 5106 1905 5174 licentia
1956 5122 2051 5162 seu
2159 5103 2250 5165 hic
2278 5107 2349 5162 sit
2368 5103 2585 5172 sensus,
2624 5121 2752 5162 eum
2785 5103 3048 5164 non'esse
3069 5107 3436 5176 absolutum;
3463 5103 3712 5176 peccatis,

2133 5201 2139 5207 ο
2159 5178 2251 5249 qui
2275 5177 2452 5249 sciens
2468 5177 2752 5249 conﬁtetur
2772 5177 3086 5249 presbytero
3098 5174 3339 5249 nondum
3353 5172 3423 5227 ab
3440 5172 3711 5249 episeono.

2159 5241 2220 5302 tit
2243 5247 2410 5317 modo
2435 5245 2734 5317 loquimur,
2760 5241 3087 5317 approbato;
3117 5241 3256 5298 bene
3281 5257 3434 5317 vero,
3461 5241 3509 5297 si
3547 5243 3603 5299 id
3630 5241 3713 5317 'fe-_

2159 5263 2220 5302 ιιι
2243 5263 2404 5302 moao
2436 5263 2490 5301 ιο
2533 5263 2734 5313 uimur,
2760 5263 3087 5317 approoaw;
3119 5263 3256 5298 nene
3281 5263 3434 5309 vero,
3461 5263 3509 5297 SI
3547 5263 3603 5299 lu
3643 5263 3713 5297 ie—

2156 5315 2310 5394 cerlt,
2333 5263 2612 5394 bona
2641 5315 2815 5394 illum:
2829 5314 3188 5394 approbatum
3211 5311 3551 5394 esisdnians,
3573 5312 3713 5394 quod

2157 5380 2340 5457 plures
2356 5385 2600 5457 theologi
2624 5380 2840 5457 docent,
2864 5380 3138 5438 delectum
3161 5380 3558 5452 iurisdictionis
3595 5380 3715 5438 hinc

2161 5452 2576 5534 renisus-sim
2587 5452 3181 5534 servierietameewe:

2260 5521 2413 5592 1116)
2450 5522 2605 5578 Patet
2630 5519 2758 5594 hinc
2773 5519 2908 5594 satis
2929 5529 3111 5589 aperte
3132 5519 3458 5594 Bernaldum
3472 5520 3712 5594 opusculi

2164 5588 2327 5658 huius
2350 5588 2627 5646 auctorem
2664 5590 2815 5643 illum
2850 5588 3027 5658 ipsum
3057 5605 3180 5648 esse
3206 5588 3552 5648 Bertholdafn
3578 5590 3712 5647 Con-

2160 5658 2506 5730 stantiensem
2522 5658 2917 5730 presbyterum,
2939 5660 3035 5730 qui
3063 5661 3117 5718 in
3135 5660 3409 5719 Chronico
3428 5661 3506 5722 ad.
3523 5671 3715 5716 annum

2164 5729 2299 5783 1081
2324 5727 2609 5783 ρειαοιηπθ
2633 5727 3000 5787 εόωεωοηιῐ.
3237 5784 3239 5787 ,
3296 5789 3314 5794 η,
3440 5771 3446 5776 .
3647 5763 3650 5768 -
3688 5757 3689 5760 η

3875 6043 3898 6066 .ῐᾶ

3745 6171 3764 6184 ο

3661 6233 3670 6242 ρ

3621 6267 3630 6274 υ

3661 6233 3670 6242 ρ

3425 6303 3554 6330 η-ηδέέ

484 5173 877 5247 approbatione
903 5173 1139 5247 episcopi
1177 5175 1530 5247 egereendam
1565 5192 1578 5226 :
1616 5189 1725 5243 quo
1751 5190 1921 5230 sensu
1965 5176 2054 5231 hic

448 5242 1320 5321 γίῖίίειέίεεξωῐιξεθέὲθείηῐιιάυε·
1406 5309 1442 5321 ..
1635 5242 1650 5321 ;
1738 5309 1772 5321 ,Α

488 5380 489 5383 γ
529 5391 534 5396 .
564 5309 691 5398 (1ίῖ
693 5317 748 5398 1)
788 5315 902 5398 Νοῖξ
919 5315 1001 5398 ,δε
1029 5314 1295 5398 mode")?
1316 5309 2056 5398 .9'I9f935l9.'}35_'_*51!“?_‘_2‘

493 5377 686 5456 quitur.
706 5377 1036 5458 Bernaldus,
1065 5399 1176 5454 quo
1219 5379 1441 5458 disertis
1466 5377 1660 5434 verbis
1677 5393 1880 5458 recens
1908 5379 2057 5458 crdis.

495 5449 634 5528 nato
655 5457 969 5528 presbytero
1004 5449 1171 5528 datur
1206 5451 1276 5506 ab
1312 5449 1565 5528 episeopo
1598 5455 1837 5528 potestas
1881 5449 2062 5528 reicit:

496 5524 641 5594 mndi
659 5515 874 5594 peceaia
892 5545 908 5593 ;
927 5524 1021 5581 sed
1047 5525 1113 5580 de
1127 5535 1279 5577 more
1292 5515 1681 5594 suiteniporis,
1702 5532 1810 5587 quo
1832 5515 2058 5570 needuni

499 5582 1078 5670 adhibitbantur'verba
1107 5594 1197 5646 illa
1223 5610 1237 5644 :
1267 5588 1478 5670 Accipe.
1499 5582 1753 5658 Spiritum
1795 5595 2058 5668 sanctum,

498 5664 719 5728 quorum
744 5666 1169 5730 remiseris,etc.,
1202 5673 1326 5716 cum
1358 5664 1513 5730 tertia
1546 5664 2058 5730 manuum_imposi-

501 5726 676 5796 tione;
702 5744 877 5799 prout
897 5726 1034 5791 inter
1051 5733 1186 5786 alios
1209 5732 1460 5786 observat
1483 5728 1751 5797 Drouvcn,
1781 5726 1858 5799 _Dc
1893 5741 1947 5778 re
1969 5741 2058 5799 ia:

502 5794 776 5869 crementa
816 5794 851 5855 t.
890 5802 952 5869 ll,
976 5803 1041 5870 ἰλ
1084 5802 1188 5856 562
1222 5821 1232 5854 :
1279 5799 1456 5854 Tertia
1506 5794 1751 5851 manuum
1793 5794 2056 5864 impositio
