3956 6436
444 426 464 485 1
475 424 577 479 £35

1418 423 1506 478 AD
1546 425 1769 481 OPERA
1811 427 1865 483 S.
1903 429 2224 485 GREGORil
2263 428 2697 488 APPEKDICES.

3556 431 3688 489 i256

439 544 530 587 tur
551 533 754 604 (1152).
779 531 908 587 Item
938 527 993 587 S.
1033 532 1270 589 Joannes
1301 550 1436 604 papa
1464 537 1645 606 (1153)
1680 538 2010 594 Ludovicum
2043 545 2085 600 Α
2113 542 2255 611 quod
2281 556 2505 623 prorsus
2535 542 2608 594 illi
2639 542 2865 596 subesse
2897 559 3002 601 non
3030 544 3310 607 debemus,
3343 559 3507 614 quem
3535 545 3689 600 indu-

442 625 821 693 imperatorem
845 640 874 677 a
892 624 1226 693 juramento,
1246 642 1355 695 quo
1377 628 1491 696 ipse
1509 626 1763 697 Adalgiso
1785 638 2015 700 tyranno

444 713 819 782 repacilicatus
855 722 959 779 est,
989 714 1239 780 absolvit,
1274 731 1341 770 eo
1373 717 1520 786 quod
1546 732 1672 772 cum
1706 719 1878 775 salute
1906 721 2014 773 rei»

442 803 673 872 publica:
701 809 1048 874 nequaquam
1078 814 1264 875 posset
1288 805 1589 862 observari.

519 955 608 1011 Vl.
649 955 708 1010 In
753 957 958 1013 nostris
991 973 1208 1028 quoque
1253 959 1589 1029 temporibus
1619 961 1773 1016 sedes
1801 970 2017 1030 aposto-

455 1047 561 1102 lica
585 1037 1054 1119 'Babinbergenses
1078 1050 1147 1103 ab
1175 1048 1515 1104 Heremanno
1534 1059 1588 1104 et
1610 1038 1952 1107 Florentinos
1985 1069 2015 1106 a

405 1169 410 1173 λ
447 1135 610 1192 Petro
638 1139 912 1208 quondam
950 1140 1220 1209 episcopis
1246 1141 1497 1206 absolvit,
1542 1157 1644 1196 nec
1687 1143 1899 1212 aliquos
1938 1139 2017 1199 eis

452 1229 608 1298 quasi
631 1229 900 1299 episcopis
946 1230 1225 1299 subjacere
1265 1231 1544 1301 permisit,
1574 1232 1787 1289 etiamsi
1814 1234 2016 1289 eisdem

447 1320 819 1390 juramentuin
852 1321 1206 1389 subjectionis
1231 1319 1505 1376 fecissent.
1541 1321 1630 1378 Sic
1654 1324 1840 1393 utique
1872 1324 2016 1379 scm-

453 1422 558 1474 per.
573 1408 869 1475 apostolica
913 1409 1208 1481 auctoritas
1239 1411 1509 1478 quoslibet
1542 1410 1883 1481 Christianos
1917 1414 2016 1468 sibi

454 1498 758 1566 specialiter
801 1479 1124 1555 commissos
1167 1499 1233 1554 de
1275 1501 1528 1556 manibus
1565 1503 1934 1572 depositorum
1967 1513 2020 1558 et

453 1589 1043 1643 excommunicatorum
1060 1589 1266 1658 absque
1291 1592 1440 1644 omni
1462 1600 1587 1646 nota
1600 1594 2019 1662 perjuriiabsol-
2082 1602 2088 1606 ’

451 1690 577 1730 vere
590 1678 887 1742 consuevit,
912 1678 1124 1734 etiamsi
1147 1678 1348 1733 eisdem
1378 1681 1617 1749 przelatis
1629 1681 2017 1752 subjectioneih

447 1761 758 1836 iuramento
785 1768 1168 1836 promiserunt.
1203 1767 1436 1823 Sanctus
1457 1785 1672 1842 quoque
1710 1770 2019 1828 Bonifacius

451 1864 657 1927 martyr
687 1865 740 1911 et
761 1859 1071 1928 episcopus,
1100 1859 1192 1928 qui
1213 1859 1418 1928 juniori
1454 1859 1714 1931 Gregorio
1735 1878 1887 1932 papa‘.
1907 1878 2021 1917 om-
2054 1874 2093 1928 Β

451 1949 726 2002 nimodam
769 1949 982 2017 jurasse
1026 1949 1223 2020 legitur
1247 1950 1628 2017 obedientiam,
1663 1967 1730 2005 eo
1773 1952 1840 2006 de
1861 1953 2016 2021 jt‘ira-

452 2047 659 2106 mento,
688 2039 781 2094 sed
821 2039 889 2093 ab
925 2039 1114 2093 eodem
1146 2041 1461 2110 apostolico,
1490 2041 1697 2096 absolvi
1733 2043 2016 2121 instantis-

452 2131 590 2204 sime
633 2132 840 2201 rogavit
873 2129 1054 2201 (1154)
1088 2149 1101 2184 :
1137 2132 1283 2200 quod
1325 2131 1513 2200 utique
1553 2139 1664 2185 tam
1689 2141 1910 2188 sanctus
1937 2135 2020 2186 vir

451 2230 507 2277 et
538 2222 756 2291 sapiens
797 2237 895 2276 cur
927 2230 1178 2291 rogaret,
1247 2221 1293 2276 si
1336 2222 1646 2291 hujusmodi
1696 2224 2019 2278 solutionem

451 2327 561 2367 non
581 2313 778 2377 valere,
808 2320 860 2367 et
885 2312 956 2366 ob
983 2313 1088 2366 hoc
1108 2311 1405 2382 perjurinm
1438 2327 1701 2368 excusare
1725 2328 1830 2367 non
1859 2329 2019 2384 posse

452 2403 707 2471 putaret?
1117 2405 1124 2410 ’

527 2530 633 2587 νυ.
667 2531 934 2588 Praeterea
979 2533 1026 2588 si
1065 2533 1350 2603 diligenter
1375 2532 1723 2587 considerare
1745 2532 2017 2599 volumus,

447 2623 818 2692 juramentum
848 2619 1204 2690 subjectionis
1233 2635 1342 2674 non
1381 2619 1519 2675 solet
1553 2619 1797 2674 exhiberi
1828 2622 2019 2690 prmia-

410 2699 414 2704 ’
451 2713 542 2779 tis,
573 2712 678 2767 nisi
727 2728 825 2782 pro
852 2719 1102 2781 respectu
1138 2711 1492 2781 prmlationis,
1529 2710 1673 2780 quod
1709 2711 1810 2765 etsi
1845 2711 1898 2764 in
1927 2711 2019 2781 ju-

456 2793 707 2859 ramento
731 2803 911 2858 verbis
931 2803 1237 2873 specialiter
1260 2817 1370 2857 non
1395 2796 1750 2872 exprimatur,
1777 2801 1829 2855 in
1864 2802 2020 2871 jura-

456 2891 600 2948 tione
641 2903 823 2949 tamen
860 2893 1372 2963 subintelligendum
1401 2907 1525 2948 esse
1564 2907 1672 2946 non
1714 2892 2018 2956 dubitatur,

453 2983 722 3048 videlicet,
754 2989 814 3036 ut
839 2984 939 3036 iste
970 2983 1046 3035 illi
1073 2982 1300 3036 ﬁdeliter
1329 2981 1627 3050 subjaceat,
1667 2981 1909 3050 quandiu
1934 2981 2022 3036 ille

457 3073 548 3128 isti
575 3072 748 3145 ollicio
788 3072 1120 3142 prtelationis
1160 3071 1465 3141 praesideat.
1504 3069 1799 3140 Postquam
1839 3078 2018 3124 autem

2116 631 2351 683 bilantcr
2369 629 2694 698 depositum,
2723 644 2789 684 ne
2813 631 2970 685 nobis
2999 645 3231 700 prmessc
3251 632 3466 698 debeat,
3496 648 3692 704 cogno-

2117 720 2339 774 scimus.
2365 717 2500 772 Nam
2537 719 2592 775 in
2625 720 2742 789 ipsa
2773 721 3035 774 canonica
3063 721 3400 790 depositione
3436 724 3688 794 prazlato-

2116 823 2239 860 rum
2273 807 2472 862 .itidem
2513 815 2567 861 et
2610 809 2984 878 subjectorum
3040 810 3311 866 absolutio
3355 814 3688 877 continetur,

2117 910 2238 964 qua:
2259 910 2472 964 semper
2506 897 2578 950 ibi
2605 897 3047 967 subintelligitur,
3083 900 3298 954 etiamsi
3329 901 3384 955 in
3421 905 3688 956 sententia

2117 984 2474 1052 depositionis
2501 984 2780 1055 signanter
2810 1002 2920 1040 non
2940 998 3345 1044 annumcrctar.
3376 988 3467 1045 Sic
3483 993 3690 1063 quippe.

2117 1071 2262 1126 Felix
2295 1074 2486 1129 beatus
2517 1089 2654 1144 papa
2684 1075 2941 1130 Acacium
2984 1079 3348 1147 patriarcbam
3378 1080 3693 1136 Constanti-

2119 1164 2490 1234 nopolitanum
2527 1165 2583 1218 in
2622 1163 2866 1220 Romana
2895 1168 3103 1237 synodo
3135 1167 3340 1238 (Lana,
3367 1179 3407 1223 t.
3433 1169 3522 1236 IV,
3563 1185 3686 1241 pag.

2121 1256 2279 1325 1095)
2306 1255 2578 1325 deposuit,
2607 1271 2705 1310 nec
2729 1257 2965 1327 aliquam
2989 1259 3360 1328 subjectorum
3388 1262 3687 1316 absolutio-

2119 1363 2242 1402 nem
2274 1348 2347 1402 ibi
2370 1347 2676 1418 specialiter
2710 1351 3176 1404 commemoravit.
3217 1350 3328 1407 Nec
3371 1354 3559 1422 utique
3589 1370 3686 1407 nc-

2119 1454 2270 1494 ccsse
2305 1437 2426 1504 fuit,
2471 1454 2596 1494 nam
2619 1439 2929 1495 nullatenus
2958 1440 3032 1493 illi
3064 1441 3316 1512 deinceps
3339 1451 3399 1496 ut
3427 1446 3688 1513 cpismpn

2119 1531 2398 1601 subjaccre
2442 1531 2758 1596 debuerant,
2788 1526 2912 1586 com
2949 1547 3048 1587 nec
3087 1533 3314 1602 subjecti
3337 1535 3456 1603 ejus
3479 1546 3686 1598 essent,

2119 1636 2278 1689 quem
2306 1621 2374 1674 ab
2394 1621 2727 1691 episcopatu,
2758 1630 2860 1676 ctc.

2190 1709 2293 1764 Hic
2329 1719 2604 1765 truncatus
2641 1723 2718 1765 est
2749 1713 2912 1766 codex
2952 1715 3154 1785 integro
3190 1716 3534 1784 quaternione
3568 1726 3688 1770 orto

2118 1803 2432 1872 paginarum
2470 1804 2666 1868 exciso,
2721 1803 2810 1856 ubi
2861 1813 2971 1856 tam
3020 1807 3145 1874 ﬁnis
3193 1807 3347 1874 Imjus
3400 1816 3687 1867 tractatus,

2119 1907 2279 1961 quam
2318 1891 2456 1945 alius
2495 1909 2654 1946 novus
2691 1894 3128 1958 continebantur;
3155 1895 3280 1965 ’φίας
3319 1897 3459 1948 enim
3495 1897 3689 1949 abii-Im-
3733 1930 3742 1936 -

2120 1992 2422 2048 sequuntur,
2455 1983 2662 2036 nonnisi
2693 1984 3040 2054 fragmentum
3073 2002 3160 2038 seu
3188 1985 3453 2039 conclusio
3492 1987 3690 2040 diversi

2120 2074 2184 2125 ab
2209 2084 2304 2126 hoc
2333 2075 2502 2143 operis
2528 2083 2650 2126 sunt
2675 2083 2724 2127 et
2753 2091 2871 2127 cum
2901 2074 2996 2128 illo
3023 2086 3332 2146 argumento
3352 2077 3688 2140 conreninnt,

2117 2163 2254 2232 quod
2280 2165 2518 2232 superius
2557 2164 2662 2218 col.
2701 2164 2857 2219 ἠῶ
2915 2165 2982 2220 de
3028 2167 3690 2238 presbyterorumloiiieio

2121 2253 2370 2306 tractavit
2425 2253 2740 2307 Bernaldns.
2803 2253 2975 2329 Hujus
3010 2256 3228 2324 quidem
3279 2259 3528 2326 opusculi
3583 2258 3692 2312 hoc

2119 2342 2281 2397 modo
2315 2343 2575 2412 deperditi
2607 2343 2876 2412 jacturain
2913 2344 3177 2409 dolemus,
3211 2345 3284 2399 ob
3311 2347 3535 2402 alterius
3558 2365 3694 2403 vero

2118 2433 2320 2488 codicis
2353 2432 2622 2488 defectum
2663 2433 2950 2488 restituere
2995 2431 3137 2489 haud
3165 2449 3480 2504 possumus.
3525 2437 3693 2491 Fmte

2120 2522 2387 2578 feliciores
2408 2531 2569 2577 erunt
2595 2524 2687 2577 alii
2713 2524 2818 2580 mei
2844 2524 3091 2595 collegae,
3137 2526 3184 2579 si
3217 2541 3314 2580 sua
3343 2527 3545 2582 scrinia
3587 2545 3690 2582 cu-

2121 2613 2295 2667 ratius
2315 2615 2678 2684 pervestigare
2703 2615 2991 2668 voluerint.

2190 2697 2596 2754 Observandum
2635 2701 2998 2756 indubitanter
3030 2705 3395 2772 przelixcrunt.
3435 2706 3549 2763 Hoc
3575 2711 3697 2763 nti-

2119 2805 2225 2859 que
2245 2791 2568 2846 venerabilis
2597 2807 2732 2861 papa
2764 2792 3058 2862 Gregorius
3083 2796 3246 2865 hujus
3268 2798 3502 2853 nominis
3528 2801 3697 2868 septi-

2121 2898 2245 2936 mus
2279 2882 2331 2935 in
2373 2897 2474 2936 suo
2507 2890 2748 2951 tempore
2782 2880 2928 2936 fecit.
2971 2880 3127 2939 Hunc
3156 2883 3215 2938 Β.
3242 2885 3534 2941 Anselmus
3576 2887 3695 2940 Lu-

2121 2971 2301 3025 censis
2319 2970 2606 3038 episcopus
2649 2969 2702 3022 in
2742 2985 2844 3024 suo
2874 2972 3184 3041 cp’scopatu
3229 2974 3428 3029 imitari
3455 2993 3697 3032 consuc-

2123 3060 2216 3113 vit.
2244 3058 2360 3113 lloc
2379 3061 2540 3112 etiam
2568 3061 3052 3117 rcverendissimus
3081 3063 3315 3119 domnus
3339 3076 3525 3120 noster
3550 3052 3695 3136 papa

455 3164 715 3234 przelatus
736 3163 1048 3233 prmlatione
1075 3161 1234 3216 fuerit
1257 3163 1528 3232 privatus,
1561 3177 1904 3232 nequaquam
1933 3161 2020 3215 ille
2049 3192 2090 3250 ϐ
2125 3150 2377 3250 Urbanus
2403 3151 2664 3250 uoltdico
2707 3151 2998 3250 Romanis,
3035 3153 3144 3207 imo
3173 3155 3417 3250 aliarum
3445 3159 3695 3226 gentium

455 3254 551 3321 qui
583 3251 858 3323 subjectus
884 3251 1005 3322 ejus
1028 3249 1129 3306 fuit
1150 3251 1520 3321 juramentum
1544 3251 1896 3322 subjectionis
1921 3251 2023 3321 ipsi

458 3347 685 3401 ulterius
707 3333 922 3422 servare
950 3343 1183 3408 debebit,
1212 3343 1355 3413 quod
1369 3343 1418 3398 ei
1444 3335 1658 3398 nonnisi
1687 3343 1754 3397 ad
1791 3341 2022 3398 ollicium

460 3431 789 3504 praelationis
819 3433 1044 3504 juravit.
1099 3431 1218 3488 Non
1261 3433 1406 3488 enim
1449 3449 1548 3503 pro
1586 3433 1820 3503 perjuris
1867 3433 2022 3487 dam-

458 3516 619 3581 nandi
648 3538 769 3582 esse
801 3525 1074 3590 videntur,
1113 3525 1424 3595 quicunque
1458 3524 1683 3594 privatis
1710 3525 2022 3594 praelatione

454 3616 827 3685 juramentum
853 3614 1208 3682 subjectionis
1243 3630 1461 3669 servare
1485 3615 1698 3681 nolunt,
1736 3615 1890 3684 quod
1915 3615 2023 3670 cis-

459 3708 604 3772 dem,
655 3707 783 3760 dum
825 3705 1031 3774 praelati
1067 3713 1280 3770 essent,
1332 3721 1431 3774 pro
1469 3705 1646 3759 cilicio
1697 3705 2028 3773 praelationis

458 3797 736 3868 quondam
772 3796 1114 3866 juraverunt.
1149 3793 1259 3849 Nec
1285 3795 1471 3864 utique
1498 3794 1726 3848 multum
1759 3802 1904 3849 esset
1931 3810 2028 3848 ne-

456 3887 778 3953 ocssarium,
803 3895 861 3940 ut
895 3878 1132 3941 Ecclesia
1157 3884 1429 3954 subjectos
1449 3885 1517 3938 ab
1537 3883 1850 3953 hujusmodi
1872 3883 2025 3953 jura-

401 3960 411 4024 ί
458 3987 706 4034 ramento
737 3978 1042 4049 specialiter
1076 3977 1328 4041 solveret,
1376 3990 1607 4046 quorum
1650 3975 1900 4045 praelatos
1937 3990 2026 4030 ca—

460 4069 654 4138 nonice
696 4069 810 4139 jam
858 4069 1228 4139 deposuisset,
1261 4066 1364 4122 nisi
1409 4074 1629 4136 propter
1666 4065 2024 4136 quorumdam

460 4157 799 4213 inﬁrmorum
823 4158 1240 4224 dubitationem,
1263 4156 1360 4226 qui
1378 4156 1433 4210 in
1457 4156 1655 4211 talibus
1680 4156 1864 4211 causis
1890 4155 2027 4210 nihil

457 4253 651 4314 putant
670 4257 872 4313 actum,
903 4247 1010 4303 nisi
1035 4247 1180 4316 quod
1211 4246 1517 4317 specialiter
1551 4245 1714 4301 fuerit
1738 4246 2026 4317 praenomi-

461 4341 670 4387 natum.
703 4335 798 4390 Est
826 4337 973 4391 enim
999 4337 1220 4392 cuilibet
1247 4335 1461 4390 erudito
1486 4337 1621 4390 satis
1647 4334 2020 4401 manifestum,

2126 3242 2480 3313 presbyteris,
2516 3241 2644 3296 item
2669 3251 2721 3296 et
2749 3243 3032 3298 monachis
3059 3245 3348 3300 concessit.
3384 3245 3695 3314 Quamdam

2122 3332 2286 3386 etiam
2326 3331 2797 3409 congregationem
2843 3332 3279 3403 presbyterorum
3328 3335 3420 3388 tali
3460 3351 3697 3393 conces-

2123 3423 2275 3477 sione
2298 3422 2614 3492 generaliter
2647 3422 2881 3476 donasse
2917 3423 3197 3477 asseritur.
3227 3422 3378 3478 lianc
3407 3441 3537 3495 ergo
3560 3441 3698 3479 con-

2123 3512 2426 3567 cessionem
2471 3520 2526 3566 et
2564 3511 2656 3565 alii
2690 3520 2947 3566 vacantes
2984 3511 3278 3582 presbyteri
3308 3514 3377 3567 ab
3419 3514 3700 3584 episcopis

2123 3601 2370 3670 accipere
2400 3615 2513 3653 non
2535 3600 2829 3669 negligant,
2845 3607 3132 3668 antequam
3154 3603 3260 3656 tale
3289 3601 3523 3656 ollicium
3546 3604 3698 3658 circa

2123 3689 2449 3758 pmnitentes
2492 3703 2745 3742 exercere
2794 3696 3142 3757 prmsumant.
3194 3688 3340 3742 Nihil
3378 3682 3527 3744 enim
3576 3691 3702 3744 reli-

2125 3777 2273 3848 gioni
2297 3778 2531 3841 nocebit,
2566 3778 2612 3832 si
2645 3795 2768 3833 cum
2793 3779 3118 3834 auctoritate
3137 3780 3373 3870 episyopi
3407 3781 3571 3836 etiam
3604 3782 3698 3837 illa

2130 3865 2410 3920 humiliter
2451 3881 2610 3938 agere
2657 3867 2993 3931 Studeamus,
3039 3883 3162 3937 qum
3203 3865 3304 3922 nos
3350 3868 3599 3924 absolute
3629 3886 3701 3926 ex

2131 3957 2304 4011 oilicio
2333 3964 2521 4011 nostro
2557 3956 2752 4010 habere
2775 3972 2880 4010 non
2901 3945 3217 4011 dubitamus
3244 3973 3255 4008 :
3283 3967 3487 4027 quanto
3520 3960 3701 4028 magis

2134 4049 2287 4118 illud,
2330 4050 2474 4120 quod
2515 4065 2752 4104 canones
2794 4065 2895 4104 nos
2929 4049 3134 4120 absque
3168 4051 3414 4120 jussionc
3451 4054 3700 4122 episccipi

2129 4156 2379 4198 exercere
2409 4155 2515 4193 non
2544 4139 2899 4209 permittunt?
2932 4137 3042 4194 Nec
3060 4140 3126 4194 de
3152 4143 3574 4210 praesumptione
3597 4158 3703 4196 nes

2124 4247 2388 4298 excusare
2409 4231 2726 4301 poterimus,
2751 4231 2796 4284 si
2811 4230 3084 4299 deinceps,
3109 4246 3232 4311 quae
3250 4232 3520 4300 prohibita
3546 4243 3700 4312 sunt,

2129 4324 2360 4379 scienter
2381 4332 2435 4386 et
2459 4322 2828 4388 inobedienter
2853 4324 3118 4398 usurpare
3137 4307 3499 4376 tentabimus.
3599 4334 3604 4339 '

534 4464 716 4536 (usa)
757 4464 898 4530 vn,
921 4481 1048 4520 mox
1066 4446 1196 4536 nota
1223 4466 1380 4521 1229.
1424 4465 1551 4536 Scio
1578 4439 1694 4522 haec
1719 4466 1922 4536 passim
1965 4465 2034 4519 ab

2133 4469 2364 4536 candide
2395 4465 2666 4536 testatur,
2710 4453 3019 4536 Pippinum_
3053 4443 3371 4536 αιρώὶο
3428 4459 3482 4508 in
3530 4474 3704 4536 regem

461 4525 587 4588 aliis
620 4525 839 4604 quoque
869 4525 1113 4600 narrari;
1143 4544 1200 4604 at
1220 4535 1350 4603 quid
1377 4550 1516 4604 opus
1536 4525 2028 4590 fuisset'taﬁ‘abso-

465 4602 668 4659 lutione
696 4602 791 4674 per
819 4603 1151 4674 Stephanum
1178 4602 1442 4668 faeienda',
1476 4605 1521 4658 si
1547 4604 2026 4674 Childericus‘au-

465 4669 713 4729 ctoritaté
747 4669 1020 4727 Zachariae
1053 4673 1171 4740 ejus
1197 4674 1559 4727 antecesseris
1586 4672 1864 4742 depositus
1895 4669 2030 4742 {uis-7

467 4745 579 4798 set?
609 4743 776 4812 Major
811 4745 992 4812 itaque
1012 4739 1149 4797 ﬁdes
1186 4743 1430 4796 habenda
1461 4739 1672 4796 videtur
1700 4739 2029 4812 Theophani

469 4811 715 4883 quamvis
750 4822 955 4878 extero,
988 4813 1079 4882 qui
1107 4813 1250 4883 quod
1284 4812 1569 4883 domestici
1589 4811 2027 4883 _scriptores_n_o_n

473 4877 757 4945 audebant,
787 4885 839 4936 in
872 4898 972 4936 sua
993 4877 1554 4953 chronographialed.
1583 4877 1782 4945 Paris.,
1805 4895 1860 4949 p.
1901 4877 2027 4948 558)

688 5024 1965 5050 πω

2132 4527 2495 4596 Childericum
2523 4525 2753 4596 admisso
2782 4523 3278 4596 fuisseabsolutum
3318 4540 3347 4577 a
3370 4541 3508 4595 papa
3535 4523 3707 4596 (Hoc-

2133 4613 2292 4660 quer.
2329 4594 2570 4658 Collect.,
2606 4601 2646 4645 t.
2684 4591 2747 4657 ν,
2774 4607 2825 4662 p.
2855 4591 2996 4662 187).

2202 4665 2402 4746 ςὶιζξξῑ)Δ
2425 4663 2480 4717 lii
2511 4668 2574 4718 ad
2599 4659 2924 4746 annon—r87!
2957 4659 3123 4715 refert
3146 4661 3557 4746 iicrrnannu‘s-et
3589 4667 3707 4746 Atat

2131 4723 2280 4790 nales
2306 4723 2569 4788 Metcnses
2589 4751 2607 4802 γε
2635 4733 2778 4800 quod
2805 4741 3123 4802 tamennon
3159 4748 3187 4785 a
3211 4731 3423 4802 Joanne
3443 4733 3579 4802 \‘lil,
3607 4723 3707 4790 έέιῖι

2136 4807 2204 4859 ab
2231 4805 2471 4858 Adriano
2509 4802 2549 4855 11
2579 4801 2924 4874 factumesse
2946 4801 3181 4874 ‘allirmat
3209 4801 3425 4874 [:agius.

2208 4875 2390 4944 (1134)
2430 4873 2724 4942 Gregorius
2751 4867 2791 4924 li
2815 4886 2908 4925 seu
2937 4871 3123 4940 junior
3145 4870 3183 4925 S
3221 4867 3561 4927 Bo'nifacium
3588 4871 3710 4928 Mo-

1976 5021 2234 5034 .___—_——

1135 5017 3417 5057 MM
2044 5017 3417 5052 ____——-——————--——-‘

1617 5129 2564 5262 BEBNALDI

510 5299 924 5360 manuus
955 5297 1043 5358 DE
1080 5263 1628 5352 nsoaoimrionn
1659 5293 1982 5372 Virrium,
2016 5293 2104 5372 nr
2139 5292 2230 5347 ns
2267 5291 2537 5348 suum
2561 5289 3077 5356 :rsnvumsun,
3118 5287 3234 5354 QUI
3277 5285 3367 5340 an
3403 5281 3676 5344 exemi;

1065 5392 1067 5394 ’
1479 5379 1481 5381 ’
1583 5383 1958 5440 MUNICATIS
1990 5381 2352 5438 BABTIZATI
2389 5381 2591 5450 SUNT,
2899 5391 2903 5396 ’

1273 5515 1280 5521 -
1309 5478 1396 5541 Ad
1440 5469 1845 5539 Gebhardum
1881 5473 2249 5552 episcopum
2278 5474 2832 5536 Constantiensem

1885 5601 2286 5702 MONlTUM.

550 5741 678 5798 Non
719 5746 948 5816 legimus
971 5742 1638 5816 Gebhardum‘aliquando
1664 5740 1872 5816 Italiam
1898 5735 2200 5816 accessisse
2230 5744 2355 5816 ante
2381 5744 2584 5788 annum
2617 5731 2914 5816 llQanuo
2942 5734 3074 5790 obiit
3100 5734 3720 5816 BeroaldushquLhanc

482 5811 549 5863 ad
579 5829 700 5869 eum
730 5802 1011 5885 epistolam
1042 5814 1292 5883 scripsit,
1325 5814 1376 5866 in
1407 5802 1514 5882 qua
1546 5811 1865 5865 sententiam
1894 5809 1962 5862 de
1991 5805 2345 5860 sacramentis
2371 5803 2959 5868 excommunicat‘orum
2986 5846 3000 5872 ,
3030 5821 3193 5874 quam
3223 5802 3489 5876 Opusculo
3525 5802 3573 5856 ll
3601 5813 3716 5858 sta-
