3956 6366
531 324 669 377 I239

1497 317 1587 370 AD
1623 314 1847 371 OI‘EIlA
1891 313 1946 368 S.
1991 312 2316 367 CIllitZORII
2357 311 2797 368 APPENDICES.

3647 335 3784 386 litin

529 453 724 495 uorum
759 439 811 491 in
840 436 1072 492 det-retis
1102 435 1218 489 suis
1249 433 1432 503 (ιω.
1465 476 1478 499 ,
1531 435 1569 486 l.
1623 450 1671 488 c.
1703 476 1718 499 ,
1766 449 1886 506 pag.
1943 431 2104 501 liii)
2135 436 2180 490 Α
2206 430 2416 484 nullum
2445 431 2511 484 de
2541 430 2646 495 his,
2670 448 2808 501 quos
2831 431 2912 483 vel
2941 428 3234 500 baptizavit
3253 429 3508 495 Aeacius,
3540 431 3619 483 vel
3645 449 3788 498 quos

528 529 906 583 venerabiliter
961 526 1200 597 suscepit
1232 568 1247 590 ,
1305 542 1412 581 non
1469 525 1801 580 reordinavit
1854 523 2036 594 (1159)
2083 541 2095 576 :

527 636 688 690 quem
726 628 906 674 tamen
933 619 1050 688 ipse
1077 619 1146 671 ab
1173 616 1654 672 excommunicatis
1695 623 1749 670 et
1783 615 1837 668 in
1873 629 2097 669 excern-

528 709 895 765 municatione
923 708 1233 763 ordinatum
1260 707 1585 772 declaravit,
1616 707 1774 775 cujus
1804 704 2099 758 ordinatio—

529 813 654 856 nem
699 815 802 854 nec
845 800 1313 856 consecrationem
1357 797 1643 852 dicendum
1674 813 1793 851 esse
1824 795 2094 856 asseruit,

528 891 605 944 ita
635 898 965 960 protestatus
995 909 1008 944 :
1042 889 1216 955 Quam
1249 906 1373 953 rem,
1406 888 1599 958 inquit,
1631 887 1776 940 nullo
1804 887 1954 938 modo
1974 902 2097 954 pos-

527 997 708 1034 sumus
735 981 906 1036 dicere
936 983 1399 1045 consecrationem,
1430 981 1552 1049 quia
1583 977 1646 1030 ab
1675 979 2098 1031 excommunica-

531 1072 598 1124 tis
627 1071 886 1126 celebrata
913 1081 1011 1125 est.
1043 1069 1199 1125 Hunc
1226 1079 1406 1124 tamen
1437 1070 1552 1139 ipse
1574 1084 1894 1123 conversum
1926 1078 1978 1121 et
2006 1083 2100 1136 per

527 1162 900 1231 ptenitentiam
929 1169 1216 1233 purgatum
1247 1176 1374 1215 cum
1402 1159 1592 1214 ordine
1623 1159 1843 1228 recepit,
1875 1175 1982 1212 non
2014 1172 2097 1210 re-

527 1252 814 1320 ordinavit,
844 1267 912 1306 ne
940 1251 1017 1306 illi
1045 1266 1157 1306 suae
1185 1249 1466 1306 sententia:
1493 1249 1878 1319 quoquomodo
1907 1248 2098 1301 adver-

526 1353 758 1409 saretur,
789 1343 844 1398 in
872 1359 980 1413 qua
1011 1342 1470 1397 reordinationem
1498 1341 1714 1412 penitus
1760 1349 1817 1393 ut
1865 1339 2096 1407 rebaptio

527 1433 791 1487 sationem
815 1433 1205 1504 proscripsisse
1231 1432 1458 1499 videtur,
1489 1433 1738 1487 videlicet
1765 1447 1928 1501 quam
1959 1431 2094 1485 seri-

523 1522 602 1576 hit
627 1523 692 1576 ad
722 1521 982 1577 Joannem
1013 1523 1484 1593 archiepiscopum
1525 1521 1891 1577 Ravennatem
1933 1521 2098 1589 (Gae-

520 1627 643 1666 con.
687 1614 720 1666 l.
757 1629 793 1668 ιι
813 1654 828 1678 ,
855 1613 1012 1682 epist.
1042 1613 1132 1681 ιδ)
1167 1632 1179 1666 :
1225 1611 1373 1666 Sicut
1393 1655 1408 1677 ,
1440 1612 1641 1682 inquit,
1671 1612 1826 1666 semel
1853 1611 2094 1681 baptiza-

524 1711 608 1755 tus
657 1705 850 1756 iterum
904 1703 1165 1772 baptizari
1222 1720 1323 1756 non
1377 1703 1569 1767 debet,
1631 1704 1710 1756 ita
1763 1712 2094 1756 consecratus

519 1792 678 1846 semel
704 1794 760 1846 in
787 1795 967 1848 eodem
993 1796 1176 1850 ordine
1204 1811 1304 1848 non
1334 1794 1468 1848 valet
1498 1797 1688 1850 iterum
1715 1797 2034 1849 consecrari.

590 1883 849 1940 Eamdem
883 1900 1104 1956 quoque
1132 1885 1454 1941 sententiam
1485 1886 1552 1941 de
1575 1886 1811 1941 cavenda
1839 1901 2090 1941 reconse-

518 1974 761 2031 cratione
807 1973 864 2029 S.
915 1975 1263 2032 Innocentius
1312 1991 1449 2046 papa
1499 1975 1780 2032 Naisitano
1837 1977 2090 2046 episeopo

521 2062 697 2132 (epist.
725 2063 820 2128 16;
848 2064 1032 2131 Lsam,
1058 2074 1192 2120 tom.
1218 2065 1284 2132 II,
1315 2082 1367 2134 p.
1403 2065 1562 2134 127!)
1585 2067 1828 2120 scribens
1853 2068 2094 2121 tenuisse

521 2170 629 2208 non
657 2155 961 2223 dubitatur;
987 2157 1081 2225 qui
1125 2157 1298 2211 eidem
1321 2157 1573 2226 episeopo
1595 2157 1820 2212 clericos
1851 2173 2092 2212 summo-

519 2261 646 2315 pere
680 2261 811 2302 suos
857 2247 1193 2302 reconciliari
1253 2247 1481 2312 studuit,
1524 2262 1663 2316 quos
1717 2248 1831 2302 zelo
1867 2247 2091 2317 justiliu:

449 2411 454 2414 _
518 2340 709 2394 ductos
740 2352 838 2408 pro
865 2339 1103 2409 quodam
1129 2344 1504 2393 reconsecrato
1529 2337 1584 2392 in
1614 2337 1854 2392 Ecclesia
1883 2347 2092 2392 retento

517 2430 910 2484 rationabiliter
960 2429 1200 2484 doluisse
1246 2427 1516 2498 cognovit.
1585 2425 1716 2481 Item
1773 2416 2126 2482 Africanum'

519 2520 810 2586 concilium
873 2520 1170 2589 apostolica
1236 2502 1556 2574 auctoritate
1609 2526 1993 2588 congregatum
2039 2528 2094 2572 et

519 2611 919 2677 conﬁrmatum,
943 2612 1031 2666 cui
1059 2609 1118 2664 Β.
1146 2610 1482 2680 Augustinus
1509 2608 1752 2664 interfuit
1779 2618 1834 2664 et
1852 2610 2091 2664 subscri-

519 2702 657 2771 psit,
687 2702 925 2771 capitqu
966 2702 1032 2756 15
1070 2701 1384 2756 ﬁrmissime
1412 2699 1696 2755 constituit
1725 2709 1786 2753 ut
1810 2699 2090 2754 rcordina-

519 2787 698 2842 tiones
735 2803 887 2856 teque
914 2797 973 2841 ut
1017 2789 1470 2858 rebaptizationes
1497 2785 1714 2856 penitus
1745 2787 1859 2840 fieri
1891 2802 1999 2840 non
2028 2788 2094 2840 Ii-

521 2885 639 2931 ceat
664 2877 869 2946 (LMan
902 2886 941 2931 t.
969 2877 1035 2943 II,
1070 2893 1122 2946 p.
1156 2878 1334 2944 I641).
1363 2875 1492 2930 Item
1539 2892 1773 2932 canones
1813 2878 2091 2945 apostolo-

523 2985 643 3023 rum
671 2968 814 3039 (can.
857 2969 952 3034 6'7;
990 2967 1174 3034 Lsam,
1205 2975 1244 3021 t.
1274 2966 1294 3019 I
1327 2983 1380 3036 p.
1407 2967 1498 3036 59)
1530 2985 1542 3020 ι
1576 2962 1635 3020 Si
1661 2967 1778 3036 quis
1799 2968 2090 3037 episcopus,

2203 521 2509 576 sacerdotes
2537 522 2620 576 vel
2651 521 2842 577 levitas
2879 521 3176 577 secundum
3217 536 3454 576 canones
3485 521 3674 575 ordim
3688 525 3782 580 vit.

2204 604 2308 664 ulla
2342 628 2436 666 eos
2463 629 2529 666 ex
2567 613 2784 667 nomine
2817 613 3000 668 Acacii
3047 613 3226 683 portio
3263 612 3502 668 lmsiouis
3529 612 3790 679 attingat,

2201 719 2321 772 qua:
2347 701 2575 756 forsitan
2627 719 2720 772 per
2753 703 3000 772 iniquum
3028 701 3224 755 tradita
3253 701 3578 755 sacramenti
3607 703 3783 771 gratia

2201 794 2382 848 minus
2409 794 2562 846 llrma
2585 793 2845 846 videatur.
2873 791 3008 847 Nam
3028 801 3082 846 et
3106 791 3458 862 baptismum,
3486 792 3632 861 quod
3657 807 3761 859 pro

2201 886 2286 938 cul
2336 885 2407 939 sit
2467 887 2537 939 ab
2582 884 2822 940 Ecclesia
2865 886 2977 939 sive
3034 885 3102 939 ab
3151 885 3395 938 adultero
3436 884 3550 938 sive
3588 898 3618 936 a
3661 882 3787 936 fure

2199 975 2365 1030 fuerit
2391 976 2599 1041 datum,
2635 976 2702 1031 ad
2741 977 3123 1045 percipientem
3167 991 3366 1029 munus
3391 975 3642 1044 pervenit
3672 975 3782 1028 illi-

2201 1069 2404 1133 batum,
2428 1067 2555 1137 quia
2582 1083 2688 1122 vox
2719 1068 2827 1132 illa,
2852 1082 2974 1137 qua:
3001 1082 3096 1136 per
3114 1065 3420 1121 columbam
3452 1067 3639 1119 sonuit
3659 1080 3770 1120 om-

2200 1174 2323 1212 nem
2353 1158 2621 1214 maculam
2653 1157 2904 1212 humanae
2923 1157 3237 1226 pollutionis
3261 1157 3515 1220 excludit,
3543 1173 3651 1226 qua
3684 1157 3775 1210 d6-

2201 1249 2441 1303 claratur
2469 1257 2524 1303 et
2555 1249 2753 1304 dicitur
2779 1267 2790 1301 :
2825 1268 2852 1298 ι·
2879 1247 2977 1302 IIic
3006 1257 3106 1312 est,
3129 1247 3221 1318 qui
3246 1247 3480 1316 baptizat
3505 1247 3558 1300 in
3597 1246 3779 1316 Spirio

2198 1346 2253 1393 tu
2283 1347 2474 1394 sancto
2507 1348 2561 1393 et
2589 1339 2699 1409 igni
2731 1337 2884 1408 (Luc.
2913 1339 3016 1408 ιιι).
3050 1357 3068 1388 ι
3101 1336 3164 1391 Et
3194 1335 3315 1407 post
3336 1353 3507 1407 pauca
3536 1354 3549 1388 :
3583 1356 3601 1388 ι
3637 1337 3781 1392 Aea-

2198 1431 2338 1496 cius,
2369 1430 2528 1500 cujus
2557 1446 2756 1484 nomen
2799 1429 3032 1484 dicimus
3077 1443 3197 1484 esse
3242 1429 3598 1493 reticendum,
3633 1430 3781 1483 male.

2197 1521 2339 1575 bona
2374 1521 2735 1575 ministrando
2763 1519 2865 1575 sibi
2890 1529 3099 1574 tantum
3130 1520 3352 1585 nocuit;
3384 1535 3508 1573 nam
3545 1521 3780 1574 inviola-

2198 1612 2304 1666 bile
2347 1621 2768 1678 sacramentum,
2804 1611 2948 1681 quod
2978 1625 3074 1680 per
3115 1611 3263 1664 illum
3301 1611 3486 1664 datum
3519 1620 3623 1677 est,
3654 1612 3777 1666 aliis

2198 1696 2584 1770 perfectionem
2627 1718 2740 1758 sua:
2767 1702 2983 1757 virtutis
3019 1701 3272 1756 obtinuit.
3305 1701 3459 1768 Quod
3489 1703 3536 1758 si
3566 1712 3652 1757 est
3679 1704 3778 1756 ali-
3817 1748 3820 1750 γ

2193 1807 2427 1863 quorum
2458 1793 2513 1846 in
2543 1800 2753 1847 tantum
2778 1808 2838 1847 se
2857 1792 3154 1847 extendens
3179 1793 3395 1847 curiosa
3426 1791 3692 1862 suspicio,
3720 1804 3778 1845 ut

2202 1883 2546 1953 imaginetur,
2589 1885 2799 1954 prolato
2847 1901 2876 1937 a
2923 1884 3097 1938 Felice
3148 1898 3284 1954 papa
3323 1884 3531 1953 judicio
3561 1883 3774 1952 (Lana,

2192 1983 2233 2027 t.
2265 1973 2352 2036 IV,
2381 1990 2502 2045 pag.
2535 1975 2691 2044 1093)
2716 1984 2900 2044 postea
2927 1975 3270 2028 ineﬂicaeiter
3307 1974 3361 2029 in
3386 1975 3775 2039 sacramentis,

2193 2080 2313 2133 qua:
2355 2064 2585 2117 Aeacius
2608 2067 2907 2136 usurpavit,
2949 2066 3144 2133 egisse,
3186 2080 3248 2118 ac
3283 2065 3502 2133 perinde
3527 2081 3627 2120 eos
3660 2082 3777 2120 mc-

2194 2163 2364 2219 lch,
2393 2154 2485 2224 qui
2523 2156 2603 2207 vel
2641 2155 2694 2207 in
2726 2154 3228 2209 consecrationibus
3255 2155 3337 2208 vel
3367 2155 3419 2208 in
3445 2155 3779 2224 baptismate

2194 2242 2387 2296 tradita
2422 2241 2676 2312 mysteria
2707 2251 3085 2311 susceperunt,
3108 2257 3176 2295 ne
3202 2241 3356 2295 irrita
3395 2243 3581 2297 divina
3604 2243 3775 2298 bene-

2195 2333 2314 2386 iieia
2340 2333 2646 2397 videantur,
2671 2333 3035 2398 meminerint,
3059 2333 3115 2386 in
3145 2333 3284 2388 banc
3320 2331 3538 2404 quoque
3559 2344 3777 2404 partem

2193 2423 2441 2476 similiter
2465 2432 2752 2478 tractatum
2785 2424 3076 2493 pr:evalere
3112 2425 3466 2492 superiorem,
3498 2425 3630 2494 quia
3666 2441 3777 2480 non

2193 2512 2310 2567 sine
2341 2514 2692 2584 usurpatione
2714 2514 2950 2568 nominis
2975 2515 3264 2591 sacerdotii
3291 2516 3641 2585 adjudicatus
3673 2517 3781 2573 Ilo?-

2192 2604 2318 2674 egit,
2353 2604 2404 2657 in
2428 2619 2537 2673 quo
2557 2605 2809 2659 virtutem
2839 2619 2995 2659 suam
3023 2604 3391 2661 obtinentibus
3416 2607 3700 2677 mysteriis
3725 2608 3781 2659 in

2193 2702 2296 2756 hoc
2333 2717 2548 2771 quoque
2577 2717 2668 2755 rea
2705 2701 2807 2755 sibi
2830 2717 3084 2769 persona,
3109 2702 3230 2756 aliis
3259 2717 3367 2755 non
3392 2704 3600 2757 nocuit.
3637 2701 3777 2757 Nam

2193 2797 2260 2848 ad
2284 2795 2431 2848 illum
2447 2794 2722 2863 pertinuit,
2745 2793 2891 2863 quod
2917 2795 3045 2846 tuba
3067 2793 3320 2848 Davidica
3346 2795 3563 2849 canitur
3596 2813 3609 2847 :
3651 2793 3782 2847 «Ve-

2193 2893 2498 2938 rumtamen
2560 2881 2708 2937 Deus
2757 2881 3141 2951 conquassabit
3184 2882 3357 2950 capita
3421 2881 3780 2938 inimicorum

2194 2989 2439 3040 suorum,
2469 2981 2523 3027 et
2547 2973 2800 3028 verticem
2843 2972 3019 3041 capilli
3063 2971 3553 3042 perambulantinm
3595 2972 3655 3025 in
3683 2973 3748 3027 de.

521 3058 786 3130 presbyter
812 3059 888 3113 vel
909 3060 1164 3112 diaconus
1190 3058 1471 3122 secundum
1500 3074 1686 3110 manus
1709 3059 2091 3127 impositioncm
2119 3087 2160 3144 ε
2194 3065 2333 3120 lictis
2374 3063 2490 3120 suis
2529 3063 2710 3130 (Psal,
2768 3063 2956 3131 van).
2990 3081 3007 3112 ι
3052 3057 3210 3115 Ναιη
3240 3060 3494 3130 superbia
3557 3077 3782 3130 sempryr

520 3152 779 3220 acceperit
823 3149 888 3203 ab
924 3151 1124 3220 aliqua,
1164 3149 1458 3218 deponatur
1505 3159 1553 3202 et
1591 3151 1699 3218 ipse
1726 3159 1775 3203 et
1818 3151 2093 3204 ordinator

519 3243 632 3311 ejus
664 3240 868 3312 (1H0).
895 3239 1006 3297 Nec
1039 3242 1143 3296 hoc
1165 3249 1364 3296 temere
1378 3241 1628 3306 dixerim,
1647 3242 1794 3310 quod
1821 3257 2090 3312 nusquam

523 3335 579 3387 in
606 3332 932 3387 authenticis
960 3333 1178 3390 statutis
1208 3332 1423 3402 aliquos
1468 3347 1533 3387 ex
1569 3333 1764 3388 haeresi
1799 3349 2092 3399 conversos

523 3439 645 3476 LSSC
671 3423 898 3488 legimus
927 3424 1276 3487 ordinandos,
1321 3424 1424 3477 nisi
1470 3423 1830 3477 Paulianistas
1859 3433 1913 3477 et
1956 3424 2094 3478 alios

524 3510 868 3580 huiusmodi,
897 3512 987 3577 qui
1016 3510 1122 3564 non
1170 3527 1320 3565 more
1361 3513 1751 3567 catholicorum
1800 3513 2094 3567 invocatio-

523 3618 647 3658 nem
675 3609 874 3658 sanctze
899 3600 1181 3656 Trinitatis
1205 3599 1432 3665 faciunt,
1464 3603 1555 3669 qui
1581 3603 1745 3656 etiam
1771 3603 1966 3656 iterum
1994 3603 2093 3656 ba-

523 3694 760 3766 ptizandi
791 3703 936 3757 sunt,
965 3708 1088 3747 cum
1119 3691 1188 3746 ad
1210 3704 1312 3748 nos
1341 3690 1587 3746 veniunt.

593 3783 680 3838 IV.
712 3784 848 3839 Sunt
877 3795 1056 3837 tamen
1088 3783 1307 3852 quidam
1336 3783 1611 3853 simplices
1641 3785 1978 3855 nimiumque
2009 3803 2096 3842 ze-

523 3876 683 3941 lotes,
714 3876 806 3944 qui
831 3875 1100 3944 quoslibet
1126 3873 1179 3927 in
1215 3875 1772 3932 excominunicatione
1793 3877 2091 3946 ordinatos,

525 3972 572 4026 si
600 3971 944 4039 resipuerint,
969 3987 1075 4024 non
1099 3986 1222 4024 eum
1251 3971 1439 4025 ordine
1467 3971 1823 4041 recipiendos,
1851 3973 1944 4027 sed
1976 3988 2094 4026 om-

527 4061 657 4115 nino
689 4061 1078 4116 reonlinandos
1119 4076 1242 4116 esse
1281 4068 1471 4131 putant
1511 4079 1524 4113 :
1566 4072 1619 4117 et
1663 4064 1766 4118 hoc
1793 4063 1935 4128 ideo,
1965 4064 2092 4133 quia

527 4162 866 4209 sacramenta
917 4152 968 4204 in
1001 4154 1558 4209 excommunicatione
1594 4163 1852 4224 usurpata
1879 4155 2094 4224 penitus

527 4241 812 4297 exsutllare
837 4255 943 4294 non
965 4242 1231 4296 dubitant.
1257 4242 1362 4297 Sed
1392 4259 1493 4298 nos
1521 4245 1692 4315 magis
1714 4243 1772 4298 Β.
1802 4246 2094 4300 Anastasio

527 4331 746 4404 ρηεδιιξὲ
774 4331 1074 4400 apostolico
1101 4333 1318 4385 credere
1341 4333 1618 4398 debemus,
1641 4336 1736 4402 qui
1764 4336 1830 4389 ad
1863 4335 2095 4389 Anasta-

2154 3179 2156 3184 ·
2195 3158 2318 3224 sibi,
2373 3173 2481 3212 non
2527 3157 2649 3213 aliis
2689 3155 2818 3223 facit
2867 3156 3101 3221 ruinam,
3131 3153 3273 3224 quod
3313 3154 3568 3210 universa
3608 3157 3780 3211 ca‘le-

2195 3249 2359 3302 stium
2412 3247 2817 3318 Scripturarum
2853 3236 3086 3300 testatur
3135 3245 3460 3310 auctoriuis,
3490 3246 3640 3300 sicut
3685 3262 3783 3315 per

2198 3339 2459 3406 Spiritum
2506 3346 2754 3392 sanctum
2779 3330 2978 3405 dicitur
3010 3337 3064 3389 iu
3088 3335 3370 3406 prophetia
3422 3355 3440 3385 ι
3489 3354 3501 3388 :
3537 3333 3665 3390 Non
3693 3337 3784 3390 lia-

2194 3429 2386 3484 bitabit
2413 3429 2468 3482 in
2504 3428 2684 3481 medio
2725 3427 2932 3480 domus.
2967 3441 3121 3488 mete,
3151 3427 3244 3494 qui
3289 3423 3418 3479 facit
3457 3426 3780 3495 superbiam

2197 3517 2370 3582 (Psal.
2400 3517 2472 3584 c).
2508 3537 2526 3566 ν
2562 3515 2714 3570 Unde
2743 3529 2866 3570 cum
2891 3514 3316 3570 sibi'sacerdotis
3344 3529 3542 3568 nomen
3593 3515 3781 3568 vindi~

2197 3608 2397 3662 caverit
2429 3608 2840 3672 condemnatus,
2887 3606 2940 3658 in
2985 3605 3158 3674 ipsius
3204 3604 3458 3658 verticem
3504 3600 3784 3673 superbire

2198 3708 2378 3752 tumor
2398 3697 2632 3753 inﬂictus
2659 3705 2761 3762 est,
2800 3712 2909 3750 non
2933 3695 3168 3765 populus
3210 3693 3324 3761 Dei,
3353 3694 3447 3765 qui
3488 3695 3542 3750 in
3571 3706 3781 3767 mystc-

2197 3787 2293 3842 riis
2315 3788 2517 3842 donum
2547 3786 2718 3856 ipsius
2743 3784 2978 3850 sitiebat,
3001 3777 3254 3840 exclusus
3281 3793 3381 3839 est.
3423 3804 3440 3835 ι

2268 3878 2462 3934 Beatus
2487 3877 3004 3948 etiamAngustinus
3030 3877 3214 3932 itidem
3245 3877 3444 3931 sentire
3474 3894 3584 3932 non
3617 3880 3778 3933 dubi-

2193 3981 2358 4035 tatur,
2398 3972 2491 4041 qui
2542 3971 2608 4025 ad
2660 3969 3002 4030 Vincentium
3057 3967 3394 4024 Donatistam
3447 3970 3629 4038 (epist.
3685 3972 3773 4034 llE'a,

2192 4061 2328 4133 Opp.
2369 4071 2408 4116 t.
2434 4061 2498 4126 Il,
2523 4078 2574 4132 p.
2603 4061 2730 4132 249)
2765 4061 3010 4116 scribens
3032 4061 3103 4114 ita
3123 4068 3459 4129 protestatur
3489 4079 3502 4113 :
3535 4082 3552 4112 ι
3585 4060 3776 4116 Eccle-

2194 4153 2306 4217 siaz,
2331 4153 2525 4222 inquit,
2549 4155 2678 4207 s'nnt
2707 4151 2886 4205 omnia
2929 4139 3269 4205 sacramenta
3312 4149 3623 4216 Dominica,
3655 4151 3777 4221 qua:

2194 4247 2274 4300 sic
2297 4245 2505 4299 habetis
2532 4252 2586 4297 et
2627 4243 2786 4307 datis,
2813 4241 3088 4312 quomodo
3113 4223 3452 4295 habebantur
3476 4250 3533 4294 et
3559 4240 3774 4294 daban-

2195 4345 2307 4414 tur,
2339 4337 2502 4389 etiam
2544 4343 2836 4403 antequam
2869 4331 3119 4396 exiretis;
3156 4346 3267 4384 non
3294 4339 3480 4383 tamen
3511 4331 3640 4384 ideo
3665 4345 3773 4384 non

527 4425 671 4479 sium
727 4422 1108 4490 imperatorem
1158 4420 1401 4474 scribens
1450 4431 1786 4476 sacramenta
1843 4421 2094 4478 Ecclesiae
2126 4429 2169 4481 D
2194 4427 2426 4491 habetis,
2448 4427 2576 4494 quia
2623 4441 2734 4479 non
2771 4425 2904 4479 estis
2931 4423 3028 4490 ibi,
3063 4422 3207 4476 unde
3248 4429 3396 4487 sunt,
3428 4437 3554 4492 qua:
3605 4421 3770 4476 hahe-

527 4522 639 4566 tam
680 4511 732 4566 in
779 4509 1184 4564 ordinatoribus
1231 4523 1395 4577 quam
1427 4507 1479 4560 in
1514 4509 1776 4565 ordinatis
1815 4519 1930 4564 rata
1973 4526 2094 4564 esse

530 4604 919 4674 comprobavit,
950 4618 1072 4674 qua
1115 4601 1346 4656 Aeacius
1368 4600 1673 4670 patriarcha
1707 4599 2093 4655 Constantino-

530 4695 822 4762 politanus,
849 4693 974 4748 licet
1009 4708 1040 4746 ιι
1067 4690 1244 4746 Felice
1269 4706 1407 4761 papa
1447 4691 1757 4756 damnatus,
1787 4691 1840 4744 in
1870 4705 2091 4746 excom-

534 4784 897 4838 municatione
918 4782 1329 4837 administravit.
1354 4780 1556 4836 Scribit
1583 4781 1728 4836 enim
1755 4782 1828 4836 ita
1855 4781 1920 4836 ad
1941 4797 2095 4835 enm-

533 4875 656 4927 dem
687 4872 1064 4940 imperatorem
1095 4871 1300 4942 (Luam,
1328 4881 1367 4927 t.
1398 4870 1487 4939 IV,
1511 4887 1633 4944 pag.
1668 4871 1828 4944 1280)
1868 4890 1881 4924 :
1931 4893 1948 4924 ι
1993 4871 2091 4927 Sc—

535 4964 794 5027 cundum,
825 4961 1020 5029 inquit,
1055 4960 1304 5016 Ecclesiae
1337 4963 1616 5018 catholica
1651 4964 2096 5020 consuetudinem

535 5051 966 5112 sacratissimum
983 5049 1288 5104 serenitatis
1311 5058 1419 5105 tua:
1443 5060 1630 5120 pectus
1653 5063 1932 5124 agnoscat,
1953 5053 2099 5123 quod
2161 5060 2163 5062 ’

608 5162 789 5234 (⁷1159)
817 5159 997 5219 Hicin
1033 5159 1445 5234 codicenostro
1484 5162 1730 5230 quaedam
1761 5164 1964 5220 omissa
1991 5165 2100 5234 sint

536 5228 757 5296 necesse
773 5228 862 5290 est
881 5253 895 5300 ;
917 5245 1042 5305 quas
1061 5229 1207 5310 enim
1227 5228 1318 5286 hic
1351 5228 1881 5310 sequuntur,_neque
1902 5234 1969 5287 ad
1983 5233 2100 5310 βυτ

537 5310 810 5364 vatianum
858 5299 1033 5373 licitae
1061 5299 1128 5356 ad
1165 5299 2103 5373 Innocentiumupertinentksedad

539 5376 779 5448 Gregorii
803 5369 980 5448 Magni
1001 5378 1344 5448 temporaqet
1367 5369 1854 5448 “ordinationem
1881 5369 2100 5448 Maximi

541 5437 835 5501 Salapitani
881 5437 1138 5512 Episcopi,
1185 5441 1252 5495 de
1277 5437 1395 5512 ‘qua
1438 5439 1913 5512 idemUGregorius
1939 5440 1998 5511 (I.
2028 5458 2100 5512 iv,

541 5518 695 5584 epist.
737 5515 828 5582 20)
863 5531 875 5566 :
916 5509 1028 5584 Nos
1055 5509 1753 5584 _}:onsecra’tionem‘dicere:
1769 5511 1916 5584 nitito
1949 5509 2100 5566 modo

541 5575 847 5670 possumus}.
859 5575 1074 5670 quisae
1100 5579 1895 5670 escomlnuni‘cp‘tisfeminibus
1913 5589 1992 5670 est
2016 5597 2100 5636 ce-

549 5647 760 5711 lebrata.
803 5647 956 5711 llunc
985 5652 1161 5726 ipsum
1197 5659 1378 5707 tamen
1426 5647 1718 5709 Maximum
1755 5660 1938 5719 postea
1977 5667 2100 5710 tum

2196 4518 2287 4572 tis.
2326 4535 2345 4569 ›
2387 4515 2452 4570 Et
2475 4525 2596 4586 post
2617 4531 2788 4585 pauca
2820 4534 2833 4569 :
2873 4533 2892 4566 ι
2929 4512 3224 4569 Nobiscum
3257 4513 3391 4570 estis
3415 4513 3470 4569 in
3501 4515 3771 4585 symbols,

2200 4608 2253 4660 in
2286 4606 2577 4676 baptismo,
2609 4607 2664 4660 in
2691 4605 2900 4678 caeteris
2930 4606 3311 4674 sacramentis;
3341 4606 3396 4661 in
3437 4606 3638 4676 spiritu
3672 4622 3773 4662 ar.-

2199 4706 2306 4750 tem
2328 4697 2555 4750 unitatis
2588 4696 2716 4751 etin
2741 4696 2956 4750 vinculo
2980 4697 3158 4767 pacis,
3183 4696 3237 4750 in
3259 4697 3374 4767 ipsa
3410 4697 3655 4766 denique
3677 4712 3770 4752 ca-

2202 4786 2399 4842 tholica
2419 4783 2655 4842 Ecclesia
2701 4785 2984 4840 nobiscum
3017 4801 3126 4840 non
3157 4786 3309 4841 estis.
3339 4803 3358 4837 ι
3388 4782 3523 4840 Item
3567 4785 3628 4838 in
3657 4797 3773 4854 epi-

2201 4876 2336 4933 stola
2371 4876 2438 4932 ad
2485 4874 2705 4931 Festum
2751 4877 2922 4948 (epist.
2966 4876 3055 4944 89,
3089 4891 3145 4931 ιι.
3181 4874 3234 4944 7,
3264 4875 3302 4930 ι.
3332 4891 3407 4941 c.,
3435 4888 3563 4945 pag.
3585 4873 3771 4949 βεεν

2208 4986 2226 5020 ι
2264 4966 2468 5038 Neque,
2497 4967 2690 5038 inquit,
2714 4977 3053 5024 sacramenta
3073 4966 3451 5022 haereticorum
3475 4963 3642 5022 nobis
3667 4966 3771 5021 inL-

2202 5061 2344 5118 mica
2368 5068 2516 5129 sunt,
2542 5076 2664 5132 qua:
2706 5060 2761 5115 in
2790 5061 2898 5116 illis
2935 5060 3094 5115 nobis
3115 5065 3245 5114 sunt
3279 5056 3619 5125 cornmunia,
3645 5059 3768 5130 quia

2202 5171 2391 5244 ordine
2406 5170 2611 5244 recepit
2631 5171 2691 5244 (l.
2720 5187 2796 5236 is,
2817 5171 2976 5240 epist.
3002 5167 3112 5238 81).
3128 5133 3578 5244 Decretalisvero
3599 5167 3766 5244 sicut,

2204 5241 2332 5296 dist.
2364 5240 2455 5307 68,
2495 5235 2551 5298 οἱ
2581 5235 2928 5310 [desumpta
2968 5235 3157 5293 estex
3195 5235 3316 5308 ejus
3348 5237 3584 5309 epistola
3627 5241 3686 5310 (ι.
3711 5256 3764 5304 ιι,

2199 5310 2356 5381 epist.
2383 5305 2491 5381 ῤϐ)
2506 5310 2575 5366 ad
2599 5305 2862 5365 Joannem
2893 5305 3378 5381 Ravennatensem.

2268 5379 2288 5448 (
2296 5380 2314 5431 l
2330 5376 3029 5449 Mollntegrumcanonem
3056 5376 3198 5432 haud
3213 5379 3409 5449 (retulit
3432 5376 3739 5436 Bernaldns
3750 5419 3763 5434 .

2199 5444 2443 5528 statuitur
2465 5444 2655 5529 enini;
2692 5444 2818 5500 Nisi
2851 5446 3026 5516 utique
3053 5447 3368 5530 constiterit,
3399 5449 3545 5518 quod
3560 5449 3767 5530 αὐθω-

2200 5518 2780 5589 retictsordtnattonem
2801 5515 2988 5589 habent
3009 5534 3028 5581 ;
3049 5533 3137 5589 qui
3158 5518 3483 5589 enimabgeis
3511 5519 3764 5589 baptism

2197 5593 2249 5640 et
2277 5585 2685 5657 ordingti‘sunt,
2725 5594 2783 5639 ut
2821 5586 2999 5657 ﬁdeles
3030 5585 3108 5641 vel
3133 5587 3315 5642 clerici
3357 5587 3490 5657 sint,
3515 5585 3765 5657 ﬁerijryt

2201 5663 2387 5711 rotat.
2424 5653 2544 5712 Vid.
2570 5653 2829 5736 Drouvcn'
2853 5655 2925 5713 Dc
2950 5672 3009 5714 re
3035 5672 3294 5718 sacram,
3317 5667 3357 5712 t.
3391 5655 3460 5719 ll.
3491 5653 3618 5721 pag.
3643 5653 3762 5708 τῖε.

3863 5947 3893 6125 ι
