3956 6380
174 361 325 416 1261

1078 359 1363 415 APPEND.
1407 360 1491 413 II-I.
1533 389 1601 400 ——
1638 323 2064 414 ΒΟΧΙΪΜΕΝΤΑ
2107 357 2566 414 ΟΠΕΕΟΒΙᾹΝΑ.

3309 361 3327 412 1
3339 360 3443 414 2θῆ

165 488 294 528 non
327 473 568 527 humana
599 471 842 528 suntsed
885 470 1088 527 din‘na.
1116 469 1378 542 Proprius
1402 481 1591 526 eorum
1621 474 1776 526 error
1805 475 1848 528 Α
1875 469 2164 536 bonorum,
2191 472 2330 526 sicut
2351 472 2406 525 in
2424 471 2528 527 hoc
2550 481 2788 542 tempore
2812 469 3156 543 infatigabilis
3180 472 3441 538 charitas,

163 561 521 618 auferendus
563 571 668 627 est,
708 577 830 632 qum
871 561 1011 617 male
1045 563 1544 638 imbiberunt,lnon
1586 579 1773 618 sacra-

163 665 393 721 menta,
437 671 560 724 qua:
597 654 850 708 similiter
896 663 1241 725 acceperunt,
1290 670 1412 725 qua:
1451 656 1517 710 ad
1555 671 1771 724 ptenam

163 759 346 799 suam
365 753 586 815 portant
617 751 670 798 et
699 744 920 810 habent,
944 753 1151 814 quanto
1175 744 1450 814 indignius
1473 745 1691 808 habent,
1722 752 1777 799 et

162 847 373 892 tamen
397 837 615 891 habent.
653 855 671 886 ι
699 833 834 889 Item
858 835 913 890 in
934 834 1160 905 epistola
1188 833 1255 890 ad
1279 833 1579 890 Emeritum
1610 835 1778 890 haere-

162 928 357 981 ticum
392 928 567 996 (epist.
607 925 694 990 87,
729 941 782 980 n.
812 924 866 991 9,
897 924 933 978 ι.
969 941 1041 991 c.,
1078 941 1202 996 pag.
1226 925 1352 995 212)
1380 943 1394 979 :
1419 924 1549 989 Vos,
1577 925 1773 994 inquit,

163 1017 480 1072 mutamini
525 1032 590 1070 ex
635 1031 698 1069 ca
733 1023 887 1084 parte
933 1030 1041 1084 qua
1067 1014 1492 1079 dissentiebatis,
1523 1015 1776 1084 quamvis

163 1117 556 1170 sacramenta,
580 1122 701 1176 quas
733 1105 962 1172 habetis,
990 1121 1113 1160 cum
1149 1105 1336 1162 eadem
1361 1105 1470 1160 sint
1500 1105 1558 1158 in
1589 1106 1771 1158 omni-

165 1198 310 1263 hus,
341 1204 534 1252 sancta
561 1207 707 1251 sunt.
748 1195 1088 1269 Quapropter
1109 1211 1207 1250 vos
1229 1196 1431 1250 mutari
1460 1195 1713 1250 volumus
1745 1211 1774 1248 a

164 1287 570 1356 perversitate,
590 1288 838 1344 utdenuo
860 1288 1131 1365 radieetur
1151 1287 1402 1357 prazcisio
1414 1295 1614 1341 vestra.
1635 1284 1774 1340 Nam

163 1389 535 1436 sacramenta
593 1398 712 1452 qum
739 1397 846 1436 non
875 1382 1146 1446 mutastis,
1171 1380 1312 1435 sicut
1326 1380 1564 1446 habetis,
1583 1396 1775 1451 appro-

163 1470 392 1528 bantur
419 1490 450 1529 a
487 1474 668 1538 nobis,
701 1489 766 1527 ne
815 1471 973 1539 forte,
1007 1489 1130 1528 cum
1177 1480 1412 1526 vestram
1456 1473 1773 1542 pravitatem

161 1567 465 1635 corrigere
512 1567 788 1630 volumus,
843 1565 948 1620 illis
983 1565 1259 1635 mysteriis
1294 1564 1520 1630 Christi,
1550 1579 1672 1634 ane
1719 1565 1773 1618 in

163 1670 367 1714 vestra
399 1660 662 1729 pravitate
687 1659 976 1728 depravata
1015 1674 1124 1713 non
1157 1667 1307 1725 sunt,
1337 1660 1658 1730 sacrilegam
1695 1659 1774 1714 fa-

164 1753 398 1808 ciamus
443 1753 718 1822 injuriam.
759 1771 775 1803 ι
817 1751 948 1806 item
993 1751 1046 1805 in
1076 1752 1214 1806 libro
1253 1751 1321 1806 ad
1346 1750 1777 1807 Constantinum.

1877 571 1929 616 et
1957 565 2011 616 in
2054 563 2253 618 saeculo
2294 563 2479 618 futuro
2521 564 2626 618 vita
2659 573 2890 632 aeterna;
2928 565 3122 634 partim
3159 582 3289 622 vero
3318 583 3439 622 cum

1877 654 2034 708 malis
2061 655 2440 724 perversisque
2475 656 2805 721 communia,
2831 656 2970 712 sicut
3007 659 3189 712 omnia
3224 667 3439 726 cetera,

1877 741 1930 794 in
1955 741 2151 812 quibus
2171 751 2299 796 sunt
2327 752 2381 797 et
2418 753 2762 799 sacrosancta
2788 745 3066 816 mysteria.
3105 763 3124 799 ι

1949 831 2054 887 Sed
2094 833 2439 903 epistolarcm
2481 835 2794 890 brevitatem
2831 837 3120 892 observare
3167 855 3276 896 non
3317 857 3442 912 pos-

1877 938 2012 989 sem,
2040 924 2086 978 si
2129 925 2311 978 omnia
2351 925 2666 994 hujusmodi
2713 928 3018 983 testimonia
3051 931 3301 1002 colligere
3345 949 3445 988 vo-

1877 1011 2118 1068 luissem.
2151 1012 2415 1069 Caaterum
2445 1017 2489 1070 si
2524 1018 2648 1085 quis
2678 1017 2789 1071 haec
2817 1018 3026 1087 plenius
3047 1021 3329 1090 explorare
3349 1038 3441 1078 vo-

1876 1105 2053 1172 luerit,
2089 1106 2287 1177 scripta
2319 1107 2378 1160 B.
2412 1107 2698 1177 Augustini
2731 1119 2917 1164 contra
2964 1109 3272 1172 Donatistas
3307 1115 3443 1172 tide-

1874 1197 1997 1253 liter
2017 1208 2406 1268 perscrutetur,
2441 1209 2495 1254 ct
2518 1201 2771 1270 deinceps
2795 1201 3040 1258 dubitare
3081 1221 3189 1259 non
3217 1210 3444 1276 permit-

1876 1289 2008 1344 titur
2069 1300 2408 1346 sacramenta
2481 1290 2734 1348 Ecclesim
2786 1301 2896 1349 tam
2943 1303 3094 1350 extra
3144 1296 3439 1355 Ecclesiam

1873 1394 2038 1448 quam
2083 1379 2221 1432 intra
2263 1378 2559 1435 Eeclcsiam
2615 1381 2732 1435 dari
2789 1391 2842 1436 et
2893 1382 3076 1437 haberi
3117 1401 3296 1454 posse,
3345 1389 3439 1442 sed

1873 1477 2028 1524 extra
2080 1478 2372 1540 utrumque
2413 1471 2636 1525 omnino
2671 1461 2988 1542 perniciose.
3040 1473 3329 1546 iiucusque
3375 1478 3442 1533 de

1874 1560 2086 1616 clericis
2123 1561 2175 1615 in
2209 1564 2770 1630 excommunicatione
2796 1566 3060 1620 ordinatis

1939 1651 2009 1706 ν.
2036 1652 2110 1706 De
2131 1651 2430 1709 infantibus
2464 1670 2679 1724 quoque
2703 1655 2883 1709 itidem
2908 1656 2961 1709 in
2999 1662 3445 1714 exeommunica»

1874 1741 2021 1797 tione
2066 1743 2353 1812 baptizatis
2389 1745 2622 1815 aliquam
2652 1746 2985 1800 mentionem
3033 1748 3084 1800 in
3135 1749 3314 1802 futura
3349 1765 3441 1820 sy-

166 1847 252 1902 υε
305 1850 464 1902 mmo
500 1849 760 1918 δηριεηηο
792 1848 853 1918 (ι,
898 1847 967 1901 1x
994 1845 1155 1918 opp”
1198 1864 1320 1918 cap,
1358 1848 1413 1913 2,
1453 1864 1576 1919 pag,
1600 1847 1765 1916 523);
1804 1837 1845 1891 Β
1871 1833 2015 1887 nodo
2065 1832 2363 1888 faciendam
2394 1845 2544 1906 puto,
2586 1835 2635 1889 id
2683 1845 2783 1900 est,
2821 1837 2866 1890 si
2901 1837 3032 1891 salvi
3077 1839 3204 1906 sint,
3228 1839 3442 1895 etiamsi

173 1957 191 1987 ι
239 1938 364 1993 iioc
405 1948 490 1994 est
534 1940 764 2008 justum,
795 1948 852 1992 ut
879 1955 1005 1994 cum
1035 1940 1177 1993 mala
1214 1938 1498 1994 hominum
1524 1939 1771 2011 reproba-

166 2045 328 2094 mus,
355 2045 695 2099 quaecunque
719 2029 774 2082 in
806 2029 910 2084 illis
938 2030 1080 2085 bona
1110 2028 1206 2084 Dei
1231 2029 1558 2099 reperimus,
1581 2044 1770 2099 appro-

165 2126 400 2178 bemus.
433 2123 568 2190 Hoc,
601 2124 1068 2194 inquam,jnstum
1095 2135 1200 2189 est,
1231 2132 1290 2178 ut
1320 2125 1482 2179 etiam
1513 2124 1568 2178 in
1599 2125 1769 2181 sacri—

165 2215 302 2287 lego
327 2231 439 2271 non
463 2216 680 2281 violem,
708 2216 853 2287 quod
882 2231 1073 2271 verum
1100 2215 1318 2271 invenio
1339 2225 1764 2282 sacramentum,

169 2325 281 2363 nec
313 2309 390 2363 ita
436 2301 718 2363 emendem
769 2309 1114 2380 sacrilegum,
1168 2317 1228 2362 ut
1264 2309 1318 2362 in
1364 2324 1430 2363 co
1464 2317 1764 2378 pcrpetrem

167 2399 553 2472 sacrilegium.
593 2418 612 2450 ι
649 2398 778 2454 item
809 2400 863 2456 in
895 2400 1084 2454 eodem
1121 2400 1179 2469 (l.
1209 2415 1282 2466 c.,
1307 2414 1428 2469 cap.
1446 2399 1500 2469 '5)
1529 2418 1541 2453 :
1575 2418 1593 2450 ι
1628 2398 1764 2453 Cum

167 2492 243 2546 ad
282 2508 389 2548 nos
413 2491 560 2547 venit
588 2490 969 2547 scitismaticus
1008 2491 1091 2546 vel
1115 2490 1423 2556 luereticus,
1452 2499 1514 2544 ut
1537 2489 1767 2545 catholi-

168 2598 280 2638 cus
313 2582 428 2647 flat,
469 2581 710 2637 schisma
749 2582 872 2651 ejus
910 2590 965 2636 et
1005 2582 1258 2637 hauesim
1299 2581 1670 2637 dissuadendo
1713 2589 1769 2634 et

167 2673 514 2729 destruendo
537 2673 900 2729 rescindimus
925 2691 940 2737 ;
970 2682 1311 2728 sacramenta
1346 2689 1473 2728 vero
1495 2673 1762 2728 Christia-

171 2778 273 2826 na,
310 2764 358 2817 si
389 2763 579 2818 eadem
617 2771 683 2816 -ιιι
723 2763 817 2816 illo
856 2760 1184 2829 invenimus,
1225 2762 1574 2832 et-quidquid
1618 2762 1763 2816 aliud

173 2840 296 2905 veri
337 2861 503 2915 tenet,
531 2853 673 2907 absit
701 2861 760 2906 ut
790 2852 1077 2919 violentus,
1106 2852 1268 2918 absit,
1298 2861 1357 2907 ut
1379 2853 1426 2909 si
1454 2853 1620 2907 semel
1641 2853 1764 2907 data

172 2944 462 3009 novimus,
501 2945 778 3011 iteremus,
802 2960 869 2999 nc
907 2945 1036 2999 dum
1059 2945 1187 2998 vitia
1210 2945 1444 3000 humana
1483 2961 1762 3009 curamus,

170 3036 366 3090 divina
399 3036 792 3094 medicamenta
832 3036 1189 3102 damnemus;
1224 3044 1318 3090 aut
1351 3037 1642 3106 qnzerendo
1671 3053 1762 3090 sa-

173 3143 316 3182 nare
346 3128 493 3198 quod
522 3128 868 3182 vulneratum
922 3142 1029 3180 non
1064 3135 1167 3191 est,
1198 3127 1475 3180 hominem
1515 3127 1759 3181 saucium

171 3229 232 3273 et
250 3219 346 3273 ubi
373 3206 542 3273 sanus
564 3227 648 3273 est
675 3219 1042 3272 vulneremus.
1076 3215 1255 3271 i’Itcm
1287 3217 1339 3270 in
1372 3217 1511 3271 libro
1533 3233 1548 3271 ι
1573 3227 1762 3273 contra

162 3307 520 3374 Donatistas,
549 3308 626 3363 De
651 3310 911 3379 baptismo
937 3310 1078 3380 (cap.
1114 3309 1164 3374 1,
1194 3310 1230 3363 1.
1257 3325 1330 3373 c.,
1359 3308 1507 3378 p.80)
1537 3318 1645 3364 tam
1674 3327 1763 3366 or-

171 3398 369 3454 dinem
408 3415 576 3469 quam
630 3401 964 3470 baptismum
1017 3409 1170 3455 extra
1214 3399 1512 3455 Ecclesiam
1574 3402 1763 3456 haberi

173 3505 344 3560 posse
381 3491 744 3561 pronuntians
779 3511 792 3546 :
828 3511 846 3545 ι
879 3491 1044 3558 Nulli,
1073 3491 1269 3564 inquit,
1313 3502 1654 3548 sacramento
1681 3493 1763 3548 in-

159 3583 324 3652 juria
371 3581 618 3639 facienda
666 3593 779 3650 est;
833 3583 879 3639 si
919 3583 1147 3640 discedit
1189 3601 1221 3639 a
1259 3583 1436 3649 malis,
1473 3592 1763 3656 utrumque

161 3675 446 3741 discedit;
475 3675 522 3729 si
552 3675 936 3744 permanet.in
984 3676 1164 3742 malis,
1214 3684 1507 3746 utrumque
1550 3692 1763 3746 perma-

160 3775 290 3821 .net.
321 3785 340 3818 ι
373 3765 510 3820 Item
538 3766 593 3820 in
620 3767 810 3822 eodem
837 3766 977 3837 (cap.
1005 3767 1095 3835 15)
1129 3784 1142 3821 :
1178 3785 1195 3817 ι
1243 3763 1614 3833 Sacramenta,
1640 3784 1762 3839 qum

174 3859 519 3914 schismatici
541 3867 599 3916 et
638 3859 879 3917 haeretici
908 3874 1016 3914 non
1045 3858 1202 3914 aliter
1224 3859 1442 3925 habent,
1473 3874 1572 3917 nec
1609 3861 1763 3918 aliter

173 3959 370 4020 agunt,
408 3965 574 4020 quam
612 3965 739 4005 vera
783 3949 1049 4014 Ecclesia,
1100 3966 1224 4004 cum
1273 3951 1340 4020 ad
1387 3967 1488 4006 nos
1518 3953 1760 4016 veniunt,

159 4055 292 4095 non
322 4039 701 4108 emendamus,
727 4040 823 4096 sed
852 4039 1036 4110 potius
1063 4040 1448 4110 approhamus.
1490 4060 1508 4091 ι
1549 4040 1678 4097 Item
1705 4043 1758 4096 in

171 4132 342 4189 tertio
393 4132 534 4204 (cap.
573 4132 660 4199 l0)
707 4151 720 4186 :
758 4151 775 4184 ι
800 4130 917 4187 Non
965 4131 1085 4187 ideo
1125 4146 1234 4186 non
1266 4141 1394 4187 sunt
1422 4142 1759 4190 sacramenta

153 4222 387 4278 .Christi
405 4229 460 4276 et
473 4220 750 4288 Ecclesia,
766 4221 896 4293 quia
918 4221 998 4278 eis
1014 4222 1199 4278 illicite
1219 4230 1448 4279 utuntur
1462 4239 1570 4279 non
1584 4225 1759 4282 solum

171 4315 445 4390 haeretici,
473 4301 582 4372 sed
628 4315 792 4372 etiam
825 4316 1011 4387 .iniqui
1063 4315 1300 4372 otl‘erunt
1334 4325 1388 4372 et
1432 4317 1616 4388 impii;
1667 4319 1760 4374 sed

154 4418 363 4464 tamen
405 4409 480 4464 illi
506 4408 814 4480 corrigendi
847 4417 942 4463 aut
985 4408 1262 4476 puniendi,
1295 4407 1384 4461 illa
1427 4423 1756 4478 vero.agno-

171 4501 381 4561 scenda
404 4507 460 4557 et
483 4500 786 4554 veneranda
814 4507 960 4556 sunt.
998 4517 1016 4547 ›
1050 4497 1179 4552 Item
1207 4498 1260 4552 in
1290 4497 1480 4554 eodem
1503 4514 1621 4568 cap.
1651 4499 1714 4552 {9
1742 4518 1752 4552 :

158 4613 195 4644 -ι
230 4591 485 4648 Haeretiei
521 4599 859 4648 sacramenta
891 4599 944 4644 et
973 4587 1283 4661 Scripturas
1321 4597 1508 4645 tenent
1533 4590 1598 4644 ad
1635 4606 1757 4660 spe-

169 4683 340 4755 ciem,
385 4697 491 4737 non
532 4683 600 4736 ad
641 4683 891 4739 salutem.
931 4701 946 4730 |
976 4680 1118 4736 Item
1144 4681 1195 4735 in
1234 4681 1444 4747 eodem,
1482 4696 1600 4750 cap.
1641 4681 1748 4735 is:

176 4792 195 4822 ι
236 4770 598 4830 Sacramenta
633 4771 680 4824 si
723 4771 911 4844 eadem
953 4777 1097 4832 sunt,
1135 4769 1336 4838 ubique
1362 4777 1490 4824 sunt
1521 4767 1749 4839 integra,

113 4862 120 4870 '
169 4863 342 4916 etiam
373 4859 418 4915 si
444 4873 610 4929 prave
646 4851 1037 5006 intellig-gntum
1073 4868 1128 4912 et
1151 4857 1485 4914 discordiose
1519 4868 1752 4914 tracten-

169 4963 304 5006 tur:
329 4951 471 5006 sicut
500 4949 768 5006 scriotura
798 4951 850 5006 in
885 4951 971 5005 ius
994 4949 1268 5006 Evangelii
1305 4950 1398 5006 (si)
1421 4951 1608 5006 eadem
1638 4952 1750 5006 insa

169 4963 304 5015 tur;
329 4951 471 5006 sicut
500 4949 768 5020 scriptura
798 4949 971 5020 ipSius
994 4949 1268 5022 Evangelii
1305 4950 1398 5021 (si)
1421 4951 1608 5010 eadem
1638 4952 1750 5022 ipsa

170 5044 306 5113 (est)
334 5041 533 5110 ubique
575 5041 782 5110 integra
813 5051 915 5095 est.
941 5066 957 5092 ο
987 5041 1116 5097 Item
1151 5042 1202 5095 in
1235 5036 1450 5114 quarto,
1485 5057 1604 5111 cap.
1642 5043 1695 5095 tl
1737 5062 1748 5094 :

177 5155 196 5184 ι
225 5134 384 5188 Intus
404 5142 460 5192 et
492 5132 628 5188 foris
649 5132 976 5202 perversitas
1000 5133 1284 5187 hominum
1311 5132 1624 5202 corrigenda
1649 5142 1750 5193 est,

168 5222 359 5280 divina
387 5238 520 5283 vero
565 5230 904 5279 sacramenta
951 5230 1008 5276 et
1048 5221 1263 5292 eloquia
1299 5239 1406 5278 non
1443 5223 1754 5277 hominibus

171 5312 480 5370 tribuenda.
502 5330 521 5365 ι
539 5311 670 5368 Item
696 5314 751 5368 in
773 5315 986 5384 quinto,
1011 5327 1129 5384 cap.
1151 5296 1218 5366 i9
1241 5330 1256 5374 ;
1290 5332 1308 5361 ι
1332 5311 1474 5380 Deus
1499 5314 1752 5384 adestsa-

171 5404 472 5462 cramentis
489 5414 545 5459 et
566 5405 747 5463 verbis
768 5407 903 5472 suis,
917 5421 1010 5475 per
1027 5404 1349 5476 qualeslibet
1369 5405 1752 5462 administrcu-
1780 5444 1783 5448 ι

171 5506 287 5562 tur,
311 5508 368 5553 et
400 5503 741 5554 sacramenta
782 5495 878 5549 Dei
925 5496 1124 5566 ubique
1152 5482 1298 5550 recta
1343 5503 1490 5559 sunt,
1527 5503 1582 5549 et
1622 5488 1750 5550 mali

170 5589 424 5646 homines
448 5631 464 5656 ,
509 5588 712 5660 quibus
749 5586 885 5641 nihil
941 5596 1212 5658 prosunt,
1265 5586 1469 5658 ubique
1513 5590 1750 5656 perversi

172 5671 319 5746 sunt,
341 5699 362 5732 ι
400 5679 454 5734 id
475 5693 579 5741 εει,
604 5688 751 5734 intus
767 5686 823 5732 et
842 5675 994 5733 foris.
1013 5675 1152 5736 Item
1177 5677 1231 5733 in
1256 5677 1468 5742 eodem,
1497 5693 1621 5758 cap.
1643 5678 1746 5732 εῖτ

177 5789 196 5824 ι
234 5768 458 5830 Munera
503 5765 764 5820 divinitus
809 5780 1064 5820 concessa
1115 5766 1306 5840 partim
1359 5774 1485 5822 sunt
1533 5766 1750 5836 propria

1869 1932 1995 1979 ante
2033 1926 2528 1982 reconciliationem
2577 1927 2856 1983 obierint?
2896 1927 3047 1985 Unde
3074 1931 3230 1986 nobis
3256 1932 3437 1986 itidem

1868 2015 2162 2086 auctoritas
2197 2015 2252 2070 S.
2281 2011 2570 2087 Augustini
2605 2018 2918 2074 satisfacere
2941 2022 3156 2089 poterit,
3195 2023 3240 2077 si
3272 2021 3443 2077 fideli-

1866 2115 1950 2162 ter
2007 2107 2297 2179 legerimus
2343 2108 2473 2178 quid
2524 2110 2639 2180 ipse
2686 2112 2978 2166 censuerit.
3023 2111 3098 2166 De
3143 2113 3440 2184 majoribus

1867 2209 1990 2268 post
2012 2199 2323 2268 hujusmodi
2345 2199 2673 2270 baptismum
2697 2202 2879 2256 statim
2903 2203 3229 2259 obcuntibus
3252 2205 3443 2264 scribit

1866 2289 2049 2342 itidem
2075 2290 2148 2343 ita
2180 2290 2233 2344 iu
2264 2291 2440 2360 primo
2472 2292 2623 2346 libro
2657 2291 2730 2344 De
2754 2292 3011 2362 baptismo
3040 2296 3177 2364 (cap.
3207 2295 3259 2360 Ξ,
3291 2297 3328 2349 l.
3361 2311 3409 2348 c.

1867 2395 1987 2450 pag.
2013 2379 2103 2452 8i)
2136 2399 2149 2434 :
2187 2400 2205 2432 ι
2228 2379 2633 2452 δίιιιιρπιπΐοινιε
2660 2385 2896 2453 coegerit
2928 2394 3168 2440 extrema
3201 2389 3439 2443 necessi.

1867 2479 1981 2538 tas,
2011 2471 2103 2528 ubi
2141 2474 2489 2540 catholicum,
2521 2489 2616 2544 per
2654 2490 2815 2545 quem
2862 2477 3110 2546 accipiat,
3145 2493 3254 2532 non
3289 2479 3436 2546 inve-

1867 2563 2028 2629 ncrit,
2059 2572 2113 2618 et
2149 2565 2202 2626 in
2239 2564 2424 2617 animo
2450 2580 2582 2634 pace
2619 2565 2884 2621 catholica
2924 2568 3192 2622 custodita
3219 2553 3314 2639 per
3339 2569 3442 2624 aii-

1866 2670 2028 2724 quem
2057 2664 2208 2710 extra
2245 2656 2506 2709 unitatem
2533 2656 2855 2710 catholicam
2883 2659 3436 2729 positum-acceperit,

1865 2745 2011 2813 quod
2050 2754 2167 2800 erat
2212 2745 2265 2812 in
2309 2745 2423 2815 ipsa
2460 2746 2725 2801 catholica
2762 2749 2969 2802 unitate
3009 2759 3350 2818 accepturus,
3390 2753 3438 2806 si

1866 2837 2049 2890 statim
2091 2837 2254 2891 etiam
2297 2836 2364 2892 de
2407 2836 2507 2892 hac
2536 2837 2645 2892 vita
2688 2834 3020 2910 migraverit,
3047 2841 3264 2895 nonnisi
3311 2857 3437 2896 cum

1865 2929 2194 2984 catholicum
2224 2929 2564 3000 deputamus.
2603 2929 2660 2985 Si
2679 2940 2876 2986 autem
2906 2948 2937 2986 a
2967 2934 3233 3003 corporali
3264 2942 3442 2989 morte

1866 3018 2146 3085 liberatur,
2185 3035 2310 3074 cum
2378 3036 2437 3074 se
2484 3020 2765 3076 catholicae
2812 3025 3217 3094 congregationi
3276 3026 3441 3081 etiam

1865 3110 2152 3177 praesentia
2180 3109 2449 3179 corporali
2479 3110 2788 3178 reddiderit,
2811 3113 2954 3167 unde
2979 3129 3258 3183 nunquam
3275 3115 3439 3171 corde

1809 3189 2137 3268 3discessit,
2166 3217 2284 3256 non‘
2307 3202 2483 3272 solum
2531 3217 2640 3256 non
2691 3203 3065 3272 improbemus
3101 3205 3244 3274 quod
3291 3205 3441 3274 fecit,

1862 3291 1959 3346 sed
2005 3291 2213 3360 (etiam)
2271 3289 2618 3347 securissime
2671 3293 3058 3363 verissimeque
3105 3294 3393 3350 laudamus
3421 3339 3436 3351 .

1863 3382 1991 3451 quia
2018 3389 2336 3451 pnesentem
2360 3376 2528 3458 Deum
2553 3381 2780 3438 credidit
2803 3384 2966 3438 corde
2989 3399 3110 3450 suo,
3136 3385 3226 3438 ubi
3255 3385 3441 3441 unita:-

1865 3480 1971 3527 tem
2014 3470 2282 3536 servabat,
2328 3481 2382 3528 et
2420 3473 2538 3528 sine
2577 3474 2717 3532 sacri
2770 3475 3023 3546 baptismi
3070 3488 3437 3544 sacramento,

1864 3562 2010 3633 quod
2036 3562 2346 3633 ubicunque
2381 3564 2604 3629 invenit,
2639 3580 2746 3619 non
2776 3565 3057 3620 hominum
3084 3567 3176 3623 sed
3199 3564 3292 3623 Dei
3317 3583 3444 3624 esse

1863 3655 2135 3725 cognovit,
2169 3655 2340 3709 noluit
2364 3671 2427 3710 ex
2463 3656 2696 3712 hac‘vita
2719 3657 2971 3728 migrare.
3001 3657 3058 3712 Si
3088 3659 3211 3730 quis
3232 3670 3438 3725 autem,

1864 3760 1988 3805 cum
2022 3746 2192 3816 possit
2219 3745 2272 3798 in
2306 3744 2421 3815 ipsa
2449 3747 2710 3803 catholica
2752 3749 3045 3818 percipere,
3070 3765 3165 3819 per
3194 3749 3437 3819 aliquam

1865 3837 2495 3907 mentisperversitatem
2541 3839 2703 3908 elegit
2746 3839 2800 3893 in
2830 3840 3124 3895 schismate
3151 3841 3438 3911 baptizari,
3489 3882 3491 3884 -

1861 3926 2075 3982 etiamsi
2120 3935 2307 3996 postea
2355 3927 2539 3981 venire
2581 3927 2647 3981 ad
2685 3928 3006 3983 catholicam
3050 3931 3270 4004 cogitat,
3302 3933 3433 4004 quia

1860 4026 2043 4071 certus
2079 4024 2161 4071 est
2203 4013 2277 4070 ibi
2322 4016 2580 4087 prodesse
2627 4028 3056 4086 sacramentum,
3107 4024 3253 4094 quod
3303 4025 3436 4086 alibi

1861 4105 2078 4178 quidem
2115 4104 2285 4178 accipi
2326 4114 2524 4178 potest,
2560 4108 2818 4180 prodesse
2859 4118 3040 4167 autem
3065 4112 3202 4166 nihil
3234 4122 3436 4184 potest,

1860 4199 2048 4268 procul
2072 4198 2238 4254 dubio
2260 4213 2561 4270 perversus
2583 4210 2637 4253 ct
2671 4200 2894 4271 iniquus
2917 4189 3020 4268 εει,
3054 4210 3110 4257 et
3131 4210 3282 4260 tanto
3311 4221 3436 4276 per-

1861 4290 2142 4354 niciosius,
2176 4299 2380 4358 quanto
2409 4289 2686 4345 scientius.
2717 4309 2732 4339 ›
2770 4289 2901 4346 Item
2938 4291 2990 4347 in
3022 4302 3174 4350 sexto
3196 4296 3335 4352 libro
3357 4296 3438 4353 De

1861 4380 2118 4448 baptismo
2143 4379 2285 4450 (cap.
2301 4378 2408 4444 5,1.
2433 4395 2506 4445 c.,
2526 4395 2645 4453 pag.
2669 4379 2791 4448 165)
2815 4401 2828 4437 :
2852 4401 2870 4433 ι
2896 4382 3098 4442 Omnes
3123 4389 3250 4444 mali
3274 4391 3438 4461 spiri-

1864 4471 2080 4526 tualiter
2117 4485 2146 4523 a
2177 4469 2333 4524 bonis
2364 4470 2593 4540 sejuncti
2629 4481 2776 4537 sunt.
2814 4475 2859 4530 si
2900 4485 3078 4533 autem
3111 4481 3276 4536 etiam
3307 4497 3432 4537 cor-

1858 4561 2116 4632 poraliter
2169 4571 2354 4632 aperta
2419 4563 2759 4622 dissensione
2818 4579 3176 4638 separentur,
3219 4573 3433 4642 pejores

1859 4651 2012 4706 fiunt.
2055 4651 2158 4707 Sed
2190 4661 2250 4708 ut
2281 4649 2483 4709 dictum
2511 4664 2612 4720 est,
2657 4657 2788 4711 nihil
2818 4657 3039 4718 interest
3060 4660 3139 4720 ,ad
3175 4660 3430 4732 baptismi

1857 4744 2222 4809 sanctitatem,
2278 4745 2496 4814 quando
2549 4745 2780 4814 quisque
2836 4746 2988 4816 pejor
3039 4748 3092 4803 id
3141 4750 3336 4808 habeat
3377 4764 3437 4818 ct

1851 4843 2063 4905 quanto
2087 4835 2256 4904 pejori
2288 4835 2480 4888 tradat.
2513 4833 2696 4891 Potest
2741 4845 2920 4892 tamen
2965 4841 3174 4896 tradere
3205 4844 3430 4916 separa;

1862 4937 1969 4990 tus,
2001 4928 2141 4981 sicut
2164 4934 2340 4994 potest
2369 4927 2569 4982 habere
2593 4939 2909 4997 separatus;
2937 4932 3030 4987 sed
3055 4950 3216 5004 quam
3250 4942 3430 5008 perni-

1859 5019 2006 5072 ciose
2034 5017 2253 5082 habere,
2283 5026 2388 5071 tam
2415 5019 2716 5086 perniciose
2742 5023 2970 5077 tradere.
3001 5024 3090 5080 llle
3116 5039 3316 5091 autem.
3341 5032 3428 5084 cui

1861 5108 2041 5170 tradit,
2069 5115 2246 5178 potest
2274 5108 2564 5162 salubriter
2597 5111 2862 5180 accipere,
2895 5113 2938 5167 si
2973 5114 3085 5184 ipse
3124 5133 3230 5170 non
3267 5132 3429 5184 sepa-

1858 5207 2012 5253 ratus
2042 5197 2290 5267 accipiat,
2327 5199 2467 5253 sicut
2513 5200 2784 5271 plerisque
2817 5205 3013 5259 accidit
3033 5207 3211 5274 aliqua
3238 5223 3428 5262 ncces-

1861 5289 2018 5346 sltatc
2048 5290 2257 5344 mortis.
2293 5309 2311 5340 ι

1880 5442 1886 5454 ,
1931 5400 2017 5461 VI.
2055 5402 2110 5456 Si
2133 5403 2235 5458 hoc
2250 5418 2380 5471 ergo
2407 5405 2471 5459 de
2492 5397 2789 5474 majoribus
2811 5414 2864 5460 et
2883 5388 3200 5474 scientibus,
3225 5420 3428 5480 quanto

1835 5481 2030 5566 omagis
2085 5498 2410 5553 credendum
2447 5508 2533 5556 est
2585 5501 2651 5556 de
2704 5499 3023 5566 infantibus,
3069 5503 3161 5567 qui
3211 5503 3428 5569 penitus

1857 5584 2104 5640 hreresim
2138 5585 2406 5649 nesciunt,
2441 5603 2542 5643 nec
2580 5604 2610 5644 a
2651 5599 2902 5660 separato
2925 5592 3247 5665 baptismum
3285 5592 3428 5647 reci~

1830 5673 2053 5744 cpiunt?
2081 5673 2216 5730 Nam
2261 5679 2477 5741 aversio
2525 5680 2707 5737 cordis
2734 5682 2956 5736 ubilibet
2997 5682 3135 5737 solet
3167 5682 3447 5756 impedire

1858 5764 2058 5818 donum
2084 5765 2422 5824 remissionis
2450 5788 2462 5821 :
2496 5787 2614 5843 qua:
2645 5787 2765 5828 cum
2807 5771 2860 5826 in
2906 5772 3129 5843 parvulo
3156 5773 3427 5855 [aptium
