3956 6374
213 509 358 563 1:63

1105 482 1390 554 Al’l’ESD.
1423 499 1508 550 ιιι.
1551 528 1626 570 ην
1656 495 2080 550 nonnum
2121 494 2579 544 (alimoniam.

3346 490 3476 542 tam

204 626 378 690 llll'lsl
410 638 509 692 pro
545 622 658 691 lege
679 621 1020 679 observatur,
1046 625 1105 669 ut
1128 616 1196 668 ab
1221 613 1412 668 ordine
1444 611 1790 678 dejiciantur,
1825 613 1869 666 Α
1896 604 2098 674 aliquid
2153 601 2554 665 committeret,
2623 600 2762 653 unde
2810 598 2966 668 juxta
3026 599 3370 652 Ambrosium
3423 613 3477 655 rt

205 726 387 782 quem
421 722 547 767 ante
569 713 779 780 lapsum
808 709 1085 772 habuisse,
1122 715 1176 759 et
1205 706 1258 758 in
1287 717 1396 772 quo
1425 715 1679 771 peccasse
1710 699 1803 752 de—

209 815 508 875 tegantur.
538 804 628 859 Sic
656 803 912 857 nimirum
957 801 1008 853 in
1047 797 1235 852 ordine
1265 793 1642 864 pmniteutlum
1671 805 1802 844 con-

209 898 427 964 stituti,
458 898 504 952 si
526 897 704 951 denuo
741 894 1014 954 labuntur,
1065 887 1295 958 pristino
1320 884 1496 938 ordini
1540 897 1649 944 non
1680 881 1803 952 im-

215 989 426 1042 merito
454 987 768 1056 judicantur
807 982 1031 1054 indigni.
1069 977 1184 1033 Non
1219 987 1396 1031 tamen
1425 975 1530 1027 hoc
1570 971 1668 1027 SS.
1711 970 1805 1024 Pa-

215 1089 340 1133 tres
369 1078 745 1147 desperatione
774 1075 943 1128 veniae
984 1081 1094 1126 tam
1141 1069 1336 1124 acriter
1377 1065 1677 1120 instituisse
1725 1062 1804 1113 vi-

213 1170 448 1233 dentur,
478 1169 744 1238 praecipue
772 1181 894 1219 cum
931 1163 1193 1216 Dominus
1225 1173 1418 1236 omnes
1447 1155 1694 1210 homines
1715 1166 1804 1206 ve-

215 1260 286 1312 lit
318 1260 504 1314 salvos
542 1258 680 1320 ﬁeri,
716 1266 768 1310 et
792 1264 1062 1325 peccator,
1093 1253 1144 1304 in
1187 1263 1514 1320 quocunque
1539 1247 1625 1300 die
1657 1245 1806 1313 inge-

215 1351 454 1414 iuuerit,
483 1349 665 1402 salvus
699 1348 801 1401 erit
832 1343 1044 1416 (Haesit.
1085 1345 1300 1396 xxxiii).
1358 1338 1497 1402 Non,
1557 1337 1804 1405 inquam,

215 1439 614 1509 desperatione
640 1439 829 1500 veniae,
863 1436 954 1490 sed
1012 1451 1108 1503 pro
1135 1433 1342 1487 cautela
1379 1428 1673 1497 disciplina:
1703 1427 1805 1479 hoc

215 1532 592 1587 CUIISllluulnl
624 1529 996 1598 intelligimus,
1031 1527 1171 1580 sicut
1211 1541 1272 1578 ex
1325 1522 1501 1575 verbis
1536 1519 1592 1571 Β.
1623 1518 1805 1586 Augu-

218 1625 361 1677 stini
385 1624 451 1676 ad
470 1621 840 1676 Macedoniam
857 1619 917 1688 (l.
931 1615 1316 1686 c.)approbare
1349 1625 1658 1681 possumus;
1678 1607 1806 1661 dicit

216 1716 378 1767 enim
424 1713 569 1782 quod
610 1720 766 1766 caute
820 1708 1214 1776 salubriterque
1271 1703 1550 1772 provisum
1602 1700 1692 1762 sit,
1750 1707 1807 1750 ut

221 1807 390 1858 locus
414 1803 709 1872 paenitendi
757 1809 878 1870 post
924 1799 1296 1868 paenitentiam
1329 1792 1494 1862 lapsis
1531 1802 1638 1844 non
1675 1805 1805 1844 etin-

217 1894 478 1957 cedatur,
504 1908 566 1944 ne
589 1892 847 1944 medicina
879 1889 992 1942 vilis
1033 1888 1204 1941 latinus
1232 1884 1378 1938 utiiis
1410 1890 1539 1936 esset
1569 1889 1802 1950 aegrotat,

218 2002 345 2054 qm?
374 1992 522 2036 tanto
566 1983 733 2052 magis
762 1980 1011 2044 salubris,
1038 1987 1232 2048 quanto
1288 1976 1457 2028 minus
1491 1972 1801 2040 contempti-

221 2076 380 2129 bilis.
416 2073 483 2128 Et
510 2075 612 2128 lioc
652 2073 838 2142 utique
867 2086 966 2140 pro
989 2071 1166 2138 rigore
1203 2066 1519 2135 disciplina),
1563 2079 1672 2117 non
1723 2071 1805 2137 ta—

224 2183 361 2221 men
381 2152 562 2234 usque
583 2165 650 2219 ad
672 2161 1102 2232 desperationem
1129 2151 1317 2212 veniae.
1351 2154 1484 2210 Nam
1522 2156 1659 2208 idem
1696 2152 1806 2206 Au-

142 2313 147 2321 .
220 2257 490 2326 gustinus
532 2256 587 2309 in
641 2255 827 2308 eadem
875 2251 1102 2321 cpistola
1149 2238 1376 2304 dicit'in
1424 2245 1800 2316 sequentibus:

225 2349 371 2412 Quis
404 2347 598 2400 audeat
638 2356 752 2416 post
788 2344 1146 2414 penitentiam
1178 2340 1342 2409 lapsis
1374 2339 1646 2407 denegare,
1680 2335 1805 2403 quin

224 2437 333 2492 Dei
391 2438 652 2509 patientia
713 2438 781 2490 ad
831 2435 1192 2504 paenitentiam
1243 2447 1328 2485 eos
1373 2430 1628 2493 adducat,
1681 2427 1807 2496 quin

223 2534 399 2585 (tiam
425 2531 564 2584 beati
602 2532 730 2594 sint,
760 2529 806 2581 si
835 2530 889 2581 in
923 2526 1146 2580 Domino
1179 2523 1488 2592 conﬁdant?
1532 2519 1684 2573 Sicut
1714 2534 1804 2571 er-

226 2639 300 2693 go
336 2633 458 2693 post
495 2621 866 2692 paenitentiam
904 2618 1070 2687 lapsis
1095 2617 1276 2670 locum
1302 2611 1600 2684 paenitendi
1644 2626 1674 2663 a
1700 2607 1798 2662 SS.

227 2714 490 2768 Patribus
513 2729 620 2766 non
645 2710 1018 2780 desperatione
1071 2707 1260 2773 veniae,
1293 2705 1387 2760 sed
1417 2705 1594 2775 rigore
1640 2702 1806 2756 disci-

229 2806 399 2874 plinae
424 2804 641 2873 penitus
671 2802 992 2872 denegatum
1023 2799 1254 2870 legimus
1277 2839 1292 2864 ,
1329 2796 1408 2851 sic
1426 2804 1480 2850 et
1503 2793 1670 2865 lapsis
1700 2794 1808 2848 vir-

228 2897 457 2968 ginibus
475 2895 646 2950 sacris
671 2893 1042 2964 paenitentiam
1097 2887 1409 2958 aliquandiu
1451 2886 1767 2968 denegatam
1789 2925 1804 2949 ,

230 2961 426 3042 imoin
456 2961 922 3054 tempus—dilatam
969 2979 1104 3035 satis
1157 2985 1523 3048 competenter
1551 2961 1807 3045 intelligi-

229 3094 287 3131 ΠΙ
295 3094 360 3132 us
367 3119 385 3132 .

307 3167 399 3222 Vl.
442 3166 539 3224 Est
563 3167 656 3238 (et)
694 3167 798 3222 alia
822 3181 1008 3234 causa,
1036 3181 1134 3235 pro
1157 3179 1266 3235 qua
1303 3161 1402 3217 SS.
1435 3159 1623 3216 Patres
1643 3174 1809 3232 quos-

231 3261 362 3316 dam
421 3259 492 3314 ab
526 3259 840 3330 hujusmodi
886 3258 1200 3328 poenitentia
1247 3252 1656 3324 suspendendos
1687 3265 1809 3306 esse

229 3352 572 3422 iudicarunt,
601 3351 843 3406 videlicet
861 3348 1115 3418 juvenilis
1139 3357 1291 3411 aetas,
1331 3355 1383 3399 et
1413 3345 1593 3398 carnis
1643 3341 1809 3411 [ragi-

233 3445 384 3496 litas.
455 3440 594 3495 Hinc.
639 3439 695 3494 S.
754 3438 1008 3493 Silvester
1062 3454 1200 3507 papa
1258 3435 1539 3491 constituit
1581 3431 1805 3511 (ancil.

235 3531 399 3607 Rom.
431 3547 480 3586 c.
515 3531 600 3597 l2,
641 3529 826 3597 Laum,
864 3540 904 3585 t.
933 3529 998 3596 1.,
1024 3546 1144 3600 pag.
1180 3529 1362 3597 1555),
1417 3537 1475 3580 ιιι
1508 3540 1667 3579 nemo
1702 3540 1812 3594 pus.

237 3623 525 3678 nitentiam
547 3622 636 3677 det
657 3622 885 3688 homini,
921 3622 1032 3676 nisi
1054 3618 1413 3691 quadraginta
1435 3616 1610 3672 aetatis
1636 3631 1810 3670 annos

236 3714 482 3769 babenti.
509 3713 639 3769 Item
664 3713 720 3768 S.
747 3713 1069 3768 AmbrOsius
1094 3713 1146 3765 in
1169 3711 1307 3766 libro
1342 3719 1532 3765 contra
1554 3707 1812 3763 Novatia—

235 3821 341 3860 nos
365 3805 423 3874 (1.
455 3821 530 3872 c.,
559 3822 678 3876 pag.
711 3805 813 3860 458
861 3805 1124 3874 plenius):
1155 3801 1216 3856 Si
1242 3818 1385 3868 caro,
1425 3801 1618 3871 inquit,
1659 3818 1812 3871 repu-

210 3936 213 3937 ν
234 3898 572 3966 gnat-menti,
598 3913 688 3949 nec
714 3896 924 3948 subdita
964 3903 1042 3967 est
1077 3894 1244 3947 animi
1286 3892 1661 3963 gubernaculo,
1709 3909 1814 3946 non

233 4003 476 4054 quaerens
499 4004 652 4058 opera
682 3987 1019 4054 pamitentia',
1047 4002 1108 4039 ne
1143 3984 1196 4038 in
1218 3986 1333 4055 ipsa
1356 3984 1671 4053 paenitentia
1691 3984 1809 4052 ﬁat,

232 4079 376 4145 quod
404 4088 583 4146 postea
610 4079 839 4147 indigeat
866 4078 1211 4146 paenitentia;
1234 4093 1350 4146 qua:
1393 4079 1440 4128 si
1471 4075 1629 4129 semel
1653 4076 1811 4145 fuerit

190 4212 193 4214 .
234 4176 518 4237 usurpata,
542 4185 631 4222 nec
666 4169 765 4221 rite
790 4166 1072 4233 celebrata,
1105 4182 1196 4219 nec
1229 4168 1422 4235 prioris
1468 4167 1700 4235 fructum
1730 4165 1815 4218 ob-

235 4261 392 4324 tinet,
419 4269 467 4313 et
494 4260 666 4328 aufert
691 4276 841 4313 usum
861 4247 1187 4328 posterioris.
1232 4256 1363 4311 item
1410 4255 1510 4310 SS.
1543 4255 1732 4309 Patres
1758 4255 1811 4308 in

233 4352 474 4406 concilio
518 4351 815 4420 Agathensi
857 4350 1092 4419 capitulo
1147 4348 1213 4402 17
1277 4351 1430 4418 (cap.
1472 4347 1570 4414 15;
1618 4345 1812 4413 Lana,
1875 4373 1884 4390 -

235 4451 275 4496 t.
310 4438 404 4507 iV,
435 4455 488 4510 ρ.
520 4439 709 4511 1386);
735 4439 1045 4508 Juvenibus,
1073 4440 1346 4510 inquiunt,
1372 4440 1680 4510 paenitentia
1710 4457 1812 4494 non

233 4527 314 4587 cst
341 4529 501 4601 facile
524 4531 917 4586 conimittenda.
941 4530 1082 4599 Quid
1112 4547 1242 4592 ergo
1294 4532 1515 4598 mirum,
1553 4531 1600 4586 si
1636 4530 1696 4583 Β.
1730 4529 1817 4583 ln-

1905 695 2138 750 l‘ruetum
2171 693 2501 762 pmliitentiae
2531 690 2800 758 perderet,
2825 698 2877 741 et
2899 689 3152 757 deinceps
3194 691 3347 758 juxta
3381 706 3474 743 an-

1906 789 2115 856 tiquum
2143 799 2347 839 morem
2381 781 2675 852 pmnitendi
2703 781 2881 834 locum
2913 795 3020 832 non
3049 780 3331 832 obtineret.

1978 875 2084 928 V'll.
2145 874 2300 943 Apud
2344 873 2635 926 modernos
2697 871 2904 938 tamen}
2943 872 3095 924 locus
3145 870 3477 939 pomitcntiac

1906 966 2236 1036 quibuslibet
2276 964 2444 1032 lapsis
2480 978 2587 1015 non
2637 970 2882 1031 negatur,
2913 961 3043 1028 quia
3094 961 3226 1013 adeo
3277 976 3477 1028 usque-

1904 1072 2119 1127 quaque
2145 1057 2380 1110 humana
2433 1053 2672 1122 pravitas
2730 1051 2978 1117 invaluit,
3034 1061 3088 1104 et
3114 1055 3304 1121 jugum
3339 1051 3479 1104 anti-

1904 1165 2026 1218 qua:
2059 1147 2358 1214 disciplina:
2385 1145 2600 1213 abiecit,
2631 1153 2690 1197 ut
2711 1149 2908 1196 sancta
2933 1140 3174 1196 Ecclesia
3195 1143 3309 1210 jam
3337 1143 3478 1195 mul-

1907 1248 2020 1292 tum
2047 1236 2321 1306 gauderet,
2377 1236 2421 1290 si
2479 1235 2659 1303 aliquo
2707 1233 2867 1288 modo
2912 1231 3228 1302 resipiscere
3262 1234 3476 1289 vellent.

1905 1327 2064 1382 Novit
2126 1328 2272 1381 enim
2344 1327 2438 1380 Dei
2501 1324 2931 1379 misericordiam
2978 1325 3044 1378 ad
3094 1324 3477 1393 indulgendum

1906 1417 2366 1488 promptissimam
2390 1458 2404 1480 ,
2453 1431 2550 1470 nec
2589 1416 2820 1469 multum
2859 1415 3065 1474 distare
3101 1414 3242 1482 apud
3267 1414 3436 1468 Deum
3463 1457 3476 1479 ,
3522 1413 3524 1415 ’

1907 1526 2011 1579 qua
2046 1498 2332 1564 severitate
2361 1506 2440 1561 vel
2467 1507 2698 1561 lenitate.
2719 1507 2874 1576 justa
2919 1505 3286 1560 diversitatem
3341 1511 3480 1559 tem-

1908 1617 2100 1670 porum
2130 1607 2348 1669 peecata
2372 1599 2691 1668 puniantur,
2725 1597 2771 1652 si
2797 1607 3005 1652 tantum
3022 1607 3272 1668 peccator
3288 1608 3479 1653 extOto

1907 1693 2070 1746 corde
2093 1701 2458 1746 convertatur.

1980 1769 2111 1823 Vill.
2147 1769 2221 1823 De
2253 1769 2460 1840 virgine
2503 1779 2680 1822 autem
2732 1784 2887 1823 sacra
2913 1784 2943 1822 a
2991 1770 3270 1839 proposito
3307 1772 3479 1840 lapsa,

1907 1877 2029 1933 quae
2048 1861 2100 1914 in
2128 1861 2355 1930 gradum
2385 1859 2707 1930 virginitatis
2747 1874 2854 1914 non
2893 1869 3114 1928 putatur
3157 1862 3478 1925 revocanda,

1841 1955 1879 2008 Β
1908 1968 2014 2007 non
2041 1961 2122 2007 est
2146 1952 2308 2005 nimis
2335 1951 2793 2017 contendendum,
2857 1967 2925 2005 ne
2961 1951 3078 2020 ipsa
3126 1952 3228 2005 hac
3257 1959 3480 2013 conten-

1912 2045 2056 2099 tione
2085 2052 2273 2098 contra
2298 2029 2778 2113 Brilieronymum
2841 2042 3026 2097 venire
3054 2042 3355 2108 videamur,
3387 2043 3480 2112 qui

1907 2136 2040 2189 dicit
2073 2133 2276 2205 (1146),
2302 2131 2763 2199 Deum'virginem
2789 2148 2898 2187 non
2923 2148 3083 2202 posse
3115 2134 3477 2203 post'lapsum

1909 2240 2180 2295 reparare.
2205 2222 2340 2278 Nam
2377 2223 2579 2294 scripta
2606 2222 2662 2276 S.
2691 2221 3007 2293 Hieronymi
3035 2240 3063 2277 a
3090 2224 3148 2277 Β,
3176 2224 3393 2282 Gelasio
3424 2227 3475 2279 in

1911 2315 2154 2370 Romana
2197 2314 2404 2386 synodo
2427 2312 2633 2383 (Lirim,
2663 2322 2702 2367 t.
2745 2312 2833 2378 IV,
2877 2329 3000 2384 pag.
3035 2314 3194 2384 1265)
3237 2332 3302 2370 ex
3349 2331 3482 2385 apo—

1909 2408 2099 2462 stolica
2125 2407 2450 2460 auctoritate
2465 2405 2601 2459 adeo
2624 2407 2946 2459 canonizata
2988 2415 3135 2472 Sllul,
3168 2415 3224 2460 ut
3253 2408 3485 2476 quicun-

1908 2514 2014 2567 que
2049 2497 2154 2552 illis
2181 2495 2550 2566 pertinaciter
2591 2495 2966 2550 contradicere
3002 2505 3231 2550 conatur
3256 2537 3269 2561 ,
3319 2497 3481 2551 etiam

1909 2588 2220 2657 apostolicae
2245 2585 2559 2641 auctoritati
2581 2584 2854 2640 contraire
2884 2599 2992 2638 non
3016 2585 3311 2640 dubitetur.
3346 2585 3487 2640 Sunt

1907 2694 2036 2750 ergo
2069 2695 2099 2733 a
2156 2678 2314 2733 nobis
2337 2677 2454 2748 ejus
2491 2674 2868 2730 venerabiliter
2912 2675 3112 2744 scripta
3154 2676 3482 2746 recipienda,

1911 2787 2009 2826 nec
2033 2771 2101 2825 ab
2130 2770 2312 2838 aliquo
2351 2777 2552 2822 temere
2574 2765 2888 2837 judicanda.
2940 2763 3097 2831 Quod
3133 2773 3311 2819 autem
3349 2766 3482 2833 ipse,

1913 2861 2079 2915 Deum
2101 2860 2364 2927 virginem
2396 2873 2654 2926 reparare
2683 2865 2806 2926 post
2830 2856 3044 2924 lapsum
3072 2870 3180 2909 non
3205 2869 3364 2924 posse
3390 2855 3476 2907 di-

1911 2953 2006 3018 xit,
2045 2965 2151 3005 non
2181 2949 2353 3020 magis
2383 2946 2715 3012 mirandum,
2761 2961 2927 3014 quam
2963 2946 3133 2998 multa
3182 2945 3308 3007 alia,
3358 2959 3481 3014 qua:

1910 3042 2054 3097 Deus
2083 3041 2247 3095 libere
2266 3040 2463 3110 legitur
2488 3046 2542 3093 et
2563 3037 2802 3092 creditur
2833 3051 2940 3088 non
2964 3049 3146 3104 posse,
3177 3043 3237 3087 ut
3268 3033 3398 3087 illud
3422 3033 3481 3086 in

1910 3134 2148 3205 Epistola
2167 3131 2427 3186 Joannis:
2491 3129 2630 3184 Deus
2687 3128 2860 3197 ﬁdelis
2900 3135 2998 3192 est,
3031 3127 3258 3195 seipsum
3299 3141 3484 3195 negare

1911 3243 2012 3280 non
2039 3235 2206 3296 potest
2237 3223 2324 3295 (II
2356 3223 2490 3277 Tim.
2525 3227 2606 3292 ιι).
2668 3221 2803 3275 llinc
2845 3221 3018 3289 inquit
3055 3220 3377 3289 Apostolus:
3412 3218 3479 3272 In

1837 3292 1879 3371 ο
1913 3314 2021 3368 Deo
2039 3292 2141 3367 non
2161 3292 2360 3369 estVES‘l‘
2392 3324 2441 3368 et
2464 3329 2584 3379 sos,
2616 3313 2703 3365 sei
2742 3313 2794 3364 in
2851 3311 2944 3362 illo
2973 3320 3049 3363 est
3073 3327 3170 3364 ssr
3222 3309 3308 3380 (II
3359 3309 3481 3364 Cor.

1912 3408 1972 3474 ι).
2001 3404 2208 3459 Dicitur
2229 3406 2391 3459 etiam
2415 3405 2580 3459 libere
2603 3403 2807 3456 malum
2834 3417 2938 3456 non
2963 3417 3124 3471 posse
3143 3400 3345 3466 facere,
3376 3416 3483 3454 non

1911 3512 2070 3566 posse
2103 3497 2322 3562 mutari,
2351 3511 2457 3550 non
2487 3510 2649 3565 posse
2681 3493 2814 3556 falli,
2844 3509 2950 3547 non
2971 3507 3130 3560 posse
3151 3493 3311 3545 mori.
3332 3489 3486 3544 Unde

1911 3588 2247 3659 Augustinus
2270 3589 2324 3641 in
2351 3587 2490 3641 libro
2515 3602 2544 3638 v
2567 3584 2643 3638 De
2666 3585 2876 3638 civitate
2893 3583 2988 3637 Dei
3014 3585 3153 3654 (cap.
3175 3581 3408 3652 l0,0pp.
3443 3591 3480 3636 ι.

1914 3679 2047 3745 Vill,
2072 3696 2191 3752 pag.
2226 3679 2377 3750 125):
2409 3677 2498 3731 Sic
2533 3677 2670 3730 enim
2700 3677 2794 3730 hoc
2819 3676 2941 3747 (non
2969 3676 3151 3745 posse)
3175 3675 3394 3740 dicitur,
3427 3685 3487 3727 ut

1913 3774 2107 3844 potius,
2133 3772 2176 3824 si
2198 3781 2390 3840 posset,
2422 3769 2639 3823 minoris
2655 3769 2831 3839 utique
2853 3770 3129 3837 potestatis
3152 3777 3304 3822 esset.
3332 3767 3489 3821 Recte

1914 3867 2090 3936 itaque
2103 3865 2427 3934 omnipotens
2459 3863 2678 3927 dicitur,
2705 3863 2795 3931 qui
2813 3871 2986 3915 tamen
3003 3862 3132 3914 mori
3151 3861 3368 3931 fallique
3385 3878 3488 3913 non

1913 3966 2114 4027 potest;
2153 3958 2352 4010 dicitur
2388 3957 2526 4010 enim
2558 3956 2903 4022 omnipotens,
2932 3955 3172 4022 faciendo
3193 3953 3330 4022 quod
3353 3955 3485 4018 rult,

1916 4063 2017 4101 non
2054 4049 2300 4118 patiendo
2339 4048 2476 4116 quod
2507 4063 2610 4099 non
2654 4046 2793 4108 vult;
2826 4046 2962 4113 quod
3002 4047 3049 4096 si
3099 4046 3146 4096 ei
3192 4043 3484 4111 accideret,

1916 4141 2240 4207 omnipotens
2289 4153 2614 4205 nequaquam
2645 4143 2796 4187 esset.
2836 4133 2983 4188 L'nde
3023 4144 3297 4203 propterea
3343 4153 3486 4204 qure-

1916 4231 2040 4284 dam
2064 4246 2164 4282 non
2188 4237 2378 4299 potest,
2406 4229 2531 4300 quia
2563 4229 2885 4297 omnipotens
2918 4237 3014 4280 est.
3049 4226 3137 4282 Sic
3180 4227 3363 4296 utique
3387 4245 3487 4282 nec

1918 4323 2200 4377 rationalis
2216 4330 2481 4376 creaturae
2507 4329 2750 4392 potestas
2775 4320 2829 4374 in
2862 4328 3063 4374 aeterna
3088 4320 3195 4372 vita
3221 4319 3486 4372 ininuitur

1919 4422 2014 4477 sed
2045 4431 2294 4491 augetur,
2321 4436 2445 4475 cum
2474 4420 2690 4490 penitus
2729 4418 2960 4488 plurima
2994 4418 3063 4468 ibi
3113 4432 3219 4470 non
3268 4424 3484 4485 posset;

1920 4529 2041 4583 qua:
2070 4517 2251 4566 tamen
2278 4513 2333 4564 in
2356 4513 2458 4565 hac
2483 4512 2593 4564 vita
2623 4511 2825 4579 degens
2844 4508 3246 4563 evidentissme
3289 4510 3482 4578 potuit.

239 4598 532 4680 ltoéenuus
562 4623 724 4677 etiam
749 4623 888 4678 hanc
919 4598 1136 4692 quoque
1159 4638 1380 4676 causam
1416 4622 1660 4687 attendit,
1691 4636 1813 4676 cum
1848 4633 1891 4686 υ
1921 4603 2100 4656 l’otuit
2123 4602 2321 4655 etenim
2344 4601 2571 4666 esurire,
2603 4600 2773 4665 sitire,
2800 4600 3100 4669 corrumpi,
3128 4599 3330 4665 fallere,
3377 4598 3488 4654 falli

241 4711 509 4784 virginem
533 4726 564 4765 a
588 4710 869 4781 proposito
904 4711 1110 4780 lapsam
1145 4725 1250 4764 non
1276 4710 1470 4764 debere
1511 4709 1722 4764 admitti
1746 4709 1815 4764 ad

241 4801 623 4878 jueuitetitiam
655 4800 884 4856 dixerit?
921 4800 1192 4871 praecipue
1239 4816 1365 4855 cum
1409 4801 1602 4856 addat:
1633 4790 1815 4866 Quan-

243 4894 340 4944 «ἔξω
371 4901 646 4961 corruptor
669 4893 780 4961 ejus
810 4894 1016 4946 vixerit.
1043 4891 1175 4948 Nam
1201 4909 1266 4947 eo
1297 4902 1536 4964 tempore
1583 4894 1816 4947 maxime

243 4983 366 5052 ejus
390 4979 662 5053 fragilitati
688 4967 986 5061 cavendum
1026 4984 1129 5040 fuit
1187 5001 1252 5040 eo
1296 4985 1524 5049 vivente,
1551 4999 1674 5038 cum
1706 5001 1816 5054 qui

246 5073 509 5146 peccavit.
534 5072 630 5129 Est
656 5075 800 5129 enim
836 5072 1274 5155 usitatissimum,
1308 5085 1367 5129 ut
1390 5076 1636 5131 homines
1663 5075 1815 5134 facil-

245 5165 377 5225 lime
402 5166 469 5220 ad
489 5180 585 5222 eos
606 5164 846 5233 redeant,
871 5182 995 5222 curn
1043 5168 1242 5237 quibus
1287 5176 1410 5221 ante
1443 5177 1817 5238 peccaverant,

247 5258 530 5328 multoque
564 5257 786 5328 pronior
813 5266 897 5311 est
914 5259 1150 5311 humana
1169 5257 1428 5330 fragilitas
1463 5260 1529 5315 ad
1560 5261 1820 5315 usitatum

248 5349 595 5406 volutabrum
633 5349 827 5419 redire,
853 5365 1016 5419 quam
1067 5350 1283 5419 aliquod
1315 5367 1515 5406 novum
1567 5353 1742 5406 scelus
1766 5353 1820 5406 in

252 5439 442 5508 primis
470 5456 814 5509 praesumere.
845 5441 962 5495 Non
986 5456 1114 5511 ergo
1133 5443 1354 5506 mirum,
1385 5443 1430 5496 si
1465 5442 1521 5495 S.
1554 5441 1822 5500 innocen-

253 5532 360 5586 tius
397 5531 708 5601 hujusmodi
752 5533 957 5602 lapsam
989 5548 1161 5602 usque
1189 5533 1254 5585 aJ
1299 5533 1504 5586 obitum
1535 5543 1822 5603 corrupto-

253 5624 331 5679 ris
363 5639 396 5678 a
432 5621 746 5694 poenitentia
793 5625 1093 5693 suspendit,
1150 5640 1216 5678 ne
1250 5625 1304 5678 in
1347 5625 1462 5692 ipsa
1504 5626 1820 5692 poenitentia

327 5736 512 5805 (1146)
538 5736 806 5791 Audacter
825 5735 1046 5804 loquar:
1073 5751 1197 5789 cum
1229 5736 1409 5790 omnia
1447 5735 1618 5804 possit
1648 5733 1814 5805 Deus,

256 5803 524 5861 suscitare
561 5807 834 5876 ,virgiuem
884 5818 990 5857 non
1040 5815 1214 5872 potest
1259 5816 1377 5875 p-vst
1404 5803 1635 5859 ruinam.
1665 5803 1816 5860 Valet

257 5876 473 5930 cuidem
519 5876 745 5930 liberare
768 5877 831 5931 dc
856 5889 1035 5948 pcena,
1089 5876 1180 5928 sed
1229 5892 1335 5928 non
1364 5877 1497 5928 valet
1551 5891 1822 5930 coronare-

1915 4703 1968 4752 et
1989 4695 2092 4748 alia
2135 4692 2446 4761 hujusmodi
2493 4702 2777 4759 sexcenta;
2818 4709 2940 4762 qua:
2990 4702 3171 4762 tamen
3205 4693 3258 4745 in
3286 4701 3485 4744 aeterna

1915 4787 2024 4839 vita
2051 4799 2159 4838 non
2179 4785 2395 4852 poterit,
2413 4793 2467 4837 et
2491 4785 2559 4838 0b
2581 4784 2684 4838 hoc
2707 4757 2869 4838 etiam
2904 4785 2976 4837 ibi
3003 4757 3368 4836 indubitanter
3389 4796 3488 4849 po-

1918 4878 2114 4932 tentior
2142 4879 2263 4932 erit.
2303 4877 2437 4932 Nam
2493 4879 2619 4931 talia
2655 4861 2928 4930 hamincm
2955 4889 3114 4942 posse
3151 4889 3261 4927 non
3282 4880 3364 4927 est
3385 4888 3482 4925 au-

1916 4972 2026 5025 ctio
2050 4971 2356 5040 potestatis,
2389 4970 2481 5023 sed
2504 4967 2825 5022 certissimae
2847 4965 3106 5020 indicium
3131 4963 3481 5018 inﬁrmitatis.

1992 5060 2160 5116 Verba
2195 5071 2371 5114 autem
2407 5059 2494 5112 illa
2545 5057 2600 5110 S.
2634 5056 2966 5126 Hieronymi,
3001 5056 3145 5125 quod
3183 5071 3290 5110 non
3316 5057 3490 5125 possit

1923 5152 2063 5208 Deus
2125 5151 2386 5220 virginem
2439 5159 2559 5219 post
2590 5149 2803 5202 ruinam
2860 5149 3207 5214 resu:sei'..are,
3263 5150 3488 5217 ipsemet

1923 5248 2118 5302 ibidem
2141 5245 2412 5315 exposuit,
2452 5260 2575 5298 cum
2621 5242 2940 5312 subjunxit:
2993 5242 3140 5296 Valet
3187 5244 3392 5312 quidem
3424 5242 3486 5293 de

1922 5358 2070 5411 poena
2100 5339 2342 5404 liberare,
2400 5337 2487 5391 sed
2545 5355 2646 5391 non
2703 5337 2838 5392 valet
2873 5347 3173 5405 corruptam
3207 5349 3482 5391 coronare;

1922 5436 2046 5506 quia
2099 5435 2278 5502 justus
2318 5432 2485 5502 judea:
2525 5443 2622 5498 est,
2670 5434 2820 5502 cujus
2844 5434 3118 5501 dispositio
3165 5430 3354 5484 mutari
3384 5445 3484 5479 non

1921 5537 2106 5597 potest.
2146 5526 2293 5582 lianc
2329 5545 2544 5598 quoque
2576 5529 2894 5582 sententiam
2932 5528 2997 5580 de
3037 5527 3235 5579 amissa
3260 5522 3482 5590 virgini-

1920 5634 2030 5678 tate
2059 5623 2229 5678 sancti
2255 5634 2519 5694 martyres
2540 5623 2747 5679 Nereus
2776 5634 2828 5678 ct
2851 5623 3120 5676 Achilleus
3155 5637 3182 5675 a
3230 5620 3288 5673 Β.
3327 5619 3484 5671 Ρτῑιυ

1917 5743 2245 5807 corruptam.
2299 5735 2354 5790 S.
2410 5736 2666 5802 Ilieron.,
2716 5738 2871 5807 epist.
2936 5735 3034 5801 l8,
3089 5737 3157 5792 ad
3221 5733 3478 5792 {iustoci}.

1916 5808 2048 5875 Opp.
2081 5815 2116 5858 t.
2143 5802 2231 5867 ιγ,
2264 5822 2314 5873 p.
2348 5823 2404 5873 ιι,
2435 5824 2554 5877 pag.
2587 5809 2674 5862 ‘29.
