3956 6368
225 413 251 448 τ
262 397 363 451 295

1107 394 1387 450 APPEND.
1430 393 1515 447 111.
1560 426 1624 433 —
1661 388 2087 447 MONUMENTA
2127 392 2582 450 CREGORIANA.

3317 390 3452 450 1294

270 508 347 561 17.
390 504 628 561 Kalislus
676 514 867 559 martir
916 495 1078 560 annis
1125 506 1179 570 5,
1230 506 1509 560 mensibus
1539 505 1593 558 2.
1630 503 1791 558 Juxta
1821 508 1867 564 Α
1927 504 2013 557 58.
2054 502 2199 557 Felix
2229 505 2320 558 2us
2367 507 2557 560 martir
2592 515 2737 563 anno
2773 519 2903 571 uno,
2940 502 3220 562 mensrbus
3255 508 3450 576 tribus,

385 596 644 650 chronica
671 594 889 649 Eusebii
916 610 1088 664 usque
1139 595 1205 649 ad
1246 596 1465 652 tertium
1502 593 1790 650 Alexandri
1842 587 1846 592 ’

381 695 607 739 annum.

261 774 344 830 18.
385 772 641 829 Urbanus
676 784 867 829 martir
895 758 1051 829 annis
1073 774 1128 841 8,
1177 775 1455 831 mensibus
1496 773 1580 829 10.
1628 772 1788 829 Juxta

387 865 645 919 chronica
662 863 881 919 Eusebii
905 880 1082 935 usque
1101 866 1170 920 ad
1189 865 1537 921 undecimum
1556 864 1791 919 Alexan-

390 954 475 1015 dri
512 970 736 1009 annum.

261 1042 344 1097 19.
385 1042 684 1098 Pontianus
713 1044 904 1099 martir
932 1060 1093 1100 amns
1136 1044 1190 1111 6,
1231 1044 1510 1100 mensibus
1537 1043 1589 1099 5.
1626 1041 1791 1099 Juxta

383 1134 643 1187 chronica
674 1133 891 1188 Eusebii
920 1147 1107 1204 usque
1143 1135 1210 1189 ad
1252 1135 1469 1189 tertium
1510 1132 1790 1188 Maximini

390 1237 616 1278 annum.

255 1311 345 1366 20.
386 1314 660 1368 Antherus
707 1313 897 1368 martir
954 1330 1141 1369 mense
1183 1329 1321 1381 uno;
1381 1313 1475 1383 qui
1526 1313 1579 1368 in
1633 1314 1792 1369 tertio

389 1404 666 1459 Maximini
696 1421 838 1460 anno
866 1422 1060 1475 passus
1089 1415 1189 1460 est.

253 1495 342 1549 21.
384 1496 658 1551 Fabianus
680 1497 870 1550 martir
892 1498 1047 1551 annis
1068 1496 1235 1551 ferme
1255 1497 1352 1564 l5;
1380 1495 1473 1566 qui
1502 1496 1605 1551 sub
1629 1495 1791 1551 Decio

390 1602 583 1654 passus
608 1594 709 1640 est.

254 1676 343 1729 22.
384 1676 671 1731 Cornelius
692 1676 881 1730 martir
905 1676 1061 1730 annis
1088 1676 1320 1741 duobus,
1345 1676 1621 1731 mensibus
1652 1677 1791 1730 duo-

386 1766 521 1831 bus;
552 1766 646 1836 qui
677 1767 779 1821 sub
802 1765 1111 1833 Valeriano,
1145 1766 1230 1821 vel
1260 1775 1317 1821 ut
1352 1767 1443 1820 alii
1471 1768 1573 1823 sub
1603 1766 1783 1833 Decio,

388 1872 584 1925 passus
607 1865 707 1912 est.

255 1947 345 2002 25.
389 1948 589 2003 Lucius
617 1949 806 2002 martir
835 1949 994 2003 annis
1022 1948 1075 2014 5,
1105 1948 1384 2003 mensibus
1423 1948 1475 2013 5,
1514 1962 1685 2016 usque
1719 1947 1787 2002 ad

386 2039 624 2107 primum
648 2036 917 2091 Valeriani
946 2052 1169 2091 annum.
1206 2036 1368 2091 Juxta
1396 2037 1651 2092 chronica
1677 2036 1790 2090 Eu-

386 2127 523 2182 sebii
555 2136 763 2183 tantum
795 2128 827 2181 8
858 2128 1156 2182 mensibus.

254 2219 347 2273 24.
389 2216 696 2297 Stephanus
735 2219 931 2272 martir
960 2219 1119 2273 annis
1156 2218 1212 2285 6,
1243 2219 1519 2273 mensibus
1548 2218 1600 2273 5.
1631 2216 1792 2274 Juxta

385 2310 641 2364 chronica
672 2307 891 2363 Eusebii
923 2310 1081 2364 annis
1108 2309 1302 2363 tribus.

253 2398 346 2454 25.
388 2396 576 2453 Sixtus
600 2400 695 2452 2“
728 2400 917 2453 martir
941 2414 1083 2453 anno
1126 2413 1253 2464 uno,
1300 2397 1581 2452 mensibus
1621 2396 1792 2453 ferme

367 2488 453 2555 11,
480 2496 602 2558 post
625 2489 770 2544 hunc
798 2488 1129 2559 praefuerunt
1150 2488 1451 2559 presbiteri.
1472 2487 1531 2544 in
1570 2489 1794 2543 chroni-

382 2578 463 2632 cis
498 2576 716 2632 Eusebii
751 2572 909 2633 annis
936 2579 1023 2647 11,
1049 2594 1223 2652 usque
1264 2578 1332 2633 ad
1378 2579 1519 2633 14ιιΙΙι
1561 2576 1793 2634 Gallieni

386 2684 614 2723 annum.

262 2756 348 2812 26.
391 2757 671 2813 Dionisius
696 2759 855 2815 annis
880 2757 935 2827 6,
958 2756 1237 2814 mensibus
1258 2758 1493 2825 duobus,
1522 2773 1695 2828 usque
1722 2755 1791 2813 ad

392 2849 527 2903 15η·
582 2848 811 2904 Gallieni
862 2864 1087 2905 annum.
1141 2847 1201 2903 In
1251 2848 1526 2904 chronicis
1571 2846 1793 2904 Eusebii

386 2938 547 2994 annis
574 2938 629 3007 9,
664 2956 837 3011 usque
864 2942 932 2996 ad
962 2940 1200 3011 primum
1228 2938 1393 2994 Probi
1415 2955 1638 2995 annum.

258 3027 348 3083 27.
389 3027 542 3084 Felix
570 3032 761 3085 martir
781 3031 938 3086 annis
970 3031 1025 3098 4,
1047 3030 1328 3086 mensibus
1347 3028 1518 3085 ferme
1538 3030 1592 3097 4,
1616 3044 1793 3099 usque

389 3122 457 3176 ad
485 3121 705 3176 tertium
729 3122 1005 3176 Aureliani
1028 3131 1253 3175 annum.
1287 3120 1343 3174 In
1374 3120 1647 3175 chronicis
1674 3118 1787 3171 Eu-

389 3213 523 3266 sebii
561 3212 717 3267 annis
738 3212 793 3278 5,
822 3227 997 3282 usque
1020 3210 1087 3265 ad
1110 3211 1359 3281 quintum
1386 3209 1547 3263 Probi
1568 3224 1790 3263 annum.
1821 3192 1865 3248 (ἶ

258 3300 348 3355 28.
387 3300 742 3357 Eutichianus
762 3302 953 3356 martir
974 3316 1118 3355 anno
1142 3314 1273 3367 uno,
1296 3313 1481 3354 mense
1504 3314 1634 3366 uno,
1652 3313 1795 3353 anno

232 3388 233 3391 “
388 3392 668 3448 Aureliani
715 3401 928 3463 quarto.
976 3392 1035 3446 In
1071 3390 1344 3447 chronicis
1390 3389 1608 3445 Eusebii
1642 3405 1797 3444 men-

391 3483 545 3538 sibus
569 3484 602 3537 8
630 3492 860 3550 tantum,
897 3483 952 3539 id
973 3491 1055 3538 est
1083 3483 1275 3552 quinto
1308 3480 1469 3535 Probi
1499 3495 1661 3535 anno.

261 3574 350 3630 29.
382 3572 554 3629 Gaius
583 3579 773 3629 martir
801 3574 959 3628 annis
990 3574 1077 3641 11,
1119 3572 1399 3627 mensibus
1437 3572 1490 3639 4,
1520 3587 1695 3642 usque
1727 3573 1795 3627 ad

390 3665 692 3720 secundum
717 3663 1024 3718 Dioclitiani
1047 3678 1269 3717 annum.
1305 3661 1361 3714 ln
1390 3662 1663 3716 chronicis
1685 3661 1795 3716 Eu-

394 3754 531 3810 sebii
564 3754 632 3809 15
661 3755 842 3823 annis,
871 3769 1046 3825 usque
1072 3754 1212 3808 l5“!
1236 3750 1542 3806 Dioclitiani
1565 3766 1790 3805 annum.

257 3846 351 3900 50.
392 3845 736 3901 Marcellinus
766 3846 957 3900 martir
980 3844 1137 3899 annis
1164 3844 1217 3911 9,
1241 3842 1518 3898 mensibus
1540 3842 1594 3909 4,
1625 3857 1797 3912 usque

395 3937 464 3989 ad
494 3936 633 3988 17ιι·
665 3918 972 3990 Dioelitiani
996 3951 1219 3990 annum.
1246 3934 1305 3988 ln
1332 3932 1606 3989 chronicis
1627 3932 1798 3988 Ense-

392 4025 469 4080 bii
499 4040 672 4095 usque
697 4026 840 4080 20um
872 4024 1178 4079 Dioclitiani
1218 4039 1453 4089 annum;
1483 4031 1608 4091 post
1632 4038 1796 4090 quem

388 4117 546 4188 juxta
572 4116 877 4171 Romanum
906 4115 1214 4185 pontiﬁcale
1250 4113 1483 4169 cessavit
1510 4112 1797 4181 episcopa-

397 4217 486 4263 tus
513 4208 671 4262 annis
698 4207 748 4273 7,
787 4207 1065 4261 mensibus
1094 4206 1147 4271 6,
1177 4206 1368 4259 diebus
1389 4204 1478 4258 25.

264 4294 351 4355 51.
394 4297 682 4353 Marcellus
728 4299 920 4353 martir
948 4298 1106 4352 annis
1134 4298 1187 4362 5,
1222 4296 1501 4352 mensibus
1526 4293 1695 4351 ferme
1729 4294 1795 4362 8;

393 4390 490 4460 qui
520 4389 573 4443 in
610 4390 883 4446 chronicis
905 4388 1127 4469 Eusebii
1158 4404 1267 4442 non
1300 4389 1549 4443 habetur.

265 4482 353 4536 52.
396 4480 665 4537 Eusebius
709 4481 868 4535 annis
906 4480 958 4547 6,
1009 4494 1198 4535 mense
1245 4494 1374 4533 uno.
1424 4478 1481 4532 In
1527 4478 1797 4533 chronicis

394 4572 615 4627 Eusebii
646 4572 925 4627 mensibus
949 4571 1002 4636 8,
1028 4585 1173 4623 anno
1200 4570 1341 4622 20m
1363 4569 1687 4624 Dioclitiani.

262 4662 353 4716 55.
394 4660 679 4717 Meleiades
698 4662 857 4716 annis
879 4661 935 4726 4,
956 4674 1129 4729 usque
1158 4659 1227 4714 ad
1253 4668 1509 4728 quartum
1529 4659 1800 4713 Constan-

392 4752 494 4806 tini
521 4767 746 4807 annum.

266 4840 355 4899 54.
392 4842 652 4900 Silvester
684 4843 843 4899 annis
867 4831 958 4914 25,
996 4842 1279 4898 mensibus
1303 4841 1388 4895 10.
1427 4840 1487 4895 In
1527 4840 1800 4897 chronicis

396 4933 615 4989 Eusebii
650 4937 807 4990 anuis
831 4936 923 5004 22,
958 4949 1130 5005 usque
1156 4934 1224 4988 ad
1259 4933 1435 4988 25W"
1456 4930 1801 4988 Constantini
1883 4957 1886 4960 η

400 5041 624 5080 annum.

268 5120 356 5173 55.
397 5116 613 5172 Marcus
633 5118 791 5171 annis
810 5115 1045 5183 duobus,
1071 5115 1353 5169 mensibus
1369 5114 1421 5169 9.
1444 5114 1503 5168 In
1526 5115 1800 5169 chronicis

396 5207 649 5262 leronimi
683 5207 962 5262 mensibus
1006 5205 1059 5272 8,
1106 5206 1207 5260 25°
1247 5219 1393 5259 anno
1427 5203 1792 5257 Constantini.

270 5298 358 5353 56.
398 5295 575 5351 Julius
606 5299 763 5353 annis
792 5292 878 5365 15,
910 5297 1187 5352 mensibus
1222 5296 1453 5351 duobus.
1494 5292 1552 5346 In
1580 5294 1797 5347 chroni-

402 5390 480 5462 cis
506 5387 758 5443 Ieronimi
798 5390 956 5443 annis
988 5388 1070 5452 16,
1109 5386 1388 5439 mensibus
1435 5386 1489 5450 9,
1526 5398 1696 5453 usque
1730 5384 1796 5437 ad

401 5480 540 5533 12ιιιι
562 5477 869 5531 Constantii
892 5494 1113 5550 annum.

272 5570 360 5623 57.
403 5568 648 5623 Liberius
676 5568 833 5622 annis
854 5569 907 5633 6,
931 5568 1208 5622 mensibus
1248 5566 1297 5618 4.
1332 5563 1389 5616 In
1414 5564 1689 5618 chronicis
1719 5564 1789 5618 lc-

405 5660 602 5713 ronimi
634 5658 699 5711 17
736 5660 912 5723 annis,
942 5675 1114 5728 usque
1138 5660 1200 5713 ad
1232 5655 1527 5712 secundum
1558 5655 1790 5709 Valenti~

408 5752 554 5806 niani
591 5766 813 5804 annum.

1829 4526 1876 4580 D

1926 680 2013 735 59.

1924 948 2013 1004 40.

1926 1224 2012 1279 41.

1930 1406 2014 1460 42.

1923 1676 2012 1729 45.

1924 1855 2012 1909 44.

1927 2036 2015 2108 45.

1926 2216 2013 2269 46.

1930 2394 2011 2448 47.

1927 2752 2014 2809 49.

1927 3117 2015 3172 51.

1928 3296 2015 3354 52.

1931 4022 2019 4107 5o.

1934 4203 2021 4260 57.

1937 4570 2023 4625 59.

1940 5111 2024 5164 61.

1941 5382 2027 5438 62.

1938 5566 2027 5619 65.

1938 5712 2024 5798 et.

2055 593 2194 647 inter
2221 596 2495 649 exulatum
2537 595 2757 659 Liberii,
2792 610 2935 649 anno
2974 594 3279 652 Constantii
3330 600 3451 653 20⁸.

2053 679 2316 736 Damasus
2354 684 2512 738 annis
2550 682 2639 749 18,
2687 683 2965 737 mensibus
2991 683 3183 739 tribus.
3218 683 3273 738 In
3300 687 3454 742 chro-

2050 770 2189 825 nicis
2234 769 2487 841 Prosperi
2538 772 2698 828 annis
2748 772 2835 841 19,
2876 788 3049 843 usque
3086 774 3153 829 ad
3198 775 3453 845 quintum

2054 860 2295 915 Gratiani
2316 877 2517 918 annum

2058 948 2287 1007 Siricius
2331 952 2489 1007 annis
2519 952 2614 1019 45;
2665 953 2759 1023 qui
2802 954 2855 1009 in
2888 955 3161 1013 chronicis
3196 955 3450 1029 Prosper!

2056 1039 2288 1098 Ursinus
2312 1043 2531 1097 nomine
2571 1043 2709 1098 sedit
2738 1044 2896 1099 annis
2924 1046 3012 1114 14,
3052 1062 3224 1119 usque
3248 1050 3317 1105 ad
3342 1058 3451 1106 ter-

2054 1136 2188 1190 tium
2217 1135 2473 1191 Archadii
2504 1151 2725 1191 annum.

2054 1226 2377 1282 Anastasius
2406 1228 2564 1282 annis
2587 1228 2780 1283 tribus.
2812 1227 2872 1282 1n
2896 1229 3168 1286 chronicis
3195 1227 3451 1305 Prosperi

2053 1318 2210 1371 annis
2238 1318 2291 1382 4,
2322 1331 2496 1386 usque
2520 1319 2588 1373 ad
2624 1318 2727 1371 7m
2754 1318 3010 1374 Archadii
3034 1337 3256 1377 annum.

2056 1405 2401 1463 Innocentius
2436 1409 2595 1463 annis
2644 1410 2729 1476 15,
2777 1412 3055 1467 mensibus
3097 1412 3265 1468 ferme
3291 1417 3343 1470 4.
3390 1414 3448 1471 ln

2056 1497 2327 1552 chronicis
2351 1496 2602 1568 Prosperi
2623 1501 2781 1555 annis
2818 1502 2900 1568 l4,
2926 1518 3097 1573 usque
3124 1505 3190 1559 ad
3213 1505 3319 1558 8ηιὶιὶ
3344 1505 3453 1562 llo-

2057 1602 2197 1641 1101⁵11
2224 1602 2448 1644 annum.

2054 1675 2307 1731 Zozimus
2324 1677 2482 1732 annis
2502 1678 2697 1745 tribus,
2723 1681 3002 1736 mensibus
3016 1682 3182 1737 ferme
3202 1685 3255 1749 5,
3279 1700 3453 1755 usque

2056 1766 2123 1821 ad
2159 1767 2297 1819 llum
2323 1767 2547 1823 Honorii
2570 1783 2791 1824 annum.

2050 1854 2360 1912 Bonifacius
2391 1860 2548 1915 annis
2578 1860 2772 1928 tribus,
2801 1861 3078 1918 mensibus
3108 1864 3161 1931 8,
3191 1880 3359 1935 usque
3381 1867 3450 1922 ad

2057 1946 2196 2000 15υω
2227 1944 2450 2002 Honorii
2482 1964 2705 2005 annum.
2777 1974 2782 1979 ε

2057 2034 2357 2093 Celestinus
2387 2038 2546 2093 annis
2580 2039 2644 2103 8,
2692 2041 2973 2097 mensibus
3022 2042 3117 2108 lO,
3165 2059 3336 2115 usque
3383 2048 3451 2103 ad

2056 2142 2259 2182 nonum
2287 2128 2577 2183 Theodosii
2606 2145 2828 2184 annum.

2058 2216 2243 2272 Sixtus
2279 2220 2369 2273 5η·
2402 2220 2559 2274 annis
2585 2220 2638 2287 8,
2669 2237 2841 2291 usque
2881 2222 2948 2277 ad
2993 2239 3195 2279 annum
3234 2226 3437 2282 Domiti;

2055 2306 2178 2360 440.

2054 2394 2163 2450 Leo
2186 2396 2376 2451 doctor
2414 2397 2571 2452 annis
2603 2392 2702 2464 21,
2730 2399 3009 2456 mensibus
3041 2401 3253 2458 duobus
3280 2402 3451 2463 ferme

2054 2500 2227 2555 usque
2251 2487 2319 2541 ad
2340 2501 2543 2541 annum
2571 2485 2786 2543 Domini
2814 2490 2936 2544 462.

2000 2615 2013 2627 .
2054 2572 2291 2631 Hilarius
2327 2578 2485 2633 annis
2528 2578 2561 2631 6
2583 2620 2598 2644 ,
2638 2581 2915 2636 mensibus
2946 2582 3149 2649 tribus,
3182 2598 3353 2654 usque
3381 2586 3449 2643 ad

2052 2679 2255 2718 annum
2276 2664 2492 2720 Domini
2513 2668 2618 2721 467

2057 2751 2367 2825 Simplicius
2413 2758 2571 2812 annis
2611 2751 2709 2827 15,
2762 2775 2949 2815 mense
2996 2774 3130 2829 uno,
3171 2778 3345 2835 usque
3382 2768 3452 2822 ad

2059 2857 2261 2900 annum
2286 2845 2500 2901 Domini
2523 2848 2646 2903 482.

2003 2977 2016 2990 .
2057 2935 2207 2991 Felix
2236 2938 2327 2991 5η·
2359 2937 2519 2993 annis
2549 2938 2718 2995 ferme
2744 2940 2798 3009 9,
2834 2956 3008 3013 usque
3029 2942 3099 2999 ad
3119 2959 3321 3001 annum
3345 2945 3453 3003 Do.

2055 3028 2189 3082 mini
2216 3027 2339 3082 491.

2052 3117 2298 3174 Gelasius
2320 3118 2477 3174 annis
2502 3120 2556 3188 4,
2578 3122 2857 3177 mensibus
2883 3122 2936 3191 8,
2966 3138 3139 3193 usque
3158 3116 3224 3180 ad
3249 3142 3344 3182 anr
3359 3143 3452 3183 um

2064 3206 2279 3263 Domini
2313 3208 2437 3267 496.

2056 3297 2378 3358 Anastasius
2407 3299 2565 3355 annis
2604 3299 2775 3356 ferme
2800 3300 3033 3369 duobus,
3070 3316 3243 3373 usque
3264 3305 3329 3360 ad
3355 3320 3458 3363 an-

2054 3403 2185 3444 num
2211 3389 2423 3467 Domini
2444 3389 2569 3471 498.

2003 3520 2016 3533 .
2061 3478 2406 3536 Simmachus
2426 3481 2585 3537 annis
2614 3478 2701 3549 15,
2723 3481 3002 3539 mensibus
3027 3482 3196 3539 ferme
3210 3484 3265 3554 8,
3286 3502 3459 3557 usque

2062 3573 2129 3627 ad
2154 3588 2358 3627 annum
2391 3572 2607 3628 Domini
2628 3573 2752 3629 514.

2004 3704 2017 3717 .
2057 3662 2329 3718 Hormista
2361 3663 2519 3718 annis
2549 3664 2800 3735 9,~usque
2832 3664 2900 3721 ad
2927 3666 3267 3721 consulatum
3310 3666 3457 3721 Sim-

2059 3753 2238 3807 machi
2271 3762 2324 3808 et
2352 3752 2541 3819 Boetii,
2576 3755 2630 3809 id
2656 3763 2743 3811 est
2764 3756 2831 3810 ad
2854 3769 3057 3810 annum
3085 3755 3298 3810 Domini
3327 3757 3451 3811 525.

2004 3884 2019 3897 .
2058 3842 2332 3899 Johannes
2377 3845 2570 3898 martir
2598 3844 2757 3899 annis
2797 3845 3031 3911 duobus,
3086 3844 3364 3900 mensibus
3397 3846 3454 3912 9,

2063 3950 2235 4003 usque
2265 3936 2332 3988 ad
2355 3949 2555 3987 annum
2581 3933 2795 3987 Domini
2820 3932 2942 3987 526.

2060 4023 2208 4077 Felix
2237 4024 2326 4077 4ιιι
2356 4023 2513 4077 annis
2541 4023 2594 4089 4,
2619 4024 2901 4080 mensibus
2935 4025 3169 4095 duobus,
3194 4042 3365 4096 usque
3390 4027 3461 4083 ad

2062 4128 2264 4168 annum
2294 4110 2509 4167 Domini
2532 4113 2655 4169 550.

2062 4203 2372 4261 Bonifacius
2393 4204 2485 4258 2tul
2508 4206 2665 4261 annis
2679 4206 2910 4271 duobus,
2934 4222 3119 4261 mense
3138 4206 3307 4261 ferme
3323 4223 3459 4279 uno,

2065 4314 2237 4369 usque
2264 4299 2331 4353 ad
2357 4313 2558 4352 annum
2595 4296 2809 4352 Domini
2833 4286 2955 4353 552.

2009 4431 2022 4443 .
2062 4388 2336 4443 Johannes
2365 4389 2479 4454 2‘",
2505 4387 2599 4457 qui
2619 4396 2672 4443 et
2696 4386 3018 4457 Mercurius,
3048 4392 3207 4448 annis
3228 4393 3463 4462 duobus,

2065 4478 2345 4533 mensibus
2372 4478 2427 4542 4,
2457 4494 2631 4548 usque
2658 4478 2725 4533 ad
2746 4495 2950 4535 annum
2986 4481 3199 4538 Domini
3223 4485 3347 4538 554.

2064 4568 2325 4641 Agapitus
2345 4586 2489 4624 anno
2514 4569 2683 4627 ferme
2710 4587 2851 4639 uno;
2874 4574 2968 4642 qui
2996 4572 3461 4644 Constantinopoli

2062 4660 2372 4730 defunctus,
2416 4661 2644 4716 Romam
2672 4663 2893 4745 relatus
2939 4670 3023 4715 est
3065 4678 3209 4718 anno
3248 4663 3461 4720 Domini

2062 4752 2217 4807 555°.

2070 4839 2329 4895 Silverius
2351 4839 2540 4894 martir
2568 4854 2713 4895 anno
2733 4854 2865 4907 uno,
2887 4842 3169 4898 mensibus
3190 4844 3257 4911 5;
3288 4846 3382 4915 qui
3410 4847 3463 4901 in

2067 4932 2228 4985 exilio
2258 4931 2391 4986 obiit
2418 4932 2503 4985 l2.
2536 4930 2652 4986 Kal.
2684 4930 2792 4986 Jul.
2821 4932 3115 4990 indictione
3146 4936 3271 5003 15⁸,
3318 4952 3462 4993 anno

2070 5020 2285 5075 Domini
2310 5021 2463 5077 557⁸.

2068 5110 2298 5181 Vigilius
2312 5114 2471 5168 annis
2495 5115 2580 5180 17,
2608 5115 2887 5170 mensibus
2914 5113 3081 5167 ferme
3110 5114 3176 5179 7;
3203 5115 3295 5184 qui
3321 5116 3466 5171 Con-

2073 5202 2427 5273 stantinopoli
2455 5204 2548 5259 diu
2571 5205 2839 5268 exulatus,
2864 5212 2917 5257 et
2944 5203 3163 5258 demum
3194 5206 3463 5260 relaxatus

2072 5292 2205 5346 obiit
2229 5294 2362 5347 554°
2393 5308 2555 5349 anno.

2070 5380 2319 5455 Pelagius
2368 5384 2524 5457 annis
2564 5380 2659 5450 11,
2710 5384 2990 5441 mensibus
3036 5384 3134 5447 10,
3180 5399 3350 5453 usque
3398 5388 3462 5441 ad

2071 5490 2272 5529 annum
2303 5472 2517 5527 Domini
2545 5472 2668 5528 565.

2068 5565 2339 5618 Iohannes
2360 5565 2449 5616 5'"
2480 5565 2638 5618 annis
2666 5564 2833 5619 ferme
2853 5565 2939 5627 15,
2970 5578 3143 5632 usque
3167 5564 3232 5617 ad
3256 5580 3461 5619 annum

2071 5655 2282 5707 Domini
2312 5654 2435 5708 578.
2459 5655 2741 5709 Cessatum
2780 5663 2863 5708 est
2888 5653 2952 5706 10
2983 5654 3278 5709 mensibus.

2069 5744 2389 5801 Benedictus
2430 5748 2586 5801 annis
2629 5748 2679 5811 4,
2713 5745 2993 5799 mensibus
3018 5744 3185 5799 ferme
3210 5747 3264 5812 2,
3293 5760 3463 5820 usque
