3970 6378
464 514 602 576 sees

632 714 942 770 claruerunt
974 714 1035 769 “.
1071 713 1132 771 in
1168 715 1323 786 cujus
1350 715 1404 769 7°
1435 730 1581 776 anno
1606 713 1898 769 Guibertus
1928 712 2032 768 Ra,

632 818 835 865 vennas
877 804 1224 861 hercsiarcha
1253 805 1438 861 sedem
1466 804 1819 875 apostolicam
1857 804 2031 859 tiran-

632 892 756 949 nice
789 893 1011 961 invasit,
1046 910 1275 973 eamque
1303 911 1475 965 usque
1502 904 1629 965 post
1660 895 1865 949 obitum
1891 893 2024 950 Gre-

634 983 773 1053 gorii
815 1000 968 1057 papae
1015 986 1197 1060 plures
1237 1002 1409 1043 annos
1452 986 1743 1043 infestavit.
1788 984 1940 1040 Unde
1974 994 2027 1040 et

632 1073 769 1130 duos
803 1090 975 1135 annos
996 1077 1225 1133 cessavit
1245 1075 1608 1147 episcopatus.

472 1160 595 1219 160.
638 1162 822 1221 Victor
845 1165 959 1233 δυ’,
999 1169 1094 1237 qui
1123 1175 1178 1222 et
1208 1168 1516 1223 Desiderius
1549 1165 1807 1222 Romana:
1838 1166 2027 1222 saeclo».-

631 1254 727 1311 siae
760 1257 1049 1314 candinalis
1071 1268 1124 1314 et
1157 1259 1323 1315 abbas
1347 1257 1711 1323 Cassinensis,
1749 1273 1892 1311 anno
1915 1256 2025 1311 Do-

613 1345 764 1400 mini
787 1345 947 1424 1087,
976 1348 1280 1417 ordinatus,
1304 1364 1519 1407 menses
1553 1350 1586 1404 4
1626 1348 1762 1406 sedit
1804 1349 1866 1401 “.
1904 1346 2030 1401 Cesv

1416 513 1529 581 _AD
1561 512 1787 569 OPERA
1824 511 1880 566 S.
1919 510 2243 568 GREGORH
2278 510 2720 575 APPENDICES.

631 632 759 685 ante
802 624 1009 679 obitum
1049 624 1169 694 ejus
1202 631 1257 679 et
1302 633 1490 695 postea
1524 625 1712 679 multis
1753 624 2029 680 miraculis
2058 631 2103 687 Α

3563 501 3711 560 1500

2294 633 2470 682 satum
2494 633 2578 679 est
2596 637 2814 678 menses
2841 622 2893 677 5.

2134 714 2254 769 161.
2296 713 2548 770 Urbanus
2582 714 2698 781 ειη,
2730 712 2824 783 qui
2862 719 2917 767 et
2949 709 3075 771 Otto
3108 710 3261 781 prius
3284 708 3555 779 Ostiensis
3583 710 3708 791 epi-

2301 820 2519 875 scopus,
2546 820 2688 859 anno
2724 803 2941 858 Domini
2972 802 3131 869 1088,
3153 802 3436 857 ordinatus
3462 801 3528 867 ",
3557 800 3707 855 sedit

2294 911 2470 951 annos
2506 896 2594 962 11,
2620 910 2837 951 menses
2857 895 2911 961 5,
2942 909 3117 965 usque
3155 895 3211 949 in
3238 906 3444 947 annum
3478 889 3704 953 Domini

2297 986 2453 1042 1099.
2488 984 2773 1041 Cessatum
2803 994 2887 1039 est
2918 985 2982 1040 15
3009 983 3145 1039 dies.

2133 1076 2255 1132 162.
2295 1075 2575 1131 Paschalis
2618 1078 2736 1143 2'",
2771 1075 2866 1145 qui
2900 1084 2955 1129 et
2978 1075 3021 1106 “
3048 1072 3405 1144 Reginherius
3429 1069 3705 1141 presbiter

2292 1166 2583 1222 'cardinalis
2605 1181 2671 1221 ex
2694 1166 2851 1221 titulo
2880 1164 3066 1221 Sancti
3086 1162 3399 1232 Clementis,
3416 1176 3560 1216 anno
3583 1172 3704 1232 quo

2296 1271 2461 1328 supra
2483 1250 2764 1312 ordinatus
2799 1256 2859 1309 ⁸³.

921 1558 1244 1677 HAS"
1321 1565 1685 1681 SUNT
1772 1559 2388 1677 CRONICA
2469 1558 3230 1707 BERNOLDI,

478 1798 751 1907 QUAE
806 1797 1619 1893 CONTRADIDIT
1656 1794 2428 1892 MONASTERIO
2489 1795 2875 1887 DOMNI
2922 1796 3693 1891 SALVATORIS.
3740 1882 3747 1886 .

1846 2035 2247 2055 —--_

506 2216 772 2257 mcxrwsr
808 2218 1063 2261 cnnomcs
1100 2220 1445 2263 venenatus
1475 2222 1624 2263 suos:
1673 2222 1995 2263 passura-sm
2059 2211 2108 2273 Β
2133 2202 2465 2273 evangelista
2507 2200 2752 2255 Matbeus
2776 2200 2908 2256 certi
2936 2202 3179 2273 mysterii
3212 2202 3382 2274 gratia
3416 2205 3481 2260 M
3515 2206 3698 2275 ponit.

813 2289 982 2328 JUITA
1020 2291 1317 2331 HEBBAICAI
1354 2293 1681 2332 VEBITATEI.

538 2359 720 2419 Prima
753 2362 934 2435 (1268)
960 2374 1043 2420 est
1076 2367 1237 2437 hujus
1260 2368 1447 2423 mundi
1480 2377 1612 2424 aetas
1642 2368 1711 2424 ab
1730 2368 2025 2425 Adamna-

468 2466 575 2521 que
595 2452 661 2507 ad
687 2452 820 2521 Noe,
859 2457 1142 2512 continens
1164 2474 1337 2514 annos
1366 2460 1521 2529 juxta
1540 2458 1860 2514 Hebraicam
1886 2460 2027 2513 veri-

466 2549 635 2596 tatem
683 2542 841 2611 1656,
877 2546 1033 2614 juxta
1075 2550 1412 2618 septuaginta
1455 2550 1774 2619 interpretes
1806 2549 1948 2603 2240
1983 2550 2025 2581 "

467 2632 843 2703 generationes
860 2635 1014 2706 juxta
1042 2647 1323 2709 utramque
1359 2639 1648 2695 editionem
1681 2655 1907 2696 numero
1937 2639 2021 2695 10.

465 2714 599 2791 Quae
630 2726 923 2795 universali
946 2736 1030 2784 est
1050 2729 1222 2786 deleta
1243 2731 1477 2797 diluvio;
1510 2731 1652 2786 sicut
1684 2731 1914 2801 primam
1937 2748 2029 2787 cu-

462 2815 665 2884 jusque
696 2814 931 2872 hominis
969 2818 1169 2875 oblivio
1215 2820 1525 2891 demergere
1567 2822 1851 2875 consuevit
1888 2829 2026 2887 aeta-

465 2914 597 2957 tem.
623 2902 836 2970 Quotus
859 2908 1004 2967 enim
1028 2910 1259 2980 quisque
1288 2918 1393 2979 est,
1417 2911 1512 2983 qui
1531 2926 1686 2973 suam
1712 2907 2028 2969 recordetur

466 2992 791 3049 infantiam?
1744 3045 1775 3050 μ

540 3082 960 3143 Secunda"a:tas
991 3104 1022 3146 a
1042 3087 1155 3146 Noe
1179 3106 1355 3162 usque
1379 3092 1449 3147 ad
1477 3092 1771 3161 Abraham,
1800 3109 2027 3164 genera.-

469 3180 647 3235 tiones
686 3180 845 3276 juxta
883 3182 1212 3276 ‘Hebraicam
1262 3186 1541 3245 veritatem
1591 3189 1869 3259 complexa
1924 3188 2051 3259 10,’

468 3286 646 3374 annos
665 3274 1000 3374 auteen‘2il2,
1035 3292 1199 3347 porro
1226 3277 1382 3374 juxta
1409 3280 1754 3374 septuaginta
1765 3281 2028 3374 interpret-

467 3370 551 3417 tes
594 3379 767 3435 annos
796 3364 962 3435 ³1072,
1009 3368 1383 3438 generationes
1412 3385 1540 3425 vero
1580 3371 1665 3426 11.
1710 3369 1834 3425 Haec
1867 3366 2027 3441 quasi

466 3454 711 3521 puericia
732 3454 835 3512 fuit
868 3458 1043 3527 gentis
1062 3460 1253 3529 populi
1274 3459 1388 3527 Dei,
1414 3468 1470 3518 et
1485 3460 1605 3515 ideo
1628 3462 1696 3519 in
1732 3461 1913 3532 lingua
1943 3462 2027 3516 in-

466 3552 629 3597 venta
658 3554 762 3611 est,
786 3547 840 3601 id
872 3556 955 3603 est
993 3547 1217 3605 Hebrea.
1250 3550 1297 3603 Δ
1319 3551 1557 3620 puericia
1588 3567 1823 3621 namque
1856 3552 2025 3612 homo
2054 3532 2096 3589 Ο

468 3630 662 3701 incipit
692 3634 841 3705 loqui
864 3652 1025 3693 nosse
1055 3648 1180 3708 post
1200 3639 1507 3708 infantiam,
1528 3656 1665 3716 qua:
1687 3642 1816 3697 hinc
1839 3642 2024 3711 appel-
2070 3647 2078 3658 '

466 3718 577 3777 lata
603 3730 706 3787 est,
734 3722 880 3792 quod
900 3723 1001 3780 fari
1020 3741 1128 3780 non
1157 3734 1354 3795 potest.

541 3810 731 3867 Tercia
767 3812 809 3845 ¹⁸
834 3814 902 3868 ab
920 3814 1194 3870 Abraham
1223 3829 1398 3884 usque
1416 3815 1485 3870 ad
1509 3814 1699 3883 David,
1726 3816 2027 3887 generatio-
2081 3815 2087 3820 ’

464 3918 566 3957 nes
599 3902 753 3973 juxta
796 3911 1084 3976 utramque
1108 3906 1482 3965 auctoritatem
1511 3906 1597 3974 li,
1636 3923 1809 3963 annos
1842 3916 2025 3967 autem

466 3993 572 4047 812
610 3994 652 4025 "
684 3995 1067 4065 complectens.
1106 3996 1232 4052 Huic
1264 3997 1511 4067 quaedam
1540 3997 1686 4053 velut
1712 3998 2027 4054 adulescen-

466 4083 539 4137 tia
567 4082 667 4139 fuit
687 4086 871 4155 populi
898 4086 1013 4153 Dei,
1037 4103 1143 4157 qua
1169 4095 1325 4143 mtate
1353 4088 1540 4158 incipit
1566 4089 1730 4146 homo
1756 4105 1916 4159 posse
1943 4081 2046 4159 ge?

468 4188 680 4228 nerare.
705 4174 997 4246 PrOpterea
1019 4177 1262 4234 Mathens
1278 4180 1604 4250 evangelista
1618 4182 2024 4251 generationum

470 4274 539 4314 ex
585 4260 857 4319 Abraham
898 4268 1131 4337 sumpsit
1166 4269 1481 4337 exordium;
1524 4270 1619 4341 qui
1666 4272 1831 4326 etiam
1875 4280 2028 4341 pater

469 4352 715 4420 gentium
739 4357 1066 4422 constitutus
1107 4368 1209 4427 est,
1258 4360 1476 4438 quando
1520 4368 1789 4422 mutatum
1830 4377 2027 4425 nomen

469 4443 695 4513 accepit.
1000 4475 1004 4479 ‹
1308 4497 1316 4503 .

542 4534 750 4603 Quarta
784 4552 815 4591 a
841 4535 1008 4593 David
1024 4540 1208 4609 usque
1228 4541 1297 4595 ad
1325 4543 1850 4613 transmigrationem
1877 4542 2033 4598 Babi-

472 4627 638 4695 lonis,
697 4628 905 4685 habens
962 4645 1136 4685 annos
1190 4630 1345 4701 juxta
1385 4630 1703 4686 Hebraicam
1748 4634 2029 4687 veritatem

2128 2294 2176 2348 Α
2209 2309 2317 2363 qua
2362 2293 2509 2347 velut
2544 2291 2783 2361 juvenali
2829 2299 2985 2345 aetate
3032 2291 3087 2345 in
3129 2292 3329 2361 populo
3357 2292 3470 2347 'Dei
3504 2310 3699 2365 regum

2126 2393 2371 2453 tempora
2394 2389 2691 2451 coeperunt.
2730 2380 2855 2435 Haec
2883 2396 3117 2451 namque
3138 2390 3270 2437 aetas
3299 2382 3341 2413 “
3366 2382 3422 2436 in
3456 2384 3703 2439 homini-

2124 2474 2229 2528 bus
2250 2482 2374 2542 apta
2404 2472 2752 2542 gubernando
2777 2472 2914 2527 solet
2944 2472 3178 2527 existere
3198 2487 3383 2542 regno.

2195 2561 2395 2627 Quinta
2420 2560 2576 2630 quasi
2611 2558 2797 2614 senilis
2826 2569 2979 2625 tetas,
3001 2574 3033 2613 a
3066 2560 3547 2631 transmigratione
3584 2561 3700 2617 Ba-

2125 2651 2325 2707 bilonis
2361 2667 2533 2721 usque
2562 2652 2618 2705 in
2648 2650 2939 2705 adventum
2972 2648 3178 2705 domini
3206 2648 3505 2706 Salvatoris
3528 2661 3584 2707 et
3608 2653 3703 2707 in-

2125 2743 2516 2809 carnationem,
2539 2741 2978 2812 generationibus
2996 2749 3051 2795 et
3075 2740 3190 2811 ipsa
3219 2742 3307 2808 ﬂ,
3338 2757 3505 2811 porro
3532 2744 3700 2800 annis

2126 2832 2230 2887 570
2264 2834 2309 2864 ¹¹
2333 2842 2570 2898 extenta,
2592 2832 2647 2885 in
2677 2847 2785 2901 qua
2812 2840 2874 2885 nt
2896 2832 3048 2902 gravi
3074 2841 3351 2888 senectute
3371 2832 3540 2902 fessa,
3570 2850 3698 2889 ma-

2126 2920 2194 2976 lis
2215 2922 2581 2976 crebrioribus
2605 2921 2756 2990 plebs
2776 2919 2987 2975 Hebrea
3013 2930 3323 2990 quassatur.

2198 3009 2359 3065 Sexta
2392 3027 2514 3081 qua:
2548 3027 2694 3066 nunc
2719 3012 2898 3087 agitur
2924 3018 3077 3077 mtas,
3106 3011 3255 3064 nulla
3282 3014 3697 3081 generationnn

2124 3102 2209 3157 vel
2249 3110 2557 3171 temporum
2608 3102 2747 3157 serie
2795 3110 2961 3168 certa,
3014 3110 3095 3156 set
3138 3110 3197 3156 ut
3228 3110 3361 3157 aetas
3398 3103 3697 3173 decrepita,

2126 3192 2245 3263 ipsa
2290 3180 2471 3248 totius
2500 3192 2667 3251 seculi
2698 3201 2874 3247 morte
2922 3193 3313 3247 consumenda.
3350 3191 3459 3249 Has
3509 3209 3699 3250 erum.

2127 3300 2288 3339 nosas
2318 3284 2614 3354 plenasque
2629 3273 2914 3338 laboribus'
2931 3284 3121 3338 mundi
3142 3292 3348 3351 aetates,
3378 3286 3548 3340 sancti
3571 3286 3701 3356 qui-

2127 3390 2233 3445 que
2262 3374 2406 3430 felici
2427 3383 2602 3429 morte
2631 3375 2895 3429 vicerunt.

2199 3464 2437 3535 Septima
2453 3465 2565 3535 jam
2580 3465 2789 3519 sabbati
2805 3466 3059 3535 perennis
3071 3474 3226 3521 aetate
3253 3467 3511 3537 suscepti,
3538 3476 3697 3522 octa-

2128 3570 2253 3608 vam
2292 3556 2464 3609 beata:
2490 3556 2912 3627 resurrectionis
2950 3564 3200 3623 aetatem,
3242 3556 3297 3609 in
3329 3572 3437 3627 qua
3479 3573 3702 3627 semper

2130 3658 2253 3699 cum
2285 3642 2515 3698 Domino
2540 3651 2787 3713 regnent,
2823 3653 3126 3713 expectant.
3192 3639 3199 3645 ’

2444 3732 2706 3786 Decuma
2746 3734 3123 3802 prcedictarsun
3154 3742 3393 3802 aratum.

2444 3743 2706 3786 Decursus
2746 3743 3123 3802 prwdtctarsun
3154 3743 3393 3877 (cyma.

2200 3818 2379 3875 Prima
2409 3822 2574 3892 igitur
2611 3830 2769 3878 aetate
2806 3822 2974 3877 seculi
3005 3837 3205 3878 nascen
3252 3839 3298 3891 s,
3334 3825 3505 3893 prima
3530 3825 3703 3895 hujus

2132 3916 2239 3982 die,
2279 3913 2409 3971 fecit
2434 3915 2576 3971 Deus
2620 3916 2819 3983 lucem,
2856 3932 3021 3986 quam
3072 3918 3360 3987 appellavit
3386 3918 3550 3973 diem.
3580 3920 3698 3976 .Se-

2132 4006 2310 4061 cunda
2342 4007 2742 4061 firmamentum
2782 4008 2906 4063 caeli
2950 4007 3007 4061 in
3047 4008 3225 4081 medio
3276 4008 3491 4064 libravit
3519 4002 3699 4081 aqua-

2128 4114 2273 4165 rum,
2307 4098 2441 4167 ipsis
2467 4098 2624 4168 aquis
2658 4114 2721 4153 ac
2738 4106 2884 4153 terra
2908 4114 3031 4153 cum
3056 4098 3336 4168 superiore
3356 4100 3492 4155 cmlo
3511 4111 3565 4155 et
3583 4102 3700 4156 vir-

2129 4188 2361 4254 tutibus,
2408 4205 2530 4259 quae
2560 4189 2615 4243 in
2636 4204 2701 4245 eo
2728 4188 3063 4244 conditorem
3097 4182 3400 4255 laudarent,
3430 4199 3559 4245 ante
3592 4192 3698 4246 ho-

2126 4294 2248 4332 rum
2272 4294 2365 4334 sex
2388 4279 2600 4343 dierum
2624 4279 2911 4335 exordium
2935 4279 3152 4344 creatis,
3180 4286 3280 4333 etc.
3323 4317 3340 4333 .
3383 4318 3397 4335 .
3439 4318 3455 4333 .
3499 4319 3513 4333 .
3557 4298 3573 4333 ε
3617 4320 3633 4338 .
3676 4321 3694 4335 .

2126 4376 2186 4421 ut
2207 4369 2348 4438 apud
2368 4361 2568 4421 Bedam
2591 4369 2656 4422 de
2679 4384 2771 4422 sea:
2796 4366 3042 4420 atatibus
3068 4366 3272 4419 Mundi.

2120 4496 2128 4502 -
2199 4457 2478 4526 Josaphat,
2517 4446 2662 4511 ﬁlius
2702 4457 2833 4521 Asa,
2878 4454 3036 4508 annis
3078 4453 3169 4507 25.
3200 4451 3383 4507 Helias
3410 4451 3699 4522 Thespites
3750 4486 3756 4491 -

2128 4554 2243 4601 tres
2272 4546 2440 4600 semis
2468 4560 2641 4599 annos
2667 4545 2904 4614 pluviam
2932 4540 3203 4597 continuit
3228 4548 3449 4610 propter
3470 4549 3698 4610 peccata

2128 4630 2317 4690 Achab
2336 4643 2389 4688 et
2404 4633 2586 4703 populi
2601 4633 2822 4688 Israhel.
2838 4632 2903 4687 Et
2926 4633 3066 4686 inter
3084 4639 3276 4686 caetera
3296 4630 3563 4701 magnalia
3586 4627 3700 4685 Ηθ

474 4712 581 4774 460
608 4721 675 4787 ⁸⁸,
706 4722 864 4791 juxta
884 4723 1227 4795 septuaginta
1241 4722 1655 4801 translationem
1683 4722 1751 4777 l2
1775 4723 2027 4793 amplius,
2062 4737 2106 4791 ι)
2128 4724 2346 4793 liseum,
2376 4725 2547 4779 ﬁlium
2573 4724 2794 4795 Saphat,
2826 4724 2921 4794 qui
2947 4723 3049 4778 fuit
3067 4722 3134 4778 de
3147 4721 3481 4789 Abelmaula,
3508 4737 3608 4792 pro
3635 4736 3700 4777 se

469 4813 849 4875 generationes
864 4813 1017 4884 juxta
1045 4826 1305 4887 utrosque
1325 4814 1541 4875 codices
1568 4814 1666 4881 i7;
1690 4829 1828 4886 quas
1844 4822 2024 4875 tamen

2130 4817 2286 4872 unxit
2298 4817 2354 4871 in
2364 4814 3023 4888 prophtetamJeronimus
3032 4814 3077 4856 '-’
3088 4814 3144 4869 in
3154 4813 3293 4869 libro
3304 4811 3697 4869 Hebraicarun

1768 4926 2002 4982 vuum
2042 4926 2443 4984 LECTIONES.
2498 5000 2501 5001 ί

534 5014 589 5091 ’ίξ
624 5013 1091 5091 Οαωιξεσυαηειτ,
1112 5018 1220 5091 aiio
1250 5027 1542 5091 atramento
1566 5022 1767 5091 scripta
1786 5029 1928 5075 sunt.
2008 5020 2198 5075 ".Itinc
2223 5020 2333 5075 alio
2361 5029 2673 5075 atramento.
2761 5021 2803 5052 ¹³
2834 5036 2950 5091 quae
2972 5028 3257 5091 sequuntur
3292 5031 3451 5085 usque
3492 5013 3701 5091 Regin-

472 5084 679 5161 herius,
725 5083 1163 5161 aliogatramento
1198 5088 1255 5139 in
1281 5088 1405 5161 toea,
1424 5106 1563 5143 raso.
1612 5142 1613 5145 η
1641 5083 1699 5161 “7
1718 5107 1833 5161 qua:
1880 5099 2185 5161 sequuntur,
2215 5091 2324 5150 alio
2350 5100 2645 5145 atramento
2667 5083 2858 5144 addita'
2886 5083 3049 5161 sunt."
3104 5089 3151 5161 ίξ
3171 5098 3282 5161 tum
3305 5083 3468 5161 manu
3486 5083 3699 5161 elicite,

470 5172 576 5209 non
606 5154 879 5218 Bemolds',
907 5154 1016 5215 Ιιωσ

472 5224 630 5280 1119.
663 5223 785 5277 165.
811 5221 1060 5292 Gelasius
1094 5221 1209 5288 ειη,
1236 5225 1329 5292 qui

1044 5154 1252 5276 adiecta
1297 5156 1577 5236 leguntur:
1616 5153 1756 5215 sedit
1792 5153 1964 5215 annos
2002 5160 2088 5228 19,
2125 5153 2342 5242 menses
2370 5162 2422 5228 6,
2463 5177 2636 5276 usque
2676 5161 2732 5217 in
2777 5168 2981 5217 annum
3008 5156 3280 5214 dominice
3305 5153 3704 5234 incarnationis

1044 5238 1060 5276 Β
1132 5233 1209 5276 α’.
1236 5239 1329 5276 (nu
1368 5233 1423 5276 et
1471 5224 1742 5276 Iohannes
1780 5229 2033 5276 Romamn
2078 5232 2334 5276 accipiam
2382 5232 2530 5276 arnhi
2572 5233 2815 5276 iamnns-
2860 5242 3005 5276 anno
3052 5240 3161 5276 auo
3203 5237 3367 5276 supra
3393 5221 3701 5276 ordmatus-

1368 5233 1423 5278 et
1471 5224 1742 5284 Iohannes
1780 5229 2033 5283 Romanae
2075 5221 2334 5286 maciesias
2382 5221 2816 5292 archidiaconus,
2860 5242 3005 5280 anno
3052 5240 3161 5293 quo
3203 5237 3367 5291 supra
3393 5221 3701 5293 ordinatus,

452 5294 612 5371 sedit
644 5310 814 5349 unum
842 5291 1012 5371 ferme
1031 5291 1271 5371 annum;
1306 5294 1425 5347 164.
1453 5293 1689 5349 Calistus
1723 5298 1842 5364 2“,
1882 5300 2062 5367 quiet
2110 5299 2271 5371 Fido
2325 5300 2646 5356 Viennensis
2698 5291 3178 5371 archiepiscopus,
3232 5306 3375 5345 anno
3426 5291 3707 5371 dominice

472 5372 865 5428 incarnationis
917 5369 1073 5425 1120.
1127 5370 1407 5425 ordinatus
1454 5380 1597 5425 est.-
1664 5372 1707 5403 “
1754 5381 1834 5424 sta
1883 5374 1934 5427 1.

2028 5374 2069 5405 *⁷
2098 5367 2411 5433 ΙῙΛἸΟΧΙᾸΙ.
2444 5395 2579 5433 corr.
2609 5373 2881 5437 ILCCXL.
2902 5372 2954 5437 ί-

3032 5370 3085 5441 f"
3101 5370 3183 5441 hic
3213 5371 3277 5441 ετξ
3301 5371 3538 5441 margine
3564 5370 3706 5441 lesi-

476 5452 564 5495 tur
586 5458 604 5494 :
633 5440 699 5517 Hi
729 5450 857 5517 sunt
895 5447 1142 5496 auctores
1192 5441 1534 5517 cronicorum
1561 5459 1573 5493 :
1604 5440 1889 5517 Eusebius,
1945 5440 2266 5517 leronimus,
2310 5447 2562 5517 Prosper,
2596 5436 3207 5517 Dionisiy‘sglprdanis,
3254 5436 3709 5517 (ξς-ψξέιῇ

474 5523 655 5578 tempo

480 5652 536 5704 in
564 5651 792 5720 margine
813 5651 904 5706 sed
935 5652 1114 5705 eadem
1150 5666 1307 5703 manu
1338 5650 1386 5703 1.
1420 5649 1602 5702 desunt
1642 5650 1692 5704 3.

552 5848 567 5919 ί
582 5850 730 5923 θῦε)
768 5850 846 5905 Ex
874 5852 1012 5908 Beda
1045 5853 1118 5909 De
1141 5870 1232 5909 sex
1262 5852 1508 5908 (statibus
1545 5849 1750 5905 mundi.

658 5512 732 5567 ris
754 5511 1145 5575 Heremannus,
1168 5519 1233 5580 et
1250 5510 1499 5580 deinceps
1528 5510 1753 5580 quilibet
1777 5510 1860 5565 sui
1890 5510 2541 5580 temporiS'descriptores.

477 5580 523 5614 ’°
553 5579 956 5638 CCCCLXXIII.
988 5598 1125 5635 corr.
1160 5578 1453 5651 CCCCLX.
1483 5580 1532 5632 1.
1610 5579 1649 5651 ἐ
1683 5596 1783 5635 vos;
1804 5578 2185 5651 addita-supra
2205 5584 2300 5640 lin.

2620 5479 3240 5565 ii"iii§'ii'6éiiii‘f'23?’r.
3254 5479 3709 5564 ἨἓᾶιῖιίῖίἿῖ

2376 5627 2390 5641 .
2466 5587 2511 5627 1³
2544 5576 2939 5637 DLXXXVIIII.
2966 5594 3106 5639 corr.
3139 5577 3346 5637 DLXX.
3370 5578 3427 5641 1,
3522 5578 3572 5611 ⁸³
3596 5579 3716 5637 luco

1970 5759 2195 5815 ΝΟΤᾹΞ.
