3970 6348
221 450 373 505 13οι

224 654 379 709 mini
408 667 674 720 accensus
715 650 936 708 Zambri
978 667 1103 707 cum
1133 651 1421 707 lloabitide
1458 653 1816 709 fornicantem

228 741 538 799 transﬁxit.
577 739 803 811 Proprie
843 751 1025 796 autem
1067 750 1294 797 vocatur
1339 739 1556 809 Finees,
1595 758 1720 798 nam
1750 743 1818 797 ab

229 841 446 888 eventu
474 831 660 888 Helias
685 833 905 888 dicitur.
954 831 1093 888 Cum
1138 831 1284 888 enim
1327 832 1472 889 idem
1517 833 1712 890 Finees
1750 835 1820 892 ab

230 925 550 981 Israelitico
588 925 790 995 populo
836 924 1146 989 mitteretur
1180 923 1249 979 ad
1292 924 1496 980 tribum
1534 924 1725 981 Ruben
1767 933 1823 980 et

236 1017 415 1084 οδω,
445 1031 569 1086 quae
596 1015 836 1070 enormis
868 1014 1260 1085 magnitudinis
1293 1015 1462 1072 altare
1504 1024 1826 1072 construxe-

235 1117 398 1173 rant,
440 1108 547 1162 hoc
587 1105 758 1161 abeis
806 1119 1129 1175 responsum
1159 1107 1526 1164 excusationis
1570 1107 1775 1178 accepit
1809 1125 1821 1161 :

238 1198 614 1254 Fortissimus
645 1197 789 1254 Deus
816 1195 1100 1258 Dominus.
1125 1197 1242 1268 ipse
1282 1188 1452 1254 novit.
1482 1197 1561 1254 Ex
1591 1214 1825 1269 quorum

213 1304 523 1361 responso
561 1289 678 1359 ipse
702 1287 937 1344 Phinees
959 1297 1190 1358 vocatus
1227 1298 1311 1346 est
1346 1287 1547 1358 Helias,
1577 1289 1723 1362 quod
1745 1289 1828 1344 in-

243 1389 624 1453 terpretatur:
655 1379 801 1435 Deus
820 1378 1114 1454 Dominus,
1145 1388 1246 1435 etc.
1289 1421 1304 1434 .
1349 1421 1363 1434 .
1403 1421 1418 1435 .
1462 1421 1477 1436 .
1522 1421 1536 1434 .
1581 1420 1595 1435 .
1637 1421 1652 1434 .
1693 1421 1707 1434 .
1751 1420 1765 1435 .
1811 1421 1825 1434 .

332 1473 503 1528 Roma
541 1471 758 1528 condita
783 1471 840 1526 in
865 1479 1052 1544 monte
1076 1465 1352 1539 i’alatino,
1377 1472 1464 1527 11.
1483 1470 1599 1527 Kal.
1628 1470 1779 1538 Maii,
1800 1487 1832 1526 a

247 1565 494 1637 geminis
532 1563 703 1618 Remo
741 1572 796 1618 et
821 1563 1076 1632 Romulo,
1125 1564 1251 1621 filiis
1290 1563 1456 1619 Rheae
1481 1563 1680 1630 Silviae,
1711 1579 1834 1633 qua:

248 1665 380 1711 erat
397 1655 504 1710 ﬁlia
529 1653 831 1710 Numitoris
851 1653 1038 1716 fratris
1063 1655 1208 1726 regis
1235 1655 1459 1720 Amulii,
1489 1654 1643 1724 virgo
1665 1662 1838 1708 vesta-

251 1747 352 1813 lis,
377 1754 457 1802 set
469 1753 824 1816 constuprata
844 1746 901 1800 in
927 1745 1132 1802 salibus
1156 1745 1300 1802 ludis
1325 1746 1390 1800 ἰ.
1418 1743 1632 1801 Sabinae
1649 1753 1834 1815 raptat,

911 515 915 520 τ
1121 435 1408 504 APPEND.
1450 449 1535 505 in.
1575 480 1644 489 —
1681 449 2109 506 MONUMENTA
2146 449 2606 510 alimoniam.

223 559 588 634 qaestionum
607 559 824 626 asserit,
845 557 1051 615 Heliam
1065 575 1183 615 esse
1203 559 1428 629 Finecn,
1457 563 1552 632 qui
1574 563 1690 618 zelo
1709 561 1819 617 Do—
1849 569 1895 625 Α
1921 567 2118 644 mentis
2147 567 2391 624 consulis
2410 582 2475 641 ex
2501 579 2688 622 sorore
2716 563 2911 635 neptis,
2934 564 2988 618 iu
3015 563 3247 619 insulam
3269 563 3487 622 Pontia—

3348 445 3484 502 1302

1917 679 2044 718 nam
2069 665 2140 720 ob
2168 664 2290 720 fidei
2313 664 2690 720 testimonium
2719 663 2989 718 exiliatur.

2239 755 2317 810 De
2345 754 2528 826 (1269)
2561 755 2733 824 regnis
2753 751 3155 826 principalibus.

1990 841 2234 900 Primum
2271 860 2499 916 regnum
2522 842 2860 900 Assiriorum
2893 857 2926 898 a
2951 840 3112 908 Nino,
3137 837 3250 895 Beli
3277 837 3408 905 filio,
3437 845 3492 894 et

1923 934 2281 992 Semiramide
2305 951 2474 992 uxore
2497 934 2802 1014 ejus'qepit,
2829 940 2883 989 et
2910 930 3210 1016 permansit
3232 944 3408 1000 usque
3425 929 3492 982 ad

1923 1025 2504 1082 Thonoscon-coleron
2526 1041 2728 1097 regem,
2761 1024 2856 1096 qui
2885 1023 3054 1078 Grece
3080 1017 3496 1090 Sardanapallus

1923 1125 2172 1184 vocatur,
2207 1133 2370 1188 quem
2400 1117 2638 1173 Abarces
2658 1115 2943 1186 prmlectus
2969 1112 3248 1168 Medorum
3275 1110 3426 1175 vicit,
3447 1117 3501 1163 ct

1926 1224 2152 1281 regnum
2183 1210 2316 1264 illud
2360 1210 2415 1264 in
2455 1209 2638 1264 Medos
2681 1205 2972 1265 transtulit.
3011 1202 3069 1258 1n
3104 1219 3169 1258 eo
3213 1208 3498 1274 regnatum

1926 1309 2010 1356 est
2038 1316 2069 1354 a
2095 1300 2312 1370 regibus
2337 1300 2410 1355 '56
2448 1299 2605 1354 annis
2630 1299 2788 1366 1240,
2837 1296 2998 1355 factis
3039 1295 3106 1349 ab
3132 1293 3286 1351 initio
3311 1289 3500 1345 mundi

1930 1400 2055 1446 ante
2089 1389 2251 1461 hujus
2279 1389 2432 1460 regni
2457 1399 2707 1445 exortum
2736 1387 3033 1448 secundum
3059 1382 3373 1440 ehrouicam
3400 1378 3504 1434 Eu-

1931 1483 2067 1539 sebii
2095 1483 2256 1537 annis
2281 1480 2438 1537 5112.
2468 1479 2642 1551 Hujus
2672 1481 2822 1552 regni
2869 1487 3029 1549 caput
3057 1475 3281 1531 Ballllon
3315 1471 3504 1527 civitas

1932 1575 2127 1630 extitit.
2181 1571 2298 1629 Hoc
2338 1573 2636 1638 destructo,
2687 1586 2914 1642 regnum
2961 1568 3241 1626 Medorum
3295 1563 3503 1634 incipit,

1935 1665 2081 1734 quod
2107 1681 2138 1719 a
2161 1680 2285 1736 rege
2303 1664 2512 1720 Abaree
2536 1679 2707 1733 usque
2728 1661 2794 1715 ad
2824 1660 3117 1730 'Astrigcn,
3155 1672 3316 1727 quem
3348 1653 3506 1710 Cirus

1937 1755 2231 1826 superavit,
2267 1758 2484 1814 steterat
2503 1753 2664 1808 annis
2684 1752 2790 1807 259
2812 1751 2912 1805 sub
2931 1749 3150 1820 regibus
3171 1748 3225 1813 8,
3257 1745 3508 1801 Chaldeis

255 1853 411 1894 anno
437 1838 508 1894 ab
535 1837 669 1893 urbe
695 1825 913 1893 condita
939 1837 1128 1894 tercio.
1158 1837 1364 1894 Remus
1388 1846 1574 1893 rutero
1593 1838 1639 1869 ’⁸
1655 1828 1838 1907 pastu-
1868 1908 1906 1916 _
1939 1825 2154 1902 interim
2171 1847 2230 1902 in
2248 1841 2499 1902 Babilono
2520 1840 2634 1892 non
2660 1858 2821 1916 parva
2836 1848 3100 1913 potestate
3133 1837 3505 1908 regnantibus.

255 1929 364 1984 rali
394 1944 426 1983 a
455 1928 643 1996 Fabio,
670 1928 890 1985 Romuli
921 1929 1081 1997 duce,
1105 1929 1342 1986 occisus.

335 2018 621 2085 Ezechias,
667 2020 814 2074 illius
859 2019 1076 2088 Achar,
1127 2021 1288 2076 annis
1328 2020 1417 2076 29.
1471 2018 1645 2089 Hujus
1690 2035 1836 2076 anno

260 2108 811 2188 sextoSalmanasar
837 2126 933 2166 rex
969 2110 1350 2184 Assyriorum,
1377 2120 1534 2181 capta
1565 2110 1836 2179 Samaria,

260 2202 546 2257 transtulit
569 2201 774 2258 Israhel
794 2203 849 2257 in
871 2201 1146 2275 Assyrios.
1163 2201 1332 2274 Cujus
1355 2218 1581 2274 regnum
1607 2219 1640 2258 a
1661 2203 1839 2275 primo

262 2291 557 2347 Ieroboam
587 2293 1009 2349 steterat'annis
1037 2293 1171 2360 560,
1206 2303 1306 2361 etc.
1351 2335 1365 2350 .
1410 2335 1424 2349 .
1467 2334 1482 2350 .
1525 2334 1542 2350 .
1586 2336 1600 2350 .
1643 2336 1658 2350 .
1703 2334 1718 2349 .
1761 2335 1775 2348 .
1821 2334 1835 2349 .

336 2384 446 2451 Qui
480 2393 659 2465 autem
681 2385 876 2455 reliqui
905 2385 1126 2440 fuerunt
1152 2385 1327 2452 Iudei,
1350 2385 1764 2456 transfugerunt
1785 2385 1840 2438 in

263 2475 573 2548 Egiptum.
595 2475 711 2544 Qua
739 2485 865 2547 post
889 2487 1064 2532 annos
1083 2475 1326 2547 quinque
1349 2491 1606 2546 percussa
1627 2492 1658 2531 a
1678 2474 1842 2531 Chal-

262 2568 408 2635 d‘eis,
440 2568 497 2623 in
519 2567 857 2622 Babiloniam
877 2575 1006 2623 sunt
1032 2576 1088 2623 et
1115 2568 1218 2639 ipsi
1258 2569 1647 2641 transmigrati.

698 2700 776 2756 De
801 2702 986 2773 quinta
1023 2709 1180 2757 (etate
1211 2703 1413 2758 mundi.

301 2899 304 2918 Ι
343 2833 543 2900 Quinta
597 2834 784 2890 mundi
803 2841 936 2890 aetas
989 2835 1059 2889 ab
1107 2834 1430 2891 exterminio
1483 2836 1647 2906 cmpit
1693 2836 1848 2907 regni

264 2919 510 2992 Iudaici,
555 2925 700 2995 quod
745 2924 902 2995 juxta
931 2926 1274 2998 prophetiam
1310 2925 1560 2983 Ieremia:
1593 2926 1661 2981 70
1688 2927 1848 2982 annis

268 3014 1845 3084 permansitetc.....................

347 3104 630 3162 Consentit
668 3106 758 3163 his
776 3069 1080 3179 Iosephus,
1109 3069 1166 3165 in
1187 3069 1434 3167 sese;
1451 3069 1850 3182 insaniant;

1867 1908 1912 1965 Β
1937 1937 2079 1993 Exin
2106 1953 2330 2008 regnum
2353 1908 2678 2003 Persarum,
2705 1908 2851 2006 quod
2889 1932 3063 2004 Cyrus
3088 1929 3294 2000 adjecto
3322 1927 3508 1982 Medo-

1933 2043 2059 2082 rum
2088 2026 2560 2096 Chaldeorumque
2600 2040 2768 2096 regno
2790 2023 3074 2094 magnifice
3120 2019 3414 2090 ampliavit,
3445 2018 3513 2071 ab

1937 2117 2229 2191 ipso‘Cyro
2245 2133 2427 2188 usque
2464 2117 2531 2172 ad
2578 2116 2800 2170 Darium
2846 2128 3050 2184 regem,
3091 2111 3306 2165 Arsami
3341 2108 3510 2162 filium

1939 2217 2162 2267 steterat
2204 2209 2363 2282 annis
2386 2208 2486 2264 251
2542 2207 2654 2262 sub
2685 2205 2904 2276 regibus
2935 2203 3023 2258 14.
3060 2201 3176 2257 lloc
3215 2199 3516 2256 Alexander

1939 2302 2168 2373 Magnus
2217 2318 2309 2357 rex
2361 2301 2717 2356 Macedonum
2783 2298 2966 2354 occiso
3018 2295 3182 2356 Dario
3223 2291 3512 2355 destruxit,

1941 2380 2268 2464 omnemque
2296 2393 2513 2447 sibimet
2534 2391 2798 2446 orientem
2816 2387 3048 2458 subegit,
3063 2395 3118 2440 et
3132 2382 3514 2441 Alexandriam

1943 2485 1998 2541 in
2028 2485 2246 2557 2Egipto
2274 2485 2536 2540 condidit.
3293 2531 3302 2539 κ

2016 2577 2220 2633 Deinde
2269 2591 2497 2648 regnum
2542 2574 2838 2631 Grecorum
2878 2587 2974 2628 seu
3004 2569 3518 2632 Alexandrinorum,

1947 2671 2018 2727 ab
2046 2671 2166 2741 ipso
2192 2669 2503 2724 Alexandro
2527 2667 2723 2739 Magno
2740 2681 2913 2736 usque
2939 2665 3006 2721 ad
3026 2663 3366 2720 Ptolomeum
3396 2658 3522 2713 Dio-

1947 2762 2150 2832 nisium
2181 2768 2246 2815 ct
2273 2774 2516 2815 sororem
2545 2759 2664 2828 ejus
2703 2757 3046 2826 Cleopatram
3080 2753 3316 2822 Iuliique
3338 2751 3521 2805 Caesa-

1949 2853 2027 2910 ris
2055 2856 2452 2916 monarctnam,
2500 2863 2827 2922 permanens
2857 2846 3015 2903 annis
3050 2844 3152 2899 281
3181 2843 3284 2898 sub
3305 2841 3526 2912 regibus

1937 2947 2040 3014 '11,
2072 2947 2325 3016 quamvis
2369 2945 2557 3000 eadem
2606 2940 2895 3011 Cleopatra
2945 2944 3134 3009 postea
3184 2932 3526 3005 permittente

1951 3035 2095 3092 Iulio
2118 3035 2189 3091 20
2220 3035 2379 3114 annis
2409 3033 2734 3106 regnaverit,
2780 3045 2954 3102 usque
2998 3028 3067 3085 ad
3097 3025 3376 3084 Octaviani
3411 3025 3492 3079 Au
3512 3052 3526 3063 -

1953 3129 2330 3210 gustiannum
2358 3128 2444 3182 15.

267 3195 417 3250 Ῑίδΐο
441 3197 706 3265 scribens:
731 3199 991 3268 templum
1014 3211 1068 3254 ει
1095 3197 1397 3256 39m“!le
1425 3211 1481 3256 ει
1506 3216 1723 3257 omnem
1751 3201 1850 3257 δυ’
1878 3246 1921 3302 C
1956 3195 1982 3202 ⁷
2023 3219 2156 3277 Post
2184 3195 2828 3296 hochcellentissimum
2853 3228 3084 3286 regnum
3136 3209 3528 3271 Romanorum,

269 3288 436 3343 deam
465 3287 533 3341 70
567 3289 726 3343 annis
744 3291 1114 3358 permansisse
1136 3290 1457 3348 desolatam.
1498 3292 1603 3363 Qui
1631 3310 1853 3350 rursum

274 3379 651 3435 enumerando
669 3395 824 3451 reges
863 3379 1142 3439 Babilonis
1160 3411 1232 3422 —
1263 3384 1309 3440 si
1355 3393 1537 3440 tamen
1567 3386 1612 3416 "
1633 3385 1748 3456 ipse
1773 3387 1853 3446 sic

277 3468 522 3538 scripsit,
545 3478 598 3524 et
624 3485 734 3525 non
755 3471 925 3528 codex
945 3471 1082 3528 fallit
1112 3474 1408 3536 mendosus
1434 3505 1504 3514 —
1520 3485 1737 3532 centum
1766 3475 1851 3531 fa-

264 3554 404 3618 cere
423 3563 468 3594 ’⁷
491 3578 664 3620 annos
693 3564 762 3620 ab
789 3580 978 3621 eversa
1009 3564 1309 3623 Jerusalem
1333 3584 1506 3639 usque
1532 3568 1598 3624 ad
1619 3569 1856 3625 eversio-

277 3673 407 3714 nem
436 3660 587 3730 regni
615 3659 982 3716 Cbaldeorum
1014 3661 1147 3717 facit
1182 3663 1361 3733 colligi
1397 3673 1499 3719 etc.
1544 3704 1558 3718 .
1601 3704 1616 3719 .
1660 3704 1674 3718 .
1719 3704 1733 3718 .
1780 3705 1793 3719 .
1839 3705 1852 3718 .

352 3750 513 3805 Anno
555 3750 622 3805 18
663 3750 878 3821 imperii
920 3749 1122 3810 Tiberii
1163 3752 1431 3809 Dominus
1452 3770 1552 3810 sua
1606 3755 1860 3824 passione

205 3851 210 3854 ’
280 3841 550 3896 mundum
572 3840 822 3910 redemit,
839 3851 894 3898 et
912 3842 1259 3912 praedicaturi
1283 3859 1380 3914 per
1397 3842 1580 3900 Iudeae
1607 3845 1859 3915 regiones

283 3932 538 4002 apostoli,
568 3918 830 3991 Iacobum
851 3933 1075 3993 fratrem
1110 3936 1327 4004 Domini
1348 3935 1686 3994 Ierosolimis
1709 3937 1858 3992 ordi-

285 4030 422 4076 nant
441 4024 774 4092 episcopum.
798 4022 1062 4080 Ordinant
1089 4036 1143 4082 et
1172 4027 1203 4080 7
1223 4028 1479 4084 diaconos
1506 4047 1521 4095 ;
1550 4037 1606 4086 et
1630 4029 1864 4098 lapidato

289 4111 568 4183 Stephano
617 4115 830 4170 ecclesia
864 4130 962 4186 per
1002 4117 1250 4188 regiones
1306 4117 1490 4174 Iudea:
1526 4128 1579 4174 et
1606 4117 1865 4172 Samaria:

287 4205 622 4276 dispergitur
654 4207 718 4261 ".
760 4206 999 4278 Agrippa
1040 4215 1399 4280 cegnomento
1429 4208 1689 4276 Herodes,
1720 4208 1864 4264 ﬁlius

287 4286 590 4353 Aristoboli
617 4294 713 4350 ﬁlii
747 4295 976 4354 Herodis
1009 4299 1174 4370 regis,
1205 4310 1494 4357 accusator
1525 4299 1754 4358 Herodis
1785 4311 1867 4358 te-

289 4387 527 4476 trarchae
573 4385 804 4444 Romam
851 4389 1148 4460 profectus,
1200 4406 1234 4447 a
1284 4391 1503 4449 Tiberio
1544 4393 1601 4449 in
1652 4394 1867 4452 vincula

289 4477 527 4534 coicitur
553 4480 598 4512 "
638 4480 734 4536 ubi
764 4481 1030 4552 plurimos
1055 4483 1159 4543 sibi
1200 4484 1396 4543 ascivit
1442 4481 1512 4540 ad
1539 4487 1866 4556 amiciciam,

1953 3311 2100 3380 quod
2130 3311 2245 3380 jam
2277 3301 2485 3380 pridem
2517 3310 2621 3377 sub
2657 3308 2875 3378 regibus
2905 3314 2958 3360 et
2994 3303 3310 3359 consulibus
3350 3300 3532 3353 adole-

1954 3410 2126 3469 verat,
2150 3401 2218 3456 ab
2269 3401 2387 3470 ipso
2415 3397 2560 3454 Iulio
2603 3397 2819 3453 Caesare
2850 3393 2909 3451 ist
2944 3393 3241 3450 Octaviano
3288 3394 3531 3460 Augusto

1956 3507 2313 3564 consurgens,
2344 3489 2502 3546 omni
2539 3504 2707 3562 prope
2738 3488 2942 3545 mundo
2974 3484 3259 3557 imperavit
3281 3491 3334 3539 et
3360 3496 3534 3552 usque

1958 3586 2026 3641 ad
2059 3587 2176 3640 haec
2219 3592 2465 3654 tempora
2493 3581 2756 3653 paulatim
2791 3577 3158 3636 decrescendo
3198 3572 3531 3646 perduravit.

2030 3675 2155 3731 Haec
2185 3685 2313 3731 sunt
2335 3673 2656 3745 principalia
2676 3688 2840 3744 regna
2860 3687 2957 3742 per
2979 3684 3203 3726 cursum
3229 3677 3536 3737 temporum

1961 3769 2065 3824 sibi
2096 3767 2324 3822 invicem
2349 3765 2717 3831 succedentia,
2747 3765 3060 3836 reliquaque
3082 3775 3246 3830 regna
3273 3757 3541 3825 bellorum

1961 3859 2374 3929 tempestatibus
2409 3859 2726 3928 quatientia.

2031 3949 2176 4004 Inter
2196 3949 2310 4004 haec
2335 3949 2485 4004 fuere
2496 3949 2601 4003 alia
2617 3947 2849 4016 plurima
2877 3958 3063 4014 regna,
3083 3941 3298 3995 minora
3314 3937 3535 4008 quidem

1966 4039 2294 4108 supradictis
2318 4047 2400 4093 set
2419 4046 2605 4092 tamen
2643 4034 3033 4091 historicorum
3066 4032 3207 4089 stilis
3256 4028 3544 4086 celeberri-

1965 4145 2075 4194 ma,
2106 4129 2173 4184 de
2198 4130 2400 4199 quibus
2419 4127 2778 4183 eminentiora
2803 4125 3070 4184 sunthaec
3095 4143 3108 4178 :
3140 4119 3542 4193 Sycioniorum,

1970 4221 2358 4293 Egiptiorum,
2375 4221 2722 4293 Argivorum,
2740 4217 3098 4281 Hebreorum,
3115 4208 3472 4267 Atheniensiu
3491 4224 3545 4263 m

1967 4312 2323 4389 Micenarum,
2376 4310 2928 4373 Lacedemoniorum,
2967 4302 3402 4367 Corinthiorum,
3425 4299 3544 4353 Ma-

1971 4404 2260 4470 cedonum,
2313 4403 2596 4467 Lidorum,
2647 4399 2821 4460 Siriae.
2868 4396 3032 4464 Asiae,
3083 4394 3404 4449 Latinorum
3450 4391 3544 4461 qui

1968 4503 2155 4567 postea
2179 4493 2409 4548 Romani
2450 4492 2702 4562 appellati
2747 4499 2893 4546 sunt.
2931 4489 3025 4544 Set
3063 4488 3130 4543 de
3169 4485 3548 4550 Latinis’quo-

289 4580 351 4630 et
375 4571 610 4628 maxime
639 4571 946 4629 Germanici
975 4573 1146 4633 ﬁlium
1191 4574 1385 4634 Gaium
1419 4586 1518 4636 etc.
1562 4618 1576 4633 .
1616 4619 1630 4633 .
1675 4619 1688 4633 .
1733 4619 1748 4634 .
1792 4620 1807 4635 .
1853 4619 1866 4632 .
1903 4575 1948 4628 D
1973 4584 2136 4642 modo
2161 4584 2228 4639 ad
2255 4583 2626 4640 Romanorum
2656 4582 3031 4640 excellentiam
3070 4577 3333 4641 venerint,
3360 4572 3549 4643 paucis

367 4662 710 4724 Domitianus
744 4664 914 4722 frater
947 4664 1053 4718 Titi
1095 4664 1302 4735 junior,
1325 4683 1501 4723 annos
1533 4668 1619 4735 15,
1651 4684 1867 4728 menses

293 4755 352 4809 5.
385 4752 486 4809 Hic
529 4756 802 4812 secundus
833 4763 959 4827 post
1001 4754 1270 4823 Neronem
1304 4759 1632 4816 christianos
1679 4775 1865 4830 perse-

291 4836 504 4915 quitur.
536 4844 650 4902 Sub
676 4863 788 4917 quo
819 4848 1100 4918 apostolus
1128 4847 1402 4913 Iohannes
1427 4852 1483 4906 in
1507 4850 1766 4908 Pathmos
1788 4852 1873 4914 in-

292 4930 477 4994 sulam
507 4939 776 5014 relegatus
797 4949 900 5010 est,
922 4919 983 5046 δεῖ
1012 4941 1196 4998 Flavia
1226 4941 1521 5014 Domitilla,
1552 4944 1722 5003 Flavii
1745 4943 1871 5003 Cle-

1975 4676 2243 4733 dicamus.

2044 4768 2183 4824 Ante
2214 4768 2514 4840 Trojanum
2563 4740 2987 4822 famosissimum
3030 4759 3230 4815 bellum
3267 4755 3552 4827 Troiaque

1978 4861 2251 4916 excidium
2295 4861 2350 4914 in
2393 4860 2543 4914 Italia
2596 4862 2995 4928 regnaverunt:
3031 4850 3223 4917 Ianus,
3259 4849 3550 4912 Saturnus,

1978 4949 2158 5015 Picus,
2185 4950 2426 5016 Faunus,
2459 4949 2687 5032 Latinus
2719 4946 2878 5002 annis
2918 4943 3042 5001 150.
3074 4943 3275 5000 Deinde
3299 4949 3423 5012 post
3445 4947 3551 4992 ter-

1588 5051 1820 5136 rarum
1859 5079 2258 5142 LECTIONES.

371 5187 648 5261 ’fqita1.2.
663 5188 1027 5261 distinguunt;
1047 5167 1806 5261 constuprata.Consualibus
1827 5190 1970 5246 ludis
1987 5190 2043 5261 ὅ.
2067 5201 2124 5245 ut
2152 5191 2319 5247 Beda.
2397 5193 2443 5226 ⁸³
2474 5193 2630 5248 ita’1.
2654 5193 2827 5261 2.5.q.
2857 5195 3287 5261 rutro.e—rastro
3312 5182 3548 5261 5.13946}.

303 5259 365 5329 ﬁ
388 5257 447 5314 Si
469 5267 650 5315 tamen
673 5257 1016 5329 parenthesis
1043 5260 1158 5329 ipse
1183 5257 1268 5314 sic
1289 5263 1336 5314 1.
1368 5264 1422 5316 2.
1532 5264 1575 5294 ’⁷
1601 5261 1712 5316 fere
1734 5263 1786 5315 ’5.

1897 5261 1942 5292 ⁸³
1973 5260 2068 5314 hoc
2097 5263 2441 5332 potissimum
2464 5264 2578 5323 loco
2607 5251 2864 5332 sistimiﬂ.
2904 5275 3022 5332 ‘1'“?
3055 5258 3319 5332 ίη,εοάίςε
3342 5254 3390 5332 ¹β
3424 5251 3553 5332 f0“?

299 5327 396 5381 20.
420 5329 490 5381 ad
503 5329 651 5402 tatus
666 5321 919 5402 historice
944 5321 1226 5402 Ptofamtei
1255 5329 1592 5402 Philadelphi
1615 5332 1722 5384 alio
1746 5340 1921 5402 tamen
1949 5321 2248 5402 atramento
2273 5321 2580 5388 scribuntur
2602 5349 2621 5385 .°
2666 5321 2928 5398 Quinque
2959 5329 3136 5402 sinodi
3167 5325 3452 5402 traduntur
3487 5321 3556 5400 ab

302 5398 812 5476 apostolishabitae,
835 5400 1010 5468 prima
1045 5399 1100 5458 in
1128 5399 1390 5455 electione
1415 5391 1649 5476 Matinae;
1677 5400 1914 5476 secunda
1936 5401 2001 5456 de
2030 5403 2299 5476 electione
2324 5412 2528 5476 septem
2556 5391 3126 5476 diaconorum,_tereia
3149 5411 3222 5476 ne
3242 5391 3548 5476 .circumci:

304 5467 393 5545 s_i_o
427 5467 678 5545 gentibus
700 5467 1115 5545 imponereturL
1122 5479 1314 5538 quarta
1364 5485 1430 5523 ne
1452 5469 1608 5524 Ju-Jei
1659 5469 2079 5545 prohiberentur
2108 5489 2138 5526 a
2183 5474 2320 5542 lege,
2357 5467 2716 5540 q'uinta‘culn
2749 5469 2981 5540 apostoli
3032 5469 3101 5521 ab
3148 5467 3376 5518 invicem
3400 5467 3550 5515 erant

305 5530 622 5592 discéssuri.
699 5537 744 5568 ²⁹
769 5530 1060 5608 conjicitur
1082 5530 1136 5594 3.

1810 5642 2034 5699 ΝΟΤιΕ.

381 5737 564 5806 (1269)
599 5736 888 5793 Ameriora
935 5737 1116 5794 omnia
1139 5754 1204 5794 ex
1247 5737 1388 5792 Beda
1414 5733 1680 5804 descripta
1708 5746 1834 5790 sunt
1859 5712 1998 5805 ;qn:e
2027 5744 2330 5806 sequuntur
2358 5733 2430 5790 cf.
2461 5750 2584 5789 cum
2609 5732 2945 5790 Iordane-De
2995 5743 3286 5801 regnorum
3326 5741 3450 5784 suc-
3553 5750 3557 5752 -

307 5807 574 5866 cessioue.
