3970 6408
221 383 368 439 1317

1085 376 1371 431 ΛΡΡΕΝΙ).
1408 374 1492 429 111.
1535 406 1595 413 -
1639 372 2069 428 ΜϋΝΕΜΕΝΤᾸ
2108 374 2569 429 CR-iiCOlHANA.

3358 372 3492 423 151τῖ

218 492 456 550 stantini
488 498 662 545 matre
702 487 1035 542 lerosolimis
1076 488 1363 557 reperitur,
1401 485 1504 540 sub
1545 484 1819 538 Maehario
1847 489 1894 544 Α
1990 484 2075 536 12.
2118 483 2389 541 Constans
2416 487 2548 539 haut
2588 485 2746 554 longe
2779 482 2847 535 ab
2890 482 3142 551 Il'..pania
3174 483 3377 553 (litem)
3410 501 3496 538 m-

218 582 476 653 ejusdem
511 580 665 635 urbis
690 579 966 648 episcopo.

293 672 387 727 20.
450 669 764 727 Viecnnalia
811 666 1155 722 Constantini
1205 675 1325 720 aeta
1383 664 1569 720 Romae
1624 664 1709 736 (Α.
1741 662 1809 716 ι).

220 762 381 831 525).
500 816 505 819 _
1534 812 1535 815 χ

293 853 386 906 22.
431 851 616 922 (Osos.
646 868 743 918 vn,
785 850 899 921 28).
938 848 1332 904 Constantinus
1373 844 1811 909 Sarmatas,Co-

222 942 355 997 thos
376 951 432 995 et
462 942 665 998 multas
688 942 938 995 nationes
967 939 1216 993 Romano
1244 938 1428 991 subdit
1458 936 1703 1005 imperio.
1748 962 1751 965 ι

295 1032 389 1086 24.
430 1032 826 1105 Constantinus
854 1030 1159 1084 Bizantium
1189 1030 1378 1095 urbem
1423 1028 1724 1094 reparavit,
1760 1035 1814 1080 et

224 1137 292 1176 ex
328 1128 431 1176 suo
465 1122 683 1176 nomine
723 1120 1249 1188 Constantinopolim
1302 1118 1606 1185 appellavit,
1634 1126 1686 1169 et
1728 1132 1814 1170 se-

226 1212 351 1266 dem
382 1210 612 1267 Romani
643 1213 793 1281 regni
820 1227 942 1266 esse
971 1211 1158 1264 \‘oluit.

302 1302 391 1356 233.
432 1301 1283 1372 Athanasiuserjseopusordina'
1390 1295 1807 1353 ’tlexandriaem.

298 1392 389 1446 26.
433 1392 529 1448 liis
563 1394 901 1462 temporibus
929 1391 1041 1445 ludi
1064 1401 1115 1444 et
1136 1390 1315 1445 Hiberi
1337 1392 1641 1444 eliieiuntur
1662 1390 1810 1443 chri-

229 1483 391 1539 stiani
417 1484 505 1552 (Α.
534 1484 602 1537 D.
634 1484 785 1551 550).

299 1573 388 1626 27.
431 1572 526 1628 llis
560 1572 896 1642 temporibus
931 1570 1198 1627 Eusebius
1228 1570 1581 1625 Ctesariensis
1602 1570 1811 1640 episeo-

227 1679 353 1734 pus,
403 1673 458 1719 et
494 1663 770 1720 Juvencus
816 1674 997 1734 poeta,
1033 1674 1087 1718 et
1134 1664 1352 1733 plurimi
1398 1665 1649 1719 dot-tores
1696 1664 1837 1718 ειη--Δ

229 1764 478 1811 ruerunt.

300 1850 388 1903 28.
428 1848 646 1919 (Eussu.
674 1849 818 1903 Hist.
847 1850 1029 1903 ποίεε.
1059 1865 1134 1914 Ix,
1159 1850 1254 1915 11;
1284 1847 1440 1902 lltzn.
1465 1864 1515 1901 a.
1535 1848 1683 1917 510.)
1708 1848 1810 1901 An-

228 1940 413 1994 tonius
441 1941 744 1996 monachus
770 1941 952 1994 clarus
982 1940 1229 1993 habetur.

298 2029 388 2083 29.
427 2006 769 2097 Constantia,
813 2030 1156 2085 Constantini
1208 2043 1389 2094 soror,
1432 2044 1570 2081 uxor
1619 2027 1809 2083 Licinii

230 2122 483 2177 moritur.

296 2213 386 2273 50.
422 2212 815 2268 Constantinus
841 2212 893 2265 in
920 2212 1210 2266 Arrianum
1239 2212 1433 2280 dogma
1464 2211 1681 2269 labitur.

297 2302 385 2356 51.
425 2301 820 2359 Constantinus
850 2303 979 2356 dum
1005 2303 1204 2356 bellum
1250 2302 1303 2354 in
1352 2301 1546 2355 Persas
1573 2312 1806 2372 pararet,

229 2394 369 2462 apud
418 2391 801 2449 Nicomediam.
837 2392 992 2457 obiit,
1044 2406 1189 2445 anno
1233 2392 1410 2447 aatatis
1460 2392 1560 2446 66°
1615 2394 1701 2465 (.l.
1736 2394 1804 2447 ι).

230 2482 377 2551 555).
399 2484 407 2501 ⁸

297 2570 800 2637 CONSTANTIUS,
828 2572 971 2627 filius
995 2571 1360 2636 Constantini,
1387 2587 1511 2627 cum
1538 2571 1807 2627 Constan—

229 2661 343 2715 tino
395 2670 451 2716 et
502 2662 797 2716 Constante
858 2662 1117 2716 fratribus
1163 2677 1292 2715 anu.
1356 2661 1460 2726 24,
1516 2676 1688 2715 mens.
1740 2664 1805 2727 5,

228 2748 344 2804 dies
369 2750 455 2808 15.

302 2843 351 2895 1.
387 2842 743 2899 Constantius
776 2843 836 2897 fit
860 2827 1130 2898 Arrianus
1156 2859 1250 2913 per
1272 2842 1560 2896 Arrianum
1597 2844 1805 2912 presbi—

230 2944 407 2989 terum
443 2945 498 2990 et
532 2934 827 2992 Eusebium
855 2934 1348 3007 Nicomediensem,
1378 2947 1433 2990 et
1466 2938 1808 3007 persequitur

230 3029 550 3085 catholicos.

302 3119 357 3173 2.
400 3118 579 3185 (Ηιει.
618 3136 671 3175 a.
718 3121 868 3191 541.)
914 3117 1152 3174 Jacobus
1197 3117 1478 3173 Nisibinus
1519 3119 1806 3186 episcOpus
1834 3151 1874 3207 Ο

227 3208 527 3262 virtutibus
549 3208 763 3265 claruit.
1409 3270 1413 3275 ε

303 3299 357 3351 5.
396 3297 788 3354 Constantinus
806 3299 1007 3353 bellum
1030 3298 1186 3375 fratri
1206 3299 1526 3354 Constantio
1549 3297 1808 3365 inferens,

225 3391 381 3460 juxta
403 3388 705 3459 Aquileiam
734 3390 1020 3445 occiditur.
1092 3382 1121 3455 A/
1484 3407 1488 3410 ~

302 3478 355 3531 4.
396 3475 579 3531 Terra:
601 3486 783 3533 motus
806 3479 1005 3533 multas
1040 3470 1202 3532 urbes
1232 3478 1417 3532 diruit.

301 3568 354 3623 5.
397 3566 591 3623 Franci
618 3584 646 3622 a
677 3568 973 3624 Constazte
1006 3569 1325 3638 perdomiti,
1354 3569 1407 3622 in
1439 3584 1626 3638 pacem
1657 3583 1809 3623 rece-

227 3659 309 3729 pti
335 3668 464 3714 sunt
494 3660 581 3731 (Α.
616 3660 685 3713 D.
716 3658 862 3727 510).

299 3748 353 3801 ϐ.
390 3748 864 3818 Constantinopoli
892 3750 1064 3819 eiecto
1108 3750 1178 3803 ab
1217 3749 1464 3803 Arrianis
1494 3748 1663 3803 Paulo
1692 3751 1808 3821 epi-

229 3850 417 3903 scopo,
447 3835 795 3891 Macedonius
833 3828 1202 3892 heresiarches
1231 3838 1284 3890 in
1316 3839 1495 3892 locum
1530 3838 1661 3906 ejus“
1680 3839 1811 3891 sub-

230 3924 497 3979 stituitur.
1776 3996 1781 4000 π

302 4014 373 4067 7.‘
397 4014 601 4085 (ιῐιειι.)
641 4012 755 4069 Hoc
796 4022 1037 4083 tempore
1083 4014 1407 4068 Maximinus
1445 4013 1807 4067 Treverorum

228 4104 518 4175 epismpus
544 4106 727 4159 clarus
753 4105 1010 4170 habetur,
1038 4122 1066 4159 a
1090 4120 1199 4174 quo
1224 4105 1554 4158 Athanasius
1580 4105 1809 4158 Alexan-

228 4198 361 4254 driae
413 4197 720 4266 episcopus,
753 4213 785 4251 a
823 4196 1143 4252 Constantio
1187 4196 1471 4268 profugus,
1512 4194 1809 4253 honorifiCe

229 4288 548 4357 suscipitur.
1459 4337 1463 4341 _

298 4380 352 4435 8.
395 4381 463 4413 "°
498 4378 712 4436 Marcus
741 4380 869 4435 53'"
894 4394 1031 4451 papa
1058 4379 1196 4434 sedit
1216 4394 1346 4433 ann.
1380 4378 1417 4432 2
1454 4398 1463 4407 ·
1490 4379 1509 4409 ¹
1541 4376 1711 4430 Nonis
1741 4378 1806 4409 ω

231 4470 496 4527 Octobris.

204 4568 211 4574 ‘
295 4561 351 4614 9.
391 4561 721 4617 Athanasius
748 4562 1032 4631 episcopus
1054 4560 1121 4615 ad
1144 4556 1460 4615 Constantis
1484 4557 1669 4610 literas
1689 4555 1814 4609 Ale-‘

227 4652 511 4708 xandriam
546 4656 866 4726 regreditur.

211 4790 217 4796 .
300 4741 387 4796 10.
428 4724 659 4811 Eclipsis
678 4746 812 4800 solis
845 4724 983 4802 facta
1006 4756 1111 4811 est,
1134 4754 1188 4801 et
1211 4755 1369 4800 terrae
1403 4750 1585 4796 motus
1607 4741 1804 4796 multas

228 4827 494 4883 subvertit
516 4826 584 4857 ¹²⁸
601 4824 778 4882 Julius
797 4830 924 4883 34“-
948 4846 1108 4900 papa,
1131 4845 1259 4884 ann.
1290 4828 1378 4893 15,
1407 4827 1443 4879 2
1466 4825 1552 4879 Id.
1581 4826 1709 4896 Apr.
1738 4825 1806 4857 ¹¹⁸

229 4921 318 4993 (Α.
360 4920 428 4975 D.
460 4919 607 4989 545).

1916 577 2194 641 terlieitur,
2220 595 2362 630 anno
2391 579 2565 631 mtatis
2592 579 2709 631 ὅου.

1892 723 1907 740 δ
1986 668 2068 720 11.
2112 665 2206 721 llis
2239 668 2571 736 temporibus
2598 681 2722 721 ossa
2765 665 3035 719 Timothei
3084 678 3131 719 et
3172 670 3343 729 sancti
3380 670 3494 722 An-

1912 754 2053 809 drea:
2075 757 2447 824 apostolorum
2474 765 2527 809 et
2550 755 2710 809 Luca:
2734 772 2918 825 erangt
2942 757 3078 809 listu:
3106 758 3494 813 Constantino-

1912 849 2076 915 polim
2115 850 2275 902 allata
2310 858 2454 902 sunt.

1986 938 2069 991 16.
2108 937 2378 993 Antonius
2419 932 2717 992 monachus
2758 938 3055 991 centesimo
3094 939 3285 1006 quinto
3320 940 3495 994 aetatis

1915 1042 2026 1079 sua:
2060 1044 2203 1079 anno
2246 1028 2299 1080 in
2337 1029 2558 1081 heremo
2602 1030 2866 1089 moritur;
2905 1046 3012 1096 quo
3052 1037 3290 1096 tetnpore.
3338 1032 3493 1084 multi

1915 1116 2187 1181 heremihe
2212 1120 2498 1172 Virtutibus
2529 1120 2835 1173 claruerunt
2865 1121 2948 1179 (Α.
2988 1120 3049 1171 1).
3084 1120 3180 1171 531
3201 1134 3231 1173 I.

1985 1206 2069 1258 17.
2110 1205 2422 1260 Victorinus
2481 1210 2664 1261 rethor
2705 1219 2758 1261 et
2803 1208 3042 1261 Donatus
3103 1210 3493 1278 grammaticus

1915 1298 2097 1354 Romae
2134 1302 2372 1371 insignes
2397 1304 2682 1356 habentur.

1985 1389 2069 1465 18.
2103 1389 2351 1445 Julianus
2372 1407 2543 1446 (aesar
2568 1392 2793 1445 enieitur
2815 1409 2842 1445 a
2867 1392 3207 1447 Constantio.

1985 1482 2070 1534 19.
2114 1482 2316 1548 Magnae
2356 1482 2779 1537 Alemannorum
2830 1484 2997 1552 cophe
3040 1486 3179 1552 apud
3227 1485 3492 1554 Argenta-

1913 1572 2053 1625 rium
2079 1574 2144 1603 ⁸⁸⁵
2167 1574 2351 1626 (ΙυΙυιςυ
2376 1582 2521 1626 sunt.

1980 1662 2068 1715 20.
2108 1661 2356 1717 Julianus
2389 1663 2575 1719 Rheno
2611 1664 2912 1719 Germanos
2936 1664 3061 1717 \‘icit
3087 1664 3267 1733 (1275)
3300 1666 3389 1737 [.l.
3426 1667 3487 1719 1).

1911 1752 2058 1824 555].

1982 1844 2067 1895 21.
2112 1842 2348 1897 Hilarius
2372 1842 2725 1899 Pietaviensis
2748 1847 3031 1915 episcopus
3049 1887 3062 1907 ,
3086 1855 3134 1897 et
3160 1845 3497 1897 Athanasius

1912 1935 2325 1999 Alexandrinus,
2362 1946 2417 1990 et
2441 1954 2630 1991 omnes
2657 1939 2909 1992 catholici
2947 1938 3183 2006 episcopi
3211 1939 3278 1990 ab
3304 1940 3489 1991 Arria-

1912 2027 1996 2078 nis
2030 2029 2194 2079 multa
2224 2029 2362 2080 mala
2386 2037 2513 2083 sunt
2544 2029 2805 2096 perpessi.

1982 2118 2067 2171 22,
2106 2119 2258 2186 Apud
2282 2118 2584 2171 Ariminum
2618 2119 2841 2171 sinodus
2864 2119 3218 2171 Arriauorum
3255 2118 3347 2171 100
3371 2142 3381 2167 ο
3405 2118 3485 2187 pi—

1908 2223 2197 2277 scoporum
2230 2209 2294 2239 ¹²⁶
2324 2218 2511 2262 contra
2537 2210 2695 2263 ﬁdem
2725 2210 2863 2263 facta
2894 2220 2995 2263 est.

1976 2300 2065 2351 25.
2109 2297 2292 2366 (Osos.
2336 2316 2431 2364 vn,
2480 2300 2582 2363 29;
2619 2299 2690 2351 cf.
2733 2299 2888 2353 “IL‘R.
2939 2317 2989 2354 a.
3037 2302 3188 2366 532.)
3238 2300 3489 2354 Julianus

1911 2405 2167 2443 successu
2205 2392 2467 2445 bellorum
2512 2392 2705 2454 (latus,
2754 2392 2970 2460 augusti
2999 2409 3196 2446 nomen
3240 2404 3483 2461 usurpat.

1908 2480 2260 2535 Constantius
2310 2482 2362 2534 in
2409 2480 2639 2535 Parthos
2672 2482 2867 2535 Iulium
2911 2492 3066 2550 parat
3110 2483 3197 2535 "7.
3245 2482 3493 2537 Liberius

1909 2587 2043 2639 papa
2076 2572 2225 2635 55‘”,
2257 2573 2396 2626 sedit
2432 2589 2605 2627 annos
2628 2574 2683 2626 6.
2718 2576 2837 2639 Quo
2868 2575 3114 2643 expulso,
3157 2576 3332 2628 locmn
3372 2575 3490 2642 ejus

1909 2660 2055 2715 Felix
2092 2678 2227 2732 papa
2255 2663 2380 2715 36'"
2411 2680 2519 2716 uno
2543 2680 2689 2719 anno
2720 2666 3040 2733 occupavit;
3082 2675 3136 2718 et
3173 2667 3366 2718 iterum
3401 2662 3491 2717 Li-

1905 2751 2087 2807 berius
2119 2769 2229 2807 su.e
2248 2754 2359 2807 sedi
2399 2755 2701 2808 restituitur
2732 2754 2817 2808 ¹¹⁸.
2853 2754 3085 2809 Sanctus
3123 2766 3302 2809 autem
3329 2754 3488 2811 'l-‘elix

1906 2840 2285 2898 Constantium
2310 2845 2692 2914 imperatorem
2719 2847 3013 2901 hcreticum
3036 2862 3155 2899 esse
3184 2848 3488 2912 declarans,

1908 2934 2276 2989 martirizatus
2297 2943 2399 3001 est,
2432 2937 2485 2989 4.
2518 2936 2633 2990 Kal.
2665 2937 2915 3006 Augusti.
3168 2938 3179 2942 ’

1974 3023 2064 3077 21.
2106 3022 2460 3078 Constantius
2513 3025 2767 3079 Parthico
2828 3025 2969 3079 bello
3007 3026 3253 3090 dimisso,
3302 3035 3489 3079 contra

1905 3109 2360 3167 Julianumartna
2387 3130 2637 3179 sumens,
2672 3115 2939 3169 moritur.‘

1948 3241 1955 3249 ο
1984 3202 2313 3258 lULIAZiL'S
2342 3214 2611 3273 apostala,
2646 3223 2849 3259 annum
2894 3207 2939 3271 1,
2980 3223 3193 3260 menses
3216 3208 3266 3259 8.
3302 3207 3396 3259 "lC
3423 3224 3487 3259 e\

1908 3298 2209 3352 christiano
2241 3299 2439 3352 lectore
2461 3315 2704 3369 paganus
2743 3298 2938 3364 factus,
2968 3292 3312 3367 persequitur
3339 3300 3488 3352 chri-

1910 3389 2138 3443 stianos.
2820 3406 2823 3407 ν
2946 3454 2947 3457 η

1982 3478 2031 3531 1.
2073 3478 2276 3549 Pagani
2317 3481 2459 3549 apud
2496 3480 2759 3535 Sebasten
2802 3482 3149 3550 sepulchrum
3188 3484 3359 3537 sancti
3399 3484 3492 3537 Jo-

1910 3570 2109 3625 hannis
2136 3570 2386 3639 Baptistze
2414 3568 2680 3625 invadunt
2708 3572 2793 3641 (Α.
2841 3572 2905 3625 Ι).
2934 3574 3079 3641 5150).
3396 3580 3401 3587 “

1979 3662 2031 3714 2.
2073 3661 2321 3717 Julianus
2362 3664 2429 3715 ad
2474 3664 2670 3716 bellum
2721 3663 3032 3718 Parthicum
3090 3665 3382 3733 profectus,
3434 3676 3489 3718 et

1909 3753 2330 3807 Christianorum
2360 3755 2677 3824 sanguinem
2710 3756 2813 3807 diis
2851 3756 2965 3807 suis
3004 3771 3225 3818 vovens,
3267 3756 3360 3809 Dei
3394 3758 3487 3825 ju-

1908 3844 2051 3913 dicio
2092 3858 2123 3897 a
2170 3846 2406 3913 quodam
2455 3845 2611 3898 hoste
2658 3845 2872 3897 occisus
2906 3844 3129 3911 interiit,
3177 3864 3321 3901 anno
3353 3838 3487 3902 m-

1909 3911 2119 3985 tis‘52°.
2189 3911 2203 3913 J
2887 3981 2891 3983 .

1976 4018 2307 4074 JOVIANUS
2335 4038 2547 4075 menses
2570 4023 2620 4074 8.
2649 4021 2754 4076 lste
2784 4024 2980 4079 iterum
3010 4041 3132 4079 cum
3160 4029 3307 4080 omni
3333 4043 3489 4083 exer-

1908 4110 2015 4164 citu
2047 4110 2112 4163 ad
2141 4112 2586 4166 christianitatcm
2614 4114 2771 4167 redit.

1980 4202 2030 4254 1.
2074 4199 2310 4257 Sinodus
2350 4203 2583 4257 heretica
2636 4204 2936 4256 Antiochia:
2974 4202 3115 4255 facta
3153 4210 3253 4255 est.
3300 4202 3486 4257 Jovia-

1909 4306 2013 4343 nus
2039 4290 2091 4353 in
2114 4304 2252 4342 nova
2275 4289 2438 4343 domo
2470 4291 2754 4355 recubans,
2778 4289 3075 4346 suffocatus
3100 4291 3264 4344 odore
3284 4294 3488 4359 pruna-

1912 4393 2035 4431 rum
2062 4385 2116 4430 et
2143 4377 2306 4429 calcis
2327 4377 2573 4430 moritur.

1838 4469 1881 4522 D
1976 4465 2551 4532 VALENTI‘NIANL'S,
2581 4484 2753 4523 annos
2787 4470 2865 4523 11.
2895 4468 2993 4525 llic
3032 4471 3103 4525 ob
3132 4470 3290 4525 ﬁdem
3326 4471 3487 4526 Chri-

1910 4558 1977 4613 sti
2008 4559 2284 4613 tribunatu
2309 4560 2542 4613 militum
2570 4578 2598 4613 a
2623 4560 2839 4616 Juliano
2868 4564 3109 4629 privatus
3132 4571 3234 4615 est.

1981 4651 2032 4705 1.
2076 4650 2487 4707 Valentinianus
2510 4651 2719 4705 Valenti
2755 4667 2857 4704 suo
2884 4649 3040 4703 fratri
3071 4650 3465 4721 orientisimpe

1909 4740 2052 4795 rium
2086 4741 2249 4798 dedit.

1978 4830 2032 4883 2.
2076 4828 2257 4898 (Osos.
2283 4844 2379 4892 vn,
2404 4827 2517 4895 52.)
2541 4825 2737 4882 Valens
2758 4828 2827 4881 ab
2852 4826 3098 4882 Eudoxio
3126 4816 3481 4884 Arrianorum

1907 4920 2163 4987 episcopo
2180 4917 2436 4975 seductus
2459 4926 2514 4971 et
2541 4918 2866 4987 baptizatus,
2892 4930 3015 4990 post
3043 4929 3271 4991 mortem
3298 4920 3484 4977 fratris

298 5008 358 5061 11
372 5048 387 5062 .
425 5008 628 5064 Bellum
643 5017 831 5064 contra
843 5009 1038 5065 Persas
1052 5012 1200 5081 gravi
1222 5011 1592 5067 Romanorum
1607 5008 1807 5061 damno
1906 5007 2239 5061 orthodoxos
2262 5010 2623 5077 persequitur.
2979 5030 2985 5041 ι

228 5095 455 5165 geritur.

1980 5096 2032 5150 5.
2071 5095 2249 5167 (Ιῐιειι.
2283 5114 2332 5153 a.
2378 5099 2528 5171 570.)
2570 5100 2882 5169 Gratianus,
2922 5100 3280 5188 Valentiniani
3316 5100 3479 5165 ﬁlius,

1527 5210 1757 5267 VARHS
1798 5208 2196 5265 LECTIONES.

301 5299 370 5331 ¹¹⁹
406 5300 538 5354 allio
553 5312 661 5359 atr.

230 5368 297 5422 A.
337 5368 446 5421 alio
474 5386 658 5424 rursm
678 5385 782 5429 utr.
812 5393 856 5427 ις
875 5377 932 5429 il.
958 5377 1225 5431 discessit.

740 5308 804 5339 “°
844 5317 953 5361 luet:
979 5307 1085 5360 alio
1121 5314 1225 5359 utr.
1305 5303 1369 5333 ¹²¹
1410 5302 1528 5354 scil.
1566 5300 1719 5353 obiit.
1802 5300 1869 5330 ¹²²
1902 5298 1966 5354 Ν.
1992 5299 2056 5355 Ο.
2095 5302 2203 5355 alio
2246 5320 2427 5358 rursus
2453 5314 2567 5359 air.
2641 5291 2709 5336 ¹¹³
2746 5306 2854 5358 lucc
2882 5306 2989 5357 alio
3020 5314 3123 5357 σιν.
3204 5302 3269 5333 ¹⁸⁶
3308 5300 3368 5353 11.
3402 5300 3477 5369 Id.

1321 5372 1387 5403 ¹¹⁵
1427 5369 1788 5450 argentariam
1826 5374 2348 5442 corr.argentarium
2391 5377 2437 5427 1.
2517 5376 2582 5407 ¹¹⁶
2607 5372 2780 5430 CCCC
2804 5392 2888 5445 ep.
2907 5391 3063 5442 supra
3085 5374 3180 5424 lin.
3261 5372 3323 5401 "7
3363 5386 3479 5439 quia

230 5454 391 5507 seqq.,
420 5437 530 5492 alio
553 5456 657 5494 ace.
719 5444 816 5473 4"
850 5446 1095 5501 stituitur
1129 5456 1178 5501 et
1202 5443 1404 5512 reliqua
1432 5437 1541 5492 alio
1567 5440 1759 5491 iterum
1783 5437 2099 5495 atramento.

1771 5544 2000 5601 ΝΟΤίΕ.

300 5634 479 5708 (1275)
520 5636 642 5692 "(ec
681 5636 1041 5694 llerimannus
1067 5650 1121 5697 et
1153 5637 1453 5694 Bernoldus
1478 5653 1542 5691 ex
1574 5634 1770 5690 Orosio
1796 5640 2203 5708 transcripsisse
2234 5641 2486 5696 ridentur
2522 5656 2616 5703 vn,
2639 5639 2709 5693 29
2748 5657 2760 5692 :
2802 5635 2974 5689 Rheno
3003 5632 3285 5689 Cemmuos
3327 5651 3409 5687 n-

228 5705 401 5759 simil.
