3970 6360
395 404 531 492 me

1373 427 1459 481 AD
1496 424 1719 481 OPERA
1762 424 1817 477 S.
1855 422 2180 495 GREGORII
2213 422 2654 490 APPENDICES.

3513 428 3531 482 I
3544 428 3649 483 5'20

396 542 680 603 Ambianis
702 544 996 614 imperator
1025 542 1270 598 efiicilur.
1308 540 1443 596 Vera
1469 541 1591 593 lana
1636 538 1830 608 pluvia:
1871 537 1971 590 int-
2003 542 2045 598 Α
2077 536 2217 590 Nota
2246 539 2405 591 etiam
2436 539 2618 590 seriem
2644 536 2996 589 lionmnmmn
3036 537 3320 604 pra'sulmn
3368 547 3417 590 et
3466 555 3652 590 eorum

397 639 565 694 mixta
591 636 657 692 de
686 635 921 690 nubibus
944 634 1115 687 ﬂitxit.

450 705 519 783 ⁵4.
558 725 923 781 Athanaricus
949 740 1043 779 rex
1078 724 1379 779 Gothorum
1417 720 1745 777 christianos
1786 719 1839 772 in
1875 732 1974 771 sua

396 827 555 890 gente
575 814 920 887 persequitur
939 815 1024 869 m.
1058 814 1325 868 Damasus
1350 828 1485 882 papa
1521 811 1671 875 57⁸⁸,
1708 810 1845 864 sedit
1878 825 1975 861 aii-

397 925 499 963 nos
530 908 612 961 18.
640 936 712 947 —-
737 907 788 961 5.
818 906 883 937 ⁸³⁸
916 904 1040 959 Idus
1071 903 1400 959 Decembris.

470 999 522 1052 5.
565 996 679 1052 1100
706 1005 948 1066 tempore
969 995 1300 1065 Apollinaris
1328 993 1616 1063 episcopus
1654 990 1809 1060 plura
1840 988 1974 1044 scri-

396 1087 526 1158 psit,
562 1094 645 1143 set
672 1094 859 1157 postea
888 1086 1122 1141 heresim
1151 1083 1354 1141 condit.
1966 1078 1972 1085 ”

471 1178 524 1231 6.
564 1176 756 1249 Magna
788 1175 961 1232 fames
997 1176 1053 1230 in
1087 1175 1323 1245 Phrigia.

471 1268 521 1323 7.
564 1267 661 1324 llis
692 1268 884 1323 diebus
903 1275 1028 1338 post
1051 1265 1305 1320 Auxentii
1335 1262 1551 1318 Arriani
1581 1270 1808 1316 mortem
1842 1261 1973 1313 Am—

400 1356 622 1413 brosius
654 1356 943 1427 episcopus
967 1355 1253 1411 Mediolani
1292 1352 1591 1408 ordinatur.

471 1447 523 1501 8.
573 1445 752 1518 (Ηιεκ.
792 1462 843 1501 a.
878 1446 1026 1513 577.)
1053 1444 1468 1500 Valentinianus
1501 1442 1750 1498 Saxones
1794 1442 1850 1494 in
1892 1450 1978 1493 re-

402 1537 561 1608 gione
584 1536 917 1592 Francorum
942 1537 1069 1592 cede
1093 1537 1416 1605 perdomuit.

471 1630 523 1683 9.
568 1628 759 1698 (Ibid.)
789 1627 1236 1700 Burgundionum
1260 1627 1328 1681 80
1362 1626 1471 1681 fere
1493 1625 1639 1680 milia
1657 1626 1808 1695 juxta
1832 1622 1976 1677 Rhe-

401 1724 533 1774 num
556 1719 933 1774 consederunt.

480 1809 561 1863 10.
603 1809 735 1864 Post
765 1809 1091 1864 Auxentium
1124 1810 1435 1873 Arrianum,
1471 1808 1720 1863 ordinato
1744 1806 1977 1860 Ambro-

404 1900 509 1963 sio,
538 1899 691 1953 Italia
718 1900 785 1954 ad
812 1909 1016 1955 rectam
1046 1900 1204 1955 ﬁdem
1239 1900 1394 1953 redit.

476 1990 560 2044 II.
607 1991 789 2061 (Unos.
815 2005 911 2055 vn,
945 1990 1058 2059 52.)
1082 1989 1489 2043 Valentinianus
1524 1988 1725 2042 bellum
1762 1986 1813 2040 in
1848 1985 1979 2039 Sar-

404 2066 579 2134 mauis
632 2095 865 2149 parans,
900 2081 1146 2151 apoplexi
1170 2080 1417 2134 moritur.

477 2167 747 2223 VALENS
771 2178 895 2239 post
918 2179 1148 2224 mortem
1170 2168 1352 2223 fratris
1378 2183 1502 2221 cum
1524 2167 1783 2222 Gratiano
1805 2176 1858 2221 et
1878 2165 1983 2220 Va-

406 2248 705 2314 lentiniano
736 2275 907 2314 annos
930 2260 981 2314 4.

478 2352 529 2405 1.
572 2350 863 2406 Gratianus
892 2348 961 2404 50
990 2350 1138 2405 milia
1171 2350 1594 2405 Alemannorum
1627 2349 1839 2404 delevit.

476 2441 531 2494 2.
574 2440 773 2495 Valens
799 2442 970 2511 legem
994 2442 1160 2507 dedit,
1184 2450 1243 2494 ut
1265 2440 1519 2494 monachi
1545 2440 1868 2502 militarent;
1893 2453 1987 2491 no-

408 2532 581 2585 lentes
617 2528 855 2583 fustibus
883 2530 1047 2598 jussit
1083 2529 1329 2583 interfici.
1354 2529 1514 2583 Gothi
1544 2529 1685 2583 datis
1710 2543 1740 2581 a
1766 2526 1987 2581 Valente

411 2620 667 2675 herctiets
689 2620 1025 2683 doctoribus,
1049 2618 1261 2673 Arriani
1291 2620 1595 2674 eilieiuntur
1622 2620 1708 2688 (Α.
1739 2618 1805 2671 D.
1835 2618 1981 2685 575).

481 2712 533 2766 5.
577 2710 753 2783 (Ihm.
798 2726 847 2765 a.
900 2711 1048 2782 581.)
1098 2710 1261 2767 Gothi
1306 2711 1449 2767 fame
1495 2710 1762 2780 compulsi
1810 2709 1985 2763 rebel-

409 2799 544 2856 lant.

415 2918 420 2926 -
482 2892 537 2945 4.
576 2888 775 2946 Valens
819 2906 851 2944 a
905 2891 1096 2947 Gothis
1138 2892 1321 2947 occiso
1364 2892 1607 2946 exercitu
1654 2890 1886 2960 fugiens,
1931 2890 1987 2943 in

413 2984 575 3037 domo
602 2982 836 3051 quadam
862 2980 1017 3036 vivus
1046 2995 1336 3037 crematur.
1370 2981 1485 3037 11ηο
1526 2996 1700 3050 usque
1727 2980 1987 3036 chronica

415 3068 632 3124 Eusebii
667 3068 981 3137 leronimus
1006 3070 1275 3139 perduxit.
1312 3068 1449 3123 Hinc
1488 3078 1666 3123 autem
1714 3083 1885 3137 usque
1914 3068 1983 3121 ad

414 3160 760 3220 millesimum
809 3160 1317 3230 quinquagesimum
1370 3169 1621 3229 quartum
1677 3174 1877 3212 annum
1919 3158 1987 3211 ab

412 3246 789 3307 incarnatione
815 3245 1031 3304 Domini
1074 3250 1307 3304 domnus
1335 3249 1705 3305 Ileremannns
1734 3250 1991 3305 chronica

418 3356 519 3397 sua
547 3330 816 3411 perduxit.
1464 3368 1489 3389 κ
1856 3338 1861 3341 ‘

486 3432 608 3487 578.
650 3432 781 3488 Post
823 3440 1061 3503 mortem
1091 3431 1331 3487 Valentis
1375 3434 1588 3487 Arriani
1631 3434 1993 3503 imperatoris,
2053 3428 2057 3433 ’

419 3523 709 3578 Gratianus
736 3538 861 3577 cum
892 3521 1269 3578 Valentiniano
1306 3524 1471 3579 fratre
1511 3541 1631 3590 suo,
1669 3526 1827 3579 annis
1855 3524 1890 3578 6
1913 3540 1998 3580 re-

423 3610 612 3681 gnavit
638 3610 725 3662 ¹³¹.
816 3639 823 3645 -
1102 3642 1105 3645 -
1942 3598 1961 3614 ”

492 3698 616 3755 579.
655 3697 945 3754 Gratianus
969 3700 1261 3769 imperator
1280 3700 1645 3755 Theodosium
1673 3700 1874 3754 orienti
1902 3700 2001 3754 im-

419 3800 729 3861 peratorem
760 3788 1037 3858 priefecit.
1057 3789 1451 3855 Priscillianus,
1484 3791 1550 3845 de
1577 3790 1763 3844 Galliis
1786 3789 1998 3859 episco-
2035 3795 2041 3801 ‘
2084 3810 2087 3813 ί

421 3886 544 3951 pus,
574 3880 677 3933 hoc
702 3888 941 3949 tempore
965 3878 1049 3933 sui
1092 3880 1330 3935 nominis
1362 3881 1591 3935 heresim
1621 3880 1821 3934 condit.

492 3971 614 4025 580.
656 3970 737 4025 Ab
766 3970 870 4025 hoc
898 3986 1047 4046 anno
1078 3970 1410 4039 Theophilus
1451 3971 1845 4027 Alexandrinus
1880 3971 1975 4040 epi-

423 4077 621 4131 scopus
648 4062 931 4131 paschales
956 4062 1123 4116 ciclos
1145 4062 1381 4116 inchoat.

494 4152 615 4205 581.
659 4144 893 4207 Βίηοειύε
919 4153 1156 4207 secunda
1176 4153 1498 4207 universalis
1516 4152 1611 4206 I50
1622 4153 1997 4221 episcoporum

424 4241 891 4315 Constantinopoli
938 4244 1135 4316 agitur,
1187 4254 1376 4297 contra
1420 4243 1789 4297 Macedonium
1851 4244 2002 4297 here-

428 4335 721 4401 siarcham,
774 4337 945 4406 ipsius
986 4336 1137 4391 urbis
1174 4337 1509 4407 episcopum,
1552 4337 1653 4391 sub
1695 4336 1995 4392 Theodosia

428 4431 661 4493 augusto
712 4432 768 4480 et
807 4426 872 4456 "’
911 4425 1145 4481 Damaso
1171 4443 1340 4496 papa;
1372 4438 1421 4482 et
1455 4429 1520 4459 ¹⁸³
1554 4438 1667 4497 post
1702 4428 2001 4481 danmatio—

411 4524 545 4569 'nem
572 4513 813 4583 prazdicti
846 4513 1059 4567 heretici
1091 4523 1192 4567 tres
1218 4524 1438 4569 canones
1453 4504 1876 4571 constituuntur.

465 4621 473 4627 '
499 4607 623 4661 585.
656 4604 1165 4670 Αιθο1ηιάἱυε,1111ιιδ
1195 4602 1485 4658 Theodosii
1516 4608 1762 4674 augusti,
1792 4623 1822 4659 ε
1849 4616 2001 4676 patre

416 4690 487 4766 3n
516 4694 1031 4766 consortium'regni
1061 4698 1375 4763 assumptus
1397 4735 1411 4758 ,
1442 4694 1681 4763 regnarit
1719 4698 1876 4751 annis
1909 4698 1997 4749 20.

412 4759 422 4811 δ
507 4786 628 4839 583.
660 4787 928 4841 Maximus
962 4786 1064 4842 sibi
1090 4802 1318 4857 regnum
1350 4801 1657 4854 usurpans,
1688 4784 2002 4840 Gratianum

438 4866 685 4943 Lugduni
712 4874 923 4929 Oceidit.
954 4862 1155 4930 Romae,
1173 4876 1295 4944 post
1318 4872 1833 4943 Damasumpapam
1866 4872 2003 4926 Siri-

442 4965 599 5031 cius,
648 4954 740 5034 qu'i
788 4960 1165 5019 iti=chiionicis
1210 4964 1464 5033 Prosperi
1510 4964 1745 5021 Ursinus
1784 4966 1992 5034 dicitur,

436 5070 570 5125 papa
601 5053 670 5108 40
698 5065 777 5119 ιη,
807 5053 1146 5131 seditannos
1174 5054 1258 5105 14.
1302 5053 1362 5107 Si
1392 5056 1457 5087 ⁸⁸⁵
1480 5072 1693 5117 numero
1721 5059 2002 5128 praedicto-

439 5160 555 5199 rum
590 5144 897 5215 pontiﬁcum
934 5153 1174 5196 sanctum
1214 5143 1429 5197 Petrum
1471 5156 1519 5197 et
1566 5148 1772 5203 Cletum
1816 5167 2005 5220 papam

438 5252 773 5301 ammmcras,
803 5250 931 5304 quos
959 5234 1393 5303 prwtermisimus
1421 5235 1476 5286 in
1496 5234 1730 5303 numero,
1756 5238 2007 5295 Siricium

418 5338 628 5388 ponam
656 5325 712 5378 in
740 5325 922 5379 ordine
948 5323 1409 5394 quadragesimum
1438 5326 1725 5380 certissime
1760 5329 2005 5384 invenies.

2072 644 2235 680 annos
2265 628 2615 681 diversissima
2641 626 2929 695 descriptos
2956 626 3009 677 in
3037 627 3349 695 quibusdam
3381 629 3535 681 libris
3566 630 3653 682 in-

2074 718 2259 771 reniri.
2290 716 2594 771 leronimus
2640 716 2929 785 presbiter,
2960 716 3071 785 jam
3104 716 3156 769 in
3188 716 3459 771 Bethleem
3494 718 3649 772 habi-

2077 820 2230 876 tans,
2260 811 2441 864 clarus
2470 809 2716 863 habetur.
2750 807 3122 863 I'risrillianus
3155 809 3423 863 hereticus
3472 811 3525 862 in
3575 811 3651 863 si-

1994 920 1997 921 '
2076 903 2219 955 nodo
2249 900 2632 971 Burdegalensi
2662 900 3005 954 damnandus
3031 941 3045 964 ,
3079 898 3248 970 fugit,
3287 910 3364 955 set
3397 900 3653 956 Treveris

2076 993 2145 1046 ab
2172 990 2378 1046 Ebodio
2405 990 2659 1061 pratfeeto
2689 990 3031 1044 interficitur.

2146 1083 2268 1137 580.
2304 1079 2415 1136 Hoc
2446 1092 2672 1152 tempore
2700 1080 2927 1136 Siricius
2955 1099 3089 1150 papa
3118 1080 3329 1151 scripsit
3361 1081 3655 1134 derretm'ia

2080 1176 2146 1230 l3
2174 1173 2409 1242 capitula
2441 1172 2692 1243 Ilymerio
2720 1172 3100 1226 Tarraconensi
3125 1174 3362 1242 episeopo
3391 1175 3478 1227 ⁸³⁸.

2148 1266 2270 1319 588.
2309 1264 2648 1320 Theodosius
2698 1272 2961 1336 angustus
3016 1263 3308 1318 Maximum
3358 1273 3655 1335 tyranuum

2076 1355 2338 1426 Aquileia:
2363 1355 2577 1409 occidit.

2084 1450 2085 1453 “
2150 1447 2273 1500 589.
2308 1444 2518 1499 Ytatius
2546 1454 2599 1499 et
2626 1442 2876 1501 Ursatius
2904 1444 3165 1513 episcopi.
3195 1445 3267 1498 ob
3288 1462 3473 1499 necem
3498 1445 3658 1501 Pris-

2080 1537 2278 1592 eilliani
2326 1553 2488 1607 quem
2539 1544 2927 1592 accesaverant
2954 1577 2967 1600 ,
3010 1536 3235 1590 ecclesiae
3270 1526 3660 1591 ronnnunione

2080 1629 2380 1698 privantur.

2152 1718 2272 1773 590.
2306 1716 2419 1773 1100
2450 1726 2689 1787 tempore
2716 1726 2939 1772 sanctus
2974 1715 3257 1779 Martinus,
3287 1717 3613 1771 Ambrosius
3638 1756 3657 1780 ,

2082 1809 2361 1879 episcopi,
2396 1808 2699 1863 leronimus
2725 1809 3010 1877 presbiter,
3052 1807 3328 1863 Johannes
3375 1809 3660 1861 (li-isosto—

2011 1881 2052 1935 Β
2081 1915 2203 1955 mus
2229 1942 2242 1965 ,
2273 1899 2608 1969 Augustinus
2641 1898 2962 1977 et'Severus
3008 1898 3207 1968 aliique
3256 1914 3420 1967 quam
3470 1899 3662 1967 plures

2081 1992 2331 2045 doctores
2362 1990 2694 2044 claruerunt.

2152 2082 2274 2136 59:2.
2310 2080 2722 2136 Valentinianus
2748 2080 2873 2135 dolo
2903 2080 3218 2151 Arbogastis
3246 2082 3440 2150 laqueo
3484 2080 3661 2135 vitam

2087 2174 2276 2227 finivit.
2311 2172 2610 2227 leronimus
2638 2172 2834 2225 librum
2866 2187 3026 2240 quem
3070 2172 3137 2226 de
3179 2173 3311 2226 viris
3354 2171 3666 2227 illustribus

2084 2263 2311 2317 :eclesim
2338 2262 2574 2330 scripsit,
2606 2262 2713 2316 huc
2742 2276 2917 2330 usque
2943 2262 3212 2330 perduxit.
3276 2278 3281 2285 '

2155 2354 2274 2408 595.
2312 2353 2650 2408 Theodosius
2682 2352 2975 2421 imperator
3004 2366 3128 2406 cum
3159 2352 3283 2406 filiis
3311 2351 3583 2407 Archadio
3607 2362 3671 2407 et

2084 2443 2325 2497 llonorio
2356 2453 2464 2499 tres
2492 2458 2665 2498 annos
2693 2443 2955 2513 regnavit.

2156 2535 2279 2588 591.
2310 2533 2586 2587 Iohannes
2615 2534 2956 2588 anachoraeta
2982 2575 2996 2599 ,
3048 2533 3205 2602 cujus
3241 2534 3408 2587 vitam
3448 2532 3668 2587 leroni—

2086 2640 2209 2678 mus
2236 2624 2511 2693 dccripsit,
2542 2623 2908 2678 Theodosium
2934 2624 3311 2693 imperatorem
3335 2634 3522 2679 contra
3554 2622 3674 2678 Eu-

2086 2715 2303 2785 genium
2336 2722 2624 2784 tyrannum
2654 2715 2913 2769 victorem
2940 2713 3054 2769 fore
3084 2715 3349 2783 praedixit.

2157 2805 2281 2859 593.
2314 2804 2653 2859 Theodosius
2699 2805 2993 2873 imperator
3040 2804 3339 2874 Eugenium
3373 2815 3672 2877 tyrannum

2086 2895 2238 2959 vicit,
2286 2903 2343 2947 et
2388 2895 2503 2963 ipse
2543 2895 2733 2948 eodem
2781 2909 2927 2947 anno
2971 2893 3254 2949 Mediolani
3308 2897 3362 2949 iu
3411 2911 3545 2964 pace
3575 2914 3671 2949 re-

2089 2985 2311 3055 quievit.
2339 2983 2447 3039 Pro
2471 2984 2536 3015 ¹⁸⁶
2557 2998 2666 3054 quo
2695 2984 2998 3039 Archadius
3025 2982 3378 3039 et‘llonorius
3405 2986 3497 3040 lilii
3519 2989 3672 3057 ejus.

2098 3091 2271 3130 annos
2303 3076 2387 3129 15.
2417 3074 2755 3146 Augustinus
2786 3074 2988 3145 Vponze
3034 3076 3316 3129 ordinatur
3353 3077 3648 3147 cpiscopus

2089 3166 2361 3221 Johannes
2419 3166 2681 3221 heremita
2742 3165 2993 3236 migravit
3047 3166 3113 3220 ad
3178 3165 3489 3222 Dominum.
3548 3168 3674 3224 liae

2096 3275 2271 3329 usque
2314 3258 2719 3313 :cclesiasticam
2766 3258 3045 3313 historiam
3082 3257 3297 3312 Eusebii
3338 3258 3567 3314 Rulinus
3599 3261 3671 3293 ⁸³⁷

2099 3351 2211 3406 sive
2242 3349 2543 3404 leronimus
2574 3350 2842 3419 perduxit,
2876 3347 3253 3405 transferendo
3280 3352 3528 3405 eandem.

2166 3440 2290 3494 596.
2322 3438 2478 3495 Gildo
2504 3456 2687 3496 comes
2723 3434 2980 3496 Aﬂ'rieam
3026 3439 3129 3495 sibi
3180 3442 3457 3511 tyrannica
3505 3456 3662 3496 usur-

2098 3532 2263 3601 pavit.
2510 3516 2513 3517 ν
2774 3584 2779 3587 .

2170 3621 2292 3673 597.
2327 3620 2560 3674 Sanctus
2588 3616 2852 3675 Martinus
2880 3618 3225 3674 Turonorum
3247 3622 3537 3690 episcopus
3562 3623 3641 3675 mi

2100 3711 2275 3785 gravit
2302 3711 2370 3765 ad
2398 3710 2687 3765 Dominum
2711 3752 2726 3776 ,
2756 3726 2903 3765 anno
2940 3712 3116 3767 aetatis
3162 3712 3277 3787 81⁸,
3324 3714 3675 3783 episcopatus

2100 3818 2229 3856 vero
2254 3802 2370 3867 26°,
2402 3802 2557 3871 cujus
2586 3802 2751 3856 vitam
2781 3809 2837 3856 ct
2863 3802 3090 3857 virtutes
3129 3788 3394 3873 sulpitius
3437 3803 3673 3860 Severus

2081 3898 2086 3902 ’
2104 3894 2313 3963 egregie
2345 3894 2667 3962 composuit.

2172 3985 2293 4039 598.
2328 3983 2557 4039 Sanctus
2603 3984 2924 4040 Ambrosius
2959 3984 3375 4042 Mediolanensis
3403 3988 3665 4056 archiepi-

2104 4092 2317 4145 scopus,
2347 4077 2538 4130 doctor
2563 4076 2831 4147 egregius,
2871 4076 3133 4145 migravit
3152 4078 3219 4131 ad
3248 4076 3537 4132 Dominum
3564 4119 3579 4142 ,
3612 4080 3668 4132 5.

2102 4167 2218 4219 Kal.
2252 4166 2395 4219 Maii.
2428 4165 2612 4219 Reum
2640 4166 2979 4229 Anastasius,
3005 4182 3144 4236 papa
3174 4152 3485 4234 dl'gsedit
3510 4169 3675 4223 annis

2101 4260 2153 4311 4.
2186 4257 2342 4311 Gildo
2370 4263 2553 4310 comes
2578 4272 2755 4326 pugna
2783 4242 2958 4311 vietus
2987 4257 3213 4311 interiit.
3565 4252 3571 4256 ’

2172 4348 2294 4402 599.
2326 4346 2546 4415 Templa
2575 4347 2839 4401 idolorum
2861 4348 3241 4412 destruantur,
3261 4356 3317 4400 et
3336 4347 3447 4401 ludi
3469 4347 3647 4417 gladia

2102 4448 2281 4493 torum
2319 4438 2597 4491 tolluntur.

2033 4562 2075 4615 η
2171 4530 2293 4583 400.
2355 4527 2541 4597 (ans)
2571 4527 2732 4581 Gothi
2770 4525 2979 4579 Italiam
3024 4524 3327 4615 devastant.
3374 4522 3487 4579 Hoc
3533 4534 3675 4581 tem-

2102 4634 2233 4690 pore
2284 4618 2607 4672 Anastasius
2659 4632 2797 4684 papa
2852 4629 2950 4668 sua
3006 4614 3222 4669 decreta
3270 4616 3571 4681 constituit,
3622 4628 3680 4673 et

2104 4708 2349 4760 inventos
2401 4707 2453 4759 in
2512 4705 2654 4760 Urbe
2703 4704 3013 4758 Manicheos
3069 4705 3366 4761 damnavit.
3429 4707 3679 4777 Corpora

2086 4791 2488 4863 prophetarum
2536 4796 2756 4850 Abacuc
2800 4802 2855 4848 et
2896 4793 3115 4850 Michea:
3158 4811 3190 4850 a
3235 4795 3467 4852 Domino
3516 4813 3678 4881 reve-

2106 4884 2307 4937 lantur.

2180 4973 2298 5027 101.
2329 4972 2602 5029 Iohannes
2628 4974 3277 5047 Constantinopolitanus
3304 4986 3361 5032 et
3399 4975 3678 5049 Theophi-

2104 5064 2191 5118 lus
2217 5064 2503 5119 clarissimi
2532 5066 2819 5133 habentur,
2850 5080 2931 5122 set
2957 5068 3093 5123 adeo
3121 5066 3421 5129 discordes,
3456 5074 3516 5120 ut
3552 5082 3677 5122 mo-

2106 5155 2289 5209 limine
2320 5154 2601 5226 Theophili
2628 5156 2909 5243 Johannes
2938 5158 2993 5212 in
3022 5157 3256 5211 Pontum
3297 5156 3459 5211 exilio
3484 5157 3555 5212 sit
3583 5174 3679 5213 re-

2106 5247 2334 5317 legatus.
2942 5252 2946 5256 “
3046 5254 3049 5257 ’

2161 5327 2300 5390 102.
2332 5336 2493 5405 Gothi
2517 5337 2832 5394 Stiliconem
2860 5335 3052 5393 ducem
3080 5350 3204 5392 cum
3232 5337 3480 5397 Romano
3512 5356 3680 5396 exer-

1690 5442 1946 5534 vanta:
1983 5463 2381 5525 LECTIONES.

516 5578 725 5651 Φλιωο
753 5590 859 5643 alio
889 5597 993 5643 atr.
1031 5590 1095 5621 ¹³⁰
1136 5588 1221 5641 111.
1258 5586 1334 5641 Id.
1366 5586 1488 5654 Dec.
1519 5589 1840 5654 alioiterunt
1870 5602 1974 5647 atr.

448 5594 2043 5687 ...‘~".'.-.”‘”f.‘.’.’f?.£2.33Et}?'.R‘3.°;f£§°.‘.5§'"i'§£2;.
2068 5595 2266 5687 ⁸³⁸..υοπ
2297 5602 2752 5687 είίοβενκσάάίια
2774 5606 2831 5687 .¹·
2908 5594 3072 5687 "12-5".
3094 5609 3209 5664 ιοεο
3236 5628 3377 5675 τωο.
3407 5621 3566 5684 antea
3612 5615 3683 5669 ιν

548 5664 671 5743 cti—
694 5661 1097 5743 constituuntur
1116 5660 1169 5711 in
1193 5659 1449 5743 {pronraso
1472 5659 1744 5743 angit-5823
1784 5668 2078 5743 at‘ranmyo
2091 5667 2222 5743 αζξρ,
2297 5670 2364 5701 ηδ
2389 5670 2508 5743 In”
2536 5672 2591 5723 ίη
2616 5675 2867 5743 ,πω-σία.

2946 5678 3011 5711 ⁸³⁸
3051 5679 3162 5733 Iram
3183 5682 3362 5734 eodem
3392 5680 3550 5735 Manu
3585 5683 3680 5735 sed

450 5723 557 5779 alio
586 5736 873 5782 atramento
898 5730 1113 5797 scripta.
1196 5730 1259 5759 ⁸³⁵
1299 5726 1407 5779 Pro
1434 5759 1505 5767 ——
1532 5722 1667 5780 XIII.
1700 5730 1754 5781 in
1781 5728 1945 5801 marg.
1998 5733 2046 5785 I.
2124 5737 2187 5768 ¹³⁷
2229 5753 2273 5789 r.
2308 5753 2353 5791 s.
2910 5722 3458 5815 raso,"e'2332'53}§:£&".
