3970 6404
458 446 483 500 1
495 447 598 502 323

527 549 649 609 43⁸2.
684 553 868 609 Romae
895 552 1105 620 Xistus,
1136 567 1272 623 papa
1304 547 1452 620 46η,
1485 553 1624 608 sedit
1653 567 1826 607 annos
1847 553 1900 606 8.

530 647 651 699 455.
683 643 1097 700 Valentinianus
1130 651 1394 715 angustus
1424 643 1595 697 multa
1631 642 1858 697 acelesiis
1887 642 2031 697 dona

458 735 624 790 dedit.

526 825 649 878 434.
683 823 932 878 Wandali
958 825 1072 894 iam
1102 839 1248 880 nono
1276 839 1420 878 anno
1457 823 1714 878 All‘ricam
1765 822 2029 878 infestan-

455 923 558 980 tes,
587 924 805 984 pactum
831 931 860 968 a
889 915 1149 971 Romanis
1174 916 1473 984 postulant.

526 1004 650 1058 455.
684 1003 794 1058 Pax
833 1020 957 1058 cum
991 1003 1266 1059 Wandalis
1304 1005 1470 1058 facta.

524 1096 650 1150 456.
682 1096 840 1150 Gothi
881 1089 1191 1150 Narbonam
1227 1096 1505 1150 obsessam
1538 1092 1677 1148 fame
1703 1103 1971 1164 premunt.

523 1189 648 1243 45⁸1.
678 1187 884 1242 Bellum
914 1203 947 1242 a
978 1187 1240 1242 Romanis
1268 1195 1458 1241 contra
1491 1184 1698 1240 Gothos
1735 1187 1956 1256 geritur.

522 1277 648 1332 458.
685 1276 783 1331 His
838 1278 1154 1347 tentporibns
1211 1286 1425 1330 sanctus
1481 1273 1712 1343 Prosper
1764 1275 2028 1346 chicnsis

453 1369 723 1440 episcopus
757 1380 938 1424 contra
976 1367 1168 1422 librum
1213 1364 1458 1422 Cassiani
1490 1367 1551 1418 de
1585 1369 1901 1435 protectione
1931 1364 2028 1420 Dei

453 1461 688 1527 scripsit,
707 1460 762 1512 in
785 1441 893 1529 quo
909 1460 1128 1512 eundem
1153 1457 1375 1510 liberum
1404 1455 1685 1508 arbitrium
1711 1455 1866 1508 nimis
1879 1463 2029 1508 extu-

457 1545 583 1604 lisse
610 1548 846 1620 probavit
881 1548 947 1580 m
986 1539 1188 1617 (l275).

527 1643 649 1697 459.
683 1641 931 1696 Julianus
960 1638 1298 1694 Atelcnensis
1330 1637 1638 1708 episcopus,
1671 1634 2026 1704 Pelagianism

451 1730 880 1803 iactantissimus
913 1772 928 1795 ,
1009 1728 1236 1784 ecclesia:
1308 1727 1678 1780 communioni
1757 1725 2027 1794 surripere

457 1831 745 1892 temptans,
772 1837 802 1875 a
830 1819 990 1874 Xisto
1013 1835 1149 1888 papa
1179 1818 1356 1871 denuo
1383 1816 1694 1871 damnatur.

526 1877 648 1964 440.
681 1877 868 1964 Romae
908 1877 1163 1962 defuncto
1190 1906 1364 1970 Xisto,
1397 1904 1528 1971 Leo,
1577 1906 1660 1958 vir
1702 1904 1948 1958 doctrina
1975 1912 2028 1958 et
2060 1877 2100 1932 Β

456 1999 702 2054 moribus
731 1997 979 2068 insignis,
1012 2012 1148 2065 papa
1173 1997 1323 2061 47η,
1355 1995 1491 2049 sedit
1520 1995 1678 2048 annis
1704 1995 1801 2058 2'2,
1839 1995 1903 2025 “°
1931 1996 2025 2062 qui

455 2088 795 2145 Euticianam
843 2097 899 2142 et
930 2084 1309 2142 Nestorianam
1353 2085 1573 2140 hereses
1605 2085 2023 2152 condemnavit,

453 2188 502 2233 et
537 2179 601 2211 “'
631 2179 700 2233 49
729 2179 935 2231 decreta
966 2175 1297 2242 conscripsit.

523 2269 646 2323 441.
677 2266 1016 2322 ThcoJosius
1051 2266 1345 2334 imperator
1381 2271 1574 2318 contra
1603 2261 1897 2316 Wandalos
1931 2278 2028 2332 per

454 2359 621 2416 dnces
651 2375 784 2414 suos
814 2359 1012 2413 bellum
1046 2365 1245 2412 movet.

523 2452 646 2507 445.
679 2451 912 2506 Sanctus
945 2448 1180 2504 Brictius
1216 2446 1566 2500 Turonorum
1602 2445 1891 2513 episcopus
1927 2445 2023 2499 de—

454 2541 639 2606 cessit,
675 2541 764 2596 cui
798 2549 1020 2596 sanctus
1056 2536 1384 2592 Eustochius
1429 2534 1710 2588 successit.
1744 2533 1852 2587 Leo
1888 2549 2026 2602 papa

453 2631 657 2687 multos
705 2631 761 2685 in
812 2628 957 2684 Urbe
1009 2627 1320 2682 Manicheos
1367 2624 1701 2694 publicavit,
1755 2632 1809 2678 et
1859 2624 2027 2679 libros

453 2736 643 2777 eorum
672 2721 929 2777 incendit.
966 2721 1033 2752 ³⁸⁸
1066 2718 1169 2771 Hic
1197 2717 1378 2786 (I276)
1415 2716 1712 2779 constituit,
1749 2723 1804 2766 ut
1840 2729 2026 2767 mona-

456 2813 555 2865 cho
584 2810 818 2867 velamen
853 2811 1044 2880 capitis
1075 2811 1140 2862 ab
1172 2807 1410 2877 episcopo
1445 2804 1768 2858 benedictum
1796 2803 2026 2856 nullate—

456 2919 556 2956 nus
592 2904 886 2970 acciperet,
925 2901 1027 2954 nisi
1077 2900 1225 2967 prius
1280 2888 1557 2964 virginitas
1608 2892 1758 2946 illius
1807 2893 2028 2961 probata

458 2995 619 3058 foret.
645 2991 791 3046 Unde
815 2999 865 3044 et
895 2987 1220 3058 Augustinus
1243 2987 1450 3051 asserit,
1474 2999 1566 3037 nec
1586 2983 1738 3036 illaut
1761 2983 1896 3036 inter
1921 2985 2028 3036 vir-

454 3083 603 3154 gines
625 3097 806 3136 sacras
837 3077 1247 3133 consecrandam
1278 3076 1409 3145 fore,
1440 3076 1488 3129 si
1516 3091 1621 3145 qua
1650 3074 1782 3144 foret
1808 3073 1886 3128 vel
1908 3083 2031 3128 ante

453 3175 778 3244 baptismum
810 3179 1083 3241 corrupta.

525 3265 650 3320 444.
680 3264 842 3318 Attila
874 3277 967 3317 rex
996 3260 1278 3315 Hunorum
1321 3257 1561 3313 Bleldam
1594 3255 1816 3312 fratrem
1864 3270 2025 3331 suum

455 3355 714 3425 regnique
735 3360 1042 3408 consortem
1068 3351 1357 3404 interemit.
1384 3347 1458 3404 De
1480 3347 1645 3418 huius
1669 3346 1796 3400 anni
1826 3346 2025 3416 pascha

455 3444 734 3500 Proterius
763 3453 816 3498 et
843 3442 1176 3497 Pascasinus
1206 3439 1374 3494 Leoni
1405 3453 1558 3509 papa:
1585 3437 1850 3513 scribunt.

527 3535 651 3589 445.
686 3534 778 3587 His
807 3533 1142 3602 temporibus
1170 3529 1278 3584 Leo
1303 3545 1440 3598 papa
1466 3529 1608 3599 inter
1630 3529 1737 3582 alia
1761 3527 1904 3606 bona
1930 3526 2028 3580 ha-

460 3623 645 3679 silicas
675 3622 1044 3689 apostolorum
1075 3620 1219 3673 l’ctri
1249 3628 1304 3672 et
1327 3617 1482 3672 Pauli
1508 3617 1806 3672 renovavit.

531 3711 656 3766 446.
687 3710 839 3779 Apud
871 3708 1140 3778 Ephesum
1171 3716 1375 3776 septem
1407 3707 1740 3760 dormientes
1762 3745 1778 3771 ,
1807 3705 1900 3774 qui
1927 3705 2031 3759 sub

460 3801 624 3858 Decio
670 3800 839 3854 multa
888 3812 985 3868 pro
1024 3797 1244 3851 Christo
1291 3804 1562 3850 tormenta
1601 3795 1746 3862 passi
1801 3795 1857 3848 in
1910 3810 2032 3862 spe-

459 3893 620 3949 lunca
642 3890 874 3962 quadam
902 3887 1334 3952 obdormierunt,
1361 3893 1485 3955 post
1511 3899 1685 3938 annos
1713 3883 1812 3938 196
1842 3898 2032 3952 exper-

461 3982 654 4056 gefacti
672 3991 816 4048 sunt,
829 3990 900 4050 ct,
919 3979 1235 4036 conﬁrmata
1258 3975 1362 4032 fide
1386 3975 1822 4040 resurrectionis,
1837 3974 2030 4028 iterum

461 4075 889 4131 obdormierunt.
918 4096 926 4104 ι
1169 4096 1174 4098 -
1771 4101 1774 4110 ,

529 4165 652 4219 447.
685 4161 939 4217 Euthioes
964 4160 1230 4231 presbiter
1257 4167 1312 4215 et
1331 4159 1506 4228 abbas
1535 4156 2030 4227 Constantinopoli-

462 4262 645 4318 tantis,
672 4252 899 4308 confusa
931 4252 987 4306 in
1021 4251 1241 4306 Christo
1266 4243 1566 4304 divinitatis
1593 4256 1648 4303 et
1676 4247 2032 4303 humanitatis

465 4341 768 4412 substantia
791 4382 808 4406 ,
835 4358 1001 4396 unam
1029 4343 1082 4396 in
1109 4357 1176 4397 eo
1207 4350 1456 4396 naturam
1489 4338 1891 4409 dogmatizans,
1927 4353 2030 4392 an-

465 4432 674 4486 niteute
702 4429 1011 4486 Theodosio
1027 4431 1239 4498 iuniore
1267 4439 1499 4500 augusto
1529 4437 1584 4483 et
1611 4427 1870 4483 Dioscoro
1905 4429 2031 4483 Ale-

1418 441 1506 496 AD
1543 441 1768 497 OPERA
1807 440 1864 496 S.
1905 441 2229 497 GREGORII
2264 439 2698 499 APPENDlC-ES.

2059 559 2105 614 Α
2200 555 2324 608 449.
2358 553 2558 609 lterum
2585 553 2838 610 catholici
2865 553 2934 610 ab
2955 553 3279 625 imperatore
3303 551 3613 609 Theodosio
3633 553 3705 609 ad

3564 441 3705 497 1524

2131 643 2461 698 audientiam
2485 645 2712 699 evocati.

2201 734 2325 788 450.
2362 720 2471 790 Leo
2498 750 2634 804 papa
2664 735 2870 804 legatos
2911 734 2980 788 ad
3027 732 3415 789 confutandam
3462 734 3705 789 heresim

2131 824 2342 879 mittere
2377 826 2604 879 curavit.
2638 823 2977 880 Theodosius
3004 826 3296 894 imperator
3316 826 3549 880 moritur
3593 825 3706 878 Pro

2131 930 2241 984 quo
2283 914 2580 968 Martianus
2627 915 2853 970 orientis
2903 915 3190 985 imperium
3241 915 3510 985 adeptus,
3565 924 3621 970 ct
3671 916 3705 970 7

2133 1005 2289 1058 annis
2343 1021 2576 1074 regnans
2603 1045 2618 1069 ,
2670 1001 3005 1060 Euthicetem
3061 1021 3184 1059 cun:
3225 1006 3340 1061 suis
3373 1006 3707 1076 sequacibus

2131 1095 2368 1149 damnat.
2400 1093 2633 1149 Placidia
2652 1104 2880 1164 augusta
2907 1095 3060 1148 obiit.
3091 1094 3321 1149 Romani
3348 1095 3507 1150 Aetio
3539 1097 3704 1164 duce,

2131 1183 2322 1239 Gothis
2355 1185 2766 1240 auxiliatoribus
2791 1226 2806 1251 ,
2842 1185 3062 1239 Attilam
3096 1186 3340 1240 vicerunt
3366 1201 3549 1256 regem
3584 1185 3701 1240 llu-

2130 1289 2345 1328 norum.
2528 1270 2533 1275 ⁷
3535 1281 3548 1292 ⁸

2203 1366 2322 1420 451.
2354 1366 2516 1420 Attila
2547 1363 2847 1421 recollectis
2881 1365 3089 1419 viribus
3116 1365 3452 1436 Aquilegiam
3501 1381 3700 1436 magna

2129 1456 2180 1508 vi
2209 1456 2367 1525 cepit.
2402 1455 2480 1508 Ad
2510 1472 2672 1524 quem
2706 1455 3111 1510 Valentinianus
3144 1457 3437 1526 imperator
3461 1456 3704 1513 Leonem

2127 1561 2321 1614 papam
2352 1546 2592 1611 mittens,
2626 1562 2812 1614 pacem
2843 1562 2966 1600 cum
2996 1562 3063 1600 eo
3095 1546 3238 1600 fecit.

2194 1634 2318 1688 452.
2351 1635 2513 1688 Attila
2543 1651 2636 1688 rex
2665 1634 2946 1688 Hunorum
2978 1635 3030 1688 in
3063 1637 3176 1690 suis
3203 1635 3422 1690 sedibus
3445 1638 3695 1691 moritur.

2127 1722 2242 1777 Hoc
2269 1731 2507 1794 tempore
2534 1734 2728 1793 quarta
2757 1726 2984 1779 sinodus
3010 1727 3330 1781 universalis
3355 1727 3459 1780 630
3483 1729 3700 1798 episeo-

2125 1828 2320 1881 porum
2369 1814 2423 1865 in
2471 1813 2772 1868 Calcenone
2841 1823 3029 1868 contra
3079 1815 3340 1869 Eutliicen
3398 1825 3452 1870 et
3506 1833 3702 1872 omnes

2128 1903 2392 1957 hereticos
2436 1915 2816 1973 congregatur,
2865 1905 2927 1935 ¹⁵¹
2959 1905 3130 1974 ibique
3163 1905 3428 1959 damnatis
3455 1907 3698 1962 [tereticis

2124 1992 2192 2043 27
2219 2009 2439 2045 canones
2465 2002 2783 2047 statuerunt.

2191 2085 2316 2137 455.
2354 2083 2762 2139 Valentinianus
2806 2087 3103 2156 imperator
3147 2089 3361 2144 Aetium
3407 2092 3700 2160 patricium

2124 2189 2288 2226 manu
2319 2189 2415 2227 sua
2446 2175 2501 2227 in
2531 2168 2732 2244 palatio
2758 2175 3129 2233 fraudulenter
3153 2181 3369 2234 occidit.

2192 2264 2317 2318 451.
2347 2263 2760 2320 Valentinianus
2787 2267 3082 2335 imperator
3101 2268 3157 2320 in
3189 2284 3382 2338 campo
3411 2268 3604 2324 Martio
3625 2272 3702 2325 ab

2124 2354 2313 2409 amicis
2340 2353 2475 2408 Aetii
2502 2356 2856 2410 interemitur.
2883 2356 2988 2410 Pro
3011 2372 3121 2427 quo
3142 2357 3408 2412 Maximus
3439 2359 3703 2416 invadens

2124 2443 2433 2513 imperium,
2465 2445 2605 2499 infra
2638 2447 2778 2500 deos
2805 2461 3021 2501 menses
3057 2462 3087 2500 a
3117 2447 3378 2501 militibus
3405 2448 3698 2515 occiditur;

2124 2543 2246 2602 post
2295 2550 2456 2602 quem
2503 2535 2694 2589 Avitus
2739 2537 2973 2604 sumpsit
3021 2537 3331 2606 imperium.
3380 2535 3504 2606 lpso
3550 2554 3703 2595 anno

2125 2624 2432 2679 Geisericus
2483 2640 2576 2678 rex
2623 2624 3011 2680 Wandalorum
3059 2625 3285 2681 Romam
3331 2628 3542 2682 cunctis
3577 2629 3701 2698 opi-

2125 2715 2228 2773 bus
2285 2716 2539 2785 expoliat.
2598 2713 2714 2770 lluc
2768 2731 2942 2786 usque
2995 2716 3229 2786 Prosper
3282 2718 3539 2775 chronica
3593 2701 3699 2776 sua

2125 2806 2412 2874 perduxit,
2463 2807 2554 2876 qui
2599 2817 2648 2859 et
2696 2807 2974 2875 epistot'am
3025 2807 3215 2862 Leonis
3265 2825 3416 2878 papa:
3465 2810 3530 2863 de
3574 2826 3700 2864 sera

2126 2895 2339 2949 Domini
2374 2896 2739 2950 incarnatione
2767 2906 2952 2950 contra
2990 2895 3252 2951 Euthicen
3285 2898 3520 2954 creditur
3547 2915 3702 2954 com-

2126 2987 2378 3054 posuisse.
3145 3032 3172 3036 _.

2119 3143 2121 3146 g
2198 3076 2321 3130 455.
2350 3075 2540 3130 Avitus
2562 3075 2848 3146 imperium
2869 3076 3156 3132 Placentia:
3172 3077 3437 3148 deposuit.
3457 3077 3566 3134 Pro
3585 3093 3703 3149 quo

2129 3163 2460 3235 Maiorianus
2491 3167 2736 3236 regnavit
2762 3168 2922 3222 annis
2956 3169 3010 3222 4.

2193 3257 2317 3310 456.
2349 3255 2650 3311 Martianus
2676 3257 2969 3326 imperator
2995 3258 3222 3314 orientis
3249 3258 3419 3324 obiit;
3452 3273 3551 3329 pro
3585 3274 3702 3330 quo

2128 3346 2238 3400 Leo
2282 3348 2571 3417 imperator
2601 3349 2762 3403 annis
2797 3350 2866 3381 ¹⁵³
2907 3349 2973 3402 17
3016 3358 3222 3420 regnat.
3275 3349 3356 3405 Ab
3402 3349 3505 3404 hoc
3550 3365 3702 3405 anno

2133 3436 2399 3492 Victorius
2426 3439 2707 3508 paschales
2735 3441 2914 3510 cyclos
2935 3481 2952 3505 ,
2997 3449 3081 3495 set
3117 3455 3302 3496 errore
3342 3441 3529 3510 plenos
3551 3482 3568 3509 ,
3607 3442 3701 3496 in-

2126 3527 2309 3593 choat,
2331 3528 2553 3597 iubente
2581 3545 2717 3598 papa
2743 3528 2984 3600 llylario.

2198 3617 2323 3671 457.
2355 3617 2686 3686 Maiorianus
2714 3619 3010 3687 imperator
3033 3621 3329 3676 occidentis
3357 3621 3413 3675 in
3439 3621 3701 3676 Atl'ricam

2129 3714 2318 3760 contra
2345 3705 2640 3760 Wandalos
2663 3708 2827 3760 movit
2859 3709 3220 3775 procinctum.

2199 3796 2323 3848 460.
2354 3794 2687 3864 Maiorianus
2735 3797 3028 3865 imperator
3069 3813 3101 3851 a
3137 3796 3422 3853 Richmere
3467 3800 3702 3868 patricio

2131 3886 2499 3942 fraudulenter
2524 3887 2827 3957 perimitur.
2848 3928 2850 3930 τ
3191 3953 3196 3956 _
3594 3953 3596 3958 _

2200 3976 2323 4031 461.
2357 3977 2590 4033 Severus
2622 3976 2893 4032 Ravenna:
2918 3993 2949 4032 a
2975 3977 3261 4034 Richmere
3287 3977 3584 4048 imperator
3609 3979 3700 4052 ef:-

2131 4065 2344 4132 fectus,
2407 4074 2642 4136 quatuor
2689 4067 2847 4121 annis
2899 4068 3159 4138 regnavit.
3218 4060 3474 4124 Turonis
3505 4070 3701 4128 beatus

2127 4156 2429 4226 Perpetuus
2461 4157 2748 4227 episcopus
2776 4157 2952 4213 factus
2976 4200 2992 4226 ,
3039 4174 3240 4228 corpus
3270 4160 3444 4214 sancti
3479 4160 3702 4232 Martini

2130 4247 2424 4300 transtulit.
2461 4315 2471 4325 .
2841 4294 2846 4305 ,
2927 4290 2930 4292 .
3552 4253 3598 4318 ‘.
3644 4271 3650 4275 η

2201 4336 2323 4391 462.
2359 4335 2542 4392 Romae
2575 4336 2827 4408 Hylarius
2850 4379 2866 4403 ,
2904 4351 3041 4407 papa
3075 4339 3228 4405 4809,
3256 4339 3395 4394 sedit
3429 4340 3589 4395 annis
3621 4340 3699 4408 6.

2132 4427 2412 4482 mensibus
2447 4428 2501 4481 5.
2533 4425 2638 4492 Qui
2668 4428 2886 4482 hereses
2915 4427 3292 4497 Euthieianam
3325 4437 3385 4483 et
3413 4427 3701 4484 Nestoris-

463 4522 733 4578 xandrino
756 4519 1032 4590 episcopo,
1051 4520 1394 4573 resistentem
1416 4519 1522 4586 sibi
1543 4517 1862 4572 Flavianum
1886 4517 2033 4573 Con-
2062 4525 2107 4579 ι)
2131 4531 2259 4570 nam
2309 4516 2620 4582 damnavit,
2655 4524 2712 4571 et
2739 4517 2880 4570 inter
2894 4516 3012 4569 .alia
3043 4516 3186 4570 bona
3216 4517 3380 4571 etiam
3426 4513 3566 4572 diras
3613 4519 3702 4574 bi-

462 4611 1007 4683 stantinopolitanum
1058 4607 1524 4681 archiepiscopum
1550 4645 1568 4671 ,
1601 4594 1887 4676 expulsum
1909 4648 1927 4674 ,
1962 4609 2052 4663 ad'

464 4711 694 4759 mortem
731 4717 904 4773 usque
932 4706 1352 4770 persequuntur.
1383 4694 1586 4750 Contra
1606 4709 1772 4764 quam
1793 4695 2030 4751 heresim

467 4788 579 4846 Leo
607 4807 742 4862 papa
774 4793 982 4863 legatos
1011 4790 1179 4846 misit.

539 4878 662 4932 448.
701 4879 1040 4962 Theodosius
1091 4880 1386 4948 imperator
1419 4874 1655 4930 leonem
1700 4889 1896 4945 papam
1930 4889 2030 4944 pro

469 4966 780 5036 defensione
826 4968 1123 5035 Euthicetis
1153 4967 1251 5036 ad
1282 4981 1342 5022 se
1392 4975 1568 5020 vocat.
1599 4963 1726 5030 .Qui
1764 4979 1795 5019 a
1829 4965 2029 5034 populo

470 5058 716 5117 Romano
743 5058 926 5112 venire
954 5057 1275 5125 prohibitus,
1309 5057 1510 5124 legatos
1539 5071 1635 5124 pro
1664 5071 1722 5111 se
1747 5055 1918 5111 misit.

2085 4626 2089 4630 -
2132 4605 2430 4660 bliotheeas
2458 4605 2524 4637 ιιι
2551 4606 2607 4660 in
2645 4599 2786 4660 Urbe
2815 4605 3073 4675 condidit,
3113 4605 3182 4638 ιιι
3223 4616 3276 4661 ει
3308 4623 3400 4662 σεε
3440 4609 3700 4677 synodico

2132 4692 2368 4762 capitulo
2393 4691 2683 4745 constituit.

2201 4781 2327 4836 465.
2364 4779 2480 4834 Rex
2512 4780 2809 4835 Alanorum
2841 4778 3049 4837 Italiam
3073 4791 3284 4852 petens,
3320 4785 3463 4855 apud
3488 4784 3700 4857 Perga-

2133 4887 2282 4927 mum
2313 4886 2344 4926 a
2378 4870 2662 4927 Richmere
2681 4871 2905 4942 patricio
2929 4887 3104 4944 pugna
3135 4876 3310 4930 victus
3339 4875 3564 4932 interiit.

2205 4961 2329 5017 464.
2368 4955 2600 5017 Severus
2622 4962 2976 5031 impererator
3003 4963 3209 5032 fraude,
3247 4975 3303 5019 ut
3328 4965 3501 5028 aiunt,
3525 4961 3701 5018 Rich-

2131 5051 2298 5112 meris
2326 5066 2533 5107 veneno
2555 5051 2728 5121 periit.

1732 5163 1966 5220 vnum:
2002 5162 2399 5244 Lee-rienes.

541 5261 604 5293 "7
643 5262 753 5316 hcc
779 5256 938 5328 paulo
976 5253 1084 5328 alio
1120 5261 1413 5328 atramento
1448 5255 1663 5328 scripta.
1741 5256 1808 5288 ⁸⁸⁸
1845 5259 2111 5328 sequentia
2160 5238 2216 5310 in
2263 5257 2376 5310 loco
2409 5273 2548 5328 raso.
2629 5257 2696 5290 “’
2731 5266 2788 5313 et
2813 5225 3127 5328 XLVH‘II‘d.
3159 5255 3342 5328 c._alip
3373 5263 3693 5328 atramento.

471 5334 537 5366 ut
572 5347 690 5399 qm;
717 5322 1024 5399 minantur,
1060 5324 1116 5376 in
1139 5322 1596 5399 margine‘addita
1623 5334 1762 5377 sunt.
1842 5322 2045 5393 “"qua:
2062 5335 2355 5383 scauuntur
2401 5326 2510 5379 alio
2540 5335 2854 5382 atramento.
2933 5327 3001 5359 ¹⁸⁸
3034 5325 3176 5380 deest
3211 5323 3263 5379 1.
3294 5323 3350 5379 2.
3423 5325 3492 5387 Ψ
3528 5325 3697 5382 bibli-

468 5393 655 5457 tncc'as
687 5403 736 5455 1.
783 5393 883 5428 ’¹⁸⁵
919 5393 1184 5463 sequentia
1211 5393 1320 5455 alio
1351 5399 1663 5453 atramento.

1908 5497 2137 5566 ΝΟΤΑΕ.

542 5591 723 5660 (1275)
752 5590 1115 5659 Contunditur
1157 5589 1245 5646 hic
1273 5587 1332 5660 ἢ.
1362 5587 1596 5660 Prosper
1639 5584 1933 5660 Regiensis
1972 5586 2026 5640 in

473 5653 791 5714 Lo‘mbar'dia
825 5655 1111 5728 episcopus
1134 5674 1258 5715 cum
1288 5659 1350 5714 S.
1386 5653 1656 5726 Prospero
1678 5653 2024 5728 Aﬁnilaniw.

474 5729 566 5798 qui
589 5726 875 5800 episcopus
903 5726 1177 5800 nunquam
1207 5729 1307 5785 fuit
1334 5771 1349 5799 ,
1379 5728 1644 5799 cuiusque
1677 5726 1812 5781 liber
1837 5732 2026 5781 contra

2131 5587 2455 5661 Cassiapum
2485 5595 2663 5661 exstat
2698 5591 2754 5651 in
2782 5589 2915 5661 eius
2957 5592 3209 5661 operibus
3241 5594 3372 5652 edit.
3422 5594 3610 5653 Venet.

2133 5657 2452 5740 Πμλ-Υξάᾇ
2473 5656 2906 5740 ἱδὶὐηλπεΐζεε
2937 5656 3046 5740 χέε.
3076 5661 3201 5720 Uss;
3607 5687 3616 5692 ·

2160 5796 2164 5800 ι
2201 5727 2384 5800 (1276)
2413 5715 2490 5781 Ex
2518 5715 2684 5798 gestis
2709 5715 2916 5798 pontin‘.
2955 5730 3019 5786 R.
