3970 6338
221 405 362 461 I525

1093 387 1375 448 APPEND.
1413 391 1498 444 111.
1539 382 2076 444 --ΜΟΝῊΜΕΝΤΑ
2108 382 2565 441 GREGORIANA.

3308 380 3443 436 i526

272 506 1201 582 £66.LeoimperatorAnthemium
1225 506 1291 560 de
1305 501 1775 572 Constantinopoli
1807 503 1849 559 Α
1875 499 2108 555 Zenonis
2142 497 2359 567 augusti
2386 496 2596 550 Italiam
2630 494 2801 566 petiit.
2843 493 2941 550 Cui
2973 492 3216 551 Odoacer
3249 509 3442 552 occur-

215 600 280 655 ad
303 599 600 668 regendum
624 593 919 651 occidentis
941 592 1225 661 imperium
1247 589 1477 670 Romam
1497 587 1665 654 misit,
1689 584 1784 656 qui

215 687 464 758 regnavit
493 685 650 739 annis
683 685 735 739 5.

287 775 414 830 467.
456 773 668 827 Tolosa
699 771 791 826 ubi
843 769 998 825 sedes
1029 767 1179 838 regni
1210 763 1513 821 Gothorum
1558 771 1696 828 erat,
1728 762 1784 816 in

216 867 399 923 medio
421 864 657 920 civitatis
683 861 903 931 sanguis
929 875 959 913 e
980 867 1123 914 terra
1150 851 1532 926 prorumpens,
1562 862 1674 910 tota
1698 853 1786 910 die

215 974 326 1012 una
357 955 643 1027 profluxit.

287 1048 416 1102 468.
471 1042 796 1098 Arabundus
841 1039 1129 1110 imperium
1160 1044 1450 1107 temptans,
1487 1034 1642 1105 jussu
1670 1031 1785 1086 An-

216 1137 411 1194 themii
446 1133 788 1204 imperatoris
809 1130 970 1186 exilio
998 1129 1331 1199 deportatur.
1357 1126 1543 1180 Roma
1574 1123 1789 1192 Simpli-

211 1231 358 1296 cius,
387 1243 524 1299 papa
551 1224 701 1292 49³⁸,
734 1225 873 1280 sedit
900 1221 1057 1276 annis
1093 1221 1182 1287 15,
1216 1219 1496 1274 mensibus
1529 1216 1584 1283 5,
1609 1216 1675 1247 ’⁸⁸
1697 1216 1787 1285 qui

209 1320 325 1372 duo
353 1319 562 1371 decreta
593 1312 959 1385 promulgavit.

289 1408 416 1464 469.
441 1407 719 1462 Romanus
743 1403 1005 1476 patricius
1031 1397 1318 1457 imoeri'um
1361 1401 1650 1467 aﬂ'ectans,
1691 1399 1788 1453 de-

213 1501 470 1555 collatur.

291 1590 417 1644 470.
444 1588 501 1642 1η
523 1588 692 1643 Gallia
721 1595 942 1646 sanctus
967 1583 1265 1654 Remigius,
1287 1582 1476 1637 celitus
1501 1589 1791 1650 antequam

214 1687 535 1735 nasceretur
563 1676 983 1747 pranunciatus,
1011 1690 1042 1728 a
1071 1674 1206 1728 cella
1229 1672 1282 1725 in
1304 1668 1468 1742 quam
1500 1686 1559 1726 se
1614 1670 1793 1724 adole-

210 1767 502 1823 scentulus
543 1765 655 1820 Deo
707 1762 948 1819 militans
997 1763 1320 1828 incluserat,
1356 1761 1410 1815 vi
1456 1761 1792 1826 abstractus,

219 1855 522 1910 Remorum
558 1852 999 1922 archiepiscOpus
1024 1851 1086 1904 ﬁt
1113 1850 1200 1903 ¹⁸⁶.
1276 1888 1286 1894 .

293 1945 416 2000 471.
431 1940 1043 1998 RichmerAnthemium
1061 1941 1436 2007 imperatorem
1451 1953 1576 1993 cum
1596 1952 1794 2006 magna

213 2035 376 2090 clade
403 2032 553 2087 urbis
581 2031 767 2084 Roma
789 2030 1004 2095 occidit,
1028 2037 1082 2083 et
1110 2027 1386 2100 Olybrium
1409 2029 1792 2097 imperatorem

216 2121 526 2186 constituit,
555 2120 778 2190 ipseque
804 2117 981 2187 periit.

293 2210 418 2265 472.
455 2208 724 2263 Ravenna
757 2206 1022 2262 Glicerius
1051 2206 1284 2276 sumpsit
1317 2203 1796 2276 imperium-Con-

216 2296 574 2366 stantinopoli
628 2295 738 2350 Leo
789 2293 1024 2350 Leonem
1079 2301 1386 2349 consortem
1443 2295 1594 2363 regni
1650 2292 1793 2358 fecit,

214 2387 423 2457 quippe
448 2392 619 2440 suum"
640 2391 909 2452 nepotem.

294 2475 418 2528 475.
448 2473 560 2528 Leo
592 2473 772 2528 senior
807 2473 1101 2541 imperator
1127 2471 1291 2538 obiit;
1342 2480 1465 2542 post
1492 2486 1655 2540 quem
1688 2468 1795 2523 Leo

155 2610 160 2613 .
221 2564 410 2635 iunior
451 2564 640 2633 paucis
692 2563 972 2617 mensibus
1003 2578 1258 2632 regnans,
1293 2570 1349 2615 et
1398 2563 1513 2631 ipse
1543 2560 1792 2614 molitur.

221 2655 360 2710 Post
383 2655 530 2708 hunc
557 2653 704 2707 Zeno
721 2653 1017 2722 imperator
1043 2653 1287 2719 regnavit
1311 2652 1471 2705 annis
1495 2651 1578 2704 17.
1613 2638 1797 2703 Roma

223 2745 462 2802 Glicesio
491 2744 755 2799 successit
782 2741 958 2822 Nepos
996 2742 1050 2794 in
1082 2742 1329 2808 imperio.

282 2836 422 2901 ¹474.
457 2833 674 2888 Orestes
703 2831 964 2902 patricius
1000 2829 1259 2901 Nepotem
1306 2831 1690 2899 imperatorem
1710 2825 1798 2881 fu-

226 2924 394 2993 gavit,
431 2923 648 2990 liliaque
679 2936 779 2975 suo
810 2919 1108 2991 Augustulo
1131 2910 1415 2988 imperium
1444 2917 1607 2972 dedit.

299 3013 423 3066 475.
459 3009 701 3066 Odoacer
749 3027 846 3065 rex
887 3009 1322 3080 Torcilingorum
1376 3017 1432 3064 et
1476 3007 1756 3078 Rugorum
1781 3048 1797 3072 ,

230 3118 458 3171 pervasa
497 3102 677 3168 Italia,
716 3101 946 3158 Romam
972 3101 1233 3165 obtinuit;
1270 3116 1414 3154 anno
1443 3117 1473 3154 a
1494 3098 1800 3154 conditione

230 3193 352 3260 ejus
402 3191 856 3258 I230°,'Orestcm
903 3199 958 3245 et
999 3190 1224 3243 Paulum
1279 3189 1538 3258 patricios
1583 3187 1799 3254 occidit,

231 3281 597 3351 Augustulum
628 3280 1006 3348 imperatorem
1027 3278 1192 3337 exilio
1216 3277 1512 3332 damnavit.

304 3368 427 3424 476.
461 3365 701 3422 Odoacer
735 3366 922 3422 Roma
958 3366 1131 3419 invito
1159 3365 1377 3420 Zenone
1399 3371 1605 3434 regnat.

304 3459 428 3515 478.
477 3459 741 3528 Tempore
776 3457 1012 3512 Zenonis
1058 3456 1402 3526 imperatoris
1431 3471 1630 3524 corpus
1671 3454 1804 3508 Bar-

236 3552 391 3606 naba
436 3551 698 3619 apostoli,
741 3557 798 3603 et
815 3549 1162 3618 evangelium
1209 3546 1408 3601 Mathei
1463 3545 1805 3616 evangelista

230 3643 362 3698 stilo
393 3641 566 3710 ipsius
596 3639 882 3707 scriptum,
918 3639 1038 3706 ipso
1074 3639 1346 3692 revelante
1375 3637 1592 3692 inventa
1621 3645 1766 3692 sunt.

306 3733 433 3786 479.
474 3729 784 3800 Simplicius
816 3743 954 3798 papa
987 3727 1212 3782 Petrum
1242 3727 1669 3781 Alexandrinum
1692 3727 1806 3794 cpi-

239 3837 489 3891 scopum,
506 3819 801 3886 hereticum
817 3818 1222 3885 Euthieianum,
1245 3818 1315 3872 ab
1332 3817 1521 3872 Acatio
1540 3815 1806 3871 Constan-

239 3915 600 3983 tinOpolitano
628 3921 942 3968 accusatum
979 3913 1221 3967 damnat.

311 4004 436 4058 480.
471 4002 740 4057 IIilderico
769 4002 882 4072 regi
917 4001 1250 4055 Francorum
1283 4009 1520 4064 mortuo,
1545 3999 1809 4056 successit

242 4094 605 4149 Loudowicus
631 4093 774 4148 filius
802 4093 940 4163 ejus,
973 4107 1134 4161 quem
1164 4091 1352 4146 dicunt
1379 4090 1728 4155 Clodoveum,
1755 4097 1809 4144 et

242 4185 489 4256 regnavit
514 4184 582 4239 50
620 4184 798 4238 annis.

313 4275 437 4328 482.
467 4272 831 4329 Theodericus
857 4272 1182 4329 Theodmari
1211 4271 1375 4339 ﬁlius,
1421 4288 1516 4327 rex
1546 4270 1808 4342 Ostrogo-

243 4366 500 4430 thorum,
538 4364 593 4420 id
638 4372 721 4419 est
750 4365 815 4396 ""
847 4364 941 4434 qui
968 4365 1098 4419 olim
1134 4364 1188 4418 in
1238 4365 1390 4418 Italia
1437 4372 1812 4423 remanserant

245 4447 570 4522 Gothorum,
610 4455 811 4510 Zenoni
837 4463 1068 4524 augusto
1107 4454 1395 4510 familiaris
1445 4455 1512 4487 ⁸⁸⁸
1561 4455 1806 4521 eiectus,

243 4562 373 4603 cum
399 4547 514 4602 suis
536 4545 585 4600 ei
614 4544 806 4599 Gothis
836 4545 1103 4599 militavit.

316 4637 443 4692 485.
471 4635 618 4690 Zeno
639 4643 901 4704 augustas
921 4633 1314 4688 Theodericum
1343 4634 1507 4703 hujus
1539 4634 1667 4688 anni
1689 4648 1814 4688 con-
1850 4702 1852 4704 ν

245 4725 424 4779 sulem
473 4733 529 4778 et
580 4724 903 4794 magistrum
954 4721 1185 4776 militum
1234 4719 1378 4775 fecit.
1441 4720 1628 4775 Roma
1664 4720 1810 4774 Felix

247 4816 470 4881 tercius,
499 4830 634 4883 papa
663 4813 814 4880 50'",
839 4814 978 4889 sedit
999 4813 1158 4868 annis
1177 4811 1288 4867 fere
1313 4812 1366 4878 9,
1392 4813 1458 4849 ⁸⁸⁸
1476 4821 1528 4866 et
1556 4827 1812 4865 canonum

249 4921 414 4960 unum
442 4904 733 4974 capitulum
761 4904 830 4936 “°
860 4898 1156 4974 constituit.

321 4921 414 4958 um
442 4913 733 4974 capitulum
761 4913 830 4936 “'
860 4913 1156 5047 existima.

321 4995 445 5051 485.
482 4993 598 5049 Hoc
629 5003 870 5063 tempore
969 4994 1145 5049 eatius
1177 4992 1814 5062 Constantinopolitanus

252 5087 433 5142 heresi
458 5085 664 5149 favens,
695 5083 916 5138 Petrum
939 5082 1362 5138 Alexandrinum
1399 5083 1635 5147 revocat,
1661 5098 1811 5152 quem

258 5174 322 5207 “'
347 5176 610 5246 quondam
635 5175 695 5206 “’
724 5172 1006 5227 accusabat
1028 5173 1112 5232 “‘,.
1139 5171 1258 5238 Quo
1277 5171 1480 5236 audito,
1510 5170 1657 5225 Felix
1677 5184 1814 5240 papa

256 5272 552 5333 utrumque
571 5281 696 5320 cum
731 5262 1058 5334 sequacibus
1088 5261 1293 5315 erroris
1314 5261 1653 5326 condemnat.

328 5352 451 5408 488.
491 5352 859 5410 Theodericus
884 5368 977 5408 rex
1026 5349 1476 5420 Ostrogothorum
1495 5393 1508 5415 ,
1552 5349 1818 5420 permisso

1882 605 2029 656 rens,
2051 589 2192 644 bello
2217 587 2477 653 conﬂixit,
2515 596 2598 642 set
2629 586 2804 642 victus
2837 584 3066 656 aufugit.

1947 666 2075 734 489.
2127 675 2492 733 Theodericus
2539 676 2842 733 Odoacrum
2886 679 2999 747 jam
3029 675 3200 732 tercio
3225 675 3443 744 devicit,

1882 784 2114 839 cumque
2136 769 2380 839 fugatum
2403 767 2672 822 Ravenna
2701 767 2930 822 obsedit.

1953 858 2076 913 490.
2101 857 2343 913 Odoacar
2367 865 2560 927 quarto
2601 857 2898 926 conﬂigens
2935 871 3060 911 cum
3088 853 3444 921 Theoderico,

1889 951 2060 1004 victus
2083 957 2166 1003 est
2199 957 2254 1002 et
2281 956 2491 1023 captus.
2525 946 2988 1016 Constantinopoli
3015 946 3197 1001 Zenon
3218 946 3453 1017 impera-
3508 945 3510 947 ’

1884 1047 1972 1092 tor
2001 1038 2248 1093 moritur.
2263 1037 2393 1092 Post
2413 1052 2571 1107 quem
2587 1036 2906 1091 Anastasius
2927 1036 3214 1106 imperium
3227 1037 3453 1092 orientis

1888 1129 1958 1184 28
1989 1129 2148 1184 annis
2183 1129 2341 1183 rexit.

1959 1222 2084 1276 491.
2129 1221 2314 1276 Roma
2356 1219 2613 1274 defuncto
2656 1218 2833 1274 Felice
2866 1232 3038 1290 papa,
3093 1219 3385 1274 concilium
3419 1235 3453 1274 a

1889 1310 2203 1381 presbiteris
2226 1319 2277 1365 et
2305 1310 2621 1365 diaconibus
2649 1310 2843 1380 agitur.

1958 1403 2082 1458 492.
2118 1403 2485 1459 Theodericus
2531 1402 2801 1457 Ravenna
2842 1399 3147 1458 Odoacrum
3189 1403 3293 1458 sibi
3320 1402 3456 1458 insi-

1893 1495 2128 1551 diantem
2174 1495 2433 1563 peremit,
2470 1502 2523 1548 et
2573 1494 2687 1563 ipse
2721 1492 3016 1548 occidentis
3059 1493 3344 1560 imperium
3386 1490 3456 1546 50

1892 1585 2050 1639 annis
2097 1584 2347 1639 obtinuit.
2393 1583 2578 1637 Roma
2623 1581 2904 1647 Gelasius,
2956 1597 3091 1652 papa
3119 1583 3271 1649 5i“,
3319 1583 3462 1637 sedit

1892 1689 2064 1729 annos
2111 1675 2166 1740 4,
2208 1689 2422 1730 menses
2454 1672 2505 1738 ’1,
2539 1673 2625 1726 vir
2653 1672 2846 1726 doctus
2876 1680 2930 1726 et
2955 1673 3107 1741 pius;
3144 1673 3239 1742 qui
3265 1685 3458 1728 omnes

1896 1763 1965 1796 ’⁸⁸
2007 1763 2276 1819 hereticos
2317 1763 2623 1828 damnavit,
2681 1763 2887 1816 clerum
2935 1761 3242 1816 Romanum
3284 1761 3462 1830 auxit,

1825 1836 1866 1889 Β
1893 1855 2061 1909 multa
2093 1855 2309 1907 decreta
2340 1853 2490 1910 fecit.
2521 1853 2578 1904 id
2610 1852 2677 1883 ¹⁸³
2698 1860 2774 1904 est
2800 1851 3035 1907 capitula
3056 1851 3145 1905 28.

1966 1946 2091 2000 495.
2124 1943 2237 2000 Hoc
2268 1937 2512 2012 tempore
2543 1937 2621 2011 'ln
2670 1943 2868 1997 Atii-ica
2903 1943 3092 1997 beatus
3127 1940 3464 2012 Fuigentius,

1896 2033 2195 2104 Ruspensis
2217 2033 2523 2104 episcopus,
2547 2033 2742 2086 claruit
2763 2033 3008 2088 doctrina
3034 2041 3090 2086 et
3123 2033 3355 2088 actibus.

1968 2122 2105 2204 494..
2123 2125 2445 2180 Ludowicus
2469 2137 2563 2177 rex
2586 2121 2918 2176 Francorum
2954 2123 3285 2177 Alemannos
3326 2122 3468 2177 bello

1895 2217 2044 2281 vicit,
2076 2215 2186 2270 Deo
2205 2215 2449 2284 juvante,
2474 2213 2584 2278 cui,
2618 2228 2741 2266 cum
2769 2212 2823 2265 in
2856 2212 3047 2283 eodem
3083 2213 3222 2273 bello
3245 2213 3464 2281 pericli-

1895 2314 2122 2369 taretur,
2150 2319 2208 2368 se
2229 2304 2561 2358 crediturum
2587 2301 2856 2369 promisit.

1965 2395 2088 2449 495.
2141 2393 2463 2447 Ludowicus
2498 2405 2595 2445 seu
2644 2390 2945 2445 Clodo‘veus
2974 2407 3067 2444 rex
3108 2389 3467 2459 Francorum,

1898 2485 2132 2540 instante
2172 2483 2438 2539 Rodhilde
2486 2481 2715 2552 conjuge
2745 2496 2844 2535 sua
2872 2482 3194 2547 christiana,
3219 2497 3250 2535 a
3282 2490 3472 2538 sancto

1900 2575 2144 2647 Remigio
2161 2561 2415 2630 Remensi
2431 2572 2840 2641 archiepiscopo
2863 2571 2965 2626 fide
2979 2571 3185 2627 Christi
3206 2572 3470 2641 imbutus,

1898 2681 2024 2719 cum
2051 2675 2207 2735 gente
2245 2678 2342 2718 sua
2371 2662 2693 2731 baptizatur.

1969 2753 2094 2808 496.
2135 2752 2544 2807 Trasamundus
2591 2766 2686 2805 rex
2733 2748 3122 2805 Wandalorum
3159 2751 3216 2806 in
3249 2752 3472 2820 Aﬂ'rica,

1900 2844 2184 2900 catholicis
2205 2842 2461 2909 infestus,
2485 2841 2727 2897 aclesias
2743 2841 2962 2906 clausit,
2979 2849 3034 2896 et
3054 2840 3161 2896 240
3186 2842 3472 2915 episcopos

1899 2939 1956 2992 in
1993 2934 2244 2989 sardinia
2268 2933 2431 2989 exilio
2459 2932 2665 2987 aﬂlixit.

1929 3025 2092 3095 ¹497.
2111 3019 2343 3079 Boetius
2373 3023 2634 3094 patricius
2659 3031 2712 3078 et
2733 3022 2923 3078 consul
2959 3022 3128 3078 multa
3159 3023 3245 3080 his
3268 3032 3478 3096 tempo—

1901 3115 2056 3171 ribus
2087 3115 2290 3186 ingenii
2313 3114 2398 3169 sui
2428 3112 2762 3169 monimenta
2785 3114 2839 3167 in
2872 3113 3104 3168 scculari
3139 3115 3478 3186 philosophia

1900 3193 2227 3260 excellenter
2273 3204 2459 3268 edidit.
2517 3201 2706 3258 Roma
2751 3203 3112 3270 Anastasius,
3145 3221 3282 3274 papa
3327 3207 3478 3273 52M,

1904 3293 2045 3349 sedit
2077 3293 2238 3348 annis
2267 3291 2381 3348 fere
2419 3292 2654 3358 duobus,
2689 3293 2832 3345 et‘“
2855 3293 3094 3360 capitula
3129 3294 3164 3347 8
3192 3295 3480 3350 dccretalia

1906 3384 2053 3452 fecit.
2388 3409 2395 3418 ο
2947 3415 2956 3422 -
3068 3397 3073 3404 ‘

1973 3473 2097 3528 498.
2161 3470 2368 3538 Isauri,
2410 3471 2590 3531 occiso
2632 3468 2845 3543 Lilingo
2892 3473 3030 3528 duce
3072 3487 3194 3541 suo,
3238 3473 3308 3530 ab
3329 3474 3480 3530 Ana-

1905 3564 2073 3642 stasio
2103 3563 2422 3634 imperatore
2453 3551 2810 3622 trucidantur.
3449 3560 3454 3584 λ

1976 3656 2097 3710 499.
2133 3651 2503 3709 Theodericus
2533 3669 2626 3708 rex
2673 3647 2862 3708 Roma
2914 3660 2970 3708 et
3025 3653 3151 3709 alibi
3179 3655 3348 3711 multa
3385 3670 3482 3726 per

1904 3744 2022 3799 hac
2081 3752 2322 3813 tempora
2367 3743 2596 3798 miriﬁca
2639 3744 2944 3799 construxit
2995 3745 3240 3800 aedilicia.
3293 3742 3513 3802 Roma.

1910 3833 2276 3900 Simmachu‘s,
2323 3848 2462 3904 papa
2515 3833 2667 3899 55“,
2697 3833 2836 3888 sedit
2881 3835 3040 3888 annis
3087 3835 3174 3900 15,
3198 3836 3484 3893 mensibus

1839 3947 1842 3952 -
1909 3922 2021 3979 fere
2067 3925 2120 3978 8.
2165 3924 2446 3993 Cum'quo
2489 3922 2653 4000 simul
2687 3924 2786 3991 per
2816 3921 3211 3978 dissensionem
3254 3923 3482 3982 nimiam

1909 4016 2190 4069 ordinatur
2218 4011 2566 4076 Laurentius,
2593 4020 2648 4066 et
2683 4026 2876 4081 magna
2901 4007 3092 4068 Roma
3113 4013 3254 4070 inter
3277 4015 3482 4070 clerum

1908 4115 1964 4158 et
1980 4104 2233 4174 populqu
2258 4101 2528 4158 discordia
2558 4101 2721 4169 facta,
2741 4102 2914 4158 donec
2931 4102 3138 4173 iudicio
3157 4101 3480 4161 Theoderici

1908 4196 2053 4267 regis
2078 4192 2438 4266 Symmachus
2459 4193 2516 4248 in
2544 4194 2672 4249 sede
2705 4193 3143 4257 conﬁrmaretur.
3178 4192 3283 4248 Hic
3318 4194 3385 4226 ⁸⁸⁸
3417 4193 3481 4248 15

1911 4285 2144 4356 capitula
2170 4284 2421 4354 synodica
2451 4273 2742 4338 constituit.
2892 4333 2896 4337 .

1982 4373 2103 4429 500.
2131 4371 2474 4427 Simmachus
2492 4361 2630 4440 papa
2653 4370 2847 4424 sinodo
2864 4367 3052 4426 Roma
3072 4378 3212 4434 acta.
3237 4367 3483 4428 Lauren-

1843 4497 1887 4550 Β
1913 4465 2047 4518 tium
2077 4463 2318 4523 emulum
2351 4475 2510 4515 suum
2544 4458 2790 4515 Nuceria
2811 4462 3084 4518 ordinavit
3109 4455 3442 4534 episcopum.

1983 4553 2104 4609 501.
2130 4546 2501 4606 Theodericus
2521 4565 2613 4606 rex
2631 4553 3013 4622 aquaeductum
3041 4553 3309 4608 Ravenna
3332 4553 3477 4608 fecit.

1912 4643 2008 4700 His
2032 4643 2362 4714 temporibus
2379 4652 2602 4698 sanctus
2632 4643 2928 4699 Mamertus
2944 4643 3266 4698 Viennensis
3307 4644 3484 4700 archi~

1912 4733 2201 4803 episcopus
2218 4733 2508 4788 virtutibus
2541 4731 2754 4795 claruit,
2788 4731 2884 4798 qui
2914 4739 3132 4799 propter
3147 4731 3398 4800 luporum
3427 4743 3483 4788 et

1912 4839 2168 4879 ursorum
2222 4821 2618 4876 immanitatem
2662 4817 2904 4887 aliasque
2944 4819 3152 4890 plagas,
3205 4820 3488 4877 triduanas

1910 4921 2037 4967 ante
2048 4907 2419 4965 ascensionem
2442 4903 2656 4959 Domini
2673 4905 2918 4961 latanias
2937 4908 3151 4977 primus
3172 4908 3482 4973 instituens,

1915 4996 2128 5052 Domini
2198 4995 2623 5050 misericordiam
2673 4993 3067 5067 plagarumque
3121 4998 3482 5054 cessationem

1917 5085 2231 5156 promeruit.
2471 5143 2482 5148 ,
3441 5101 3448 5107 ·

1973 5174 2107 5230 505.
2134 5173 2363 5240 Quidam
2385 5189 2449 5228 ex
2475 5171 2734 5246 Romanis
2773 5170 3101 5242 Symaclium
3125 5188 3320 5244 papam
3345 5173 3485 5229 falso

1921 5263 2293 5329 criminantes,
2309 5273 2362 5318 et
2377 5263 2518 5333 apud
2540 5260 2717 5331 regem
2739 5269 3082 5327 accusantes,
3105 5261 3494 5335 Laurentium-g

1921 5367 2026 5422 que
2056 5359 2394 5416 revocantes,
2426 5363 2680 5418 magnum
2707 5346 2894 5404 Roma
2923 5349 3120 5406 scisma
3145 5350 3412 5417 fecerunt,
3440 5360 3495 5405 et

1555 5435 1787 5491 VARIE
1825 5438 2223 5495 LECTIONES.

333 5532 402 5565 "'
437 5547 491 5603 q.
517 5530 580 5585 11.
601 5531 654 5586 d.
676 5547 731 5601 p.
753 5531 862 5588 alio
891 5509 1202 5584 atramento.
1233 5525 1346 5603 H‘”
1383 5519 1716 5603 gno'atatis
1736 5525 1900 5581 XXII.
1935 5527 2074 5580 Mur.
2108 5526 2275 5579 addit.
2353 5525 2417 5556 ¹¹⁷
2463 5506 2607 5603 itii.
2642 5525 2694 5580 id
2748 5528 2778 5582 ἒ
2805 5525 2858 5581 2.
2939 5526 3005 5559 ⁸⁸⁸
3036 5528 3196 5594 suprd
3245 5523 3343 5580 lin.
3429 5527 3495 5559 ”'

261 5595 602 5687 reliqua-Aulio
630 5595 968 5687 atramento;
1022 5607 1089 5687 ‘l‘f
1129 5600 1318 5687 XXVII
1513 5621 1650 5687 693:7.
1684 5607 1891 5687 prima"
1914 5621 2071 5687 manu
2123 5604 2208 5687 vel
2261 5619 2429 5687 unum
2485 5595 2606 5674 oti-[7.
2742 5605 3155 5687 'f‘tﬂtpra‘lin.
3233 5606 3301 5687 ‘l‘.’
3334 5625 3497 5678 supra

265 5669 387 5732 (in;
437 5681 504 5713 η’
544 5694 725 5752 ιηωρ.
752 5673 968 5730 XXVIII
996 5673 1106 5728 alio
1156 5669 1465 5727 atramento.
1545 5673 1612 5706 ³⁸⁵
1648 5669 1703 5729 et
1730 5691 1777 5730 c.
1803 5672 1912 5730 γη.
1941 5675 1994 5728 d.
2026 5671 2066 5726 [ε
2106 5671 2216 5726 alio
2239 5669 2570 5727 atramento:
2637 5676 2704 5708 "'
2741 5673 2807 5728 H.
2829 5669 3006 5730 Καὶ.
3034 5679 3091 5731 ἐ.
3132 5691 3180 5730 c.
3209 5673 3317 5737 alio
3354 5669 3500 5734 atra-

268 5755 454 5816 mento,
