3970 6372
514 466 643 521 1531

1481 456 1569 511 ΔΙ)
1604 452 1831 509 OPERA
1869 452 1926 506 S.
1966 444 2287 505 GREGOIlll
2325 438 2753 498 APPENDICES‘.

3594 424 3739 479 13δὶ

517 590 662 642 rum,
696 586 859 644 quam
901 571 1152 627 decessor
1175 569 1294 641 ejus
1318 568 1569 642 Pelagius
1588 576 1822 639 ceperat,
1844 564 2068 637 perfecit
2094 566 2140 622 Α
2165 563 2280 617 celo
2303 561 2356 613 in
2383 570 2579 613 terram
2609 551 2819 608 cecidit.
2868 548 2926 644 in
2953 546 3213 644 Hispania
3252 545 3610 611 Richaredus,
3637 543 3740 601 ιλ»

510 672 566 720 et
592 662 877 717 dedicavit.

583 752 706 809 567.
736 749 935 806 Narses
959 750 1238 820 patricius,
1264 749 1357 819 qui
1388 750 1618 803 multum
1650 762 1750 817 pro
1771 762 1830 801 re
1852 746 2066 816 publica

508 843 868 907 laboraverat,
914 830 1191 895 a’Justino
1236 847 1464 910 augusto
1520 839 1734 908 injuriis
1762 837 2065 903 lacessitus,

510 931 920 1002 Langobardos,
964 930 1018 984 in
1060 930 1355 985 Pannoniis
1384 924 1708 993 habitantes,
1743 927 1809 981 ad
1850 936 2069 981 vastan-

512 1023 639 1080 dam
670 1030 725 1075 et
756 1019 1134 1090 possidendam
1174 1019 1381 1073 Italiam
1406 1018 1669 1073 invitavit.
1700 1013 1863 1071 Multa
1884 1016 2067 1087 prodi-

510 1111 597 1183 gia
620 1117 673 1163 et
694 1108 959 1177 praecipue
982 1107 1151 1177 igneae
1173 1108 1318 1162 acies
1341 1107 1397 1160 in
1426 1106 1557 1162 calo
1589 1106 1718 1160 visae
1743 1112 1889 1159 sunt.

580 1197 705 1252 568.
725 1196 1067 1267 Langobardi
1098 1210 1222 1265 rege
1241 1195 1471 1249 Alhaino
1493 1209 1677 1249 mense
1699 1192 1869 1262 Aprili
1900 1190 2069 1247 Vene-

507 1286 641 1342 tiam
690 1286 1098 1359 ingressikeam
1118 1286 1306 1355 paucis
1338 1284 1645 1343 civitatibus
1696 1284 1933 1355 exceptis
1963 1282 2065 1339 sibi

509 1376 826 1444 subjiciunt.

580 1466 704 1520 569.
726 1465 992 1520 Alboinus
1016 1480 1112 1520 rex
1138 1481 1261 1521 cum
1287 1462 1655 1535 Longobardis
1682 1464 1955 1535 Liguriam
1978 1462 2066 1517 in-

508 1555 668 1621 vasit,
692 1553 1053 1610 Mediolanum
1074 1564 1128 1609 et
1150 1556 1282 1609 alias
1304 1556 1589 1625 plerasque
1608 1555 1767 1611 urbes
1791 1546 1950 1623 cepit,
1964 1552 2067 1608 Pa-

508 1645 652 1716 piam
677 1646 800 1715 plus
828 1646 1062 1700 triennio
1089 1645 1318 1700 obsedit.

579 1735 703 1791 570.
730 1736 994 1791 Alboinus
1042 1736 1325 1806 plerasque
1371 1737 1427 1791 in
1477 1734 1673 1791 Tuscia
1711 1735 1874 1791 urbes
1902 1735 2062 1805 cepit.

509 1824 746 1882 Sanctus
772 1825 1041 1882 Vedastus
1061 1827 1347 1895 episcopus
1372 1824 1621 1885 decessit.

2164 649 2346 721 vigildi
2372 648 2513 716 regis
2556 644 2855 699 Gothorum
2888 637 3103 691 Arriani
3142 635 3306 700 illius,
3342 644 3466 705 post
3495 643 3735 690 mortem

2166 740 2338 810 patris
2382 752 2475 790 rex
2505 732 2746 796 eli‘ectus,
2770 745 2801 783 a
2823 727 3070 782 Leandro
3110 724 3447 795 Hispolitana
3470 724 3735 793 episcopo

2165 842 2290 884 cum
2317 833 2429 879 tota
2449 830 2605 894 gente
2642 818 2942 875 Gothorum
2970 814 3039 868 ad
3066 813 3387 869 catholicam
3413 813 3571 866 tidem
3591 828 3736 868 con-

2164 916 2411 973 vertitur.

2231 1004 2356 1061 588.
2382 1002 2441 1055 In
2464 998 2719 1069 Hispania
2739 996 2947 1051 heresis
2976 993 3203 1047 Arriana
3225 993 3518 1058 destructa,
3538 1000 3591 1045 et
3610 990 3735 1045 sin-

2165 1096 2302 1152 odus
2332 1093 2590 1147 Taletana
2634 1089 2856 1144 collecta
2904 1095 2986 1142 est
3014 1084 3280 1139 industria
3349 1082 3579 1137 Leandri
3602 1081 3733 1151 epi-

2166 1184 2315 1253 scopi
2342 1192 2396 1238 et
2422 1178 2711 1236 Richaredi
2759 1178 2921 1247 regis.
2960 1175 3158 1231 Cesara
3202 1173 3406 1243 regina,
3438 1184 3574 1226 uxor
3603 1169 3733 1224 Au-

2166 1275 2296 1328 nulll
2332 1272 2473 1343 regis
2496 1271 2809 1335 Persarum,
2838 1266 3045 1322 occulte
3066 1264 3354 1334 baptizata,
3376 1261 3733 1332 postmodum

2165 1375 2219 1422 et
2239 1381 2398 1421 suum
2426 1363 2680 1419 maritum
2712 1375 2836 1419 cum
2867 1368 2977 1413 tuta
3019 1366 3176 1428 gente
3198 1371 3296 1411 sua
3320 1354 3463 1424 apud
3488 1353 3729 1409 Anthio.

2166 1458 2341 1515 cbiam
2371 1471 2429 1510 se
2450 1454 2723 1523 baptizare
2742 1449 3029 1521 persuasit.

2234 1548 2357 1603 589.
2382 1545 2712 1599 Hildibertus
2735 1557 2829 1595 rex
2853 1552 3294 1603 saroremsuam,
3321 1535 3585 1589 Autharia
3604 1535 3731 1605 regi

2166 1635 2648 1708 Langobardorum
2696 1630 3055 1702 promissam,
3099 1627 3210 1698 regi
3249 1624 3572 1691 Gothorum,
3625 1624 3733 1693 qui

2167 1744 2339 1797 nuper
2378 1725 2679 1781 catholicus
2710 1721 2888 1779 factus
2927 1726 3030 1785 est,
3074 1718 3129 1772 in
3173 1716 3576 1772 matrimonium
3604 1722 3733 1769 tra-

2166 1818 2320 1872 didit.
3768 1812 3769 1815 ‘

580 1872 1040 1985 Ξᾶἰῗρᾼρᾇεῖᾆξ
1060 1872 1928 1986 ξιξέῖᾞῈᾷίιῖἷῖἆῖιθάίιίοηεω
1971 1928 2066 1968 ve-
2099 1899 2143 1955 B
2238 1906 2359 1963 δυο.
2385 1904 2587 1965 Tunica
2609 1872 2813 1958 domini
2846 1897 3194 1955 suvatorisa
3226 1894 3461 1967 Symone
3486 1892 3733 1963 quodam

507 2004 685 2060 niunt.
717 2003 917 2059 Narses
950 2005 1209 2073 patricius
1252 2005 1403 2060 obiit.

581 2095 704 2150 574.
753 2095 1018 2150 Albainus
1063 2111 1159 2150 rex
1199 2096 1679 2166 Langobardorum
1724 2109 1820 2164 per
1846 2095 2070 2151 insidias

511 2181 763 2253 conjugis
784 2198 899 2238 suae
934 2182 1078 2253 apud
1108 2180 1376 2239 Veronam
1404 2183 1473 2238 ab
1498 2184 1765 2253 armigero
1795 2199 1896 2238 suo
1923 2183 2069 2238 occi-

510 2272 679 2330 ditur.

581 2364 705 2419 575.
747 2362 1223 2433 Constantinopoli
1286 2361 1532 2418 Justinus
1599 2363 1892 2431 imperator
1948 2372 2073 2431 post

512 2453 683 2507 multa
719 2454 862 2509 mala
881 2469 980 2509 sua
1016 2454 1069 2507 in
1101 2454 1391 2509 amentiam
1412 2467 1625 2518 versus,
1661 2452 1812 2506 abiit.
1837 2451 1943 2505 Pro
1962 2466 2072 2520 qua

518 2541 783 2615 Tyberius
805 2541 1217 2611 Constantinus,
1255 2544 1351 2615 qui
1374 2552 1428 2600 et
1447 2543 1565 2614 ipso
1600 2551 1778 2597 mente
1799 2550 1955 2612 capto
1978 2557 2073 2612 pae

516 2637 713 2693 latium
737 2643 969 2703 rexerat,
991 2636 1235 2707 regnavit
1257 2635 1412 2690 annis
1435 2634 1485 2700 7,
1508 2634 1590 2687 vir
1617 2632 1727 2688 Dea
1754 2633 2000 2687 devotus.

586 2726 709 2783 576.
762 2725 995 2782 Sanctus
1052 2724 1357 2780 Germanus
1408 2715 1740 2778 Parisiorum
1788 2720 2073 2791 episcopus

516 2815 771 2885 migravit
797 2814 864 2871 ad
892 2814 1205 2870 Dominum.
1494 2810 1497 2811 ⁷

589 2902 715 2959 578.
744 2901 929 2959 Romae
956 2902 1299 2966 Benedictus,
1332 2913 1470 2970 papa
1491 2898 1643 2965 64“,
1670 2897 1810 2953 sedit
1836 2896 1993 2950 annis
2016 2896 2071 2961 4,

517 2990 801 3047 mensibus
816 2989 873 3043 2.
895 2989 942 3043 A
961 3003 1072 3059 quo
1108 2988 1300 3043 beatus
1322 2985 1612 3056 Gregorius
1642 2985 1709 3041 de
1742 2973 2073 3039 monasterio

519 3080 735 3137 ablatus
752 3085 810 3136 et
836 3078 1099 3135 diaconus
1116 3076 1424 3142 ordinatus,
1442 3070 2075 3143 Canstantinopoiimque

516 3172 906 3245 apocrisiarius
933 3171 1158 3237 missus,
1176 3166 1485 3223 Euthicium
1516 3165 1757 3235 ejusdem
1787 3164 1935 3220 urbis
1962 3165 2076 3233 epi-

515 3279 748 3336 scopum
776 3263 833 3318 in
879 3261 985 3317 ﬁde
1023 3258 1440 3317 resurrectionis
1464 3272 1675 3312 errasse
1711 3255 1940 3328 Tyberio
1978 3272 2077 3311 au-

517 3359 678 3423 gusta
708 3344 972 3420 praesente
989 3349 1245 3404 convicit.
1278 3344 1382 3403 Ubi
1408 3347 1571 3401 etiam
1604 3346 1871 3416 episcopis
1895 3361 2077 3401 mora-

516 3442 596 3499 lia
618 3441 673 3497 in
702 3439 826 3507 Job,
859 3439 1203 3496 venientibus
1228 3438 1296 3495 ad
1315 3452 1440 3493 eum
1469 3437 1752 3494 monachis
1773 3437 1913 3504 suis,
1939 3436 2075 3491 scri-

518 3529 651 3587 bere
676 3530 988 3599 compulsus
1022 3537 1125 3584 est.

596 3618 719 3672 579.
742 3617 933 3687 Magna
962 3633 1227 3687 aquarum
1262 3617 1545 3675 inundatio
1563 3623 1619 3673 et
1646 3616 1875 3682 illuvies,
1900 3615 2081 3671 fulmi-

521 3721 616 3773 na,
647 3718 806 3764 terrae
832 3714 1036 3772 matus,
1060 3706 1307 3777 homines
1330 3716 1589 3775 terruere.

596 3796 721 3851 580.
748 3796 972 3852 Cometa
1017 3795 1105 3851 die
1147 3795 1365 3864 pascha:
1394 3795 1538 3850 visa.
1572 3791 1881 3851 Suessianis
1906 3793 2081 3848 celum

525 3887 718 3967 ardere
734 3886 913 3943 visum
936 3894 1039 3942 est.
1075 3883 1386 3941 Pestilentia
1412 3885 1601 3956 ingens
1628 3884 1707 3941 ﬁt.

478 3992 481 3995 '
582 3976 723 4033 ¹581.
774 3972 891 4032 Hoc
927 3982 1169 4046 tempore
1195 3975 1465 4031 exercitus
1500 3973 1715 4045 Tybcrii
1744 3973 2085 4044 imperatoris

521 4066 723 4125 Persas
752 4074 999 4137 patenter
1024 4067 1316 4136 superavit.

597 4157 719 4212 582.
745 4150 1213 4227 Canstantinapali
1233 4156 1514 4227 Tyberius,
1535 4157 1682 4211 omni
1703 4156 1862 4211 laude
1887 4156 2086 4226 dignis-

529 4244 723 4310 simus,
752 4246 904 4301 obiit.
940 4246 1056 4303 Pro
1074 4262 1184 4318 qua
1215 4245 1509 4302 Mauricius
1548 4247 1790 4317 regnavit
1816 4247 1973 4301 annis
1993 4247 2081 4302 21.

530 4330 720 4390 Romae
736 4332 983 4405 Pelagius
1002 4333 1067 4403 II,
1090 4352 1228 4408 papa
1254 4336 1407 4403 65‘",
1433 4336 1571 4392 sedit
1594 4337 1751 4393 annis
1772 4335 1859 4403 10,
1884 4337 2087 4390 mensi-

530 4426 635 4484 bus
660 4424 715 4478 2.
742 4422 841 4479 Hic
883 4416 1143 4495 templum
1189 4429 1361 4486 sancti
1400 4427 1545 4486 Petri
1578 4429 1777 4487 tabulis
1798 4428 2085 4500 argenteis

528 4519 807 4578 deauratis
840 4518 993 4584 texit,
1019 4526 1074 4574 et
1095 4518 1203 4576 alia
1224 4520 1395 4576 multa
1420 4521 1599 4575 bona.
1850 4558 1857 4563 -

580 4608 704 4663 585.
721 4607 1061 4666 Hildebertus
1077 4604 1536 4683 rex’Francarum,
1548 4604 1780 4675 acceptis
1795 4606 2080 4672 50,0001)“

530 4698 827 4757 solidorum
860 4698 978 4753 auri
1012 4714 1044 4755 a
1085 4689 1345 4755 Mauricio
1387 4696 1732 4765 imperatore,
1769 4703 1832 4752 ut
1876 4694 2088 4765 ιλοηείτ-

474 4859 477 4861 .
531 4785 730 4841 bardos
748 4788 815 4842 de
841 4787 990 4846 italia
1009 4788 1248 4859 pelleret,
1279 4802 1404 4842 cum
1433 4786 1640 4863 eisdem
1666 4793 1883 4855 pactam
1905 4785 2087 4839 ﬁrma-

532 4876 632 4940 vit,
661 4883 717 4932 et
738 4875 1048 4948 imperatori
1097 4877 1382 4954 pecuniam
1411 4877 1708 4951 requirenti
1729 4890 1830 4932 nec
1860 4888 2089 4944 respon-

534 4981 659 5022 sum
692 4963 938 5019 reddidit.
1088 4970 1093 4977 '
1250 4964 1253 4967 ’
1832 5029 1836 5032 ή

603 5054 727 5109 584.
759 5052 1131 5109 Guntramnus
1162 5044 1259 5107 rex
1297 5054 1352 5108 in
1380 5055 1691 5109 suburbano
1731 5054 2093 5114 Cavillonensi

536 5143 931 5221 monasterium
961 5142 1133 5201 sancti
1162 5141 1397 5196 Marcelli
1426 5144 1742 5197 construxit.

605 5214 730 5292 585.
766 5216 1069 5303 Hilpericus
1083 5246 1177 5286 rex
1202 5230 1534 5285 Francorum
1560 5246 1656 5299 per
1678 5232 1904 5288 insidias
1926 5214 2097 5289 inter-Q

534 5335 770 5397 emptus,
794 5323 991 5379 Parisii
1027 5322 1301 5393 sepelitur.

605 5406 728 5473 586.
756 5413 1099 5486 Langobardi
1142 5412 1464 5469 Autharium
1513 5426 1693 5483 regem
1744 5411 1846 5467 sibi
1886 5414 2091 5468 consti-

537 5512 714 5565 tuunt.
1284 5560 1287 5561 ν

611 5595 733 5650 587.
757 5596 963 5653 Giabus
994 5597 1185 5669 igneus
1221 5593 1522 5652 scintillans
1557 5600 1613 5648 et
1644 5596 1797 5665 quasi
1819 5596 2039 5669 rugiens
2066 5610 2098 5649 e

2166 2001 2335 2058 Judeo
2366 1999 2648 2056 tormentis
2674 2006 2862 2052 coacto
2913 2003 3234 2059 monstrata,
3266 2008 3298 2047 a
3331 1992 3588 2063 Gregorio
3610 1992 3736 2044 An-

2168 2091 2439 2155 tiocheno,
2486 2087 2730 2142 Iohanne
2758 2082 3376 2151 Constantinopolitano,
3416 2087 3471 2135 et
3513 2078 3735 2133 Thema

2167 2178 2623 2241 Jerosolimitano,
2653 2183 2708 2228 et
2734 2174 2874 2228 alius
2922 2172 3167 2242 pluribus
3197 2170 3485 2241 episcopis,
3512 2167 3736 2237 jejunio

2169 2271 2421 2325 triduano
2454 2268 2743 2331 celebrato,
2786 2266 2841 2321 in
2886 2265 3050 2318 areha
3098 2250 3402 2319 marmorea
3442 2262 3495 2318 in
3524 2261 3740 2330 oppido

2171 2360 2390 2431 Zaphad
2429 2360 2662 2423 inventa,
2707 2370 2923 2411 summa
2964 2369 3088 2410 cum
3114 2354 3320 2407 honore
3347 2350 3737 2405 Jerasalimam

2170 2455 2332 2507 allata
2361 2459 2464 2506 est.

2242 2542 2363 2597 591.
2412 2540 2525 2594 Rex
2582 2536 3061 2609 Langobardorum
3109 2533 3547 2604 Theodelindam,
3580 2532 3739 2604 regis

2170 2634 2537 2704 Bajoariorum
2562 2632 2725 2685 tiliam
2746 2629 3025 2699 pulchram
3054 2634 3109 2681 et
3128 2627 3290 2696 piam,
3308 2624 3460 2680 duxit
3476 2639 3735 2703 uxorem.

2239 2723 2363 2779 592.
2398 2722 2591 2792 ingens
2630 2719 2933 2785 mortalitas
2970 2716 3111 2771 facta
3144 2724 3246 2780 est,
3296 2715 3351 2767 in
3392 2729 3497 2783 qua
3546 2713 3736 2782 primo

2170 2812 2417 2881 Pelagius
2452 2824 2610 2879 papa,
2652 2809 2845 2863 deinde
2884 2805 3154 2860 innumeri
3191 2804 3414 2858 extincti
3461 2810 3605 2857 sunt.
3659 2801 3737 2857 Et

2171 2902 2361 2957 beatus
2403 2898 2714 2967 Gregorius,
2746 2906 2876 2951 tunc
2914 2896 3168 2949 Romana:
3200 2894 3421 2963 geclesim
3452 2892 3738 2947 archidia-

2173 3004 2364 3054 conus,
2399 2986 2716 3042 canstitutis
2750 2984 2961 3037 letaniis
2991 2990 3044 3036 et
3086 2983 3240 3050 plaga
3280 2989 3546 3045 cessante,
3585 2995 3739 3049 papa
3796 2984 3803 2987 “

2174 3080 2299 3134 ϐὃιη
2348 3078 2649 3142 ordinatus,
2699 3074 3031 3129 dactrina‘et
3064 3071 3273 3126 actibus
3296 3069 3505 3125 cunctis
3532 3068 3738 3123 merito

2173 3167 2538 3241 praeferendus
2573 3164 2907 3235 apostolicis,
2930 3162 3067 3218 sedit
3086 3161 3243 3216 annis
3264 3160 3351 3225 15,
3374 3158 3650 3212 mensibus
3674 3158 3738 3222 6,

2176 3260 2368 3315 diebus
2399 3257 2484 3312 10.
2528 3255 2635 3325 Qui
2664 3243 2848 3310 statim
2892 3253 3031 3306 inter
3072 3251 3175 3306 alia
3216 3249 3387 3303 multa
3411 3247 3605 3301 librum
3628 3262 3740 3316 pa—

2177 3348 2430 3409 storalem
2458 3347 2674 3417 egregia
2693 3345 2861 3417 edidit
2889 3343 3031 3400 stilo.
3056 3340 3155 3395 Hic
3181 3354 3395 3409 quoque
3414 3354 3574 3407 super
3601 3353 3739 3393 eor-

2176 3454 2278 3509 pus
2303 3437 2446 3493 beati
2484 3434 2631 3489 Petri
2655 3432 2934 3506 cyborium
2956 3430 3103 3496 fecit,
3139 3438 3193 3482 et
3213 3428 3411 3482 missas
3455 3426 3741 3483 celebrare

2176 3518 2428 3594 instituit,
2461 3527 2697 3595 itemque
2716 3523 2888 3583 sancti
2931 3520 3107 3588 Pauli,
3135 3519 3381 3575 similiter
3396 3525 3446 3571 et
3470 3533 3560 3571 sea:
3582 3517 3745 3585 capi—

2180 3619 2293 3673 tula
2319 3616 2569 3686 synodica
2605 3614 2817 3683 scripsit
2844 3612 2933 3665 π’.

2249 3707 2374 3761 595.
2411 3703 2638 3760 Siccitas
2658 3716 2854 3771 magna
2876 3707 2931 3754 et
2954 3694 3125 3752 fames
3142 3695 3291 3776 facta
3316 3702 3417 3760 est,
3437 3702 3491 3748 et
3516 3691 3745 3748 insolita

2178 3797 2513 3851 locustarum
2551 3806 2871 3863 magnarum
2904 3785 3212 3844 multitudo.
3644 3786 3645 3789 ‘

2253 3885 2376 3940 594.
2398 3883 2530 3938 item
2560 3882 2896 3937 locustarum
2943 3874 3229 3934 multitudo
3258 3873 3501 3949 frugibus
3529 3866 3741 3929 necuit.

2251 3975 2375 4030 595.
2403 3972 2694 4045 Gregorius
2723 3985 2862 4041 papa
2896 3967 3148 4025 sinadum
3176 3966 3246 4020 24
3265 3966 3641 4039 episcOporum
3667 3963 3745 4021 ad

2184 4064 2442 4122 Sanctum
2469 4062 2687 4120 Petrum
2706 4061 2928 4131 colligit,
2948 4057 3239 4129 indictione
3264 4055 3349 4109 14.

2252 4155 2376 4212 596.
2421 4154 2654 4212 Sanctus
2697 4150 2961 4231 Columba
2993 4146 3258 4218 presbiter
3295 4152 3350 4198 et
3385 4142 3574 4207 abbas,
3613 4151 3748 4211 post

2184 4246 2353 4303 multa
2376 4238 2645 4302 mirabilia
2684 4243 2741 4298 in
2776 4241 2955 4297 insula
2978 4238 3063 4294 Hii
3090 4237 3245 4313 juxta
3269 4232 3746 4298 Biberniam,'mi-

2186 4338 2359 4408 gravit
2377 4336 2443 4391 ad
2469 4335 2777 4400 Dominum,
2820 4345 2965 4386 anno
2995 4327 3169 4383 aetatis
3199 4324 3317 4401 70°.
3351 4322 3464 4376 Hoc
3497 4330 3752 4408 tempore

2184 4406 2375 4481 beatus
2390 4424 2684 4494 Gregorius
2707 4435 2845 4492 papa
2869 4415 3053 4477 missis
3076 4410 3386 4468 doctoribus
3416 4406 3749 4475 Augustino,

2118 4535 2161 4588 ι)
2186 4515 2404 4579 Mellito,
2425 4512 2673 4569 Iohanne
2700 4517 2755 4564 et
2794 4507 2940 4573 aliis,-
2964 4503 3263 4572 Anglorum
3299 4505 3509 4571 gentem
3538 4495 3596 4549 in
3619 4494 3751 4553 Bri-

2186 4604 2372 4659 tannia
2402 4602 2467 4656 ad
2489 4603 2648 4655 ﬁdem
2676 4598 2879 4653 Christi
2916 4593 3199 4650 convertit.

2258 4691 2380 4745 597.
2402 4688 2740 4742 Hildebertus
2769 4700 2862 4739 rex
2887 4683 3217 4736 Francorum
3239 4678 3387 4734 obiit.

2260 4780 2382 4835 598.
2406 4777 2505 4833 His
2527 4776 2863 4846 temporibus
2897 4788 3020 4829 cum
3052 4770 3329 4826 Romanus
3357 4769 3617 4839 patricius
3649 4769 3758 4823 ali-

2191 4878 2325 4940 quot
2352 4869 2513 4925 urbes
2539 4884 2570 4921 a
2604 4863 2973 4936 Longobardis
3001 4862 3202 4917 dudum
3247 4868 3433 4930 captas
3463 4873 3559 4927 per
3590 4858 3755 4912 dedi-

2193 4962 2395 5016 tionem
2443 4959 2756 5028 recepisset,
2789 4964 2844 5015 et
2888 4956 2958 5010 ob
3007 4954 3061 5009 id
3101 4950 3362 5023 Agilolfus
3390 4964 3481 5003 rex
3505 4946 3675 5000 italia:
3698 4956 3760 5000 et

2190 5054 2294 5124 ipsi
2319 5053 2503 5107 Romae
2536 5049 2732 5105 infesto
2756 5047 2994 5103 exercitu
3016 5044 3339 5104 immineret,
3364 5032 3559 5092 studia
3574 5039 3759 5092 sancti

2191 5162 2343 5217 papae
2363 5142 2607 5215 Gregorii
2629 5151 2683 5196 et
2705 5138 2960 5211 suti‘ragio
2981 5130 3360 5190 Theodelindm
3378 5125 3645 5195 religiosa:
3666 5143 3761 5182 re-

2192 5235 2349 5305 ginae,
2382 5250 2484 5304 pax
2506 5232 2777 5301 utrimque
2802 5229 2944 5283 facta
2963 5233 3065 5280 est.
3130 5239 3134 5243 '

2262 5324 2385 5379 599.
2406 5322 2502 5378 His
2524 5318 2856 5390 temporibus
2874 5306 3260 5368 monasterium
3284 5304 3455 5359 sancti
3475 5303 3761 5361 Benedicti

2194 5410 2251 5465 in
2276 5419 2456 5466 castra
2498 5409 2728 5465 Cassino
2761 5406 2946 5466 situm,
2984 5395 3317 5489 fugientibus.
3344 5408 3411 5449 ex
3438 5408 3507 5448 eo
3552 5408 3762 5448 mona-

2186 5489 2335 5567 chis,
2374 5518 2404 5556 a
2428 5495 2807 5572 Langobardis'
2843 5490 3067 5549 omnino
3098 5484 3437 5543 destructum
3468 5491 3522 5540 et
3541 5484 3765 5541 nescia.

2201 5603 2311 5656 ιιιιη
2332 5605 2435 5651 est.
2551 5637 2555 5641 .

1803 5685 2035 5742 VARIE
2072 5684 2470 5767 LECTlONES.

615 5771 681 5805 ’τ’
706 5782 758 5831 et
790 5774 857 5851 γι
889 5792 940 5832 c.
969 5792 1014 5831 s.
1044 5792 1088 5832 s.
1128 5776 1235 5830 alio
1260 5780 1569 5830 atramento.
