3970 6346
253 428 352 485 135

1131 428 1414 483 APPEND.
1455 428 1536 482 Ill.
1577 418 1648 467 ὲ-ἶ-
1680 427 2106 484 ΜΟΝυΜΕΝΤΛ
2144 421 2596 488 ΟΙὶΕϐΟῐὶιΑΝΑξ

3314 426 3448 481 1551

320 543 443 597 ελοο.
473 542 766 610 Gregorius
787 556 922 612 papa
960 540 1253 595 Lundonia:
1277 541 1343 572 ⁸⁷⁸
1365 548 1418 593 et
1442 539 1667 594 Eboraci
1690 541 1803 608 cpi-
1831 546 1878 618 Α
1905 557 2140 595 oetavam
2189 543 2462 598 lectionem
2513 553 2882 596 nocturnorum
2933 541 3040 608 ipse
3075 539 3326 602 cantavit,
3351 556 3448 606 quo

251 649 448 703 sitopos
495 633 549 686 in
605 632 902 696 Britannia,
946 631 1114 685 misso
1160 630 1341 698 pallio,
1367 629 1805 697 metropolitanos

250 739 372 777 esse
394 721 656 785 decernit,
698 719 986 774 indictione
1019 718 1070 773 l.
1099 717 1290 772 Clades
1314 716 1642 787 glandolaria
1667 716 1807 769 mul-

253 822 338 866 tas
372 812 618 866 civitates
642 809 846 865 amisit.

321 903 447 958 602.
481 902 771 956 Mauricius
800 901 1091 968 imperator
1111 897 1332 960 Focam,
1355 897 1433 950 rei
1458 897 1682 966 publica
1700 897 1807 950 uti-

250 993 381 1058 lem,
416 991 714 1062 principem
758 987 962 1042 militia:
1004 986 1148 1041 fecit.
1181 986 1336 1041 Globi
1384 986 1526 1058 ignei
1577 985 1631 1039 in
1676 985 1807 1040 caelo

250 1081 355 1138 visi
381 1087 529 1135 sunt.

323 1169 446 1224 603.
480 1165 947 1235 Constantinopoli
973 1164 1146 1219 Focas
1185 1163 1503 1218 Mauricium
1525 1164 1809 1232 imperato-

250 1273 368 1312 rem
410 1257 638 1326 turpiter
683 1254 970 1318 interfecit,
1012 1262 1066 1307 et
1091 1254 1208 1322 ipso
1239 1269 1336 1322 pro
1364 1268 1430 1305 eo
1463 1251 1620 1305 annis
1650 1251 1682 1305 8
1723 1266 1808 1304 re-

248 1349 456 1418 gnarit.
498 1347 711 1416 Corpus
762 1345 934 1400 sancti
978 1343 1217 1398 Victoris
1265 1343 1532 1408 martiris,’
1556 1343 1648 1412 qui
1682 1358 1804 1396 cum

245 1439 411 1492 beato
439 1437 577 1492 Urso
606 1435 852 1490 Solodori
896 1449 1090 1504 passus
1140 1442 1242 1497 est,
1289 1434 1427 1500 apud
1472 1433 1804 1486 Gcnvensem

248 1528 441 1583 urbem
475 1525 654 1579 divina
684 1524 1002 1576 revelatiune
1034 1515 1088 1574 in
1123 1522 1298 1574 loculo
1321 1527 1572 1589 argenteo
1595 1519 1804 1573 inveni—

249 1623 363 1678 tur,
395 1622 448 1667 et
471 1612 748 1667 miraculis
768 1611 1090 1664 declaratur.

323 1704 443 1758 604.
478 1703 731 1758 Etherius
777 1700 1152 1771 Lugdunensis
1180 1697 1615 1767 archiepiscopus
1648 1695 1802 1760 obiit,

246 1793 408 1862 eique
438 1791 780 1846 Secundinus
804 1791 1084 1846 successit.
1500 1797 1504 1800 '

321 1884 446 1938 603.
491 1883 687 1937 Beatus
731 1898 867 1951 papa
911 1879 1202 1950 Gregorius
1231 1886 1285 1932 et
1313 1877 1503 1930 doctor
1526 1874 1807 1929 sanctissi-

245 1987 376 2028 mus
408 1973 659 2042 migravit
684 1972 751 2025 ad
778 1970 1065 2023 Dominum
1109 1968 1401 2022 indictione
1434 1974 1641 2019 octava.
1679 1965 1809 2019 Post

247 2077 412 2132 quem
455 2071 700 2117 cessante
743 2060 1055 2130 episcopatu
1089 2058 1365 2113 mensibus
1406 2057 1525 2126 plus
1545 2057 1803 2126 quinque,

248 2153 570 2207 Sabinianus
596 2153 664 2185 ³⁸⁸
693 2168 831 2222 papa
854 2150 1002 2215 67'",
1023 2149 1162 2205 sedit
1187 2159 1332 2203 anno
1364 2163 1492 2210 uno,
1529 2147 1807 2200 mensibus

245 2245 302 2300 5.
345 2243 409 2298 Et
435 2251 556 2313 post
576 2243 721 2296 hunc
747 2241 871 2294 item
893 2239 1123 2295 cessavit
1146 2239 1490 2307 episcopatus
1518 2251 1661 2290 anno
1697 2236 1805 2289 fcr-

247 2347 338 2385 me
372 2346 503 2396 uno,
550 2329 764 2399 quiane
787 2326 1251 2394 Constantinopoli
1287 2325 1482 2394 legatio
1513 2324 1806 2392 imperialis

168 2435 172 2439 ·
245 2409 653 2488 expectabatur.
688 2417 800 2472 Hoc
827 2432 972 2476 anno
1001 2416 1240 2486 synodus
1280 2415 1486 2468 nefaria
1511 2413 1805 2469 Cavillonis

247 2514 594 2576 congregata,
630 2515 685 2560 et
717 2505 908 2559 beatus
933 2503 1243 2558 Deslderius
1278 2501 1600 2557 Viennensis
1626 2503 1807 2556 archi-

245 2600 532 2670 episcopus
556 2597 754 2667 injuste
776 2597 1063 2668 deponitur
1095 2605 1148 2650 et
1175 2598 1337 2651 exilio
1355 2600 1663 2654 damnatur.

319 2687 444 2741 606.
473 2687 666 2742 Fames
695 2686 878 2740 Romae
897 2684 1058 2751 facta,
1085 2695 1140 2740 et
1159 2702 1260 2754 pax
1290 2701 1413 2741 cum
1436 2686 1806 2754 Longobardis

242 2782 302 2836 iu
347 2795 552 2836 annum
573 2794 762 2834 unum.
811 2765 992 2832 Mense
1027 2777 1197 2846 Aprili
1221 2785 1275 2831 et
1316 2776 1457 2831 Maio
1489 2786 1698 2846 cometa
1725 2777 1806 2830 vi-

241 2872 424 2926 detur.
1077 2845 1089 2846 ί
1663 2845 1679 2875 ί

314 2960 439 3014 608.
471 2957 653 3014 Romae
672 2957 984 3015 Bonifacius
1023 2958 1110 3027 Ill,
1148 2976 1288 3030 papa
1315 2959 1467 3026 68“,
1493 2958 1632 3014 sedit
1650 2975 1804 3015 men-

219 3051 399 3108 ‘sibus
442 3049 553 3104 fere
575 3051 627 3104 9.
658 3050 787 3107 Post
828 3067 988 3120 quem
1021 3053 1146 3106 item
1185 3052 1418 3106 cessavit
1462 3052 1806 3122 episcopatus

242 3141 526 3216 mensibus
565 3141 650 3196 10.
677 3141 772 3196 Hic
794 3143 920 3212 quia
964 3141 1556 3212 ConstantinOpolitana
1594 3143 1803 3198 scelesia

1905 632 2180 685 decantata
2197 643 2245 686 et
2278 650 2505 687 errorem
2537 632 2824 686 Judeorum
2852 630 3135 698 confutavit
3162 637 3211 680 et
3244 629 3350 695 ipse
3373 627 3453 679 ln-

1905 736 2020 773 men
2049 721 2259 790 recepit,
2292 723 2406 790 ipsa
2444 721 2810 775 interveniente
2833 719 2981 787 cujus
3022 717 3371 781 virqinitutem
3399 717 3452 767 in

1904 811 2082 863 eodem
2112 812 2434 880 responsorio
2461 810 2714 879 defendit.
2735 807 2931 861 Beatus
2959 805 3261 859 Desiderius
3290 803 3452 858 Vicu-

1905 900 2090 954 nensis
2123 901 2563 970 archiepiscopus
2588 899 2655 953 de
2683 897 2846 952 exilio
2877 903 3179 961 revocatus,
3224 894 3456 948 factione

1905 988 2274 1045 Brunnihildis
2308 999 2363 1046 et
2398 987 2716 1045 Theoderici
2756 987 3046 1056 lapidatus,
3081 993 3204 1055 post
3250 984 3454 1038 obitum

1905 1079 2183 1136 miraculis
2213 1081 2426 1135 claruit.

1974 1169 2096 1223 610.
2134 1169 2229 1224 llis
2255 1169 2585 1238 temporibus
2605 1166 2786 1221 Persa:
2805 1165 3002 1218 multas
3023 1162 3328 1232 provincias
3354 1160 3457 1212 llo-

1906 1258 2082 1312 mauis
2124 1256 2784 1326 auferentestlerusalem
2825 1269 2983 1309 cruce
3008 1252 3222 1305 Domini
3257 1252 3456 1320 spolia-

1905 1359 2114 1402 verunt.

1973 1437 2094 1490 6H.
2128 1436 2443 1490 Eraclianus
2464 1435 2659 1490 Focam
2688 1442 2978 1505 augustum
3016 1445 3180 1501 regno
3209 1428 3458 1499 privavit,

1905 1524 2121 1594 filioque
2149 1540 2249 1579 suo
2283 1524 2496 1578 Eraclio
2523 1524 2652 1577 illud
2675 1522 2962 1586 concessit,
2988 1521 3081 1589 qui
3103 1517 3342 1587 regnavit
3364 1533 3462 1570 au-

1903 1618 1989 1672 nis
2015 1617 2102 1671 26.
2132 1615 2329 1670 Beatus
2357 1615 2525 1669 abbas
2560 1614 2951 1679 Columbanus,
2987 1612 3156 1666 sancti
3187 1608 3321 1664 Galli
3344 1625 3461 1661 ma-

1903 1705 2088 1774 gister,
2115 1723 2145 1760 a
2170 1704 2493 1760 Luxoviensi
2533 1704 2760 1758 cenobio
2799 1718 2828 1755 a
2863 1717 2920 1755 se
2945 1709 3277 1764 constructo,
3308 1699 3462 1752 moli-

1904 1794 2050 1849 mine
2089 1793 2492 1848 Brunnichildis
2533 1793 2742 1862 pulsus,
2777 1800 3024 1848 sanctum
3051 1790 3124 1843 ibi
3147 1788 3460 1843 Eustasium

1908 1900 2004 1954 pro
2027 1899 2084 1938 se
2110 1885 2327 1951 reliquit
2347 1885 2615 1939 abbatem.

1978 1976 2100 2028 612.
2134 1974 2328 2029 Beatus
2349 1974 2683 2044 Augustinus
2706 1974 2999 2045 Anglorum
3033 1971 3463 2042 archiepiscopus

1907 2067 2159 2137 migravit
2183 2068 2247 2121 ad
2265 2065 2572 2128 Dominum.
2595 2064 2827 2119 Sanctus
2847 2065 3216 2117 Columbanus
3237 2079 3266 2116 a
3286 2062 3463 2116 Luxo-

1905 2157 1996 2210 vio
2025 2147 2235 2226 pulsus,
2271 2172 2535 2212 concessu
2556 2154 2914 2209 Theodcberti
2948 2155 3090 2223 regis
3134 2153 3462 2224 Brigantium

1908 2249 2074 2313 venit,
2097 2249 2283 2317 ibique
2308 2249 2544 2302 triennio
2582 2245 2805 2302 mansit.

1975 2338 2098 2392 617:.
2124 2336 2180 2398 In
2204 2336 2462 2408 Hispania
2486 2345 2700 2390 mortuo
2734 2333 3020 2400 Betterico,
3044 2333 3342 2390 Siscbodus
3370 2348 3464 2387 rex

1903 2424 2132 2480 edicitur
2153 2423 2476 2479 Gothorum.

1972 2517 2095 2572 6H.
2119 2514 2364 2571 Eraclius
2397 2515 2689 2584 imperator
2707 2510 3124 2566 Constantinum
3161 2511 3330 2565 filium
3363 2513 3466 2566 im-

1903 2607 2040 2677 perii
2084 2615 2391 2660 consortem
2442 2603 2584 2658 fecit.
2634 2602 2829 2657 Beatus
2878 2599 3248 2657 Columbanus
3269 2601 3335 2655 de
3357 2602 3470 2656 Bri-

1902 2699 2086 2768 gantio
2104 2697 2311 2765 pulsus,
2326 2696 2719 2750 febricitantem
2743 2695 2814 2748 ibi
2837 2693 3047 2750 Gallum
3070 2693 3304 2763 reliquit;
3327 2695 3466 2763 ipse-

1900 2801 2006 2855 que
2032 2785 2085 2837 iu
2113 2783 2319 2837 Italiam
2349 2784 2572 2837 veniens
2634 2790 2689 2835 et
2721 2781 2955 2851 benigne
2981 2781 3050 2835 ab
3082 2781 3316 2852 Agilolfo
3337 2798 3460 2853 rege

1903 2881 2209 2942 susceptus,
2240 2870 2527 2925 ceuobium
2558 2869 2828 2924 Bobiense
2865 2870 3196 2924 construxit.
3237 2870 3468 2926 Sanctus

1903 2980 2120 3035 quoque
2145 2962 2330 3018 Gallus
2365 2947 2710 3016 Solitudinem
2739 2963 2886 3017 cellae
2912 2977 3024 3017 suae
3050 2961 3282 3018 incolere
3305 2964 3464 3033 cepit.

1972 3054 2094 3109 616.
2138 3051 2516 3122 lloctemporc
2563 3051 2822 3107 Ysidorus
2871 3052 3152 3122 Spalensis
3176 3054 3465 3124 episcopus

1906 3147 2085 3201 clarus
2112 3145 2164 3198 in
2195 3143 2468 3213 Hispaniis
2497 3142 2743 3196 habetur.
2777 3141 3149 3198 Brunnihildis
3186 3144 3468 3214 iniquissi-

239 3234 481 3302 primam
521 3248 579 3287 se
615 3235 905 3300 scribebat,
949 3236 1089 3304 apud
1118 3236 1314 3290 Focam
1346 3245 1634 3306 augustum
1661 3237 1803 3306 opti-
1834 3232 1872 3246 ν
1904 3255 2012 3303 ma,
2035 3236 2190 3305 equis
2232 3235 2510 3305 indomitis
2557 3235 2795 3304 alligata,
2829 3235 2991 3303 jussu
3019 3232 3270 3306 Sigiberti
3315 3237 3461 3305 regis

242 3326 386 3390 nuit,
415 3333 477 3378 ut
496 3323 739 3379 Romana
779 3326 990 3381 tectesia
1017 3327 1260 3379 omnium
1290 3321 1451 3398 caput
1469 3329 1802 3383 ecclesiarum

242 3414 648 3469 decerneretur.
675 3412 773 3468 Hic
795 3429 1011 3484 quoque
1043 3415 1310 3485 synodum
1339 3414 1405 3469 72
1427 3417 1802 3486 episcoporum

244 3505 435 3562 Roma
467 3507 699 3577 collegit.

318 3593 442 3648 609.
470 3593 657 3649 Romae
676 3594 986 3652 Bonifacius
1009 3595 1099 3663 IV,
1133 3611 1271 3667 papa
1302 3596 1453 3662 69",
1483 3597 1622 3653 sedit
1648 3597 1804 3651 annis

245 3682 302 3755 6,
333 3683 609 3738 mensibus
637 3682 689 3736 8.
733 3682 799 3736 Et
835 3694 957 3752 post
1002 3684 1145 3739 hunc
1191 3687 1424 3740 cessavit
1462 3689 1805 3756 episcopatus

245 3773 524 3828 mensibus
563 3771 675 3827 fere
699 3772 750 3828 7.
788 3771 886 3827 Hic
927 3774 1066 3843 apud
1115 3769 1312 3828 Focam
1345 3784 1632 3846 augustum
1677 3787 1808 3830 tem-

245 3865 394 3936 plum
419 3865 662 3919 omnium
677 3864 998 3931 ‘idolorum,
1021 3866 1165 3934 quod
1190 3864 1468 3920 Pantheon
1490 3867 1802 3933 vocabatur,

245 3953 499 4017 obtinuit,
525 3954 654 4006 etin
679 3953 886 4006 honore
911 3964 1112 4008 sanctae
1132 3952 1312 4008 Mariae
1336 3964 1389 4009 et
1406 3957 1648 4009 omnium
1682 3973 1806 4010 san-

217 4049 457 4098 ‘(tarum
487 4043 754 4097 dedicavit
801 4039 854 4096 3.
887 4042 976 4096 ια.
1015 4043 1142 4097 Maii
1205 4053 1260 4100 et
1278 4045 1489 4099 Sanctae
1530 4046 1709 4100 Mariae
1737 4047 1804 4100 ad

245 4133 493 4208 Martires
537 4133 840 4202 appellavit,
893 4132 1345 4202 festivitatemque
1381 4135 1623 4188 omnium
1675 4151 1804 4188 san-

243 4233 458 4280 ctorum
489 4223 605 4282 Kal.
629 4222 887 4276 Novemb.
919 4222 1178 4280 celebrari
1205 4223 1504 4279 constituit.
1539 4223 1711 4292 Hujus
1739 4223 1804 4256 ιει

242 4309 396 4384 ῥίψω
429 4321 654 4382 tempore
699 4313 914 4387 quidam
956 4330 1104 4371 cecus
1141 4313 1320 4369 Romae
1374 4313 1566 4388 legitur
1592 4323 1806 4368 conten-

243 4407 386 4460 disse
420 4413 604 4459 contra
649 4403 846 4462 Judeos
889 4405 954 4460 de
1001 4405 1304 4475 virginitate
1345 4414 1543 4459 sancta:
1595 4404 1807 4460 Mariae.

1902 3328 2234 3382 Francorum
2259 3326 2418 3396 digna
2450 3335 2622 3378 morte
2667 3327 2841 3393 periit.
2873 3324 3168 3381 Praedictus
3194 3323 3456 3380 Ysidorus

1901 3421 2180 3488 hucusque
2199 3416 2652 3471 adbreviationem
2683 3423 2982 3486 temporum
3009 3413 3276 3482 perduxit.
3429 3452 3431 3454 η

1972 3510 2094 3566 617.
2131 3507 2318 3562 Romae
2360 3504 2668 3570 Deusdedit,
2705 3519 2841 3575 papa
2874 3501 3022 3569 70'",
3069 3503 3207 3558 sedit
3231 3503 3387 3558 annis
3410 3505 3466 3570 3,

1902 3613 2090 3654 mense
2114 3596 2224 3652 fere
2252 3597 2303 3650 l.

1965 3687 2086 3741 6l8.
2117 3685 2214 3741 llis
2241 3686 2307 3717 ¹⁸³
2333 3684 2666 3754 temporibus
2691 3681 3015 3738 Jerosolima
3048 3669 3188 3738 inter
3208 3683 3341 3739 alias
3363 3682 3469 3739 Pa-

1903 3777 2107 3835 lcs‘inaa
2127 3775 2290 3831 urbes
2323 3791 2354 3829 a
2399 3773 2674 3828 Chosdroe
2699 3787 2823 3841 rege
2867 3770 3156 3827 Persarum
3202 3782 3376 3843 capta,
3412 3790 3470 3833 et

1904 3885 2036 3922 crux
2058 3867 2328 3922 dominica
2358 3865 2412 3920 in
2443 3863 2717 3919 Persidem
2752 3863 2982 3917 abducta
3005 3873 3107 3919 est.
3473 3849 3476 3853 ’

1973 3958 2094 4012 690.
2111 3957 2295 4010 Roma:
2317 3953 2627 4008 Bonifacius
2643 3951 2709 4017 V,
2734 3966 2870 4021 papa
2903 3953 3050 4018 7i“,
3071 3955 3209 4009 sedit
3231 3951 3384 4008 annis
3408 3955 3466 4019 Ii,

1905 4049 1989 4102 vir
2015 4049 2170 4102 valde
2192 4046 2338 4101 mitis
2362 4055 2416 4100 et
2436 4045 2580 4115 pius.
2610 4043 2670 4099 In
2697 4044 2973 4099 Britannia
2994 4045 3249 4101 defuncto
3271 4056 3459 4100 sancto

1907 4135 2202 4193 Laurentio
2226 4134 2656 4204 archiepiscopo,
2681 4132 2914 4190 Mellitus
2935 4133 3210 4188 successit.
3239 4132 3463 4203 Magnu-

1905 4227 2000 4286 dat
2022 4241 2234 4296 magus,
2265 4240 2459 4294 genere
2502 4223 2688 4289 Persa,
2715 4225 2782 4278 ad
2811 4222 2968 4277 ﬁdem
3015 4220 3218 4276 Christi
3240 4237 3466 4277 conver-

1907 4331 2002 4372 sus
2023 4324 2077 4369 et
2101 4314 2421 4369 Anastasius
2453 4313 2649 4376 dictus,
2674 4309 3012 4364 Jero‘solimis
3037 4309 3189 4376 mira:
3207 4313 3467 4366 sanctita-

1906 4407 1979 4461 tis
2005 4404 2303 4458 monachus
2328 4402 2574 4455 efﬁcitur.

245 4496 348 4551 Cui
378 4511 497 4554 cum
521 4493 680 4550 Judei
709 4495 1008 4566 objicerent,
1041 4510 1137 4548 cur
1162 4502 1380 4547 matrem
1402 4493 1601 4548 Christi
1633 4503 1809 4548 tanto-
1841 4499 1886 4553 D
1977 4495 2102 4547 622.
2149 4491 2427 4547 Bertrudis
2451 4491 2518 4522 ¹⁸⁸
2567 4490 2774 4560 regina,
2831 4505 2970 4546 uxor
3029 4489 3269 4550 Lotharii
3318 4491 3465 4560 regis

244 4601 366 4653 pere
412 4585 729 4652 defenderet,
762 4585 850 4654 qui
878 4585 1048 4650 ipsum
1084 4583 1388 4638 illuminare
1436 4601 1539 4638 non
1584 4593 1752 4655 posset
1784 4601 1806 4638 :

251 4694 271 4725 s
311 4673 587 4739 Triduum,
615 4676 808 4745 inquit,
835 4681 1117 4742 expectate,
1145 4681 1195 4725 et
1220 4673 1486 4744 magnalia
1506 4674 1702 4728 Christi
1730 4673 1808 4725 ci-

243 4764 435 4824 debitis
460 4765 516 4816 in
544 4781 640 4818 me.
679 4784 700 4816 ι
736 4764 870 4818 Erat
899 4773 1072 4817 autem
1105 4774 1220 4834 post
1249 4765 1480 4817 triduum
1503 4763 1807 4833 puriﬁcatio

243 4862 450 4908 sancta:
480 4853 686 4918 Maria,
723 4849 851 4924 quini
882 4855 1140 4924 festivitas
1167 4870 1226 4906 eo
1247 4862 1474 4922 tempore
1503 4851 1680 4906 Roma:
1705 4869 1809 4906 non

245 4953 306 4998 ut
335 4945 488 4997 modo
515 4945 583 4997 ad
614 4941 864 5036 Sanctan"
893 4945 1122 5034 Mariam
1163 4941 1441 5011 Majorem,
1468 4951 1545 4997 set
1577 4943 1645 4996 ad
1669 4941 1808 4998 San-
1851 4955 1853 4957 ‘

243 5046 388 5092 ctam
405 5034 632 5089 Mariam
649 5035 717 5088 ad
741 5029 999 5109 Martyres
1021 5029 1395 5088 celebrabatur.
1409 5033 1491 5086 Ad
1504 5051 1661 5106 quam
1682 5035 1807 5086 dum

243 5131 467 5183 domnus
507 5143 646 5197 papa
666 5134 714 5178 et
749 5124 946 5179 Judeos
980 5134 1030 5178 et
1063 5123 1380 5178 christianos
1417 5125 1472 5188 in
1489 5125 1669 5177 eadem
1697 5122 1808 5174 sol-

242 5219 517 5272 lemnitate
567 5224 917 5279 concocasset,
950 5214 1105 5282 a/fuit
1152 5222 1202 5265 et
1246 5231 1416 5279 cecus,
1452 5223 1501 5267 et
1533 5228 1805 5280 responso-

244 5309 385 5360 rium
415 5324 448 5359 a
475 5306 530 5359 se
546 5307 887 5377 compositum
909 5304 964 5356 id
986 5313 1062 5356 est
1083 5317 1103 5358 .°
1132 5321 1149 5352 ι
1169 5301 1368 5368 Gaude,
1395 5302 1571 5356 Maria
1593 5321 1610 5352 ι
1646 5303 1711 5332 ¹⁸²
1737 5302 1805 5354 ad

1909 4584 2152 4655 piissima
2177 4583 2332 4637 bona:
2357 4581 2648 4647 memorim,
2679 4581 2833 4636 obiit.

1982 4671 2246 4726 6%.‘His
2274 4671 2609 4741 temporibus
2635 4671 2839 4726 innatus
2865 4668 3040 4722 Attala
3061 4676 3114 4721 et
3167 4676 3292 4737 post
3321 4669 3465 4726 hunc

1910 4762 2179 4821 Bertolfus
2205 4760 2499 4817 Bobienses
2521 4756 2762 4824 abbates,
2791 4765 2845 4810 et
2879 4764 3100 4811 sanctus
3130 4751 3315 4815 Gallus
3352 4760 3463 4814 cla-

1912 4862 2141 4910 ruerunt
2163 4854 2248 4905 ¹⁸⁸.

1977 4944 2102 4996 624.
2135 4940 2192 4993 1η
2223 4938 2499 4998 Britannia
2529 4935 2784 4991 defuncto
2815 4935 3015 4991 Mellito
3037 4938 3460 5008 archiepiscopo,

1907 5029 2171 5089 successit
2199 5026 2407 5081 Justus.
2455 5024 2558 5090 Qui
2587 5024 2833 5094 sequenti
2863 5039 3007 5080 anno
3036 5024 3250 5079 beatum
3280 5024 3460 5078 Pauli-

1906 5137 2037 5175 num
2062 5119 2320 5173 ordinans
2341 5116 2678 5185 episcopum,
2709 5115 2896 5183 Anglis
2916 5113 3026 5166 illis
3049 5113 3144 5182 qui
3173 5113 3348 5169 adhuc
3374 5127 3463 5181 pa-

1905 5210 2028 5281 gani
2055 5218 2209 5263 erant
2234 5207 2642 5276 przedicatorem
2671 5213 2725 5257 et
2743 5204 3018 5256 doctorem
3057 5203 3222 5256 misit.

1974 5301 2098 5354 625.
2134 5298 2320 5353 Romae
2363 5295 2656 5359 Honorius,
2679 5307 2818 5361 papa
2853 5291 3002 5360 7209,
3028 5292 3166 5347 sedit
3188 5287 3344 5343 annis
3370 5288 3458 5353 l3,

1541 5391 1770 5448 VARIE
1809 5391 2206 5467 LEGTIONES.

262 5480 274 5487 .
320 5486 656 5557 .r’lugdunae
691 5482 1350 5557 superscriptog’iundoniw
1395 5481 1443 5557 εἰ
1478 5547 1498 5557 Δ
1522 5481 1665 5557 issi-.5.

1699 5497 1750 5550 p.
1798 5483 1852 5534 in
1899 5481 2013 5533 loco
2041 5495 2193 5542 raso;
2238 5479 2315 5530 ita
2350 5483 2642 5550 _noster__ea7
2674 5471 2860 5550 pestis
2892 5479 3057 5550 pontt.
3108 5466 3461 5550 germanorum

246 5536 966 5618 llerima'nnumwemerndaoit,’
1038 5551 1301 5620 mﬂujus
1324 5536 1642 5620 L—defeudit
1662 5536 1771 5620 alio
1793 5558 2082 5620 atramento
2107 5550 2157 5600 in
2176 5536 2426 5620 margine
2455 5541 2640 5594 addita
2668 5543 2717 5595 1.
2793 5542 2860 5573 ¹⁸²
2890 5536 2960 5593 in.
2987 5539 3052 5617 1..
3113 5536 3178 5567 ⁸⁸³
3205 5536 3313 5620 lucc
3354 5537 3462 5589 alio

243 5635 539 5680 atramento
574 5626 630 5677 in
663 5625 778 5677 loco
803 5639 941 5676 raso.
989 5621 1238 5674 Fortasse
1272 5626 1455 5674 auctor

1523 5607 1655 5670 rimo
1685 5618 1992 5671 Herimanni
2035 5607 2343 5670 sententiain
2373 5613 2435 5664 de
2471 5619 2790 5673 terminata,
2817 5620 2914 5662 etc.
2949 5607 3261 5673 scripserat,
3293 5622 3461 5658 recor—

654 5674 1200 5762 crucisiabreptioncm
1221 5690 1334 5757 jam
1367 5705 1416 5759 (τ.
1443 5674 1544 5742 (iit)
1571 5689 1779 5755 referri:
1851 5687 1915 5717 ""
1941 5685 2222 5740 Gertrudis
2249 5683 2426 5734 littera
2449 5680 2493 5742 G
2516 5681 2677 5733 minio
2701 5679 2893 5746 scripta
2925 5677 2975 5731 1.
3054 5675 3118 5706 ’⁸⁵
3145 5690 3241 5728 vox
3277 5674 3329 5727 in
3349 5675 3458 5726 lm'o

249 5780 386 5823 ιοδο.
