3970 6412
511 431 523 475 l
540 424 651 477 ’135

500 549 602 603 ψει
633 531 821 588 multis
852 529 1011 584 bonis
1044 526 1299 599 operibus
1321 523 1633 579 abundavit.

572 620 779 676 Uilla
802 618 1079 673 Britannia
1106 616 1147 670 Ε
1164 616 1349 673 minus
1377 629 1470 669 rex
1485 613 1781 683 Anglorum
1800 628 1831 667 a
1855 610 2080 668 Paulino

503 717 766 780 epis-capo
786 721 1106 772 conversus,
1130 721 1253 759 cum
1277 706 1434 775 gente’
1459 720 1556 759 sua
1585 704 1909 775 baptizatur,
1937 718 2081 758 anno

504 802 777 855 adventus
799 799 1097 868 Anglorum
1132 797 1188 850 in
1222 795 1557 850 Britanniam
1584 810 1719 864 pene
1752 794 1900 847 ιεοο.

584 891 708 943 6‘28.
743 889 942 942 Beatus
963 887 1284 940 Anastasius
1303 885 1606 939 monachus
1622 884 1787 938 multa
1812 898 1909 953 pro
1921 881 2080 936 Chri-

508 990 597 1035 sto
628 988 896 1033 tormenta
923 986 1139 1047 passus,
1164 976 1379 1030 tandem
1398 976 1454 1028 in
1475 971 1743 1030 Persidea
1770 989 1891 1043 rege
1935 972 2079 1027 Cho-

510 1070 674 1130 ,ylroe
696 1084 821 1121 cum
845 1068 965 1122 aliis
983 1066 1049 1118 70
1067 1066 1455 1133 strangulatus,
1473 1065 1665 1120 marti:
1687 1064 1931 1119 edicitur.
1959 1062 2080 1133 Ipso

512 1158 931 1225 annoﬁraelius
975 1159 1271 1228 imperator
1310 1155 1584 1211 Persidem
1634 1156 1807 1225 petiit,
1851 1155 1995 1209 victo
2026 1162 2081 1208 et

511 1254 696 1307 occiso
734 1250 1037 1317 Chosdroe,
1076 1246 1408 1305 dominicam
1452 1259 1668 1308 crucem
1702 1244 2080 1300 Jerosolimam

511 1343 730 1395 revexit.
1141 1330 1148 1337 ς
1500 1342 1509 1353 ’
2048 1350 2053 1356 ⁷

576 1431 700 1485 650.
746 1428 1039 1484 Lotharius
1062 1442 1157 1482 rex
1180 1425 1514 1481 Francorum
1542 1424 1718 1491 fortis,
1733 1425 1854 1496 pius
1873 1434 1923 1479 et
1955 1425 2079 1479 reli-

406 1576 413 1581 ,
507 1521 714 1591 giosus,
737 1521 891 1585 obiit,
915 1534 1059 1574 anno
1084 1519 1236 1589 regni
1258 1518 1378 1571 45°.

580 1612 703 1665 65f.
747 1610 1084 1682 Dagobettus
1113 1625 1207 1664 rex
1247 1607 1611 1674 Francorum,
1638 1617 1828 1662 sancto
1854 1605 2080 1679 Arnolfo

508 1699 747 1756 Metense
799 1700 1059 1771 episeopo
1100 1710 1154 1756 et
1198 1698 1390 1768 Pipino
1429 1698 1636 1769 majore
1680 1698 1877 1752 domus
1922 1706 2080 1755 utens

506 1789 861 1859 consiliarus,
888 1794 1058 1845 nimio
1084 1805 1269 1845 amore
1290 1789 1527 1859 justicize
1557 1789 1623 1821 ⁸⁸⁸
1646 1787 1917 1859 flagravit.

581 1881 705 1936 659..
748 1882 859 1936 Pax
882 1891 1138 1952 perpetua
1162 1882 1301 1934 inter
1327 1879 1599 1935 Eraclium
1627 1879 2006 1948 imperatorem
2028 1890 2082 1935 et

508 1970 872 2045 Dagobertum
911 1970 1478 2041 legatismediantibus
1513 1978 1667 2038 pas-ta
1696 1978 1796 2024 est.

581 2064 704 2116 655.
749 2061 807 2115 ln
843 2062 1120 2115 Britannia
1161 2060 1425 2126 Eduinns,
1473 2077 1563 2113 rex
1608 2060 1904 2130 Anglorum
1929 2060 2080 2130 paci-

509 2153 647 2207 ficus
674 2162 726 2207 et
749 2154 893 2222 pius,
918 2168 947 2206 a
981 2152 1208 2222 paganis
1232 2151 1449 2221 regibus
1480 2152 1830 2205 interimitur.

581 2244 702 2297 (354.
745 2243 960 2296 Oswald
1032 2243 1174 2296 filius
1249 2241 1495 2294 lidilfridi
1557 2240 2079 2305 christianissimus,

508 2335 701 2403 paucis
747 2334 988 2389 collectis
1032 2339 1086 2387 c't
1121 2334 1342 2387 adorata
1392 2347 1553 2386 crure
1602 2347 1765 2401 quam
1813 2339 2079 2394 erexerat,

507 2424 885 2478 interfectores
908 2422 1104 2478 Eduini
1139 2424 1282 2493 regis
1306 2422 1604 2492 superavit,
1628 2424 1846 2492 ipseque
1869 2423 1900 2473 8
1924 2422 2080 2476 annis

510 2513 778 2582 regnavit.

580 2604 703 2659 655.
747 2602 843 2660 llis
866 2604 1205 2677 temporibus
1236 2619 1359 2659 eum
1382 2602 1605 2673 Sergius
1625 2602 2083 2672 Constantinopo-

506 2693 734 2760 litanus,
754 2696 1032 2748 annitente
1052 2692 1197 2764 Cyro
1209 2694 1575 2749 Alexandrino
1598 2694 1830 2748 heresim
1859 2693 2083 2762 acepha-

510 2784 689 2840 iorum
737 2785 800 2818 ’⁸⁷
834 2786 1174 2854 instaurans,
1221 2801 1384 2840 unam
1432 2785 1487 2838 in
1519 2783 1739 2838 Christo
1783 2785 2082 2840 divinitatis

505 2883 563 2932 et
583 2876 940 2957 humanitatis
976 2876 1310 2931 voluntatem
1353 2884 1408 2931 et
1440 2875 1807 2945 operationem
1855 2876 2080 2944 dogma-

509 2969 770 3031 tizasset,
828 2967 1119 3037 ipsumque
1172 2969 1556 3037 imperatorem
1613 2966 1956 3033 seduxisset,
2012 2966 2081 3021 ab

509 3057 805 3126 apostolica
833 3057 961 3112 sede
995 3057 1287 3114 damnatus
1310 3064 1414 3112 est.

1502 412 1585 470 sa
1622 412 1849 478 orsus
1889 414 1945 469 s.
1984 384 2310 483 caecatur
2340 407 2778 468 aerumnas.

1828 510 1833 517 ”
2108 523 2153 578 A
2178 521 2366 576 doctor
2409 518 2728 588 Anglorum,
2761 530 2905 571 anno
2947 523 3292 585 episcopatus
3341 512 3606 570 vicesimo
3639 511 3778 567 mi-

3597 397 3770 457 I556

2180 612 2356 683 gravit
2380 610 2446 664 ad
2473 608 2785 673 Dominum,
2808 606 2842 661 6
2892 599 3018 663 ldus
3045 603 3318 662 Octobris.
3752 675 3763 681 ο

2249 704 2375 758 645.
2414 699 2529 756 lloc
2572 710 2815 771 tempore
2850 697 3055 769 Pyrrus
3085 693 3776 764 Constantinopolitanus,

2182 793 2354 863 Sergii
2377 801 2430 847 et
2456 791 2509 846 in
2540 790 2664 845 sede
2683 797 2739 844 et
2761 789 2814 843 in
2835 787 3013 842 heresi
3035 772 3341 851 successor,
3363 800 3487 840 cum
3509 799 3543 838 a
3568 781 3779 838 Τὴεοο

2180 886 2315 941 doro
2362 901 2499 956 papa
2546 884 2750 939 dudum
2793 882 3114 946 damnatus,
3163 895 3231 937 ιιι
3277 877 3477 935 Aﬂ’rica
3516 875 3777 933 Romam

2181 978 2447 1042 venisset,
2493 983 2547 1032 et
2590 976 2769 1029 tictam
2818 970 3168 1051 penitentiam
3212 966 3779 1035 satisfactionemque

2182 1068 2514 1133 simulasset,
2546 1066 2777 1136 benigne
2820 1070 3204 1134 susceptuset
3232 1060 3617 1117 reconciliatus
3639 1065 3774 1113 est.

2180 1155 2373 1210 Postea
2395 1170 2524 1209 vero
2555 1154 2776 1209 domum
2808 1167 3079 1217 reversus,
3109 1161 3167 1206 et
3198 1165 3435 1205 errorem
3473 1157 3774 1219 repetens,

2178 1247 2356 1303 denuo
2377 1247 2446 1301 ab
2472 1247 2591 1316 ipso
2615 1259 2753 1317 papa
2792 1244 3092 1317 depositus,
3115 1242 3404 1299 damnatus
3435 1247 3490 1296 ct
3520 1238 3781 1296 anathe-

2181 1331 2411 1393 tnizatus
2439 1345 2543 1390 est.
2702 1376 2708 1445 ι
3138 1394 3143 1397 _

2250 1430 2349 1445 η...
2411 1426 2471 1445 η.
2908 1426 3055 1445 ιη.-
3113 1442 3143 1445 ,Α

2248 1430 2370 1484 646.
2411 1426 2504 1482 llis
2527 1419 2861 1500 tempo'ribus
2907 1426 3064 1482 beata
3112 1426 3267 1495 virgo
3296 1419 3776 1487 Gerdrudis,fllia

2180 1521 2380 1592 Pipini,
2403 1537 2561 1577 soror
2587 1519 2885 1575 Crimoaidi
2906 1519 3182 1588 majorum
3205 1517 3421 1581 domus,
3445 1512 3780 1568 Nivalensis

2179 1612 2390 1669 eenohii
2415 1619 2605 1676 mater,
2632 1609 2926 1664 virtutibus
2953 1608 3171 1663 claruit.
3196 1604 3371 1676 llujus
3392 1619 3551 1659 soror
3576 1601 3774 1673 Begga

2179 1712 2233 1757 et
2256 1703 2371 1772 ipsa
2419 1702 2695 1771 religiosa,
2721 1698 2927 1772 Angiso
2951 1698 3125 1755 sancti
3154 1698 3359 1752 Arnold
3391 1696 3504 1752 filio
3544 1693 3779 1766 nupsit,

2181 1792 2267 1846 cui
2304 1792 2465 1845 etiam
2490 1790 2742 1860 l‘ipinum
2770 1788 3045 1859 juniorem
3072 1788 3298 1858 peperit.
3526 1778 3527 1781 “

2220 1883 2374 1939 .6l7.
2417 1882 2512 1938 llis
2540 1882 2875 1952 temporibus
2912 1898 3037 1936 cum
3067 1880 3269 1935 Paulus
3290 1876 3778 1945 Constantinopo-

2182 1972 2384 2028 litanus
2431 1971 2587 2043 Pyrri
2637 1986 2920 2028 successor
2964 1970 3202 2024 heresim
3257 1984 3368 2023 non
3417 1966 3597 2023 solum
3648 1978 3774 2019 non

2181 2066 2496 2131 dimitteret,
2521 2073 2600 2119 set
2627 2070 3022 2134 augmentaret,
3048 2062 3334 2132 ipsumque
3366 2058 3778 2128 imperatorem

2180 2173 2305 2213 cum
2349 2157 2470 2210 aliis
2503 2155 2804 2219 seduceret,
2835 2168 2935 2208 nec
2975 2168 3005 2207 a
3031 2152 3234 2207 domno
3272 2164 3408 2221 papa
3442 2147 3777 2203 admonitus

2181 2243 2234 2303 et
2274 2249 2584 2315 inerepatus
2614 2246 2958 2314 resipiscerct
3001 2252 3055 2298 et
3104 2242 3219 2314 ipsc
3264 2238 3560 2296 identidem
3604 2237 3778 2292 dam-

2181 2347 2343 2393 natus
2369 2346 2471 2390 est.

2251 2427 2373 2481 υεε.
2420 2425 2685 2494 Tempore
2710 2421 3026 2477 Constantis
3076 2420 3420 2492 imperatoris
3465 2434 3606 2490 gens
3633 2418 3775 2473 Sar-

2181 2533 2503 2573 racenorum
2576 2515 2959 2571 crudelissima
3030 2513 3233 2569 multas
3296 2511 3614 2584 provincias
3669 2523 3774 2564 va.

2181 2609 2362 2664 stavit.
2461 2645 2465 2648 ν

2251 2699 2374 2753 6.5.9.
2418 2698 2604 2753 Romae
2627 2695 2918 2761 Martinus,
2940 2710 3081 2765 papa
3127 2693 3276 2760 76“,
3320 2692 3461 2749 sedit
3499 2691 3672 2748 anuis
3708 2689 3767 2769 6,

2181 2790 2463 2846 mensibus
2488 2788 2598 2843 fere
2621 2788 2676 2842 2.
2702 2785 2823 2853 Quo
2854 2794 3100 2855 tempore
3133 2781 3336 2837 Paulus
3364 2780 3770 2837 Constantino-

2181 2883 2473 2953 politanus,
2495 2881 2611 2949 ipso
2628 2880 2953 2948 imperatore
2967 2874 3264 2929 Constante
3286 2870 3769 2942 seducto,'legatos

2182 2972 2493 3042 apostolicae
2535 2970 2680 3023 sedis
2728 2983 2828 3038 pro
2873 2965 3057 3021 heresi
3088 2979 3214 3020 eum
3254 2972 3542 3033 arguentes
3571 2975 3768 3018 carce-

2180 3064 2334 3119 ribus
2381 3071 2435 3117 ct
2487 3062 2664 3117 exitiis
2720 3059 2941 3125 afﬂixit,
2994 3066 3051 3114 et
3089 3056 3375 3114 catholicis
3425 3056 3767 3127 ubicumque

580 3148 703 3201 (357.
743 3146 1215 3216 Constantinopoli
1239 3146 1484 3203 Eraclius
1509 3145 1803 3216 imperator
1827 3163 1857 3201 a
1889 3138 2088 3218 Sergio
2107 3198 2149 3254 Ο
2182 3156 2355 3228 potuit
2378 3154 2808 3224 persecutionem
2841 3150 3118 3207 excitavit.

507 3237 1115 3306 Constantinopolitano
1142 3237 1398 3306 episcopo
1430 3237 1485 3289 in
1516 3235 1789 3298 haeresim,
1823 3246 1880 3289 ut
1904 3236 2077 3304 aiunt,

511 3327 771 3381 inductus
793 3326 947 3383 obiit.
983 3325 1091 3382 Pro
1116 3341 1226 3396 quo
1246 3324 1538 3381 Eraclonas
1565 3339 1692 3381 cum
1729 3335 1900 3380 matre
1934 3324 2079 3380 Mar--

507 3413 622 3469 tina
647 3416 806 3470 annis
829 3414 865 3468 2
895 3414 1160 3486 regnavit.
1808 3457 1817 3474 .

580 3506 704 3560 658.
747 3503 933 3559 Romae
957 3504 1215 3561 defuncto
1240 3521 1376 3577 papa
1401 3504 1659 3573 llonorio,
1673 3506 1906 3562 cessavit
1927 3507 2080 3562 sedes

511 3597 812 3665 apostolica
855 3612 1060 3651 annum
1091 3597 1146 3661 ι.
1179 3612 1396 3653 menses
1424 3597 1476 3662 7,
1518 3599 1634 3653 dies
1663 3598 1751 3663 ll,
1777 3599 1905 3667 quia
1939 3594 2082 3652 Coa-

511 3686 869 3755 stantinopoli
892 3684 1192 3743 aut‘toritas
1230 3685 1524 3756 imperialis
1567 3694 1738 3742 morte
1775 3686 2079 3757 principum

510 3776 752 3830 inritabat.
795 3772 917 3842 Quo
964 3784 1213 3846 tempore
1230 3775 1615 3839 Lateranensis
1655 3777 1949 3833 thesaurus
1968 3774 2122 3833 dis-'

509 3876 715 3922 Iturius
746 3875 849 3925 est.
1697 3904 1699 3907 τ

580 3957 703 4010 (339.
745 3955 1213 4027 Constantinopoli
1258 3968 1472 4015 mortuo
1494 3940 1499 3945 δ
1522 3956 1789 4030 Eraclona
1849 3958 2082 4028 impera-

513 4054 648 4109 tore,
680 4044 851 4101 frater
874 4045 995 4115 ejus
1015 4044 1409 4105 Constantinus
1446 4046 1693 4120 regnavit
1719 4048 1997 4105 mensibus
2024 4047 2077 4103 6.

581 4135 705 4188 6:0.
748 4134 1223 4207 Constantinopoli
1264 4149 1387 4209 post
1431 4147 1665 4194 mortem
1702 4138 2080 4208 Constantini,

509 4226 657 4281 ﬁlius
689 4225 1314 4296 ipsius,Constantinus,
1335 4228 1431 4299 qui
1450 4237 1504 4284 et
1524 4227 1819 4295 Constans,
1836 4229 2082 4300 regnavit

504 4319 670 4375 annis
711 4318 800 4372 9.8.
841 4317 1031 4373 Romae
1061 4317 1372 4388 Severinus,
1398 4334 1539 4391 papa
1576 4318 1724 4388 73‘“,
1753 4318 1895 4374 sedit
1927 4333 2082 4373 men-

506 4406 662 4466 sibus
684 4408 747 4473 2,
770 4408 962 4464 diebus
998 4405 1217 4480 “post
1248 4424 1415 4481 quem
1458 4410 1694 4465 cessavit
1735 4408 2080 4481 episcopatus

510 4498 793 4554 mensibus
816 4498 867 4552 5.

577 4590 699 4642 (iit.
744 4587 928 4643 Roma
946 4586 1223 4643 Johannes
1249 4585 1339 4655 IV,
1362 4603 1502 4659 papa
1524 4587 1673 4657 74'",
1699 4574 1836 4644 sedit
1855 4602 2000 4643 anno
2021 4589 2073 4657 l,
2125 4582 2130 4587 ’

509 4672 789 4735 mensibus
818 4679 929 4734 fere
964 4678 1060 4747 l0;
1099 4679 1194 4748 qui
1216 4678 1386 4734 missa
1422 4680 1687 4749 pecunia,
1726 4681 1927 4737 multos
1984 4695 2077 4737 ca-

506 4771 687 4840 ptivos
699 4769 754 4823 in
778 4767 979 4822 Histria
1004 4780 1059 4824 et
1078 4768 1345 4824 Dalmatia
1364 4784 1395 4824 a
1413 4768 1665 4825 barbaris
1685 4771 1932 4826 redemit.

577 4859 699 4913 tit-2.
743 4857 929 4915 Bome
950 4858 1288 4926 Theodorus,
1314 4875 1455 4931 papa
1482 4859 1631 4927 75'",
1662 4860 1803 4917 sedit
1826 4860 1984 4918 annis
2016 4860 2072 4934 ϐ,

512 4949 788 5006 mensibus
814 4949 926 5004 fere
957 4950 1010 5004 6.
1054 4950 1154 5007 llic
1187 4966 1414 5022 corpora
1444 4960 1759 5008 sanctorum
1810 4949 1980 5006 Primi
2019 4960 2077 5008 et

506 5041 755 5094 filii-iani
784 5040 1002 5106 levavit,
1023 5050 1078 5095 et
1100 5042 1368 5098 hereticos
1390 5041 1686 5097 damnavit.
1715 5041 1775 5097 In
1794 5041 2076 5100 Britannia

506 5129 721 5185 Oswald
744 5148 837 5185 rex
858 5132 1158 5205 Anglorum
1192 5133 1500 5202 piissimus,
1524 5139 1718 5188 contra
1758 5130 2074 5191 Pendanum

505 5235 687 5291 regem
714 5236 982 5291 paganum
1017 5233 1268 5296 pugnans
1306 5224 1581 5291 occubuit,
1603 5232 1657 5281 et
1680 5223 1930 5295 plurimis
1953 5235 2075 5294 ρος(

506 5320 733 5365 mortem
768 5312 1048 5368 miraculis
1070 5315 1284 5371 claruit.
1308 5312 1416 5371 Pro
1443 5329 1555 5385 quo
1582 5313 1751 5373 frater
1782 5315 1903 5387 ejus
1927 5312 2075 5371 Oswi

507 5405 747 5471 regnavit
775 5403 932 5459 anuis
967 5402 1054 5456 ‘28.

575 5492 698 5546 uti.
743 5492 974 5553 Sanctus
997 5494 1278 5563 Paulinus,
1308 5494 1671 5553 Eboracensis
1693 5495 1985 5567 episcopus
2018 5504 2075 5553 et

2251 3241 2375 3297 650.
2418 3240 2681 3296 Martinus
2737 3255 2877 3309 papa
2934 3238 3231 3293 indictione
3293 3251 3441 3292 nona
3501 3235 3762 3293 sinodum

2183 3332 2370 3388 Romae
2414 3331 2515 3385 105
2563 3331 2955 3400 episcoporum
2995 3328 3220 3400 colligit,
3275 3328 3331 3381 in
3375 3342 3487 3398 qua
3527 3325 3759 3401 Cyrum,

2183 3423 2469 3495 Sergium,
2515 3420 2746 3478 Paulum
2799 3436 2925 3477 cum
2976 3418 3302 3492 sequacibus
3348 3418 3557 3475 erroris
3602 3417 3763 3474 dam-

2182 3516 2351 3573 navit.

2249 3606 2373 3662 651.
2416 3604 2613 3660 Beatus
2653 3602 2900 3657 Aidanus
2932 3598 3246 3670 Scottigena
3271 3597 3342 3634 ⁸⁸³
3370 3599 3666 3669 episcopus
3703 3606 3761 3659 et

2180 3697 2373 3771 doctor
2406 3695 2728 3766 Anglorum,
2759 3692 2814 3747 2.
2846 3689 2965 3746 Kal.
3002 3689 3150 3762 Sept.
3184 3689 3440 3746 decessit.

2250 3786 2374 3843 652.
2415 3784 2530 3842 Hoc
2551 3794 2794 3856 tempore
2820 3781 3091 3861 Olimpius
3111 3783 3384 3838 exarchus
3410 3779 3761 3837 aConstante

2181 3876 2508 3946 imperatore
2559 3872 2768 3929 Italiam
2804 3871 3041 3936 missus,
3073 3884 3200 3925 cum
3243 3868 3505 3925 domuum
3554 3882 3755 3940 papam

2180 3972 2499 4032 ceterosque
2544 3963 2601 4015 in
2648 3961 2752 4015 fide
2804 3959 3071 4015 catholica
3127 3957 3412 4014 unanimes
3454 3957 3758 4028 depravare

2180 4052 2369 4122 eisque
2399 4064 2595 4107 nocere
2635 4064 2747 4106 non
2785 4055 2993 4121 posset,
3019 4046 3239 4118 tandem
3263 4060 3391 4103 cum
3432 4061 3575 4119 papa
3604 4045 3758 4118 paci-

2178 4140 2394 4197 licatur.

2248 4230 2372 4287 653.
2401 4229 2475 4309 .ln
2548 4227 2832 4283 Britannia
2881 4224 3154 4283 Honorius
3204 4224 3503 4299 Anglorum
3566 4223 3754 4281 archi-

2179 4320 2468 4391 episcopus
2495 4317 2651 4386 obiit,
2679 4332 2779 4388 pro
2790 4331 2901 4388 quo
2924 4315 3214 4373 Deusdedit
3233 4314 3301 4370 10
3327 4315 3489 4372 annis
3513 4313 3749 4387 prefuit.

2248 4409 2377 4466 εει.
2416 4408 2617 4463 Beatus
2668 4422 2805 4478 papa
2857 4405 3124 4464 Martinus
3182 4406 3343 4475 jussu
3395 4404 3750 4475 Constantis,

2109 4515 2155 4573 ι)
2178 4502 2405 4563 heretici
2452 4500 2832 4570 imperatoris,
2883 4513 2942 4554 tn
2993 4496 3221 4553 basilica
3278 4494 3579 4562 Salvatoris
3630 4509 3751 4567 qua

2179 4592 2629 4650 Constantiniana
2656 4590 2877 4657 dicitur,
2901 4586 3352 4669 comprehensus,
3388 4596 3446 4642 et
3473 4584 3750 4651 Cunstana

2179 4682 2465 4752 tin0poiim
2511 4682 2831 4752 perductus,
2858 4694 2984 4741 cum
3021 4678 3514 4753 flectiinullatenus
3542 4688 3745 4755 posset,

2178 4767 2346 4826 exilio
2378 4769 2435 4823 in
2461 4765 2703 4823 Cersona
2737 4767 3029 4823 damnatus
3050 4774 3161 4822 est.

2195 4880 2201 4889 ·
2248 4857 2374 4914 655.
2414 4855 2683 4913 Martinus
2722 4872 2861 4928 papa
2889 4856 2946 4913 in
2972 4855 3139 4913 exilio
3167 4854 3420 4929 migravit
3452 4857 3521 4913 ad
3556 4856 3742 4916 Domi-

2177 4962 2332 5016 num,
2358 4947 2544 5018 ibique
2567 4947 2814 5019 sepultus
2840 4945 3124 5002 miraculis
3143 4945 3340 5002 claruit
3363 4947 3741 5018 postmodum;

2177 5053 2279 5110 pro
2298 5054 2411 5109 quo
2448 5037 2637 5094 Rome
2658 5037 2955 5110 Eugenius,
2980 5050 3125 5109 papa
3155 5036 3303 5105 77's,
3334 5037 3477 5094 sedit
3503 5038 3667 5095 annis
3686 5037 3741 5114 2,

2178 5131 2458 5188 mensibus
2478 5130 2593 5187 fere
2620 5129 2706 5198 10,
2732 5131 2815 5187 vir
2837 5131 3105 5203 benignus
3124 5139 3178 5186 et
3198 5130 3369 5209 mitis.
3387 5128 3447 5187 lu
3465 5130 3740 5186 Britannia

2176 5220 2397 5279 Pendan
2444 5238 2540 5279 rex
2580 5221 2905 5279 Merciorum
2942 5236 3187 5294 paganus
3205 5265 3223 5291 ,
3243 5261 3250 5267 α
3274 5222 3345 5280 ab
3386 5219 3532 5276 Osvvi
3589 5236 3736 5294 rege,

2179 5314 2356 5370 sancti
2385 5312 2622 5371 Oswaldi
2665 5310 2857 5380 fratre,
2898 5313 3076 5369 victus
3098 5313 3324 5381 interiit,
3351 5320 3409 5368 et
3439 5312 3737 5391 gens‘ller-

2177 5404 2391 5471 ciorum
2420 5405 2626 5461 Christi
2647 5404 2807 5459 fidem
2845 5405 3072 5475 accepit.

2248 5492 2372 5550 656.
2411 5494 2618 5563 Petrus~
2644 5493 3282 5568 Constantinopolitanus
3322 5494 3485 5569 quasi
3526 5492 3733 5568 satisfa;

1767 5627 2003 5687 nam
2038 5587 2437 5688 moriones.

582 5736 646 5766 ’σει
681 5752 865 5808 amare
895 5736 1120 5798 iustitiae
1146 5740 1266 5813 cdd.
1303 5740 1365 5774 ⁸⁸⁷
1396 5739 1727 5810 acephorum
1756 5741 1808 5812 l.
1842 5739 1911 5774 “‘
1936 5739 2203 5816 ωιιίιεω
2227 5738 2280 5811 is

3490 5764 3924 6312 Α
