3970 6344
194 407 224 460 1
239 407 344 462 337

1051 353 1370 458 'ARPEND.
1411 401 1497 457 Ill.
1533 431 1604 442 --
1643 398 2073 456 MOPZUMENTA
2111 398 2570 475 GRECORIANA.

3307 401 3446 456 1358

148 549 158 596 ;
195 523 361 578 ciens
381 519 481 590 pro
499 519 602 574 title
623 534 744 586 sua,
761 517 911 574 misit
931 517 1162 574 Romam
1180 517 1479 573 sinodieam
1500 514 1782 587 epistolam
1810 515 1857 572 Α
1882 513 1974 584 qui
1998 497 2264 588 porticum
2289 515 2464 568 sancti
2489 512 2634 568 Petri
2670 528 2942 568 marmore
2983 513 3191 569 stravit.
3223 512 3448 568 Cometa

195 611 364 666 valde
390 610 683 666 obscuram
727 616 784 663 et
825 608 1068 674 dubiam,
1123 616 1206 663 set
1248 605 1509 690 adomno
1549 620 1686 676 papa
1725 613 1780 660 et

196 700 426 756 aclesia
455 698 700 754 Romana
724 713 832 752 non
857 706 940 752 est
966 701 1205 768 accepta;
1438 690 1441 694 ’

278 789 405 844 657.
449 787 635 843 Roma
661 787 904 858 Eugenio
924 802 1062 858 papa
1086 786 1360 853 defuncto,
1401 787 1636 842 cessavit
1667 785 1780 856 epi-

199 887 468 949 scOpatus
493 878 774 934 mensibus
795 877 850 931 2.
1307 896 1309 899 τ

281 971 407 1026 658.
451 969 980 1037 RomaVitalianus,
1003 986 1140 1043 papa
1165 969 1314 1037 78‘“,
1337 969 1476 1026 sedit
1499 969 1659 1024 annis
1689 968 1780 1046 l4,

200 1060 496 1115 mensibus
518 1059 570 1113 6.
606 1058 672 1092 η’
695 1057 800 1125 Qui
839 1059 1012 1115 literis
1050 1076 1117 1113 ex
1143 1074 1294 1114 more
1323 1057 1781 1128 Constantinopo-

201 1149 308 1204 lim
332 1149 518 1204 missis
539 1149 592 1202 in
620 1150 748 1205 sede
775 1152 1150 1218 confirmatus,
1181 1151 1451 1207 aclesiam
1478 1150 1779 1205 Romanam

199 1227 500 1309 insigniter
532 1239 694 1294 rexit.

280 1329 404 1384 659.
445 1318 854 1398 Constantinus,
909 1332 1003 1402 qui
1058 1341 1112 1387 et
1150 1330 1442 1398 Constans,
1492 1332 1782 1402 imperator

201 1427 408 1475 sancto
435 1417 599 1475 Petro
620 1419 848 1476 donaria
885 1421 1130 1494 preciosa
1151 1421 1380 1478 Romam
1402 1421 1569 1477 misit.

281 1508 406 1564 660.
445 1508 504 1564 in
538 1509 693 1564 Italia
738 1509 994 1566 defuncto
1023 1503 1148 1584 rege
1173 1512 1654 1584 Longobardorum
1681 1511 1800 1586 Iia-g

200 1600 436 1667 riberto,
483 1601 594 1656 duo
651 1602 745 1657 ﬁlii
799 1603 919 1672 ejus
973 1602 1313 1659 Godabertus
1360 1613 1415 1660 et
1463 1603 1782 1660 Pertharich

200 1707 435 1762 regnum
471 1692 610 1746 inter
635 1706 692 1747 se
728 1692 1057 1760 dividebant,
1088 1709 1320 1763 quorum
1355 1710 1463 1749 uno
1487 1695 1692 1761 occiso,
1727 1695 1782 1749 id

199 1779 674 1851 cstCodaberto,
726 1783 1002 1853 alteroque
1050 1781 1234 1855 fugato
1285 1784 1353 1839 ad
1399 1782 1607 1850 Hunos,
1659 1783 1782 1838 Gri-

1879 619 1976 676 per
1999 605 2034 658 5
2067 619 2282 659 menses
2312 605 2446 660 visa.
3096 648 3108 656 .

1949 694 2073 750 677.
2114 694 2351 750 Eclesia
2381 694 2689 762 Ravennas,
2725 712 2847 766 quae
2883 695 3313 764 autoccphaliam
3345 693 3450 749 sibi

1880 802 2154 856 usurpans
2179 801 2208 840 a
2229 785 2482 842 Romana
2510 787 2836 853 desciverat,
2864 787 3017 841 Dono
3062 802 3213 856 papae
3256 801 3316 841 se
3348 786 3453 840 ite~

1877 890 2002 932 rum
2037 876 2285 953 subjecit.

1951 964 2075 1020 678.
2117 963 2304 1020 Roma
2327 964 2582 1021 defuncto
2602 965 2773 1032 Dono,
2789 976 2912 1036 post
2931 966 2965 1020 2
2980 963 3194 1021 menses
3217 964 3450 1036 Agatho,

1881 1073 2020 1129 papa
2066 1057 2219 1123 81'",
2268 1057 2408 1112 sedit
2453 1057 2613 1111 annis
2658 1059 2715 1122 2,
2756 1057 3035 1112 mensibus
3084 1058 3136 1111 6.
3178 1058 3244 1089 m
3272 1056 3454 1126 (Gesta

1879 1140 2048 1220 pontt.
2080 1147 2256 1218 Rom.)
2291 1147 2395 1201 Hic
2423 1165 2561 1218 papa
2604 1149 2743 1219 apud
2770 1150 3135 1220 imperatorem
3168 1148 3365 1216 eiecit,
3391 1156 3450 1200 ut

1880 1242 2155 1312 quantitas
2182 1239 2518 1307 relevaretur,
2545 1258 2662 1311 qum
2699 1259 2792 1311 pro
2827 1241 3156 1294 Ordinatione
3184 1240 3452 1310 pontiﬁcis

1881 1332 2044 1389 tot'ita
2075 1340 2190 1385 erat
2240 1333 2362 1387 dari
2378 1349 2395 1397 ;
2424 1333 2502 1386 ita
2532 1342 2704 1385 tamen
2731 1342 2787 1386 ut
2835 1333 3098 1386 decretum
3129 1329 3363 1401 generale
3391 1328 3455 1382 de

1881 1424 2128 1479 electione
2149 1437 2300 1494 papae
2319 1425 2468 1493 prius
2490 1423 2557 1476 ad
2578 1424 2942 1491 imperatorem
2969 1423 3284 1483 mitteretur,
3297 1434 3452 1490 quam

1881 1511 1976 1587 ille
2003 1498 2412 1566 consecraretur.
2441 1511 2725 1566 Wilfridus
2755 1512 3047 1582 Anglorum
3076 1512 3364 1581 episcopus
3389 1509 3456 1564 ab

1882 1602 2116 1674 Egberto
2159 1617 2285 1674 rege
2317 1605 2444 1659 sedc
2489 1619 2587 1658 sua
2634 1604 2843 1672 pulsus,
2874 1601 3073 1655 multos
3121 1601 3175 1654 in
3198 1601 3360 1654 exilio
3390 1600 3459 1654 ad

1883 1696 2175 1753 Dominum
2201 1697 2491 1753 convertit.

1953 1789 2078 1845 679.
2118 1789 2513 1844 Constantinus
2558 1795 2820 1856 angustus
2854 1783 3173 1857 legationem
3223 1780 3452 1838 Romam

200 1873 457 1928 mni-ldus
519 1873 630 1930 dux
689 1873 1099 1930 Beneventanus
1171 1891 1401 1946 regnum
1463 1875 1781 1933 eorumdem
1817 1873 2068 1952 "misit,
2126 1893 2278 1939 etut
2328 1898 2426 1953 pro
2492 1881 2838 1937 confutandis
2907 1877 3158 1934 ltercticis
3230 1875 3454 1930 sinodus

201 1964 465 2020 obﬁnuh.

279 2055 406 2110 661.
447 2055 560 2112 lloc
584 2065 825 2127 tempore
853 2057 1183 2112 Paertharich
1209 2057 1276 2113 de
1311 2057 1475 2115 exilio
1504 2073 1776 2114 reversus.

200 2144 405 2200 lterum
432 2147 487 2202 in
518 2148 740 2202 exilium
769 2149 846 2204 ire
866 2158 950 2206 est
982 2149 1318 2219 compulsus.

276 2236 404 2293 662.
446 2237 860 2306 Constantinus,
891 2240 984 2310 qui
1005 2249 1058 2294 et
1084 2239 1373 2305 Constans,
1405 2239 1614 2296 Italiam
1651 2257 1782 2298 con-

199 2336 289 2382 tra
317 2327 706 2401 Longobardos
740 2332 908 2397 venit,
947 2341 1026 2386 set
1048 2333 1213 2386 nichil
1241 2331 1488 2402 profecit.

276 2419 403 2473 663.
441 2419 836 2476 Constantinus
888 2423 1183 2490 imperator
1210 2421 1438 2477 Romam
1475 2425 1643 2491 venit,
1671 2434 1725 2480 ct
1747 2441 1779 2479 a

200 2507 483 2563 \"italiano
515 2525 653 2580 papa
685 2511 998 2566 honoriﬁce
1028 2523 1332 2582 susceptus,
1379 2524 1570 2571 sancto
1618 2514 1784 2573 Petro

199 2600 433 2670 pallium
459 2616 594 2657 auro
624 2603 805 2659 textile
831 2605 1056 2674 obtulit;
1087 2615 1170 2662 set
1199 2617 1398 2664 cuncta
1441 2624 1577 2682 pene
1620 2626 1798 2680 ornas

201 2699 394 2746 meuta
427 2693 577 2748 urbis
603 2695 669 2726 ¹⁹⁰
697 2695 921 2751 abstulit
948 2697 1034 2751 ¹⁹⁰.

278 2780 404 2835 661.
448 2781 677 2852 Eclipsis
714 2785 849 2839 solis
893 2785 926 2840 5
975 2783 1158 2840 Nonas
1207 2785 1331 2860 Maii
1375 2768 1535 2843 facta.
1575 2787 1634 2842 in
1662 2787 1780 2845 Bri-

201 2873 397 2928 tannia
419 2889 448 2927 a
482 2872 680 2929 Scottis
700 2884 754 2930 et
785 2875 972 2945 Anglis
1005 2878 1235 2947 quaestio
1260 2879 1327 2935 de
1361 2881 1563 2950 pascha
1598 2882 1778 2936 venti-

203 2963 370 3030 latur,
399 2973 452 3020 et
495 2966 722 3022 Scottia
751 2967 1006 3024 Wilfrido
1047 2973 1346 3042 presbitero
1388 2975 1780 3032 rationabiliter

202 3057 338 3112 victi
358 3066 503 3123 sunt,
526 3059 620 3128 qui
643 3071 830 3129 postea
845 3062 1134 3133 episcopus
1153 3066 1437 3122 ordinatur
1467 3068 1536 3136 (υ.
1553 3087 1604 3123 a.
1626 3070 1773 3140 678).

1881 1978 2178 2048 apostolica
2209 1974 2530 2032 auctoritate
2552 1970 3026 2039 Constantinopoli
3061 1970 3236 2033 ﬁeret.
3266 1976 3456 2037 posta.

1880 2070 2029 2124 lavit.
2063 2068 2273 2140 Agatho
2307 2082 2442 2136 papa
2468 2064 2719 2119 sinodum
2749 2061 2850 2114 120
2868 2063 3245 2130 episcoporum
3269 2059 3457 2114 Romae

1879 2146 2116 2232 collegit,
2140 2169 2195 2216 et
2228 2159 2496 2216 hereticos
2524 2170 2686 2210 unam
2732 2154 2784 2207 in
2816 2152 3034 2207 Christo
3077 2151 3450 2222 operationem

1879 2253 2309 2325 dogmatizantes
2327 2249 2634 2306 damnavit.

1950 2341 2072 2398 680.
2116 2341 2345 2414 Eclipsis
2388 2339 2557 2401 lunae,
2612 2346 2665 2392 et
2695 2352 2890 2406 magna
2919 2334 3220 2390 mortalitas
3269 2329 3456 2386 Romae

1881 2431 2044 2497 facta.
2069 2432 2274 2503 Agatho
2303 2441 2448 2495 Papa
2494 2428 2699 2498 legatos
2735 2424 3262 2494 Constantinopolim
3307 2421 3456 2476 misit

1883 2521 2186 2577 indictione
2231 2504 2420 2600 inQui
2464 2517 2764 2572 honorifice
2801 2516 2869 2570 ab
2915 2523 3147 2585 augusto
3199 2512 3455 2584 suscepti,

1883 2624 2050 2670 sextae
2071 2596 2264 2669 sinodo
2304 2596 2609 2666 universali
2664 2609 2766 2662 150
2801 2609 3183 2678 episcoporum
3229 2601 3460 2674 praefue-

1882 2713 2031 2769 runt,
2061 2710 2115 2756 et
2144 2683 2423 2757 convictos
2463 2699 2753 2762 hereticos,
2787 2713 2951 2751 unam
2994 2698 3049 2749 in
3097 2693 3315 2750 Christo
3360 2707 3457 2747 vo-

1881 2795 2145 2848 luntatem
2184 2801 2238 2846 et
2266 2790 2633 2860 operationem
2683 2794 3009 2849 asserentes,
3037 2784 3452 2848 damnaverunt,

1885 2886 1951 2920 ³³³
1970 2895 2019 2939 et
2041 2886 2074 2940 9
2103 2881 2339 2954 capitula
2358 2882 2794 2950 conscripserunt.
2819 2875 3135 2931 Theodorus
3156 2873 3453 2947 Anglorum

1883 2977 2324 3047 archiepiscopus
2363 2973 2616 3027 sinodum
2650 2969 2883 3041 collegit.

1950 3066 2073 3122 681.
2111 3061 2583 3132 Constantinopoli
2634 3070 2784 3117 sexta
2848 3058 3072 3114 sinodus
3135 3057 3458 3112 universalis

280 3148 405 3202 665.
447 3149 601 3220 Angli
639 3152 706 3206 ad
733 3150 1058 3208 Vitalianum
1091 3171 1282 3224 papam
1309 3173 1406 3227 pro
1435 3159 1691 3232 episcopo
1723 3170 1779 3217 et
1805 3178 1847 3238 ς,
1881 3156 1984 3212 150
2005 3157 2386 3226 episcoporum
2414 3154 2708 3210 indictione
2737 3166 2878 3207 nona
2936 3165 3124 3205 mense
3159 3148 3464 3204 Februario.

205 3238 435 3292 doctore
461 3240 791 3308 postulatum
826 3241 1051 3296 Romam
1077 3245 1316 3300 mittunt.

279 3327 404 3381 668.
447 3327 505 3381 ln
562 3327 741 3384 Sicilia
787 3331 1179 3392 Constantinus
1199 3331 1540 3409 'imperator,
1576 3341 1679 3413 qui
1727 3351 1782 3398 et

205 3417 501 3484 Constans,
526 3429 648 3488 post
673 3422 872 3503 multas
894 3424 1320 3494 deprtcdationes
1353 3445 1450 3500 per
1473 3432 1782 3500 provincias

207 3517 381 3574 actas,
406 3508 625 3564 tandem
648 3526 679 3564 a
713 3512 829 3567 suis
877 3513 931 3567 in
968 3514 1163 3569 balneo
1195 3526 1505 3586 peremptus
1530 3527 1643 3584 est;
1680 3535 1780 3588 pro

205 3613 318 3665 quo
344 3598 737 3655 Constantinus
765 3601 884 3670 ejus
916 3601 1060 3658 ﬁlius
1095 3605 1338 3674 regnavit
1367 3608 1526 3662 annis
1560 3607 1645 3674 17,
1677 3609 1781 3664 im-

205 3697 427 3756 perator
466 3705 597 3744 sane
623 3689 924 3745 catholicus
950 3699 1004 3745 et
1031 3692 1174 3762 pius.
1200 3693 1313 3750 Hoc
1340 3712 1485 3751 anno
1527 3695 1779 3754 Theodo-

206 3796 304 3834 rus
331 3781 772 3852 archiepisc0pus
818 3798 850 3838 a
893 3782 1165 3841 Vitaliano
1201 3802 1339 3858 papa
1378 3789 1681 3857 ordinatus,
1722 3800 1779 3847 et

207 3887 333 3924 cum
358 3871 600 3928 Adriano
633 3875 827 3942 abbate
877 3876 944 3930 ad
986 3877 1190 3948 Anglos
1234 3879 1466 3947 missus,
1500 3883 1687 3940 multis
1725 3893 1779 3941 et

205 3962 376 4016 verbo
405 3963 689 4032 profuit‘et
719 3967 983 4036 exemplo.

277 4053 403 4108 669.
447 4053 734 4110 Sarraceni
763 4055 1002 4112 Siciliam
1033 4066 1247 4115 vastant

278 4145 403 4200 670.
448 4145 505 4200 In
530 4144 682 4202 Italia
709 4157 926 4203 mortuo
947 4147 1258 4212 Grimoaldo
1291 4149 1775 4223 Longobardorum

206 4254 356 4310 rege,
394 4238 714 4297 Pertharich
765 4255 994 4311 regnum
1038 4251 1322 4313 paternum
1373 4244 1438 4298 17
1473 4246 1633 4302 annis
1679 4248 1782 4304 ob-‘

207 4333 392 4388 tinuit.

277 4421 404 4476 672.
446 4418 635 4488 Romae
655 4421 924 4479 Vitaliano
938 4388 1692 4500 papa;-ilefun(iniiiniii‘ctg'igemqgw
1684 4427 1772 4500 15,

1883 3257 2024 3312 acta,
2053 3256 2107 3302 et
2140 3245 2446 3310 Macharius
2471 3244 2844 3299 Antiochenus
2874 3255 3240 3310 sequacesque
3255 3239 3458 3293 erroris

1883 3336 2126 3395 damnati
2179 3344 2326 3390 sunt.
2379 3333 2592 3400 Quibus
2633 3331 2925 3396 damnatis,
2978 3328 3156 3383 subito
3208 3327 3457 3397 plurima:

1885 3442 2215 3484 aranearum
2248 3425 2368 3480 telae
2396 3425 2452 3480 in
2485 3423 2708 3478 basilica
2738 3437 2922 3477 coram
2962 3419 3217 3475 omnibus
3246 3418 3456 3473 cecide—

1881 3527 2026 3583 rant,
2060 3518 2332 3572 hereticas
2374 3520 2548 3598 nugas
2603 3514 2841 3585 dejectas
2879 3527 3000 3568 esse
3049 3510 3452 3582 portendentes.

1879 3609 2091 3681 Agatho
2125 3625 2261 3680 papa
2284 3608 2533 3663 decessit.

1951 3700 2078 3755 682.
2123 3699 2308 3753 Roma:
2360 3697 2618 3756 defuncto
2672 3696 2954 3768 Agathone
3011 3711 3170 3766 papa,
3223 3693 3459 3750 cessavit

1881 3793 2230 3864 episcopatus
2258 3805 2404 3845 anno
2439 3791 2490 3857 1,
2521 3789 2804 3844 mensibus
2835 3787 2884 3842 7.

1914 3940 1917 3941 ν
1952 3882 2078 3938 685.
2119 3880 2304 3936 Romte
2335 3879 2446 3935 Leo
2492 3878 2557 3945 Il,
2594 3893 2732 3949 papa
2781 3878 2932 3943 82‘",
2988 3877 3124 3931 sedit
3172 3875 3453 3933 mensibus

1877 3973 1993 4028 fere
2027 3973 2088 4026 11
2117 3989 2134 4039 ;
2161 3973 2246 4024 vir
2270 3957 2366 4041 per
2395 3971 2578 4024 omnia
2621 3967 3023 4023 eruditissimus
3062 3976 3116 4022 et
3151 3966 3452 4037 piissimus,

1880 4060 1975 4131 qui
2004 4075 2105 4115 sua
2136 4059 2353 4114 decreta
2383 4058 2528 4119 fecit.
2577 4057 2810 4130 plurima
2836 4057 3048 4128 egregie
3075 4057 3314 4128 scripsit,
3344 4056 3445 4110 do-

1875 4154 2023 4220 cuit,
2068 4163 2122 4208 ct
2167 4151 2468 4208 constituit.
2508 4149 2743 4206 Sanctus
2779 4149 3085 4206 Cudbertus
3135 4145 3448 4202 Lindisfar-

1879 4244 2069 4301 nensis
2093 4232 2320 4300 aclesia:
2341 4241 2651 4314 episcopus,
2688 4240 3028 4296 Britanniam
3054 4237 3239 4292 multis
3277 4236 3450 4303 virtu-

1880 4336 2028 4391 tibtls
2057 4334 2358 4391 decoravit.
2878 4385 2879 4388 η
3048 4348 3050 4350 '

1947 4425 2072 4482 684.
2112 4425 2301 4480 Roma:
2326 4414 2581 4479 defuncto
2609 4423 2811 4490 Leone,
2841 4422 3077 4478 cessavit
3101 4422 3450 4493 episcopatus

203 4519 334 4582 post
352 4511 388 4566 2
413 4527 628 4570 nienses
655 4513 988 4582 Adeodatus,
1017 4531 1153 4587 papa
1181 4516 1329 4583 79“,
1353 4517 1491 4572 sedit
1520 4518 1682 4574 annis
1719 4520 1772 4588 4,
1807 4509 1853 4565 Ι)
1879 4532 2023 4573 anno
2053 4517 2166 4578 fere
2194 4515 2246 4569 1.
2276 4513 2407 4574 Post
2444 4530 2606 4585 quem
2651 4513 2974 4571 Benedictus
3004 4513 3080 4582 ll,
3109 4530 3248 4586 papa
3293 4511 3444 4578 85‘",

202 4602 490 4658 mensibus
531 4603 598 4671 2;
623 4605 734 4662 ‘vir
770 4604 922 4661 valde
972 4591 1120 4675 mitis
1172 4616 1226 4660 et
1263 4606 1422 4676 plus,
1466 4608 1560 4680 qui
1605 4610 1776 4668 multa
1877 4609 2014 4666 sedit
2041 4607 2324 4662 mensibus
2355 4606 2422 4662 10
2469 4606 2552 4661 vir
2580 4606 2714 4663 satis
2739 4607 3047 4663 laudabilis.
3076 4607 3454 4672 Comeue,ap-.

204 4692 436 4756 aedilicia
465 4691 653 4750 Roma
678 4697 1002 4764 construxit.
1801 4683 1804 4686 ’
1874 4692 2084 4774 parent.
2158 4688 2172 4698 ”

274 4781 402 4855 673.
441 4781 556 4838 Hoc
578 4799 726 4839 anno
748 4785 1068 4845 Theodorus
1092 4787 1390 4862 Anglorum
1411 4793 1775 4864 archiepisco-
1943 4789 2066 4847 685.
2110 4776 2445 4861 Romaipost
2475 4790 2676 4860 pascha
2703 4785 2960 4842 defuncto
2997 4785 3316 4853 Benedicto,
3343 4801 3441 4843 ex-

202 4888 308 4944 pus
332 4873 585 4930 sinodum
613 4877 801 4932 utilem
829 4875 1060 4952 cdllegit.
1445 4954 1450 4960 _
1617 4925 1620 4928 .
1871 4882 2009 4955 actis
2034 4883 2157 4954 plus
2182 4882 2393 4938 duobus
2420 4880 2701 4949 mensibus
2723 4877 3000 4934 Johannes
3027 4877 3094 4947 ν,
3123 4895 3262 4951 papa
3289 4881 3439 4952 84'",

273 4965 400 5021 674.
441 4964 799 5040 [Dagobertus
840 4959 904 5043 ﬂ"
947 4986 1042 5026 rex
1069 4971 1424 5038 Francorum,
1464 4973 1772 5045 praecipuus
1874 4973 2014 5032 sedit
2054 4987 2198 5028 anno
2230 4971 2278 5025 1.
2316 4969 2420 5038 Qui
2447 4971 2602 5041 prius
2651 4970 3103 5039 archidiaconus,
3132 4971 3340 5042 legatus
3385 4971 3444 5030 in

201 5057 573 5114 ecclesiarum
626 5058 721 5116 Dei
775 5059 1083 5129 venerator,
1146 5061 1296 5133 obiit.
1352 5061 1616 5136 Regnavit
1665 5083 1768 5124 an,
1801 5065 1808 5134 ξ
1874 5074 2025 5137 sexta
2061 5062 2254 5118 sinodo
2290 5063 2602 5133 apostolicae
2635 5063 2782 5119 sedis
2819 5062 3018 5120 fuerat.
3050 5063 3441 5119 Constantinoe

201 5162 307 5202 nos
333 5147 420 5202 44.
448 5147 691 5207 Parisios
724 5145 1035 5226 sepelitun}
1462 5207 1468 5214 _
1865 5145 1982 5228 poli
2027 5154 2386 5212 Constantino
2440 5155 2770 5226 imperatore
2820 5156 3106 5220 defuncto,
3137 5154 3282 5211 ﬁlius
3319 5155 3440 5224 ejus

273 5237 398 5293 676.
443 5239 630 5298 Romae
655 5243 911 5300 defuncto
955 5243 1234 5300 Adeodato
1268 5260 1427 5316 papa,
1460 5257 1584 5319 post
1609 5264 1766 5309 men-,-
1871 5245 2213 5304 Justinianus
2246 5247 2489 5317 regnavit
2517 5248 2676 5305 annis
2708 5247 2802 5316 10;
2848 5248 2944 5318 qui
2970 5247 3148 5303 heresi
3176 5249 3439 5327 pollutus,

201 5341 294 5384 sca
328 5328 363 5384 4
390 5328 479 5402 112
508 5329 715 5401 Donus,
749 5349 888 5405 papa
912 5333 1064 5402 80'",
1090 5335 1225 5391 sedit
1256 5351 1401 5391 anno
1428 5338 1477 5406 1,
1504 5339 1763 5406 mens.5;
1802 5393 1803 5396 η
1872 5338 2189 5406 orthodoxis
2217 5348 2301 5395 est
2329 5338 2592 5411 infestus.

1317 5475 1320 5477 λ
1399 5489 1634 5573 varum
1670 5466 2078 5551 moriones.

276 5617 344 5650 ¹⁸⁹
373 5616 486 5672 νη.
518 5637 657 5674 terr.
685 5618 773 5675 Vl.
807 5621 868 5675 1.
890 5622 955 5655 ⁸³⁸
984 5625 1039 5677 in
1069 5625 1182 5679 loco
1214 5642 1352 5680 raso.
1433 5627 1496 5658 ¹⁹¹
1532 5625 1616 5678 hic
1641 5625 1698 5678 in
1725 5627 1902 5681 codice
1931 5627 1982 5681 1.
2017 5626 2136 5680 alia
2155 5642 2318 5679 manu
2346 5635 2397 5680 et
2426 5625 2534 5679 alio
2561 5635 2860 5683 atramento
2909 5629 3124 5684 inserta.
3177 5623 3434 5684 Historia

207 5695 328 5773 tim.
351 5685 651 5773 Βιλελνίξςοῖπνιί⁸
669 5690 718 5746 1.
751 5708 907 5773 quam
926 5691 1005 5773 .II
1011 5736 1023 5748 .
1057 5707 1378 5773 repugnant;
1411 5695 1690 5773 ingfgdice
1711 5695 2097 5773 2..ea_d.em__‘ac
2149 5695 2352 5773 reliqua
2384 5696 2858 5773 ntantt_legutttur;
2913 5698 3106 5754 adsunt
3159 5701 3213 5753 et
3259 5696 3319 5750 in

207 5759 278 5794 ⁸⁸³
306 5756 417 5830 Mt:
439 5756 556 5831 alio
597 5756 891 5818 atramento
919 5763 973 5817 in
1016 5756 1268 5838 maFgfl.
1302 5756 1445 5822 anno
1469 5757 1574 5822 677
1608 5765 1862 5839 adsignat
1881 5766 1936 5824 2.
1973 5765 2118 5843 ’ν’-οι
2162 5756 2292 5822 Villi
2323 5783 2372 5824 c.
2405 5783 2452 5823 c.
2489 5767 2598 5824 alio
2627 5756 2942 5830 atramento.
3383 5764 3387 5768 ’
3419 5757 3433 5774 ⁸
