3970 6368
544 451 677 502 tam

1513 448 1601 501 Al)
1635 446 1957 508 OPEIHS.
2001 445 2327 500 CBEGORII
2368 445 2805 502 APPIZNDICES.

3661 450 3809 506 1540

613 564 734 614 (Sitti.
780 561 962 615 Bonna:
1016 562 1273 616 defuncto
1320 561 1589 625 Innanne,
1639 571 1759 630 post
1813 561 1846 613 5
1900 575 2115 613 menses
2146 561 2189 615 Δ
2217 556 2451 611 Leonem
2497 569 2549 613 et
2604 559 2893 630 Tyberium
2951 561 3159 630 impezii
3209 578 3529 631 pervasoz'es
3573 563 3806 618 occidit.

542 654 752 716 (Zenon,
787 667 920 720 papa
973 655 1124 717 83‘“,
1156 653 1460 716 ordinatus,
1503 651 1638 704 sedit
1693 651 1971 704 mensibus
2034 650 2114 714 ll,

545 743 776 798 virilem
820 743 1122 796 laudabilis.
1160 742 1214 795 In
1248 743 1521 795 Britannia
1573 751 1794 796 sanctus
1839 739 2111 794 Iohannes

547 831 988 898 Hagustaldensis
1017 837 1307 902 episcopus
1334 833 1514 886 clarus
1541 833 1787 885 habetur.

616 924 738 977 687.
785 925 967 979 Iliona:
996 925 1254 979 defuncto
1282 926 1505 980 Conone
1549 927 1753 979 exactis
1783 925 1891 977 fere
1911 925 1944 977 5
1967 939 2116 976 men-

547 1015 717 1080 sibus,
753 1013 992 1086 Sergius,
1029 1032 1163 1085 papa
1215 1017 1365 1082 80“,
1420 1017 1555 1070 sedit
1592 1017 1750 1069 annis
1809 1015 1900 1077 15,
1941 1030 2112 1067 nurus.

547 1103 659 1159 fere
687 1106 738 1159 9.
770 1105 872 1171 Qui
905 1107 956 1159 in
1005 1107 1107 1168 {ide
1156 1108 1421 1160 catholica
1476 1108 1656 1168 fortis,
1689 1105 2114 1175 persecutionem

545 1195 864 1266 abaugusto
892 1194 1198 1250 Iustiniano
1222 1213 1417 1266 passus
1470 1205 1571 1250 est.
1611 1197 1702 1250 Vir
1741 1197 1937 1266 quippe
1987 1212 2114 1247 san-

545 1293 666 1338 cttts
693 1295 746 1338 et
777 1287 1032 1339 omnibus
1059 1287 1214 1339 bonis
1246 1288 1504 1342 intentus.
1646 1289 1655 1296 ’
2095 1347 2097 1350 ,

615 1377 736 1430 088.
778 1377 1028 1430 Ceadvval
1084 1395 1173 1430 rex
1232 1379 1646 1432 Occidentalium
1708 1377 2016 1438 Saxonum,
2049 1375 2117 1428 ad

546 1465 706 1519 ﬁdem
733 1466 936 1520 Christi
970 1483 1263 1522 conversus
1306 1470 1371 1499 ωδ
1417 1469 1644 1522 Romam
1676 1468 1741 1498 ¹⁹”
1771 1469 1936 1530 venit,
1981 1475 2033 1519 et
2063 1467 2114 1518 in

547 1556 774 1610 sabbato
809 1569 997 1612 saneto
1027 1562 1240 1629 past-lue
1271 1578 1299 1612 a
1336 1559 1524 1629 Sergio
1567 1575 1701 1628 papa
1733 1559 2035 1626 baptizatus
2066 1567 2116 1610 et

545 1643 738 1700 Petrus
761 1659 1004 1712 vocatus,
1068 1651 1196 1703 inibi
1254 1652 1304 1703 in
1353 1652 1490 1704 albis
1537 1651 1844 1713 defunctus,
1882 1647 1949 1702 ab
1999 1648 2117 1718 ipso

545 1752 681 1806 papa
714 1755 929 1792 snnnno
955 1742 1158 1796 honore
1185 1744 1485 1797 tunmlatus
1518 1751 1572 1797 et
1614 1742 1926 1813 epithaphio
1963 1742 2118 1797 deco-

546 1837 698 1881 ratus
722 1839 824 1884 est.

615 1920 740 1973 (389.
781 1919 837 1974 ln
871 1919 1019 1976 Italia
1052 1923 1266 1977 Alachis
1296 1923 1405 1978 dux
1452 1925 1791 1995 tyrannidem
1815 1924 2031 1989 invasit,
2063 1932 2116 1978 et

545 2010 780 2063 maxime
811 2013 1038 2065 clericos
1071 2015 1390 2084 insequitur.
1488 2028 1493 2035 ‘
1762 2091 1765 2094 .

615 2087 736 2155 600.
782 2101 1101 2158 Theodorus
1175 2108 1535 2162 venerabilis"
1573 2108 1871 2178 Anglorum
1937 2108 2116 2162 archi-

545 2193 854 2262 episcopus,
893 2211 1038 2248 anno
1085 2197 1348 2262 adventus
1377 2199 1461 2251 sui
1505 2199 1557 2251 in
1612 2197 1943 2252 Britanniam
1990 2198 2111 2262 25°,

544 2285 718 2338 :rtatis
756 2301 882 2338 vero
910 2287 1034 2350 88°,
1063 2286 1328 2354 decessit;
1360 2289 1452 2358 qui
1486 2289 1680 2342 librum
1715 2289 2114 2358 penitentialem

545 2374 679 2428 satis
709 2375 892 2427 utilem
921 2379 1264 2446 conscripsit.

615 2465 738 2517 (illi.
784 2464 878 2519 llis
907 2467 1100 2522 diebus
1121 2469 1230 2522 duo
1261 2469 1416 2539 Angli
1447 2471 1753 2540 presbiteri,
1785 2472 1911 2524 dum
1941 2470 2115 2523 Saxo—

545 2555 706 2608 nibus
737 2558 1112 2624 przcdiearcnt,
1149 2561 1395 2613 martirio
1446 2563 1718 2628 coronati,
1750 2571 1802 2615 et
1841 2563 2116 2616 miraculis

545 2643 822 2708 declarati,
855 2660 883 2698 a
906 2644 1100 2714 Pipino
1129 2648 1370 2702 Coloniae
1401 2660 1528 2703 sunt
1563 2653 1832 2706 tumulati.

615 2732 738 2784 003.
781 2732 1253 2804 ConstantinOpoli
1275 2736 1613 2804 Iustinianus
1643 2741 2118 2818 imperator/here—

546 2823 684 2875 ticus
733 2839 761 2876 a
814 2822 990 2878 Leone
1027 2835 1078 2878 et
1136 2826 1366 2896 Tyberio
1416 2829 1644 2884 abscisis
1696 2833 1917 2885 naribus
1953 2848 2116 2902 regno

543 2914 804 2978 expulsus
825 2924 927 2978 est,
953 2925 1002 2967 et
1037 2917 1149 2984 ipse
1179 2917 1286 2971 Leo
1316 2935 1540 2988 regnum
1571 2921 1604 2972 5
1633 2938 1807 2974 annos
1859 2923 2112 2976 obtinuit.

547 2997 642 3052 Vir
686 3012 907 3060 sanctus
958 3003 1372 3072 “illibrordus,
1407 3026 1437 3063 a
1485 3008 1672 3080 Sergio
1731 3028 1866 3080 papa
1938 3015 2117 3067 archi-

543 3091 831 3161 episcopus
855 3095 1137 3150 ordinatus
1185 3108 1237 3151 et
1260 3100 1510 3154 Clemens
1540 3112 1780 3166 vocatus,
1813 3105 1956 3171 genti
1984 3104 2114 3157 Fre—

544 3197 742 3235 sonum
773 3187 1093 3252 prmdieans,
1127 3190 1418 3245 virtutibus
1443 3193 1656 3245 claruit.

615 3279 738 3331 000.
785 3278 1006 3353 Sergius
1054 3299 1210 3352 papa,
1267 3283 1495 3340 Domino
1541 3289 1832 3353 revelante,
1891 3306 2111 3359 capsam

544 3385 670 3422 cum
709 3372 955 3437 portione
983 3375 1269 3428 dominicae
1291 3378 1472 3431 crucis
1509 3379 1730 3431 invenit.

615 3460 738 3513 097.
781 3459 838 3514 ln
870 3460 1145 3517 Britannia
1194 3477 1417 3521 sanctus
1468 3467 1806 3532 Cudbertus,
1863 3484 1928 3522 ex
1985 3485 2118 3523 ana-

541 3550 764 3605 choreta
819 3553 1140 3621 cpisc0pus,
1207 3557 1455 3627 migravit
1511 3559 1577 3612 ad
1642 3559 1929 3613 Dominum
1995 3573 2116 3630 post

544 3641 744 3694 multas
793 3642 1049 3710 virtutes;
1088 3645 1244 3714 cujus
1278 3649 1444 3700 vitam
1505 3648 1646 3703 Beda
1701 3652 1966 3719 presbiter
2018 3653 2114 3705 de-

543 3731 779 3799 scripsit.
905 3742 909 3746 ’

613 3825 737 3875 008.
778 3822 1251 3894 Constantinopoli
1310 3827 1558 3883 Tiberius
1611 3829 1898 3898 imperium
1964 3831 2116 3886 inva-

542 3911 701 3977 dens,
745 3911 980 3968 Leonem
1032 3916 1411 3984 imperatorem
1449 3918 1478 3970 7
1537 3922 1693 3973 annis
1752 3923 1951 3991 quibus
2002 3923 2114 3992 ipse

542 4014 665 4072 post
697 4004 840 4058 hunc
879 4007 1139 4076 regnabat
1168 4007 1221 4060 in
1251 4024 1469 4063 carcere
1500 4011 1690 4064 tenuit.

613 4094 735 4148 699.
777 4093 890 4149 Hoc
913 4105 1152 4166 tempore
1180 4101 1404 4154 sinodus
1425 4102 1830 4171 Aquilegiensis
1868 4102 2028 4169 facta,
2059 4114 2111 4159 et

542 4185 762 4252 qnidam
802 4187 894 4255 qui
951 4189 1240 4242 concilium
1297 4191 1546 4259 quintum
1575 4193 1877 4246 universale
1925 4195 2113 4247 nolue-

543 4285 671 4329 runt
693 4278 952 4345 recipere.
981 4295 1012 4332 a
1045 4279 1235 4350 Sergio
1267 4297 1402 4350 papa
1431 4283 1661 4336 correcti
1692 4294 1839 4338 sunt.

615 4367 735 4420 70l.
778 4367 961 4422 llonne
989 4369 1244 4425 defuncto
1295 4374 1505 4444 Sergio,
1545 4373 1821 4430 Iohannes
1862 4375 1944 4442 γι,
1973 4393 2110 4448 papa

541 4457 691 4520 87M,
726 4460 862 4513 sedit
885 4462 1044 4516 annis
1072 4462 1125 4529 5,
1158 4465 1439 4518 mensibus
1468 4466 1520 4518 2.

2219 647 2540 702 Gallieinum
2577 651 2942 718 patriareham
2977 637 3290 707 excecatuim
3335 654 3566 708 Romam
3626 656 3805 721 misit,

2217 749 2268 790 et
2293 739 2342 790 in
2369 738 2485 791 loco
2509 739 2626 807 ejus
2653 740 2853 810 Cyrum
2876 741 3253 812 abbatem,qui
3287 759 3344 797 se
3372 745 3426 798 in
3450 743 3628 800 Ponto
3659 762 3784 800 exur

2218 826 2322 879 lem
2365 826 2591 893 aluerat,
2623 830 2909 898 promovit.
2953 831 3026 884 De
3080 832 3181 887 hoc
3241 833 3567 904 imperatore
3597 836 3804 904 fertur,

2217 919 2362 987 quod
2395 921 2650 988 quotiens
2681 939 2710 974 a
2746 923 3081 978 delruncatis
3125 926 3350 981 naribus
3378 927 3648 996 pronaum
3687 940 3808 984 ter—

2219 1009 2366 1073 serit,
2392 1012 2587 1065 totiens
2611 1013 2844 1081 aliquem
2866 1015 2933 1068 de
2948 1015 3184 1072 inimicis
3195 1018 3309 1070 suis
3330 1019 3522 1088 perimi
3540 1019 3801 1088 jusserit.

2218 1098 2401 1154 Batnae
2422 1100 2696 1158 Iohannes
2733 1103 2836 1170 \‘ll,
2862 1121 2998 1176 papa
3029 1105 3181 1173 88M,
3205 1110 3342 1164 sedit
3371 1112 3529 1167 annis
3552 1112 3803 1178 duobus,

2218 1191 2496 1246 mensibus
2549 1192 2661 1247 fere
2712 1193 2766 1259 8,
2798 1189 2886 1249 vir.
2927 1196 3190 1252 facundus
3231 1209 3284 1253 et
3331 1202 3598 1258 eruditus.
3649 1201 3804 1259 San-

2217 1291 2338 1335 etus
2363 1283 2428 1314 ⁸⁸⁸
2460 1283 2626 1337 lleddi
2649 1286 2934 1356 episcopus
2963 1290 3212 1358 migravit
3234 1291 3306 1344 ad
3333 1289 3647 1348 Dominum.

2290 1371 2408 1424 706.
2449 1371 2885 1445 Iohannesjpapa
2932 1381 3231 1433 matorium
3266 1391 3468 1436 sanctae
3509 1383 3696 1439 Maria:
3726 1386 3801 1440 ad

2221 1461 2478 1516 Sanctum
2509 1463 2722 1518 Petrum
2750 1470 3075 1534 construxit,
3107 1480 3160 1524 et
3188 1459 3387 1526 multas
3413 1473 3663 1529 ecclesias
3698 1491 3800 1530 or-

2218 1556 2381 1607 navit.

2291 1645 2410 1699 707.
2453 1645 2566 1701 lloc
2600 1656 2837 1716 tempore
2891 1649 3209 1705 llaribertus
3260 1670 3354 1707 rex
3406 1653 3803 1727 Longolrardo-

2219 1750 2337 1788 rum
2396 1739 2794 1804 possessionem
2852 1742 3053 1809 alpium
3113 1743 3440 1814 Cottiarum,
3501 1748 3712 1802 dudum
3764 1766 3798 1804 a

2219 1823 2574 1894 Longobartis
2612 1838 2820 1896 captam
2867 1837 2921 1882 et
2962 1830 3253 1896 detentum,
3304 1848 3398 1902 per
3447 1836 3796 1907 privilegium

2148 1896 2190 1950 Β
2216 1917 2398 1970 auleis
2422 1917 2591 1971 literis
2625 1919 2884 1987 scriptum
2914 1929 3103 1974 sancto
3134 1920 3294 1976 Petro
3315 1921 3663 2004 Iohannique
3697 1943 3800 1999 pa-

2213 2023 2296 2078 pae
2331 2009 2580 2064 reddidit.
3328 2057 3334 2064 .

2287 2100 2406 2153 708.
2445 2099 2630 2160 Romae
2677 2103 2949 2158 Sisinnius
2992 2121 3128 2174 papa
3171 2106 3297 2161 89ul
3344 2110 3675 2179 ordinatus,
3707 2113 3798 2168 in-

2216 2199 2563 2259 gravescente
2605 2191 2860 2261 podagra,
2897 2193 2969 2246 20
3011 2203 3222 2249 tantum
3246 2197 3439 2253 diebus
3467 2203 3796 2271 supervixit.

2215 2278 2345 2334 Post
2363 2296 2522 2349 quem
2543 2279 2933 2337 Constantinus
2954 2298 3090 2353 papa
3116 2286 3498 2356 90Mell‘eetus,
3531 2292 3798 2363 seditan-

2216 2370 2303 2424 nis
2332 2369 2382 2434 7,
2407 2369 2596 2423 diebus
2633 2369 2713 2424 15.

2290 2459 2409 2513 700.
2447 2459 2759 2515 Coenrcdus
2801 2475 2892 2514 rex
2924 2460 3272 2529 Merciorum,
3304 2465 3379 2520 et'
3402 2481 3526 2522 cum
3559 2483 3628 2524 eo
3673 2469 3794 2526 Oll'a

2219 2550 2400 2620 regius
2429 2550 2666 2618 juvenis,
2710 2551 2855 2604 illius
2887 2551 3118 2621 Sigiheri
3159 2555 3321 2624 regis,
3367 2557 3571 2614 relict's
3607 2563 3795 2632 regnis

2219 2639 2446 2694 Romam
2471 2641 2712 2704 veniunt,
2756 2641 2937 2710 ibique
2967 2645 3218 2697 menachi
3255 2647 3452 2715 eﬂ‘ecti,
3479 2665 3590 2704 non
3619 2654 3795 2708 multo

2218 2742 2341 2801 post
2371 2733 2640 2785 obierunt.
2668 2731 2951 2787 “'ill‘ridus
2975 2733 3271 2804 Anglorum
3302 2740 3592 2810 episcopus
3630 2745 3791 2812 obiit,

2217 2823 2304 2876 cui
2337 2821 2474 2876 Acca
2499 2823 2782 2877 successit.

2291 2913 2408 2968 7l0.
2451 2915 2722 2969 Adrianus
2753 2915 2922 2970 abbas
2955 2919 3302 2987 venerabilis,
3325 2936 3470 2976 anno
3498 2938 3566 2978 ex
3601 2941 3716 2995 quo
3758 2945 3791 2982 a

2221 3005 2488 3060 Vitaliano
2515 3023 2648 3075 papa
2689 3007 2742 3060 in
2768 3007 3100 3062 Britanniam
3125 3026 3249 3063 cum
3281 3011 3568 3069 Theodoro
3607 3019 3792 3072 archi-

2219 3100 2475 3166 episcopo
2506 3099 2707 3152 missus
2727 3108 2810 3152 est
2832 3098 2921 3151 51°
2945 3101 3097 3153 obiit.
3131 3099 3472 3159 Hildebertus
3503 3121 3600 3160 rex
3626 3106 3793 3164 Fran-

2219 3204 2405 3242 corum
2436 3189 2589 3252 obiit,
2622 3203 2720 3257 pro
2745 3203 2854 3257 quo
2882 3187 3218 3259 Dagobcrtus
3247 3191 3406 3246 anuis
3435 3194 3487 3247 5.

2291 3280 2348 3332 7|
2365 3282 2382 3332 l
2397 3321 2409 3332 .
2446 3281 2912 3356 Constantimpoli
2925 3280 3254 3350 Philippicas
3274 3283 3570 3353 imperator
3587 3285 3790 3357 factus,

2220 3372 2582 3427 Iustinianum
2641 3375 3021 3443 imperatorem
3065 3377 3284 3442 occidit,
3326 3387 3380 3432 et
3425 3378 3540 3450 ipse
3583 3394 3793 3434 annum

2219 3479 2384 3516 unum
2425 3473 2478 3517 et
2527 3478 2619 3515 sex
2665 3479 2880 3518 menses
2931 3465 3203 3534 regnavit,
3256 3467 3556 3521 catholicos
3598 3482 3792 3536 perse-

2214 3571 2416 3624 quens,
2474 3555 2727 3628 hcreticis
2785 3553 2991 3609 favens.
3040 3555 3146 3624 (Cl'.
3197 3553 3377 3627 Gesta,
3405 3566 3578 3626 penu.
3609 3558 3792 3628 Rom.)

2220 3645 2365 3697 Unde
2391 3647 2454 3676 ¹⁹⁷
2481 3655 2528 3697 ct
2575 3662 2606 3698 ιι
2639 3645 2998 3718 genuumin
3025 3663 3161 3718 papa
3185 3647 3253 3678 ⁸⁵⁸
3277 3648 3787 3702 anathematizamr.

2220 3615 2365 3697 i'nde
2391 3647 2454 3676 ¹⁹⁷
2481 3655 2528 3697 ct
2575 3615 2998 3804 afonstuntiuo
3025 3663 3161 3718 papa
3185 3647 3253 3678 ⁸⁵⁸
3277 3625 3787 3702 armtltenmtizatur.

2218 3732 2544 3803 Quapropter
2567 3752 2631 3788 νε.
2657 3736 2710 3787 ui
2736 3735 3061 3804 principibus
3086 3753 3201 3790 eum
3219 3753 3315 3806 pro
3337 3740 3792 3792 excommunicato

2213 3827 2585 3892 deritantibus,
2617 3828 2814 3896 regium
2837 3826 3084 3878 diadema
3113 3827 3366 3895 deponere
3392 3828 3748 3898 compellitur.

2285 3917 2405 3968 71:2.
2447 3915 2763 3970 Hei-ibertas
2789 3929 2882 3968 rex
2904 3913 3387 3986 Langobardorum
3407 3918 3663 3988 moritur,
3687 3935 3790 3992 pro

2219 4023 2322 4078 quo
2345 4006 2744 4076 Liudprandusv

2285 4099 2403 4153 7l3.
2440 4098 2907 4169 Constantinopoli
2927 4098 3248 4156 Anastasius
3267 4099 3626 4174 Pbilippicum
3649 4118 3786 4166 oen-

2212 4193 2279 4246 lis
2305 4201 2358 4245 et
2391 4209 2557 4262 regno
2591 4192 2844 4261 privavit,
2876 4199 2930 4244 et
2958 4189 3074 4260 ipse
3105 4191 3266 4245 annis
3286 4191 3321 4245 '5
3343 4193 3607 4262 regnavit.

2284 4283 2404 4336 7H;
2446 4282 2769 4336 Anastasius
2824 4284 3122 4351 imperator
3185 4283 3372 4338 missis
3424 4281 3784 4342 Constantino

2209 4393 2360 4449 papa:
2393 4376 2606 4442 litteris,
2638 4391 2696 4430 se
2729 4375 3061 4431 catholicum
3092 4375 3410 4433 declaravit.
3446 4375 3676 4448 Pipinus
3715 4379 3784 4432 li-

2210 4471 2317 4526 lius
2343 4467 2600 4539 Ansigisi,
2631 4481 2800 4537 nepos
2824 4465 3003 4523 sancti
3043 4464 3272 4534 Arnold,
3298 4466 3474 4537 major
3503 4468 3702 4525 domus
3730 4478 3786 4526 et

614 4548 733 4601 705.
778 4547 916 4604 Beda
953 4555 1218 4620 presbiter
1262 4556 1468 4626 Anglus
1488 4599 1504 4622 ,
1535 4557 1618 4610 vir
1664 4559 1856 4614 doctus
1877 4603 1890 4624 ,
1932 4577 2106 4630 usque
2140 4573 2183 4627 1)
2210 4563 2318 4616 dux
2345 4559 2699 4623 Francorum,
2725 4572 2870 4634 anno
2896 4557 3050 4628 regni
3074 4556 3166 4611 27°
3190 4556 3355 4625 obiit;
3386 4571 3487 4628 pro
3508 4572 3621 4631 quo
3640 4558 3783 4616 ﬁlius

539 4637 646 4693 huc
671 4640 930 4696 chronica
962 4643 1189 4697 minoris
1219 4647 1340 4700 libri
1364 4649 1432 4702 de
1461 4650 1795 4718 temporibus
1834 4653 2101 4720 perduxit.

541 4727 653 4784 lloc
685 4741 925 4801 tempore
950 4750 1073 4789 cum
1103 4735 1348 4791 Cisulfus
1394 4738 1502 4792 dux
1551 4739 1839 4796 Beneventi
1883 4743 2109 4814 Campa-

538 4821 684 4875 niam
722 4833 955 4878 rastaret
981 4830 1289 4897 etcaptivos
1309 4830 1620 4897 abduceret,
1650 4846 1680 4884 a
1707 4829 1954 4886 Iohanne
1969 4848 2104 4902 papa

540 4927 728 4982 pacem
779 4916 1087 4983 postulante
1136 4919 1280 4973 dona
1322 4921 1623 4991 accipiens,
1678 4924 1929 4994 captivos
1985 4925 2110 5002 red:

536 5003 691 5059 didit.

2176 4681 2178 4686 -
2210 4653 2330 4722 ejus
2357 4647 2587 4704 liarolus
2612 4648 2855 4719 regnavit
2876 4651 3038 4704 annis
3071 4647 3162 4702 27.

2286 4742 2405 4796 715.
2449 4739 2634 4794 Romte
2661 4740 2725 4771 ¹⁹⁹
2755 4739 3012 4794 defuncto
3049 4733 3418 4793 Constantino
3453 4754 3615 4811 papa,
3645 4739 3781 4797 Gre—

2163 4902 2174 4912 ‘
2212 4835 2396 4905 gorius
2422 4831 2485 4897 ll,
2513 4848 2646 4903 papa
2695 4831 2819 4888 91tu
2845 4831 2936 4895 ’°‘,
2959 4830 3101 4884 sedit
3131 4845 3303 4886 annos
3338 4832 3438 4907 ‘15,
3476 4847 3693 4889 menses
3725 4835 3778 4902 9,

2214 4925 2301 4994 qui
2338 4925 2406 4954 "°
2451 4922 2513 4976 l7
2564 4921 2799 4991 capitula
2845 4921 3159 4990 conscripsit
3198 4905 3400 4990 (1277).
3450 4919 3780 5001 Dagobertus

2207 5013 2413 5081 junior,
2450 5011 2593 5064 tilias
2633 5009 2950 5074 Hildeberti,
2986 5024 3081 5064 rex
3123 5008 3460 5066 Francorum
3502 5011 3658 5078 obiit,
3685 5027 3781 5082 pro

609 5095 728 5149 701.
771 5095 829 5151 ιη
881 5097 1157 5152 Britannia
1212 5100 1428 5155 Edilred
1472 5117 1564 5158 rex
1621 5103 1952 5178 Mert‘iorum,
1978 5107 2109 5162 reli-
2204 5118 2314 5175 quo
2341 5101 2671 5173 Helpericus,
2703 5102 2875 5171 quiet
2898 5099 3103 5156 Daniel.

534 5195 624 5241 cto
650 5187 715 5220 ‘"
746 5205 910 5257 regno
943 5191 1028 5256 ³³⁸,
1063 5193 1390 5245 monacham
1416 5209 1474 5247 se
1503 5194 1648 5250 fecit.

609 5277 728 5331 705.
770 5277 1598 5351 ConstantinopoliIustinianus
1625 5289 1922 5358 imperator
1948 5289 2107 5343 auxi-

535 5367 610 5422 lio
635 5366 865 5422 'l‘crbelli
909 5371 1051 5439 regis
1078 5370 1457 5443 Vulgarioruln
1489 5375 1778 5446 imperium
1817 5379 2104 5447 recipiens,

2278 5194 2398 5248 716.
2441 5192 2707 5263 Egbertus
2738 5193 2820 5247 vir
2849 5201 3093 5258 sanctus,
3121 5190 3345 5261 natione
3372 5188 3604 5262 Anglus,
3638 5191 3782 5250 Scot-

2207 5296 2291 5342 tos
2329 5285 2564 5356 legitime
2604 5285 2806 5354 pascha
2842 5284 3117 5340 celebrare
3152 5283 3358 5338 docuit.
3390 5280 3432 5336 ('
3453 5285 3781 5342 ‘nstantiuo-

2205 5378 2314 5448 poli
2345 5375 2683 5430 Theodosius
2718 5377 3014 5446 imperator
3041 5372 3218 5429 factus
3271 5389 3420 5430 anno
3452 5393 3478 5428 ι
3516 5377 3778 5446 regnavit.

1843 5469 1930 5524 VA
1941 5469 2075 5523 llle
2108 5463 2482 5525 LECTIONES
2559 5469 2561 5471 ’

608 5529 672 5557 ³⁵⁸⁸
699 5545 858 5598 supra
887 5530 983 5584 lin.
1015 5532 1080 5563 η’
1110 5533 1164 5584 in
1193 5531 1308 5587 loco
1339 5553 1477 5590 raso.
1513 5536 1580 5568 ¹⁹⁶
1609 5539 1718 5590 Iure
1743 5539 1925 5592 eadem
1957 5555 2116 5591 manu
2155 5539 2360 5592 udrlita.

2440 5538 2504 5570 "7
2541 5536 2650 5589 lucc
2682 5537 2789 5615 alio
2823 5543 3162 5615 ntrantcnto._
3226 5536 3447 5615 "igitur
3472 5547 3781 5615 sequuntur,

533 5597 730 5679 inpio-ro
755 5597 891 5654 mo.
959 5602 1022 5679 ’τέ’
1049 5601 1520 5662 Bonae—menses
1546 5607 1612 5659 ΙΧ
1639 5610 1807 5677 prius,
1834 5620 1891 5663 ut
1912 5612 1968 5663 in
1993 5607 2490 5676 llerimanno,mmo
2521 5607 2621 5660 7H
2649 5608 2930 5676 adsignata
2955 5618 3104 5660 erant
3141 5607 3191 5678 l.
3266 5605 3336 5640 ”'
3625 5617 3674 5660 et
3696 5611 3783 5679 qui

535 5666 672 5718 .\\'ll
723 5686 832 5737 :ap.
858 5670 1050 5725 e.'ulio
1089 5683 1406 5727 atramento.

599 5808 778 5876 (l277-
818 5811 876 5865 λ.
913 5811 1009 5866 τῖε
1051 5815 1190 5882 apud
1225 5813 1635 5871 llcrimannnm.

2057 5746 2286 5804 ΝΟΤᾸΞ.
