3970 6334
169 415 302 473 {SH

1039 402 1323 459 APPEND.
1361 403 1447 456 lll.
1488 431 1556 440 —-—
1595 388 2024 450 MONL‘MENTA
2061 381 2517 441 Gltl-LGOIIIANL

3263 366 3398 421 1519.

167 528 273 595 Qui
298 521 643 580 Anastasium
668 521 1042 590 imperatorem
1071 531 1248 587 pugna
1277 515 1500 578 victum,
1524 510 1730 581 presbi-
1760 512 1805 568 Α
1832 504 2110 569 Favarias,
2139 515 2202 553 ex
2238 494 2580 564 Augensihus
2603 489 2863 544 fratribus
2890 487 3154 539 instructa
3182 488 3329 535 sunt.

168 630 344 674 terum
375 613 613 668 ordinari
646 610 790 666 fecit.

239 707 362 760 717.
403 704 589 758 Roma
649 700 876 773 Tyberis
936 712 1100 767 supra
1146 697 1365 751 modum
1431 693 1729 756 inundans,

170 796 342 849 multa
387 792 609 848 aedificia
670 788 951 844 subvertit.
987 786 1098 840 Hoc
1139 795 1380 854 tempore
1410 781 1730 848 Winfridus,

168 883 264 953 qui
291 875 347 937 et
376 879 712 945 Bonifacius,
744 892 936 948 genere
967 876 1199 945 Anglus,
1229 873 1531 928 Germania:
1559 870 1733 940 genti-

169 973 275 1027 bus
320 971 545 1026 verbum
591 968 784 1023 salutis
830 965 1087 1037 praedicat
1134 962 1455 1018 auctoritate
1489 960 1695 1030 Gregor

167 1077 344 1132 Papa-

241 1150 368 1206 7l8.
403 1147 870 1218 Constantinopoli
901 1146 1010 1202 Leo
1050 1145 1345 1215 imperator
1387 1142 1544 1196 annis
1574 1141 1608 1196 9
1651 1157 1735 1195 re-
1769 1217 1774 1220 _

170 1242 376 1314 gnavit.
407 1240 578 1312 Cujus
608 1248 850 1309 tempore
890 1236 1174 1292 Sarraceni
1210 1233 1734 1300 Constantinopolim

171 1313 488 1388 obsidentes
529 1331 780 1395 triennio,
827 1329 1045 1383 tandem
1083 1326 1267 1382 divino
1314 1324 1538 1390 auxilio,
1571 1313 1735 1387 fame,

170 1431 346 1493 peste,
376 1420 523 1476 ferro
552 1419 900 1490 repelluntur.

245 1513 370 1567 719.
409 1511 643 1566 Sanctus
666 1507 976 1563 Bonifacius
1004 1523 1035 1562 a
1062 1506 1323 1578 Gregorio
1352 1519 1487 1573 papa
1513 1502 1735 1572 Mogon-

171 1603 303 1659 tiaci
327 1601 766 1671 archiepiscopus
798 1599 1098 1663 ordinatus,
1127 1596 1315 1671 multis
1338 1595 1586 1666 gentibus
1607 1608 1734 1663 pro-

172 1692 280 1747 fuit
309 1690 490 1746 verbis
515 1670 570 1745 et
591 1688 869 1757 exemplis.
1163 1670 1167 1675 ’

245 1780 372 1835 720.
409 1779 622 1834 Mortuo
652 1778 952 1848 ilelperico,
1005 1775 1334 1830 Teodericus
1370 1773 1513 1828 filius
1558 1771 1734 1842 Tago-

1902 595 2025 648 752.
2068 590 2298 644 Karolus
2333 585 2585 640 Gothiam
2615 579 2835 634 invadit.

1905 685 2027 739 753.
2067 680 2296 735 Karolus
2331 675 2630 730 exercitum
2670 670 3095 725 Sarracenorum
3117 662 3183 716 de
3210 659 3399 727 llispa-

1832 777 1939 831 niis
1963 773 2266 828 venientem
2298 767 2513 821 delevit.

1905 865 2027 918 75-1.
2066 861 2250 932 Augizc
2280 858 2378 911 Eto
2404 856 2589 917 abbas,
2615 851 2817 906 Kebam
2843 857 3210 903 suscessorem
3239 838 3400 894 relin—

1832 971 2028 1026 quens,
2061 955 2174 1022 ipse
2198 947 2548 1018 Argeutoraci
2567 946 2635 976 ὀδ
2657 943 2945 1012 cpiscopus
2966 942 3266 1006 promotus,
3292 945 3398 982 non

1833 1025 1991 1116 longe
2038 1052 2163 1114 post
2201 1041 2284 1095 sui
2320 1037 2558 1093 nominis
2608 1032 2888 1087 Etenhcitn
2937 1025 3222 1082 cenobium
3272 1036 3400 1074 con-

1836 1137 2050 1193 struxit.

1908 1226 2030 1278 755.
2069 1222 2299 1277 liarolus
2345 1220 2470 1272 item
2512 1215 2703 1271 deletis
2738 1205 3052 1266 Sarracenis
3099 1201 3272 1254 victor
3317 1210 3402 1248 rc-

1836 1318 1952 1372 diit.

1910 1407 2030 1458 7.76.
2074 1401 2306 1456 Karolus
2332 1400 2539 1454 Gothos
2566 1396 2737 1466 petiit,
2784 1389 2980 1445 ctindc
3011 1386 3186 1438 victor
3225 1377 3401 1438 rediit,

1838 1497 2118 1551 Audoinus
2141 1493 2426 1562 cpiscopus
2448 1489 2603 1542 obiit.
2628 1486 2811 1552 Augia'.
2833 1479 3085 1534 defuncto
3109 1482 3228 1541 post
3248 1470 3282 1522 ξ).
3302 1485 3401 1521 an-

1840 1603 1941 1640 nos
1994 1584 2159 1647 cha,
2207 1579 2503 1634 lirnfredus
2541 1576 2728 1643 Augim
2769 1571 2936 1625 abl'as
2975 1576 3028 1619 et
3075 1559 3407 1618 Constantia:

1837 1678 2125 1748 cpiscopus
2159 1673 2402 1737 effectus,
2433 1670 2494 1722 10
2524 1667 2682 1720 annis
2715 1661 2944 1733 pra-fuit.

1912 1768 2033 1822 757.
2076 1765 2305 1818 liarolus
2335 1763 2577 1816 Saxones
2609 1758 2778 1810 victos
2811 1752 2934 1806 fecit
2965 1746 3301 1802 tributarios.

171 1871 315 1928 herti
341 1887 437 1927 rex
470 1886 502 1925 a
532 1869 730 1924 Karolo
753 1832 1156 1923 constituitur“
1181 1866 1413 1921 Sanctus
1445 1832 1738 1919 Otlmiarus
1772 1863 1814 1917 Β
1911 1860 2031 1914 759.
2073 1856 2300 1910 Karolus
2337 1862 2505 1907 totam
2551 1848 2890 1904 Provinciam
2926 1857 3038 1897 sua:
3078 1834 3298 1907 subiicit
3320 1832 3406 1887 di-

173 1963 327 2040 cellaz
361 1961 532 2017 sancti
558 1959 694 2015 Galli
720 1959 930 2029 primus
953 1958 1121 2013 abbas
1156 1957 1503 2020 constitutus,
1543 1955 1612 2010 40
1637 1970 1739 2009 an-

174 2053 262 2109 nis
291 2052 452 2107 rexit.

246 2142 372 2196 72L
413 2140 644 2196 Karolus
657 2139 1038 2211 Reginfredum
1063 2137 1212 2202 vicit,
1232 2135 1534 2206 Andegavis
1550 2134 1740 2188 urbem

172 2233 227 2288 vi
249 2232 413 2303 cepit.
439 2230 670 2287 Sanctus
691 2229 962 2285 Johannes
987 2227 1433 2298 Hagustaldensis
1456 2226 1743 2294 episcopus

177 2322 336 2376 obiit.

250 2410 376 2464 722.
419 2408 650 2463 Karolus
689 2405 1061 2460 Alemanniam
1090 2414 1145 2458 et
1178 2402 1478 2472 Bajoariam
1510 2402 1738 2471 subegit.

249 2479 603 2569 723.7821”;
647 2496 867 2565 Chron.)
913 2495 1024 2550 lloc
1060 2503 1302 2564 tempore
1333 2509 1531 2563 corpus
1571 2491 1744 2547 sancti

179 2589 473 2660 Augustini
524 2589 591 2643 de
638 2587 887 2642 Sardinia
936 2586 989 2640 in
1032 2585 1282 2640 Ticinum
1338 2600 1369 2639 a
1419 2585 1746 2639 Ludbrando

181 2680 506 2736 translatum
527 2686 627 2734 est.
953 2717 963 2729 .

254 2771 383 2824 724.
423 2767 653 2823 Karolus
685 2767 914 2822 transito
944 2765 1134 2836 Ligcrc
1173 2763 1517 2834 Aquitaniam
1550 2771 1744 2816 vastat.

185 2860 426 2917 Sanctus
445 2859 742 2914 Pirminius
769 2859 935 2913 abbas
963 2868 1018 2912 et
1038 2857 1460 2925 chorepiscOpus
1487 2870 1516 2907 a
1549 2853 1747 2907 Karolo

182 2953 377 3023 Augize
417 2951 607 3006 insula:
645 2948 950 3021 pratfectus,
981 2959 1256 3019 serpentes
1289 2949 1411 3001 inde
1440 2947 1660 3016 fugavit,
1698 2955 1754 3000 et

183 3043 520 3099 cenobialem
555 3043 720 3118 vitam
763 3042 835 3096 ibi
871 3041 1123 3104 instituit,
1153 3041 1314 3096 annis
1351 3040 1402 3093 5.
1445 3040 1513 3069 ὀί
1554 3038 1750 3092 Choros

184 3150 356 3203 grece,
383 3135 523 3204 regio
554 3134 718 3187 latine
744 3133 959 3196 dicitur,
990 3132 1127 3185 unde
1149 3131 1564 3200 chorepiscopm,
1587 3130 1642 3181 id
1675 3137 1752 3183 est

187 3223 475 3294 regiona“:
499 3224 789 3292 episcopus,
815 3224 904 3291 qui
937 3238 1028 3290 per
1060 3223 1290 3291 regiones
1312 3221 1584 3274 discurrit.

261 3313 386 3367 725.
424 3311 711 3367 Sarraceni
735 3311 934 3366 Gallias
958 3319 1174 3380 vastant
1193 3313 1370 3380 praeda
1401 3321 1455 3365 et
1480 3310 1746 3367 incendio.

263 3401 388 3456 726.
430 3400 534 3474 (Cf.
565 3400 824 3455 EINIIABDI
871 3400 1045 3454 Vitam
1068 3400 1298 3480 [Κατ-σιξ,
1333 3415 1382 3454 c.
1416 3401 1492 3470 1.)
1521 3400 1751 3454 Karolus

164 3493 529 3550 Sarracenos
553 3507 659 3546 una
692 3508 817 3547 cum
861 3507 986 3561 rege
1025 3506 1214 3545 eorum
1265 3491 1574 3560 prostravit.
1637 3489 1753 3545 Huc

192 3596 369 3653 usque
429 3579 572 3635 Beda
637 3580 959 3635 venerabilis
1017 3565 1280 3648 presbiter
1339 3580 1595 3633 chronica
1654 3595 1754 3632 sua

192 3672 447 3744 perduxit
491 3673 544 3726 in
598 3672 791 3742 majori
835 3673 973 3725 libro
1005 3672 1070 3726 de
1113 3672 1464 3740 temporibus.
1519 3670 1635 3724 llue
1685 3671 1755 3701 ²⁰¹

192 3778 372 3834 usque
426 3779 652 3832 regnum
683 3749 1112 3844 Romanorum;
1167 3764 1366 3817 exhinc
1422 3762 1757 3816 Francorum

193 3860 538 3922 supputatur.
572 3852 811 3908 ‘Karolus
837 3845 1014 3921 Pipini
1053 3853 1216 3917 filius,
1247 3869 1370 3907 cum
1409 3853 1522 3921 jam
1553 3853 1758 3921 princi-

192 3951 384 4012 patum
426 3941 602 4010 majOr
641 3941 838 3995 domus
885 3941 953 3993 12
995 3942 1155 3995 annis
1187 3942 1470 4005 tenuisset,
1501 3943 1760 4010 posthzec

193 4032 427 4088 eundem
454 4031 814 4101 principatum
855 4030 922 4084 l5
955 4030 1114 4084 annis
1140 4030 1394 4095 obtinuit,
1433 4030 1652 4100 regibus
1678 4039 1761 4084 ta-

196 4139 322 4179 men
352 4122 406 4177 in
431 4121 680 4188 Francia,
712 4123 798 4203 Set
817 4138 981 4192 parva
1015 4120 1273 4192 dignitate
1308 4123 1677 4192 regnantibus.

270 4213 396 4267 727.
433 4212 665 4268 Karolus
699 4212 1062 4284 Burgundiam
1091 4222 1302 4283 petens,
1332 4227 1452 4268 eam
1496 4214 1600 4268 sibi
1627 4214 1761 4268 suh-

195 4304 326 4377 egit.
346 4301 576 4358 Sanctus
595 4301 890 4360 Pirminius
908 4320 974 4358 ex
989 4304 1157 4375 Augia
1179 4306 1389 4373 pulsus,
1417 4305 1640 4359 Etonem
1665 4320 1764 4374 pro

199 4411 262 4452 se
281 4395 564 4452 constituit
590 4395 859 4460 abbatem,
881 4403 936 4449 et
958 4395 1071 4464 ipse
1103 4395 1386 4464 Alsatiam,
1423 4397 1528 4451 alia
1557 4396 1765 4451 instru-

197 4495 394 4557 cturus
421 4486 666 4543 cmnobia
687 4486 857 4556 petiit.

195 4579 200 4584 ’
273 4578 401 4633 728.
440 4577 672 4634 Karolus
704 4577 1049 4648 Aquitaniam
1082 4577 1200 4632 sine
1233 4578 1372 4632 bello
1405 4577 1616 4647 recipit.

272 4663 399 4723 729.
439 4667 670 4723 Sanctus
718 4669 981 4741 Egbertus
1034 4670 1299 4740 presbiter
1352 4669 1556 4738 Anglus
1607 4667 1760 4733 obiit,

200 4770 352 4813 anno
377 4755 551 4810 aetatis
576 4756 663 4823 90,
690 4758 777 4813 die
800 4761 1031 4828 paschae,
1057 4759 1107 4813 id
1131 4766 1215 4813 est
1244 4758 1277 4811 8
1298 4757 1519 4811 Kalend.
1548 4757 1688 4811 Maii.

276 4847 400 4902 7'50.
443 4845 729 4902 Sarraceni
767 4848 1121 4905 Avinnionem
1168 4849 1355 4904 urbem
1408 4849 1628 4920 capiunt
1651 4892 1666 4917 ,
1709 4858 1766 4906 et

203 4942 632 5009 circumquaque
658 4939 906 5009 regiones
934 4941 1232 4997 devastant.

278 5031 404 5085 751.
441 5029 671 5086 Karolus
718 5029 1104 5097 Avinnionem,
1149 5031 1289 5088 cesis
1335 5032 1670 5097 Sarracenis,
1711 5033 1766 5085 vi

205 5131 572 5192 expugnatam
621 5122 827 5191 recipit.
877 5118 1328 5188 Beda'presbiter
1365 5131 1419 5176 et
1466 5124 1766 5176 monachus

207 5210 432 5265 natione
452 5214 676 5281 Anglus,
724 5215 911 5268 doctor
938 5211 1369 5278 eximius,,obiit
1417 5211 1584 5264 7Kal.
1638 5210 1762 5263 Jun.

208 5300 402 5355 Romae
432 5296 722 5371 Gregorius
755 5304 843 5370 111,
882 5318 1016 5374 papa
1042 5302 1167 5356 92‘"
1214 5287 1283 5332 ²⁰³
1314 5302 1452 5356 sedit
1479 5317 1653 5356 annos
1684 5301 1768 5366 10,

209 5405 433 5448 menses
451 5390 503 5443 9.
549 5389 674 5447 Tria
700 5397 943 5462 oenobia,
987 5396 1039 5449 id
1075 5403 1158 5449 est
1199 5393 1409 5458 Altalm,
1454 5393 1770 5463 Mourhach,

1842 1951 1996 2007 tioni.

1915 2041 2035 2096 7-10.
2077 2039 2245 2094 Victis
2284 2038 2710 2102 circumquaque
2737 2026 3009 2090 hostibus,
3036 2036 3140 2092 pax
3174 2026 3228 2072 et
3257 2013 3410 2086 quies

1843 2151 2009 2204 regno
2032 2132 2365 2186 Francorum
2393 2127 2533 2181 facta
2558 2134 2641 2178 est
2663 2139 2758 2191 per
2786 2116 3064 2171 Karolum.

1914 2195 2035 2276 7M.
2066 2221 2265 2273 Itonia:
2296 2217 2607 2278 Zacharias,
2635 2228 2769 2282 papa
2801 2211 2949 2273 930’,
2977 2205 3113 2260 sedit
3135 2214 3306 2256 annos
3329 2195 3410 2260 10,

1845 2329 2059 2368 menses
2088 2313 2140 2365 4.
2190 2309 2418 2362 liarolus
2448 2305 2680 2358 moritur
2707 2299 2992 2363 Carisiaci,
3025 2306 3078 2350 et
3100 2293 3239 2363 apud
3272 2289 3411 2344 San-

1845 2416 1991 2459 ctum
2026 2402 2323 2456 Dionisium
2359 2397 2641 2466 sepelitur;
2683 2409 2780 2464 pro
2805 2407 2916 2461 quo
2940 2389 3032 2443 lilii
3074 2387 3214 2455 ejus,
3242 2381 3416 2436 diviso

1850 2498 1990 2551 inter
2015 2512 2073 2550 se
2105 2510 2272 2563 regno
2303 2491 2658 2549 l-‘ram-orum,
2690 2484 2924 2551 majores
2949 2481 3147 2533 domus
3189 2470 3418 2542 prmfue-

1849 2597 1994 2650 runt,
2040 2586 2437 2638 Karlomannus
2465 2579 2623 2633 anuis
2658 2577 2711 2641 0,
2735 2576 2958 2645 Pipinus
2991 2570 3148 2625 annis
3175 2569 3257 2620 10.

1920 2677 2042 2730 742.
2082 2673 2482 2727 Karlomannus
2529 2677 2584 2722 ct
2630 2665 2856 2735 Pipinus
2901 2663 3069 2716 duces
3113 2652 3417 2725 Aquitaniae

1847 2776 1902 2820 et
1927 2765 2137 2818 Sucvizc
2165 2761 2484 2816 rebellantes
2513 2757 2622 2810 cito
2653 2752 3015 2820 comprimunt
3047 2747 3137 2798 '°'.

1923 2857 2044 2910 7M.
2085 2856 2350 2908 l-‘uldense
2374 2850 2660 2906 cenobium
2692 2847 2746 2898 in
2770 2844 2908 2898 saltu
2933 2835 3208 2893 Boehonia
3229 2849 3259 2888 a
3288 2845 3416 2889 san-

1851 2959 1939 3005 cto
1962 2947 2238 3003 Bonifacio
2262 2943 2670 3011 archiepiscopo
2694 2937 2974 2991 [nuntiatum
2997 2938 3099 2984 est.

1924 3043 2047 3096 745.
2087 3017 2486 3092 Karlomannus
2506 3048 2632 3088 cum
2659 3026 2824 3084 fratre
2839 3022 3134 3079 Saxoniam
3161 3013 3424 3071 rebellatio

1853 3145 1958 3191 tem
1991 3131 2240 3185 vastavit.

1924 3224 2044 3277 740.
2090 3221 2324 3275 Sam-tus
2356 3213 2670 3269 Bonifacius
2712 3215 2986 3264 annuente
3031 3201 3422 3256 Karlomanno,

1800 3317 1815 3334 '
1853 3315 2173 3371 auctoritate
2221 3309 2498 3364 lacharia:
2543 3320 2694 3374 papa:
2713 3303 2854 3356 duos
2897 3289 2972 3351 in
3005 3310 3103 3351 sua
3137 3286 3424 3362 parrochia

1851 3405 2197 3475 episcopatus
2229 3401 2378 3464 facit,
2411 3396 2906 3462 Wirziburgensem
2927 3387 3151 3448 scilicet,
3175 3380 3266 3436 cui
3294 3393 3426 3434 san-

1853 3473 2000 3550 ctum
2030 3473 2435 3552 Burehardum,
2469 3495 2522 3539 et
2550 3484 2998 3542 Eichstetensem,
3039 3473 3128 3528 cui
3174 3477 3424 3526 sanctum

1857 3584 2250 3644 Willibaldum,
2275 3574 2742 3647 eonproviucialcs
2765 3587 2936 3631 suos,
2968 3566 3172 3636 primos
3208 3560 3426 3630 episco-

1857 3691 1956 3748 pos
1991 3672 2280 3730 ordinavit.
2310 3667 2589 3729 Sidonius,
2621 3663 2806 3732 Augizc
2841 3658 3162 3719 tnouachus,
3203 3651 3430 3720 quintus

1858 3745 1908 3822 ci
1933 3769 2056 3823 loco
2081 3766 2272 3828 abbas,
2295 3757 2737 3824 Constantiznque
2762 3753 3050 3822 episcopus
3071 3745 3267 3804 factus,
3291 3753 3430 3809 pm

1859 3859 1959 3912 fuit
1984 3857 2143 3910 annis
2177 3855 2274 3916 l3;
2304 3850 2400 3920 qui
2431 3849 2620 3910 cellam
2666 3855 2884 3914 quoque
2917 3837 3089 3894 sancti
3135 3833 3271 3889 Galli
3307 3845 3430 3885 am-

1862 3950 2037 4011 biens,
2067 3943 2270 4014 iniquis
2291 3939 2624 4011 principibus
2651 3936 2704 3989 in
2725 3931 3072 4014 damnatione
3104 3922 3278 3981 sancti
3296 3922 3431 3979 Oth-

1861 4037 1999 4092 mari
2030 4011 2241 4089 abbatis
2269 4030 2564 4086 consensit.
2736 4011 2745 4018 “

1935 4125 2056 4178 747.
2095 4123 2493 4176 Karlomannus
2532 4132 2630 4187 pro
2677 4114 2770 4169 Dei
2815 4126 3000 4166 amore
3041 4105 3244 4162 mundo
3276 4104 3435 4159 abre-

1865 4218 2144 4280 nuntiatis,
2174 4215 2228 4267 in
2255 4221 2438 4268 castro
2461 4209 2692 4265 Cassino
2718 4204 3043 4264 monachum
3067 4213 3126 4253 se
3151 4196 3297 4250 fecit.

1936 4308 2058 4361 750.
2100 4305 2326 4373 Pipinus
2358 4299 2620 4368 Gripboni
2674 4297 2740 4348 η
2765 4293 3057 4348 comitatus
3097 4289 3153 4342 in
3187 4285 3434 4358 partibus

1863 4396 2129 4451 Neustria:
2155 4393 2319 4447 dedit.
3129 4419 3131 4421 ,

1795 4505 1841 4560 ι)
1906 4485 2055 4539 751.
2102 4481 2324 4550 Pipinus
2365 4476 2550 4535 missis
2600 4475 2826 4528 Romam
2871 4465 3433 4542 legatis,-Zachariam

1793 4571 1799 4577 ’
1866 4590 2058 4648 papam
2085 4574 2151 4628 de
2178 4583 2344 4642 regno
2365 4569 2701 4624 Francorum
2733 4575 2788 4622 et
2818 4563 3024 4635 ignavis
3062 4556 3183 4628 ejus
3219 4553 3438 4624 regibus

1863 4668 2158 4724 consuluit.
2531 4706 2534 4710 .
3225 4706 3227 4709 .

1885 4734 1889 4738 ~
1938 4761 2060 4816 752.
2097 4756 2433 4813 Auctoritatc
2484 4747 2762 4803 Zachariae
2804 4757 2976 4812 papae,
3013 4749 3068 4794 et
3101 4754 3210 4793 non
3265 4724 3438 4791 multo

1867 4863 1990 4924 post
2013 4848 2270 4920 Stephani
2302 4846 2420 4908 9U,
2450 4840 2542 4910 qui
2567 4839 2741 4892 eidem
2774 4835 2829 4889 in
2855 4831 3171 4903 pontificatu
3206 4831 3240 4883 6
3280 4827 3438 4882 annis

1869 4917 2153 5002 successu,
2185 4935 2432 5005 deposito
2454 4947 2516 5000 ac
2540 4930 2770 4985 detonso
2807 4943 2930 4996 rege
2958 4922 3248 4986 llilderico,
3287 4917 3438 4987 Pipi-

1872 5048 1976 5086 nus
2002 5047 2094 5085 rex
2125 5009 2459 5082 Francorum
2479 5025 2708 5088 electus,
2735 5013 2789 5076 et
2825 5015 3137 5073 Suessionis
3178 5029 3208 5066 a
3250 5018 3442 5064 sancto

1874 5120 2150 5174 Bonifacio
2175 5116 2584 5186 archiepiscopo
2621 5123 2840 5176 unctus,
2878 5107 3120 5179 regnavit
3148 5103 3306 5157 anuis
3354 5098 3437 5152 l7.

1874 5211 2234 5282 Audogarius,
2271 5210 2480 5292 primus
2509 5204 2964 5276 Campidonensis
3004 5195 3218 5253 cenobii
3248 5191 3442 5273 funda-

1875 5312 1962 5359 tor
1982 5315 2034 5357 et
2057 5303 2248 5366 abbas,
2277 5290 2460 5356 locum
2487 5300 2638 5363 illum
2661 5296 2898 5350 incolere
2931 5290 3091 5360 cepit.

1947 5396 2070 5450 753.
2110 5394 2335 5465 Pipinus
2367 5408 2461 5448 rex
2488 5389 2784 5446 Saxoniam
2823 5391 3019 5448 vastat,
3066 5378 3247 5446 ibique
3275 5369 3447 5429 Hildi-

1485 5547 1713 5604 νΑιιιιΕ
1751 5548 2145 5605 LECTIONES.

285 5663 354 5699 ’“
386 5662 496 5716 hac
539 5661 646 5714 alio
686 5668 982 5736 atramento
1023 5667 1081 5718 in
1110 5683 1303 5736 marg.
1355 5666 1429 5722 *θ’
1457 5664 1700 5736 hacroce
1734 5664 1920 5736 incipit
1955 5660 2143 5736 Gaure.
2224 5659 2293 5736 ’ξ’
2323 5659 2484 5736 friget
2506 5654 2778 5736 [ιὶηςβηάε
2818 5668 2974 5722 usque
3008 5651 3164 5736 tul-0.
3199 5647 3303 5702 872
3347 5662 3446 5711 mr-

215 5749 395 5792 mrus
438 5747 696 5792 vanorum
728 5730 838 5786 alio
869 5721 1163 5790 atramento
1203 5721 1436 5790 a‘dditur.
1515 5734 1582 5765 ²⁰’⁸
1607 5733 1692 5790 vel
1717 5721 2010 5807 argehtinae
2037 5729 2208 5800 glossa
2241 5729 2290 5786 1.
2367 5728 2434 5760 ¹⁰⁵
2463 5725 2582 5780 hinc
2607 5724 2926 5793 (incurram
2965 5731 3042 5776 est
3082 5721 3130 5774 1.
3189 5773 3194 5777 .
3366 5795 3369 5798 _
3399 5727 3401 5729 ’
