3970 6394
156 411 298 468 ιως

1045 407 1331 463 ΑΡΡΕΝῘ).
1375 406 1459 462 lli.
1497 436 1565 448 —-
1601 406 2027 464 NONUMENTA
2066 408 2525 470 CREGORlANA.

3261 424 3283 477 1
3295 425 3396 480 546

153 521 398 578 ectasin.
450 520 592 577 Nam
627 516 869 593 pradicti
903 521 1006 573 duo
1037 519 1160 574 libri
1201 537 1292 589 per
1328 519 1586 574 circulum
1611 495 1738 572 anni
1767 522 1813 578 Α
1838 537 1936 576 nas
1965 529 2314 578 temeratores
2343 522 2542 582 Leonis
2570 541 2723 598 papae
2751 528 2966 598 capitali
2993 535 3272 590 sententize
3298 539 3397 592 ad-

152 611 393 683 cingulis
413 611 785 682 festivitatibus
807 627 932 680 pene
951 610 1055 663 sive
1067 609 1288 679 jejuniis
1311 609 1382 663 ad
1395 607 1734 679 unocturnales
1769 688 1772 689 ν

152 701 417 757 lectiones
459 703 685 772 suﬁicerc
731 709 944 772 possunt
972 717 1089 754 cum
1131 700 1474 755 bibliotheca..
1505 700 1736 771 Pcrfccti

145 802 277 848 sunt
309 803 501 848 autem
528 793 614 847 illi
641 793 745 847 duo
769 792 892 846 libri
914 809 1050 846 anno
1073 793 1284 846 Domini
1307 792 1430 856 808.

215 884 359 939 782.
402 883 637 939 Karolus
651 883 927 938 Saxonum
949 883 1089 938 4500
1104 885 1561 956 decollarejussit.
1580 883 1736 955 Apud

153 973 435 1031 Sanctum
468 965 687 1030 Gallum
715 969 909 1030 Waldo
930 975 1097 1030 abbas
1126 975 1339 1044 prmluit
1365 991 1510 1031 anno
1543 977 1592 1030 1.

223 1065 360 1120 783.
399 1064 661 1134 Hiltigard
683 1065 874 1136 regina
898 1074 1034 1119 uxor
1063 1063 1263 1132 Karoli,
1287 1066 1322 1121 2
1365 1065 1480 1122 Kal.
1507 1066 1654 1135 Μαίἰ,
1684 1075 1738 1124 et

150 1154 388 1220 Berhta,
417 1163 593 1209 mater
615 1153 754 1224 ejus,
780 1155 814 1209 4
838 1153 963 1210 ldus
989 1153 1116 1209 Julii
1142 1156 1414 1212 obierunt.

218 1245 354 1300 784.
396 1244 592 1299 Iunior
620 1243 849 1300 Karolus
879 1261 911 1299 a
936 1252 1088 1315 patre
1108 1246 1164 1300 in
1195 1245 1488 1302 Saxoniam
1512 1247 1733 1314 missus,

150 1335 465 1392 Westi’alos
487 1336 627 1391 bello
646 1336 876 1390 domuit.
1410 1399 1412 1402 ν

218 1423 357 1483 785.
399 1426 678 1483 Widikind
703 1426 848 1483 Saxo
871 1426 938 1493 ad
957 1427 1282 1483 deditionem
1300 1426 1499 1485 Karolo
1517 1430 1738 1486 veniens

148 1514 478 1587 baptizatus
498 1524 600 1571 εει.
1269 1558 1272 1562 .

220 1607 357 1662 786.
399 1607 630 1662 Karolus
663 1607 857 1662 iterum
912 1606 1138 1661 Romam
1182 1607 1279 1661 ivit
1313 1602 1502 1663 orandi
1540 1608 1733 1677 gratia.

149 1697 356 1768 Augiae
390 1706 514 1768 post
536 1696 754 1752 Petrum
790 1695 1002 1756 Waldo.
1039 1698 1207 1752 abbas
1237 1705 1482 1764 octavus,
1525 1697 1738 1768 praefuit

150 1789 326 1844 annis
356 1788 448 1843 20.

1835 612 2002 678 dixit;
2039 623 2122 668 set
2149 614 2402 686 precibus
2434 617 2675 685 ejusdem
2702 635 2853 689 papa:
2899 621 3008 675 vita
3035 638 3314 693 concessa,
3344 628 3398 684 in

1833 704 2052 759 exilium
2075 720 2170 760 eos
2195 706 2467 777 relegavit.
2495 706 2677 764 Terrae
2699 719 2880 766 motus
2901 710 3076 768 factus
3097 722 3179 768 est
3199 715 3250 769 2.
3278 716 3394 772 lial.

1834 792 1978 849 Maii.
3267 847 3276 854 ,

1905 884 2027 939 80‘2.
2069 884 2249 940 Aaron
2279 901 2372 942 rex
2400 886 2688 964 Persarum
2723 890 2869 946 inter
2892 892 2998 948 alia
3039 909 3264 950 munera
3291 895 3402 952 ele-

1834 976 2087 1046 phantem
2118 977 2316 1033 Karolo
2345 979 2660 1048 imperatori
2688 983 2854 1037 misit.
2921 1005 2940 1017 --
2979 990 2985 1000 ‘

1907 1067 2029 1121 803.
2073 1066 2304 1139 Sanguis
2351 1068 2564 1124 Domini
2596 1071 2826 1127 Mantuae
2876 1061 3151 1140 inventus,
3200 1076 3400 1140 Karolo

1837 1155 2146 1226 imperatori
2189 1158 2496 1213 nunciatur.
2547 1161 2714 1230 Cujus
2741 1163 2818 1216 rei
2865 1164 3146 1220 veritatem
3183 1168 3406 1237 perqui-

1834 1248 2058 1302 rendam
2106 1247 2272 1303 Leoni
2321 1264 2473 1319 papa:
2530 1251 2822 1322 imperator
2872 1255 3233 1310 demandavit.
3283 1257 3401 1324 Qua

1837 1339 2123 1393 occasione
2138 1349 2352 1408 arrepto
2367 1340 2576 1407 itinere,
2594 1358 2726 1411 papa
2756 1344 2823 1398 ad
2839 1345 3215 1415 imperatorem
3231 1349 3398 1414 venit,

1834 1435 2031 1483 etcum
2055 1445 2121 1483 eo
2147 1433 2378 1487 natalem
2407 1432 2620 1487 Domini
2649 1434 2911 1491 Carisiaci
2932 1439 3244 1494 celebravit.

1907 1518 2030 1574 804.
2069 1518 2311 1584 Domnus
2353 1539 2489 1591 papa
2519 1526 2730 1595 magnis
2768 1529 3086 1584 muneribus
3129 1531 3200 1584 ab
3228 1531 3402 1601 impe-

1835 1617 2018 1664 ratore
2050 1611 2300 1678 donatus,
2335 1612 2560 1667 Romam
2583 1617 2760 1670 rediit.

1906 1699 2028 1752 805.
2073 1700 2301 1757 Karolus
2352 1704 2539 1772 junior
2589 1721 2619 1758 a
2654 1716 2806 1774 patre
2859 1708 3096 1776 missus,
3125 1708 3404 1765 Boemiam

1838 1789 1995 1857 subju
2002 1791 2164 1858 gavit.

220 1877 358 1932 787.
401 1875 717 1942 Rouldrud,
750 1875 859 1931 ﬁlia
881 1875 1088 1940 Karoli,
1111 1874 1476 1932 Constantino
1504 1877 1735 1948 impcra-
1766 1848 1810 1902 Β
1906 1848 2030 1934 806ἶ
2073 1880 2300 1936 Karolus
2341 1883 2635 1960 imperator
2666 1902 2891 1957 regnum
2926 1887 3066 1943 inter
3105 1897 3215 1945 tres
3261 1890 3402 1946 filios

151 1968 266 2024 tori
302 1969 687 2038 desponsatur.

226 2058 362 2113 789.
406 2059 469 2090 ‘"
506 2057 620 2110 Hoc
641 2073 777 2111 anno
815 2055 1046 2110 Karolus
1091 2056 1160 2112 85
1195 2073 1322 2126 pene
1353 2074 1610 2110 canonum
1645 2074 1736 2110 ea-

149 2149 339 2218 pitula
376 2150 540 2202 totius
567 2150 710 2219 regni
751 2149 833 2202 sui
872 2150 1126 2218 episcopis
1175 2150 1503 2214 transmisit,
1537 2157 1590 2202 ut
1621 2149 1733 2217 ejus

151 2242 372 2297 auxilio
404 2240 713 2310 corrigenda
737 2242 996 2311 corrigere
1017 2249 1243 2310 possent.

226 2333 360 2390 790.
406 2331 562 2388 Hunc
604 2348 807 2386 annum
860 2331 1092 2387 Karolus
1150 2331 1466 2387 Wormatia:
1517 2332 1733 2402 quietus

151 2426 450 2498 transegit.
1384 2447 1388 2452 η
1426 2441 1440 2448 ·

227 2518 361 2573 791.
407 2517 641 2572 Karolus
676 2525 875 2572 terram
906 2515 1186 2593 Hunorum
1223 2516 1484 2570 devastat.

226 2609 359 2665 792.
405 2608 610 2664 Sinodo
635 2603 946 2678 Ratispona:
965 2607 1208 2674 collecta,
1231 2608 1435 2663 heresis
1463 2607 1758 2677 Feliciana,

149 2702 424 2758 damnata
455 2710 558 2756 est.

226 2793 358 2848 793.
404 2792 645 2847 Saxones
682 2793 807 2846 item
845 2805 995 2845 more
1029 2805 1127 2845 suo
1153 2789 1432 2844 rebellant.

227 2883 361 2942 794.
407 2881 609 2937 Sinodo
651 2897 844 2950 magna
889 2880 944 2934 in
970 2878 1368 2933 Franconol‘urt
1407 2878 1608 2945 habita,
1637 2880 1732 2934 he-

141 2974 301 3030 resis
339 2975 468 3029 item
520 2971 787 3027 Feliciana
827 2971 1082 3026 damnata
1128 2979 1231 3026 est.
1277 2970 1732 3042 Pseudosynodus

149 3056 460 3121 Grecorum
508 3078 606 3134 pro
662 3062 953 3118 adorandis
1014 3061 1338 3132 imaginibus
1397 3063 1631 3127 habita,
1664 3063 1732 3118 ab

1836 1987 1971 2026 suos
1999 1971 2201 2026 divisit.
2671 2029 2680 2032 ,

1902 2061 2024 2136 807.
2065 2061 2246 2116 Aaron
2297 2079 2389 2117 rex
2432 2063 2720 2120 Persarum
2749 2085 2874 2123 cum
2914 2071 3035 2126 alifs
3083 2072 3435 2130 muneribus.

1833 2151 2187 2205 artiﬁciosum
2218 2151 2415 2207 Karolo
2451 2153 2761 2222 imperatori
2791 2159 2942 2212 misit
2967 2161 3328 2232 horologium.

1901 2242 2024 2296 808.
2051 2243 2276 2298 Eardolf
2295 2240 2388 2299 rex
2417 2242 2955 2302 Nordanumbrorum
2989 2267 3158 2326 regno
3194 2253 3402 2320 pulsus

1830 2333 1895 2385 ad
1925 2332 2181 2387 Karolum
2211 2335 2591 2402 imperatorem
2627 2347 2877 2405 questum
2905 2342 3072 2392 venit.
3151 2409 3154 2413 .

1899 2423 2022 2477 809.
2063 2423 2301 2489 Qumstio
2327 2425 2393 2479 de
2419 2427 2766 2494 processione
2801 2430 2971 2483 sancti
3003 2428 3240 2485 Spiritus
3272 2447 3403 2501 syn-o

1829 2515 1936 2570 odo
1973 2516 2154 2570 habita
2187 2517 2496 2572 ventilatur.

1899 2608 2021 2661 810.
2066 2607 2290 2678 Hispani
2317 2616 2371 2662 et
2395 2608 2550 2663 Greci
2580 2625 2676 2678 per
2704 2610 2911 2682 legatos
2939 2627 3062 2667 cum
3092 2613 3183 2668 illo
3212 2629 3402 2682 pacem

1829 2699 2064 2754 firmant.
2099 2698 2350 2766 Pipinum
2380 2700 2551 2754 ﬁlium
2582 2717 2772 2768 suum,
2823 2719 3003 2773 regem
3033 2703 3219 2771 Italite,
3250 2721 3402 2761 mor-

1828 2797 1986 2843 tuum
2014 2805 2136 2843 esse
2167 2789 2377 2843 didicit.
3219 2849 3226 2856 ,

1899 2881 2022 2934 811.
2063 2879 2220 2935 licito
2259 2882 2426 2936 abbas
2468 2881 2655 2954 Augim
2706 2891 2760 2937 et
2806 2885 3096 2954 episcopus
3139 2885 3401 2955 Basileae',

1831 2974 2034 3029 missus
2059 2973 2623 3043 Constantinopolim;
2651 2976 3024 3044 odOpm-ieum,
3056 2977 3109 3029 id
3147 2987 3222 3030 est
3247 2979 3404 3034 itine-

1831 3066 2035 3118 rarium
2062 3067 2128 3096 ³⁸³
2162 3082 2322 3120 suum
2359 3066 2595 3134 scripsit.

150 3156 433 3226 episcopis
472 3129 724 3210 damnata
769 3163 870 3208 est.
921 3152 1014 3208 His
1048 3129 1382 3221 temporibus
1433 3153 1728 3216 Alcwinus;
1759 3180 1799 3236 ο
1887 3156 2024 3208 812.
2065 3155 2330 3211 Michahel
2358 3129 2656 3224 imperator
2689 3157 2880 3225 legatis
2911 3157 3091 3211 Karoli
3135 3129 3400 3225 remissis,

149 3247 250 3318 qui
273 3257 331 3304 et
362 3248 610 3312 Albinus,
646 3246 789 3315 apud
831 3260 1010 3315 regem
1041 3252 1356 3314 ceterosque
1387 3243 1498 3296 vita
1542 3251 1597 3297 et
1633 3243 1731 3297 do-

151 3340 335 3394 ctrina
359 3339 540 3394 clarus
575 3337 821 3390 habetur.

230 3431 358 3488 795.
404 3429 547 3484 Huni
578 3428 758 3484 missis
784 3426 971 3497 legatis
997 3440 1053 3482 se
1078 3442 1202 3482 cum
1230 3435 1371 3481 terra
1408 3441 1504 3481 sua
1529 3425 1730 3481 iiarolo

154 3525 402 3588 tradunt,
425 3532 479 3578 et
505 3520 950 3576 ehristianitatem
973 3519 1313 3588 prom“~-;nt.

229 3614 355 3670 796.
398 3613 584 3666 Roma:
607 3610 861 3666 defuncto
887 3609 1126 3663 Adriano
1145 3624 1303 3677 papa.
1335 3606 1445 3660 Leo
1476 3604 1562 3670 li},
1589 3620 1728 3680 papa

154 3704 310 3773 98",
341 3703 478 3759 sedit
497 3701 655 3756 annis
676 3699 764 3754 20.

228 3796 355 3851 797.
395 3790 866 3862 ConstantinOpoli
913 3788 1305 3844 Constantinus
1356 3788 1648 3858 imperator
1695 3803 1726 3842 a

155 3874 350 3942 Grecis
387 3892 662 3939 execatur.
692 3935 702 3947 ,

227 3977 354 4031 798.
393 3974 594 4029 Helena
638 3982 832 4027 mater.
857 3973 1198 4027 Constantini
1239 3972 1582 4042 imperatoris
1613 3973 1725 4027 ceci

152 4067 366 4140 legatos
392 4065 590 4120 Karolo
611 4080 711 4133 pro
746 4079 876 4132 pace
903 4063 1069 4116 misit.

227 4159 354 4215 799.
394 4157 505 4212 Leo
556 4171 692 4227 papa
725 4162 784 4209 ut
812 4153 954 4208 fama
982 4161 1066 4207 est
1109 4153 1165 4206 in
1206 4153 1402 4207 letania
1444 4152 1650 4220 majore
1693 4166 1724 4206 a

153 4247 424 4306 Romanis
451 4249 633 4319 lingua
663 4246 886 4315 praecisa
909 4255 1220 4309 excecatur,
1249 4252 1302 4298 et
1340 4258 1437 4312 per
1460 4242 1724 4312 quesdam

155 4329 439 4403 liberatus,
479 4339 534 4392 in
569 4338 859 4392 Saxoniam
909 4337 975 4390 ad
1018 4335 1272 4398 Karolum
1299 4343 1382 4390 est
1409 4335 1720 4406 perductus.

152 4431 423 4489 Geroldus
445 4428 730 4501 praefectus
755 4428 1032 4499 Bajoariae,
1061 4426 1286 4498 signifer
1307 4434 1359 4481 et
1379 4427 1725 4481 consiliarius

1832 3259 1963 3300 suos
1991 3246 2153 3298 etiam
2188 3259 2374 3314 pacem
2425 3245 2802 3299 conﬁrmatum
2835 3246 3004 3299 misit.
3042 3246 3403 3301 Beneventani

1829 3337 1901 3389 25
1945 3337 2093 3390 milia
2130 3337 2428 3391 solidorum
2473 3337 2592 3389 auri
2633 3338 2892 3390 tributum
2945 3335 3142 3391 Karolo
3185 3338 3398 3406 persol-

1833 3436 1983 3481 vunt.
2459 3495 2462 3497 Α

1897 3519 2019 3570 815.
2063 3516 2293 3573 Karolus
2329 3505 2638 3587 imperator
2672 3517 3042 3571 Amalharium
3102 3515 3397 3571 Treveren—

1829 3623 1942 3660 sem
1973 3609 2457 3676 archiepiscopum,
2487 3605 2542 3660 et
2557 3607 2781 3662 Petrum
2818 3607 3258 3661 Nonantulanum
3301 3608 3394 3661 ab-

1826 3697 2005 3753 batem
2027 3697 2550 3767 Constantinopolim
2575 3692 2741 3763 misit,
2772 3714 3004 3768 quorum
3021 3699 3399 3768 odoporicum,

1827 3791 1883 3844 id
1909 3799 1985 3844 est
2007 3790 2138 3844 liber
2160 3791 2464 3844 itinerarius
2486 3790 2554 3820 ⁸¹³
2574 3789 2982 3859 itemscriptum
3006 3791 3251 3844 habetur.
3280 3789 3401 3859 Ipse

1828 3882 2180 3937 Ludowieum
2227 3883 2396 3952 lilium
2441 3891 2747 3936 consortem
2797 3881 2947 3950 regni
2996 3880 3139 3935 fecit.
3188 3881 3402 3934 Mortuo
3455 3914 3466 3919 ι

1826 3973 2018 4044 Pipino
2055 3975 2166 4027 ﬁlio
2200 3974 2317 4042 ejus
2343 3987 2466 4041 rege
2502 3971 2683 4036 Italiae,
2713 3971 2881 4022 tilium
2911 3970 3081 4038 ipsius
3108 3970 3400 4023 Berinharo

1824 4066 1976 4129 dum,
2006 4071 2254 4133 nepotem
2286 4077 2465 4124 suum,
2496 4075 2674 4130 regem
2703 4058 2828 4114 fecit
2855 4057 3038 4112 Italiae.
3072 4057 3248 4123 Quina
3276 4073 3402 4126 per-

1826 4170 2022 4228 magna
2051 4153 2278 4209 concilia
2300 4150 2652 4222 Mogonciaei,
2684 4150 2887 4216 Remis,
2921 4145 3189 4214 Turonis,
3218 4148 3404 4204 Cavil-

1825 4247 1988 4313 lonis,
2018 4245 2219 4300 Arelati
2250 4260 2349 4315 pro
2377 4251 2519 4298 statu
2548 4243 2884 4298 reclesiarum
2909 4237 3026 4296 ﬁeri
3044 4240 3231 4310 jussit.

1895 4337 2019 4392 8M.
2063 4337 2294 4391 Karolus
2318 4337 2610 4404 imperator
2635 4348 2882 4403 magnus,
2932 4346 3058 4386 cum
3095 4329 3249 4399 prius
3276 4330 3401 4385 the-

1824 4433 2018 4483 sauros
2040 4444 2170 4488 suos
2199 4424 2355 4480 inter
2379 4425 2440 4478 2|
2487 4423 2986 4492 archiepiscopatus
3014 4419 3169 4492 regni
3197 4420 3283 4475 sui
3312 4436 3401 4488 ce,

151 4521 364 4591 Karoli,
413 4524 538 4594 pius
577 4532 631 4577 et
671 4521 976 4592 religiosus,
1021 4527 1208 4574 contra
1239 4517 1426 4572 Hunos
1473 4533 1723 4587 pugnans
1754 4504 1798 4558 ι)
1825 4528 2078 4588 terosque
2103 4518 2447 4586 episcopatus
2484 4522 2537 4568 et
2565 4513 2806 4569 :eclesias
2851 4513 3148 4580 divisisset,
3176 4510 3402 4567 febre'et

150 4617 434 4682 occubuit,
462 4615 782 4686 Angiasque,
811 4625 976 4681 quam
1013 4609 1199 4664 multis
1231 4617 1456 4663 auxerat
1485 4610 1644 4665 donis
1670 4618 1726 4664 et
1826 4609 2060 4680 pleuresi
2105 4609 2354 4682 pulsatus
2378 4648 2392 4672 ,
2430 4607 2463 4661 5
2504 4605 2621 4667 Kal,
2667 4606 2827 4662 Febr.
2873 4601 3202 4675 Aquisgrani
3241 4602 3398 4669 obiit,

150 4698 413 4778 prediis',
456 4706 700 4777 sepultus
740 4711 840 4756 est.
883 4699 1199 4756 Patriarcha
1252 4699 1722 4756 Jerosolimitanus
1822 4700 2004 4767 ibique
2052 4699 2295 4768 sepultus
2339 4705 2422 4752 est
2467 4698 2762 4752 honorifice
2787 4738 2800 4762 ,
2856 4710 3000 4749 anno
3043 4691 3217 4746 aetatis
3253 4689 3395 4778 .7l°‘,

149 4796 416 4868 reliquias
438 4796 505 4850 de
525 4794 812 4864 sepulchro
846 4792 1060 4847 Domini
1085 4793 1249 4846 mittit
1270 4791 1469 4846 Karolo
1496 4791 1628 4860 regi.

218 4885 352 4943 800.
383 4880 616 4942 Karolus
635 4883 1016 4954 ierosolimam
1040 4884 1273 4954 insignia
1293 4883 1433 4938 dona
1464 4881 1720 4937 transmi-

149 4980 244 5048 sit,
272 4985 330 5034 et
366 4977 596 5033 Romam
621 4985 829 5047 petens,
865 4972 1098 5048 Leonem
1127 4988 1340 5043 papam,
1368 4987 1428 5028 se
1444 4973 1518 5026 de
1557 4972 1722 5029 illatis

149 5081 202 5127 et
238 5084 352 5126 non
371 5067 613 5141 probatis
640 5067 962 5139 criminibus
991 5072 1331 5121 sacramento
1363 5073 1682 5135 purgantem
1701 5105 1718 5132 ,

150 5163 267 5219 sedi
297 5175 413 5218 suae
445 5158 703 5215 restituit.

219 5251 349 5307 801.
391 5250 624 5324 Karolus
649 5250 703 5304 in
727 5249 813 5304 die
836 5245 1033 5301 natalis
1067 5245 1278 5299 Domini
1304 5261 1336 5299 a
1373 5245 1552 5302 Leone
1579 5261 1718 5316 papa

149 5355 358 5400 corona
391 5341 666 5410 imposita,
701 5341 909 5411 primus
939 5352 1125 5408 regum
1153 5334 1492 5401 Francorum
1533 5336 1717 5392 Caasar

150 5437 432 5506 Augustus
457 5429 774 5500 Imperator,
816 5427 1076 5485 Romanis
1106 5425 1293 5481 laudes
1329 5426 1714 5483 succlamanti-

153 5526 319 5592 tibus,
345 5521 644 5594 appellatus
665 5529 767 5574 est.
809 5519 912 5586 Qui
947 5527 1132 5589 postea
1148 5516 1302 5587 juxta
1333 5516 1477 5588 leges
1511 5516 1714 5572 Roma-

1431 5605 1664 5664 nam:
1703 5605 2104 5696 matrones.

1281 5701 1347 5732 ἰ’
1369 5699 1405 5752 i.
1432 5699 1468 5752 i.
1493 5698 1606 5752 alio
1630 5706 1825 5755 atram.
1865 5699 1916 5754 1.
1946 5698 2086 5752 ἄεισι
2117 5697 2170 5752 ⁵·

221 5707 286 5736 ¹¹¹
320 5717 589 5782 armentia
615 5721 722 5761 atto
743 5711 1042 5760 atramento
1071 5703 1110 5777 ¹1

155 5788 347 5830 atram.
377 5787 379 5790 ⁴

1818 4789 1970 4860 regni
2001 4789 2122 4856 47°,
2164 4789 2420 4858 subjectae
2459 4787 2625 4840 Italiae
2666 4788 2784 4849 44°,
2816 4782 3029 4852 imperii
3080 4782 3196 4847 ιιο,
3249 4769 3394 4836 indi-

1819 4882 2000 4936 ctione
2015 4881 2095 4936 7-.
2109 4881 2215 4935 Pro
2230 4896 2339 4950 quo
2360 4877 2682 4932 Ludowieus
2705 4870 3008 4944 ﬁliusejus,
3033 4882 3396 4946 cognomento

1819 4971 1970 5039 Pius,
1995 4971 2238 5042 regnavit
2261 4969 2418 5023 annis
2453 4967 2521 4998 ’“
2536 4967 2623 5022 27.
2663 4967 2765 5034 Qui
2794 4967 2975 5023 statim
2999 4964 3250 5038 generale
3279 4962 3396 5019 col-

1819 5063 2061 5132 loquium
2087 5059 2414 5130 Aquisgrani
2438 5059 2646 5125 habuit,
2669 5068 2723 5114 et
2748 5059 2916 5114 multa
2939 5053 3220 5127 perpel‘am
3239 5063 3391 5125 gesta

1819 5169 1915 5223 per
1949 5168 2171 5223 regnum
2204 5151 2457 5205 correxit.
2550 5194 2556 5198 .

1893 5244 2014 5298 8i5.
2053 5242 2279 5309 Quidam
2332 5258 2399 5296 ex
2436 5240 2699 5300 Romanis
2728 5238 3062 5312 primoribus
3107 5237 3163 5291 in
3199 5248 3387 5291 necem

1819 5334 2018 5390 Leonis
2042 5349 2194 5404 papa:
2221 5331 2587 5403 conjurantes,
2613 5332 2930 5401 puniuntur.

1890 5427 2013 5482 816.
2054 5425 2235 5482 Leone
2267 5441 2405 5496 papa
2436 5424 2711 5482 defuncto.
2739 5424 2792 5478 in
2822 5425 2875 5478 8.
2906 5408 3037 5479 Kal.
3053 5422 3217 5478 Junii.
3258 5419 3384 5475 Steo

1818 5517 2033 5581 phanus
2061 5515 2188 5571 99'"
2218 5514 2355 5570 sedit
2382 5513 2662 5569 mensibus
2693 5507 2918 5584 septem.
2949 5512 3053 5579 Qui
3095 5511 3161 5564 ad
3188 5505 3383 5582 Ludo-

2317 5697 2385 5730 ἠ
2415 5695 2452 5751 i.
2489 5695 2526 5750 l.
2553 5695 2590 5751 i.
2625 5652 2734 5753 otio
2756 5704 2946 5751 atram.
2988 5691 3035 5745 l.
3178 5688 3248 5722 ’³⁵
3273 5687 3382 5742 alia
