3970 6374
475 396 611 456 ηιτ
1449 390 1540 446 AD
1576 386 1805 445 OPERA
1841 387 1898 441 S.
1940 384 2268 441 GREGORII
2304 383 2742 442 APPENDICES.
3597 18 3907 445 5:1

472 511 670 565 \viautn
700 521 880 577 regem
912 503 967 559 in
989 484 1275 558 Franciam
1310 502 1555 565 veniens,
1581 499 1767 554 Remis
1799 498 1925 553 cum
1951 497 2056 551 im-
2090 500 2132 555 Α
2158 495 2402 553 Valentis
2428 497 2689 552 martiris.
2726 494 2974 551 RatoII'us
3002 492 3333 571 Veronensis
3373 499 3666 569 episcopus
3699 520 3732 559 a

473 612 778 673 peratorem
807 578 1112 659 coronavit,
1154 593 1348 647 deinde
1379 592 1610 648 Romam
1654 591 1829 645 rediit.
1870 587 2048 658 lmpe-
2153 588 2292 644 duce
2336 586 2571 644 Venetia}
2610 587 2933 657 impetravit,
2982 596 3036 641 ct
3076 602 3203 642 cum
3252 604 3482 660 corpore
3520 589 3733 649 οεηίείί

475 700 645 753 rator,
678 686 872 743 sinodo
900 685 1150 747 collecta,
1201 682 1371 736 multa
1407 683 1476 737 de
1520 690 1665 737 statu
1710 689 1760 734 et
1793 677 2054 749 religione

475 780 827 835 t‘i'ltttltitn‘tlm
850 776 995 829 “bene
1019 772 1310 842 disposuit.

422 852 440 867 Φ
548 869 671 922 817.
715 866 990 935 Stephano
1035 879 1170 933 papa
1222 863 1255 917 9
1295 861 1517 916 Kalend.
1568 859 1727 916 Febr.
1761 859 2050 924 defuncto,

428 998 431 1001 -
478 957 716 1012 Pascalis
746 954 899 1008 Ιυοιη
928 953 1067 1008 sedit
1096 953 1255 1007 minis
1287 953 1336 1006 7.
1378 951 1561 1023 Legati
1596 950 1793 1006 Leonis
1816 951 2054 1020 impera-

477 1050 615 1104 toris
644 1048 710 1103 de
748 1045 1223 1114 Constantiniana“
1264 1057 1365 1114 pro
1412 1057 1547 1113 pace
1592 1043 1659 1097 ad
1699 1042 2054 1097 Ludovvicum

478 1138 703 1192 veniunt
731 1136 1135 1205 imperatorem.
1824 1143 1830 1150 '

549 1228 672 1281 818.
715 1224 1042 1281 Ludowicus
1088 1223 1385 1292 imperator
1413 1220 1740 1301 cis-marinos
1764 1219 2056 1274 Britannos

479 1318 707 1373 domuit.
1077 1353 1095 1371 .
1429 1329 1438 1339 -
2045 1344 2051 1350 .

550 1410 672 1463 8l9.
716 1406 934 1478 Synodo
969 1404 1297 1475 Aquisgrani
1329 1404 1546 1469 habita,
1595 1402 1766 1457 multa
1804 1401 1870 1457 de
1909 1409 2057 1455 statu

481 1501 817 1555 acclasiarum
846 1496 1107 1566 disposita
1137 1503 1283 1548 sunt.

550 1593 675 1648 8-2.0.
717 1591 792 1645 Ex
823 1587 1175 1643 inundatione
1196 1586 1500 1655 pluviarum
1534 1584 1838 1655 pestilentia
1865 1598 2059 1653 magna

485 1684 629 1738 facta
651 1691 735 1737 est
759 1682 850 1735 ¹¹⁸.

552 1776 674 1828 κει.
717 1771 1042 1828 Ludovvicus
1076 1770 1369 1837 imperator
1395 1780 1619 1835 regnum
1649 1763 1789 1817 inter
1813 1762 1954 1816 ﬁlios
1974 1762 2059 1816 di-

483 1872 630 1934 visit,
657 1869 815 1925 exilia
845 1865 1123 1941 relaxavit,
1149 1863 1330 1919 debita
1356 1860 1570 1915 cunctis
1606 1857 1834 1912 dimisit.

556 1960 680 2014 82:2.
724 1958 1050 2012 Ludmvicns
1090 1956 1384 2022 imperator
1414 1951 1481 2003 de
1507 1948 1737 2017 publicis
1779 1946 1895 2001 suis
1927 1961 2056 2015 pce—

485 2047 623 2106 catis
656 2048 924 2119 publicam
950 2045 1295 2115 penitentiam
1326 2041 1453 2111 egit,
1476 2049 1777 2110 etquaeque
1806 2037 1859 2091 in
1894 2051 2062 2107 regno

486 2156 590 2196 suo
618 2139 956 2211 corrigenda,
995 2136 1248 2191 correxit.
1280 2132 1570 2187 Lotharius
1601 2132 1652 2185 in
1698 2130 1928 2195 Italiam,
1970 2129 2061 2183 Pi-

489 2236 651 2305 pinus
676 2234 837 2286 ducta
861 2245 1031 2284 uxore
1057 2229 1114 2283 in
1142 2228 1513 2298 Aquitaniam,
1555 2240 1709 2297 reges
1739 2225 1893 2278 missi
1915 2231 2061 2278 sunt.

490 2326 674 2380 I"ul.lis
701 2323 833 2394 Iiigil
867 2322 1036 2376 abbas
1063 2320 1218 2385 obiit,
1247 2319 1334 2374 cui
1358 2317 1643 2380 Rabanus,
1674 2316 1756 2369 vir
1785 2316 2066 2382 doctusgct

490 2418 800 2470 divinorum
840 2413 1103 2466 librorum
1134 2419 1394 2464 tractator
1441 2408 1722 2479 egregius,
1778 2404 2062 2461 successit.

496 2506 680 2576 Augiu‘
730 2503 937 2558 Iletonc
988 2502 1179 2555 abbate
1206 2509 1260 2554 et
1305 2514 1561 2569 episcOpo
1592 2506 1858 2567 privatam
1898 2495 2063 2549 vitam

492 2589 783 2666 adoptante
812 2593 1127 2648 ErIt-baldus
1152 2588 1320 2644 abbas
1350 2590 1466 2643 l0us
1498 2587 1778 2644 successit.

562 2689 686 2741 3-2.5.
714 2684 1007 2738 Lotharius
1032 2698 1124 2736 rex
1154 2680 1339 2744 Italiae,
1371 2686 1594 2750 rogante
1620 2694 1756 2750 papa
1784 2675 2065 2742 Paschale,

494 2780 788 2842 imperator
813 2775 882 2828 ab
906 2788 972 2827 eo
1000 2772 1185 2826 Romae
1211 2781 1525 2826 coronatur.
1545 2769 1673 2839 Agri
1696 2769 1852 2822 multi
1874 2777 2070 2836 praeter

493 2870 714 2926 solitum
743 2866 1003 2937 grandine
1035 2872 1164 2919 sunt
1212 2862 1427 2927 vastati,
1453 2861 1598 2915 veris
1625 2860 1694 2890 "‘
1737 2858 1901 2913 etiam
1929 2858 2072 2912 inter

496 2960 668 3030 ipsam
698 2966 753 3011 et
785 2956 995 3026 magnis
1024 2954 1294 3024 lapidibus
1319 2951 1515 3006 alicubi
1542 2949 1933 3005 decidentibus.

567 3050 690 3104 82L
735 3047 918 3101 Romae
940 3044 1234 3115 Eugenius,
1258 3043 1409 3096 ιυιιιι
1435 3057 1595 3113 papa,
1619 3038 2070 3110 postPaschalem

499 3141 639 3197 sedit
668 3140 826 3193 anuis
854 3136 905 3190 5.
938 3135 1124 3204 Angia‘
1156 3132 1427 3186 Wettinus
1455 3131 1757 3185 monachus
1782 3144 1811 3181 e
1846 3128 2072 3196 corpore

497 3232 695 3286 ductus
722 3237 777 3281 ct
823 3226 1078 3280 reductus
1126 3224 1193 3253 ¹¹⁷
1218 3263 1232 3287 ,
1269 3230 1390 3290 post
1436 3220 1675 3274 triduum
1713 3218 1865 3272 obiit.
1902 3217 2072 3287 Cujus

499 3320 737 3375 visiones
760 3315 916 3375 Ileito
946 3317 1232 3386 episcopus
1257 3327 1438 3383 prosa,
1468 3321 1518 3367 et
1546 3310 1944 3366 Walachl‘ridus
1980 3310 2075 3365 hc-

498 3412 652 3468 roico
684 3419 857 3464 metro
887 3406 1125 3475 scripsit.

571 3500 695 3556 826.
737 3498 1020 3554 IIcrioldus
1062 3511 1156 3550 rex
1190 3493 1462 3547 Danorum
1504 3506 1627 3545 cum
1657 3503 1824 3543 uxore
1864 3496 1917 3541 ct
1951 3486 2076 3543 ﬁliis

500 3601 556 3647 et
582 3606 775 3660 magna
798 3602 1025 3643 suorum
1052 3582 1397 3639 multitudine
1419 3580 1748 3651 Mogonciaci
1776 3579 2077 3648 baptizatus

502 3692 605 3738 est.
639 3668 1176 3735 llildowinusabbas
1220 3674 1285 3729 de
1318 3672 1519 3729 Sancto
1550 3672 1814 3737 Dionisio,
1856 3671 1925 3724 ab
1965 3669 2078 3725 Eu-

504 3774 627 3844 geui
652 3793 661 3821 ι
687 3787 822 3841 papa
844 3785 970 3824 ossa
992 3768 1133 3824 beati
1158 3765 1465 3820 Sebastiani
1484 3764 1725 3830 martiris
1750 3763 2077 3832 impetravit,

502 3877 629 3934 quae
687 3859 1004 3915 Suessionis
1046 3859 1101 3911 in
1144 3856 1366 3911 basilica
1404 3855 1579 3910 sancti
1621 3854 1859 3909 Mcdardi
1907 3854 2077 3908 collo-

507 3952 667 4007 cavit.
1762 3950 1776 3962 ‘

580 4042 704 4097 89.7.
740 4033 983 4110 Corpora
1021 4048 1334 4094 sanctorum
1378 4036 1666 4091 martirum
1700 4034 1996 4090 Marcellini
2028 4045 2097 4113 et_

507 4133 655 4189 Petri
689 4133 743 4185 iu
765 4130 1050 4185 Franciam
1081 4129 1342 4183 translata
1383 4137 1531 4181 sunt.
1564 4125 1677 4182 Hoc
1705 4128 1760 4181 in
1798 4143 1942 4182 anno
1972 4126 2085 4181 An-

509 4226 723 4297 scgisus
772 4220 942 4276 abbas
969 4221 1022 4273 in
1046 4227 1281 4289 quatuor
1305 4217 1499 4271 libellis
1529 4217 1742 4286 collegit
1771 4226 1879 4270 tam
1922 4233 2084 4272 secu-

508 4316 652 4372 lares
673 4329 837 4384 quam
856 4312 1238 4372 :eclesiasticas
1258 4311 1422 4380 leges,
1448 4323 1586 4378 quas
1605 4306 1836 4362 Karolus
1858 4306 2086 4377 Magnus

508 4416 566 4463 et
592 4404 918 4460 Ludowicus
943 4411 1105 4473 atque
1139 4399 1430 4454 Lotharius
1454 4401 1809 4470 imperatores
1838 4398 2087 4469 promul-

513 4504 802 4569 gaverunt.

582 4586 707 4642 828.
749 4583 938 4641 Romze
960 4582 1030 4614 ¹¹⁸
1060 4591 1182 4651 post
1206 4581 1506 4652 Eugenium
1536 4578 1886 4644 Valentinus,
1922 4577 2083 4632 I02‘u

511 4694 675 4752 papa,
712 4678 852 4732 sedit
874 4675 1067 4731 diebus
1105 4673 1194 4739 40,
1237 4683 1292 4728 et
1334 4683 1457 4743 post
1482 4675 1630 4727 hunc
1666 4672 1962 4743 Gregorius
1996 4670 2088 4739 IV,

516 4770 680 4824 I03"
706 4782 865 4838 papa.
897 4767 1038 4821 sedit
1071 4766 1232 4820 annis
1272 4763 1357 4817 16.
1385 4763 1645 4829 Reliquiae
1666 4765 1841 4818 sancti
1866 4762 2093 4818 Marcel-

517 4860 611 4915 lini
643 4855 971 4930 Aquisgrani
1001 4855 1199 4920 allatas,
1232 4855 1486 4923 plurimis
1520 4853 1896 4925 gloriﬁcantur
1919 4854 2091 4909 mira-

519 4949 680 5006 culis.

588 5039 713 5095 829.
753 5037 1076 5109 Aquisgrani
1104 5046 1263 5092 terra:
1291 5044 1475 5090 motus
1519 5035 1747 5091 sabbato
1785 5044 1975 5092 sancto
1997 5051 2099 5107 pa-

523 5132 670 5186 schae
696 5130 891 5184 faetus.
1474 5188 1478 5193 ρ

595 5220 718 5274 830.
755 5221 965 5290 Corpus
986 5219 1159 5275 sancti
1180 5217 1344 5273 Marci
1366 5220 1729 5289 evangelista},
1755 5219 1859 5274 sub
1881 5219 2102 5274 nomine

2157 677 2400 734 martirts
2428 679 2482 733 in
2514 679 2743 749 Augiam
2770 679 3003 733 insulam
3029 679 3226 735 attulit.

2227 772 2350 826 851.
2392 771 2690 842 Imperator
2707 785 2901 826 omnes
2918 771 3226 827 contrarios
3259 773 3363 828 sibi
3385 774 3598 831 honore
3616 777 3737 847 pri-

2155 862 2353 926 vando,
2380 863 2592 918 animos
2617 870 2729 917 tam
2758 861 2996 917 ﬁliorqu
3023 876 3187 932 quam
3210 874 3518 921 ceterorum
3540 876 3736 923 contra

2160 967 2220 1008 sc
2248 953 2497 1008 irritavit.

2227 1047 2351 1102 832;
2390 1046 2690 1117 Imperator
2716 1055 2906 1103 contra
2940 1045 3082 1103 ﬁlios
3112 1064 3243 1104 suos
3265 1049 3568 1107 exercitum
3607 1065 3735 1107 mo.

2158 1140 2265 1204 vit;
2293 1154 2518 1193 uxorem
2543 1138 2736 1194 timore
2760 1138 2997 1194 ﬁliorum
3030 1139 3319 1195 abdicavit.

2230 1228 2352 1282 855.
2396 1226 2693 1298 Imperator
2751 1226 2881 1284 item
2929 1236 3119 1282 contra
3168 1227 3311 1284 ﬁlios
3363 1230 3420 1284 in
3463 1231 3735 1288 Alsatiam

2161 1320 2328 1374 venit.
2360 1318 2437 1373 Ibi
2467 1320 2717 1394 veniente
2756 1317 3023 1391 Gregorio
3061 1316 3197 1391 papa
3223 1335 3348 1376 cum
3377 1322 3524 1387 ﬁliis,
3557 1325 3735 1394 irnpee

2160 1417 2308 1464 rator
2332 1424 2363 1463 a
2390 1408 2508 1464 suis
2530 1408 2770 1475 relictus,
2801 1409 2856 1464 in
2890 1408 3122 1465 ﬁliorum
3153 1420 3473 1480 potestatem
3493 1410 3735 1468 devenit.

2230 1500 2355 1555 854.
2396 1498 2692 1570 Imperator
2711 1499 2919 1570 judicio
2956 1501 3334 1570 episcoporum
3368 1501 3540 1558 armis
3566 1502 3741 1574 depo-

2162 1591 2306 1657 sitis,
2328 1591 2405 1646 .ad
2430 1591 2693 1663 agendam
2722 1590 3072 1660 penitentiam
3107 1591 3423 1669 includitur.

2234 1680 2359 1735 835.
2399 1680 2702 1750 Imperator
2750 1696 2875 1736 cum
2929 1681 3056 1737 ﬁliis
3096 1680 3288 1753 Pipino
3330 1693 3384 1739 et
3437 1681 3744 1741 Lndovvico

2167 1767 2414 1838 Lugduni
2444 1785 2701 1841 magnum
2728 1770 2919 1825 habuit
2951 1782 3297 1827 conventum.

2090 1831 2135 1885 Β
2236 1831 2361 1913 857.
2404 1831 2652 1914 Ticinum
2687 1860 2741 1914 5.
2790 1859 2908 1915 Kal.
2940 1858 3183 1914 Januarii
3212 1860 3381 1917 octies
3422 1868 3587 1917 noctu
3622 1870 3744 1917 tre-

2167 1951 2371 2006 muisse
2397 1951 2615 2006 dicitur.

2237 2040 2360 2097 858.
2405 2041 2702 2113 Imperator
2747 2042 2934 2098 habito
2959 2049 3231 2099 conventu
3258 2041 3604 2115 Noviomagi,
3632 2042 3747 2099 Lu-

2167 2135 2378 2191 dovvico
2413 2134 2524 2189 ﬁlio
2566 2150 2792 2205 regnum
2835 2134 3169 2189 Francorum
3211 2135 3512 2191 interdixit.
3564 2134 3749 2192 Puoto

2166 2225 2432 2281 diaconus
2456 2223 2641 2295 palatii
2673 2224 2727 2279 in
2749 2223 3091 2280 Judaismum
3118 2225 3322 2295 lapsus.

2238 2318 2363 2373 839.
2388 2315 2704 2385 Imperator
2734 2315 2847 2370 ﬁlio
2893 2330 2995 2371 suo
3032 2316 3294 2370 Lothario
3336 2318 3746 2387 repaciﬁcatur.

2170 2407 2315 2464 Ebbo
2338 2407 2407 2441 ³¹⁹
2438 2406 2713 2462 Remorum
2740 2406 3159 2478 archiepiscopus
3179 2408 3527 2479 degradatur.

2239 2496 2365 2553 840.
2404 2495 2704 2566 Imperator
2741 2496 2852 2551 ﬁlio
2901 2512 3004 2552 suo
3038 2497 3297 2554 Lothario
3339 2499 3408 2554 ad
3449 2499 3750 2570 imperium

2170 2588 2474 2660 designato,
2504 2588 2589 2641 ιε.
2615 2586 2734 2642 Kal.
2765 2586 2894 2642 Julii
2923 2574 3077 2654 obiit,
3099 2600 3153 2643 ct
3173 2589 3352 2646 Mettis
3379 2591 3664 2662 sepelitur.

2240 2676 2365 2732 8M.
2407 2677 2735 2734 Ludowicus
2755 2678 2972 2748 junior,
3005 2680 3258 2735 adunatis
3286 2697 3413 2737 eum
3443 2682 3615 2739 fratre
3641 2697 3752 2738 suo

2172 2767 2373 2823 Karolo
2404 2768 2595 2838 copiis,
2628 2784 2752 2823 cum
2782 2768 3042 2825 Lothario
3063 2771 3435 2827 monarcbiam
3461 2780 3752 2842 appetente

2171 2860 2238 2912 de
2263 2860 2550 2928 partizione
2590 2859 2742 2930 regni
2768 2860 3101 2915 concordare
3146 2876 3257 2916 non
3300 2871 3546 2932 possent,
3588 2863 3751 2934 juxta

2173 2948 2518 3005 Fontinatam
2537 2948 2719 3003 villam
2749 2948 2798 3003 7.
2840 2948 2957 3004 Kal.
2985 2948 3113 3004 Julii
3140 2951 3255 3007 acie
3276 2952 3597 3024 conﬂigunt.
3637 2954 3751 3009 Lu-

2173 3039 2416 3096 dowicus
2454 3049 2509 3095 et
2544 3038 2776 3097 Karolus
2814 3040 3011 3097 castris
3038 3041 3193 3111 potiti
3228 3052 3378 3109 sunt,
3417 3043 3607 3114 fugato
3638 3044 3750 3100 Lo-

2176 3132 2373 3185 thario.
3561 3134 3565 3143 ‘

2249 3222 2370 3277 842.
2417 3221 2658 3277 Tandem
2685 3223 2898 3280 cunctis
2940 3239 3128 3294 pacem
3155 3224 3489 3295 optantibus,
3516 3226 3751 3298 regnum

2178 3315 2233 3368 in
2251 3314 2352 3369 tria
2371 3314 2560 3383 partiri
2574 3316 2931 3371 constituunt.
2952 3315 3139 3387 Augiaa
3158 3313 3530 3372 Walahl'ridus
3553 3305 3757 3374 Strabo

2178 3405 2262 3459 vir
2284 3405 2498 3470 doctus,
2540 3405 2709 3462 abbas
2736 3406 2888 3472 12“,
2914 3405 3149 3476 praefuit,
3178 3408 3271 3476 qui
3294 3416 3555 3464 metroet
3583 3424 3754 3480 prosa

2179 3495 2506 3566 conscripsit
2532 3496 2721 3551 multa.

2252 3584 2376 3638 845.
2413 3583 2706 3639 Lotharius
2733 3600 2859 3640 cum
2904 3584 3246 3657 imperatoris
3287 3589 3509 3647 nomine
3541 3590 3756 3651 Italiam

2181 3674 2390 3742 accepit
2434 3684 2489 3729 et
2516 3673 2789 3746 Belgicam
2819 3674 3069 3743 Galliam,
3107 3694 3230 3749 qum
3274 3695 3421 3736 nunc
3461 3697 3639 3753 usque
3682 3682 3749 3742 at

2180 3786 2247 3826 eo
2269 3772 2339 3803 ’ὀ
2365 3786 2590 3842 regnum
2638 3770 2883 3826 Lotharii
2913 3773 3141 3841 dicitur;
3179 3773 3505 3833 Ludowicus
3530 3776 3761 3835 Germa-

2182 3860 2352 3925 niam,
2384 3857 2617 3913 Karolus
2644 3858 2847 3913 Gallias
2868 3860 3120 3915 obtinuit.

2254 3950 2378 4004 8M.
2396 3950 2465 3981 ἠ
2508 3949 2772 4007 Defuncto
2794 3949 3057 4023 Gregorio
3085 3967 3245 4024 papa,
3281 3951 3503 4027 Sergius
3524 3954 3571 4011 II
3594 3956 3758 4015 IIII“

2187 4040 2327 4096 sedit
2353 4041 2513 4096 annis
2541 4041 2593 4095 3.

2257 4131 2382 4187 845.
2409 4131 2478 4162 ¹¹¹
2506 4128 2804 4186 Rhabanus
2826 4128 3113 4188 Fuldensis
3152 4132 3322 4188 abbas
3360 4133 3561 4189 librum
3595 4151 3763 4205 quem

2188 4221 2256 4277 de
2290 4229 2477 4275 sancta
2520 4234 2681 4275 cruce
2704 4218 2871 4273 variis
2900 4217 3088 4289 ﬁguris
3111 4230 3396 4292 metroque
3429 4224 3763 4295 composuit,

2192 4311 2384 4380 Sergio
2409 4324 2561 4379 papa!
2588 4309 2914 4364 transmisit.

2263 4399 2386 4456 8i6.
2425 4400 2495 4431 ²²³
2519 4399 2814 4454 Lotharius
2839 4400 3133 4470 imperator
3150 4400 3570 4473 Burgundiones
3590 4407 3767 4463 rebel-

2124 4505 2171 4559 ι)
2194 4494 2309 4548 lare
2342 4492 2629 4548 molientes
2653 4491 2723 4546 ad
2756 4491 3082 4548 deditionem
3106 4494 3301 4565 coegit.

2265 4580 2389 4635 847.
2427 4579 2610 4652 (Gesta
2635 4588 2804 4650 pontt.
2847 4580 3027 4652 Rom.)
3054 4582 3122 4615 ³⁸⁵
3158 4580 3590 4655 RomaLeolV,
3623 4602 3766 4659 papa

2200 4673 2386 4742 105“,
2426 4675 2565 4731 sedit
2596 4675 2755 4731 annis
2783 4675 2845 4742 9,
2876 4677 3159 4732 mensibus
3184 4677 3393 4746 tribus,
3436 4682 3532 4751 qui
3578 4679 3768 4738 Bome

2201 4771 2581 4837 munitionem,
2607 4784 2774 4839 quam
2803 4767 3099 4827 Leoninam
3117 4772 3326 4842 dicunt,
3360 4772 3514 4841 fecit,
3537 4790 3770 4845 eamque

2203 4860 2499 4931 apostolica
2517 4859 2891 4917 benedictione
2912 4861 3199 4928 dedicavit,
3224 4872 3279 4919 et
3302 4863 3406 4918 sub
3427 4865 3771 4921 anathemate

2203 4952 2258 5006 in
2286 4959 2604 5022 perpetuum
2624 4952 2986 5008 conﬁrmavit.
3013 4954 3083 4985 "'
3107 4951 3428 5023 Mogontiaci
3450 4953 3768 5022 Rhabanus,

2200 5039 2487 5096 Fuldensis
2512 5042 2680 5097 abbas
2698 5043 3067 5109 doctissimus,
3090 5043 3370 5100 ordinatur
3392 5046 3767 5116 archime

2201 5128 2305 5197 Qui
2331 5145 2458 5184 mox
2500 5128 2794 5186 Ludowico
2813 5130 3037 5201 jubente
3062 5133 3316 5189 sinodnm
3360 5148 3616 5204 magnam
3655 5134 3770 5189 Mo-

2202 5221 2438 5289 gontiaci
2463 5218 2694 5290 collegit.
2725 5219 2992 5291 Tempore
3015 5222 3086 5254 ¹²⁸
3113 5220 3313 5276 Leonis
3331 5236 3486 5291 papa
3517 5224 3696 5293 quarti
3716 5231 3774 5279 ct

1797 5336 2027 5391 VARle
2063 5337 2464 5393 LECTIONES.

600 5412 668 5443 ’⁸⁸
702 5412 822 5463 hinc
872 5409 1021 5462 utfrui
1075 5419 1450 5471 auunculum,
1498 5407 1586 5460 sed
1639 5408 1821 5458 eadem
1846 5422 2051 5459 manus.
2126 5409 2195 5439 ²¹⁶
2249 5425 2302 5461 v.
2357 5422 2409 5461 e.
2466 5408 2502 5461 i.
2556 5410 2592 5463 i.
2651 5419 2705 5465 et
2763 5412 2948 5465 desunt
3002 5411 3053 5464 5.

3155 5411 3223 5442 ἰτ
3274 5419 3338 5467 et‘
3375 5426 3424 5468 ι’.
3474 5414 3665 5467 desunt
3714 5411 3769 5467 3.

530 5482 599 5512 "'
636 5480 911 5534 Romae—
945 5495 1073 5532 ann.
1108 5477 1227 5531 XVI
1269 5480 1498 5549 primum
1542 5492 1680 5549 anno
1703 5475 1995 5549 827,utu_m
2031 5492 2183 5549 anno
2206 5477 2312 5531 828
2344 5477 2615 5549 adscripta
2656 5491 2776 5533 sunt
2806 5483 2860 5534 in
2894 5481 2943 5534 I.
3020 5480 3088 5516 ¹¹⁹
3126 5478 3189 5534 Ε.
3231 5479 3295 5536 R.
3342 5498 3394 5536 a.
3421 5482 3477 5537 d.
3514 5481 3632 5548 ,ἠως
3664 5480 3775 5535 alio

533 5551 678 5632 (uniti
713 5548 1035 5632 “188.2.otr.
1085 5550 1132 5601 I.
1213 5543 1376 5632 “fab
1394 5562 1465 5632 eo
1502 5545 1755 5632 alio‘otr.
1791 5623 1805 5632 Δ
1834 5544 1900 5632 ξ¹¹
1922 5543 2034 5632 luxti
2062 5547 2294 5632 primum
2332 5564 2384 5627 ᾳ.
2410 5543 2533 5614 843ξ
2571 5558 2684 5603 tum
2714 5568 2767 5602 α.
2792 5549 3227 5632 Μικσάξενὶρεᾳ
3266 5560 3388 5632 ξιιμ
3432 5551 3497 5632 1..
3515 5543 3535 5632 Ἰ
3562 5551 3633 5583 ²⁸¹

531 5614 759 5691 primum
784 5636 835 5671 α.
863 5614 988 5683 844,
1017 5626 1129 5691 tum
1167 5617 1371 5691 μελε.
1393 5615 1664 5691 adscripta
1686 5623 1805 5667 sunt
1842 5614 1886 5691 Ι.
1957 5614 2034 5691 βυ
2056 5626 2104 5691 et
2126 5615 2236 5670 haec
2263 5615 2492 5691 primum
2518 5635 2655 5691 anno
2687 5620 2944 5691 superiori
2971 5614 3241 5691 adscripta
3264 5621 3427 5689 fuisse
3446 5620 3693 5675 videntur
3726 5620 3775 5691 I.

535 5685 604 5719 ω
637 5687 819 5742 Ποπιςὲ
837 5718 907 5727 ——
926 5687 1268 5743 conﬁrmavit
1304 5688 1431 5759 item?
1451 5685 1595 5759 aheno
1631 5701 1683 5737 a.
1712 5685 1969 5759 superiori
1998 5685 2228 5759 primum
2254 5686 2527 5759 adscripta
2567 5685 2777 5759 {iterant
2803 5690 2852 5744 ι.
2929 5691 2999 5722 ³⁸⁸
3028 5691 3113 5745 hic
3142 5685 3384 5759 sum
3408 5706 3597 5747 "usus
3616 5700 3697 5746 est
3724 5689 3779 5743 i.

536 5760 604 5789 m
628 5759 734 5816 lucc
758 5760 811 5814 in
840 5760 1074 5830 margine
1099 5773 1258 5826 supra
1288 5772 1339 5809 ιι.
1366 5756 1472 5811 850
1505 5755 1760 5810 habentur
1793 5755 1838 5809 I.
1869 5785 1933 5795 -ν
1968 5770 2108 5810 anno
2131 5754 2255 5813 852.
2288 5754 2632 5826 adscriptu'ﬁ.
2974 5782 2979 5787 ι
