3970 6364
177 368 317 444 isis

1061 383 1345 442 APPEND.
1386 382 1472 438 ill.
1514 413 1582 425 -—
1615 383 2042 441 MONUMENTA
2084 385 2546 444 GRECORIANA.

3297 392 3432 446 13.30

175 499 391 554 Rabani
438 498 890 568 Mogontiaccnsis
941 499 1330 568 archiepiscopi
1381 499 1433 552 in
1479 509 1745 553 conventu
1777 503 1823 559 Α
1916 501 2042 554 864.
2084 501 2423 556 Guntharius
2469 495 3153 574 (Iuluniensis'episcopalc
3195 504 3428 559 ell'ni'uu

174 593 564 662 episcoporum
598 591 918 660 Mogontiaci
956 593 1123 658 (conc.
1162 591 1349 660 .llog.),
1376 591 1654 645 confutata
1676 599 1758 647 cst

178 683 396 752 heresis
430 681 1057 744 Przedcstinatianerum,
1101 697 1333 750 quorum
1363 682 1538 750 capita
1571 683 1759 736 beatus

175 773 521 842 Augustinus
545 771 810 840 confregit
833 766 1269 839 atquc'eontririt
1299 772 1351 824 in
1379 771 1519 825 libro
1541 772 1607 826 dc
1631 786 1757 825 cor-

174 859 430 932 reptione
459 870 513 916 et
550 862 721 931 gratia
755 869 808 915 et
834 859 1326 930 .przcdestinationc
1356 871 1664 917 sanctorum
1695 879 1757 915 ac

179 956 314 1009 bono
336 956 740 1025 peisererantite
762 955 855 1008 ¹¹⁷.

250 1045 382 1100 848.
423 1045 774 1099 Gotescalcus
805 1045 1023 1114 quidam
1053 1044 1338 1113 presbiter,
1369 1048 1634 1116 quosdam
1666 1047 1760 1102 ho-

180 1138 364 1191 mines
393 1136 461 1189 ad
499 1136 686 1200 vitam,
735 1136 999 1204 quosdam
1029 1137 1094 1190 ad
1122 1143 1349 1190 mortem
1381 1138 1760 1193 iaevitabilitcr

180 1243 212 1281 a
242 1226 358 1281 Deo
386 1227 799 1296 prmdestinatos
826 1227 1220 1297 dogmatizans,
1254 1230 1306 1282 iu
1347 1242 1612 1284 conventu
1651 1232 1761 1301 cpi-

181 1333 478 1387 scoporum
503 1317 822 1388 Mogontiaci
846 1318 1151 1383 convictus,
1180 1336 1345 1390 regno
1369 1323 1679 1390 expellitur.

254 1408 383 1462 849.
424 1408 613 1478 Augia:
637 1407 1010 1463 Walahfridus
1037 1408 1236 1463 Strabo
1260 1411 1428 1465 ablzas
1466 1413 1626 1478 obiit;
1661 1429 1758 1483 pro

181 1514 297 1568 quo
325 1495 624 1552 Folcuiuus
659 1498 827 1552 abbas
857 1500 978 1552 l3"s
1019 1499 1232 1569 prchuit
1261 1501 1418 1556 annis
1444 1504 1496 1555 9.

256 1588 385 1642 850.
429 1587 618 1658 Magna
651 1588 822 1644 fames
848 1590 990 1645 circa
1019 1589 1296 1654 Rhenum,
1325 1593 1379 1645 in
1402 1610 1508 1661 qua
1539 1592 1757 1648 Bhaba-

184 1695 294 1735 nus
320 1681 762 1750 archiepisc0pus
786 1680 986 1734 multos
1012 1698 1276 1751 pauperes
1299 1685 1448 1738 aluit.

263 1770 387 1824 852.
431 1769 622 1840 Magna
663 1771 892 1824 sinodus
925 1780 979 1824 et
1022 1773 1289 1841 generalis
1313 1786 1612 1829 conventus
1645 1775 1758 1829 Mo-

187 1859 430 1928 gontiaci
461 1875 490 1912 a
519 1858 781 1912 llhabano
805 1859 1213 1939 archicpiscom
1235 1870 1288 1914 et
1315 1861 1606 1918 Ludowico
1636 1881 1758 1935 rege

189 1947 430 2002 habitus.

259 2037 388 2091 853.
426 2035 762 2091 Nordmanni
785 2038 1064 2093 basilicam
1086 2039 1258 2093 sancti
1279 2039 1494 2094 Martini
1522 2039 1758 2099 Turonis

188 2125 509 2183 incendunt.

259 2221 388 2274 855.
432 2220 724 2275 Lotharius
761 2222 1073 2291 imperator,
1102 2223 1292 2278 relicto
1327 2225 1530 2280 mundo
1550 2225 1756 2283 diviso-

188 2325 298 2382 que
335 2310 478 2364 inter
508 2310 649 2364 filios
676 2326 865 2380 regno,
905 2313 1230 2367 monachum
1256 2330 1315 2368 se
1343 2313 1576 2372 Prumia:
1609 2315 1755 2384 fecit,

186 2406 242 2452 et
269 2411 378 2450 non
405 2397 575 2450 multo
607 2406 746 2466 post,
769 2397 822 2449 '5.
848 2395 965 2450 Kal.
993 2396 1184 2450 Octob.
1210 2398 1278 2451 ad
1312 2413 1534 2468 regnum
1561 2401 1759 2456 celeste

189 2487 463 2562 migravit.
493 2485 621 2540 Post
643 2501 804 2555 quem
832 2484 926 2537 ﬁlii
950 2485 1070 2554 ejus
1102 2484 1428 2542 Ludowicus
1467 2490 1759 2560 imperator

187 2581 424 2648 Italiam,
454 2588 509 2635 ct
533 2579 826 2635 Lotharius
848 2578 1150 2650 Cisalpinas
1183 2591 1364 2651 partes
1395 2584 1543 2653 regni
1579 2594 1761 2639 tenue-

188 2679 341 2723 runt.

261 2758 387 2813 856.
429 2757 752 2829 Mogontiaci
770 2757 1033 2811 Rhabano
1052 2756 1460 2824 archiepiscopo
1480 2757 1754 2823 defuncto,

191 2850 461 2905 successit
509 2846 967 2914 Karolus,..lilius
1008 2845 1185 2915 Pipini
1234 2847 1376 2915 regis
1431 2847 1752 2916 Aquitaniae.

191 2938 382 2992 Roma:
416 2936 596 2990 Leone
631 2933 923 3000 defuncto,
953 2933 1110 2987 106us
1142 2932 1465 2989 Benedictus
1495 2935 1582 3002 ΙΙΙ,
1618 2953 1756 3008 papa

191 3026 336 3080 sedit
355 3025 514 3078 annis
535 3023 593 3088 2,
624 3023 905 3077 mensibus
935 3022 988 3075 6.
1081 3061 1086 3072 ,

1858 599 1982 658 post
2005 590 2348 645 interdictum
2382 608 2675 662 usurpans,
2707 603 2788 648 set
2829 604 3013 662 postea
3048 595 3246 648 ductus
3280 595 3431 664 prni-

1860 679 2026 732 tcntia
2067 678 2292 734 Romam
2325 681 2496 746 venit,
2541 690 2625 737 set
2665 682 2886 737 minimc
2921 684 3262 738 reconciliari
3309 700 3427 737 mc-

1858 768 1986 822 ruit.
3132 767 3136 770 ’

1928 859 2052 912 865.
2093 859 2356 912 Arscnius
2405 860 2715 932 episcopus,
2759 861 2967 919 Nicolai
3004 879 3154 933 papa:
3198 864 3427 936 legatus,

1861 947 1960 1017 ipsi
1993 947 2253 1003 Lothario
2281 951 2438 1002 tidem
2463 952 2682 1005 conubii
2706 968 2801 1022 per
2825 961 3165 1010 sacramenta
3195 954 3259 1007 l2
3289 956 3432 1023 prin-

1859 1041 2036 1109 cipum
2090 1055 2314 1094 suorum
2360 1042 2664 1110 pollicenti,
2717 1041 3088 1115 Tiothpirgam
3144 1045 3430 1116 coniugem

1859 1132 2260 1186 reconciliatam
2298 1133 2544 1186 reddidit.
2821 1193 2826 1201 λ

1929 1222 2050 1276 866.
2096 1221 2315 1292 Vulgari
2345 1223 2528 1278 missis
2554 1240 2586 1278 a
2611 1222 2832 1280 Nicolao
2874 1242 3008 1296 papa
3043 1235 3097 1280 et
3139 1224 3431 1284 Ludowico

1860 1330 1986 1383 rege
2023 1314 2480 1383 praulicatorihus,
2512 1314 2669 1370 fidem
2691 1315 2893 1370 Christi
2919 1318 3240 1386 suscipiunt.

1929 1403 2051 1456 867.
2094 1401 2385 1459 Lotharius
2415 1421 2506 1458 rex
2557 1405 2878 1474 posthabitis
2905 1408 3208 1477 principum
3244 1424 3430 1464 sacra-

1859 1495 2092 1556 mentis,
2135 1493 2503 1563 Thiotpirgaut
2550 1498 2846 1564 repudiarit
2898 1498 3092 1552 iterum
3118 1539 3132 1560 ,
3169 1513 3229 1553 se
3264 1498 3431 1567 priori

1860 1585 2175 1639 concubinae.
2218 1586 2598 1640 commiscens.
2648 1585 2942 1640 υητιυυιιιη
2994 1605 3128 1657 papa
3179 1587 3432 1642 Nicolaus

1861 1691 1983 1730 cum
2033 1677 2146 1729 suis
2179 1677 2534 1744 coutplitibus
2576 1680 3098 1743 cxconuumiicavit,
3149 1679 3318 1732 literis
3366 1678 3432 1732 ad

1859 1767 2102 1822 diversos
2131 1769 2335 1822 missis.

1795 1825 1834 1876 Β
1931 1859 2052 1911 868.
2098 1857 2348 1928 Synodus
2377 1875 2568 1927 magna
2593 1875 2773 1913 coram
2804 1858 3094 1912 Ludowico
3127 1874 3246 1929 rege,
3277 1856 3432 1911 colli-

1859 1949 2004 2018 gitur
2069 1947 2402 2017 Wormatim.
2456 1949 2638 2003 Itonia:
2697 1949 2954 2002 defuncto
2999 1965 3135 2018 papa
3189 1947 3431 2014 Nicolao,

1860 2038 2018 2090 103M
2049 2039 2318 2090 Adrianus
2342 2038 2380 2088 ll
2431 2039 2565 2090 sclit
2595 2039 2751 2092 annis
2777 2040 2828 2091 5.
2864 2040 2943 2092 Ad
2978 2056 3140 2108 quem
3171 2056 3294 2092 eum
3328 2038 3432 2092 Lo-

1856 2128 2068 2181 tharius
2097 2144 2184 2179 rex
2213 2128 2466 2186 venisset,
2495 2137 2545 2179 et
2577 2129 2775 2180 frustra
2805 2129 3101 2196 opitulante
3129 2129 3292 2182 fratre
3325 2127 3434 2180 Lu-

1857 2218 2070 2273 dovrico
2108 2219 2455 2286 imperatore,
2500 2233 2597 2285 pro
2630 2217 2933 2272 Wahlradac
2961 2219 3279 2272 concubinae
3320 2234 3434 2272 suzc

1855 2308 2206 2362 matrimonio
2254 2306 2387 2359 satis
2423 2306 2654 2374 egisset,
2711 2307 2874 2361 nichil
2927 2308 3149 2376 profuit.
3213 2306 3426 2377 (lineis.

1858 2397 2054 2454 Chron.
2089 2413 2138 2450 a.
2187 2396 2336 2464 869.)
2374 2394 2454 2448 Ea
2478 2397 2547 2427 ”'
2576 2396 2785 2464 quidem
2823 2397 3054 2450 conditio
3099 2399 3149 2449 ei
3182 2399 3430 2462 dabatur,

1856 2499 1913 2542 ut
1954 2490 2000 2542 si
2030 2489 2267 2541 innocens
2309 2496 2458 2549 esset,
2503 2485 2828 2554 ﬁducialiter
2855 2501 3040 2554 corpus
3073 2486 3284 2539 Domini
3316 2505 3431 2556 per-

1857 2578 2081 2646 ciperet;
2114 2576 2197 2629 sin
2231 2591 2370 2639 vero,
2415 2574 2550 2626 illud
2595 2572 2894 2625 nullatenus
2940 2574 3175 2641 accipere
3220 2590 3427 2642 prmu-

1857 2675 2037 2719 rneret.
2067 2663 2155 2719 Set
2190 2665 2298 2733 ipse
2323 2665 2633 2717 tenterarius
2657 2663 2896 2727 accessit,
2920 2673 2968 2716 et
2997 2680 3116 2715 cum
3141 2664 3250 2716 suis
3286 2681 3432 2717 com-

1855 2754 2078 2823 plicibus
2114 2752 2414 2806 inevitabile
2435 2751 2702 2820 judicium
2730 2753 2834 2804 sibi
2859 2767 3055 2821 suoque
3082 2768 3238 2822 regno
3256 2795 3271 2819 ,
3299 2753 3395 2807 heu
3413 2753 3434 2806 .'

1857 2845 2077 2897 nimium
2121 2844 2350 2908 demens,
2395 2843 2644 2911 percepit.
2690 2829 2834 2893 Nam
2885 2850 3034 2894 tanta
3086 2841 3262 2895 clades
3291 2832 3433 2898 hanc

1856 2935 2313 3004 prwsumptionem
2333 2933 2587 2988 divinitus
2614 2934 2890 2988 subsecuta
2919 2940 3016 2996 est,
3041 2941 3096 2983 ut
3115 2933 3167 2983 in
3197 2932 3433 3000 ejusdem

1857 3025 2098 3078 Lotharii
2131 3039 2305 3093 regno,
2333 3034 2444 3078 tota
2471 3026 2637 3079 virtus
2658 3041 2718 3078 ac
2742 3023 3015 3089 nobilitas,
3052 3038 3155 3074 non
3188 3031 3330 3090 peste
3355 3029 3432 3074 set

265 3113 391 3170 857.
433 3113 684 3186 Synodus
715 3129 746 3168 a
774 3111 972 3167 Karolo
999 3111 1406 3181 archiepiscopo
1429 3111 1755 3185 Mogontiaci
1784 3148 1825 3206 Ο
1857 3117 2010 3186 quasi
2032 3115 2213 3168 hostili
2238 3113 2439 3184 gladio,
2467 3114 2640 3168 deleta
2668 3115 2952 3167 videretur.

189 3205 485 3274 colligitur.

265 3295 398 3348 858.
432 3294 627 3349 Villam
686 3294 961 3362 quandam
1026 3293 1182 3364 juxta
1241 3293 1648 3364 Mogonciacum
1704 3307 1759 3353 et

193 3383 469 3451 Rhenum,
499 3383 808 3442 Cammunti
834 3393 1102 3454 vocatam,
1129 3400 1360 3454 nequam
1401 3387 1624 3454 spiritus
1659 3387 1758 3441 ho-

194 3476 374 3530 mines
422 3447 791 3545 multipliciter
839 3447 1147 3549 infestasido
1195 3447 1512 3531 devastarit.
1573 3477 1758 3532 Romae

135 3603 139 3606 -
192 3577 322 3638 post
341 3563 690 3622 Benedictum
723 3567 882 3620 107'"
909 3565 1162 3644 Nicolaus
1190 3573 1324 3637 papa
1356 3568 1494 3622 sedit
1514 3570 1674 3623 anuis
1700 3569 1752 3623 9.

265 3657 389 3712 859.
427 3657 616 3712 Crebri
670 3667 841 3714 terra:
878 3652 1059 3714 mollis
1109 3658 1506 3731 Mogontiacum
1552 3675 1758 3716 conon.-

192 3747 338 3803 tiunt
363 3765 377 3815 ;
402 3749 583 3818 ibique
607 3747 818 3822 Probus
835 3750 1099 3820 presbiter
1119 3751 1405 3822 religiosus
1437 3759 1492 3807 et
1515 3761 1755 3819 sanctus,

195 3836 248 3890 7.
275 3837 393 3892 Kal.
420 3837 549 3893 Julii
576 3841 730 3894 obiit.
862 3847 867 3856 ·
909 3885 922 3919 λ
1657 3829 1660 3833 ’

265 3926 390 3981 860.
429 3926 650 3998 Hiemps
683 3930 920 3986 maxima
948 3933 1112 3986 etiam
1142 3931 1355 3988 Ionium
1399 3949 1550 4013 mare
1584 3948 1758 4004 usque

190 4015 250 4069 in
287 4014 564 4070 Venetiam
600 4031 696 4086 per
723 4018 945 4088 glaciem
974 4021 1129 4088 equis
1151 4022 1378 4076 meabile
1401 4021 1546 4076 fecit.

266 4103 777 4176 86l.'Meginradus
833 4107 1021 4178 Augize
1073 4109 1411 4175 monachus,
1454 4119 1508 4164 et
1549 4111 1756 4179 primus

191 4196 374 4250 incola
397 4197 602 4251 heremi
632 4195 755 4266 qua:
793 4196 1052 4253 Turicino
1076 4198 1285 4268 adjacet
1305 4199 1442 4254 Iacui
1474 4215 1503 4255 a
1525 4201 1755 4270 quibus-

190 4285 319 4340 dam
341 4285 642 4341 latronibus
676 4286 806 4341 inibi
834 4287 918 4341 12.
952 4287 1069 4342 Kal.
1095 4287 1250 4342 Febr.
1279 4298 1608 4359 peremptus,
1636 4299 1758 4360 post

190 4381 428 4428 mortem
455 4373 746 4429 virtutibus
779 4374 993 4441 claruit,
1037 4374 1223 4446 Augiaa
1264 4377 1523 4446 sepultus.
1566 4378 1608 4430 A
1646 4394 1756 4449 quo

1927 3206 2050 3260 869.
2102 3204 2393 3259 Lotharius
2450 3222 2542 3258 rex
2601 3220 2724 3258 cum
2758 3202 3139 3274 {complicibus
3197 3203 3314 3257 suis
3375 3218 3434 3257 se

1857 3297 1998 3366 apud
2021 3310 2214 3366 papam
2257 3295 2553 3349 Adriantnn
2603 3295 2668 3349 de
2700 3295 2863 3350 illatis
2907 3294 3229 3348 criminibus
3270 3310 3435 3349 excu-

1857 3401 1986 3440 sans
2006 3393 2060 3438 et
2089 3399 2290 3454 corpus
2324 3383 2538 3439 Domini
2584 3375 2872 3438 temerarie
2925 3385 2995 3438 ab
3027 3400 3094 3438 co
3138 3383 3431 3451 accipiens,

1855 3489 1981 3528 cum
2010 3473 2210 3528 rediret
2263 3473 2509 3532 domum.
2548 3471 2838 3526 Placentia:
2860 3471 3052 3539 periit;
3106 3479 3434 3538 autoresquc

1857 3564 2079 3618 sceleris
2109 3577 2244 3632 pene
2266 3576 2457 3615 omnes
2478 3561 2656 3616 obiter
2682 3561 2907 3631 periere.
2936 3556 3292 3632 Regnumquc
3314 3561 3434 3630 ejus

1858 3654 2092 3710 Karolus
2119 3663 2348 3723 patruus
2367 3653 2491 3722 ejus
2515 3652 2734 3708 invasit.
3359 3642 3375 3665 ‘

1927 3744 2049 3800 870.
2093 3743 2343 3814 Synodus
2391 3760 2583 3812 magna
2616 3743 2858 3798 Colonia:
2899 3744 3146 3807 collecta,
3175 3749 3228 3797 et
3263 3740 3433 3794 multa

1857 3851 1955 3906 pro
1977 3843 2120 3890 statu
2159 3834 2382 3888 mclcsize
2409 3818 2644 3887 decreta.

1925 3926 2050 3980 871.
2072 3925 2283 3995 (Bacis.
2302 3923 2523 3993 Chron.)
2540 3923 2609 3954 ¹¹⁹
2622 3922 2936 3974 Ludowicus
2954 3921 3240 3988 imperator
3263 3919 3403 3972 Δάαι
3424 3948 3435 3959 -

1854 4018 1968 4087 giso
2017 4025 2240 4085 tyranno
2255 4029 2346 4082 per
2388 4020 2780 4066 sacramentum
2799 4011 3198 4080 repaciﬁcatur;
3228 4020 3435 4080 quota-

1856 4123 1971 4160 men
1992 4112 2322 4158 sacramento
2367 4121 2485 4156 eum
2507 4112 2622 4172 post
2668 4101 2902 4156 Joannes
2929 4119 3067 4172 papa
3111 4101 3355 4167 absolrit,
3385 4110 3437 4155 et

1854 4214 1972 4253 eum
1997 4205 2178 4250 contra
2195 4196 2414 4248 eundem
2432 4196 2700 4248 tirannum
2725 4195 2969 4247 incitavit
3008 4194 3078 4246 ad
3111 4191 3432 4245 bellandum.

1926 4291 2050 4347 872.
2093 4289 2328 4343 Basilius
2351 4288 2645 4357 imperator
2665 4285 2961 4340 Grecorum
2985 4283 3289 4352 portionem
3331 4281 3432 4335 do-

1839 4365 2069 4440 minica
2089 4380 2268 4436 crucis
2302 4379 2592 4431 Ludowico
2619 4376 2731 4445 regi
2756 4375 3076 4429 transmisit.

191 4478 371 4534 usque
411 4463 572 4519 hodie
623 4462 887 4519 Heremus
916 4465 1034 4534 ipsa
1076 4479 1110 4519 a
1140 4466 1346 4520 sanctis
1390 4473 1446 4520 et
1493 4467 1760 4537 religiosis
1792 4466 1867 4520 D.
1929 4474 2052 4527 873.
2092 4470 2277 4525 Romae
2333 4465 2588 4522 defuncto
2643 4465 2914 4531 Adriano,
2972 4464 3130 4520 109ml
3195 4463 3434 4520 Joannes

189 4557 329 4613 viris
357 4556 526 4622 culta,
549 4558 604 4612 in
631 4559 810 4614 nobile
827 4559 1068 4614 excrevit
1099 4559 1409 4614 oenobinm.

1866 4561 1980 4617 Vlll
2023 4576 2162 4632 papa
2187 4558 2325 4614 sedit
2369 4558 2528 4612 annis
2563 4556 2627 4611 10
2655 4557 2746 4623 ²³⁰,
2775 4557 2926 4627 cujus
2957 4566 3218 4629 pracepto
3257 4556 3431 4610 Joan-

165 4651 169 4653 “
262 4645 390 4700 882.
448 4644 743 4704 Lotharius
813 4665 907 4704 rex
967 4648 1274 4704 faventibus
1343 4640 1780 4718 archiepiscopis.
1861 4669 1949 4707 nes
1978 4653 2231 4706 diaconus
2257 4649 2507 4704 Romana:
2531 4649 2755 4705 wclesic
2787 4650 2951 4704 vitam
2975 4647 3150 4703 sancti
3195 4646 3436 4718 Gregorii

189 4734 499 4791 Gunthario
529 4735 853 4794 Coloniense
895 4748 950 4794 et
987 4739 1376 4809 Tbeothgaudo
1409 4735 1758 4804 Trevarensc,

190 4825 500 4897 repudiavit
529 4825 906 4899 Tiotbpirgam
950 4845 1174 4885 uxorem
1217 4830 1532 4901 legitimam,
1567 4831 1760 4888 sinodo

190 4917 262 4973 ad
293 4918 398 4972 hoc
417 4917 837 4974 machinandum
863 4921 1106 4975 collecta.

263 5008 390 5064 863.
434 5007 652 5080 Synodo
718 5006 906 5065 Romae
967 5011 1193 5065 collecta
1220 5050 1236 5075 ,
1299 5010 1633 5069 Guntharius
1706 5023 1762 5070 et

192 5097 620 5170 Theothgaudus
663 5099 1052 5168 archiepiscopi
1095 5099 1225 5155 illuc
1253 5104 1578 5169 transmissi,
1608 5120 1640 5158 a
1662 5103 1758 5157 Ni-

191 5188 390 5242 cholao
411 5205 546 5260 papa
569 5200 695 5246 sunt
708 5190 959 5260 depositi,
975 5196 1030 5245 et
1048 5204 1171 5244 cum
1189 5193 1394 5262 synodo
1409 5208 1508 5248 sua
1533 5194 1757 5248 anathe-

193 5277 459 5343 matizati,
482 5279 876 5337 Lothariusnue
897 5296 1010 5348 rex,
1036 5279 1141 5334 nisi
1161 5282 1519 5351 resipisccrct,
1545 5299 1761 5338 excom-

193 5367 507 5424 munieatns
528 5379 631 5426 est.

1859 4745 2154 4799 autltentice
2178 4743 2477 4813 descripsit.
2504 4777 2505 4782 η

1929 4836 2052 4892 874.
2087 4833 2344 4890 ~Ratolfus
2393 4827 2726 4886 Veronensis
2769 4827 3062 4898 episcOpus
3117 4829 3286 4896 obiit,
3337 4831 3430 4900 qui

1860 4929 1945 4984 sui
1972 4926 2209 4983 nominis
2229 4925 2418 4980 cellam
2449 4920 2755 4976 construxit
2776 4920 2931 4990 juxta
2964 4919 3194 4992 Augiam

1927 5019 2051 5072 875.
2094 5015 2418 5070 Ludowicus
2444 5013 2737 5089 imperator
2767 5009 2933 5066 Italia:
2977 5009 3287 5079 defunctus,
3319 5009 3432 5065 Me-

1857 5106 2057 5162 diolani
2086 5105 2366 5175 sepelitur,
2395 5119 2542 5158 anno
2563 5103 2717 5173 regni
2745 5101 2859 5156 20°.
2890 5102 3061 5172 Cujus
3081 5117 3304 5174 regnum
3330 5117 3428 5170 pa-

1859 5205 2016 5251 truus
2041 5195 2158 5265 ejus
2194 5193 2427 5248 Karolus
2453 5208 2545 5247 rex
2571 5191 2870 5248 Galliarum
2897 5190 3178 5257 invadens,
3204 5205 3236 5244 a
3259 5187 3426 5245 Joan-

1859 5302 1926 5340 ne
1955 5301 2091 5356 papa
2115 5300 2172 5339 se
2197 5285 2579 5354 imperatorem
2619 5283 2870 5338 coronari
2894 5280 3038 5338 fecit.

1931 5375 2054 5430 876.
2099 5373 2424 5432 Ludowicus
2464 5389 2561 5432 rex
2593 5373 2882 5446 religiosus
2929 5369 3072 5443 apud
3111 5367 3425 5424 Francono-

1456 5460 1687 5564 vinus
1720 5507 2117 5566 LECTIONES.

263 5638 334 5716 ’ξ’
635 5629 1024 5716 σιτςπυράιο
1045 5615 1250 5716 diverso
1272 5637 1538 5716 l._desunt
1562 5638 1646 5716 3.__
1693 5641 1765 5675 ⁸⁸⁸
1805 5641 1933 5716 Haec
1961 5641 2214 5716 in'rnarg.
2247 5643 2356 5696 alio
2387 5648 2683 5716 atramento
2715 5639 2764 5694 Ι.
2811 5638 2963 5694 Anno
2995 5636 3118 5694 869.
3157 5636 3424 5707 adscripta

196 5709 252 5763 in
285 5707 340 5761 2-.
417 5705 486 5737 ”'
522 5703 630 5758 hac
652 5703 832 5757 eadem
867 5703 1040 5762 'mauu
1095 5710 1284 5764 addita
1319 5710 1366 5763 1.
1443 5708 1512 5740 ’⁸⁸
1551 5707 1753 5778 reliqua
1787 5712 1974 5766 addita
2012 5711 2120 5765 alio
2159 5703 2452 5765 atramento
2482 5709 2529 5762 Ι.
