3970 6380
498 459 627 518 1551

1473 448 1563 503 AD
1597 396 1820 504 OPEBA
1863 446 1920 500 S.
1956 443 2280 527 GBECORII
2319 441 2751 502 APPENDICES.

3603 441 3750 496 {532

494 572 608 626 furt
636 569 668 623 5
719 563 836 620 Kal.
869 544 1204 633 Septembris
1249 569 1404 627 omit,
1430 575 1590 632 ,anno
1631 561 1782 630 regni
1826 559 1937 624 50",
1977 574 2061 612 re-
2089 564 2136 620 Α
2229 541 2353 612 892.
2399 555 2580 610 Roma:
2631 563 2752 624 post
2796 551 3129 621 Stephanum
3184 549 3527 616 Formosus,
3583 555 3746 621 prius

494 672 767 735 gpurnque
808 656 928 726 ejus
956 662 1067 708 tres
1111 652 1231 715 ﬁlii,
1284 651 1685 706 Karlozuannus
1732 649 2062 718 Bajoariam,

494 749 818 806 Ludowicus
845 743 1220 808 Germaniam,
1251 741 1482 797 Karolus
1508 739 1907 805 Alemanniam,
1950 739 2066 794 sin-

493 841 603 913 guli
626 854 749 894 cum
777 834 1149 904 adiacentibus
1173 833 1468 915 provinciis
1503 845 1780 900 accepere.

563 929 686 984 877.
727 926 960 981 Karolus
1017 940 1112 979 rex
1167 924 1465 978 Galliarum
1512 921 1668 987 obiit,
1721 935 1864 974 anno
1912 921 2064 991 regni

492 1021 603 1074 37°.
634 1018 765 1073 Post
797 1031 958 1086 quem
992 1014 1136 1069 filius
1177 1014 1296 1083 ejus
1352 1011 1679 1067 Ludowicus
1724 1009 1924 1064 Balbus
1974 1025 2064 1064 re-

496 1123 661 1180 gnum
687 1107 981 1164 Galliarum
1000 1104 1236 1180 accepit.

562 1199 684 1254 878.
729 1191 1057 1252 Ludowicus
1078 1210 1174 1248 rex
1196 1192 1499 1248 Germania:
1525 1207 1652 1247 cum
1677 1189 1846 1245 fratre
1865 1188 2064 1245 Karolo

494 1305 721 1358 regnum
746 1286 994 1342 Lotharii
1020 1284 1223 1339 divisit.

565 1363 707 1434 379.
733 1377 1060 1432 Ludowicus
1095 1375 1316 1441 Balbus,
1343 1374 1487 1428 illius
1513 1371 1719 1432 Karoli.
1744 1386 1839 1427 rex
1870 1369 2066 1425 Gallia-

492 1479 636 1534 rum,
668 1469 702 1522 3
723 1467 847 1523 ldus
909 1461 1110 1538 Aprilis
1131 1465 1449 1535 Compendii
1475 1464 1628 1518 obiit.

565 1561 687 1615 880.
731 1560 1135 1619 Karlomannus
1191 1576 1287 1614 rex
1351 1559 1613 1630 Bajoarire
1675 1556 1820 1628 apud
1879 1555 2063 1610 villam

494 1648 742 1722 Otingam
769 1651 924 1716 obiit,
961 1652 1020 1704 il
1060 1650 1282 1704 Kalend.
1320 1651 1538 1720 Aprilis.

568 1741 690 1796 88l.
730 1739 1064 1796 Nordmanni
1107 1742 1305 1796 multas
1327 1739 1635 1810 provincias
1679 1738 1733 1792 in
1772 1737 1942 1794 Gallia
1969 1753 2065 1791 va-

495 1839 656 1888 stant.
677 1830 908 1888 Karolus
925 1849 1039 1896 rex,
1071 1830 1237 1886 frater
1251 1831 1550 1896 Ludowici,
1575 1829 1802 1884 Romam
1815 1815 2060 1894 veniens,

2160 645 2480 702 Portuensis
2518 647 2828 715 episcopus,
2880 657 3019 712 papa
3069 642 3253 708 113‘",
3301 643 3442 697 sedit
3485 646 3647 698 annis
3685 645 3742 708 ιι,

2161 738 2443 792 mensibus
2481 735 2532 790 7.

2231 828 2356 882 895.
2396 825 2695 880 Formosus
2734 839 2872 895 papa
2920 821 3208 878 Arnolfum
3247 838 3429 893 regem
3464 823 3535 876 ad
3558 824 3747 878 susci-

2161 918 2412 988 piendam
2437 925 2489 970 et
2513 933 2542 969 a
2569 915 2814 986 tyrannis
2838 914 3136 969 eruendam
3169 912 3377 968 Italiam
3412 913 3626 967 invitat.

2231 1007 2355 1062 895.
2398 1005 2467 1037 '”
2491 1003 2741 1076 Synodus
2763 1018 2958 1074 magna
2987 1002 3130 1071 apud
3151 1001 3458 1056 Triburiam
3486 1002 3742 1056 collecta.

2163 1096 2403 1167 Itemque
2425 1111 2519 1150 rex
2543 1111 2574 1149 a
2600 1109 2736 1164 papa
2762 1102 3008 1165 rogatus,
3043 1091 3253 1146 Italiam
3275 1092 3429 1162 petit.

2233 1187 2356 1244 896.
2397 1185 2658 1242 Arnolqu
2709 1201 2804 1240 rex
2858 1184 3078 1240 tandem
3123 1183 3352 1238 Romam
3384 1184 3555 1250 venit,
3611 1192 3666 1238 et
3707 1198 3743 1238 a

2163 1278 2428 1334 Formoso
2451 1290 2588 1348 papa
2615 1277 2910 1346 imperator
2933 1282 3230 1330 coronatus
3272 1282 3374 1329 est.
3431 1273 3743 1328 Formosus

2161 1386 2303 1440 papa
2340 1370 2427 1425 die
2447 1369 2663 1440 paschae
2706 1367 2858 1421 obiit.
2891 1365 2998 1421 Pro
3032 1379 3146 1436 quo
3189 1373 3372 1420 sextus
3421 1363 3744 1420 Bonifacius

2163 1477 2300 1531 papa
2326 1461 2482 1515 Ηιιι·
2530 1459 2855 1524 οτάίηειιιιε,-
2886 1457 2975 1512 I5°
3024 1457 3113 1513 die
3158 1456 3398 1527 podagra
3445 1453 3744 1510 defunctus

2161 1561 2263 1609 est.

2232 1641 2355 1697 897.
2397 1641 2466 1673 '”
2487 1639 2590 1696 Cui
2611 1647 2797 1695 sextus
2836 1637 3145 1709 Stephanus
3169 1651 3307 1707 papa
3336 1635 3513 1692 I15“.
3528 1637 3743 1692 substi-

2162 1742 2335 1798 tutus,
2361 1732 2497 1787 sedit
2519 1746 2724 1786 annum
2748 1731 2798 1784 l.
2822 1729 2926 1797 Qui
2949 1729 3196 1800 tyrannis
3222 1727 3374 1782 favit.

2233 1823 2356 1878 898.
2397 1823 2466 1855 ’⁸⁸
2495 1822 2682 1876 Romae
2707 1830 2832 1891 post
2851 1819 3110 1890 Stephani
3140 1819 3418 1872 interitum
3450 1816 3741 1874 Romanus

495 1938 604 1976 una
628 1937 752 1976 cum
780 1923 962 1992 regina
993 1921 1298 1991 Richgarda
1329 1922 1594 1994 imperiali
1627 1921 1882 1974 unctione
1916 1934 1946 1973 a
1980 1917 2067 1972 Jo—
2097 1897 2140 1952 Β
2165 1927 2300 1982 papa
2331 1913 2488 1966 Ηϐυι
2542 1913 2680 1967 sedit
2720 1910 3002 1966 mensibus
3046 1909 3209 1979 paulo
3264 1909 3389 1977 plus
3417 1910 3471 1974 4,
3521 1915 3576 1963 et
3613 1903 3753 1978 post~

496 2025 635 2065 anne
657 2027 793 2081 papa
815 2021 1128 2076 coronatur,
1159 2013 1223 2042 ²³¹
1256 2022 1303 2064 et
1329 2029 1503 2065 omnes
1532 2011 1791 2064 Italorum
1815 2010 2063 2080 episcopi,

492 2111 684 2172 prwter
706 2103 1241 2172 papam,iimperatori
1265 2103 1616 2171 jurejurando
1651 2101 2024 2171 subjiciuntur.

564 2193 688 2246 882.
730 2192 1054 2248 Ludowicus
1079 2209 1175 2246 rex
1205 2193 1510 2247 Germaniae
1543 2195 1609 2246 i5
1652 2193 1879 2246 Kalend.
1904 2191 2062 2246 Febr.

496 2281 648 2337 obiit.
687 2281 918 2338 Karolus
963 2283 1258 2352 imperator
1298 2280 1678 2337 Nordmannos
1730 2289 1922 2336 cuncta
1956 2283 2066 2336 cir-

503 2384 839 2441 :umquaque
868 2379 1164 2437 vastantes,
1197 2387 1383 2440 pacem
1439 2386 1608 2442 regno
1663 2371 1783 2440 ejus
1814 2371 2065 2441 deinceps

497 2471 840 2516 sacramento
871 2461 1086 2516 firmare
1107 2463 1388 2530 compulit,
1420 2471 1473 2515 et
1500 2477 1679 2531 regem
1702 2477 1891 2516 eorum
1922 2462 2067 2515 chri-

498 2551 827 2604 stianitatem
856 2551 1162 2620 professum
1188 2553 1254 2607 de
1283 2553 1559 2621 baptismo
1585 2552 1852 2621 suscepit,
1880 2550 2068 2620 sicque

498 2639 710 2694 ﬁrmata
741 2641 987 2694 amicicia
1012 2641 1243 2709 digressi
1268 2648 1412 2694 sunt.

569 2730 693 2784 885.
735 2730 920 2784 Romae
945 2729 1221 2785 Johannes
1269 2747 1404 2800 papa
1434 2747 1462 2784 a
1498 2731 1732 2800 quodam
1776 2725 2064 2797 toxicatus,

495 2821 658 2875 etiam
693 2835 722 2874 a
747 2821 980 2890 quodam
1027 2821 1134 2874 alio
1175 2836 1467 2889 percussus
1513 2821 1727 2886 malleo,
1773 2820 1925 2884 obiit,
1958 2828 2069 2874 sta-

497 2910 704 2980 timque
738 2926 1027 2980 percussor
1065 2911 1184 2979 ejus
1215 2926 1252 2968 ar
1273 2912 1498 2963 nemine
1518 2911 1667 2964 Iesus
1707 2910 1958 2962 moritur.
2003 2908 2072 2962 Et

499 2994 740 3053 Marinus
760 2998 1194 3063 archidiaconus,
1223 3013 1356 3066 papa
1385 2998 1570 3063 “0M,
1605 2997 1820 3066 praefuit
1842 3011 1987 3050 anno
2015 2999 2067 3065 l,

502 3087 778 3142 mensibus
808 3086 859 3140 6.
889 3086 1214 3141 Ludowicus
1239 3103 1330 3140 rex
1352 3087 1536 3141 Gallia:
1559 3087 1711 3141 obiit.

2166 2005 2312 2058 hunc
2339 2001 2655 2058 Theodorus
2679 2001 2742 2068 Il,
2789 2015 2926 2072 papa
2955 1999 3136 2065 H709,
3165 1999 3306 2054 sedit
3345 2000 3460 2054 dies
3489 1999 3580 2054 20.
3606 1999 3746 2054 Post

2165 2109 2324 2164 quem
2352 2087 2812 2167 nonusJoliannes
2822 2107 2960 2163 papa
2977 2091 3132 2146 HS“
3147 2091 3452 2157 ordinatus,
3475 2091 3615 2146 sedit
3634 2106 3742 2145 an-

2166 2185 2252 2238 nis
2272 2185 2326 2238 9..
2377 2205 2386 2214 ·

2237 2274 2361 2328 899.
2399 2272 2538 2327 Outa
2558 2273 2743 2342 regina
2761 2272 3013 2326 adulterii
3048 2271 3302 2326 incusata
3329 2271 3396 2348 72
3425 2278 3559 2310 "um
3586 2272 3744 2341 prim

2167 2366 2345 2436 cipum
2366 2365 2676 2436 juramento
2708 2364 2955 2418 absoluta
2987 2372 3088 2417 est.
3581 2359 3592 2367 ’

2237 2457 2359 2512 900.
2402 2458 2470 2488 ’³⁸
2498 2456 2681 2511 Romae
2707 2464 2934 2525 quartus
2976 2453 3318 2519 Benedictus,
3360 2469 3496 2525 papa
3551 2456 3739 2524 lli)",

2169 2549 2306 2602 sedit
2333 2548 2490 2601 annis
2511 2547 2564 2610 '5,
2594 2547 2874 2600 mensibus
2897 2547 2948 2600 5.
2983 2545 3242 2601 Aruolfus
3291 2547 3588 2616 imperator
3625 2547 3735 2601 Ra-

2167 2639 2416 2706 tisponw,
2474 2637 2566 2690 ubi
2623 2634 2961 2704 frequentius
3007 2636 3285 2700 manebat,
3332 2637 3483 2700 obiit,
3530 2637 3562 2691 6
3604 2637 3739 2693 Idus

2168 2729 2479 2785 Decembris
2511 2729 2599 2793 "19
2631 2741 2774 2781 anno
2813 2727 2965 2797 regni
2990 2727 3106 2792 I2°;
3139 2741 3239 2797 pro
3287 2742 3397 2797 quo
3443 2729 3589 2784 ﬁlius
3617 2730 3745 2800 ejus

2169 2820 2494 2875 Ludowicus
2517 2834 2650 2888 puer
2670 2817 2935 2888 regnavit.

2240 2911 2361 2963 902.
2394 2910 2670 2979 Beriuger,
2697 2906 2951 2977 Reginolf
2963 2915 3017 2961 et
3036 2906 3277 2964 Gerhard
3299 2911 3508 2968 nobiles
3523 2928 3745 2983 germa-

2171 3000 2246 3064 ni,
2274 2998 2369 3052 tilii
2412 2999 2605 3052 Atonis
2656 2997 2872 3051 comitis
2919 3005 2974 3050 et
2991 2997 3303 3066 Adellindae,
3353 3002 3540 3066 occisi,
3594 3005 3744 3072 apud
3791 3071 3794 3074 ἢ

2171 3088 2615 3158 Bouchaugiense
2671 3087 2958 3141 cenobium
3019 3087 3289 3158 virginum
3315 3127 3332 3155 ,
3381 3105 3413 3144 a
3479 3094 3742 3160 praedicta

573 3177 695 3230 884.
739 3175 1138 3230 Karlomannus
1201 3175 1344 3230 filius
1392 3175 1668 3230 Ludowici
1729 3175 1915 3239 Balbi,
1974 3190 2065 3228 rex
2097 3209 2139 3266 ϐ
2170 3162 2448 3234 Adellinda
2473 3185 2868 3242 constructum,
2894 3177 3248 3246 sepeliuntur,
3282 3180 3372 3232 ubi
3404 3188 3458 3234 et
3485 3181 3600 3250 ipsa
3617 3197 3740 3235 ma-

501 3266 685 3322 Galliae
707 3267 859 3333 obiit,
890 3275 941 3321 et
986 3281 1213 3337 regnum
1257 3266 1442 3321 Galliae
1485 3265 1716 3320 Iiarolus
1776 3268 2069 3336 imperator

501 3359 752 3412 obtinuit.

571 3447 694 3504 885.
737 3443 976 3502 Marinus
1000 3463 1137 3517 papa
1183 3447 1338 3513 obiit,
1364 3462 1462 3517 pro
1498 3461 1607 3517 quo
1657 3447 1928 3502 Adrianus
1957 3445 2024 3500 III
2050 3486 2065 3515 ,

502 3551 638 3606 papa
673 3537 855 3602 Μιυι,
883 3537 1020 3591 sedit
1041 3551 1184 3590 anno
1215 3537 1266 3601 l,
1292 3537 1570 3594 mensibus
1593 3536 1644 3589 4.

573 3625 695 3678 886.
736 3625 1032 3694 Imperator
1081 3643 1110 3680 a
1141 3642 1278 3696 papa
1310 3628 1605 3692 invitatus,
1652 3625 1858 3680 Italiam
1897 3627 2064 3682 venit.

506 3711 692 3768 Romae
721 3714 946 3783 quintus
981 3713 1308 3785 Stephanus,
1332 3725 1478 3787 papa
1514 3719 1698 3786 “2M,
1729 3727 1852 3787 post
1873 3717 2070 3772 Adria-

505 3821 634 3860 num
661 3805 799 3858 sedit
831 3805 988 3858 annis
1014 3804 1066 3858 6.
2079 3817 2084 3822 θ

577 3896 698 3950 887.
741 3895 1044 3966 Iiichgarda
1091 3894 1426 3965 imperatrix,
1480 3887 1729 3950 adulterii
1757 3911 1879 3950 cum
1922 3895 2074 3950 Lint-

503 3989 690 4044 wardo
733 3980 1059 4042 Vercellensi
1089 3988 1342 4056 episcopo
1369 3981 1840 4049 incusata,'divino
1867 3987 2072 4057 judicio

507 4095 566 4135 se
597 4079 665 4132 ab
692 4077 840 4132 omni
883 4077 1127 4131 virorum
1163 4076 1548 4132 commixtione
1588 4077 1851 4148 integram
1878 4086 1932 4131 et
1959 4077 2070 4130 vir-

506 4168 687 4240 ginem
713 4166 1108 4236 eomprobavit,
1158 4168 1407 4235 quamvis
1429 4166 1542 4234 jam
1570 4167 1636 4220 12
1671 4169 1828 4221 annis
1853 4168 1908 4221 in
1937 4182 2069 4221 con—

505 4259 658 4329 jugio
681 4256 1025 4327 imperatoris
1041 4256 1336 4326 aperuerit.
1363 4255 1592 4326 Moxque
1613 4272 1644 4310 a
1665 4274 1786 4327 rege
1803 4267 2068 4326 separata,

509 4349 565 4400 in
594 4349 968 4402 Andeiahense
1015 4347 1303 4417 cenobium
1336 4346 1604 4417 virginum
1628 4364 1658 4401 a
1721 4363 1779 4402 se
1819 4357 2071 4404 constru-

512 4363 565 4400 m
594 4362 968 4402 anueianense
1015 4363 1045 4403 c
1081 4362 1303 4401 nonnum
1336 4363 1604 4417 virginum
1628 4364 1658 4401 a
1721 4363 1779 4402 se
1819 4362 2069 4404 constru-

512 4444 659 4490 ctum
716 4430 962 4502 secessit,
1010 4362 1193 4506 “Eique
1233 4435 1342 4490 Deo
1392 4438 1653 4503 serviens,
1689 4438 1843 4508 virgo
1885 4439 2069 4509 regina

2169 3280 2252 3324 ter
2273 3278 2458 3339 postea
2481 3277 2563 3323 est
2589 3267 2818 3336 sepulta.

2239 3361 2360 3415 904.
2411 3360 2594 3414 Romzc
2615 3369 2735 3430 post
2761 3344 3108 3414 Benedictum
3156 3358 3266 3414 Leo
3303 3359 3368 3428 ν,
3411 3362 3564 3432 prius
3609 3378 3740 3433 pre-

2169 3453 2348 3524 sbyter
2384 3451 2637 3517 forensis,
2675 3466 2811 3520 papa
2841 3449 3029 3517 .120“,
3063 3451 3201 3506 sedit
3241 3453 3521 3508 mensibus
3568 3452 3743 3509 ferme

2169 3544 2400 3598 duobus.
2424 3541 2549 3596 Post
2574 3557 2753 3611 quem,
2782 3542 2916 3595 utin
2941 3541 3266 3610 quibusdam
3304 3542 3506 3610 inveni,
3529 3543 3745 3598 Cristo-

2168 3636 2374 3704 pborus
2396 3635 2546 3705 prius
2574 3634 2885 3699 cardinalis,
2909 3622 3049 3702 papa
3088 3632 3270 3697 121'",
3296 3633 3436 3687 sedit
3456 3633 3745 3689 mensibus

2171 3733 2404 3794 quatuor
2430 3742 2444 3788 ;
2474 3725 2566 3792 qui
2593 3724 2833 3792 dejectus
2855 3732 2938 3777 est
2957 3763 2971 3788 ,
3000 3731 3053 3776 et
3081 3724 3385 3776 monachus
3423 3721 3625 3778 factus.

2241 3814 2364 3868 905.
2396 3813 2582 3867 Roma:
2609 3812 2832 3884 Sergius
2853 3811 2940 3880 III,
2967 3827 3105 3883 papa
3130 3812 3315 3876 122W,
3337 3813 3496 3868 annis
3521 3813 3573 3881 7,
3593 3830 3746 3870 men-

2174 3905 2324 3959 sibus
2346 3912 2599 3973 quatuor.

2243 3995 2366 4050 906.
2399 3994 2716 4064 Adalpertus
2748 3993 2942 4048 nobilis
2992 4000 3047 4048 et
3071 3993 3361 4050 bellicosus
3401 3994 3468 4050 de
3520 3994 3742 4052 Baben-

2171 4085 2320 4154 berg,
2347 4083 2694 4137 Counradum
2723 4082 2961 4137 emulum
2994 4098 3153 4137 suum
3176 4086 3357 4154 pugna
3377 4084 3582 4140 victum
3611 4103 3742 4142 cum

2173 4175 2294 4229 aliis
2320 4173 2505 4228 multis
2531 4173 2776 4242 peremit.
3058 4220 3062 4224 .

2243 4264 2365 4317 907.
2409 4263 2729 4331 Adalpertus
2761 4261 2983 4331 perﬁdia
3040 4259 3290 4318 Hattonis
3343 4251 3744 4335 archiepiscopi

2124 4378 2137 4389 -
2172 4352 2511 4421 etl.iutpaldi
2529 4342 2599 4406 ad
2647 4350 2995 4406 Ludowicum
3017 4367 3197 4424 regem
3228 4368 3323 4424 spe
3345 4356 3612 4424 pactionis
3637 4357 3740 4410 ad-

2172 4444 2386 4506 ductus,
2419 4440 2672 4495 decollari
2695 4440 3001 4514 estjussus.

511 4523 834 4596 permansit.
863 4523 1160 4592 Imperator
1192 4535 1370 4580 autem
1401 4528 1469 4581 ab
1493 4529 1747 4584 omnibus
1780 4517 2078 4596 deseritur,
2103 4527 2148 4580 D
2241 4531 2362 4586 908.
2407 4528 2626 4600 ngarii
2690 4527 2980 4585 Saxouiam
3031 4540 3086 4586 et
3105 4527 3460 4601 Thuringiam
3501 4539 3740 4586 vastant.

511 4624 565 4670 et
585 4613 864 4682 Arnolfus,
890 4612 1086 4680 fratris
1107 4610 1566 4670 sui'liarlomanni
1616 4619 1782 4686 Illius,
1807 4636 1898 4688 rex
1918 4623 2072 4693 eligi-

513 4707 620 4760 tur.
1906 4710 1914 4714 ’
1961 4757 1971 4770 .

583 4796 704 4868 888.
742 4795 975 4850 Karolus
1019 4793 1314 4865 imperator
1340 4795 1408 4826 ²³²
1427 4794 1540 4865 jam
1572 4794 1812 4863 privatus
1837 4795 1945 4851 Deo
1984 4780 2074 4859 deé

513 4891 637 4938 vote
659 4885 921 4952 serviens,
945 4893 1006 4939 ut
1024 4887 1243 4955 quidam
1285 4885 1476 4940 dicunt
1497 4901 1525 4939 a
1548 4885 1664 4940 suis
1687 4869 2074 4957 strangulatus,

516 4972 650 5043 obiit
675 4971 802 5026 Idus
829 4972 1051 5030 Ianuar.
1079 4985 1134 5030 et
1152 4976 1345 5046 Augia:
1375 4978 1650 5046 sepelitur.

588 5060 709 5115 890.
750 5061 1008 5116 Arnolqu
1051 5063 1154 5118 rex'
1199 5081 1265 5118 ex
1300 5076 1452 5135 parte
1509 5068 1792 5138 apostolici
1830 5078 2072 5140 rOgatur,

516 5161 577 5208 ut
605 5151 836 5207 Romam
861 5152 1101 5219 veniens,
1131 5152 1338 5209 Italiam
1372 5157 1476 5211 sibi
1505 5159 1572 5213 de
1603 5160 1849 5230 tyrannis
1889 5159 2075 5216 defen-

515 5248 627 5298 dat.

585 5334 709 5391 89f.
749 5331 1007 5388 Arnolfus
1032 5348 1123 5387 rex
1155 5302 1529 5420 Nordmann'os
1561 5336 1629 5390 ad
1655 5337 2100 5420 internecionem‘

517 5421 730 5481 delevit.
1492 5418 1500 5426 ’
1948 5428 1950 5430 ⁷

2175 4620 2492 4691 Liutpaldus
2512 4620 2728 4676 occisus
2755 4631 2857 4675 est.
2955 4677 2958 4681 ,

2211 4769 2214 4772 ,
2244 4711 2368 4766 909.
2409 4709 2635 4781 Ungarii
2671 4707 3047 4766 Alemanniam
3075 4714 3311 4762 vastant.

2247 4801 2368 4855 910.
2411 4799 2635 4871 Ungarii
2665 4799 2908 4853 Francos
2932 4796 3244 4852 devincuut.

2245 4891 2367 4945 9H.
2406 4889 2732 4944 Ludowicus
2753 4903 2846 4965 rex
2871 4887 3188 4944 adolescens
3216 4889 3472 4956 moritur,
3498 4899 3553 4944 et
3585 4885 3743 4946 Ratio

2179 4994 2363 5051 sponae
2405 4980 2678 5050 sepelitur.
2729 4976 2860 5032 Post
2901 4993 3084 5048 quem,
3126 4979 3408 5035 deﬁciente
3440 4981 3647 5038 nostris
3686 4981 3744 5035 in

2178 5071 2422 5142 partibus
2456 5069 2604 5139 regio
2634 5076 2882 5132 stemate,
2919 5067 3239 5137 Counradus
3288 5070 3431 5124 illius
3453 5067 3747 5132 Cbounra-

2179 5163 2254 5228 di,
2287 5178 2380 5216 rex
2404 5162 2681 5244 electuslct
2710 5158 3195 5233 unctus,,regnavit
3224 5160 3383 5215 annis
3404 5157 3456 5212 7.
3480 5157 3748 5216 Bur‘charh

2180 5253 2410 5312 dusdux
2456 5253 2783 5308 Alemannia:
2803 5253 2856 5308 in
2879 5258 3148 5309 conventu
3174 5264 3276 5304 suo
3293 5311 3296 5313 Α
3313 5248 3598 5325 occiditur.

2254 5345 2376 5400 9l2.
2420 5343 2644 5413 Ungarii
2671 5343 2992 5420 aBajoarlis
3032 5347 3089 5396 et
3137 5327 3449 5396 Alemannis
3475 5341 3629 5412 juxta
3652 5343 3750 5398 llu.

2102 5479 2103 5514 ξ
2185 5450 2308 5490 men
2329 5433 2422 5490 Ine
2448 5433 2788 5490 occiduntur.
2817 5431 3056 5486 Cometa
3078 5437 3209 5484 sunt
3247 5429 3391 5487 visae.
3439 5429 3749 5487 Roudoifus

1810 5532 2057 5595 nam
2079 5539 2488 5613 LECTIONES.
2552 5529 2555 5535 “

589 5629 654 5710 1"
692 5614 974 5710 reliquum
999 5603 1112 5710 ioco
1134 5645 1270 5710 raso,
1383 5629 1505 5710 κη’.
1528 5629 1656 5700 imp.
1687 5644 1737 5684 ι.
1765 5629 1991 5710 imperio
2031 5607 2421 5710 lia-intonata:
2435 5705 2453 5710 Α
2466 5635 2699 5710 ξ”εὴῳο
2723 5633 2911 5689 dannt
2963 5634 3035 5710 5.Δ
3091 5635 3315 5710 ""_It¢_c
3343 5637 3574 5710 primum
3605 5650 3748 5710 anno

521 5697 641 5774 896.
665 5697 943 5774 adsignata
963 5708 1112 5774 ergit!
1140 5701 1198 5774 I._
1218 5709 1274 5752 ut
1297 5701 1351 5752 in
1374 5697 1698 5774 Herintqiyw
1738 5697 1978 5774 ﬁgite:
1989 5702 2219 5774 primum
2231 5705 2497 5774 αππαρμὸθῖ
2520 5697 2802 5774 adsignetis
2836 5715 2986 5759 erant
3014 5707 3064 5770 ί,
3097 5715 3153 5760 κε
3177 5708 3233 5760 in
3254 5697 3602 5762 Ηοὶῦηὰιαο.
3678 5705 3751 5774 9⁸

523 5764 705 5830 [iouia
723 5764 1001 5824 mensibus
1025 5767 1087 5822 V.
1107 5769 1342 5852 primum
1369 5785 1506 5824 anno
1530 5769 1654 5827 899.
1677 5764 1962 5852 adsignato
1980 5764 2154 5845 eiram,
2186 5773 2312 5826 utin
2333 5764 2682 5829 Harmoniae.
2711 5773 2761 5828 ί.
2838 5775 2906 5808 ’³⁷
2947 5775 3032 5830 VI.
3053 5764 3112 5833 Id
3134 5774 3200 5830 D.
3225 5777 3335 5831 alio
3362 5773 3744 5830 errarunt.
