3970 6338
146 470 278 525 1355

1022 455 1303 510 APPEND.
1348 454 1428 507 Ill.
1475 484 1541 492 —
1581 453 1737 509 MONI

1875 451 2008 506 NTA
2047 446 2504 506 GREGORIANA.
3254 454 3387 507 15:5

142 598 234 636 rex
259 576 589 647 Burgundizc
613 573 780 637 obiit;
815 585 913 642 pro
957 586 1066 640 quo
1096 567 1398 623 iloudolfus
1435 566 1578 621 filius
1599 566 1717 636 ejus
1747 571 1790 624 Α
1889 566 2010 618 93-1.
2053 564 2385 617 Constantia
2413 562 2775 614 (Zinounradus
2826 578 3019 635 genere
3067 572 3119 616 et
3144 565 3249 618 vita
3281 568 3389 619 eia-

144 671 388 738 regnavit
409 667 569 722 annis
589 666 677 719 25.
713 663 896 717 Ronue
929 661 1251 714 Anastasius
1272 659 1335 724 il,
1367 674 1502 728 papa
1535 657 1717 721 12-3“,

144 761 282 816 sedit
338 758 499 819 annis
546 757 601 820 2,
653 771 824 810 mens.
873 755 926 806 2.
994 751 1150 820 Apud
1212 749 1470 804 Sanctum
1506 747 1718 802 Gallum

142 851 414 906 Notkerus
437 847 692 919 magister
725 846 916 900 doctus
939 843 1092 898 obiit.

218 943 346 994 915.
392 936 614 1009 Ungarii
637 935 1012 990 Alemanniam
1039 940 1273 987 vastant.

213 1033 340 1085 911.
391 1029 648 1086 Salomon
681 1026 1115 1082 Constantiensis
1161 1024 1451 1094 episc0pus
1495 1031 1578 1076 est
1624 1035 1719 1074 ea-

143 1134 294 1194 plus.

214 1215 342 1268 915.
386 1212 570 1266 Roma:
594 1209 779 1264 Lando
824 1222 960 1280 papa
986 1207 1145 1260 121u
1175 1203 1312 1259 sedit
1352 1203 1630 1257 mensibus
1665 1201 1718 1254 5.

143 1306 278 1360 Pest
313 1320 478 1374 quem
526 1302 634 1356 Leo
687 1299 776 1365 Vi,
822 1315 956 1370 papa
995 1298 1180 1361 125",
1237 1296 1515 1349 mensibus
1555 1293 1723 1347 ferme

144 1396 396 1460 duobus;
433 1402 486 1448 et
516 1401 640 1461 post
657 1392 802 1444 hunc
829 1387 1070 1443 Joannes
1090 1384 1158 1451 Χ,
1185 1401 1322 1455 papa
1356 1385 1538 1450 i215“,
1565 1384 1723 1436 annis

147 1488 237 1552 Η,
281 1485 564 1539 mensibus
589 1484 645 1538 2.

218 1584 345 1638 916.
406 1581 629 1652 Ungarii
663 1588 830 1634 totam
877 1574 1254 1630 Alemanniam
1292 1573 1415 1641 igne
1456 1579 1508 1624 et
1547 1569 1725 1639 gladio

144 1683 386 1730 vastant.
415 1672 665 1743 Synodus
707 1685 891 1723 coram
939 1667 1108 1721 misso
1132 1664 1433 1734 apostolici,
1467 1662 1518 1715 id
1549 1663 1618 1692 ³³⁸
1643 1669 1726 1715 est

144 1769 313 1823 Petro
343 1767 574 1822 Ostiensi
626 1765 900 1833 episeopo,
939 1762 1079 1830 apud
1143 1759 1377 1812 Aitbeim
1414 1766 1496 1810 est
1519 1756 1719 1810 habita.

146 1859 218 1913 In
260 1860 328 1891 ²³⁹
362 1876 465 1928 qua
516 1857 714 1926 synodo
753 1854 982 1924 generali
1035 1855 1240 1905 decreto
1306 1850 1568 1903 sancitum
1623 1859 1721 1913 est,

145 1961 207 2004 ut
232 1951 546 2021 quicumque
609 1947 849 2016 deinceps
913 1945 1142 1998 bannum
1191 1944 1254 1995 ab
1320 1941 1577 2011 episcOpis
1622 1942 1724 1994 im-

145 2044 382 2111 positum
435 2046 790 2107 corrupisset,
850 2053 942 2105 per
988 2035 1252 2104 jejunium
1301 2032 1371 2086 40
1417 2033 1621 2086 dierum
1670 2033 1726 2085 in

147 2149 286 2202 pane
357 2140 563 2183 tantum
621 2139 670 2181 et
711 2145 847 2197 aqua
893 2125 1097 2190 etsale,
1157 2123 1491 2177 commissum
1539 2122 1723 2176 lueret.

148 2224 310 2292 Apud
360 2221 618 2276 Sanctum
650 2219 863 2274 Gallum
889 2218 1045 2272 beata
1082 2216 1234 2286 virgo
1286 2213 1601 2268 Wilborada
1634 2228 1725 2268 ar-

150 2314 261 2368 tius
295 2320 379 2366 est
411 2311 638 2363 inclusa.

224 2403 351 2456 917.
396 2401 478 2454 Ab
519 2398 770 2469 Ungariis
809 2397 1019 2451 Basiiea
1058 2394 1375 2450 destruitur.
1425 2390 1730 2462 Ercbanger

147 2493 264 2547 dux
295 2501 349 2545 et
379 2490 543 2544 frater
564 2489 683 2558 ejus
703 2488 1058 2542 decollantur.

226 2561 353 2635 913.
398 2578 744 2633 Bureliardus
769 2577 876 2630 dux
899 2574 1233 2630 Alemannia:
1269 2574 1619 2640 constitutus.
1647 2579 1730 2643 ty-

152 2670 444 2724 rannidem
489 2668 705 2722 invasit.
738 2664 1061 2720 Counradus
1094 2680 1185 2719 rex
1221 2664 1374 2718 obiit.

228 2759 357 2814 919.
399 2757 687 2814 iieinricus
713 2772 917 2822 eomes,
945 2756 1162 2810 natione
1207 2752 1372 2820 Saxo,
1414 2755 1472 2808 in
1506 2768 1732 2826 regnum

154 2851 401 2915 eiectus,
453 2850 572 2905 sine
615 2848 782 2920 regali
846 2846 1104 2900 unctione
1148 2844 1395 2916 regnavit
1434 2845 1612 2900 annis
1644 2843 1730 2898 18.

157 2941 515 2997 Burebardus
575 2940 684 2995 dux
741 2937 1075 2994 Alemannia:
1149 2933 1480 2990 Boudoifum
1554 2948 1736 3007 regem

159 3034 494 3105 Burgundia:
522 3033 668 3088 vicit.

234 3127 361 3182 920.
405 3125 636 3180 Karolus
677 3139 768 3178 rex
794 3122 1099 3190 Galliarum
1147 3120 1205 3175 in
1237 3119 1525 3175 Franciam
1568 3120 1735 3175 venit.

1823 672 1916 710 rus
1942 656 2139 724 pra'sul
2170 655 2472 716 ordinatus,
2502 652 2717 722 pra-fuit
2745 654 2902 718 amns
2932 654 3019 707 ‘11.

1891 747 2012 800 955.
2059 744 2244 799 Roma:
2276 743 2383 798 Leo
2420 743 2532 808 -\'ll,
2563 760 2698 815 papa
2738 747 2899 798 129“!
2923 786 2937 810 ,
2965 747 3103 800 Sedit
3133 749 3294 802 annis
3326 750 3387 813 3,

1822 837 2102 890 mensibus
2129 835 2182 889 6.

1891 928 2013 983 956.
2057 927 2342 982 lleinricus
2361 944 2450 980 rex
2474 928 2625 990 obiit,
2653 937 2705 980 et
2731 929 2780 980 in
2809 927 3042 983 Saxonia
3075 932 3213 1000 apud
3246 932 3391 984 (21.n-

1821 1020 2109 1088 tiiineburg
2136 1020 2411 1088 sepelitur.
2445 1018 2550 1072 Pro
2575 1034 2684 1088 quo
2707 1017 2853 1084 Otto,
2884 1021 3028 1075 filius
3058 1022 3176 1090 ejus
3199 1039 3391 1092 regna-

1821 1113 1898 1164 vit
1929 1112 2086 1164 annis
2115 1109 2286 1164 ferme
2317 1111 2402 1164 58.

1892 1203 2015 1256 957.
2060 1199 2282 1271 Ungarii
2313 1201 2617 1266 l-‘ranciam,
2648 1201 3042 1267 Alemanniam,
3091 1202 3316 1257 Galliam
3339 1212 3393 1256 et

1823 1294 2192 1364 Burgundiam
2231 1303 2524 1358 vastantes,
2577 1295 2792 1348 tandem
2848 1311 2942 1364 per
2975 1295 3179 1348 italiam
3224 1299 3395 1349 redie-

1823 1396 1950 1441 runt
1980 1387 2031 1439 in
2062 1385 2420 1440 Pannoniam.
2451 1385 2777 1440 Monasteria
2826 1388 2998 1440 sancti
3033 1388 3167 1440 Galli
3191 1398 3238 1440 et
3265 1404 3392 1440 sano

1822 1479 1894 1532 cti
1919 1475 2179 1531 Bonifaeii
2204 1488 2641 1531 eoneremantur.
2695 1476 2996 1531 iiouduifus
3027 1496 3115 1532 rex
3150 1479 3393 1548 Burgun-

1823 1569 1926 1624 dize
1961 1563 2115 1630 obiit,
2149 1584 2246 1636 pro
2293 1583 2403 1635 quo
2453 1567 2596 1621 filius
2625 1568 2743 1636 ejus
2776 1569 3137 1622 Clmunt'atlns
3170 1586 3392 1636 regnum

1825 1660 2083 1728 suscepit,
2114 1659 2372 1711 Arnoll'us
2403 1657 2511 1710 dux
2565 1645 2827 1725 Bajoaria‘
2848 1659 3000 1723 obiit,
3033 1660 3397 1727 (limatumque

1824 1751 1943 1820 ejus
1973 1749 2180 1818 accepit
2231 1747 2560 1802 Bertiioifus.
2618 1747 2849 1817 Bajoarii
2881 1763 3003 1803 eum
3052 1751 3173 1804 aliis
3212 1752 3397 1804 multis

1827 1842 1938 1912 regi
1961 1838 2142 1894 Ottoui
2183 1840 2463 1893 rebellant.

1893 1931 2016 1985 958.
2059 1929 2184 1984 Otto
2210 1946 2302 1983 rex
2331 1939 2523 1984 contra
2577 1929 2858 1999 Bajoarios
2914 1931 3252 2000 procinctum
3282 1947 3398 1984 mo-

1827 2023 1921 2086 vit,
1947 2037 2189 2091 pcneque
2221 2037 2412 2075 omnes
2436 2021 2538 2074 sibi
2587 2022 2916 2091 subjugavit.
2973 2022 3157 2075 ῐὶιιιηω
3181 2021 3400 2092 Stepha-

1827 2130 1931 2168 nus
1962 2112 2092 2179 \'lii,
2127 2129 2262 2182 papa
2292 2112 2472 2176 130",
2517 2113 2653 2166 sedit
2681 2114 2840 2166 annis
2871 2113 2922 2177 5,
2956 2114 3235 2166 mensibus
3265 2128 3398 2183 qua-

1827 2212 1972 2269 tuor,

1897 2297 2023 2351 959.
2063 2294 2190 2351 Otto
2221 2313 2313 2352 rex
2344 2311 2535 2351 omnes
2571 2297 2673 2351 sibi
2700 2296 2928 2352 rebelles
2969 2306 3150 2368 preter
3195 2296 3398 2358 Meten-

1828 2403 1942 2443 sem
1973 2388 2290 2457 episcopum
2316 2388 2643 2457 subjugavit.

1900 2479 2024 2534 940.
2063 2477 2190 2532 Otto
2219 2495 2310 2532 rex
2361 2480 2562 2532 Gallius
2589 2488 2778 2534 contra
2834 2479 3186 2533 Ludowicum
3223 2495 3400 2551 rege-ta

1831 2572 2001 2640 petiit.
2035 2570 2221 2627 iiiems
2259 2586 2383 2626 sera
2410 2579 2463 2624 et
2487 2571 2789 2630 mortalitas
2811 2572 3149 2625 animalium.

1902 2661 2026 2716 942.
2065 2660 2191 2716 Otto
2217 2671 2271 2716 et
2311 2660 2646 2717 LuJowicus
2693 2679 2846 2733 reges
2895 2664 3266 2732 paeificantur.
3302 2661 3408 2715 ilo-

1832 2768 1936 2807 tnm
1960 2751 2202 2807 Marinus
2225 2751 2289 2819 ii,
2317 2768 2455 2822 papa
2490 2753 2672 2818 131'",
2699 2755 2838 2808 sedit
2869 2756 3028 2808 annis
3064 2755 3117 2817 3,
3148 2769 3319 2807 mens.
3353 2754 3404 2806 6.

1903 2844 2026 2898 9.55.
2055 2842 2276 2915 Ungarii
2307 2844 2584 2912 ilajoarios
2609 2844 2921 2898 invadentes
2953 2829 3265 2898 vincuntur.

1905 2935 2030 2991 9.11.
2073 2934 2438 2990 Terraemotus
2486 2934 2662 2988 factus
2696 2945 2796 2999 est,
2831 2936 2894 2988 16
2951 2934 3219 2989 Kalendas
3261 2933 3405 2987 Maii.

1905 3028 2029 3084 945.
2068 3026 2253 3082 Romze
2280 3028 2540 3099 Agapitus
2581 3026 2643 3093 ll,
2669 3043 2806 3098 papa
2833 3029 3015 3092 152'",
3067 3028 3204 3082 sedit
3255 3026 3414 3080 anuis

1837 3118 2009 3174 ferme
2035 3119 2119 3174 10.
2157 3117 2284 3174 Otto
2312 3133 2406 3173 rex
2433 3118 2664 3174 Galliam
2702 3119 3019 3188 ingreditur.

159 3219 326 3291 Apud
381 3218 449 3250 “°
487 3216 746 3273 Sanctum
771 3214 984 3271 Gallum
1014 3211 1293 3267 Racbildis
1326 3211 1480 3281 virgo
1525 3209 1735 3266 inclusa
1762 3221 1805 3278 ο
1909 3209 2031 3263 946.
2074 3209 2231 3278 Αριιὰ
2265 3207 2524 3264 Sanctum
2549 3209 2764 3264 Gallum
2817 3208 3094 3265 Bacbildis
3142 3209 3295 3281 virgo
3327 3210 3412 3264 in-

160 3318 272 3364 est.

239 3397 368 3454 925.
411 3395 645 3466 Sanguis
682 3393 896 3448 Domini
933 3393 985 3446 in
1013 3391 1241 3466 Augiam
1269 3391 1502 3446 insulam
1547 3405 1577 3444 a
1600 3405 1737 3460 qua-
1817 3447 1822 3456 ,

163 3491 297 3544 dam
349 3497 594 3542 matrona
623 3485 881 3550 defertur,
915 3467 1073 3544 sicu’ti
1102 3485 1274 3539 literis
1329 3484 1460 3537 inibi
1511 3479 1740 3536 manife-

168 3588 370 3648 statur.

1839 3300 1992 3354 clusa
2015 3298 2267 3370 migravit
2295 3301 2360 3354 ad
2393 3298 2705 3354 Dominum.

1908 3393 2032 3448 947.
2076 3391 2384 3448 Berbtoifus
2427 3393 2535 3447 dux
2593 3393 2856 3462 Bajoarize
2885 3393 3040 3456 obiit,
3083 3391 3171 3445 cui
3226 3386 3418 3445 iienri—

1839 3499 1958 3551 cus,
1989 3484 2154 3540 frater
2181 3484 2395 3540 Ottonis
2422 3485 2584 3555 regis,
2618 3485 2671 3538 in
2693 3485 2950 3538 ducatum
2988 3485 3270 3538 successit.

1912 3576 2035 3631 9.18.
2079 3575 2444 3634 ilerimannus
2497 3577 2604 3629 dux
2668 3576 3002 3630 Alemanuize
3061 3576 3216 3641 obiit,
3266 3577 3424 3658 cujus

241 3643 368 3726 921.
431 3669 662 3724 Sanctus
715 3643 1058 3732 Oudalridus,
1125 3667 1380 3738 Augusta:
1453 3664 1743 3719 Vindelica:
1841 3669 2098 3723 duratum
2137 3667 2429 3734 Liutoifus,
2455 3667 2668 3721 Ottonis
2700 3667 2844 3738 regis
2875 3667 3037 3733 filius,
3071 3668 3297 3738 accepit.
3323 3643 3425 3739 9y-

166 3763 487 3832 episeopus,
505 3760 720 3840 praefuit
747 3761 904 3815 annis
927 3761 1014 3815 50.

1845 3763 2020 3817 nodus
2044 3778 2238 3833 magna
2255 3763 2634 3833 episcoporum
2657 3776 2843 3817 coram
2874 3759 3069 3817 Ottone
3092 3771 3146 3817 et
3171 3762 3424 3816 Ludoui-

247 3852 373 3906 925.
416 3849 670 3921 Ungariis
711 3850 837 3904 item
879 3849 1253 3906 Alemanniam
1313 3846 1652 3901 vastantibus
1692 3855 1746 3900 et
1845 3869 1911 3908 co
1942 3855 2160 3925 regibus
2188 3855 2328 3924 apud
2353 3853 2716 3924 lngclcnheim
2763 3852 2924 3907 facta.

168 3942 248 3996 ad
279 3941 566 3996 cenobium
609 3941 784 3996 sancti
828 3941 965 3996 Galli
1014 3940 1377 4003 venientibus,
1430 3936 1745 3992 Wilborada

1916 3944 2040 3998 949.
2084 3944 2340 3999 Lot'uario
2362 3960 2486 4013 rege
2508 3941 2676 3996 italia:
2699 3952 2936 4005 mortuo,
2966 3941 3313 4015 Beringarius
3340 3960 3428 4000 re-

170 4031 337 4101 virgo
363 4030 591 4095 inclusa,
618 4045 649 4083 a
688 4031 923 4098 quodam
947 4045 1137 4084 eorum
1161 4037 1457 4097 perempta,
1499 4026 1748 4082 martirio
1848 4049 2013 4104 gnum
2061 4034 2181 4102 ejus
2241 4033 2472 4097 invasit,
2522 4033 2852 4103 viduamque
2895 4035 3016 4103 ejus
3058 4035 3428 4100 Adeiheidem.

169 4127 506 4187 coronatur;
563 4117 982 4196 Baebiidisque,
1021 4119 1341 4173 contectalis
1397 4117 1536 4186 ejus,
1596 4117 1748 4172 illesa
1849 4120 2098 4176 lieudoiti
2130 4121 2274 4192 regis
2302 4120 2632 4194 Burgundia:
2654 4123 2843 4190 filiam,
2878 4124 3065 4180 multis
3091 4124 3310 4195 injuriis
3343 4123 3429 4179 af-

172 4210 445 4268 diviuitus
468 4218 786 4266 conservata
801 4218 901 4264 est.

255 4300 378 4356 926.
420 4299 644 4373 Ungarii
661 4309 866 4356 vastata
890 4300 1229 4365 Alemannia,
1265 4315 1360 4369 per
1382 4307 1552 4354 totam
1581 4299 1752 4355 Fran-

127 4373 152 4405 ⁸
174 4388 348 4452 ciam,
377 4386 634 4442 Aisatiam
668 4396 828 4456 atque
855 4385 1080 4441 Galliam
1137 4385 1258 4454 igne
1290 4395 1343 4438 et
1371 4384 1550 4455 gladio
1597 4384 1753 4440 dese-

173 4483 359 4536 viunt.
385 4478 732 4535 Burchardus
753 4481 862 4534 dux
890 4479 1176 4543 occiditur,
1205 4493 1303 4548 pro
1327 4494 1437 4548 quo
1467 4476 1760 4545 lieriman:

175 4587 294 4628 nus
315 4570 648 4626 Alemannis:
675 4571 783 4625 dux
809 4570 1055 4624 etiicitur.

256 4661 382 4715 927.
424 4659 645 4731 lieriger
683 4659 1144 4730 Mogonciacensis
1191 4656 1256 4690 ’“
1315 4641 1756 4727 archiepiscopus

176 4749 346 4813 obiit,
377 4763 476 4818 pro
504 4765 615 4819 quo
638 4749 986 4805 Hildibertus.

258 4839 386 4895 929.
431 4837 616 4894 Roma:
638 4838 944 4909 Stephanus
976 4838 1084 4906 V11,
1114 4853 1251 4911 papa
1278 4839 1462 4905 127‘",
1496 4837 1637 4894 sedit
1659 4853 1757 4893 an—

181 4932 278 4988 nis
311 4930 367 4995 2,
391 4943 578 4986 mense
603 4945 734 4985 uno.

260 5020 388 5079 930.
430 5019 714 5076 licinricus
743 5034 838 5073 rex
859 5019 1134 5075 Boemiam
1153 5019 1306 5088 petit.

262 5115 390 5170 951.
432 5113 618 5168 Roma:
643 5109 879 5166 Joannes
902 5109 995 5178 XI,
1034 5125 1171 5179 papa
1200 5110 1386 5175 128",
1440 5107 1580 5166 salit
1605 5109 1762 5164 annis

227 5212 451 5258 uatuor.
483 5203 769 5259 Heinricus
804 5217 896 5255 rex
927 5216 1082 5270 reges
1105 5199 1490 5255 Abodritarum
1518 5197 1764 5253 etNord-

1850 4211 2004 4267 liixit.

1921 4325 2045 4381 950.
2089 4324 2215 4381 Otto
2244 4343 2337 4382 rex
2383 4325 2590 4381 italiam
2635 4327 2789 4396 petit,
2842 4327 3053 4395 sibique
3085 4341 3206 4381 eam
3243 4330 3431 4399 subje-

1855 4418 1948 4480 cit,
1977 4427 2030 4472 et
2052 4418 2212 4505 pulso
2231 4417 2568 4486 Beringario.
2605 4417 2865 4471 domnam
2919 4416 3269 4474 Adelbcidcm
3301 4422 3434 4476 iibe-

1855 4507 2013 4561 ravit.

1929 4617 2052 4671 951.
2092 4615 2344 4688 Synodus
2365 4617 2437 4673 25
2477 4619 2860 4690 episcoporum
2902 4635 3242 4691 magnusque
3265 4622 3435 4678 totius

1858 4707 2010 4777 regni
2061 4720 2361 4767 conventus
2419 4711 2576 4781 apud,
2595 4711 2894 4780 Augustam
2948 4708 3284 4764 Vindelicam
3331 4726 3426 4766 eo.

1859 4799 2147 4854 adunatur.
2172 4799 2358 4870 ibique
2380 4799 2728 4869 Beringarius
2747 4798 2930 4853 Ottoni
2966 4799 3077 4869 regi
3119 4800 3185 4855 ad
3207 4800 3438 4856 deditio-

1860 4906 1982 4946 nem
2034 4891 2201 4945 venit.
2253 4889 2457 4959 ignitus
2506 4888 2665 4958 lapis,
2719 4890 2876 4959 quasi
2931 4904 3113 4945 massa
3156 4892 3439 4952 candentis

1864 4980 2012 5046 ferri,
2043 4979 2111 5036 ab
2134 4979 2410 5034 occidente
2433 4995 2527 5049 per
2555 4993 2682 5035 aera
2711 4981 2876 5047 venit,
2907 4990 2959 5037 et
2986 4981 3154 5038 draco
3173 4983 3325 5039 visus
3353 4996 3440 5043 est

1867 5067 2173 5124 ambulans.

1935 5178 2060 5233 952.
2096 5175 2223 5236 Οεῑο
2254 5195 2346 5234 rex
2374 5196 2499 5236 cum
2534 5181 2646 5239 filio
2674 5159 2776 5240 suo
2815 5182 3047 5240 Liutoifo
3099 5183 3306 5240 italiam
3348 5199 3434 5239 in-

187 5310 524 5352 marinorum
567 5294 896 5352 christianos
916 5267 1032 5350 fieri
1069 5290 1266 5357 eliecit,
1296 5291 1520 5360 ipseque
1562 5289 1763 5346 Gallias
1867 5279 1993 5337 “'3‘,
2017 5280 2071 5326 οἳ
2093 5272 2295 5342 ηυρῑίω
2322 5274 2530 5344 τεεειεε
2546 5273 2729 5346 Papia?
2764 5273 3124 5331 celebramur-
3154 5267 3157 5270 .
3299 5333 3308 5335 -

436 5471 724 5532 Heinricns
747 5475 1016 5550 Ungarios
1045 5477 1100 5532 in
1121 5471 1338 5530 Siurbia
1367 5469 1653 5531 interfecit.

1937 5383 2062 5438 955.
2105 5381 2355 5440 Lutoifus
2400 5387 2510 5441 dux
2539 5372 2722 5443 Oitoni
2761 5387 2829 5419 ’δ’
2877 5385 3016 5456 patri
3045 5399 3146 5441 suo
3185 5383 3440 5452 rebellat,

1864 5484 1994 5530 seta
2020 5477 2225 5533 sanctis
2237 5477 2510 5548 episcopis
2549 5478 2884 5543 reconciliati
2909 5485 3056 5533 sunt.

1428 5625 1662 5682 νΑῐωΕ
1690 5623 2088 5683 ιεοποκιςε.

272 5723 345 5756 ’³⁸
369 5721 418 5776 -i.
450 5735 500 5776 e.
522 5719 585 5774 P.
621 5687 684 5774 Ο.
720 5735 770 5775 e.
793 5721 988 5776 addito
1016 5724 1068 5778 1.
1101 5724 1291 5778 desum
1325 5722 1378 5776 3.
1453 5720 1523 5752 "'
1561 5718 1619 5773 in
1652 5748 1724 5760 -—
1749 5719 1922 5775 lueret
1945 5715 2129 5772 additu
2161 5717 2212 5770 1.
2288 5718 2358 5751 ’δ’
2392 5719 2457 5771 Α.
2496 5734 2542 5773 s.
2575 5716 2640 5773 G.
2675 5718 2742 5773 ιι.
2765 5719 2880 5773 v.1.
2918 5734 2968 5775 e.
3019 5719 3128 5776 alio
3154 5727 3349 5780 atram.
3392 5725 3444 5782 1.

197 5796 272 5832 ’⁸⁸
310 5791 446 5848 Nam
469 5792 626 5862 juxta
655 5790 912 5859 antiquos
941 5805 1049 5844 non
1071 5790 1405 5862 Mogontium
1432 5799 1512 5846 set
1531 5787 1939 5860 Mogonciacum
1961 5785 2160 5844 dicitur
2179 5786 2234 5839 in
2257 5802 2423 5856 marg.
2454 5788 2504 5841 1.
2527 5788 2580 5842 2.
2659 5789 2728 5822 ’δ’
2765 5787 2927 5846 Otoni
2959 5789 3010 5844 1.

522 5885 797 5944 Ριτιιυι..
837 5880 942 5942 CX
954 5879 1170 5978 [Nil].

3060 5879 3134 5939 13
