3970 6404
467 454 616 519 1355

1495 446 1587 529 Al)
1621 444 1745 502 OPE
1761 445 1849 500 RA
1885 444 1943 501 S.
1980 443 2069 500 CR
2096 440 2306 529 ςαοιιῐι
2342 438 2780 497 APPENDICES.

3510 38 3633 53 H-f-

3570 432 3744 498 ’1336

543 570 669 626 954.
712 565 933 640 Ungarii
978 566 1110 621 item
1131 535 1359 636 egressi,
1384 528 1671 617 Franciam
1697 602 1712 626 ,
1739 559 2045 629 Bajaariam
2073 562 2119 615 Α
2213 528 2339 612 972.
2381 555 2601 627 Synodo
2619 556 2761 626 apud
2792 553 3157 627 Ingelenheim
3182 555 3253 612 ab
3294 554 3569 627 episcopis
3612 556 3746 611 col-

474 662 795 731 Italiamque
821 660 1125 714 devastant.

549 753 676 808 955.
717 749 940 822 Ungarii
962 744 1130 803 totam
1158 743 1465 816 Bajoariam
1491 740 1905 812 depopulantes,
1927 738 2047 808 jux-

476 855 531 898 ta
563 843 882 914 Augustam,
915 836 1245 893 Alemannize
1293 835 1506 899 urbem,
1554 832 1665 888 Deo
1707 832 1932 901 iuvante
1977 828 2049 913 ab

474 933 671 989 Ottone
690 947 816 1001 rege
839 945 1021 1000 pugna
1046 928 1194 993 victi,
1219 927 1485 981 immensa
1528 924 1660 979 cede
1681 929 1963 987 necantur,
1991 920 2044 974 4.

478 1024 606 1080 ldus
648 1022 900 1093 Augusti.
942 1019 1017 1073 Ex
1085 1018 1290 1073 nostris
1329 1017 1494 1072 etiam
1540 1013 1903 1068 Cbounradus
1939 1012 2049 1066 dux

481 1130 606 1170 eum
636 1114 759 1168 aliis
809 1111 995 1166 multis
1016 1109 1292 1165 occubuit.
1324 1106 1547 1179 Ungarii
1578 1105 1743 1159 etiam
1790 1102 1882 1173 qui
1921 1110 2052 1158 tunc

480 1206 715 1274 eﬂ'agere
755 1209 1024 1273 poterant,
1069 1215 1165 1269 per
1209 1206 1377 1253 totam
1426 1195 1731 1264 Bajoariam
1798 1193 2051 1248 trucidati

481 1304 626 1352 sum.
657 1293 830 1364 Reges
844 1306 1032 1347 eorum
1057 1289 1366 1358 Ratispona:
1410 1286 1465 1340 in
1511 1284 1768 1355 patibulis
1802 1284 2053 1354 suspensi

483 1393 631 1441 sunt.
664 1383 852 1437 Romae
874 1381 1153 1456 Iohannes
1180 1376 1294 1444 XII,
1330 1377 1425 1447 qui
1455 1384 1510 1430 et
1537 1373 1887 1440 Octavianus,
1915 1389 2054 1443 papa

485 1476 671 1541 133“,
702 1474 842 1530 sedit
868 1456 998 1527 ann.
1028 1469 1083 1535 8,
1114 1483 1334 1523 menses
1357 1476 1623 1537 quatuor;
1682 1466 1778 1536 qui
1814 1465 1951 1519 tanti
1974 1479 2057 1517 or-

482 1567 651 1633 dinis,
670 1580 770 1636 pro
790 1564 978 1620 dolor!
1020 1562 1247 1622 oblitus.
1288 1559 1516 1614 vanitati
1545 1566 1602 1614 et
1628 1557 1912 1628 spurcicize
1957 1555 2059 1610 fuit

485 1656 721 1711 deditus.

556 1745 681 1801 956.
719 1742 971 1800 Lutolfus
1025 1742 1134 1798 dux
1181 1739 1392 1797 Italiam
1436 1738 1708 1795 hostiliter
1738 1739 1965 1805 invadit,
2006 1748 2061 1793 et

485 1833 864 1908 Beringarium
890 1849 1016 1888 cum
1054 1833 1163 1888 lilio
1182 1833 1304 1901 ejus
1328 1830 1555 1901 fugavit.

557 1887 972 1980 9'5—7i—Lutolfus
993 1924 1105 1977 dux
1124 1887 1478 1990 Adalpertiim
1509 1920 1651 1975 bello
1681 1920 1828 1984 vicit,
1860 1927 1915 1973 et
1944 1918 2058 1986 ipse
2092 1887 2135 1941 Β

486 2015 680 2071 eodem
704 2030 850 2069 anno
866 2014 1023 2082 obiit,
1046 2021 1102 2068 et
1133 2011 1482 2068 Burchardus
1505 2010 1764 2065 ducatum
1801 2010 1919 2080 ejus
1967 2024 2058 2064 ac-

488 2107 648 2176 cepit.

562 2197 686 2251 958.
727 2195 933 2251 Cruces
966 2195 1023 2249 in
1052 2193 1296 2250 vestibus
1338 2191 1665 2263 quibusdam
1708 2197 2059 2260 aparuerunt.

561 2287 685 2342 961.
727 2285 853 2341 Otto
880 2302 981 2341 rex.
999 2285 1166 2340 filium
1195 2294 1357 2339 suum
1381 2281 1634 2337 Ottonem
1661 2297 1727 2337 ex
1773 2281 2066 2336 Adelhcide

490 2378 678 2450 regina
700 2393 882 2449 regem
905 2378 1029 2448 eligi
1054 2375 1201 2442 fecit,
1242 2384 1298 2430 et
1334 2374 1449 2445 ipse
1496 2373 1707 2428 Italiam
1752 2381 1876 2429 e‘um
1905 2388 2062 2428 exer-

493 2470 604 2525 citu
630 2469 782 2539 petit.
814 2467 1041 2540 Signum
1064 2467 1119 2521 in
1154 2466 1268 2522 sole
1290 2464 1561 2535 apparuit.
1958 2522 1963 2526 ν

570 2560 694 2615 96‘2.
728 2558 854 2614 Otto
877 2576 973 2613 rex
996 2558 1226 2618 Romam
1252 2556 1497 2622 veniens,
1529 2571 1559 2609 a
1579 2553 1826 2610 Johanne
1846 2562 1949 2624 seu
1964 2554 2070 2610 Oc-

497 2651 716 2706 taviano
744 2665 883 2721 papa
916 2649 1211 2719 imperator
1263 2653 1594 2711 coronatura
1624 2646 1847 2716 ipseque
1876 2661 2070 2715 papam

499 2758 600 2813 pro
622 2741 921 2798 sceleribus
977 2741 1094 2796 suis
1147 2754 1403 2811 arguens,
1454 2738 1678 2793 minime
1705 2755 1845 2794 .eum
1899 2739 2072 2811 potuit

499 2834 793 2906 corrigere.

570 2924 695 2979 963.
717 2923 1015 2993 Imperator
1039 2922 1277 2978 natalem
1319 2921 1535 2977 Domini
1581 2919 1759 2991 Papiae
1809 2931 2072 2988 moratus,

510 3023 699 3071 iterum
733 3013 964 3069 Romam
989 3014 1159 3079 venit,
1189 3028 1289 3084 pro
1319 3013 1615 3069 sceleribus
1636 3012 1899 3070 Johannis
1927 3029 2080 3084 papa:

506 3104 885 3174 dijudicandis.
942 3103 1037 3158 Set
1075 3088 1265 3158 eodem
1306 3100 1552 3159 Iohanne
1597 3104 1978 3173 imperatorem
2021 3103 2078 3157 in

2146 648 2302 711 lecta,
2325 647 2517 724 beatus
2537 644 2860 703 Oudalricus
2880 647 3171 717 episcopus
3188 656 3242 702 et
3263 646 3536 704 Adalbero
3547 656 3745 701 trans-

2146 737 2441 808 gressionis
2471 753 2740 793 canonum
2767 748 3123 805 accusantur;
3146 747 3228 794 set
3253 753 3451 795 caussa
3467 753 3567 793 sua
3581 737 3744 792 dicta

2147 837 2201 883 et
2238 836 2515 894 excusata,
2564 828 2800 884 absoluti
2843 830 3232 885 discesserunt.
3275 828 3462 884 Romae
3499 828 3714 884 Βοηώὶ

2148 927 2270 975 ctus
2304 918 2393 984 Vl,
2420 934 2557 989 papa
2582 919 2764 985 157⁸³³,
2797 920 2934 975 sedit
2958 937 3087 975 ann.
3115 922 3167 985 I,
3190 937 3366 976 ruens.
3392 920 3479 975 10.

2220 1010 2343 1065 973.
2402 1010 2671 1065 Adalbcro
2724 1011 2976 1075 clericus.
3036 1011 3254 1067 futurus
3303 1022 3361 1066 ut
3406 1010 3747 1080 sperabatur

2150 1101 2439 1172 episcopus
2464 1101 2614 1156 obiit.
2659 1100 2785 1156 Otto
2810 1102 3109 1172 imperator
3156 1100 3324 1156 Nonis
3369 1099 3495 1156 Maii
3543 1099 3748 1155 subito

2152 1202 2421 1258 mortuus,
2450 1193 2594 1262 apud
2640 1192 3103 1263 Parthenopolim,
3131 1193 3183 1247 izl
3225 1202 3309 1248 est
3342 1192 3743 1263 Magedeburg,

2155 1283 2247 1338 ubi
2275 1284 2391 1354 ipse
2414 1281 2903 1354 arciiiepiscopium
2931 1284 3000 1317 '“
3022 1282 3245 1349 fecerat,
3278 1280 3522 1354 sepultus
3554 1292 3664 1347 est,
3683 1290 3749 1335 et

2155 1375 2299 1429 filius
2320 1374 2438 1444 ejus
2464 1371 2589 1428 Otto
2608 1375 2853 1445 regnavit
2874 1390 2975 1445 po
3007 1389 3093 1429 eo.
3135 1373 3366 1430 Sanctus
3404 1372 3748 1429 Oudalricus

2156 1467 2515 1537 Augustensis
2541 1467 3109 1543 episcopusmigravit
3131 1466 3199 1521 ad
3241 1465 3556 1531 Dominum,
3587 1479 3749 1519 anno

2157 1561 2332 1616 aetatis
2375 1561 2486 1626 85",
2542 1562 2888 1631 episcopatus
2916 1562 3028 1625 50°,
3072 1569 3268 1632 quarto
3308 1560 3497 1616 Nonas
3536 1559 3743 1616 Iulias.

2159 1652 2505 1708 Burchardus
2533 1651 2641 1706 dux
2671 1651 3002 1706 Alemannim
3019 1651 3177 1716 obiit,
3199 1649 3408 1719 etOtto,
3436 1651 3586 1707 ﬁlius
3608 1650 3748 1704 Liu-

2161 1744 2295 1806 tolti,
2323 1752 2606 1812 paternum
2636 1757 2737 1812 pro
2763 1757 2830 1797 eo
2855 1742 3111 1797 ducatum
3145 1743 3365 1812 recepit.

2233 1834 2357 1890 974.
2401 1832 2586 1887 Romae
2622 1832 2942 1888 Benedictus
2971 1848 3107 1903 papa
3130 1848 3162 1887 a
3186 1832 3448 1887 Romanis
3475 1832 3750 1891 erimir.a-.

2161 1935 2250 1980 tus
2279 1924 2666 1994 strangulatur,
2686 1933 2742 1978 et
2766 1938 2834 1980 eo
2854 1924 3067 1979 vivente
3092 1922 3405 1978 Bonifacius
3422 1936 3561 1993 papa
3587 1924 3748 1977 ordi-

2159 2028 2349 2082 natur;
2387 2024 2470 2071 set
2499 2012 2623 2085 post
2650 2030 2820 2070 unum
2845 2030 3086 2071 mensem
3112 2014 3393 2084 expulsus,
3417 2013 3749 2069 Constanti-

2161 2109 2399 2179 nopolim
2436 2107 2601 2177 petit;
2624 2115 2679 2161 et
2707 2105 3031 2161 Benedictus
3066 2104 3179 2172 VII,
3203 2106 3402 2160 Sutria:
3439 2106 3596 2175 prius
3620 2105 3744 2175 epi-

2163 2213 2353 2267 copus,
2369 2213 2506 2267 papa
2527 2197 2706 2263 l580',
2732 2197 2873 2253 sedit
2892 2196 3052 2251 annis
3082 2196 3136 2251 9.
3158 2195 3496 2251 Constantia:
3515 2195 3753 2251 Choun—

2165 2288 2329 2343 radus
2355 2296 2560 2343 sanctae
2610 2287 2889 2341 memoriae
2923 2276 3234 2357 episcopus,
3274 2286 3309 2340 6
3358 2285 3476 2343 Kal.
3518 2285 3755 2341 Decem-

2163 2380 2279 2435 bris
2301 2380 2403 2433 hac
2424 2377 2530 2448 vita
2564 2376 2934 2443 decessit,-cui
2968 2376 3302 2455 Ganenolfus
3347 2376 3417 2409 '“
3452 2377 3751 2432 successit.

2238 2469 2360 2525 976.
2402 2468 2680 2527 Dissensio
2701 2469 2840 2523 inter
2862 2466 3114 2523 Ottonem
3135 2483 3317 2540 regem
3341 2477 3396 2524 et
3425 2467 3754 2525 Heinricum

2168 2561 2360 2615 ducem
2386 2558 2648 2629 Bajoariae
2673 2568 2944 2615 commota
2971 2568 3073 2615 est.

2241 2650 2366 2707 977.
2409 2649 2850 2705 Discordiainter
2897 2648 3145 2705 Ottonem
3189 2651 3384 2707 ducem
3428 2651 3645 2710 Suevim
3692 2662 3757 2710 et

2173 2741 2486 2798 Heinricum
2511 2741 2704 2797 ducem
2731 2740 2996 2812 Bajoariaa
3021 2741 3113 2795 “‘.

2243 2833 2367 2889 978.
2410 2830 2535 2887 Otto
2556 2847 2653 2888 rex
2671 2842 2862 2889 contra
2892 2832 3211 2890 Lotbarium
3247 2849 3429 2906 regem
3459 2834 3518 2889 in
3543 2834 3756 2890 Callias

2174 2924 2330 2979 duxit
2354 2923 2674 2977 exercitum.
2740 2958 2743 2960 -
3101 2957 3104 2960 .
3345 2930 3349 2933 -

2247 3012 2372 3068 979.
2412 3010 2744 3067 Constantia:
2769 3010 3122 3082 Gamenollus
3159 3014 3449 3084 episcopus
3485 3013 3643 3080 obiit,
3681 3015 3759 3070 ei-

2178 3119 2285 3176 que
2310 3099 2662 3172 Cebehardus
2680 3103 2879 3161 nobilis
2908 3103 3107 3175 praesul
3137 3104 3456 3171 succedens,
3492 3103 3560 3160 16
3594 3105 3758 3160 anuis

503 3194 858 3265 Campaniam
879 3193 1237 3266 fugiente,,in
1278 3186 1611 3264 cjus‘Ioeum
1649 3210 1680 3249 a
1722 3194 1983 3251 Romanis
2025 3201 2080 3249 et
2103 3219 2146 3274 ε
2178 3194 2320 3250 rexit
2348 3192 2668 3259 ecclesiam;
2707 3185 2807 3263 qui
2842 3194 3127 3250 basilicam
3175 3194 3349 3250 sancti
3401 3194 3651 3271 Gregorii
3698 3196 3759 3249 in

504 3287 832 3357 imperatore
856 3284 942 3339 vir
968 3283 1292 3340 venerabilis
1317 3283 1426 3338 Leo
1451 3282 1562 3336 VIII
1612 3298 1749 3353 papa
1789 3284 1955 3341 134"!
1982 3298 2077 3339 or-

506 3377 725 3433 dinatus
750 3384 850 3432 est.
1202 3375 1208 3386 '

576 3467 702 3522 964.
744 3466 975 3522 Romani
1011 3466 1247 3522 Leonem
1268 3460 1463 3537 papam
1499 3466 1792 3536 expellunt,
1838 3477 2081 3524 mortuo-

511 3572 623 3627 quo
654 3548 898 3613 Iohanne
926 3573 1063 3628 papa
1091 3557 1292 3628 priore,
1307 3556 1628 3612 Benedictus
1643 3558 1906 3614 diaconus
1926 3576 1956 3615 a
1974 3558 2083 3614 Ro-

513 3646 713 3713 manis,
734 3649 950 3706 nolente
974 3648 1323 3716 imperatore,
1362 3646 1662 3713 ordinatur,
1721 3648 1805 3719 sui
1848 3647 2085 3701 nominis

513 3736 761 3808 quintus,
785 3751 925 3805 papa
946 3735 1130 3803 I55",
1155 3744 1212 3791 et
1229 3736 1374 3790 sedit
1403 3750 1595 3800 mens._
1612 3736 1667 3789 2.
1705 3736 1773 3790 Et
1796 3737 1989 3793 civitas
2018 3739 2088 3792 ab

517 3827 846 3899 imperatore
864 3827 1086 3881 obsessa
1131 3834 1215 3881 est
1255 3833 1308 3881 et
1341 3832 1489 3878 tanta
1529 3824 1671 3879 fame
1704 3841 1985 3895 oppressa,
2028 3835 2090 3882 ut

516 3918 734 3976 modius
768 3915 994 3973 furfuris
1017 3917 1086 3971 50
1114 3916 1321 3972 veniret
1344 3916 1598 3972 denariis.
1635 3915 1745 3972 Nec
1775 3917 1946 3972 multo
1967 3926 2091 3988 post

517 4011 696 4068 dedita
720 4010 852 4065 urbe
883 4009 1187 4079 traditoque
1208 4007 1514 4073 Benedicto,
1545 4008 1838 4078 imperator
1854 4007 2090 4064 Leonem

516 4116 712 4173 papam
740 4100 992 4164 restituit,
1015 4109 1070 4155 et
1095 4099 1369 4159 Romanos
1384 4100 1435 4155 ei
1450 4099 1607 4155 ﬁdem
1632 4115 1729 4170 per
1750 4109 2092 4156 sacramenta

522 4193 837 4262 promittere
860 4190 1067 4262 coegit.‘

592 4283 715 4337 955.
753 4282 1048 4353 Imperator
1071 4283 1139 4337 de
1167 4280 1317 4338 Italia
1352 4280 1511 4347 redit,
1534 4289 1588 4335 et
1616 4280 1964 4337 Burchardus
1982 4282 2094 4337 dux

527 4369 827 4428 Suevorum
853 4374 909 4427 in
939 4373 1090 4429 Italia
1122 4373 1349 4430 rebelles
1380 4373 1691 4443 imperatori
1723 4373 1874 4428 vicit.

596 4460 725 4514 966.
774 4459 962 4517 Romae
1000 4461 1254 4517 defuncto
1321 4462 1522 4529 Leone,
1565 4460 1844 4527 Iohannes
1894 4460 2093 4528 XIIII",

2178 3286 2296 3355 ripa
2331 3282 2505 3339 Rheni
2527 3283 2907 3356 abbatiamque
2940 3287 3059 3341 suis
3078 3300 3145 3341 ex
3174 3286 3391 3357 praediis
3423 3288 3756 3343 construxit.

2249 3374 2372 3430 98L
2418 3371 2545 3429 Otto
2578 3389 2696 3441 rex,
2733 3383 3020 3447 peragrata
3059 3374 3232 3444 Italia,
3276 3375 3587 3434 Calabriam
3628 3394 3761 3435 cum

2180 3465 2422 3521 exercitu
2459 3464 2779 3540 ingreditur.
2803 3473 2808 3479 ‘
2830 3480 2843 3499 τ’
3124 3458 3128 3463 ’
3220 3453 3224 3456 ⁶
3318 3530 3319 3533 η

2251 3555 2376 3631 982.
2403 3553 2529 3611 Otto
2557 3571 2652 3611 rex
2675 3557 2818 3627 apud
2841 3555 3181 3625 Calabriam,
3204 3559 3389 3621 occiso
3433 3576 3466 3615 a
3487 3559 3686 3616 Grecis
3704 3568 3766 3615 et

2185 3645 2474 3702 Saracenis
2500 3647 2764 3714 exercitu,
2794 3642 2871 3703 de
2893 3649 3019 3703 navi
3038 3649 3267 3705 exiliens
3301 3650 3358 3704 in
3412 3665 3524 3720 qua
3566 3660 3766 3720 captus

2185 3749 2321 3806 erat,
2338 3738 2548 3816 aufugit
2558 3738 3003 3811 (enumeres).
3017 3739 3263 3797 Ottodux
3285 3740 3591 3814 Suevomm
3605 3742 3763 3809 obiit,

2187 3840 2243 3906 et
2260 3827 2623 3887 Chou'nradus
2642 3829 2749 3886 sibi
2772 3829 3058 3887 successit.
3112 3837 3115 3840 '
3748 3824 3751 3826 ’

2259 3923 2384 3978 986.
2423 3919 2550 3977 Otto
2571 3920 2880 3979 rex'Romte
2909 3923 3236 3992 infirmatus,
3287 3923 3322 3980 6
3347 3923 3473 3982 ldus
3505 3923 3762 3982 Deeemb.

2190 4015 2343 4080 obiit,
2371 4020 2426 4069 et
2450 4014 2503 4069 in
2535 4013 2749 4085 porticu
2777 4015 2951 4072 sancti
2971 4014 3115 4075 Petri
3146 4016 3421 4087 sepelitur.

2260 4104 2389 4160 984.
2425 4103 2550 4161 Otto
2577 4105 2798 4169 tercius,
2826 4106 3053 4162 secundi
3075 4105 3292 4178 Ottonis
3323 4098 3399 4162 ex
3430 4104 3606 4162 Greca
3633 4120 3766 4162 con-

2186 4194 2315 4266 juge
2365 4194 2528 4259 Illius,
2576 4195 2755 4251 adhuc
2790 4210 2924 4265 puer
2954 4211 3061 4265 pro
3085 4205 3239 4266 patre
3276 4197 3540 4269 regnavit.
3580 4196 3767 4252 Romae

2192 4279 2469 4338 Iohannes
2492 4281 2633 4348 XIV,
2659 4284 2756 4352 qui
2774 4292 2831 4340 et
2848 4282 3061 4350 Petrus,
3083 4284 3264 4355 Papiae
3282 4287 3435 4356 prius
3453 4272 3766 4355 episcopus,

2194 4386 2333 4442 papa
2348 4364 2543 4435 1593',
2558 4371 2696 4425 sedit
2717 4387 2893 4427 mens.
2925 4373 2983 4438 8,
3008 4388 3243 4445 eumque
3264 4375 3601 4442 Bonifacius,
3615 4378 3766 4446 prius

2197 4461 2436 4532 relegato
2481 4459 2791 4532 Benedicto,
2848 4462 2991 4516 male
3021 4463 3326 4530 ordinatus,
3387 4465 3455 4520 de
3491 4463 3764 4521 Constan-

527 4551 682 4621 prius
706 4548 1022 4605 Narniensis
1049 4550 1337 4621 episcopus
1351 4551 1440 4617 m,
1455 4568 1593 4625 papa
1610 4554 1795 4621 156'",
1826 4554 1967 4613 sedit
1994 4569 2096 4609 an-
2128 4540 2173 4597 Ι)
2199 4549 2425 4621 Iinopoli
2447 4564 2557 4620 quo
2579 4548 2790 4621 fugerat
2814 4566 3086 4619 reversus,
3121 4553 3549 4624 comprehendit,
3579 4563 3766 4612 etcum

528 4639 616 4697 nis
650 4639 774 4710 plus
795 4638 978 4692 minus
1004 4637 1054 4691 7.
1612 4695 1619 4701 _
1754 4662 1780 4671 η
1846 4712 1853 4719 ο

597 4729 723 4787 968.
784 4727 1014 4799 Eclipsis
1033 4728 1165 4784 solis
1188 4727 1249 4783 II
1305 4727 1424 4783 Kal.
1450 4726 1761 4785 Decembris
1794 4728 1954 4786 facta.

597 4819 725 4874 969.
762 4818 878 4875 Hoc
902 4829 1142 4890 tempore
1185 4817 1463 4875 Iohannes
1516 4833 1655 4888 papa
1693 4833 1725 4872 a
1770 4819 2098 4889 quibusdam

535 4903 779 4963 multum;
804 4909 1030 4967 alllietus
1064 4910 1245 4978 exilio,
1271 4911 1364 4966 vix
1407 4910 1626 4967 tandem
1663 4925 1695 4965 a
1734 4909 1973 4981 quodam
2013 4908 2102 4967 Jo-

534 4998 716 5055 hanne
736 5012 849 5053 suae
869 4999 981 5052 sedi
997 5000 1316 5056 restituitur.
1372 5022 1377 5027 ·

603 5087 729 5148 970.
768 5086 894 5144 Otto
928 5087 1221 5157 imperator
1247 5089 1479 5146 Romam
1497 5093 1985 5165 veniens,injurias
2008 5094 2101 5150 do-

535 5181 651 5238 mui
703 5194 857 5251 papae
912 5178 969 5233 in
1008 5178 1323 5235 auctoribus
1364 5182 1630 5237 scelerum
1661 5185 1894 5254 graviter
1925 5186 2103 5241 vindi—

771 5315 1629 5428 SanctusOudalricusepiscopus
1651 5359 1921 5427 inﬁmus,
1945 5362 2106 5418 Adal—

538 5452 745 5529 oeroui,
774 5449 980 5524 sororis
1002 5465 1116 5506 sua:
1134 5448 1268 5519 filio,
1297 5450 1674 5522 episcopatum
1703 5464 1873 5506 suum.
1901 5452 1971 5507 ab
2003 5453 2107 5508 im-

542 5556 786 5610 peratore
810 5532 1152 5611 impetravit.‘
1406 5540 1407 5543 “
1441 5548 1445 5553 '

2204 4648 2263 4695 ut
2286 4638 2575 4710 perhibent
2593 4639 2869 4707 toxicavit,
2916 4640 3143 4711 ejusque
3185 4641 3369 4698 sedem
3416 4641 3580 4698 μου·

2200 4732 2420 4787 invasit.
3054 4773 3067 4779 ,η

2234 4864 2237 4867 .
2272 4822 2397 4879 985.
2439 4819 2628 4877 Romae
2644 4820 2954 4879 Bonifacius
2999 4821 3110 4891 VII,
3174 4834 3463 4898 postquam
3518 4828 3763 4884 undecim

2204 4912 2485 4969 mensibus
2512 4913 2757 4969 invaSam
2781 4914 2961 4971 sedem
2987 4926 3377 4988 occupaverat,
3396 4918 3580 4974 subita
3600 4926 3768 4974 morte

2204 5001 2382 5073 periit,
2408 5009 2465 5056 et
2493 5011 2741 5059 mortuus
2763 5020 2794 5061 a
2818 5004 2932 5061 suis
2955 5020 3133 5073 cesus,
3173 5005 3464 5063 confossus
3489 5014 3547 5061 et
3591 5007 3768 5061 trivia-

2194 5090 2302 5147 ‘tim
2328 5091 2555 5162 pedibus
2591 5088 2827 5159 tractus,
2849 5095 2939 5152 vix
2963 5096 3181 5151 tandem
3210 5094 3426 5151 clericis
3466 5082 3769 5165 miseranti-

2204 5184 2307 5239 bus
2325 5193 2409 5240 est
2429 5183 2705 5241 humatus.

2274 5274 2397 5330 986.
2440 5274 2625 5332 Roma:
2644 5274 2923 5332 Johaunes
2944 5273 3072 5339 XV,
3084 5288 3220 5345 papa
3244 5261 3426 5344 Illi",
3459 5277 3602 5335 sedit
3622 5280 3774 5335 annis

2207 5364 2294 5431 10,
2326 5365 2607 5421 mensibus
2650 5366 2715 5433 7;
2770 5366 2865 5435 qui
2893 5363 3138 5443 clericos
3177 5380 3310 5422 suos
3360 5368 3770 5441 parvipeudens,

2204 5455 2334 5510 odio
2355 5457 2425 5512 ab
2449 5457 2581 5527 ipsis
2601 5465 2687 5512 est
2705 5456 2944 5511 habitus.

2279 5529 2402 5601 987.
2444 5540 2645 5603 Fames’
2664 5559 2861 5615 magna
2894 5544 3158 5615 estfacta.

3633 4659 3766 4718 1³³1³³

1826 5691 2061 5748 vanu:
2099 5693 2498 5757 LECTIONES.
2568 5664 2574 5670 ’

614 5811 682 5877 9“
717 5814 1123 5886 onliuatusest.
1150 5813 1202 5869 5.
1236 5811 1676 5885 reliqua'desunt.
1752 5809 1822 5845 '“
1851 5808 2126 5879 arrhiepm
2156 5811 2204 5865 I.
2280 5814 2349 5849 ³³⁸
2377 5814 2455 5867 ita
2487 5813 2537 5867 I.
2616 5814 2684 5848 m
2704 5827 2974 5876 commota
2992 5828 3079 5880 est
3103 5817 3357 5890 repetita
3452 5824 3469 5834 "

3590 5746 3920 6300 Α
