3970 6340
190 465 332 525 1357

962 404 965 405 ν
1073 458 1361 521 APPEND.
1402 457 1489 511 111.
1528 486 1597 497 --
1629 450 2062 511 MONUMENTA
2095 447 2560 508 GREGORIANA.

3295 402 3433 502 .35.

255 582 383 636 991.
426 577 763 649 Theophane
804 575 975 631 Greca
1000 574 1336 644 imperatrix,
1361 579 1535 627 mater
1550 568 1767 625 Ottonis
1796 579 1841 632 Α
1938 563 2096 619 1005.
2140 563 2209 594 ’⁸ο
2241 561 2428 616 Romae
2454 567 2580 630 post
2606 557 2929 613 Gerbertum
2974 554 3252 611 Johannes
3295 552 3435 621 XVI,

184 674 354 743 regis,
382 672 537 726 obiit.
668 718 671 719 ν
1434 714 1437 719 -

255 763 385 819 992.
427 762 495 794 ’δ’
516 760 844 833 Aquisgrani
868 758 923 813 in
947 758 1183 829 generali
1228 755 1437 828 synodo
1474 769 1659 810 coram
1689 754 1764 807 le-

183 854 326 925 gatis
354 852 622 909 Johannis
642 867 793 923 papa:
818 851 1090 907 sancitum
1110 857 1214 913 est,
1244 856 1305 901 ut
1336 853 1575 916 quatuor
1595 843 1763 898 ebdo-

184 947 366 1004 madis
394 957 521 1003 ante
558 948 789 1002 natalem
824 945 1062 1011 Domini,
1088 954 1143 999 et
1168 960 1199 998 a
1221 941 1615 1014 septuagesima
1640 949 1766 994 ante

181 1041 415 1108 pascha,
449 1047 505 1092 et
527 1040 595 1093 11
638 1038 834 1093 diebus
852 1046 979 1092 ante
1029 1037 1227 1092 festum
1275 1034 1451 1090 sancti
1500 1031 1766 1087 Johannis

184 1127 465 1199 Baptistae,
493 1129 677 1184 nullus
704 1129 971 1215 secularia
1006 1128 1203 1211 placita
1243 1141 1403 1198 agere
1441 1134 1537 1180 aut
1581 1125 1769 1195 conju-

178 1222 336 1291 gium
369 1222 695 1278 contrahere
724 1231 1021 1293 praesumat
1045 1219 1251 1291 (1278).
1289 1218 1294 1221 ’

254 1316 383 1370 994.
424 1316 717 1372 Gounrado
743 1316 854 1387 regi
882 1316 1209 1387 Burgundiaa
1238 1314 1517 1380 defuncto,
1544 1327 1765 1369 succes-

180 1413 258 1467 sit
280 1410 587 1469 Roudolfus
607 1412 753 1468 ﬁlius
775 1412 844 1445 ⁸⁵⁸
868 1414 990 1483 ejus
1014 1413 1069 1467 in
1094 1427 1344 1484 regnum.

255 1502 384 1558 995.
426 1502 713 1558 lleinricus
735 1503 845 1558 dux
868 1496 1132 1574 Bajoarim
1154 1502 1307 1569 obiit,
1334 1500 1493 1571 cujus
1510 1501 1768 1556 ducatum

182 1593 333 1650 ﬁlius
376 1596 497 1665 ejus
544 1596 791 1665 ejusdem
846 1596 1086 1650 nominis
1134 1594 1388 1649 obtinuit.
1436 1592 1770 1647 Constantia:

180 1686 542 1742 Gebehardus
563 1688 853 1757 episcopus
870 1687 1195 1742 venerabilis
1219 1686 1374 1752 obiit,
1404 1694 1460 1741 et
1490 1686 1544 1739 in
1581 1685 1769 1739 basili—

179 1793 247 1831 ca
272 1778 450 1834 sancti
492 1778 739 1849 Gregorii
772 1794 926 1849 papa:
966 1795 1001 1833 a
1067 1794 1127 1834 se
1162 1787 1477 1845 constructa
1522 1778 1769 1849 sepultus

177 1870 452 1940 quiescit;
486 1871 649 1942 eique
677 1870 1003 1941 Lampertus
1026 1872 1331 1926 monachus
1363 1870 1420 1926 in
1452 1870 1767 1941 episcopatu

179 1960 509 2027 succedens,
536 1958 756 2031 praefuit
782 1962 946 2017 anuis
966 1962 1058 2015 23.

251 2051 379 2105 996.
421 2051 548 2107 Otto
582 2068 673 2107 rex
701 2051 910 2107 Italiam
936 2058 1063 2109 cum
1085 2051 1327 2107 exercitu
1363 2050 1518 2121 petit,
1555 2048 1771 2122 sibique

179 2141 412 2195 rebelles
441 2144 727 2198 coartavit.

253 2233 381 2286 997.
419 2232 545 2287 Otto
573 2250 692 2301 rex,
722 2236 965 2294 subactis
1010 2235 1324 2302 rebellibus,
1377 2234 1533 2313 ltalia
1573 2235 1805 2291 Roma»
1854 2250 1859 2254 '

130 2344 135 2349 ’
177 2339 290 2393 que
312 2325 519 2396 potitus
542 2335 646 2383 est.
672 2326 740 2382 Et
764 2328 1063 2399 Gregorius
1092 2327 1158 2396 ν,
1182 2328 1278 2399 qui
1299 2338 1355 2385 et
1374 2328 1580 2395 Bruno,
1626 2328 1772 2385 ﬁlius

177 2414 379 2472 Utonis
398 2417 577 2483 ducis,
605 2435 743 2489 papa
774 2421 937 2474 142"
966 2420 1274 2487 ordinatus,
1318 2429 1377 2474 et
1423 2419 1550 2475 Otto
1588 2422 1659 2475 ab
1704 2436 1770 2475 co

178 2509 487 2578 imperator
520 2520 817 2582 coronatus
842 2521 947 2566 est.
975 2512 1080 2578 Qui
1106 2510 1580 2583 vénerabilispapa
1612 2529 1776 2567 cano-

180 2599 363 2653 nieam
402 2600 475 2654 ibi
497 2601 841 2671 disciplinam
866 2618 1119 2674 reparare
1140 2611 1415 2674 satagens,
1452 2604 1594 2658 sedit
1611 2604 1772 2658 annis

179 2687 383 2755 tribus,
411 2691 693 2747 mensibus
722 2692 774 2746 9.
801 2691 991 2763 Augia:
1010 2692 1282 2748 AlawiCus
1303 2695 1472 2750 abbas
1485 2694 1625 2749 .26“
1644 2712 1773 2765 pro-

179 2787 389 2846 motus,
424 2780 611 2847 Romae
631 2784 702 2838 ab
723 2783 843 2854 ipso
869 2799 1008 2855 papa
1038 2794 1392 2841 consecratus
1413 2795 1471 2841 et
1488 2787 1771 2857 privilegio

176 2868 422 2926 donatus
449 2879 554 2927 est.
579 2873 905 2930 Counradus
926 2876 1038 2931 dux
1063 2876 1494 2933 Alamannorum
1520 2879 1674 2946 obiit,
1718 2889 1774 2935 et

180 2949 287 3032 pro
311 2979 379 3018 eo
405 2964 771 3025 Hcrimannus
792 2970 1052 3025 ducatum
1084 2970 1311 3042 accepit.
1667 2974 1676 2980 ’

256 3054 383 3109 999.
423 3055 551 3111 Otto
581 3058 882 3129 imperator
911 3060 1109 3116 iterum
1124 3061 1345 3118 'Italiam
1375 3079 1502 3119 cum
1528 3066 1771 3120 exercitu

181 3144 254 3175 ’δν
278 3144 504 3199 invadit.
554 3200 555 3203 η

1866 670 2003 726 papa
2035 654 2218 721 111'",
2249 652 2387 708 sedit
2412 667 2559 707 anno
2589 662 2719 705 uno.

1939 746 2094 801 1006.
2136 744 2324 802 Romae
2350 744 2627 802 Iohannes
2653 738 2820 811 XVII,
2848 743 2945 814 qui
2969 750 3025 799 et
3049 740 3317 809 Fasanns,
3345 758 3442 812 pa-

1866 854 1934 909 pa
1965 838 2124 892 145‘Is
2154 837 2459 903 ordinatur,
2487 842 2542 890 et
2570 834 2712 890 sedit
2738 835 2897 889 annis
2925 850 3021 889 sex
3048 833 3138 888 ¹⁸¹.
3411 843 3415 847 ”

1938 929 2093 983 1007.
2135 927 2423 983 lleinricus
2450 942 2545 981 rex
2574 940 2791 981 summo
2818 927 2999 981 studio
3027 925 3171 996 apud
3198 932 3437 981 castrum

1867 1036 2028 1075 suum
2058 1018 2374 1091 Babcnberg
2400 1019 2628 1085 dictum,
2660 1018 2897 1072 nobilem
2944 1026 2999 1072 et
3034 1017 3260 1072 divitem
3303 1032 3441 1073 con-

1867 1112 2068 1167 struxit
2090 1111 2569 1181 episcopatum’",
2600 1110 2918 1181 primusque
2943 1110 3017 1165 ibi
3048 1111 3155 1168 hoc
3180 1112 3446 1181 nunoepi-

1868 1203 2068 1273 scapus
2094 1211 2379 1273 promotus
2405 1210 2493 1257 est
2518 1200 2886 1257 Eberhardus.

1939 1294 2097 1348 1008.
2140 1294 2326 1365 Augize
2380 1304 2591 1348 remoto
2646 1292 2915 1348 Ymmone
2967 1293 3161 1349 abbate
3214 1291 3444 1359 crudeli,

1868 1383 2005 1439 Bern
2037 1385 2120 1439 vir
2146 1386 2341 1440 doctus
2367 1395 2421 1441 et
2448 1386 2593 1455 pius,
2622 1384 2963 1440 Prumiensis
2989 1385 3309 1453 monachus,
3338 1384 3447 1438 An-

1869 1477 1969 1547 gia:
1996 1477 2163 1531 abbas
2189 1478 2574 1545 constituitur;
2622 1474 2717 1548 qui
2746 1484 3023 1547 gratanter
3051 1486 3360 1547 susceptus,
3391 1486 3448 1530 et

1869 1584 1901 1621 a
1926 1566 2333 1624 Gonstantiensi
2362 1569 2620 1639 episcopo
2646 1569 2935 1639 Lamperto
2982 1570 3152 1625 abbas
3176 1570 3297 1640 ejus
3341 1570 3445 1624 loci

1866 1658 1997 1733 29ιὲ⁸
2027 1669 2401 1727 consecratus,
2430 1661 2629 1731 pietate
2657 1668 2713 1714 et
2739 1662 2967 1716 scientia
2996 1663 3201 1729 clarus,
3231 1660 3449 1731 prafuit

1869 1749 2030 1804 annis
2055 1750 2144 1804 40.

1942 1837 2099 1893 1009.
2140 1838 2211 1870 ³⁸³
2242 1837 2430 1895 Romae
2458 1837 2681 1911 Sergius
2707 1838 2798 1907 IV,
2827 1856 2964 1911 papa
2996 1841 3181 1908 116‘”,
3221 1841 3446 1897 ordina-

1802 1923 1845 1977 Β
1870 1937 1977 1985 tur.

1946 2020 2105 2075 1011.
2146 2021 2449 2092 Wiiligisus
2494 2022 2978 2093 Mogoneiaccnsis'
3010 2025 3451 2097 archiepiscopus

1872 2104 2029 2185 obiit,
2058 2108 2218 2179 eique
2245 2108 2656 2167 Erchenbaldus
2682 2113 2966 2167 successit.

1944 2201 2101 2257 1012.
2142 2201 2507 2261 Chounradus
2532 2203 2641 2258 dux
2672 2201 2966 2258 Carentani
2996 2206 3260 2273 moriens,
3288 2204 3454 2260 Adal-

1879 2291 2072 2365 beroni
2102 2293 2361 2348 ducatum
2390 2286 2630 2364 reliquit.
2661 2294 3029 2351 Herimannus
3056 2297 3164 2352 dux
3193 2298 3450 2354 Aleman-

1872 2384 1979 2438 niaa
2005 2384 2160 2450 obiit,
2190 2385 2347 2454 cujus
2374 2385 2631 2441 ducatum
2661 2384 2865 2442 Ernust
2889 2390 3113 2459 accepit.

1946 2474 2103 2530 1013.
2145 2475 2333 2532 Romae
2375 2476 2633 2533 defuncto
2680 2476 2871 2549 Sergio
2912 2492 3072 2551 papa,
3122 2479 3452 2538 Benedictus
3490 2518 3493 2523 ι

1874 2563 2010 2631 ῊΙΙ,
2031 2582 2171 2636 papa
2194 2568 2379 2634 147",
2428 2568 2569 2622 sedit
2595 2569 2753 2625 annis
2776 2569 2949 2635 ferme
2976 2572 3047 2626 12
3313 2554 3333 2590 "

1945 2657 2101 2711 1011.
2143 2656 2434 2721 lleinricus
2462 2677 2555 2714 rex
2587 2659 3057 2733 Romaaimperiali
3076 2664 3453 2723 benedictione

1871 2760 1902 2797 a
1932 2743 2228 2800 Benedicto
2255 2761 2394 2815 papa
2423 2759 2738 2803 coronatur.

1941 2837 2099 2893 1015.
2142 2837 2346 2894 Emust
2374 2840 2485 2894 dux
2512 2840 2850 2898 Alemannia
2878 2844 2933 2897 in
2962 2852 3161 2900 venatu
3190 2846 3262 2901 ab
3286 2847 3454 2902 Adal-

1872 2917 2076 2985 berone
2105 2921 2306 2986 comite
2336 2930 2507 2987 feram
2537 2940 2842 3003 appetente,
2871 2935 3070 3007 sagitta
3112 2933 3451 3007 vulneratus,

1870 3021 2105 3089 interiit,
2132 3031 2187 3077 et
2213 3023 2470 3077 ducatum
2499 3024 2620 3094 ejus
2670 3026 2817 3081 ﬁlius
2861 3025 3181 3095 equivocus,
3234 3031 3454 3085 viduam

1871 3131 2000 3170 vero
2027 3116 2148 3186 ejus
2174 3116 2411 3173 Giselam
2439 3117 2787 3186 Counradus,
2817 3119 3056 3178 Heinrici
3082 3124 3250 3195 ﬁlius,
3279 3125 3453 3197 impe-

254 3232 414 3289 1000.
454 3216 641 3315 Romae
654 3235 911 3295 defuncto
933 3238 1195 3310 Gregorio
1224 3256 1383 3310 papa,
1418 3239 1680 3302 Silvestcr
1700 3242 1768 3311 ll,

1900 3218 2022 3262 ator
2047 3219 2234 3278 postea
2254 3210 2509 3279 futurus,
2551 3216 2779 3284 accepit.
2828 3200 3222 3289 Megingaudus
3267 3218 3457 3277 Trevi-

178 3326 281 3395 qni
314 3338 369 3380 et
390 3310 706 3395 Gerhertus,
733 3330 913 3400 primo
942 3301 1261 3401 Remorum,
1294 3301 1440 3405 post
1484 3301 1767 3393 Ravenna:
1797 3301 1837 3323 υ
1871 3301 2533 3405 τοῗιίῗξπξὴίθθὶξῗθρυδ
2558 3305 2716 3405 9w"
2747 3322 2849 3405 Ρ
2875 3324 2987 3405 qu?
3013 3308 3215 3405 Ρορ

180 3426 303 3473 tum
328 3420 792 3492 archiepiscopus,
817 3411 1061 3480 sceulari'
1082 3427 1380 3482 literaturze
1414 3429 1645 3484 nimium
1675 3432 1771 3485 de-

178 3508 352 3575 ditus,
377 3517 433 3564 et
454 3512 526 3564 ob
549 3512 653 3566 hoe
672 3513 892 3567 curioso
928 3515 1244 3584 imperatori
1284 3517 1579 3571 admodum
1618 3533 1769 3573 ama-

179 3609 297 3678 tus,
322 3616 460 3670 papa
488 3603 648 3655 111:5us
676 3605 816 3658 sedit
836 3606 1001 3661 annis
1022 3607 1076 3661 5.
1196 3611 1203 3615 ’

256 3692 414 3749 1001.
455 3692 582 3749 Otto
604 3695 903 3766 imperator
942 3697 1154 3755 Italiam
1185 3700 1288 3756 sibi
1326 3716 1768 3774 quaquaversqu

180 3785 460 3840 subditam
479 3786 695 3843 lustrat.
1544 3782 1562 3797 ⁸

256 3876 415 3930 1002.
457 3874 583 3931 Otto
607 3878 900 3948 imperator
932 3881 987 3935 in
1012 3879 1167 3936 Italia
1200 3881 1268 3935 10
1302 3881 1421 3937 Kal.
1455 3882 1585 3939 Feb.
1611 3886 1765 3956 obiit,

178 3978 333 4017 anno
360 3965 513 4034 regni
549 3965 653 4031 18°,
682 3974 738 4020 et
764 3967 1023 4023 intestina
1050 3969 1171 4040 ejus
1194 3970 1474 4042 Augustae,
1496 3974 1767 4045 reliquum

179 4069 317 4109 vero
388 4070 591 4125 corpus
635 4057 779 4128 ejus
805 4059 1138 4132 Aquisgrani
1184 4063 1463 4133 sepelitur.
1502 4064 1609 4120 Pro
1656 4082 1769 4135 quo

180 4144 475 4203 lleinricus
518 4148 629 4204 dux
677 4149 946 4222 Bajoaria:
986 4168 1080 4208 rex
1109 4154 1356 4222 effectus,
1387 4157 1633 4226 regnavit
1675 4173 1769 4210 an-

179 4240 394 4297 ni525.
642 4288 647 4293 .
772 4290 773 4293 η

254 4330 414 4386 1005.
455 4330 740 4389 lleinricus
782 4351 875 4390 rex
925 4334 1239 4393 Heinrieum
1305 4340 1676 4397 marchionem
1714 4353 1769 4398 et

174 4423 323 4484 alios
348 4423 453 4479 sibi
478 4426 797 4484 resistentes
823 4432 1062 4486 exercitu
1092 4434 1243 4502 petit.
1274 4434 1569 4506 Argentius
1597 4452 1628 4490 a
1656 4435 1764 4492 lle-

175 4512 437 4569 rimanno
459 4510 602 4572 'duee
628 4518 983 4586 Alemanniae,
1014 4522 1129 4591 regi
1160 4523 1473 4591 rebellante,
1510 4524 1763 4594 spoliata,

1943 3397 2097 3451 1017.
2139 3397 2484 3466 Gotefridus,
2540 3400 2651 3455 dux
2710 3403 2883 3469 partis
2950 3402 3451 3477 Lotharingorum,

1870 3492 2212 3559 Gerhardum
2240 3496 2497 3560 comitem
2522 3492 2663 3552 bello
2684 3496 2835 3553 vicit.

1942 3584 2099 3639 1018.
2139 3586 2476 3643 Constantine
2514 3587 2810 3659 Lampcrto
2873 3591 3130 3663 episc0po
3174 3592 3453 3664 defuncto,

1870 3673 2236 3732 Roudbardus
2264 3677 2483 3747 praefuit
2508 3683 2669 3735 annis
2698 3681 2870 3738 ferme
2897 3684 2951 3738 5.

1942 3768 2098 3823 1019.
2138 3767 2523 3838 Chounradus,
2554 3771 2700 3829 ﬁlius
2719 3772 3037 3831 Chounradi
3059 3778 3336 3847 quondam
3357 3779 3457 3834 du-

1869 3859 1950 3916 cis
1973 3859 2287 3928 Carentani,
2308 3862 2715 3923 Adalberonem
2731 3865 2925 3921 ducem
2950 3870 3094 3937 apud
3117 3864 3330 3924 Ulmam
3349 3885 3452 3939 pu—

1869 3967 1973 4022 gna
1992 3952 2198 4007 victum
2221 3952 2447 4023 fugavit.

1940 4040 2098 4095 1020.
2138 4041 2467 4099 Benedictus
2518 4060 2656 4114 papa
2694 4043 2766 4098 ab
2800 4042 3126 4115 imperatore
3170 4048 3448 4117 invitatus,

1867 4132 2179 4206 Babenberg
2201 4136 2370 4203 venit,
2407 4136 2591 4208 ibique
2638 4139 2912 4195 :eelesiam
2957 4142 3132 4196 sancti
3186 4141 3449 4214 Stephani

1867 4227 2157 4283 dedicavit.
3093 4238 3096 4242 λ

1939 4323 2097 4379 1021.
2141 4323 2457 4383 lleribertus
2485 4324 2727 4386 Colonia:
2745 4330 3055 4402 Agrippina:
3081 4330 3448 4404 archiepisco-

1868 4429 1990 4484 pus,
2006 4417 2090 4469 rir
2104 4433 2313 4486 magna:
2333 4419 2655 4485 sanctitatis,
2678 4421 2780 4475 hac
2802 4417 2911 4476 vita
2933 4423 3237 4493 discedens,
3264 4426 3451 4485 multis

1852 4508 2146 4575 miraculis
2178 4509 2408 4577 claruit;
2432 4510 2522 4566 cui
2554 4510 2851 4583 Piligrinus
2882 4518 3167 4573 successit.
3204 4518 3447 4593 Erebea-

174 4611 237 4658 ει
261 4604 525 4662 divinitus
554 4606 608 4661 in
637 4616 891 4665 auctores
918 4610 1139 4665 sceleris
1166 4615 1404 4680 graviter
1430 4614 1763 4669 vindicatum
1795 4607 1840 4662 D
1864 4604 2025 4659 baldo
2061 4620 2299 4675 quoque
2335 4603 3221 4684 Mogonciaeensijarehiepiscopo'
3248 4611 3444 4668 defun-

179 4702 285 4762 est,
316 4703 371 4749 et
395 4697 467 4749 ab
492 4697 613 4766 ipso
637 4698 778 4755 duce
802 4715 962 4756 sacro
989 4701 1111 4755 loco
1136 4700 1498 4758 satisfactum.

1863 4704 1972 4761 clo,
2004 4695 2172 4751 Aribo
2201 4701 2486 4755 successit.
2529 4700 2816 4759 lleinricus
2843 4704 3136 4773 imperator
3158 4705 3212 4758 in
3237 4702 3443 4763 Italiam

250 4790 417 4846 1004.
449 4792 737 4851 lleinricus
764 4812 858 4853 rex
886 4798 1093 4855 Italiam
1121 4808 1328 4871 petens,
1350 4801 1454 4857 sibi
1473 4817 1593 4858 eam
1624 4807 1759 4861 sub-

1900 4788 2259 4858 xpeditioncm
2286 4792 2473 4846 movit.

175 4884 343 4957 iecit;
374 4883 599 4956 Papiam
646 4887 763 4958 ipsa
818 4889 908 4960 dij:
953 4908 1063 4962 qua
1105 4901 1398 4950 coronatus
1440 4904 1526 4950 est
1565 4896 1761 4951 irrum-

176 4991 338 5049 pens,
368 4977 546 5047 gladio
572 4987 627 5033 et
654 4980 777 5051 igne
804 4968 1132 5129 piﬁomuit.
1187 4984 1315 5041 Inde
1364 4986 1419 5041 in
1466 4986 1758 5061 Sasoniam

180 5067 420 5129 rediens,
450 5064 725 5125 Boemiam
752 5082 808 5126 et
934 5076 1152 5129 lizlaum
1199 5078 1393 5129 ducem
1443 5079 1758 5129 Selamrnm

180 5067 420 5134 rediens,
450 5064 725 5125 Boemiam
752 5082 808 5126 et
840 5064 1152 5147 Bblizlaum
1199 5078 1393 5135 ducem
1443 5079 1759 5139 Sclavorum

187 5171 308 5214 tum
337 5168 448 5214 tota
476 5171 635 5232 gente
661 5177 763 5217 sua
791 5165 1121 5235 subjugavit.

1937 4879 2094 4936 1022.
2152 4880 2439 4935 lleinricus
2480 4871 2777 4951 imperator
2829 4882 3184 4954 Campaniam
3229 4896 3442 4957 petens,

1867 4968 2434 5044 'l‘roiamLNeapolim,
2470 4970 2816 5041 Capuam,et
2845 4984 3056 5031 ceteras
3104 4975 3349 5033 civitates
3385 4980 3441 5034 in

1866 5060 2195 5119 deditionem
2220 5067 2433 5135 accepit
2456 5085 2471 5132 ;
2493 5076 2548 5122 et
2570 5066 2937 5127 Nordmannis
2966 5072 3314 5142 quibusdam,
3345 5073 3441 5142 qui

1866 5167 2118 5227 tempore
2143 5158 2265 5229 ejus
2291 5160 2385 5217 illo
2409 5161 2803 5233 confluxerant,
2824 5154 3118 5235 quoddam,
3148 5176 3210 5222 ut
3236 5166 3436 5235 ferunt,

1462 5300 1694 5359 VARle
1728 5305 2130 5367 LECTIONES.

477 5406 1157 5501 gglaﬂgr‘ne'nlojuserla.
1235 5413 1386 5501 “"f.
1418 5416 1537 5501 (ἒξ-ξ.
1584 5433 1632 5471 r.
1675 5420 1864 5501 desunt
1898 5422 1951 5478 5.
2029 5425 2097 5457 ’δ’
2125 5428 2452 5501 exercertitu
2485 5445 2532 5483 ε.
2594 5428 2678 5501 7’”
2717 5428 2911 5501 Fames
2933 5444 3125 5501 magna
3146 5430 3309 5501 facta
3330 5443 3432 5490 est.

172 5476 458 5572 doli-annis
476 5475 773 5572 papa
800 5483 1010 5572 invitia
1039 5486 1371 5572 tg'pographi.
1402 5513 1404 5519 ν
1429 5488 1518 5572 ..⁸⁵⁸
1559 5504 1610 5543 a.
1643 5503 1745 5572 sex.
1766 5475 1949 5546 eodem
1983 5475 2633 5572 AI.

176 5548 448 5638 rngyrisj
470 5547 721 5638 addit}.
763 5619 781 5638 Ι
800 5553 870 5582 ³⁵³
899 5547 1150 5638 [iacit-ig
1164 5547 1475 5638 'anfauteuto
1502 5548 1811 5638 examinet
1829 5580 1985 5638 anno
2700 5547 3435 5638 ejudédi’iiﬂbbaﬁciﬁﬁ'c;

179 5614 343 5671 1009.
376 5617 729 5689 adsignantur
758 5619 809 5673 1.
844 5637 984 5675 anno
1013 5624 1169 5680 1009.
1199 5618 1471 5695 adscripta
1497 5626 1552 5681 2.
1580 5644 1719 5683 (unm
1750 5614 2043 5689 1010.93.-
2062 5614 2175 5621 ’Π-
2210 5614 2367 5649 “m‘

1638 5762 1869 5819 ΝΟΤᾹΞ.

251 5869 438 5943 (1278)
477 5871 611 5929 Acta
638 5872 803 5945 hujus
819 5873 1007 5946 synodi
1023 5874 1298 5945 perierunt
1312 5884 1365 5930 et
1389 5876 1516 5935 hinc
1546 5887 1753 5944 tantum
1796 5854 2165 5943 innatuerunt.
