3970 6368
526 449 664 504 1359

1548 433 1641 487 AD
1678 431 1908 489 OPERA
1947 431 2002 485 S.
2046 426 2374 486 GREGORII
2411 423 2850 480 APPENDICES.

3643 425 3781 484 1360

519 564 625 616 illis
663 559 716 612 in
755 555 1000 626 partibus
1038 550 1373 606 territorium
1419 547 1712 610 concessit,
1735 547 1921 613 sicque
1982 542 2095 612 ipse
2128 546 2168 598 Α
2269 541 2426 595 1052.
2469 539 2771 594 Roudoll’us
2800 556 2890 593 rex
2925 539 3250 608 Burgundige
3281 541 3511 612 ignavus
3542 543 3704 600 obiit.
3727 555 3784 598 et

517 669 610 724 per
639 650 868 704 Romam
891 647 1062 700 vietor
1090 642 1247 696 rediit
1301 641 1354 692 in
1402 637 1770 691 Germaniam.
1805 633 2090 688 Rnudhar-

2194 632 2484 688 Counrado
2513 633 2824 702 imperatori
2852 633 3096 687 diadema
3127 648 3285 686 suum
3317 637 3643 690 transmisit.
3669 635 3782 692 Cu-

516 723 618 800 dus
643 735 1079 796 Constantiensis
1106 733 1395 802 cpiscopus
1425 729 1577 781 obiit.
1636 726 1740 780 Pro
1760 741 1871 796 quo
1900 723 2091 778 Iieimo
2191 726 2282 795 jus
2311 740 2537 794 regnum
2567 723 2704 789 Odo,
2735 725 2943 778 sororis
2973 740 3086 778 sua:
3117 724 3280 790 ﬁlius,
3312 725 3566 797 princeps
3611 727 3784 782 Galli-

515 837 691 890 ferme
719 831 879 886 annis
907 829 976 860 ηδ
1000 825 1229 896 praefuit.
1275 822 1542 876 Notkerus
1565 832 1780 889 quoque
1833 815 2093 888 magister

514 929 580 980 de.
603 926 804 980 Sancto
836 921 987 976 Gallo
1013 918 1166 971 obiit.

495 1033 500 1037 '
594 1011 1101 1078 1023.,Ratispnuze
1153 1014 1273 1074 post
1315 997 1692 1055 Gehebat‘dum
1745 995 2090 1066 episcopum,

518 1111 696 1161 virum
718 1103 874 1159 laude
901 1098 1302 1171 dignissimum,
1336 1093 1470 1147 alter
1498 1089 1848 1146 Gehebardus
1877 1087 2090 1141 inthro-

524 1211 754 1254 ιιιίαιυτ.
1635 1225 1644 1231 .

595 1291 652 1342 In
716 1288 786 1318 "'
848 1285 951 1338 hoc
1016 1294 1121 1336 ano
1179 1276 1432 1332 convenit
1480 1273 1708 1329 sinodus
1769 1267 2095 1342 Mogontiaci

522 1358 746 1447 (ιέτυ).
799 1378 851 1430 in
902 1388 1008 1444 qua
1059 1371 1414 1426 constitutum
1465 1373 1576 1430 est,
1639 1371 1699 1419 ut
1754 1363 1904 1433 plebs
1949 1361 2096 1416 chri-

522 1475 694 1526 stiana
761 1468 825 1521 14
879 1466 996 1520 (lies
1071 1471 1196 1516 ante
1239 1459 1436 1514 festum
1501 1455 1672 1511 sancti
1743 1453 2007 1508 Johannis
2065 1467 2095 1506 a

520 1579 682 1620 carne.
750 1569 802 1614 et
843 1556 1106 1627 sagimine
1155 1551 1444 1614 abstineat,
1513 1547 1617 1602 nisi
1661 1545 1971 1600 inﬁrmitate
1998 1559 2093 1598 eo-

521 1667 694 1725 gente,
733 1661 826 1706 aut
849 1648 1156 1710 festivitate,
1183 1659 1304 1715 qua:
1345 1642 1399 1697 in
1446 1640 1536 1694 illo
1562 1638 1838 1710 episeopio
1866 1636 2095 1691 celebris

521 1748 766 1801 habetur.
827 1740 1086 1795 Similiter
1128 1737 1196 1792 14
1229 1726 1347 1790 dies
1401 1740 1526 1785 ante
1571 1727 1803 1783 natalem
1856 1725 2091 1780 Domini.

521 1838 651 1893 ιι-ξιιι
677 1836 748 1890 ibi
795 1832 1150 1889 constitutum
1179 1834 1282 1890 est,
1323 1833 1384 1878 ut
1433 1822 1612 1893 vigilia
1639 1820 1961 1890 epiphanize,
2009 1818 2093 1870 vi-

2194 832 2271 872 ca:
2298 816 2626 886 Campaniae,
2660 815 2874 871 invasit.
2917 815 3054 870 Bern
3106 817 3274 872 abbas
3325 816 3536 888 Angize,
3591 820 3784 874 missis

2197 907 2424 962 Romam
2454 908 2664 962 eenobii
2690 909 2773 962 sui
2801 908 3114 979 privilegiis,
3143 924 3174 964 a
3203 907 3451 963 Johaune
3480 925 3616 980 papa
3647 912 3782 964 item

2196 999 2536 1070 privilegium
2566 1014 2691 1053 cum
2721 1000 3002 1065 sandaliis,
3047 1009 3104 1055 ut
3154 1001 3555 1072 episcopalibus
3611 1002 3782 1056 indu-

2197 1092 2394 1147 mentis
2423 1092 2620 1148 missas
2649 1101 2850 1162 ageret,
2877 1092 3102 1162 accepit.
3163 1089 3316 1148 Unde
3359 1109 3391 1147 a
3437 1092 3785 1147 Warmanno

2195 1182 2613 1236 Constantiense
2639 1182 2898 1251 episcopo
2927 1183 3067 1252 apud
3097 1182 3478 1251 imperatorem
3507 1183 3666 1252 quasi
3691 1183 3780 1236 sui

2199 1289 2456 1344 perxasor
2483 1273 2642 1328 oliicii
2671 1282 2984 1365 acpusatus,
3013 1289 3079 1328 eo
3101 1288 3275 1344 usque
3300 1274 3370 1328 ah
3398 1274 3644 1343 utrisque
3683 1288 3782 1327 co-

2198 1374 2427 1430 artatur,
2457 1366 2630 1421 donec
2653 1365 2791 1420 idem
2823 1381 2945 1420 cum
2975 1366 3237 1421 caiidaliis
3273 1365 3617 1436 privilegium
3671 1366 3782 1434 ipsi

2195 1458 2454 1528 episcopo
2482 1457 2736 1524 traderet,
2787 1459 3001 1528 publice
3046 1457 3100 1512 in
3131 1457 3324 1512 sinodo
3372 1473 3493 1523 sua,
3523 1456 3574 1510 id
3604 1467 3692 1512 est
3722 1457 3782 1512 in

2196 1565 2328 1604 cena
2362 1548 2577 1604 Domini
2607 1551 2885 1620 sequentis
2908 1549 3058 1614 anni,
3090 1546 3644 1618 ineeridendumeso
3677 1561 3784 1602 an-

2198 1657 2270 1696 no
2323 1641 2772 1713 Bouchaugiensc
2807 1642 3098 1697 cenobium
3135 1641 3172 1696 2
3231 1640 3358 1696 Idus
3405 1639 3557 1696 Junii
3578 1640 3646 1671 ’“
3687 1639 3784 1696 in-

2197 1733 2390 1788 cendio
2417 1734 2625 1804 ﬁagrat.

2272 1827 2428 1881 1055.
2463 1825 2761 1896 Imperator
2786 1823 2992 1881 Odonis
3020 1824 3354 1896 provinciam
3393 1825 3654 1880 Gallicam
3705 1825 3782 1858 ⁸⁸⁷

521 1931 644 2001 gilia
673 1927 919 1982 omnium
967 1930 1302 1980 sanctorum,
1326 1914 1507 1986 vigilia
1544 1910 1934 1981 assuniptionis
1961 1925 2090 1963 san-
2123 1921 2167 1977 Β
2192 1919 2452 1974 invadens
2479 1919 2854 1989 Campaniam,
2887 1925 2996 1974 tam
3027 1917 3119 1974 diu
3148 1918 3401 1982 “sum,
3431 1918 3605 1972 donec
3659 1919 3785 1987 ipse

521 2000 620 2076 me
643 2019 841 2083 iiii-im,
869 2015 1047 2085 vigilia
1087 2011 1257 2068 sancti
1292 2006 1568 2065 Laurentii
1587 2005 1922 2075 jejunentur,
1944 2000 2014 2055 ita
2038 2011 2098 2056 ut

523 2129 629 2168 una
661 2108 973 2164 refectiouis
997 2107 1130 2160 hora
1151 2102 1488 2156 admittatur.

594 2203 750 2256 10:21.
769 2199 954 2253 Ronue
976 2194 1231 2250 defuncto
1247 2189 1553 2254 Benedicto,
1573 2185 1738 2241 frater
1752 2185 1869 2256 ejus
1891 2182 2095 2237 Johan-

522 2311 617 2351 nes
646 2291 829 2357 XVIII,
855 2308 918 2346 ex
945 2289 1083 2343 laico
1106 2301 1242 2357 papa
1281 2285 1461 2347 148M,
1484 2281 1625 2335 sedit
1663 2278 1822 2334 annis
1850 2275 2016 2332 ferme
2040 2273 2092 2330 9.

525 2387 810 2440 lIeinrieus
849 2395 1067 2452 quoque
1118 2379 1432 2446 imperator,
1468 2373 1502 2425 5
1549 2369 1675 2425 Idus
1720 2368 1848 2423 Julii
1893 2368 2100 2436 absque

525 2478 649 2533 ﬁliis
671 2478 814 2530 diem
846 2473 1059 2536 obiens,
1097 2467 1237 2538 apud
1292 2463 1790 2534 Babenbergenscm
1817 2458 2099 2542 episcopa-

523 2578 635 2623 tum
669 2584 698 2622 a
734 2581 791 2621 se
833 2570 1230 2624 constructum,
1276 2572 1437 2626 quem
1491 2554 1735 2607 omnium
1770 2550 2098 2620 praediorum

523 2671 577 2717 et
598 2663 978 2716 thesaurorum
1015 2666 1238 2709 suorum
1277 2648 1568 2718 reliquerat
1596 2644 1870 2710 heredem,
1920 2641 1975 2695 in
2000 2639 2097 2694 ba-

524 2753 674 2808 silica
722 2749 895 2806 sancti
952 2744 1096 2801 Petri
1149 2742 1444 2813 sepelitur;
1500 2737 1796 2807 habitoque
1829 2741 2099 2790 conventu

521 2845 663 2916 apud
721 2842 902 2896 villam
957 2837 1242 2897 Kambam,
1301 2829 1666 2886 Chounradus
1701 2827 1905 2891 senior,
1957 2824 2101 2878 ﬁlius

523 2933 785 3004 Ileinrici,
813 2947 907 2986 rex
943 2920 1250 3000 promotus,
1296 2923 1364 2977 ab
1412 2921 1650 2974 Aribone
1689 2916 2100 2986 archiepiscopo

528 3023 858 3098 Ilogonciaci
885 3031 1081 3075 unctus
1095 3028 1198 3083 est,
1219 3015 1251 3069 6
1300 3013 1424 3068 Idus
1449 3011 1800 3082 Septembris.
1835 3008 1941 3064 Nec
1966 3008 2103 3062 mul-

524 3131 578 3174 to
613 3127 736 3189 post
766 3129 902 3169 uxor
941 3113 1062 3181 ejus
1103 3108 1283 3164 Gisela
1325 3122 1354 3160 a
1393 3104 1654 3174 Piligrino
1690 3101 2099 3170 archiepiscopo

521 3209 762 3265 (Iolonix
787 3205 972 3276 regina
996 3200 1351 3262 benedicitur,
1379 3198 1438 3250 11
1499 3194 1614 3248 Kal.
1645 3192 1915 3248 Octobris.

596 3302 751 3356 1025.
795 3296 1034 3353 Rebellio
1054 3302 1241 3349 contra
1271 3289 1616 3344 Counradum
1645 3301 1824 3356 regem
1856 3301 1886 3338 a
1911 3283 2096 3339 Coun--
2126 3267 2168 3326 C

523 3395 655 3450 rado
670 3393 786 3463 ejus
808 3387 1050 3461 patruele
1070 3393 1125 3440 et
1146 3383 1382 3439 Ernusto
1403 3381 1541 3437 duce
1559 3375 1958 3434 Alemanniazet
1976 3375 2100 3430 aliis

520 3503 688 3562 quam
723 3484 969 3556 pluribus
992 3487 1077 3536 est
1104 3477 1266 3532 facta.

594 3577 753 3633 1026.
795 3576 904 3641 Rex
927 3569 1251 3626 Counradus
1285 3563 1492 3620 Italiam
1517 3571 1724 3633 petens,
1756 3568 1924 3614 totam
1964 3575 2100 3630 pene

524 3671 628 3727 sibi
652 3665 962 3738 subjugavit
992 3679 1056 3717 ex
1081 3661 1184 3715 hac
1215 3667 1365 3730 parte
1388 3655 1590 3710 Roma}.
1625 3652 1959 3709 Constantia:
1980 3660 2103 3721 post

521 3761 842 3817 IIeimonem
881 3755 1195 3826 episcopum
1248 3749 1615 3804 “'armannus
1669 3741 2102 3817 prmfuit,,annis

523 3853 695 3910 ferme
718 3853 769 3905 8.

599 3944 752 3999 1027.
795 3937 1120 3997 Counradus
1146 3950 1238 3991 rex
1287 3933 1516 3988 Romam
1566 3930 1908 4001 perveniens,
1939 3944 1970 3983 a
2006 3927 2101 3983 Jo-

525 4041 705 4096 hanne
733 4052 867 4107 papa
897 4036 954 4089 in
980 4033 1067 4088 die
1095 4040 1285 4087 sancto
1314 4027 1530 4100 pascha:
1552 4025 1847 4097 imperator
1874 4037 2104 4078 corona—

525 4142 634 4187 tur.
667 4129 795 4184 Inde
843 4127 899 4182 in
943 4121 1323 4179 Alemanniam
1364 4133 1636 4183 reversus,
1703 4117 1846 4188 apud
1889 4113 2103 4170 Ulmam

525 4228 822 4283 Ernustum
846 4219 1037 4277 ducem
1065 4213 1502 4281 etCounradum,
1527 4211 1676 4269 seilli
1702 4211 1979 4275 dedentes,
1998 4210 2109 4264 exi-

525 4323 603 4380 lio
631 4319 927 4391 deputavit.

599 4388 761 4469 1028.
802 4406 1113 4464 Heinricus-
1150 4402 1298 4461 ﬁlius
1343 4388 1710 4472 imperatoris,
1774 4393 2106 4468 Aquisgrani

524 4520 622 4562 rex
653 4503 880 4565 electus,
907 4513 936 4552 a
967 4495 1227 4567 Piligrino
1254 4491 1584 4549 Coloniense
1610 4487 2020 4556 archiepiscopo
2047 4487 2103 4541 in

525 4600 613 4656 die
645 4603 835 4654 sancto
863 4589 1079 4664 pascha:
1097 4596 1184 4644 est
1209 4594 1429 4642 unctus.

599 4690 758 4748 1029.
799 4688 946 4742 Brun
973 4680 1334 4754 Augustensis
1363 4678 1652 4750 episcopus
1678 4674 1813 4731 obiit
1839 4682 1895 4730 et
1936 4671 2104 4730 Eber-

529 4788 762 4844 hardum
790 4780 998 4852 accepit
1027 4789 1418 4834 successorem.

605 4880 762 4936 1030.
802 4877 1005 4931 Ernust
1031 4873 1140 4928 dux
1166 4868 1330 4924 exilio
1360 4861 1656 4931 relaxatus,
1686 4862 1994 4930 iterumque
2009 4860 2106 4916 im—

531 4969 770 5044 peratori
799 4965 1089 5028 rebellans,
1137 4975 1263 5016 cum
1309 4957 1496 5014 multis
1558 4955 1682 5012 aliis
1726 4952 1994 5010 occiditur
2037 4951 2105 5007 16

531 5063 650 5118 Kal.
681 5056 1033 5132 Septembris.

603 5153 777 5210 1031.’
798 5152 967 5206 Aribo
1007 5140 1339 5217 Mogonciaci
1367 5138 1807 5210 archiepiscopus
1834 5137 1988 5194 obiit.
2005 5136 2109 5193 Cui

533 5246 708 5302 [lardo
735 5240 1058 5307 monachus,
1110 5237 1218 5291 vita
1264 5242 1320 5290 et
1346 5232 1535 5290 habitu
1577 5228 1944 5298 venerandus,
1980 5243 2108 5286 suc-

530 5339 714 5396 cessit.

2198 2011 2316 2067 Odo
2345 2011 2572 2082 supplex
2620 2011 2934 2077 adveniens,
2990 2008 3418 2066 satisfactionem
3466 2009 3593 2066 licet
3651 2010 3787 2064 ﬁcte

2198 2103 2556 2174 premittcret.
2609 2101 2794 2158 Romae
2835 2101 3092 2158 defuncto
3139 2100 3408 2166 Iohanne,
3454 2099 3788 2156 Benedictus

2199 2195 2291 2263 IX,
2316 2196 2411 2267 qui
2439 2205 2493 2249 et
2519 2194 2962 2265 Theophilactus,
2984 2209 3122 2264 papa
3143 2193 3326 2260 149‘",
3351 2193 3477 2248 licet
3505 2201 3657 2249 tanto
3681 2209 3783 2248 or—

2197 2289 2310 2346 dini
2336 2288 2614 2358 indignus,
2642 2287 2781 2342 sedit
2809 2287 2966 2341 annis
2995 2286 3119 2355 plus
3151 2285 3237 2337 12.

2270 2381 2426 2436 1031.
2467 2379 2763 2449 Imperator
2802 2377 3169 2448 Burgundiam
3219 2383 3440 2445 petens,
3492 2373 3598 2430 sibi
3655 2388 3786 2427 eam

2198 2471 2446 2541 subjecit.
2470 2470 2805 2524 Constantia:
2836 2467 3174 2522 Warmanno
3205 2464 3462 2535 episcopo
3498 2462 3787 2520 defunctov

2199 2563 2466 2618 successit
2520 2559 2886 2616 Eberhardus.
2944 2557 3296 2627 Meginbardo
3346 2554 3789 2627 Wirzihurgensi

2199 2655 2454 2726 episcopo
2489 2652 2656 2718 Brun,
2694 2652 2836 2706 Illius
2869 2649 3141 2705 Mathildis
3162 2649 3447 2704 successit.

2275 2747 2429 2803 1035.
2471 2745 2707 2802 Sinodus
2732 2735 3092 2816 magna‘apud
3117 2740 3426 2797 Triburiam
3449 2741 3520 2796 ab
3543 2740 3791 2810 impera-

2198 2848 2318 2895 tore
2347 2839 2570 2892 collccta
2598 2845 2699 2892 est.

2272 2929 2431 2985 1036."
2470 2928 2729 3000 Piligrino
2783 2913 3097 2982 Coloniensi
3159 2923 3571 2994 archiepiscopo
3622 2919 3788 2976 Heri-

2200 3039 2458 3085 manuus,
2479 3021 2797 3075 Gebehardo
2831 3019 3070 3074 secundo
3101 3015 3488 3086 Ratisponensi
3521 3015 3788 3084 episcoiio

2199 3114 2456 3172 defuncto
2502 3122 2702 3168 tereius
2751 3110 3102 3166 Gchehardus
3154 3107 3438 3163 successit.
3493 3105 3790 3160 Heinricus

2199 3225 2317 3276 rex,
2343 3207 2486 3263 ﬁlius
2521 3202 2886 3276 imperatoris,
2923 3201 3328 3266 Chunihildem,
3370 3197 3644 3255 Gnutonis
3673 3196 3787 3251 Da-

2201 3317 2397 3358 norum
2423 3308 2478 3354 et
2494 3299 2788 3369 Anglorum
2826 3295 2969 3367 regis
2995 3295 3160 3350 ﬁliam
3184 3292 3286 3348 sibi
3314 3291 3458 3361 apud
3481 3287 3791 3346 Novioma—

2201 3407 2327 3464 gum
2378 3389 2650 3461 regalibus
2683 3386 2889 3458 nuptiis
2939 3383 3211 3455 copulavit
3262 3395 3511 3436 uxorem.
3571 3379 3794 3436 Leutizi

2203 3483 2382 3539 Sclavi
2417 3479 2732 3551 imperatori
2766 3476 3054 3550 vectigales
3078 3473 3226 3531 facti.
3269 3471 3572 3544 Imperator
3603 3470 3797 3528 hieme

2201 3572 2410 3629 Italiam
2445 3571 2596 3642 petit.
3240 3558 3248 3576 ³

2273 3661 2429 3716 1057.
2456 3660 2754 3731 Imperator
2775 3658 2997 3728 Papiam
3035 3657 3242 3720 adiens,
3281 3653 3624 3709 IIeribertum
3669 3652 3788 3708 Me-

2201 3754 2570 3811 diolanensem
2595 3751 3082 3820 archiepiscopum,
3107 3746 3438 3802 inﬁdelitatis
3462 3751 3789 3799 accusatum

2204 3846 2259 3903 in
2279 3846 2582 3902 custodiam
2611 3843 2787 3909 misit;
2812 3841 2905 3913 qui
2935 3840 3059 3912 fuga
3083 3839 3319 3910 elapsus,
3342 3837 3554 3892 cunctis
3571 3835 3795 3892 viribus

2204 3937 2515 4014 imperatori
2555 3937 2814 3992 rebellare
2850 3933 3148 3990 contendit.
3184 3930 3484 4001 Imperator
3522 3927 3792 3985 Mediola-

2205 4046 2336 4086 num
2360 4029 2590 4094 obsedit,
2621 4035 2675 4082 et
2712 4027 3135 4095 circumquaque
3163 4022 3415 4094 quzelibet
3447 4021 3515 4077 ad
3552 4021 3791 4077 rebellea

2161 4179 2164 4182 .
2204 4121 2524 4195 pertinentia
2547 4119 2866 4176 devastavit.
2894 4115 3010 4173 Odo
3033 4119 3284 4186 princeps
3313 4113 3533 4168 Gallicae
3553 4110 3792 4182 Campa-

2205 4217 2310 4272 nia:
2337 4232 2367 4271 a
2401 4213 2692 4271 Gozzilone
2721 4210 3180 4282 Lothariugorum
3224 4207 3360 4262 duce
3389 4220 3573 4278 pugna
3605 4205 3793 4261 victus

2206 4305 2547 4378 fugiensque,
2568 4319 2599 4358 a
2620 4303 2857 4372 quodam
2894 4300 3063 4355 milite
3086 4298 3371 4353 occlditur.

2279 4397 2437 4453 1058.
2471 4391 2772 4467 Imperator
2791 4407 2917 4448 cum
2940 4390 3175 4447 natalem
3197 4387 3412 4443 Domini
3427 4385 3642 4442 Parma
3665 4401 3794 4457 age-

2205 4499 2310 4558 ret,
2361 4498 2483 4545 orto
2518 4487 2752 4543 tumultu
2804 4485 2946 4541 inter
2991 4483 3316 4538 Parmenses
3361 4486 3418 4534 et
3459 4477 3788 4558 exercitum,

2207 4555 2482 4650 utrimque
2511 4578 2686 4645 multi,
2719 4584 2802 4632 set
2826 4590 2891 4631 ex
2931 4571 3320 4629 Parmensibus
3345 4555 3550 4638 plures,
3581 4565 3794 4623 cecide-

2206 4678 2354 4737 runt,
2379 4679 2434 4725 et
2467 4670 2585 4739 ipsa
2615 4667 2808 4722 civitas
2847 4663 3100 4720 incendio
3140 4667 3462 4730 consumpta
3502 4665 3606 4714 est.
3637 4655 3791 4729 Papa

2205 4761 2672 4834 archiepiscopum
2731 4755 3186 4816 Mediolanensem
3244 4750 3558 4823 imperaturi
3604 4748 3790 4804 rebel-

2205 4858 2311 4914 lem
2333 4849 2842 4913 excommunicavit.
2857 4846 3206 4905 Chunihildis
3229 4845 3438 4915 regina,
3461 4854 3604 4896 uxor
3623 4837 3793 4895 Rein-

2205 4949 2308 5004 rici
2333 4947 2498 5018 regis,
2523 4945 2589 4999 17
2614 4943 2732 4999 Kal.
2759 4940 3010 5016 Augusti,
3036 4946 3090 4993 et
3114 4935 3480 4992 Herimannus
3520 4932 3634 4991 dux
3663 4931 3791 4988 Ale-

2209 5038 2407 5097 mania:
2445 5037 2480 5094 5
2514 5034 2634 5091 Kal.
2682 5033 2934 5104 Augusti,
2980 5045 3105 5086 cum
3146 5029 3332 5085 multis
3365 5026 3488 5082 aliis
3542 5024 3605 5078 in
3632 5022 3792 5079 Italia

2209 5133 2480 5190 obierunt.
2525 5127 2836 5198 Stephanus
2863 5139 2960 5182 rex
2998 5121 3361 5196 Ungariorum
3393 5117 3556 5172 bona
3577 5128 3795 5170 memo-

2208 5227 2306 5285 ria!
2337 5223 2493 5289 obiit,
2523 5221 2619 5293 qui
2647 5219 2886 5290 seipsum
2919 5231 3047 5274 cum
3075 5222 3187 5269 tota
3217 5217 3375 5284 gente
3395 5223 3496 5264 sua
3520 5207 3592 5265 ad
3624 5207 3795 5265 ﬁdem

2208 5314 2412 5372 Christi
2435 5313 2730 5380 convertit;
2753 5325 2853 5384 pro
2873 5323 2985 5381 quo
3002 5306 3197 5363 Petrus
3216 5302 3482 5376 regnavit.

1829 5427 2068 5486 VARUE
2102 5424 2504 5486 LECTIONES.

603 5557 677 5590 m
703 5557 863 5610 deest.
903 5553 953 5608 1.
982 5552 1039 5607 2.
1112 5551 1186 5585 '"
1211 5548 1270 5606 In
1297 5577 1367 5589 —
1387 5545 1706 5604 admittatur
1742 5547 1800 5598 in
1828 5542 2072 5614 margine
2093 5551 2274 5614 postea
2299 5541 2508 5610 addita,
2533 5537 2713 5598 eadem
2745 5544 2922 5592 tamen
2950 5549 3108 5589 manu
3129 5534 3182 5591 1.
3239 5532 3312 5566 ³⁸⁸
3337 5529 3458 5587 Jan.
3488 5543 3638 5586 corr.
3675 5527 3801 5589 Jun.

537 5631 588 5684 1.
619 5628 794 5686 Iulias
817 5626 874 5682 '5.
948 5623 1017 5657 ⁸⁵⁷
1041 5621 1259 5693 galliam
1292 5619 1340 5676 I.
1367 5619 1424 5676 2.
1453 5617 1565 5675 sed.
1593 5631 1644 5672 υ.
1670 5615 1817 5686 infra
1844 5631 1900 5670 ο.
1937 5611 2094 5670 I057.

2041 5726 2270 5786 NOTE.

608 5858 791 5931 (1279)
829 5855 1018 5918 Potius
1047 5849 1426 5926 Saligcnstadi.
1455 5846 1600 5906 haud
1630 5841 1821 5920 procul
1847 5840 2122 5914 Moguntia
2150 5848 2206 5896 et
2229 5833 2614 5904 Francofurto;
2643 5833 2714 5891 cf.
2747 5833 2925 5892 Vitam
2956 5827 3262 5889 IIeinwerci
3289 5843 3338 5886 c.
3372 5826 3505 5886 ηε.

3495 5979 3954 6336 ..Δ
