  <div class='ocr_page' id='page_1' title='image "/cluster/home/n/w/nwhite01/storage/ocr_20150623/148/uva.x000829792/684.png"; bbox 0 0 3970 6364; ppageno 0'>
   <div class='ocr_carea' id='block_1_1' title="bbox 216 428 338 482">
    <p class='ocr_par' dir='ltr' id='par_1_1' title="bbox 216 428 338 482">
     <span class='ocr_line' id='line_1_1' title="bbox 216 428 338 482; baseline 0.008 -1"><span class='ocrx_word' id='word_1_1' title='bbox 216 428 338 482; x_wconf 69' lang='grc'><strong>1361</strong></span> 
     </span>
    </p>
   </div>
   <div class='ocr_carea' id='block_1_2' title="bbox 1091 425 2574 485">
    <p class='ocr_par' dir='ltr' id='par_1_2' title="bbox 1091 425 2574 485">
     <span class='ocr_line' id='line_1_2' title="bbox 1091 425 2574 485; baseline -0.003 -2"><span class='ocrx_word' id='word_1_2' title='bbox 1091 429 1375 485; x_wconf 70' lang='lat' dir='ltr'><strong>API‘ENIL</strong></span> <span class='ocrx_word' id='word_1_3' title='bbox 1417 430 1500 484; x_wconf 92' lang='lat' dir='ltr'><strong>III.</strong></span> <span class='ocrx_word' id='word_1_4' title='bbox 1544 463 1611 470; x_wconf 80' lang='lat'><strong>——</strong></span> <span class='ocrx_word' id='word_1_5' title='bbox 1650 427 2077 484; x_wconf 61' lang='lat' dir='ltr'><strong>MONUMENTA</strong></span> <span class='ocrx_word' id='word_1_6' title='bbox 2113 425 2574 482; x_wconf 69' lang='lat' dir='ltr'><strong>(iIiISGOIlIANA.</strong></span> 
     </span>
    </p>
   </div>
   <div class='ocr_carea' id='block_1_3' title="bbox 2512 22 3162 35">
    <p class='ocr_par' dir='ltr' id='par_1_3' title="bbox 2512 22 3162 35">
     <span class='ocr_line' id='line_1_3' title="bbox 2512 22 3162 35; baseline 0.005 -4"><span class='ocrx_word' id='word_1_7' title='bbox 2512 22 2674 32; x_wconf 57' lang='grc' dir='ltr'><strong>π-..νι-..ι</strong></span> <span class='ocrx_word' id='word_1_8' title='bbox 2691 24 2766 32; x_wconf 63' lang='lat' dir='ltr'><strong>hu...</strong></span> <span class='ocrx_word' id='word_1_9' title='bbox 2795 26 2896 34; x_wconf 84' lang='grc'><strong>------</strong></span> <span class='ocrx_word' id='word_1_10' title='bbox 2927 28 3054 35; x_wconf 53' lang='grc' dir='ltr'><strong>,Ἶ--ν-</strong></span> <span class='ocrx_word' id='word_1_11' title='bbox 3073 30 3080 32; x_wconf 96' lang='grc'><strong>-</strong></span> <span class='ocrx_word' id='word_1_12' title='bbox 3119 30 3162 35; x_wconf 84' lang='grc'><strong>--..</strong></span> 
     </span>
    </p>
   </div>
   <div class='ocr_carea' id='block_1_4' title="bbox 3315 415 3450 471">
    <p class='ocr_par' dir='ltr' id='par_1_4' title="bbox 3315 415 3450 471">
     <span class='ocr_line' id='line_1_4' title="bbox 3315 415 3450 471; baseline -0.007 -1"><span class='ocrx_word' id='word_1_13' title='bbox 3315 415 3450 471; x_wconf 64' lang='grc'><strong>1302</strong></span> 
     </span>
    </p>
   </div>
   <div class='ocr_carea' id='block_1_5' title="bbox 284 515 3454 610">
    <p class='ocr_par' dir='ltr' id='par_1_5' title="bbox 284 515 3454 610">
     <span class='ocr_line' id='line_1_5' title="bbox 284 515 3454 610; baseline -0.003 -19"><span class='ocrx_word' id='word_1_14' title='bbox 284 538 438 594; x_wconf 72' lang='grc'><strong>1059.</strong></span> <span class='ocrx_word' id='word_1_15' title='bbox 485 539 811 596; x_wconf 86' lang='lat' dir='ltr'><strong>Counradus</strong></span> <span class='ocrx_word' id='word_1_16' title='bbox 843 541 1133 610; x_wconf 77' lang='lat' dir='ltr'><strong>imperator</strong></span> <span class='ocrx_word' id='word_1_17' title='bbox 1163 544 1196 594; x_wconf 74' lang='lat'><strong>3</strong></span> <span class='ocrx_word' id='word_1_18' title='bbox 1231 541 1412 597; x_wconf 77' lang='lat' dir='ltr'><strong>Nonas</strong></span> <span class='ocrx_word' id='word_1_19' title='bbox 1449 541 1593 596; x_wconf 84' lang='lat' dir='ltr'><strong>Junii</strong></span> <span class='ocrx_word' id='word_1_20' title='bbox 1632 543 1784 596; x_wconf 87' lang='lat' dir='ltr'><strong>obiit.</strong></span> <span class='ocrx_word' id='word_1_21' title='bbox 1821 545 1861 599; x_wconf 70' lang='grc' dir='ltr'><strong>Α</strong></span> <span class='ocrx_word' id='word_1_22' title='bbox 1890 541 2136 595; x_wconf 78' lang='lat' dir='ltr'><strong>discessit</strong></span> <span class='ocrx_word' id='word_1_23' title='bbox 2161 582 2174 602; x_wconf 88' lang='lat'><strong>,</strong></span> <span class='ocrx_word' id='word_1_24' title='bbox 2221 551 2273 592; x_wconf 77' lang='lat' dir='ltr'><strong>et</strong></span> <span class='ocrx_word' id='word_1_25' title='bbox 2330 515 2645 592; x_wconf 67' lang='lat' dir='ltr'><strong>tiratianum</strong></span> <span class='ocrx_word' id='word_1_26' title='bbox 2673 578 2686 599; x_wconf 90' lang='lat'><strong>,</strong></span> <span class='ocrx_word' id='word_1_27' title='bbox 2720 534 2938 589; x_wconf 89' lang='lat' dir='ltr'><strong>nomine</strong></span> <span class='ocrx_word' id='word_1_28' title='bbox 2987 535 3306 607; x_wconf 74' lang='lat' dir='ltr'><strong>Gregorium</strong></span> <span class='ocrx_word' id='word_1_29' title='bbox 3367 530 3454 592; x_wconf 75' lang='lat' dir='ltr'><strong>VI,</strong></span> 
     </span>
    </p>
   </div>
   <div class='ocr_carea' id='block_1_6' title="bbox 206 630 1493 704">
    <p class='ocr_par' dir='ltr' id='par_1_6' title="bbox 206 630 1493 704">
     <span class='ocr_line' id='line_1_6' title="bbox 206 630 1493 704; baseline 0.002 -20"><span class='ocrx_word' id='word_1_30' title='bbox 206 631 310 685; x_wconf 80' lang='lat' dir='ltr'><strong>Pro</strong></span> <span class='ocrx_word' id='word_1_31' title='bbox 333 647 444 699; x_wconf 87' lang='lat' dir='ltr'><strong>quo</strong></span> <span class='ocrx_word' id='word_1_32' title='bbox 481 630 767 687; x_wconf 83' lang='lat' dir='ltr'><strong>Ileinricus</strong></span> <span class='ocrx_word' id='word_1_33' title='bbox 796 648 888 687; x_wconf 82' lang='lat' dir='ltr'><strong>rex</strong></span> <span class='ocrx_word' id='word_1_34' title='bbox 919 633 1059 688; x_wconf 87' lang='lat' dir='ltr'><strong>lilius</strong></span> <span class='ocrx_word' id='word_1_35' title='bbox 1088 634 1206 702; x_wconf 85' lang='lat' dir='ltr'><strong>ejus</strong></span> <span class='ocrx_word' id='word_1_36' title='bbox 1235 634 1493 704; x_wconf 83' lang='lat' dir='ltr'><strong>regnavit.</strong></span> 
     </span>
    </p>
   </div>
   <div class='ocr_carea' id='block_1_7' title="bbox 277 723 1785 794">
    <p class='ocr_par' dir='ltr' id='par_1_7' title="bbox 277 723 1785 794">
     <span class='ocr_line' id='line_1_7' title="bbox 277 723 1785 794; baseline 0.002 -18"><span class='ocrx_word' id='word_1_37' title='bbox 277 724 438 776; x_wconf 58' lang='lat' dir='ltr'><strong>lli-&#39;50.</strong></span> <span class='ocrx_word' id='word_1_38' title='bbox 471 723 757 778; x_wconf 84' lang='lat' dir='ltr'><strong>Ileinrieus</strong></span> <span class='ocrx_word' id='word_1_39' title='bbox 779 739 870 779; x_wconf 83' lang='lat' dir='ltr'><strong>rex</strong></span> <span class='ocrx_word' id='word_1_40' title='bbox 898 723 1091 778; x_wconf 88' lang='lat' dir='ltr'><strong>ducem</strong></span> <span class='ocrx_word' id='word_1_41' title='bbox 1118 723 1348 779; x_wconf 69' lang='lat' dir='ltr'><strong>Boeotiae</strong></span> <span class='ocrx_word' id='word_1_42' title='bbox 1370 725 1508 780; x_wconf 91' lang='lat' dir='ltr'><strong>bello</strong></span> <span class='ocrx_word' id='word_1_43' title='bbox 1529 725 1678 794; x_wconf 86' lang='lat' dir='ltr'><strong>petit,</strong></span> <span class='ocrx_word' id='word_1_44' title='bbox 1703 735 1785 779; x_wconf 89' lang='lat' dir='ltr'><strong>set</strong></span> 
     </span>
    </p>
   </div>
   <div class='ocr_carea' id='block_1_8' title="bbox 204 815 1785 886">
    <p class='ocr_par' dir='ltr' id='par_1_8' title="bbox 204 815 1785 886">
     <span class='ocr_line' id='line_1_8' title="bbox 204 815 1785 886; baseline 0.003 -19"><span class='ocrx_word' id='word_1_45' title='bbox 204 815 390 868; x_wconf 83' lang='lat' dir='ltr'><strong>multis</strong></span> <span class='ocrx_word' id='word_1_46' title='bbox 409 816 728 885; x_wconf 84' lang='lat' dir='ltr'><strong>proceribus</strong></span> <span class='ocrx_word' id='word_1_47' title='bbox 752 826 806 870; x_wconf 89' lang='lat' dir='ltr'><strong>et</strong></span> <span class='ocrx_word' id='word_1_48' title='bbox 832 816 1094 870; x_wconf 75' lang='lat' dir='ltr'><strong>militibus</strong></span> <span class='ocrx_word' id='word_1_49' title='bbox 1119 817 1172 870; x_wconf 91' lang='lat' dir='ltr'><strong>in</strong></span> <span class='ocrx_word' id='word_1_50' title='bbox 1201 817 1612 886; x_wconf 70' lang='lat' dir='ltr'><strong>praestrucliotte</strong></span> <span class='ocrx_word' id='word_1_51' title='bbox 1636 818 1785 871; x_wconf 65' lang='lat' dir='ltr'><strong>silva:</strong></span> 
     </span>
    </p>
   </div>
   <div class='ocr_carea' id='block_1_9' title="bbox 203 905 1784 978">
    <p class='ocr_par' dir='ltr' id='par_1_9' title="bbox 203 905 1784 978">
     <span class='ocr_line' id='line_1_9' title="bbox 203 905 1784 978; baseline 0.004 -22"><span class='ocrx_word' id='word_1_52' title='bbox 203 905 341 960; x_wconf 86' lang='lat' dir='ltr'><strong>citra</strong></span> <span class='ocrx_word' id='word_1_53' title='bbox 382 918 433 960; x_wconf 86' lang='lat' dir='ltr'><strong>et</strong></span> <span class='ocrx_word' id='word_1_54' title='bbox 470 909 611 962; x_wconf 86' lang='lat' dir='ltr'><strong>ultra</strong></span> <span class='ocrx_word' id='word_1_55' title='bbox 654 909 853 964; x_wconf 85' lang='lat' dir='ltr'><strong>occisis</strong></span> <span class='ocrx_word' id='word_1_56' title='bbox 884 909 966 962; x_wconf 82' lang='lat' dir='ltr'><strong>vel</strong></span> <span class='ocrx_word' id='word_1_57' title='bbox 995 909 1186 977; x_wconf 83' lang='lat' dir='ltr'><strong>captis,</strong></span> <span class='ocrx_word' id='word_1_58' title='bbox 1212 908 1286 963; x_wconf 89' lang='lat' dir='ltr'><strong>nil</strong></span> <span class='ocrx_word' id='word_1_59' title='bbox 1321 909 1541 978; x_wconf 84' lang='lat' dir='ltr'><strong>dignum</strong></span> <span class='ocrx_word' id='word_1_60' title='bbox 1577 908 1784 963; x_wconf 86' lang='lat' dir='ltr'><strong>ellieere</strong></span> 
     </span>
    </p>
   </div>
   <div class='ocr_carea' id='block_1_10' title="bbox 207 998 1784 1072">
    <p class='ocr_par' dir='ltr' id='par_1_10' title="bbox 207 998 1784 1072">
     <span class='ocr_line' id='line_1_10' title="bbox 207 998 1784 1072; baseline 0.001 -22"><span class='ocrx_word' id='word_1_61' title='bbox 207 1000 386 1068; x_wconf 74' lang='lat' dir='ltr'><strong>potuit</strong></span> <span class='ocrx_word' id='word_1_62' title='bbox 408 999 498 1064; x_wconf 71' lang='grc' dir='ltr'><strong>η’,</strong></span> <span class='ocrx_word' id='word_1_63' title='bbox 533 998 844 1054; x_wconf 86' lang='lat' dir='ltr'><strong>Eberhardo</strong></span> <span class='ocrx_word' id='word_1_64' title='bbox 867 1001 1042 1068; x_wconf 89' lang='lat' dir='ltr'><strong>primo</strong></span> <span class='ocrx_word' id='word_1_65' title='bbox 1077 999 1509 1072; x_wconf 81' lang='lat' dir='ltr'><strong>Babcnbergensi</strong></span> <span class='ocrx_word' id='word_1_66' title='bbox 1531 1000 1784 1071; x_wconf 89' lang='lat' dir='ltr'><strong>episeopo</strong></span> 
     </span>
    </p>
   </div>
   <div class='ocr_carea' id='block_1_11' title="bbox 205 1087 1148 1160">
    <p class='ocr_par' dir='ltr' id='par_1_11' title="bbox 205 1087 1148 1160">
     <span class='ocr_line' id='line_1_11' title="bbox 205 1087 1148 1160; baseline 0.003 -19"><span class='ocrx_word' id='word_1_67' title='bbox 205 1087 487 1153; x_wconf 74' lang='lat' dir='ltr'><strong>defuncto,</strong></span> <span class='ocrx_word' id='word_1_68' title='bbox 522 1088 849 1160; x_wconf 84' lang='lat' dir='ltr'><strong>Suidegerus</strong></span> <span class='ocrx_word' id='word_1_69' title='bbox 867 1091 1148 1145; x_wconf 83' lang='lat' dir='ltr'><strong>successit.</strong></span> 
     </span>
    </p>
   </div>
   <div class='ocr_carea' id='block_1_12' title="bbox 283 1178 1782 1252">
    <p class='ocr_par' dir='ltr' id='par_1_12' title="bbox 283 1178 1782 1252">
     <span class='ocr_line' id='line_1_12' title="bbox 283 1178 1782 1252; baseline 0.001 -19"><span class='ocrx_word' id='word_1_70' title='bbox 283 1181 438 1234; x_wconf 73' lang='lat' dir='ltr'><strong>lUil.</strong></span> <span class='ocrx_word' id='word_1_71' title='bbox 471 1178 692 1247; x_wconf 81' lang='lat' dir='ltr'><strong>Ungarii</strong></span> <span class='ocrx_word' id='word_1_72' title='bbox 734 1183 1002 1250; x_wconf 83' lang='lat' dir='ltr'><strong>quendam</strong></span> <span class='ocrx_word' id='word_1_73' title='bbox 1043 1180 1283 1237; x_wconf 90' lang='lat' dir='ltr'><strong>Ovonem</strong></span> <span class='ocrx_word' id='word_1_74' title='bbox 1316 1183 1419 1237; x_wconf 86' lang='lat' dir='ltr'><strong>sibi</strong></span> <span class='ocrx_word' id='word_1_75' title='bbox 1445 1197 1624 1252; x_wconf 89' lang='lat' dir='ltr'><strong>regem</strong></span> <span class='ocrx_word' id='word_1_76' title='bbox 1651 1197 1782 1238; x_wconf 86' lang='lat' dir='ltr'><strong>con-</strong></span> 
     </span>
    </p>
   </div>
   <div class='ocr_carea' id='block_1_13' title="bbox 209 1269 1780 1343">
    <p class='ocr_par' dir='ltr' id='par_1_13' title="bbox 209 1269 1780 1343">
     <span class='ocr_line' id='line_1_13' title="bbox 209 1269 1780 1343; baseline 0.003 -19"><span class='ocrx_word' id='word_1_77' title='bbox 209 1272 498 1326; x_wconf 85' lang='lat' dir='ltr'><strong>stituentes</strong></span> <span class='ocrx_word' id='word_1_78' title='bbox 532 1272 623 1336; x_wconf 84' lang='lat'><strong>&quot;’,</strong></span> <span class='ocrx_word' id='word_1_79' title='bbox 662 1269 880 1326; x_wconf 87' lang='lat' dir='ltr'><strong>Petrum</strong></span> <span class='ocrx_word' id='word_1_80' title='bbox 921 1287 1100 1343; x_wconf 87' lang='lat' dir='ltr'><strong>regem</strong></span> <span class='ocrx_word' id='word_1_81' title='bbox 1136 1289 1297 1327; x_wconf 85' lang='lat' dir='ltr'><strong>suum</strong></span> <span class='ocrx_word' id='word_1_82' title='bbox 1343 1274 1635 1343; x_wconf 82' lang='lat' dir='ltr'><strong>expellunt.</strong></span> <span class='ocrx_word' id='word_1_83' title='bbox 1678 1272 1780 1338; x_wconf 88' lang='lat' dir='ltr'><strong>Qui</strong></span> 
     </span>
    </p>
   </div>
   <div class='ocr_carea' id='block_1_14' title="bbox 207 1361 1780 1436">
    <p class='ocr_par' dir='ltr' id='par_1_14' title="bbox 207 1361 1780 1436">
     <span class='ocr_line' id='line_1_14' title="bbox 207 1361 1780 1436; baseline 0.003 -24"><span class='ocrx_word' id='word_1_84' title='bbox 207 1361 475 1432; x_wconf 86' lang='lat' dir='ltr'><strong>profugus</strong></span> <span class='ocrx_word' id='word_1_85' title='bbox 511 1372 564 1417; x_wconf 88' lang='lat' dir='ltr'><strong>et</strong></span> <span class='ocrx_word' id='word_1_86' title='bbox 587 1363 733 1429; x_wconf 82' lang='lat' dir='ltr'><strong>exul,</strong></span> <span class='ocrx_word' id='word_1_87' title='bbox 762 1361 993 1418; x_wconf 86' lang='lat' dir='ltr'><strong>lleinriei</strong></span> <span class='ocrx_word' id='word_1_88' title='bbox 1048 1365 1188 1435; x_wconf 92' lang='lat' dir='ltr'><strong>regis</strong></span> <span class='ocrx_word' id='word_1_89' title='bbox 1219 1366 1469 1436; x_wconf 87' lang='lat' dir='ltr'><strong>gratiam,</strong></span> <span class='ocrx_word' id='word_1_90' title='bbox 1501 1366 1586 1418; x_wconf 84' lang='lat' dir='ltr'><strong>cui</strong></span> <span class='ocrx_word' id='word_1_91' title='bbox 1617 1366 1780 1434; x_wconf 85' lang='lat' dir='ltr'><strong>priori</strong></span> 
     </span>
    </p>
   </div>
   <div class='ocr_carea' id='block_1_15' title="bbox 208 1452 1779 1524">
    <p class='ocr_par' dir='ltr' id='par_1_15' title="bbox 208 1452 1779 1524">
     <span class='ocr_line' id='line_1_15' title="bbox 208 1452 1779 1524; baseline 0.003 -20"><span class='ocrx_word' id='word_1_92' title='bbox 208 1468 356 1505; x_wconf 88' lang='lat' dir='ltr'><strong>anno</strong></span> <span class='ocrx_word' id='word_1_93' title='bbox 380 1452 751 1518; x_wconf 80' lang='lat' dir='ltr'><strong>rebellaverat,</strong></span> <span class='ocrx_word' id='word_1_94' title='bbox 788 1455 967 1524; x_wconf 89' lang='lat' dir='ltr'><strong>querit</strong></span> <span class='ocrx_word' id='word_1_95' title='bbox 1013 1463 1068 1508; x_wconf 89' lang='lat' dir='ltr'><strong>et</strong></span> <span class='ocrx_word' id='word_1_96' title='bbox 1114 1456 1336 1510; x_wconf 79' lang='lat' dir='ltr'><strong>invenit.</strong></span> <span class='ocrx_word' id='word_1_97' title='bbox 1377 1453 1660 1513; x_wconf 76' lang='lat' dir='ltr'><strong>lleiurieus</strong></span> <span class='ocrx_word' id='word_1_98' title='bbox 1690 1471 1779 1509; x_wconf 81' lang='lat' dir='ltr'><strong>rex</strong></span> 
     </span>
    </p>
   </div>
   <div class='ocr_carea' id='block_1_16' title="bbox 209 1527 1783 1616">
    <p class='ocr_par' dir='ltr' id='par_1_16' title="bbox 209 1527 1783 1616">
     <span class='ocr_line' id='line_1_16' title="bbox 209 1527 1783 1616; baseline 0.004 -22"><span class='ocrx_word' id='word_1_99' title='bbox 209 1540 487 1598; x_wconf 85' lang='lat' dir='ltr'><strong>Boemiam</strong></span> <span class='ocrx_word' id='word_1_100' title='bbox 529 1561 652 1600; x_wconf 90' lang='lat' dir='ltr'><strong>eum</strong></span> <span class='ocrx_word' id='word_1_101' title='bbox 699 1546 938 1600; x_wconf 85' lang='lat' dir='ltr'><strong>exercitu</strong></span> <span class='ocrx_word' id='word_1_102' title='bbox 993 1527 1291 1616; x_wconf 82' lang='lat' dir='ltr'><strong>ingressus,</strong></span> <span class='ocrx_word' id='word_1_103' title='bbox 1339 1547 1460 1616; x_wconf 89' lang='lat' dir='ltr'><strong>igne</strong></span> <span class='ocrx_word' id='word_1_104' title='bbox 1497 1545 1783 1615; x_wconf 70' lang='lat' dir='ltr'><strong>praedaque</strong></span> 
     </span>
    </p>
   </div>
   <div class='ocr_carea' id='block_1_17' title="bbox 207 1634 1783 1700">
    <p class='ocr_par' dir='ltr' id='par_1_17' title="bbox 207 1634 1783 1700">
     <span class='ocr_line' id='line_1_17' title="bbox 207 1634 1783 1700; baseline 0.001 -13"><span class='ocrx_word' id='word_1_105' title='bbox 207 1642 406 1687; x_wconf 84' lang='lat' dir='ltr'><strong>cuncta</strong></span> <span class='ocrx_word' id='word_1_106' title='bbox 439 1634 701 1700; x_wconf 76' lang='lat' dir='ltr'><strong>devastat,</strong></span> <span class='ocrx_word' id='word_1_107' title='bbox 736 1645 792 1690; x_wconf 87' lang='lat' dir='ltr'><strong>et</strong></span> <span class='ocrx_word' id='word_1_108' title='bbox 814 1636 1064 1690; x_wconf 86' lang='lat' dir='ltr'><strong>rebellem</strong></span> <span class='ocrx_word' id='word_1_109' title='bbox 1094 1635 1284 1690; x_wconf 88' lang='lat' dir='ltr'><strong>ducem</strong></span> <span class='ocrx_word' id='word_1_110' title='bbox 1309 1637 1524 1690; x_wconf 84' lang='lat' dir='ltr'><strong>obsides</strong></span> <span class='ocrx_word' id='word_1_111' title='bbox 1556 1635 1705 1700; x_wconf 88' lang='lat' dir='ltr'><strong>dare,</strong></span> <span class='ocrx_word' id='word_1_112' title='bbox 1729 1644 1783 1689; x_wconf 89' lang='lat' dir='ltr'><strong>et</strong></span> 
     </span>
    </p>
   </div>
   <div class='ocr_carea' id='block_1_18' title="bbox 208 1723 1782 1794">
    <p class='ocr_par' dir='ltr' id='par_1_18' title="bbox 208 1723 1782 1794">
     <span class='ocr_line' id='line_1_18' title="bbox 208 1723 1782 1794; baseline 0.002 -18"><span class='ocrx_word' id='word_1_113' title='bbox 208 1723 389 1792; x_wconf 86' lang='lat' dir='ltr'><strong>ipsum</strong></span> <span class='ocrx_word' id='word_1_114' title='bbox 414 1735 537 1793; x_wconf 90' lang='lat' dir='ltr'><strong>post</strong></span> <span class='ocrx_word' id='word_1_115' title='bbox 573 1740 631 1778; x_wconf 87' lang='lat' dir='ltr'><strong>se</strong></span> <span class='ocrx_word' id='word_1_116' title='bbox 673 1724 1023 1794; x_wconf 77' lang='lat' dir='ltr'><strong>Ratisponam</strong></span> <span class='ocrx_word' id='word_1_117' title='bbox 1051 1727 1116 1780; x_wconf 89' lang='lat' dir='ltr'><strong>ad</strong></span> <span class='ocrx_word' id='word_1_118' title='bbox 1145 1726 1472 1780; x_wconf 83' lang='lat' dir='ltr'><strong>deditionem</strong></span> <span class='ocrx_word' id='word_1_119' title='bbox 1509 1726 1782 1780; x_wconf 71' lang='lat' dir='ltr'><strong>humiliter</strong></span> 
     </span>
    </p>
   </div>
   <div class='ocr_carea' id='block_1_19' title="bbox 206 1815 1783 1888">
    <p class='ocr_par' dir='ltr' id='par_1_19' title="bbox 206 1815 1783 1888">
     <span class='ocr_line' id='line_1_19' title="bbox 206 1815 1783 1888; baseline 0.004 -23"><span class='ocrx_word' id='word_1_120' title='bbox 206 1815 416 1879; x_wconf 85' lang='lat' dir='ltr'><strong>venire,</strong></span> <span class='ocrx_word' id='word_1_121' title='bbox 450 1816 662 1884; x_wconf 88' lang='lat' dir='ltr'><strong>sibique</strong></span> <span class='ocrx_word' id='word_1_122' title='bbox 680 1817 1035 1886; x_wconf 83' lang='lat' dir='ltr'><strong>jurejurando</strong></span> <span class='ocrx_word' id='word_1_123' title='bbox 1058 1817 1364 1873; x_wconf 83' lang='lat' dir='ltr'><strong>fidelitatem</strong></span> <span class='ocrx_word' id='word_1_124' title='bbox 1395 1818 1783 1888; x_wconf 83' lang='lat' dir='ltr'><strong>servitiumque</strong></span> 
     </span>
    </p>
   </div>
   <div class='ocr_carea' id='block_1_20' title="bbox 207 1906 880 1963">
    <p class='ocr_par' dir='ltr' id='par_1_20' title="bbox 207 1906 880 1963">
     <span class='ocr_line' id='line_1_20' title="bbox 207 1906 880 1963; baseline 0.006 -4"><span class='ocrx_word' id='word_1_125' title='bbox 207 1906 538 1961; x_wconf 74' lang='lat' dir='ltr'><strong>conﬁrmare.</strong></span> <span class='ocrx_word' id='word_1_126' title='bbox 567 1916 777 1963; x_wconf 83' lang='lat' dir='ltr'><strong>coartat</strong></span> <span class='ocrx_word' id='word_1_127' title='bbox 809 1909 880 1941; x_wconf 74' lang='grc'><strong>’⁸⁸</strong></span> 
     </span>
    </p>
   </div>
   <div class='ocr_carea' id='block_1_21' title="bbox 280 1997 1786 2070">
    <p class='ocr_par' dir='ltr' id='par_1_21' title="bbox 280 1997 1786 2070">
     <span class='ocr_line' id='line_1_21' title="bbox 280 1997 1786 2070; baseline 0.003 -21"><span class='ocrx_word' id='word_1_128' title='bbox 280 1997 440 2050; x_wconf 71' lang='lat' dir='ltr'><strong>lii-t2.</strong></span> <span class='ocrx_word' id='word_1_129' title='bbox 472 1997 586 2052; x_wconf 84' lang='lat' dir='ltr'><strong>Ovo</strong></span> <span class='ocrx_word' id='word_1_130' title='bbox 632 1997 992 2070; x_wconf 85' lang='lat' dir='ltr'><strong>Ungariorum</strong></span> <span class='ocrx_word' id='word_1_131' title='bbox 1038 2009 1322 2070; x_wconf 78' lang='lat' dir='ltr'><strong>tyrannus,</strong></span> <span class='ocrx_word' id='word_1_132' title='bbox 1354 2015 1478 2055; x_wconf 90' lang='lat' dir='ltr'><strong>cum</strong></span> <span class='ocrx_word' id='word_1_133' title='bbox 1526 1998 1786 2068; x_wconf 68' lang='lat' dir='ltr'><strong>Bajoaria:</strong></span> 
     </span>
    </p>
   </div>
   <div class='ocr_carea' id='block_1_22' title="bbox 207 2084 1786 2159">
    <p class='ocr_par' dir='ltr' id='par_1_22' title="bbox 207 2084 1786 2159">
     <span class='ocr_line' id='line_1_22' title="bbox 207 2084 1786 2159; baseline 0.005 -23"><span class='ocrx_word' id='word_1_134' title='bbox 207 2084 346 2140; x_wconf 78' lang='lat' dir='ltr'><strong>tinos</strong></span> <span class='ocrx_word' id='word_1_135' title='bbox 392 2087 717 2154; x_wconf 89' lang='lat' dir='ltr'><strong>devastaret,</strong></span> <span class='ocrx_word' id='word_1_136' title='bbox 770 2091 1004 2143; x_wconf 85' lang='lat' dir='ltr'><strong>maxima</strong></span> <span class='ocrx_word' id='word_1_137' title='bbox 1056 2105 1181 2158; x_wconf 90' lang='lat' dir='ltr'><strong>pars</strong></span> <span class='ocrx_word' id='word_1_138' title='bbox 1235 2091 1508 2145; x_wconf 73' lang='lat' dir='ltr'><strong>exercitus</strong></span> <span class='ocrx_word' id='word_1_139' title='bbox 1555 2091 1674 2159; x_wconf 88' lang='lat' dir='ltr'><strong>ejus</strong></span> <span class='ocrx_word' id='word_1_140' title='bbox 1717 2092 1786 2144; x_wconf 80' lang='lat' dir='ltr'><strong>ab</strong></span> 
     </span>
    </p>
   </div>
   <div class='ocr_carea' id='block_1_23' title="bbox 207 2175 1785 2250">
    <p class='ocr_par' dir='ltr' id='par_1_23' title="bbox 207 2175 1785 2250">
     <span class='ocr_line' id='line_1_23' title="bbox 207 2175 1785 2250; baseline 0.005 -24"><span class='ocrx_word' id='word_1_141' title='bbox 207 2175 503 2230; x_wconf 81' lang='lat' dir='ltr'><strong>Adalbcrto</strong></span> <span class='ocrx_word' id='word_1_142' title='bbox 529 2180 841 2234; x_wconf 84' lang='lat' dir='ltr'><strong>marebione</strong></span> <span class='ocrx_word' id='word_1_143' title='bbox 876 2181 1014 2234; x_wconf 88' lang='lat' dir='ltr'><strong>bello</strong></span> <span class='ocrx_word' id='word_1_144' title='bbox 1040 2181 1246 2236; x_wconf 79' lang='lat' dir='ltr'><strong>devicta</strong></span> <span class='ocrx_word' id='word_1_145' title='bbox 1283 2183 1459 2250; x_wconf 90' lang='lat' dir='ltr'><strong>periit.</strong></span> <span class='ocrx_word' id='word_1_146' title='bbox 1501 2180 1702 2234; x_wconf 71' lang='lat' dir='ltr'><strong>Ileinrii</strong></span> <span class='ocrx_word' id='word_1_147' title='bbox 1723 2198 1785 2234; x_wconf 89' lang='lat' dir='ltr'><strong>us</strong></span> 
     </span>
    </p>
   </div>
   <div class='ocr_carea' id='block_1_24' title="bbox 209 2264 1785 2342">
    <p class='ocr_par' dir='ltr' id='par_1_24' title="bbox 209 2264 1785 2342">
     <span class='ocr_line' id='line_1_24' title="bbox 209 2264 1785 2342; baseline 0.006 -25"><span class='ocrx_word' id='word_1_148' title='bbox 209 2280 303 2318; x_wconf 89' lang='lat' dir='ltr'><strong>rex</strong></span> <span class='ocrx_word' id='word_1_149' title='bbox 331 2264 643 2324; x_wconf 82' lang='lat' dir='ltr'><strong>Pannonias</strong></span> <span class='ocrx_word' id='word_1_150' title='bbox 665 2280 872 2339; x_wconf 86' lang='lat' dir='ltr'><strong>petens,</strong></span> <span class='ocrx_word' id='word_1_151' title='bbox 900 2272 1063 2326; x_wconf 88' lang='lat' dir='ltr'><strong>urbes</strong></span> <span class='ocrx_word' id='word_1_152' title='bbox 1085 2273 1323 2326; x_wconf 86' lang='lat' dir='ltr'><strong>munitas</strong></span> <span class='ocrx_word' id='word_1_153' title='bbox 1344 2273 1558 2337; x_wconf 85' lang='lat' dir='ltr'><strong>delevit,</strong></span> <span class='ocrx_word' id='word_1_154' title='bbox 1586 2283 1638 2325; x_wconf 78' lang='lat' dir='ltr'><strong>et</strong></span> <span class='ocrx_word' id='word_1_155' title='bbox 1668 2274 1785 2342; x_wconf 87' lang='lat' dir='ltr'><strong>plu-</strong></span> 
     </span>
    </p>
   </div>
   <div class='ocr_carea' id='block_1_25' title="bbox 209 2356 1784 2433">
    <p class='ocr_par' dir='ltr' id='par_1_25' title="bbox 209 2356 1784 2433">
     <span class='ocr_line' id='line_1_25' title="bbox 209 2356 1784 2433; baseline 0.005 -25"><span class='ocrx_word' id='word_1_156' title='bbox 209 2356 596 2413; x_wconf 78' lang='lat' dir='ltr'><strong>res&#39;deditione</strong></span> <span class='ocrx_word' id='word_1_157' title='bbox 619 2360 865 2429; x_wconf 77' lang='lat' dir='ltr'><strong>subjecit.</strong></span> <span class='ocrx_word' id='word_1_158' title='bbox 906 2361 970 2415; x_wconf 77' lang='lat' dir='ltr'><strong>Et</strong></span> <span class='ocrx_word' id='word_1_159' title='bbox 1002 2363 1131 2416; x_wconf 91' lang='lat' dir='ltr'><strong>dum</strong></span> <span class='ocrx_word' id='word_1_160' title='bbox 1160 2361 1381 2417; x_wconf 87' lang='lat' dir='ltr'><strong>Petrum</strong></span> <span class='ocrx_word' id='word_1_161' title='bbox 1419 2379 1596 2433; x_wconf 80' lang='lat' dir='ltr'><strong>regem</strong></span> <span class='ocrx_word' id='word_1_162' title='bbox 1624 2379 1784 2417; x_wconf 76' lang='lat' dir='ltr'><strong>suum</strong></span> 
     </span>
    </p>
   </div>
   <div class='ocr_carea' id='block_1_26' title="bbox 208 2447 1784 2522">
    <p class='ocr_par' dir='ltr' id='par_1_26' title="bbox 208 2447 1784 2522">
     <span class='ocr_line' id='line_1_26' title="bbox 208 2447 1784 2522; baseline 0.005 -22"><span class='ocrx_word' id='word_1_163' title='bbox 208 2447 452 2516; x_wconf 82' lang='lat' dir='ltr'><strong>recipere</strong></span> <span class='ocrx_word' id='word_1_164' title='bbox 473 2450 695 2517; x_wconf 78' lang='lat' dir='ltr'><strong>nollent,</strong></span> <span class='ocrx_word' id='word_1_165' title='bbox 719 2453 910 2507; x_wconf 88' lang='lat' dir='ltr'><strong>ducem</strong></span> <span class='ocrx_word' id='word_1_166' title='bbox 936 2455 1015 2507; x_wconf 91' lang='lat' dir='ltr'><strong>eis</strong></span> <span class='ocrx_word' id='word_1_167' title='bbox 1035 2453 1304 2522; x_wconf 83' lang='lat' dir='ltr'><strong>quendam</strong></span> <span class='ocrx_word' id='word_1_168' title='bbox 1327 2453 1564 2522; x_wconf 68' lang='lat' dir='ltr'><strong>prmfecit</strong></span> <span class='ocrx_word' id='word_1_169' title='bbox 1587 2471 1600 2519; x_wconf 86' lang='lat'><strong>;</strong></span> <span class='ocrx_word' id='word_1_170' title='bbox 1624 2467 1784 2522; x_wconf 72' lang='lat' dir='ltr'><strong>quem</strong></span> 
     </span>
    </p>
   </div>
   <div class='ocr_carea' id='block_1_27' title="bbox 208 2539 1784 2615">
    <p class='ocr_par' dir='ltr' id='par_1_27' title="bbox 208 2539 1784 2615">
     <span class='ocr_line' id='line_1_27' title="bbox 208 2539 1784 2615; baseline 0.004 -23"><span class='ocrx_word' id='word_1_171' title='bbox 208 2539 398 2615; x_wconf 80' lang='lat' dir='ltr'><strong>statim</strong></span> <span class='ocrx_word' id='word_1_172' title='bbox 442 2549 566 2611; x_wconf 91' lang='lat' dir='ltr'><strong>post</strong></span> <span class='ocrx_word' id='word_1_173' title='bbox 600 2542 718 2612; x_wconf 90' lang='lat' dir='ltr'><strong>ejus</strong></span> <span class='ocrx_word' id='word_1_174' title='bbox 770 2543 1072 2598; x_wconf 85' lang='lat' dir='ltr'><strong>discessum</strong></span> <span class='ocrx_word' id='word_1_175' title='bbox 1117 2542 1232 2598; x_wconf 77' lang='lat' dir='ltr'><strong>Oro</strong></span> <span class='ocrx_word' id='word_1_176' title='bbox 1286 2543 1339 2598; x_wconf 89' lang='lat' dir='ltr'><strong>in</strong></span> <span class='ocrx_word' id='word_1_177' title='bbox 1376 2543 1652 2600; x_wconf 76' lang='lat' dir='ltr'><strong>Boemiata</strong></span> <span class='ocrx_word' id='word_1_178' title='bbox 1698 2562 1784 2599; x_wconf 89' lang='lat' dir='ltr'><strong>re-</strong></span> 
     </span>
    </p>
   </div>
   <div class='ocr_carea' id='block_1_28' title="bbox 207 2628 368 2698">
    <p class='ocr_par' dir='ltr' id='par_1_28' title="bbox 207 2628 368 2698">
     <span class='ocr_line' id='line_1_28' title="bbox 207 2628 368 2698; baseline 0.006 -17"><span class='ocrx_word' id='word_1_179' title='bbox 207 2628 368 2698; x_wconf 87' lang='lat' dir='ltr'><strong>pulit.</strong></span> 
     </span>
    </p>
   </div>
   <div class='ocr_carea' id='block_1_29' title="bbox 283 2717 1788 2796">
    <p class='ocr_par' dir='ltr' id='par_1_29' title="bbox 283 2717 1788 2796">
     <span class='ocr_line' id='line_1_29' title="bbox 283 2717 1788 2796; baseline 0.004 -22"><span class='ocrx_word' id='word_1_180' title='bbox 283 2719 442 2775; x_wconf 71' lang='grc'><strong>1045.</strong></span> <span class='ocrx_word' id='word_1_181' title='bbox 479 2720 761 2778; x_wconf 83' lang='lat' dir='ltr'><strong>IIeinrieus</strong></span> <span class='ocrx_word' id='word_1_182' title='bbox 797 2739 889 2778; x_wconf 77' lang='lat' dir='ltr'><strong>rex</strong></span> <span class='ocrx_word' id='word_1_183' title='bbox 911 2726 1108 2780; x_wconf 88' lang='lat' dir='ltr'><strong>iterum</strong></span> <span class='ocrx_word' id='word_1_184' title='bbox 1137 2724 1448 2783; x_wconf 83' lang='lat' dir='ltr'><strong>Pannonias</strong></span> <span class='ocrx_word' id='word_1_185' title='bbox 1478 2735 1686 2796; x_wconf 79' lang='lat' dir='ltr'><strong>petens,</strong></span> <span class='ocrx_word' id='word_1_186' title='bbox 1719 2717 1788 2780; x_wconf 84' lang='lat' dir='ltr'><strong>ab</strong></span> 
     </span>
    </p>
   </div>
   <div class='ocr_carea' id='block_1_30' title="bbox 203 2810 1788 2886">
    <p class='ocr_par' dir='ltr' id='par_1_30' title="bbox 203 2810 1788 2886">
     <span class='ocr_line' id='line_1_30' title="bbox 203 2810 1788 2886; baseline 0.002 -21"><span class='ocrx_word' id='word_1_187' title='bbox 203 2810 416 2876; x_wconf 89' lang='lat' dir='ltr'><strong>Ovone,</strong></span> <span class='ocrx_word' id='word_1_188' title='bbox 431 2812 518 2866; x_wconf 81' lang='lat' dir='ltr'><strong>vix</strong></span> <span class='ocrx_word' id='word_1_189' title='bbox 545 2823 762 2882; x_wconf 88' lang='lat' dir='ltr'><strong>pactum</strong></span> <span class='ocrx_word' id='word_1_190' title='bbox 787 2815 1128 2884; x_wconf 87' lang='lat' dir='ltr'><strong>impetrante,</strong></span> <span class='ocrx_word' id='word_1_191' title='bbox 1143 2824 1393 2886; x_wconf 84' lang='lat' dir='ltr'><strong>suscepta</strong></span> <span class='ocrx_word' id='word_1_192' title='bbox 1416 2815 1788 2872; x_wconf 79' lang='lat' dir='ltr'><strong>satisfactione</strong></span> 
     </span>
    </p>
   </div>
   <div class='ocr_carea' id='block_1_31' title="bbox 205 2905 1784 2970">
    <p class='ocr_par' dir='ltr' id='par_1_31' title="bbox 205 2905 1784 2970">
     <span class='ocr_line' id='line_1_31' title="bbox 205 2905 1784 2970; baseline 0.001 -12"><span class='ocrx_word' id='word_1_193' title='bbox 205 2911 264 2958; x_wconf 89' lang='lat' dir='ltr'><strong>et</strong></span> <span class='ocrx_word' id='word_1_194' title='bbox 287 2905 604 2960; x_wconf 85' lang='lat' dir='ltr'><strong>muneribus</strong></span> <span class='ocrx_word' id='word_1_195' title='bbox 625 2905 895 2960; x_wconf 85' lang='lat' dir='ltr'><strong>discessit.</strong></span> <span class='ocrx_word' id='word_1_196' title='bbox 911 2906 1038 2962; x_wconf 89' lang='lat' dir='ltr'><strong>Inde</strong></span> <span class='ocrx_word' id='word_1_197' title='bbox 1062 2908 1118 2961; x_wconf 89' lang='lat' dir='ltr'><strong>in</strong></span> <span class='ocrx_word' id='word_1_198' title='bbox 1143 2908 1518 2962; x_wconf 78' lang='lat' dir='ltr'><strong>Alcmanniam</strong></span> <span class='ocrx_word' id='word_1_199' title='bbox 1543 2908 1784 2970; x_wconf 89' lang='lat' dir='ltr'><strong>veniens,</strong></span> 
     </span>
    </p>
   </div>
   <div class='ocr_carea' id='block_1_32' title="bbox 207 2991 1788 3068">
    <p class='ocr_par' dir='ltr' id='par_1_32' title="bbox 207 2991 1788 3068">
     <span class='ocr_line' id='line_1_32' title="bbox 207 2991 1788 3068; baseline 0.004 -22"><span class='ocrx_word' id='word_1_200' title='bbox 207 2993 266 3046; x_wconf 86' lang='lat' dir='ltr'><strong>in</strong></span> <span class='ocrx_word' id='word_1_201' title='bbox 292 2991 485 3047; x_wconf 90' lang='lat' dir='ltr'><strong>sinodo</strong></span> <span class='ocrx_word' id='word_1_202' title='bbox 513 2994 917 3051; x_wconf 87' lang='lat' dir='ltr'><strong>Constantiensi</strong></span> <span class='ocrx_word' id='word_1_203' title='bbox 958 2999 1170 3053; x_wconf 91' lang='lat' dir='ltr'><strong>cunctis</strong></span> <span class='ocrx_word' id='word_1_204' title='bbox 1191 2999 1284 3068; x_wconf 89' lang='lat' dir='ltr'><strong>qui</strong></span> <span class='ocrx_word' id='word_1_205' title='bbox 1316 3008 1504 3052; x_wconf 81' lang='lat' dir='ltr'><strong>contra</strong></span> <span class='ocrx_word' id='word_1_206' title='bbox 1531 3014 1655 3052; x_wconf 78' lang='lat' dir='ltr'><strong>Cltll</strong></span> <span class='ocrx_word' id='word_1_207' title='bbox 1694 2998 1788 3053; x_wconf 87' lang='lat' dir='ltr'><strong>de-</strong></span> 
     </span>
    </p>
   </div>
   <div class='ocr_carea' id='block_1_33' title="bbox 205 3083 1788 3162">
    <p class='ocr_par' dir='ltr' id='par_1_33' title="bbox 205 3083 1788 3162">
     <span class='ocr_line' id='line_1_33' title="bbox 205 3083 1788 3162; baseline 0.006 -26"><span class='ocrx_word' id='word_1_208' title='bbox 205 3083 486 3153; x_wconf 86' lang='lat' dir='ltr'><strong>liquerant</strong></span> <span class='ocrx_word' id='word_1_209' title='bbox 505 3101 664 3140; x_wconf 91' lang='lat' dir='ltr'><strong>omne</strong></span> <span class='ocrx_word' id='word_1_210' title='bbox 688 3087 928 3141; x_wconf 89' lang='lat' dir='ltr'><strong>debitum</strong></span> <span class='ocrx_word' id='word_1_211' title='bbox 953 3089 1068 3162; x_wconf 91' lang='lat' dir='ltr'><strong>ipse</strong></span> <span class='ocrx_word' id='word_1_212' title='bbox 1087 3089 1311 3145; x_wconf 86' lang='lat' dir='ltr'><strong>dimisit.</strong></span> <span class='ocrx_word' id='word_1_213' title='bbox 1342 3089 1560 3160; x_wconf 87' lang='lat' dir='ltr'><strong>lloeque</strong></span> <span class='ocrx_word' id='word_1_214' title='bbox 1579 3099 1632 3145; x_wconf 90' lang='lat' dir='ltr'><strong>et</strong></span> <span class='ocrx_word' id='word_1_215' title='bbox 1654 3090 1788 3145; x_wconf 89' lang='lat' dir='ltr'><strong>alios</strong></span> 
     </span>
    </p>
   </div>
   <div class='ocr_carea' id='block_1_34' title="bbox 206 3177 1788 3247">
    <p class='ocr_par' dir='ltr' id='par_1_34' title="bbox 206 3177 1788 3247">
     <span class='ocr_line' id='line_1_34' title="bbox 206 3177 1788 3247; baseline 0.003 -17"><span class='ocrx_word' id='word_1_216' title='bbox 206 3177 330 3231; x_wconf 83' lang='lat' dir='ltr'><strong>suis</strong></span> <span class='ocrx_word' id='word_1_217' title='bbox 362 3177 698 3234; x_wconf 85' lang='lat' dir='ltr'><strong>debitoribus</strong></span> <span class='ocrx_word' id='word_1_218' title='bbox 722 3179 902 3236; x_wconf 88' lang='lat' dir='ltr'><strong>facere</strong></span> <span class='ocrx_word' id='word_1_219' title='bbox 923 3181 1239 3247; x_wconf 84' lang='lat' dir='ltr'><strong>adhortans,</strong></span> <span class='ocrx_word' id='word_1_220' title='bbox 1272 3181 1788 3236; x_wconf 89' lang='lat' dir='ltr'><strong>inauditammultis</strong></span> 
     </span>
    </p>
   </div>
   <div class='ocr_carea' id='block_1_35' title="bbox 208 3269 1785 3343">
    <p class='ocr_par' dir='ltr' id='par_1_35' title="bbox 208 3269 1785 3343">
     <span class='ocr_line' id='line_1_35' title="bbox 208 3269 1785 3343; baseline 0.003 -22"><span class='ocrx_word' id='word_1_221' title='bbox 208 3269 413 3324; x_wconf 86' lang='lat' dir='ltr'><strong>seculis</strong></span> <span class='ocrx_word' id='word_1_222' title='bbox 436 3286 622 3340; x_wconf 81' lang='lat' dir='ltr'><strong>pacem</strong></span> <span class='ocrx_word' id='word_1_223' title='bbox 647 3271 841 3326; x_wconf 69' lang='lat' dir='ltr'><strong>ell‘ecit.</strong></span> <span class='ocrx_word' id='word_1_224' title='bbox 870 3270 1001 3327; x_wconf 81' lang='lat' dir='ltr'><strong>Post</strong></span> <span class='ocrx_word' id='word_1_225' title='bbox 1038 3273 1153 3328; x_wconf 64' lang='lat' dir='ltr'><strong>hac</strong></span> <span class='ocrx_word' id='word_1_226' title='bbox 1184 3274 1444 3343; x_wconf 82' lang='lat' dir='ltr'><strong>Agnetem</strong></span> <span class='ocrx_word' id='word_1_227' title='bbox 1472 3273 1785 3327; x_wconf 81' lang='lat' dir='ltr'><strong>Willihelmi</strong></span> 
     </span>
    </p>
   </div>
   <div class='ocr_carea' id='block_1_36' title="bbox 207 3357 1785 3433">
    <p class='ocr_par' dir='ltr' id='par_1_36' title="bbox 207 3357 1785 3433">
     <span class='ocr_line' id='line_1_36' title="bbox 207 3357 1785 3433; baseline 0.003 -21"><span class='ocrx_word' id='word_1_228' title='bbox 207 3357 569 3415; x_wconf 85' lang='lat' dir='ltr'><strong>Pictaviensis</strong></span> <span class='ocrx_word' id='word_1_229' title='bbox 591 3361 754 3415; x_wconf 84' lang='lat' dir='ltr'><strong>tiliam</strong></span> <span class='ocrx_word' id='word_1_230' title='bbox 785 3364 1078 3432; x_wconf 79' lang='lat' dir='ltr'><strong>accipiens,</strong></span> <span class='ocrx_word' id='word_1_231' title='bbox 1103 3370 1159 3417; x_wconf 90' lang='lat' dir='ltr'><strong>et</strong></span> <span class='ocrx_word' id='word_1_232' title='bbox 1187 3361 1520 3433; x_wconf 85' lang='lat' dir='ltr'><strong>Mogonciaci</strong></span> <span class='ocrx_word' id='word_1_233' title='bbox 1546 3365 1785 3433; x_wconf 79' lang='lat' dir='ltr'><strong>reginam</strong></span> 
     </span>
    </p>
   </div>
   <div class='ocr_carea' id='block_1_37' title="bbox 207 3448 1787 3524">
    <p class='ocr_par' dir='ltr' id='par_1_37' title="bbox 207 3448 1787 3524">
     <span class='ocr_line' id='line_1_37' title="bbox 207 3448 1787 3524; baseline 0.006 -24"><span class='ocrx_word' id='word_1_234' title='bbox 207 3449 380 3518; x_wconf 80' lang='lat' dir='ltr'><strong>ungui</strong></span> <span class='ocrx_word' id='word_1_235' title='bbox 438 3448 663 3516; x_wconf 81' lang='lat' dir='ltr'><strong>faciens,</strong></span> <span class='ocrx_word' id='word_1_236' title='bbox 701 3453 909 3523; x_wconf 83' lang='lat' dir='ltr'><strong>regales</strong></span> <span class='ocrx_word' id='word_1_237' title='bbox 966 3453 1108 3523; x_wconf 84' lang='lat' dir='ltr'><strong>apud</strong></span> <span class='ocrx_word' id='word_1_238' title='bbox 1159 3453 1519 3523; x_wconf 88' lang='lat' dir='ltr'><strong>lngelenheim</strong></span> <span class='ocrx_word' id='word_1_239' title='bbox 1570 3455 1787 3524; x_wconf 86' lang='lat' dir='ltr'><strong>nuptias</strong></span> 
     </span>
    </p>
   </div>
   <div class='ocr_carea' id='block_1_38' title="bbox 205 3539 1786 3613">
    <p class='ocr_par' dir='ltr' id='par_1_38' title="bbox 205 3539 1786 3613">
     <span class='ocr_line' id='line_1_38' title="bbox 205 3539 1786 3613; baseline 0.004 -19"><span class='ocrx_word' id='word_1_240' title='bbox 205 3539 525 3595; x_wconf 83' lang='lat' dir='ltr'><strong>celebravit.</strong></span> <span class='ocrx_word' id='word_1_241' title='bbox 563 3539 640 3598; x_wconf 92' lang='lat' dir='ltr'><strong>Ibi</strong></span> <span class='ocrx_word' id='word_1_242' title='bbox 672 3542 1012 3613; x_wconf 85' lang='lat' dir='ltr'><strong>Liutpaldus,</strong></span> <span class='ocrx_word' id='word_1_243' title='bbox 1047 3544 1320 3600; x_wconf 82' lang='lat' dir='ltr'><strong>Adalberti</strong></span> <span class='ocrx_word' id='word_1_244' title='bbox 1361 3546 1696 3601; x_wconf 87' lang='lat' dir='ltr'><strong>marchionis</strong></span> <span class='ocrx_word' id='word_1_245' title='bbox 1719 3544 1786 3600; x_wconf 83' lang='lat' dir='ltr'><strong>ti-</strong></span> 
     </span>
    </p>
   </div>
   <div class='ocr_carea' id='block_1_39' title="bbox 157 3629 1037 3713">
    <p class='ocr_par' dir='ltr' id='par_1_39' title="bbox 157 3629 1037 3713">
     <span class='ocr_line' id='line_1_39' title="bbox 157 3629 1037 3713; baseline 0.001 -29"><span class='ocrx_word' id='word_1_246' title='bbox 157 3654 162 3660; x_wconf 93' lang='lat'><strong>-</strong></span> <span class='ocrx_word' id='word_1_247' title='bbox 207 3629 341 3694; x_wconf 86' lang='lat' dir='ltr'><strong>lius,</strong></span> <span class='ocrx_word' id='word_1_248' title='bbox 366 3631 518 3686; x_wconf 90' lang='lat' dir='ltr'><strong>obiit.</strong></span> <span class='ocrx_word' id='word_1_249' title='bbox 1024 3683 1037 3713; x_wconf 27' lang='grc' dir='ltr'><strong>λ,</strong></span> 
     </span>
    </p>
   </div>
   <div class='ocr_carea' id='block_1_40' title="bbox 283 3715 1786 3797">
    <p class='ocr_par' dir='ltr' id='par_1_40' title="bbox 283 3715 1786 3797">
     <span class='ocr_line' id='line_1_40' title="bbox 283 3715 1786 3797; baseline 0.006 -22"><span class='ocrx_word' id='word_1_250' title='bbox 283 3721 443 3776; x_wconf 68' lang='grc'><strong>1064.</strong></span> <span class='ocrx_word' id='word_1_251' title='bbox 476 3720 695 3779; x_wconf 81' lang='lat' dir='ltr'><strong>Gozzilo</strong></span> <span class='ocrx_word' id='word_1_252' title='bbox 715 3723 823 3779; x_wconf 77' lang='lat' dir='ltr'><strong>dux</strong></span> <span class='ocrx_word' id='word_1_253' title='bbox 866 3715 1321 3797; x_wconf 83' lang='lat' dir='ltr'><strong>Lotharingorum</strong></span> <span class='ocrx_word' id='word_1_254' title='bbox 1347 3726 1608 3795; x_wconf 85' lang='lat' dir='ltr'><strong>moriens,</strong></span> <span class='ocrx_word' id='word_1_255' title='bbox 1643 3726 1786 3784; x_wconf 79' lang='lat' dir='ltr'><strong>Goz-</strong></span> 
     </span>
    </p>
   </div>
   <div class='ocr_carea' id='block_1_41' title="bbox 207 3811 1788 3888">
    <p class='ocr_par' dir='ltr' id='par_1_41' title="bbox 207 3811 1788 3888">
     <span class='ocr_line' id='line_1_41' title="bbox 207 3811 1788 3888; baseline 0.008 -23"><span class='ocrx_word' id='word_1_256' title='bbox 207 3811 379 3867; x_wconf 76' lang='lat' dir='ltr'><strong>ziloni</strong></span> <span class='ocrx_word' id='word_1_257' title='bbox 425 3813 538 3869; x_wconf 84' lang='lat' dir='ltr'><strong>tilio</strong></span> <span class='ocrx_word' id='word_1_258' title='bbox 581 3830 703 3882; x_wconf 81' lang='lat' dir='ltr'><strong>suo,</strong></span> <span class='ocrx_word' id='word_1_259' title='bbox 726 3819 978 3886; x_wconf 82' lang='lat' dir='ltr'><strong>quamvis</strong></span> <span class='ocrx_word' id='word_1_260' title='bbox 1011 3818 1229 3888; x_wconf 85' lang='lat' dir='ltr'><strong>ignavo,</strong></span> <span class='ocrx_word' id='word_1_261' title='bbox 1264 3818 1523 3874; x_wconf 88' lang='lat' dir='ltr'><strong>ducatum</strong></span> <span class='ocrx_word' id='word_1_262' title='bbox 1559 3836 1718 3876; x_wconf 90' lang='lat' dir='ltr'><strong>suum</strong></span> <span class='ocrx_word' id='word_1_263' title='bbox 1757 3837 1788 3877; x_wconf 89' lang='lat' dir='ltr'><strong>a</strong></span> 
     </span>
    </p>
   </div>
   <div class='ocr_carea' id='block_1_42' title="bbox 207 3902 1790 3978">
    <p class='ocr_par' dir='ltr' id='par_1_42' title="bbox 207 3902 1790 3978">
     <span class='ocr_line' id='line_1_42' title="bbox 207 3902 1790 3978; baseline 0.008 -23"><span class='ocrx_word' id='word_1_264' title='bbox 207 3918 341 3972; x_wconf 70' lang='lat' dir='ltr'><strong>rege</strong></span> <span class='ocrx_word' id='word_1_265' title='bbox 382 3902 638 3960; x_wconf 80' lang='lat' dir='ltr'><strong>Heinrieo</strong></span> <span class='ocrx_word' id='word_1_266' title='bbox 674 3909 1004 3974; x_wconf 88' lang='lat' dir='ltr'><strong>promissum</strong></span> <span class='ocrx_word' id='word_1_267' title='bbox 1049 3908 1286 3978; x_wconf 86' lang='lat' dir='ltr'><strong>reliquit.</strong></span> <span class='ocrx_word' id='word_1_268' title='bbox 1338 3907 1434 3965; x_wconf 85' lang='lat' dir='ltr'><strong>Set</strong></span> <span class='ocrx_word' id='word_1_269' title='bbox 1482 3909 1619 3965; x_wconf 89' lang='lat' dir='ltr'><strong>alter</strong></span> <span class='ocrx_word' id='word_1_270' title='bbox 1645 3911 1790 3968; x_wconf 86' lang='lat' dir='ltr'><strong>filius</strong></span> 
     </span>
    </p>
   </div>
   <div class='ocr_carea' id='block_1_43' title="bbox 206 3988 1790 4062">
    <p class='ocr_par' dir='ltr' id='par_1_43' title="bbox 206 3988 1790 4062">
     <span class='ocr_line' id='line_1_43' title="bbox 206 3988 1790 4062; baseline 0.005 -18"><span class='ocrx_word' id='word_1_271' title='bbox 206 3989 336 4059; x_wconf 85' lang='lat' dir='ltr'><strong>ejus</strong></span> <span class='ocrx_word' id='word_1_272' title='bbox 365 3988 699 4057; x_wconf 82' lang='lat' dir='ltr'><strong>Gotefridus,</strong></span> <span class='ocrx_word' id='word_1_273' title='bbox 729 3994 1048 4062; x_wconf 86' lang='lat' dir='ltr'><strong>jamdudum</strong></span> <span class='ocrx_word' id='word_1_274' title='bbox 1076 3996 1207 4059; x_wconf 80' lang='lat' dir='ltr'><strong>dux,</strong></span> <span class='ocrx_word' id='word_1_275' title='bbox 1237 4010 1362 4051; x_wconf 90' lang='lat' dir='ltr'><strong>eum</strong></span> <span class='ocrx_word' id='word_1_276' title='bbox 1390 3997 1647 4052; x_wconf 86' lang='lat' dir='ltr'><strong>ducatum</strong></span> <span class='ocrx_word' id='word_1_277' title='bbox 1679 3998 1790 4053; x_wconf 86' lang='lat' dir='ltr'><strong>fra-</strong></span> 
     </span>
    </p>
   </div>
   <div class='ocr_carea' id='block_1_44' title="bbox 208 4072 1791 4155">
    <p class='ocr_par' dir='ltr' id='par_1_44' title="bbox 208 4072 1791 4155">
     <span class='ocr_line' id='line_1_44' title="bbox 208 4072 1791 4155; baseline 0.003 -21"><span class='ocrx_word' id='word_1_278' title='bbox 208 4079 286 4134; x_wconf 87' lang='lat' dir='ltr'><strong>tri</strong></span> <span class='ocrx_word' id='word_1_279' title='bbox 311 4079 549 4135; x_wconf 87' lang='lat' dir='ltr'><strong>debitum</strong></span> <span class='ocrx_word' id='word_1_280' title='bbox 581 4096 613 4135; x_wconf 92' lang='lat' dir='ltr'><strong>a</strong></span> <span class='ocrx_word' id='word_1_281' title='bbox 633 4096 756 4151; x_wconf 85' lang='lat' dir='ltr'><strong>rege</strong></span> <span class='ocrx_word' id='word_1_282' title='bbox 775 4072 1023 4138; x_wconf 86' lang='lat' dir='ltr'><strong>obtinere</strong></span> <span class='ocrx_word' id='word_1_283' title='bbox 1045 4084 1342 4152; x_wconf 87' lang='lat' dir='ltr'><strong>nequisset,</strong></span> <span class='ocrx_word' id='word_1_284' title='bbox 1374 4085 1464 4154; x_wconf 92' lang='lat' dir='ltr'><strong>pio</strong></span> <span class='ocrx_word' id='word_1_285' title='bbox 1485 4085 1598 4155; x_wconf 87' lang='lat' dir='ltr'><strong>regi</strong></span> <span class='ocrx_word' id='word_1_286' title='bbox 1624 4085 1791 4141; x_wconf 85' lang='lat' dir='ltr'><strong>rebel-</strong></span> 
     </span>
    </p>
   </div>
   <div class='ocr_carea' id='block_1_45' title="bbox 207 4163 1788 4242">
    <p class='ocr_par' dir='ltr' id='par_1_45' title="bbox 207 4163 1788 4242">
     <span class='ocr_line' id='line_1_45' title="bbox 207 4163 1788 4242; baseline 0.005 -22"><span class='ocrx_word' id='word_1_287' title='bbox 207 4167 327 4221; x_wconf 82' lang='lat' dir='ltr'><strong>lare</strong></span> <span class='ocrx_word' id='word_1_288' title='bbox 351 4163 647 4237; x_wconf 61' lang='lat' dir='ltr'><strong>przesumi&#39;t.</strong></span> <span class='ocrx_word' id='word_1_289' title='bbox 693 4168 977 4225; x_wconf 81' lang='lat' dir='ltr'><strong>Heinricus</strong></span> <span class='ocrx_word' id='word_1_290' title='bbox 1000 4186 1090 4225; x_wconf 80' lang='lat' dir='ltr'><strong>rex</strong></span> <span class='ocrx_word' id='word_1_291' title='bbox 1121 4187 1288 4242; x_wconf 90' lang='lat' dir='ltr'><strong>parvo</strong></span> <span class='ocrx_word' id='word_1_292' title='bbox 1321 4173 1559 4227; x_wconf 78' lang='lat' dir='ltr'><strong>exercitu</strong></span> <span class='ocrx_word' id='word_1_293' title='bbox 1597 4183 1788 4230; x_wconf 89' lang='lat' dir='ltr'><strong>contra</strong></span> 
     </span>
    </p>
   </div>
   <div class='ocr_carea' id='block_1_46' title="bbox 209 4257 1789 4336">
    <p class='ocr_par' dir='ltr' id='par_1_46' title="bbox 209 4257 1789 4336">
     <span class='ocr_line' id='line_1_46' title="bbox 209 4257 1789 4336; baseline 0.006 -26"><span class='ocrx_word' id='word_1_294' title='bbox 209 4257 591 4327; x_wconf 80' lang='lat' dir='ltr'><strong>gravissimam</strong></span> <span class='ocrx_word' id='word_1_295' title='bbox 623 4257 983 4331; x_wconf 79' lang='lat' dir='ltr'><strong>Ungariorum</strong></span> <span class='ocrx_word' id='word_1_296' title='bbox 1014 4269 1226 4333; x_wconf 91' lang='lat' dir='ltr'><strong>gentem</strong></span> <span class='ocrx_word' id='word_1_297' title='bbox 1249 4261 1317 4294; x_wconf 77' lang='grc'><strong>³⁸³</strong></span> <span class='ocrx_word' id='word_1_298' title='bbox 1343 4261 1555 4319; x_wconf 77' lang='lat' dir='ltr'><strong>fortiter</strong></span> <span class='ocrx_word' id='word_1_299' title='bbox 1583 4280 1789 4336; x_wconf 83' lang='lat' dir='ltr'><strong>pugna-</strong></span> 
     </span>
    </p>
   </div>
   <div class='ocr_carea' id='block_1_47' title="bbox 209 4347 1787 4426">
    <p class='ocr_par' dir='ltr' id='par_1_47' title="bbox 209 4347 1787 4426">
     <span class='ocr_line' id='line_1_47' title="bbox 209 4347 1787 4426; baseline 0.006 -25"><span class='ocrx_word' id='word_1_300' title='bbox 209 4348 312 4419; x_wconf 85' lang='lat' dir='ltr'><strong>vit,</strong></span> <span class='ocrx_word' id='word_1_301' title='bbox 337 4356 388 4402; x_wconf 89' lang='lat' dir='ltr'><strong>et</strong></span> <span class='ocrx_word' id='word_1_302' title='bbox 418 4347 566 4403; x_wconf 87' lang='lat' dir='ltr'><strong>vicit.</strong></span> <span class='ocrx_word' id='word_1_303' title='bbox 597 4347 835 4406; x_wconf 90' lang='lat' dir='ltr'><strong>Ovonem</strong></span> <span class='ocrx_word' id='word_1_304' title='bbox 887 4359 1174 4423; x_wconf 79' lang='lat' dir='ltr'><strong>tyranuum</strong></span> <span class='ocrx_word' id='word_1_305' title='bbox 1226 4353 1449 4426; x_wconf 88' lang='lat' dir='ltr'><strong>fugavit,</strong></span> <span class='ocrx_word' id='word_1_306' title='bbox 1484 4366 1539 4410; x_wconf 94' lang='lat' dir='ltr'><strong>et</strong></span> <span class='ocrx_word' id='word_1_307' title='bbox 1571 4355 1787 4411; x_wconf 90' lang='lat' dir='ltr'><strong>Petrum</strong></span> 
     </span>
    </p>
   </div>
   <div class='ocr_carea' id='block_1_48' title="bbox 206 4439 1790 4516">
    <p class='ocr_par' dir='ltr' id='par_1_48' title="bbox 206 4439 1790 4516">
     <span class='ocr_line' id='line_1_48' title="bbox 206 4439 1790 4516; baseline 0.008 -24"><span class='ocrx_word' id='word_1_308' title='bbox 206 4439 502 4509; x_wconf 79' lang='lat' dir='ltr'><strong>expulsum</strong></span> <span class='ocrx_word' id='word_1_309' title='bbox 541 4441 785 4511; x_wconf 83' lang='lat' dir='ltr'><strong>pristimc</strong></span> <span class='ocrx_word' id='word_1_310' title='bbox 833 4444 1082 4516; x_wconf 87' lang='lat' dir='ltr'><strong>dignitati</strong></span> <span class='ocrx_word' id='word_1_311' title='bbox 1124 4448 1380 4502; x_wconf 87' lang='lat' dir='ltr'><strong>restituit.</strong></span> <span class='ocrx_word' id='word_1_312' title='bbox 1427 4445 1622 4504; x_wconf 86' lang='lat' dir='ltr'><strong>Postea</strong></span> <span class='ocrx_word' id='word_1_313' title='bbox 1660 4464 1790 4505; x_wconf 88' lang='lat' dir='ltr'><strong>vero</strong></span> 
     </span>
    </p>
   </div>
   <div class='ocr_carea' id='block_1_49' title="bbox 209 4528 1865 4624">
    <p class='ocr_par' dir='ltr' id='par_1_49' title="bbox 209 4528 1865 4624">
     <span class='ocr_line' id='line_1_49' title="bbox 209 4528 1865 4624; baseline 0.005 -40"><span class='ocrx_word' id='word_1_314' title='bbox 209 4528 409 4586; x_wconf 84' lang='lat' dir='ltr'><strong>Petrus</strong></span> <span class='ocrx_word' id='word_1_315' title='bbox 450 4533 502 4587; x_wconf 91' lang='lat' dir='ltr'><strong>in</strong></span> <span class='ocrx_word' id='word_1_316' title='bbox 534 4549 700 4606; x_wconf 90' lang='lat' dir='ltr'><strong>regno</strong></span> <span class='ocrx_word' id='word_1_317' title='bbox 733 4536 1094 4602; x_wconf 90' lang='lat' dir='ltr'><strong>confortatus,</strong></span> <span class='ocrx_word' id='word_1_318' title='bbox 1127 4537 1361 4593; x_wconf 85' lang='lat' dir='ltr'><strong>eundem</strong></span> <span class='ocrx_word' id='word_1_319' title='bbox 1387 4537 1629 4594; x_wconf 88' lang='lat' dir='ltr'><strong>Ovonem</strong></span> <span class='ocrx_word' id='word_1_320' title='bbox 1664 4554 1786 4595; x_wconf 92' lang='lat' dir='ltr'><strong>eum</strong></span> <span class='ocrx_word' id='word_1_321' title='bbox 1820 4569 1865 4624; x_wconf 67' lang='grc' dir='ltr'><strong><em>Β</em></strong></span> 
     </span>
    </p>
   </div>
   <div class='ocr_carea' id='block_1_50' title="bbox 193 4626 1807 4704">
    <p class='ocr_par' dir='ltr' id='par_1_50' title="bbox 193 4626 1807 4704">
     <span class='ocr_line' id='line_1_50' title="bbox 193 4626 1807 4704; baseline 0.002 -26"><span class='ocrx_word' id='word_1_322' title='bbox 193 4637 387 4704; x_wconf 23' lang='lat' dir='ltr'><strong>.uxore</strong></span> <span class='ocrx_word' id='word_1_323' title='bbox 402 4633 458 4679; x_wconf 88' lang='lat' dir='ltr'><strong>et</strong></span> <span class='ocrx_word' id='word_1_324' title='bbox 490 4626 613 4681; x_wconf 88' lang='lat' dir='ltr'><strong>tlliis</strong></span> <span class='ocrx_word' id='word_1_325' title='bbox 643 4629 1116 4698; x_wconf 77' lang='lat' dir='ltr'><strong>comprehensum,</strong></span> <span class='ocrx_word' id='word_1_326' title='bbox 1143 4629 1446 4684; x_wconf 86' lang='lat' dir='ltr'><strong>deeollavit.</strong></span> <span class='ocrx_word' id='word_1_327' title='bbox 1475 4627 1670 4700; x_wconf 78' lang='lat' dir='ltr'><strong>Magna</strong></span> <span class='ocrx_word' id='word_1_328' title='bbox 1705 4629 1807 4691; x_wconf 79' lang='lat' dir='ltr'><strong>vis</strong></span> 
     </span>
    </p>
   </div>
   <div class='ocr_carea' id='block_1_51' title="bbox 211 4710 1788 4790">
    <p class='ocr_par' dir='ltr' id='par_1_51' title="bbox 211 4710 1788 4790">
     <span class='ocr_line' id='line_1_51' title="bbox 211 4710 1788 4790; baseline 0.003 -23"><span class='ocrx_word' id='word_1_329' title='bbox 211 4710 380 4769; x_wconf 83' lang='lat' dir='ltr'><strong>famis</strong></span> <span class='ocrx_word' id='word_1_330' title='bbox 403 4715 663 4772; x_wconf 83' lang='lat' dir='ltr'><strong>homines</strong></span> <span class='ocrx_word' id='word_1_331' title='bbox 711 4719 988 4775; x_wconf 88' lang='lat' dir='ltr'><strong>innuunda</strong></span> <span class='ocrx_word' id='word_1_332' title='bbox 1028 4719 1281 4774; x_wconf 87' lang='lat' dir='ltr'><strong>animalia</strong></span> <span class='ocrx_word' id='word_1_333' title='bbox 1307 4719 1590 4774; x_wconf 86' lang='lat' dir='ltr'><strong>comedere</strong></span> <span class='ocrx_word' id='word_1_334' title='bbox 1613 4720 1788 4790; x_wconf 82' lang='lat' dir='ltr'><strong>coegit</strong></span> 
     </span>
    </p>
   </div>
   <div class='ocr_carea' id='block_1_52' title="bbox 215 4800 1786 4880">
    <p class='ocr_par' dir='ltr' id='par_1_52' title="bbox 215 4800 1786 4880">
     <span class='ocr_line' id='line_1_52' title="bbox 215 4800 1786 4880; baseline 0.013 -26"><span class='ocrx_word' id='word_1_335' title='bbox 215 4801 307 4856; x_wconf 82' lang='lat'><strong>&quot;&#39;.</strong></span> <span class='ocrx_word' id='word_1_336' title='bbox 334 4800 564 4858; x_wconf 76' lang='lat' dir='ltr'><strong>Romani</strong></span> <span class='ocrx_word' id='word_1_337' title='bbox 587 4806 656 4837; x_wconf 78' lang='grc'><strong>’⁸³</strong></span> <span class='ocrx_word' id='word_1_338' title='bbox 679 4805 1026 4864; x_wconf 82' lang='lat' dir='ltr'><strong>Benedictum</strong></span> <span class='ocrx_word' id='word_1_339' title='bbox 1050 4825 1244 4880; x_wconf 87' lang='lat' dir='ltr'><strong>papam</strong></span> <span class='ocrx_word' id='word_1_340' title='bbox 1279 4822 1378 4878; x_wconf 85' lang='lat' dir='ltr'><strong>pro</strong></span> <span class='ocrx_word' id='word_1_341' title='bbox 1399 4809 1471 4866; x_wconf 75' lang='grc'><strong>’.⁸⁸</strong></span> <span class='ocrx_word' id='word_1_342' title='bbox 1494 4809 1786 4863; x_wconf 65' lang='lat' dir='ltr'><strong>sceleribus</strong></span> 
     </span>
    </p>
   </div>
   <div class='ocr_carea' id='block_1_53' title="bbox 213 4892 1784 4970">
    <p class='ocr_par' dir='ltr' id='par_1_53' title="bbox 213 4892 1784 4970">
     <span class='ocr_line' id='line_1_53' title="bbox 213 4892 1784 4970; baseline 0.005 -24"><span class='ocrx_word' id='word_1_343' title='bbox 213 4892 288 4924; x_wconf 75' lang='lat'><strong>&#39;“</strong></span> <span class='ocrx_word' id='word_1_344' title='bbox 315 4893 430 4966; x_wconf 85' lang='lat' dir='ltr'><strong>suis</strong></span> <span class='ocrx_word' id='word_1_345' title='bbox 451 4893 521 4925; x_wconf 79' lang='lat'><strong>&#39;“</strong></span> <span class='ocrx_word' id='word_1_346' title='bbox 545 4895 839 4964; x_wconf 84' lang='lat' dir='ltr'><strong>expellunt,</strong></span> <span class='ocrx_word' id='word_1_347' title='bbox 866 4908 920 4952; x_wconf 84' lang='lat' dir='ltr'><strong>et</strong></span> <span class='ocrx_word' id='word_1_348' title='bbox 942 4901 1213 4969; x_wconf 87' lang='lat' dir='ltr'><strong>quendam</strong></span> <span class='ocrx_word' id='word_1_349' title='bbox 1246 4899 1564 4955; x_wconf 84' lang='lat' dir='ltr'><strong>Silvestrum</strong></span> <span class='ocrx_word' id='word_1_350' title='bbox 1593 4915 1784 4970; x_wconf 87' lang='lat' dir='ltr'><strong>papam</strong></span> 
     </span>
    </p>
   </div>
   <div class='ocr_carea' id='block_1_54' title="bbox 216 4979 1786 5061">
    <p class='ocr_par' dir='ltr' id='par_1_54' title="bbox 216 4979 1786 5061">
     <span class='ocr_line' id='line_1_54' title="bbox 216 4979 1786 5061; baseline 0.004 -18"><span class='ocrx_word' id='word_1_351' title='bbox 216 4984 396 5043; x_wconf 70' lang='grc'><strong>150⁸³³</strong></span> <span class='ocrx_word' id='word_1_352' title='bbox 430 4986 501 5019; x_wconf 70' lang='grc'><strong>³⁸⁸</strong></span> <span class='ocrx_word' id='word_1_353' title='bbox 526 4995 726 5043; x_wconf 86' lang='lat' dir='ltr'><strong>temere</strong></span> <span class='ocrx_word' id='word_1_354' title='bbox 757 4989 828 5021; x_wconf 79' lang='lat'><strong>’“</strong></span> <span class='ocrx_word' id='word_1_355' title='bbox 858 4991 1228 5057; x_wconf 86' lang='lat' dir='ltr'><strong>constituunt;</strong></span> <span class='ocrx_word' id='word_1_356' title='bbox 1259 5005 1423 5061; x_wconf 89' lang='lat' dir='ltr'><strong>quem</strong></span> <span class='ocrx_word' id='word_1_357' title='bbox 1464 4979 1659 5047; x_wconf 20' lang='lat' dir='ltr'><strong>tamen,</strong></span> <span class='ocrx_word' id='word_1_358' title='bbox 1688 4993 1786 5049; x_wconf 65' lang='lat' dir='ltr'><strong>lie-</strong></span> 
     </span>
    </p>
   </div>
   <div class='ocr_carea' id='block_1_55' title="bbox 215 5073 1789 5146">
    <p class='ocr_par' dir='ltr' id='par_1_55' title="bbox 215 5073 1789 5146">
     <span class='ocr_line' id='line_1_55' title="bbox 215 5073 1789 5146; baseline 0.005 -20"><span class='ocrx_word' id='word_1_359' title='bbox 215 5073 466 5130; x_wconf 89' lang='lat' dir='ltr'><strong>nedictus</strong></span> <span class='ocrx_word' id='word_1_360' title='bbox 496 5090 633 5146; x_wconf 89' lang='lat' dir='ltr'><strong>papa</strong></span> <span class='ocrx_word' id='word_1_361' title='bbox 680 5077 1024 5145; x_wconf 86' lang='lat' dir='ltr'><strong>postmodum</strong></span> <span class='ocrx_word' id='word_1_362' title='bbox 1068 5077 1413 5146; x_wconf 88' lang='lat' dir='ltr'><strong>quorundam</strong></span> <span class='ocrx_word' id='word_1_363' title='bbox 1461 5079 1789 5134; x_wconf 81' lang='lat' dir='ltr'><strong>auxiliocx-</strong></span> 
     </span>
    </p>
   </div>
   <div class='ocr_carea' id='block_1_56' title="bbox 216 5165 1787 5244">
    <p class='ocr_par' dir='ltr' id='par_1_56' title="bbox 216 5165 1787 5244">
     <span class='ocr_line' id='line_1_56' title="bbox 216 5165 1787 5244; baseline 0.002 -24"><span class='ocrx_word' id='word_1_364' title='bbox 216 5165 396 5234; x_wconf 86' lang='lat' dir='ltr'><strong>pellit;</strong></span> <span class='ocrx_word' id='word_1_365' title='bbox 427 5167 650 5240; x_wconf 84' lang='lat' dir='ltr'><strong>ipseque</strong></span> <span class='ocrx_word' id='word_1_366' title='bbox 676 5183 790 5223; x_wconf 70' lang='lat' dir='ltr'><strong>sum</strong></span> <span class='ocrx_word' id='word_1_367' title='bbox 809 5167 922 5224; x_wconf 88' lang='lat' dir='ltr'><strong>sedi</strong></span> <span class='ocrx_word' id='word_1_368' title='bbox 944 5168 1207 5235; x_wconf 88' lang='lat' dir='ltr'><strong>redditus,</strong></span> <span class='ocrx_word' id='word_1_369' title='bbox 1229 5178 1424 5244; x_wconf 82' lang='lat' dir='ltr'><strong>sponte</strong></span> <span class='ocrx_word' id='word_1_370' title='bbox 1445 5169 1514 5202; x_wconf 81' lang='lat'><strong>“’</strong></span> <span class='ocrx_word' id='word_1_371' title='bbox 1535 5185 1565 5225; x_wconf 88' lang='lat' dir='ltr'><strong>a</strong></span> <span class='ocrx_word' id='word_1_372' title='bbox 1587 5180 1787 5241; x_wconf 82' lang='lat' dir='ltr'><strong>papatu</strong></span> 
     </span>
    </p>
   </div>
   <div class='ocr_carea' id='block_1_57' title="bbox 1887 619 3435 700">
    <p class='ocr_par' dir='ltr' id='par_1_57' title="bbox 1887 619 3435 700">
     <span class='ocr_line' id='line_1_57' title="bbox 1887 619 3435 700; baseline -0.008 -16"><span class='ocrx_word' id='word_1_373' title='bbox 1887 647 2078 700; x_wconf 85' lang='lat' dir='ltr'><strong>papam</strong></span> <span class='ocrx_word' id='word_1_374' title='bbox 2115 630 2308 694; x_wconf 64' lang='lat' dir='ltr'><strong>liilu‘&quot;,</strong></span> <span class='ocrx_word' id='word_1_375' title='bbox 2348 645 2444 698; x_wconf 88' lang='lat' dir='ltr'><strong>pro</strong></span> <span class='ocrx_word' id='word_1_376' title='bbox 2475 645 2534 683; x_wconf 84' lang='lat' dir='ltr'><strong>se</strong></span> <span class='ocrx_word' id='word_1_377' title='bbox 2573 626 2813 682; x_wconf 84' lang='lat' dir='ltr'><strong>ordinari</strong></span> <span class='ocrx_word' id='word_1_378' title='bbox 2863 624 3124 695; x_wconf 87' lang='lat' dir='ltr'><strong>permisit,</strong></span> <span class='ocrx_word' id='word_1_379' title='bbox 3178 638 3320 675; x_wconf 88' lang='lat' dir='ltr'><strong>anno</strong></span> <span class='ocrx_word' id='word_1_380' title='bbox 3355 619 3435 672; x_wconf 70' lang='lat' dir='ltr'><strong>Ile</strong></span> 
     </span>
    </p>
   </div>
   <div class='ocr_carea' id='block_1_58' title="bbox 1887 705 3014 776">
    <p class='ocr_par' dir='ltr' id='par_1_58' title="bbox 1887 705 3014 776">
     <span class='ocr_line' id='line_1_58' title="bbox 1887 705 3014 776; baseline -0.002 -1"><span class='ocrx_word' id='word_1_381' title='bbox 1887 722 2019 776; x_wconf 87' lang='lat' dir='ltr'><strong>mini</strong></span> <span class='ocrx_word' id='word_1_382' title='bbox 2061 722 2210 774; x_wconf 76' lang='grc'><strong>1016.</strong></span> <span class='ocrx_word' id='word_1_383' title='bbox 3004 705 3014 718; x_wconf 70' lang='grc'><strong>’</strong></span> 
     </span>
    </p>
   </div>
   <div class='ocr_carea' id='block_1_59' title="bbox 1959 806 3453 871">
    <p class='ocr_par' dir='ltr' id='par_1_59' title="bbox 1959 806 3453 871">
     <span class='ocr_line' id='line_1_59' title="bbox 1959 806 3453 871; baseline -0.008 -5"><span class='ocrx_word' id='word_1_384' title='bbox 1959 813 2112 866; x_wconf 72' lang='grc'><strong>1015.</strong></span> <span class='ocrx_word' id='word_1_385' title='bbox 2146 809 2272 865; x_wconf 82' lang='lat' dir='ltr'><strong>()tto</strong></span> <span class='ocrx_word' id='word_1_386' title='bbox 2304 811 2579 863; x_wconf 79' lang='lat' dir='ltr'><strong>Palatinus</strong></span> <span class='ocrx_word' id='word_1_387' title='bbox 2602 824 2805 871; x_wconf 70' lang='lat' dir='ltr'><strong>comes,</strong></span> <span class='ocrx_word' id='word_1_388' title='bbox 2829 807 2936 861; x_wconf 86' lang='lat' dir='ltr'><strong>dux</strong></span> <span class='ocrx_word' id='word_1_389' title='bbox 2971 806 3296 860; x_wconf 65' lang='lat' dir='ltr'><strong>.-\Ictt|:t:!tti‘.t}</strong></span> <span class='ocrx_word' id='word_1_390' title='bbox 3323 818 3453 854; x_wconf 80' lang='lat' dir='ltr'><strong>rou~</strong></span> 
     </span>
    </p>
   </div>
   <div class='ocr_carea' id='block_1_60' title="bbox 1885 894 3454 979">
    <p class='ocr_par' dir='ltr' id='par_1_60' title="bbox 1885 894 3454 979">
     <span class='ocr_line' id='line_1_60' title="bbox 1885 894 3454 979; baseline -0.008 -23"><span class='ocrx_word' id='word_1_391' title='bbox 1885 904 2143 979; x_wconf 80' lang='lat' dir='ltr'><strong>stituitnr.</strong></span> <span class='ocrx_word' id='word_1_392' title='bbox 2193 901 2386 957; x_wconf 73' lang='lat' dir='ltr'><strong>I’ett&#39;us</strong></span> <span class='ocrx_word' id='word_1_393' title='bbox 2417 919 2506 955; x_wconf 77' lang='lat' dir='ltr'><strong>rex</strong></span> <span class='ocrx_word' id='word_1_394' title='bbox 2540 901 2919 973; x_wconf 62' lang='lat' dir='ltr'><strong>l&#39;ngm&#39;iorum,</strong></span> <span class='ocrx_word' id='word_1_395' title='bbox 2958 897 3206 951; x_wconf 63' lang='lat' dir='ltr'><strong>Ili-inriro</strong></span> <span class='ocrx_word' id='word_1_396' title='bbox 3253 895 3360 962; x_wconf 77' lang='lat' dir='ltr'><strong>regi</strong></span> <span class='ocrx_word' id='word_1_397' title='bbox 3392 894 3454 944; x_wconf 85' lang='lat' dir='ltr'><strong>ad</strong></span> 
     </span>
    </p>
   </div>
   <div class='ocr_carea' id='block_1_61' title="bbox 1885 991 3454 1066">
    <p class='ocr_par' dir='ltr' id='par_1_61' title="bbox 1885 991 3454 1066">
     <span class='ocr_line' id='line_1_61' title="bbox 1885 991 3454 1066; baseline -0.008 -15"><span class='ocrx_word' id='word_1_398' title='bbox 1885 1012 1942 1051; x_wconf 87' lang='lat' dir='ltr'><strong>se</strong></span> <span class='ocrx_word' id='word_1_399' title='bbox 1989 996 2232 1058; x_wconf 72' lang='lat' dir='ltr'><strong>invitato,</strong></span> <span class='ocrx_word' id='word_1_400' title='bbox 2284 1012 2506 1066; x_wconf 90' lang='lat' dir='ltr'><strong>regnum</strong></span> <span class='ocrx_word' id='word_1_401' title='bbox 2551 995 2951 1048; x_wconf 73' lang='lat' dir='ltr'><strong>l‘atuu‘miarum</strong></span> <span class='ocrx_word' id='word_1_402' title='bbox 3001 991 3252 1054; x_wconf 80' lang='lat' dir='ltr'><strong>tradidit;</strong></span> <span class='ocrx_word' id='word_1_403' title='bbox 3310 991 3454 1056; x_wconf 90' lang='lat' dir='ltr'><strong>quod</strong></span> 
     </span>
    </p>
   </div>
   <div class='ocr_carea' id='block_1_62' title="bbox 1884 1081 3456 1157">
    <p class='ocr_par' dir='ltr' id='par_1_62' title="bbox 1884 1081 3456 1157">
     <span class='ocr_line' id='line_1_62' title="bbox 1884 1081 3456 1157; baseline -0.008 -14"><span class='ocrx_word' id='word_1_404' title='bbox 1884 1098 2062 1144; x_wconf 89' lang='lat' dir='ltr'><strong>tamen</strong></span> <span class='ocrx_word' id='word_1_405' title='bbox 2087 1088 2154 1142; x_wconf 91' lang='lat' dir='ltr'><strong>ab</strong></span> <span class='ocrx_word' id='word_1_406' title='bbox 2187 1102 2251 1142; x_wconf 92' lang='lat' dir='ltr'><strong>eo</strong></span> <span class='ocrx_word' id='word_1_407' title='bbox 2278 1087 2412 1157; x_wconf 91' lang='lat' dir='ltr'><strong>ipse,</strong></span> <span class='ocrx_word' id='word_1_408' title='bbox 2459 1087 2585 1140; x_wconf 91' lang='lat' dir='ltr'><strong>dum</strong></span> <span class='ocrx_word' id='word_1_409' title='bbox 2622 1088 2822 1140; x_wconf 86' lang='lat' dir='ltr'><strong>viveret</strong></span> <span class='ocrx_word' id='word_1_410' title='bbox 2857 1081 3262 1154; x_wconf 83' lang='lat' dir='ltr'><strong>possidemlum,</strong></span> <span class='ocrx_word' id='word_1_411' title='bbox 3307 1094 3456 1134; x_wconf 81' lang='lat' dir='ltr'><strong>rere-</strong></span> 
     </span>
    </p>
   </div>
   <div class='ocr_carea' id='block_1_63' title="bbox 1883 1166 3456 1250">
    <p class='ocr_par' dir='ltr' id='par_1_63' title="bbox 1883 1166 3456 1250">
     <span class='ocr_line' id='line_1_63' title="bbox 1883 1166 3456 1250; baseline -0.008 -17"><span class='ocrx_word' id='word_1_412' title='bbox 1883 1180 1979 1250; x_wconf 91' lang='lat' dir='ltr'><strong>pit.</strong></span> <span class='ocrx_word' id='word_1_413' title='bbox 2029 1178 2174 1232; x_wconf 79' lang='lat' dir='ltr'><strong>Brun</strong></span> <span class='ocrx_word' id='word_1_414' title='bbox 2231 1176 2700 1246; x_wconf 75' lang='lat' dir='ltr'><strong>Wurzilntrgcusis</strong></span> <span class='ocrx_word' id='word_1_415' title='bbox 2751 1175 2820 1204; x_wconf 67' lang='lat'><strong>‘”°</strong></span> <span class='ocrx_word' id='word_1_416' title='bbox 2868 1175 3155 1242; x_wconf 82' lang='lat' dir='ltr'><strong>episcopus</strong></span> <span class='ocrx_word' id='word_1_417' title='bbox 3205 1170 3371 1233; x_wconf 77' lang='lat' dir='ltr'><strong>obiit,</strong></span> <span class='ocrx_word' id='word_1_418' title='bbox 3425 1166 3456 1219; x_wconf 78' lang='lat'><strong>7</strong></span> 
     </span>
    </p>
   </div>
   <div class='ocr_carea' id='block_1_64' title="bbox 1884 1261 3454 1324">
    <p class='ocr_par' dir='ltr' id='par_1_64' title="bbox 1884 1261 3454 1324">
     <span class='ocr_line' id='line_1_64' title="bbox 1884 1261 3454 1324; baseline -0.008 -3"><span class='ocrx_word' id='word_1_419' title='bbox 1884 1266 2104 1321; x_wconf 73' lang='lat' dir='ltr'><strong>Kalend.</strong></span> <span class='ocrx_word' id='word_1_420' title='bbox 2151 1265 2317 1321; x_wconf 76' lang='lat' dir='ltr'><strong>Junii.</strong></span> <span class='ocrx_word' id='word_1_421' title='bbox 2365 1265 2674 1319; x_wconf 79' lang='lat' dir='ltr'><strong>Golefridus</strong></span> <span class='ocrx_word' id='word_1_422' title='bbox 2718 1265 2824 1317; x_wconf 83' lang='lat' dir='ltr'><strong>dux</strong></span> <span class='ocrx_word' id='word_1_423' title='bbox 2878 1265 2942 1315; x_wconf 89' lang='lat' dir='ltr'><strong>ad</strong></span> <span class='ocrx_word' id='word_1_424' title='bbox 2975 1261 3300 1314; x_wconf 76' lang='lat' dir='ltr'><strong>deditionem</strong></span> <span class='ocrx_word' id='word_1_425' title='bbox 3347 1273 3454 1324; x_wconf 74' lang='lat' dir='ltr'><strong>regi</strong></span> 
     </span>
    </p>
   </div>
   <div class='ocr_carea' id='block_1_65' title="bbox 1885 1349 3454 1422">
    <p class='ocr_par' dir='ltr' id='par_1_65' title="bbox 1885 1349 3454 1422">
     <span class='ocr_line' id='line_1_65' title="bbox 1885 1349 3454 1422; baseline -0.008 -10"><span class='ocrx_word' id='word_1_426' title='bbox 1885 1359 2123 1422; x_wconf 87' lang='lat' dir='ltr'><strong>veniens,</strong></span> <span class='ocrx_word' id='word_1_427' title='bbox 2169 1359 2222 1411; x_wconf 92' lang='lat' dir='ltr'><strong>in</strong></span> <span class='ocrx_word' id='word_1_428' title='bbox 2255 1357 2569 1412; x_wconf 87' lang='lat' dir='ltr'><strong>custodiam</strong></span> <span class='ocrx_word' id='word_1_429' title='bbox 2593 1355 2843 1409; x_wconf 88' lang='lat' dir='ltr'><strong>mittitur.</strong></span> <span class='ocrx_word' id='word_1_430' title='bbox 2885 1352 3087 1406; x_wconf 64' lang='lat' dir='ltr'><strong>Iaruliri</strong></span> <span class='ocrx_word' id='word_1_431' title='bbox 3126 1369 3181 1404; x_wconf 78' lang='lat' dir='ltr'><strong>se</strong></span> <span class='ocrx_word' id='word_1_432' title='bbox 3220 1350 3327 1417; x_wconf 84' lang='lat' dir='ltr'><strong>regi</strong></span> <span class='ocrx_word' id='word_1_433' title='bbox 3364 1349 3454 1402; x_wconf 86' lang='lat' dir='ltr'><strong>de-</strong></span> 
     </span>
    </p>
   </div>
   <div class='ocr_carea' id='block_1_66' title="bbox 1883 1440 3452 1516">
    <p class='ocr_par' dir='ltr' id='par_1_66' title="bbox 1883 1440 3452 1516">
     <span class='ocr_line' id='line_1_66' title="bbox 1883 1440 3452 1516; baseline -0.009 -12"><span class='ocrx_word' id='word_1_434' title='bbox 1883 1451 2037 1514; x_wconf 88' lang='lat' dir='ltr'><strong>dunt,</strong></span> <span class='ocrx_word' id='word_1_435' title='bbox 2065 1459 2119 1503; x_wconf 89' lang='lat' dir='ltr'><strong>ct</strong></span> <span class='ocrx_word' id='word_1_436' title='bbox 2148 1449 2366 1503; x_wconf 86' lang='lat' dir='ltr'><strong>solitum</strong></span> <span class='ocrx_word' id='word_1_437' title='bbox 2390 1464 2611 1502; x_wconf 88' lang='lat' dir='ltr'><strong>ceusmn</strong></span> <span class='ocrx_word' id='word_1_438' title='bbox 2638 1446 2975 1516; x_wconf 87' lang='lat' dir='ltr'><strong>promittunt.</strong></span> <span class='ocrx_word' id='word_1_439' title='bbox 3002 1441 3335 1497; x_wconf 76' lang='lat' dir='ltr'><strong>(iuntharius</strong></span> <span class='ocrx_word' id='word_1_440' title='bbox 3363 1440 3452 1492; x_wconf 80' lang='lat' dir='ltr'><strong>he-</strong></span> 
     </span>
    </p>
   </div>
   <div class='ocr_carea' id='block_1_67' title="bbox 1885 1531 3458 1608">
    <p class='ocr_par' dir='ltr' id='par_1_67' title="bbox 1885 1531 3458 1608">
     <span class='ocr_line' id='line_1_67' title="bbox 1885 1531 3458 1608; baseline -0.009 -12"><span class='ocrx_word' id='word_1_441' title='bbox 1885 1542 2074 1596; x_wconf 82' lang='lat' dir='ltr'><strong>rcmita</strong></span> <span class='ocrx_word' id='word_1_442' title='bbox 2116 1540 2180 1594; x_wconf 88' lang='lat' dir='ltr'><strong>ad</strong></span> <span class='ocrx_word' id='word_1_443' title='bbox 2213 1540 2489 1594; x_wconf 79' lang='lat' dir='ltr'><strong>Christum</strong></span> <span class='ocrx_word' id='word_1_444' title='bbox 2523 1539 2790 1608; x_wconf 72' lang='lat' dir='ltr'><strong>migrauit,</strong></span> <span class='ocrx_word' id='word_1_445' title='bbox 2823 1545 2873 1588; x_wconf 80' lang='lat' dir='ltr'><strong>ct</strong></span> <span class='ocrx_word' id='word_1_446' title='bbox 2912 1536 2963 1588; x_wconf 89' lang='lat' dir='ltr'><strong>in</strong></span> <span class='ocrx_word' id='word_1_447' title='bbox 3005 1533 3194 1604; x_wconf 68' lang='lat' dir='ltr'><strong>liraga,</strong></span> <span class='ocrx_word' id='word_1_448' title='bbox 3229 1531 3458 1585; x_wconf 63' lang='lat' dir='ltr'><strong>Boeinim</strong></span> 
     </span>
    </p>
   </div>
   <div class='ocr_carea' id='block_1_68' title="bbox 1883 1630 2647 1700">
    <p class='ocr_par' dir='ltr' id='par_1_68' title="bbox 1883 1630 2647 1700">
     <span class='ocr_line' id='line_1_68' title="bbox 1883 1630 2647 1700; baseline -0.005 -13"><span class='ocrx_word' id='word_1_449' title='bbox 1883 1633 2015 1687; x_wconf 85' lang='lat' dir='ltr'><strong>urbe</strong></span> <span class='ocrx_word' id='word_1_450' title='bbox 2037 1633 2103 1663; x_wconf 71' lang='lat'><strong>&quot;7</strong></span> <span class='ocrx_word' id='word_1_451' title='bbox 2129 1631 2371 1700; x_wconf 82' lang='lat' dir='ltr'><strong>sepultus</strong></span> <span class='ocrx_word' id='word_1_452' title='bbox 2397 1630 2647 1699; x_wconf 89' lang='lat' dir='ltr'><strong>quiescit.</strong></span> 
     </span>
    </p>
   </div>
   <div class='ocr_carea' id='block_1_69' title="bbox 1958 1711 3460 1792">
    <p class='ocr_par' dir='ltr' id='par_1_69' title="bbox 1958 1711 3460 1792">
     <span class='ocr_line' id='line_1_69' title="bbox 1958 1711 3460 1792; baseline -0.011 -14"><span class='ocrx_word' id='word_1_453' title='bbox 1958 1723 2111 1778; x_wconf 67' lang='lat' dir='ltr'><strong>10w.</strong></span> <span class='ocrx_word' id='word_1_454' title='bbox 2162 1721 2270 1777; x_wconf 76' lang='lat' dir='ltr'><strong>Rex</strong></span> <span class='ocrx_word' id='word_1_455' title='bbox 2328 1720 2654 1792; x_wconf 68' lang='lat' dir='ltr'><strong>Aquisgrani</strong></span> <span class='ocrx_word' id='word_1_456' title='bbox 2722 1720 2774 1772; x_wconf 89' lang='lat' dir='ltr'><strong>in</strong></span> <span class='ocrx_word' id='word_1_457' title='bbox 2819 1727 3128 1788; x_wconf 83' lang='lat' dir='ltr'><strong>pentecoste</strong></span> <span class='ocrx_word' id='word_1_458' title='bbox 3184 1711 3460 1766; x_wconf 70' lang='lat' dir='ltr'><strong>fiotrfiido</strong></span> 
     </span>
    </p>
   </div>
   <div class='ocr_carea' id='block_1_70' title="bbox 1883 1805 3459 1881">
    <p class='ocr_par' dir='ltr' id='par_1_70' title="bbox 1883 1805 3459 1881">
     <span class='ocr_line' id='line_1_70' title="bbox 1883 1805 3459 1881; baseline -0.009 -10"><span class='ocrx_word' id='word_1_459' title='bbox 1883 1818 2028 1881; x_wconf 88' lang='lat' dir='ltr'><strong>duci,</strong></span> <span class='ocrx_word' id='word_1_460' title='bbox 2060 1833 2089 1872; x_wconf 91' lang='lat' dir='ltr'><strong>c</strong></span> <span class='ocrx_word' id='word_1_461' title='bbox 2110 1817 2357 1871; x_wconf 85' lang='lat' dir='ltr'><strong>custodia</strong></span> <span class='ocrx_word' id='word_1_462' title='bbox 2385 1814 2644 1877; x_wconf 77' lang='lat' dir='ltr'><strong>relaxato,</strong></span> <span class='ocrx_word' id='word_1_463' title='bbox 2669 1814 2926 1866; x_wconf 88' lang='lat' dir='ltr'><strong>ducatum</strong></span> <span class='ocrx_word' id='word_1_464' title='bbox 2954 1809 3210 1870; x_wconf 88' lang='lat' dir='ltr'><strong>reddidit;</strong></span> <span class='ocrx_word' id='word_1_465' title='bbox 3234 1819 3286 1861; x_wconf 84' lang='lat' dir='ltr'><strong>ct</strong></span> <span class='ocrx_word' id='word_1_466' title='bbox 3317 1805 3367 1856; x_wconf 59' lang='grc' dir='ltr'>Ἀ</span> <span class='ocrx_word' id='word_1_467' title='bbox 3388 1807 3459 1857; x_wconf 87' lang='lat' dir='ltr'><strong>id’</strong></span> 
     </span>
    </p>
   </div>
   <div class='ocr_carea' id='block_1_71' title="bbox 1887 1897 3458 1979">
    <p class='ocr_par' dir='ltr' id='par_1_71' title="bbox 1887 1897 3458 1979">
     <span class='ocr_line' id='line_1_71' title="bbox 1887 1897 3458 1979; baseline -0.006 -21"><span class='ocrx_word' id='word_1_468' title='bbox 1887 1924 2014 1979; x_wconf 78' lang='lat' dir='ltr'><strong>gero</strong></span> <span class='ocrx_word' id='word_1_469' title='bbox 2061 1905 2327 1960; x_wconf 77' lang='lat' dir='ltr'><strong>Ilavemnc</strong></span> <span class='ocrx_word' id='word_1_470' title='bbox 2385 1904 2622 1974; x_wconf 68' lang='lat' dir='ltr'><strong>pra&#39;suli,</strong></span> <span class='ocrx_word' id='word_1_471' title='bbox 2673 1901 2898 1955; x_wconf 89' lang='lat' dir='ltr'><strong>nimium</strong></span> <span class='ocrx_word' id='word_1_472' title='bbox 2954 1899 3178 1962; x_wconf 90' lang='lat' dir='ltr'><strong>creduli,</strong></span> <span class='ocrx_word' id='word_1_473' title='bbox 3220 1897 3458 1949; x_wconf 86' lang='lat' dir='ltr'><strong>nondum</strong></span> 
     </span>
    </p>
   </div>
   <div class='ocr_carea' id='block_1_72' title="bbox 1887 1989 3460 2063">
    <p class='ocr_par' dir='ltr' id='par_1_72' title="bbox 1887 1989 3460 2063">
     <span class='ocr_line' id='line_1_72' title="bbox 1887 1989 3460 2063; baseline -0.007 -14"><span class='ocrx_word' id='word_1_474' title='bbox 1887 1989 3081 2063; x_wconf 69' lang='lat' dir='ltr'><strong>consecroto,cpiscopatttmabstuliIJIugzu&#39;ii</strong></span> <span class='ocrx_word' id='word_1_475' title='bbox 3101 2003 3275 2057; x_wconf 78' lang='lat' dir='ltr'><strong>regem</strong></span> <span class='ocrx_word' id='word_1_476' title='bbox 3301 2001 3460 2038; x_wconf 81' lang='lat' dir='ltr'><strong>suum</strong></span> 
     </span>
    </p>
   </div>
   <div class='ocr_carea' id='block_1_73' title="bbox 1889 2077 3460 2153">
    <p class='ocr_par' dir='ltr' id='par_1_73' title="bbox 1889 2077 3460 2153">
     <span class='ocr_line' id='line_1_73' title="bbox 1889 2077 3460 2153; baseline -0.008 -14"><span class='ocrx_word' id='word_1_477' title='bbox 1889 2087 2103 2142; x_wconf 84' lang='lat' dir='ltr'><strong>Petrum</strong></span> <span class='ocrx_word' id='word_1_478' title='bbox 2143 2085 2317 2140; x_wconf 82' lang='lat' dir='ltr'><strong>oculis</strong></span> <span class='ocrx_word' id='word_1_479' title='bbox 2339 2083 2572 2153; x_wconf 81' lang='lat' dir='ltr'><strong>privarit,</strong></span> <span class='ocrx_word' id='word_1_480' title='bbox 2597 2091 2650 2135; x_wconf 88' lang='lat' dir='ltr'><strong>et</strong></span> <span class='ocrx_word' id='word_1_481' title='bbox 2685 2095 2782 2150; x_wconf 91' lang='lat' dir='ltr'><strong>pro</strong></span> <span class='ocrx_word' id='word_1_482' title='bbox 2803 2097 2868 2134; x_wconf 90' lang='lat' dir='ltr'><strong>eo</strong></span> <span class='ocrx_word' id='word_1_483' title='bbox 2890 2080 3158 2148; x_wconf 88' lang='lat' dir='ltr'><strong>quendam</strong></span> <span class='ocrx_word' id='word_1_484' title='bbox 3192 2077 3460 2128; x_wconf 76' lang='lat' dir='ltr'><strong>Andream</strong></span> 
     </span>
    </p>
   </div>
   <div class='ocr_carea' id='block_1_74' title="bbox 1889 2163 3461 2248">
    <p class='ocr_par' dir='ltr' id='par_1_74' title="bbox 1889 2163 3461 2248">
     <span class='ocr_line' id='line_1_74' title="bbox 1889 2163 3461 2248; baseline -0.01 -17"><span class='ocrx_word' id='word_1_485' title='bbox 1889 2193 2066 2248; x_wconf 85' lang='lat' dir='ltr'><strong>regem</strong></span> <span class='ocrx_word' id='word_1_486' title='bbox 2120 2184 2382 2231; x_wconf 87' lang='lat' dir='ltr'><strong>statuunt.</strong></span> <span class='ocrx_word' id='word_1_487' title='bbox 2426 2172 2677 2227; x_wconf 67' lang='lat' dir='ltr'><strong>Ih:inrico</strong></span> <span class='ocrx_word' id='word_1_488' title='bbox 2713 2170 2822 2239; x_wconf 84' lang='lat' dir='ltr'><strong>regi</strong></span> <span class='ocrx_word' id='word_1_489' title='bbox 2866 2185 2991 2223; x_wconf 85' lang='lat' dir='ltr'><strong>eum</strong></span> <span class='ocrx_word' id='word_1_490' title='bbox 3035 2165 3373 2236; x_wconf 71' lang='lat' dir='ltr'><strong>expeditione</strong></span> <span class='ocrx_word' id='word_1_491' title='bbox 3406 2163 3461 2216; x_wconf 89' lang='lat' dir='ltr'><strong>in</strong></span> 
     </span>
    </p>
   </div>
   <div class='ocr_carea' id='block_1_75' title="bbox 1888 2257 3462 2331">
    <p class='ocr_par' dir='ltr' id='par_1_75' title="bbox 1888 2257 3462 2331">
     <span class='ocr_line' id='line_1_75' title="bbox 1888 2257 3462 2331; baseline -0.01 -10"><span class='ocrx_word' id='word_1_492' title='bbox 1888 2267 2094 2322; x_wconf 89' lang='lat' dir='ltr'><strong>Italiam</strong></span> <span class='ocrx_word' id='word_1_493' title='bbox 2127 2267 2382 2329; x_wconf 84' lang='lat' dir='ltr'><strong>venienti,</strong></span> <span class='ocrx_word' id='word_1_494' title='bbox 2414 2263 2706 2319; x_wconf 83' lang='lat' dir='ltr'><strong>Gratianus</strong></span> <span class='ocrx_word' id='word_1_495' title='bbox 2742 2278 2900 2331; x_wconf 87' lang='lat' dir='ltr'><strong>papa,</strong></span> <span class='ocrx_word' id='word_1_496' title='bbox 2934 2258 3152 2312; x_wconf 87' lang='lat' dir='ltr'><strong>nomine</strong></span> <span class='ocrx_word' id='word_1_497' title='bbox 3180 2257 3248 2287; x_wconf 83' lang='lat'><strong>“&quot;</strong></span> <span class='ocrx_word' id='word_1_498' title='bbox 3275 2263 3462 2310; x_wconf 84' lang='lat' dir='ltr'><strong>sextus</strong></span> 
     </span>
    </p>
   </div>
   <div class='ocr_carea' id='block_1_76' title="bbox 1889 2347 3464 2428">
    <p class='ocr_par' dir='ltr' id='par_1_76' title="bbox 1889 2347 3464 2428">
     <span class='ocr_line' id='line_1_76' title="bbox 1889 2347 3464 2428; baseline -0.01 -15"><span class='ocrx_word' id='word_1_499' title='bbox 1889 2359 1957 2390; x_wconf 72' lang='lat'><strong>&quot;“</strong></span> <span class='ocrx_word' id='word_1_500' title='bbox 1989 2357 2280 2428; x_wconf 84' lang='lat' dir='ltr'><strong>Gregorius</strong></span> <span class='ocrx_word' id='word_1_501' title='bbox 2309 2356 2402 2420; x_wconf 73' lang='lat' dir='ltr'><strong>m,</strong></span> <span class='ocrx_word' id='word_1_502' title='bbox 2431 2369 2591 2423; x_wconf 92' lang='lat' dir='ltr'><strong>quem</strong></span> <span class='ocrx_word' id='word_1_503' title='bbox 2638 2352 2867 2408; x_wconf 81' lang='lat' dir='ltr'><strong>Romani</strong></span> <span class='ocrx_word' id='word_1_504' title='bbox 2908 2351 3146 2421; x_wconf 77' lang='lat' dir='ltr'><strong>expulsis</strong></span> <span class='ocrx_word' id='word_1_505' title='bbox 3189 2347 3464 2419; x_wconf 70' lang='lat' dir='ltr'><strong>prioribus</strong></span> 
     </span>
    </p>
   </div>
   <div class='ocr_carea' id='block_1_77' title="bbox 1889 2439 3460 2512">
    <p class='ocr_par' dir='ltr' id='par_1_77' title="bbox 1889 2439 3460 2512">
     <span class='ocr_line' id='line_1_77' title="bbox 1889 2439 3460 2512; baseline -0.01 -6"><span class='ocrx_word' id='word_1_506' title='bbox 1889 2458 2213 2512; x_wconf 82' lang='lat' dir='ltr'><strong>statuerant,</strong></span> <span class='ocrx_word' id='word_1_507' title='bbox 2240 2446 2524 2501; x_wconf 74' lang='lat' dir='ltr'><strong>I‘lacenti:c</strong></span> <span class='ocrx_word' id='word_1_508' title='bbox 2543 2445 2789 2507; x_wconf 79' lang='lat' dir='ltr'><strong>obvians,</strong></span> <span class='ocrx_word' id='word_1_509' title='bbox 2815 2442 3110 2497; x_wconf 80' lang='lat' dir='ltr'><strong>honorifice</strong></span> <span class='ocrx_word' id='word_1_510' title='bbox 3132 2439 3426 2509; x_wconf 83' lang='lat' dir='ltr'><strong>suscipitur</strong></span> <span class='ocrx_word' id='word_1_511' title='bbox 3447 2456 3460 2498; x_wconf 87' lang='lat'><strong>;</strong></span> 
     </span>
    </p>
   </div>
   <div class='ocr_carea' id='block_1_78' title="bbox 1889 2519 3460 2612">
    <p class='ocr_par' dir='ltr' id='par_1_78' title="bbox 1889 2519 3460 2612">
     <span class='ocr_line' id='line_1_78' title="bbox 1889 2519 3460 2612; baseline -0.01 -16"><span class='ocrx_word' id='word_1_512' title='bbox 1889 2543 1980 2612; x_wconf 87' lang='lat' dir='ltr'><strong>qui</strong></span> <span class='ocrx_word' id='word_1_513' title='bbox 2010 2552 2184 2595; x_wconf 84' lang='lat' dir='ltr'><strong>tamen</strong></span> <span class='ocrx_word' id='word_1_514' title='bbox 2218 2519 2562 2611; x_wconf 83' lang='lat' dir='ltr'><strong>postmodum</strong></span> <span class='ocrx_word' id='word_1_515' title='bbox 2600 2537 2739 2606; x_wconf 84' lang='lat' dir='ltr'><strong>apud</strong></span> <span class='ocrx_word' id='word_1_516' title='bbox 2772 2537 3008 2589; x_wconf 75' lang='lat' dir='ltr'><strong>Sutrium</strong></span> <span class='ocrx_word' id='word_1_517' title='bbox 3040 2534 3092 2587; x_wconf 87' lang='lat' dir='ltr'><strong>in</strong></span> <span class='ocrx_word' id='word_1_518' title='bbox 3125 2532 3331 2602; x_wconf 79' lang='lat' dir='ltr'><strong>synodo</strong></span> <span class='ocrx_word' id='word_1_519' title='bbox 3356 2547 3460 2582; x_wconf 88' lang='lat' dir='ltr'><strong>non</strong></span> 
     </span>
    </p>
   </div>
   <div class='ocr_carea' id='block_1_79' title="bbox 1892 2623 3464 2702">
    <p class='ocr_par' dir='ltr' id='par_1_79' title="bbox 1892 2623 3464 2702">
     <span class='ocr_line' id='line_1_79' title="bbox 1892 2623 3464 2702; baseline -0.012 -13"><span class='ocrx_word' id='word_1_520' title='bbox 1892 2636 1959 2665; x_wconf 54' lang='lat'><strong>&quot;‘9</strong></span> <span class='ocrx_word' id='word_1_521' title='bbox 1988 2635 2189 2688; x_wconf 84' lang='lat' dir='ltr'><strong>invitus</strong></span> <span class='ocrx_word' id='word_1_522' title='bbox 2228 2631 2497 2702; x_wconf 77' lang='lat' dir='ltr'><strong>pastorale</strong></span> <span class='ocrx_word' id='word_1_523' title='bbox 2527 2629 2760 2683; x_wconf 71' lang='lat' dir='ltr'><strong>(illirium</strong></span> <span class='ocrx_word' id='word_1_524' title='bbox 2798 2627 3048 2695; x_wconf 74' lang='lat' dir='ltr'><strong>deposuit</strong></span> <span class='ocrx_word' id='word_1_525' title='bbox 3077 2625 3165 2678; x_wconf 64' lang='lat'><strong>&#39;“’.</strong></span> <span class='ocrx_word' id='word_1_526' title='bbox 3215 2623 3318 2677; x_wconf 81' lang='lat' dir='ltr'><strong>I&#39;ro</strong></span> <span class='ocrx_word' id='word_1_527' title='bbox 3354 2639 3464 2691; x_wconf 79' lang='lat' dir='ltr'><strong>quo</strong></span> 
     </span>
    </p>
   </div>
   <div class='ocr_carea' id='block_1_80' title="bbox 1852 2716 3459 2795">
    <p class='ocr_par' dir='ltr' id='par_1_80' title="bbox 1852 2716 3459 2795">
     <span class='ocr_line' id='line_1_80' title="bbox 1852 2716 3459 2795; baseline -0.011 -17"><span class='ocrx_word' id='word_1_528' title='bbox 1852 2777 1854 2779; x_wconf 82' lang='grc'><strong>,</strong></span> <span class='ocrx_word' id='word_1_529' title='bbox 1891 2724 2218 2795; x_wconf 82' lang='lat' dir='ltr'><strong>Suidegerus</strong></span> <span class='ocrx_word' id='word_1_530' title='bbox 2263 2720 2725 2791; x_wconf 72' lang='lat' dir='ltr'><strong>Balienbcrgensis</strong></span> <span class='ocrx_word' id='word_1_531' title='bbox 2768 2718 3056 2787; x_wconf 75' lang='lat' dir='ltr'><strong>cpiscopus</strong></span> <span class='ocrx_word' id='word_1_532' title='bbox 3101 2716 3326 2768; x_wconf 88' lang='lat' dir='ltr'><strong>nimium</strong></span> <span class='ocrx_word' id='word_1_533' title='bbox 3377 2731 3459 2764; x_wconf 75' lang='lat' dir='ltr'><strong>re-</strong></span> 
     </span>
    </p>
   </div>
   <div class='ocr_carea' id='block_1_81' title="bbox 1888 2804 3464 2881">
    <p class='ocr_par' dir='ltr' id='par_1_81' title="bbox 1888 2804 3464 2881">
     <span class='ocr_line' id='line_1_81' title="bbox 1888 2804 3464 2881; baseline -0.012 -11"><span class='ocrx_word' id='word_1_534' title='bbox 1888 2817 2122 2881; x_wconf 81' lang='lat' dir='ltr'><strong>luetaus‘,</strong></span> <span class='ocrx_word' id='word_1_535' title='bbox 2150 2812 2394 2869; x_wconf 90' lang='lat' dir='ltr'><strong>omnium</strong></span> <span class='ocrx_word' id='word_1_536' title='bbox 2433 2826 2701 2867; x_wconf 86' lang='lat' dir='ltr'><strong>consensu</strong></span> <span class='ocrx_word' id='word_1_537' title='bbox 2730 2809 2964 2877; x_wconf 82' lang='lat' dir='ltr'><strong>eligitur.</strong></span> <span class='ocrx_word' id='word_1_538' title='bbox 3018 2805 3074 2860; x_wconf 90' lang='lat' dir='ltr'><strong>In</strong></span> <span class='ocrx_word' id='word_1_539' title='bbox 3121 2816 3361 2874; x_wconf 73' lang='lat' dir='ltr'><strong>tempore</strong></span> <span class='ocrx_word' id='word_1_540' title='bbox 3395 2804 3464 2833; x_wconf 75' lang='grc'><strong>’⁷⁸</strong></span> 
     </span>
    </p>
   </div>
   <div class='ocr_carea' id='block_1_82' title="bbox 1892 2901 3462 2975">
    <p class='ocr_par' dir='ltr' id='par_1_82' title="bbox 1892 2901 3462 2975">
     <span class='ocr_line' id='line_1_82' title="bbox 1892 2901 3462 2975; baseline -0.011 -14"><span class='ocrx_word' id='word_1_541' title='bbox 1892 2907 2054 2975; x_wconf 86' lang='lat' dir='ltr'><strong>hujus</strong></span> <span class='ocrx_word' id='word_1_542' title='bbox 2092 2905 2371 2974; x_wconf 90' lang='lat' dir='ltr'><strong>apostolici</strong></span> <span class='ocrx_word' id='word_1_543' title='bbox 2415 2901 2838 2958; x_wconf 82' lang='lat' dir='ltr'><strong>innumerabiles</strong></span> <span class='ocrx_word' id='word_1_544' title='bbox 2879 2907 3220 2953; x_wconf 75' lang='lat' dir='ltr'><strong>tcrrannotus</strong></span> <span class='ocrx_word' id='word_1_545' title='bbox 3249 2906 3302 2948; x_wconf 77' lang='lat' dir='ltr'><strong>et</strong></span> <span class='ocrx_word' id='word_1_546' title='bbox 3349 2913 3462 2947; x_wconf 82' lang='lat' dir='ltr'><strong>ma-</strong></span> 
     </span>
    </p>
   </div>
   <div class='ocr_carea' id='block_1_83' title="bbox 1891 2987 3464 3058">
    <p class='ocr_par' dir='ltr' id='par_1_83' title="bbox 1891 2987 3464 3058">
     <span class='ocr_line' id='line_1_83' title="bbox 1891 2987 3464 3058; baseline -0.009 -6"><span class='ocrx_word' id='word_1_547' title='bbox 1891 2998 2020 3052; x_wconf 74' lang='lat' dir='ltr'><strong>xinti</strong></span> <span class='ocrx_word' id='word_1_548' title='bbox 2055 2997 2106 3050; x_wconf 88' lang='lat' dir='ltr'><strong>in</strong></span> <span class='ocrx_word' id='word_1_549' title='bbox 2139 2995 2286 3050; x_wconf 86' lang='lat' dir='ltr'><strong>Italia</strong></span> <span class='ocrx_word' id='word_1_550' title='bbox 2327 2994 2458 3058; x_wconf 71' lang='lat' dir='ltr'><strong>facti</strong></span> <span class='ocrx_word' id='word_1_551' title='bbox 2487 3002 2633 3058; x_wconf 89' lang='lat' dir='ltr'><strong>sunt,</strong></span> <span class='ocrx_word' id='word_1_552' title='bbox 2666 3003 2719 3046; x_wconf 85' lang='lat' dir='ltr'><strong>ct</strong></span> <span class='ocrx_word' id='word_1_553' title='bbox 2749 2993 2850 3045; x_wconf 87' lang='lat' dir='ltr'><strong>hoc</strong></span> <span class='ocrx_word' id='word_1_554' title='bbox 2888 2991 3116 3043; x_wconf 78' lang='lat' dir='ltr'><strong>fortasse</strong></span> <span class='ocrx_word' id='word_1_555' title='bbox 3160 2987 3298 3051; x_wconf 78' lang='lat' dir='ltr'><strong>ideo,</strong></span> <span class='ocrx_word' id='word_1_556' title='bbox 3339 2987 3464 3057; x_wconf 83' lang='lat' dir='ltr'><strong>quia</strong></span> 
     </span>
    </p>
   </div>
   <div class='ocr_carea' id='block_1_84' title="bbox 1892 3083 3458 3157">
    <p class='ocr_par' dir='ltr' id='par_1_84' title="bbox 1892 3083 3458 3157">
     <span class='ocr_line' id='line_1_84' title="bbox 1892 3083 3458 3157; baseline -0.009 -14"><span class='ocrx_word' id='word_1_557' title='bbox 1892 3089 2030 3143; x_wconf 88' lang='lat' dir='ltr'><strong>idem</strong></span> <span class='ocrx_word' id='word_1_558' title='bbox 2065 3087 2398 3157; x_wconf 83' lang='lat' dir='ltr'><strong>apostolicus</strong></span> <span class='ocrx_word' id='word_1_559' title='bbox 2430 3101 2538 3139; x_wconf 89' lang='lat' dir='ltr'><strong>non</strong></span> <span class='ocrx_word' id='word_1_560' title='bbox 2563 3084 2824 3139; x_wconf 87' lang='lat' dir='ltr'><strong>canonice</strong></span> <span class='ocrx_word' id='word_1_561' title='bbox 2855 3083 3180 3149; x_wconf 81' lang='lat' dir='ltr'><strong>subrogatus</strong></span> <span class='ocrx_word' id='word_1_562' title='bbox 3204 3087 3284 3130; x_wconf 81' lang='lat' dir='ltr'><strong>est</strong></span> <span class='ocrx_word' id='word_1_563' title='bbox 3308 3086 3458 3130; x_wconf 69' lang='lat' dir='ltr'><strong>attic-</strong></span> 
     </span>
    </p>
   </div>
   <div class='ocr_carea' id='block_1_85' title="bbox 1891 3171 3463 3243">
    <p class='ocr_par' dir='ltr' id='par_1_85' title="bbox 1891 3171 3463 3243">
     <span class='ocr_line' id='line_1_85' title="bbox 1891 3171 3463 3243; baseline -0.008 -9"><span class='ocrx_word' id='word_1_564' title='bbox 1891 3178 2094 3234; x_wconf 86' lang='lat' dir='ltr'><strong>cessori</strong></span> <span class='ocrx_word' id='word_1_565' title='bbox 2121 3194 2242 3243; x_wconf 90' lang='lat' dir='ltr'><strong>suo,</strong></span> <span class='ocrx_word' id='word_1_566' title='bbox 2277 3193 2385 3231; x_wconf 89' lang='lat' dir='ltr'><strong>non</strong></span> <span class='ocrx_word' id='word_1_567' title='bbox 2414 3176 2675 3231; x_wconf 88' lang='lat' dir='ltr'><strong>canonice</strong></span> <span class='ocrx_word' id='word_1_568' title='bbox 2703 3175 2952 3242; x_wconf 84' lang='lat' dir='ltr'><strong>deposito</strong></span> <span class='ocrx_word' id='word_1_569' title='bbox 2979 3190 2992 3236; x_wconf 87' lang='lat'><strong>;</strong></span> <span class='ocrx_word' id='word_1_570' title='bbox 3018 3171 3262 3224; x_wconf 72' lang='lat' dir='ltr'><strong>\‘itchit&#39;ul</strong></span> <span class='ocrx_word' id='word_1_571' title='bbox 3302 3185 3463 3237; x_wconf 73' lang='lat' dir='ltr'><strong>quem</strong></span> 
     </span>
    </p>
   </div>
   <div class='ocr_carea' id='block_1_86' title="bbox 1889 3260 3465 3337">
    <p class='ocr_par' dir='ltr' id='par_1_86' title="bbox 1889 3260 3465 3337">
     <span class='ocr_line' id='line_1_86' title="bbox 1889 3260 3465 3337; baseline -0.01 -15"><span class='ocrx_word' id='word_1_572' title='bbox 1889 3269 2033 3323; x_wconf 90' lang='lat' dir='ltr'><strong>nulla</strong></span> <span class='ocrx_word' id='word_1_573' title='bbox 2057 3267 2213 3337; x_wconf 90' lang='lat' dir='ltr'><strong>culpa</strong></span> <span class='ocrx_word' id='word_1_574' title='bbox 2237 3267 2508 3336; x_wconf 88' lang='lat' dir='ltr'><strong>deposuit,</strong></span> <span class='ocrx_word' id='word_1_575' title='bbox 2534 3274 2614 3320; x_wconf 91' lang='lat' dir='ltr'><strong>set</strong></span> <span class='ocrx_word' id='word_1_576' title='bbox 2641 3265 2864 3334; x_wconf 85' lang='lat' dir='ltr'><strong>simplex</strong></span> <span class='ocrx_word' id='word_1_577' title='bbox 2901 3263 3177 3315; x_wconf 79' lang='lat' dir='ltr'><strong>quuilitas</strong></span> <span class='ocrx_word' id='word_1_578' title='bbox 3200 3260 3267 3312; x_wconf 87' lang='lat' dir='ltr'><strong>ab</strong></span> <span class='ocrx_word' id='word_1_579' title='bbox 3288 3261 3465 3312; x_wconf 69' lang='lat' dir='ltr'><strong>ollic-io</strong></span> 
     </span>
    </p>
   </div>
   <div class='ocr_carea' id='block_1_87' title="bbox 1887 3338 3463 3427">
    <p class='ocr_par' dir='ltr' id='par_1_87' title="bbox 1887 3338 3463 3427">
     <span class='ocr_line' id='line_1_87' title="bbox 1887 3338 3463 3427; baseline -0.009 -12"><span class='ocrx_word' id='word_1_580' title='bbox 1887 3374 2100 3415; x_wconf 83' lang='lat' dir='ltr'><strong>cessare</strong></span> <span class='ocrx_word' id='word_1_581' title='bbox 2123 3338 2394 3427; x_wconf 77' lang='lat' dir='ltr'><strong>persuasit</strong></span> <span class='ocrx_word' id='word_1_582' title='bbox 2416 3357 2505 3410; x_wconf 81' lang='grc'><strong>²⁷⁰.</strong></span> <span class='ocrx_word' id='word_1_583' title='bbox 2535 3355 2880 3411; x_wconf 77' lang='lat' dir='ltr'><strong>Eberhardus</strong></span> <span class='ocrx_word' id='word_1_584' title='bbox 2899 3345 3335 3408; x_wconf 77' lang='lat' dir='ltr'><strong>Constantieusis</strong></span> <span class='ocrx_word' id='word_1_585' title='bbox 3353 3354 3463 3420; x_wconf 82' lang='lat' dir='ltr'><strong>epi-</strong></span> 
     </span>
    </p>
   </div>
   <div class='ocr_carea' id='block_1_88' title="bbox 1887 3440 3399 3519">
    <p class='ocr_par' dir='ltr' id='par_1_88' title="bbox 1887 3440 3399 3519">
     <span class='ocr_line' id='line_1_88' title="bbox 1887 3440 3399 3519; baseline -0.007 -12"><span class='ocrx_word' id='word_1_586' title='bbox 1887 3464 2087 3519; x_wconf 85' lang='lat' dir='ltr'><strong>scopus</strong></span> <span class='ocrx_word' id='word_1_587' title='bbox 2113 3449 2296 3504; x_wconf 63' lang='lat' dir='ltr'><strong>Romae</strong></span> <span class='ocrx_word' id='word_1_588' title='bbox 2317 3447 2474 3513; x_wconf 84' lang='lat' dir='ltr'><strong>obiit,</strong></span> <span class='ocrx_word' id='word_1_589' title='bbox 2506 3463 2602 3516; x_wconf 90' lang='lat' dir='ltr'><strong>pro</strong></span> <span class='ocrx_word' id='word_1_590' title='bbox 2627 3463 2737 3516; x_wconf 92' lang='lat' dir='ltr'><strong>quo</strong></span> <span class='ocrx_word' id='word_1_591' title='bbox 2766 3445 3151 3499; x_wconf 87' lang='lat' dir='ltr'><strong>Theodericus.</strong></span> <span class='ocrx_word' id='word_1_592' title='bbox 3397 3440 3399 3443; x_wconf 75' lang='grc'><em>’</em></span> 
     </span>
    </p>
   </div>
   <div class='ocr_carea' id='block_1_89' title="bbox 1959 3533 3452 3608">
    <p class='ocr_par' dir='ltr' id='par_1_89' title="bbox 1959 3533 3452 3608">
     <span class='ocr_line' id='line_1_89' title="bbox 1959 3533 3452 3608; baseline -0.007 -15"><span class='ocrx_word' id='word_1_593' title='bbox 1959 3539 2113 3594; x_wconf 66' lang='grc'><strong>1047.</strong></span> <span class='ocrx_word' id='word_1_594' title='bbox 2155 3537 2212 3592; x_wconf 92' lang='lat' dir='ltr'><strong>In</strong></span> <span class='ocrx_word' id='word_1_595' title='bbox 2242 3539 2358 3608; x_wconf 85' lang='lat' dir='ltr'><strong>ipso</strong></span> <span class='ocrx_word' id='word_1_596' title='bbox 2388 3538 2585 3592; x_wconf 86' lang='lat' dir='ltr'><strong>natalis</strong></span> <span class='ocrx_word' id='word_1_597' title='bbox 2612 3536 2823 3588; x_wconf 82' lang='lat' dir='ltr'><strong>Domini</strong></span> <span class='ocrx_word' id='word_1_598' title='bbox 2851 3535 2936 3588; x_wconf 84' lang='lat' dir='ltr'><strong>die.</strong></span> <span class='ocrx_word' id='word_1_599' title='bbox 2963 3533 3291 3603; x_wconf 81' lang='lat' dir='ltr'><strong>Suidegerus</strong></span> <span class='ocrx_word' id='word_1_600' title='bbox 3316 3546 3452 3600; x_wconf 87' lang='lat' dir='ltr'><strong>papa</strong></span> 
     </span>
    </p>
   </div>
   <div class='ocr_carea' id='block_1_90' title="bbox 1889 3623 3464 3705">
    <p class='ocr_par' dir='ltr' id='par_1_90' title="bbox 1889 3623 3464 3705">
     <span class='ocr_line' id='line_1_90' title="bbox 1889 3623 3464 3705; baseline -0.007 -21"><span class='ocrx_word' id='word_1_601' title='bbox 1889 3629 2048 3684; x_wconf 68' lang='lat'><strong>15&#39;2&quot;</strong></span> <span class='ocrx_word' id='word_1_602' title='bbox 2074 3630 2140 3660; x_wconf 80' lang='lat'><strong>’“</strong></span> <span class='ocrx_word' id='word_1_603' title='bbox 2167 3643 2235 3683; x_wconf 84' lang='lat' dir='ltr'><strong>ex</strong></span> <span class='ocrx_word' id='word_1_604' title='bbox 2267 3642 2418 3681; x_wconf 89' lang='lat' dir='ltr'><strong>more</strong></span> <span class='ocrx_word' id='word_1_605' title='bbox 2463 3637 2843 3690; x_wconf 85' lang='lat' dir='ltr'><strong>consecratus,</strong></span> <span class='ocrx_word' id='word_1_606' title='bbox 2891 3626 3142 3680; x_wconf 72' lang='lat' dir='ltr'><strong>illeiuens</strong></span> <span class='ocrx_word' id='word_1_607' title='bbox 3181 3623 3223 3677; x_wconf 93' lang='lat' dir='ltr'><strong>ll</strong></span> <span class='ocrx_word' id='word_1_608' title='bbox 3249 3633 3330 3676; x_wconf 82' lang='lat' dir='ltr'><strong>est</strong></span> <span class='ocrx_word' id='word_1_609' title='bbox 3371 3639 3464 3705; x_wconf 68' lang='lat' dir='ltr'><strong>vo-</strong></span> 
     </span>
    </p>
   </div>
   <div class='ocr_carea' id='block_1_91' title="bbox 1888 3714 3466 3786">
    <p class='ocr_par' dir='ltr' id='par_1_91' title="bbox 1888 3714 3466 3786">
     <span class='ocr_line' id='line_1_91' title="bbox 1888 3714 3466 3786; baseline -0.004 -12"><span class='ocrx_word' id='word_1_610' title='bbox 1888 3728 2083 3786; x_wconf 86' lang='lat' dir='ltr'><strong>catus;</strong></span> <span class='ocrx_word' id='word_1_611' title='bbox 2119 3717 2258 3773; x_wconf 88' lang='lat' dir='ltr'><strong>sedit</strong></span> <span class='ocrx_word' id='word_1_612' title='bbox 2299 3718 2580 3772; x_wconf 88' lang='lat' dir='ltr'><strong>nteusibus</strong></span> <span class='ocrx_word' id='word_1_613' title='bbox 2618 3733 2830 3770; x_wconf 88' lang='lat' dir='ltr'><strong>novem.</strong></span> <span class='ocrx_word' id='word_1_614' title='bbox 2885 3716 2986 3782; x_wconf 87' lang='lat' dir='ltr'><strong>Qui</strong></span> <span class='ocrx_word' id='word_1_615' title='bbox 3043 3733 3166 3770; x_wconf 88' lang='lat' dir='ltr'><strong>mox</strong></span> <span class='ocrx_word' id='word_1_616' title='bbox 3220 3716 3334 3785; x_wconf 75' lang='lat' dir='ltr'><strong>ipsa</strong></span> <span class='ocrx_word' id='word_1_617' title='bbox 3378 3714 3466 3768; x_wconf 84' lang='lat' dir='ltr'><strong>die</strong></span> 
     </span>
    </p>
   </div>
   <div class='ocr_carea' id='block_1_92' title="bbox 1889 3803 3461 3879">
    <p class='ocr_par' dir='ltr' id='par_1_92' title="bbox 1889 3803 3461 3879">
     <span class='ocr_line' id='line_1_92' title="bbox 1889 3803 3461 3879; baseline -0.006 -14"><span class='ocrx_word' id='word_1_618' title='bbox 1889 3809 2200 3865; x_wconf 85' lang='lat' dir='ltr'><strong>Ileiurieum</strong></span> <span class='ocrx_word' id='word_1_619' title='bbox 2223 3824 2400 3879; x_wconf 89' lang='lat' dir='ltr'><strong>regem</strong></span> <span class='ocrx_word' id='word_1_620' title='bbox 2424 3823 2548 3863; x_wconf 91' lang='lat' dir='ltr'><strong>cum</strong></span> <span class='ocrx_word' id='word_1_621' title='bbox 2586 3806 2812 3877; x_wconf 80' lang='lat' dir='ltr'><strong>conjuge</strong></span> <span class='ocrx_word' id='word_1_622' title='bbox 2835 3823 2930 3860; x_wconf 87' lang='lat' dir='ltr'><strong>sua</strong></span> <span class='ocrx_word' id='word_1_623' title='bbox 2963 3807 3165 3876; x_wconf 85' lang='lat' dir='ltr'><strong>Aguete</strong></span> <span class='ocrx_word' id='word_1_624' title='bbox 3197 3803 3461 3874; x_wconf 79' lang='lat' dir='ltr'><strong>imperiali</strong></span> 
     </span>
    </p>
   </div>
   <div class='ocr_carea' id='block_1_93' title="bbox 1888 3895 3464 3958">
    <p class='ocr_par' dir='ltr' id='par_1_93' title="bbox 1888 3895 3464 3958">
     <span class='ocr_line' id='line_1_93' title="bbox 1888 3895 3464 3958; baseline -0.006 0"><span class='ocrx_word' id='word_1_625' title='bbox 1888 3901 2264 3958; x_wconf 82' lang='lat' dir='ltr'><strong>benedictione</strong></span> <span class='ocrx_word' id='word_1_626' title='bbox 2295 3899 2624 3955; x_wconf 85' lang='lat' dir='ltr'><strong>sublimavit.</strong></span> <span class='ocrx_word' id='word_1_627' title='bbox 2665 3897 2963 3951; x_wconf 87' lang='lat' dir='ltr'><strong>Ilunfridus</strong></span> <span class='ocrx_word' id='word_1_628' title='bbox 3003 3896 3271 3948; x_wconf 76' lang='lat' dir='ltr'><strong>Ravenna:</strong></span> <span class='ocrx_word' id='word_1_629' title='bbox 3300 3895 3464 3949; x_wconf 86' lang='lat' dir='ltr'><strong>cilici-</strong></span> 
     </span>
    </p>
   </div>
   <div class='ocr_carea' id='block_1_94' title="bbox 1887 3986 3460 4061">
    <p class='ocr_par' dir='ltr' id='par_1_94' title="bbox 1887 3986 3460 4061">
     <span class='ocr_line' id='line_1_94' title="bbox 1887 3986 3460 4061; baseline -0.005 -15"><span class='ocrx_word' id='word_1_630' title='bbox 1887 4001 1977 4046; x_wconf 91' lang='lat' dir='ltr'><strong>tur</strong></span> <span class='ocrx_word' id='word_1_631' title='bbox 2000 3991 2474 4061; x_wconf 87' lang='lat' dir='ltr'><strong>archiepiscopus;</strong></span> <span class='ocrx_word' id='word_1_632' title='bbox 2501 3987 2861 4044; x_wconf 86' lang='lat' dir='ltr'><strong>Beneventani</strong></span> <span class='ocrx_word' id='word_1_633' title='bbox 2895 3988 3060 4049; x_wconf 86' lang='lat' dir='ltr'><strong>cives,</strong></span> <span class='ocrx_word' id='word_1_634' title='bbox 3095 4002 3311 4041; x_wconf 79' lang='lat' dir='ltr'><strong>socrum</strong></span> <span class='ocrx_word' id='word_1_635' title='bbox 3356 3986 3460 4040; x_wconf 89' lang='lat' dir='ltr'><strong>im-</strong></span> 
     </span>
    </p>
   </div>
   <div class='ocr_carea' id='block_1_95' title="bbox 1888 4077 3460 4152">
    <p class='ocr_par' dir='ltr' id='par_1_95' title="bbox 1888 4077 3460 4152">
     <span class='ocr_line' id='line_1_95' title="bbox 1888 4077 3460 4152; baseline -0.004 -18"><span class='ocrx_word' id='word_1_636' title='bbox 1888 4077 2154 4152; x_wconf 81' lang='lat' dir='ltr'><strong>peratoris</strong></span> <span class='ocrx_word' id='word_1_637' title='bbox 2173 4080 2240 4135; x_wconf 87' lang='lat' dir='ltr'><strong>de</strong></span> <span class='ocrx_word' id='word_1_638' title='bbox 2269 4089 2454 4134; x_wconf 88' lang='lat' dir='ltr'><strong>monte</strong></span> <span class='ocrx_word' id='word_1_639' title='bbox 2478 4078 2728 4148; x_wconf 84' lang='lat' dir='ltr'><strong>Gargano</strong></span> <span class='ocrx_word' id='word_1_640' title='bbox 2753 4093 3022 4131; x_wconf 84' lang='lat' dir='ltr'><strong>reversam</strong></span> <span class='ocrx_word' id='word_1_641' title='bbox 3060 4079 3196 4131; x_wconf 74' lang='lat' dir='ltr'><strong>male</strong></span> <span class='ocrx_word' id='word_1_642' title='bbox 3223 4087 3460 4131; x_wconf 78' lang='lat' dir='ltr'><strong>tractant-</strong></span> 
     </span>
    </p>
   </div>
   <div class='ocr_carea' id='block_1_96' title="bbox 1889 4165 3458 4241">
    <p class='ocr_par' dir='ltr' id='par_1_96' title="bbox 1889 4165 3458 4241">
     <span class='ocr_line' id='line_1_96' title="bbox 1889 4165 3458 4241; baseline -0.005 -15"><span class='ocrx_word' id='word_1_643' title='bbox 1889 4180 1990 4238; x_wconf 90' lang='lat' dir='ltr'><strong>tes,</strong></span> <span class='ocrx_word' id='word_1_644' title='bbox 2027 4171 2339 4241; x_wconf 89' lang='lat' dir='ltr'><strong>imperatori</strong></span> <span class='ocrx_word' id='word_1_645' title='bbox 2391 4171 2670 4226; x_wconf 85' lang='lat' dir='ltr'><strong>rebellant.</strong></span> <span class='ocrx_word' id='word_1_646' title='bbox 2729 4168 3026 4240; x_wconf 86' lang='lat' dir='ltr'><strong>Imperator</strong></span> <span class='ocrx_word' id='word_1_647' title='bbox 3071 4183 3269 4237; x_wconf 82' lang='lat' dir='ltr'><strong>corpus</strong></span> <span class='ocrx_word' id='word_1_648' title='bbox 3318 4165 3458 4219; x_wconf 73' lang='lat' dir='ltr'><strong>IK‘aIi</strong></span> 
     </span>
    </p>
   </div>
   <div class='ocr_carea' id='block_1_97' title="bbox 1889 4256 3461 4334">
    <p class='ocr_par' dir='ltr' id='par_1_97' title="bbox 1889 4256 3461 4334">
     <span class='ocr_line' id='line_1_97' title="bbox 1889 4256 3461 4334; baseline -0.004 -18"><span class='ocrx_word' id='word_1_649' title='bbox 1889 4261 2161 4330; x_wconf 79' lang='lat' dir='ltr'><strong>Widonis,</strong></span> <span class='ocrx_word' id='word_1_650' title='bbox 2191 4261 2495 4334; x_wconf 78' lang='lat' dir='ltr'><strong>Pomposia:</strong></span> <span class='ocrx_word' id='word_1_651' title='bbox 2530 4261 2762 4326; x_wconf 87' lang='lat' dir='ltr'><strong>abbatis,</strong></span> <span class='ocrx_word' id='word_1_652' title='bbox 2802 4261 2868 4315; x_wconf 90' lang='lat' dir='ltr'><strong>de</strong></span> <span class='ocrx_word' id='word_1_653' title='bbox 2903 4257 3196 4313; x_wconf 66' lang='lat' dir='ltr'><strong>I’arrnaeusi</strong></span> <span class='ocrx_word' id='word_1_654' title='bbox 3244 4256 3461 4310; x_wconf 82' lang='lat' dir='ltr'><strong>civitate</strong></span> 
     </span>
    </p>
   </div>
   <div class='ocr_carea' id='block_1_98' title="bbox 1892 4348 3456 4426">
    <p class='ocr_par' dir='ltr' id='par_1_98' title="bbox 1892 4348 3456 4426">
     <span class='ocr_line' id='line_1_98' title="bbox 1892 4348 3456 4426; baseline -0.007 -16"><span class='ocrx_word' id='word_1_655' title='bbox 1892 4355 2106 4426; x_wconf 88' lang='lat' dir='ltr'><strong>Spiram</strong></span> <span class='ocrx_word' id='word_1_656' title='bbox 2136 4370 2318 4410; x_wconf 90' lang='lat' dir='ltr'><strong>secum</strong></span> <span class='ocrx_word' id='word_1_657' title='bbox 2347 4353 2639 4409; x_wconf 90' lang='lat' dir='ltr'><strong>transtulit.</strong></span> <span class='ocrx_word' id='word_1_658' title='bbox 2680 4351 2862 4420; x_wconf 79' lang='lat' dir='ltr'><strong>Poppo</strong></span> <span class='ocrx_word' id='word_1_659' title='bbox 2892 4348 3248 4401; x_wconf 85' lang='lat' dir='ltr'><strong>Treverorum</strong></span> <span class='ocrx_word' id='word_1_660' title='bbox 3272 4348 3456 4400; x_wconf 60' lang='lat' dir='ltr'><strong>‘arehi-</strong></span> 
     </span>
    </p>
   </div>
   <div class='ocr_carea' id='block_1_99' title="bbox 1889 4436 3461 4518">
    <p class='ocr_par' dir='ltr' id='par_1_99' title="bbox 1889 4436 3461 4518">
     <span class='ocr_line' id='line_1_99' title="bbox 1889 4436 3461 4518; baseline -0.009 -16"><span class='ocrx_word' id='word_1_661' title='bbox 1889 4449 2178 4518; x_wconf 82' lang='lat' dir='ltr'><strong>episcopus</strong></span> <span class='ocrx_word' id='word_1_662' title='bbox 2219 4445 2377 4510; x_wconf 90' lang='lat' dir='ltr'><strong>obiit,</strong></span> <span class='ocrx_word' id='word_1_663' title='bbox 2420 4458 2519 4514; x_wconf 90' lang='lat' dir='ltr'><strong>pro</strong></span> <span class='ocrx_word' id='word_1_664' title='bbox 2559 4455 2670 4510; x_wconf 90' lang='lat' dir='ltr'><strong>quo</strong></span> <span class='ocrx_word' id='word_1_665' title='bbox 2717 4438 3114 4494; x_wconf 88' lang='lat' dir='ltr'><strong>IIebcrhardus.</strong></span> <span class='ocrx_word' id='word_1_666' title='bbox 3149 4436 3461 4490; x_wconf 80' lang='lat' dir='ltr'><strong>Gotefridus</strong></span> 
     </span>
    </p>
   </div>
   <div class='ocr_carea' id='block_1_100' title="bbox 1889 4529 3454 4600">
    <p class='ocr_par' dir='ltr' id='par_1_100' title="bbox 1889 4529 3454 4600">
     <span class='ocr_line' id='line_1_100' title="bbox 1889 4529 3454 4600; baseline -0.009 -7"><span class='ocrx_word' id='word_1_667' title='bbox 1889 4537 1998 4593; x_wconf 82' lang='lat' dir='ltr'><strong>dux</strong></span> <span class='ocrx_word' id='word_1_668' title='bbox 2023 4544 2078 4590; x_wconf 89' lang='lat' dir='ltr'><strong>et</strong></span> <span class='ocrx_word' id='word_1_669' title='bbox 2105 4533 2455 4588; x_wconf 85' lang='lat' dir='ltr'><strong>Balduwinus</strong></span> <span class='ocrx_word' id='word_1_670' title='bbox 2477 4531 2544 4586; x_wconf 88' lang='lat' dir='ltr'><strong>de</strong></span> <span class='ocrx_word' id='word_1_671' title='bbox 2565 4529 2816 4585; x_wconf 84' lang='lat' dir='ltr'><strong>Flandris</strong></span> <span class='ocrx_word' id='word_1_672' title='bbox 2841 4529 3151 4600; x_wconf 89' lang='lat' dir='ltr'><strong>imperatori</strong></span> <span class='ocrx_word' id='word_1_673' title='bbox 3177 4529 3454 4582; x_wconf 83' lang='lat' dir='ltr'><strong>rebellant.</strong></span> 
     </span>
    </p>
   </div>
   <div class='ocr_carea' id='block_1_101' title="bbox 1888 4607 3458 4690">
    <p class='ocr_par' dir='ltr' id='par_1_101' title="bbox 1888 4607 3458 4690">
     <span class='ocr_line' id='line_1_101' title="bbox 1888 4607 3458 4690; baseline -0.008 -9"><span class='ocrx_word' id='word_1_674' title='bbox 1888 4625 2021 4681; x_wconf 89' lang='lat' dir='ltr'><strong>Item</strong></span> <span class='ocrx_word' id='word_1_675' title='bbox 2068 4621 2438 4679; x_wconf 84' lang='lat' dir='ltr'><strong>Theodericus</strong></span> <span class='ocrx_word' id='word_1_676' title='bbox 2479 4621 2544 4676; x_wconf 88' lang='lat' dir='ltr'><strong>de</strong></span> <span class='ocrx_word' id='word_1_677' title='bbox 2577 4607 2944 4690; x_wconf 66' lang='lat' dir='ltr'><strong>I‘hladirtinga</strong></span> <span class='ocrx_word' id='word_1_678' title='bbox 2981 4622 3048 4650; x_wconf 81' lang='lat'><strong>&quot;‘</strong></span> <span class='ocrx_word' id='word_1_679' title='bbox 3083 4620 3327 4673; x_wconf 89' lang='lat' dir='ltr'><strong>tnarchio</strong></span> <span class='ocrx_word' id='word_1_680' title='bbox 3377 4634 3458 4670; x_wconf 84' lang='lat' dir='ltr'><strong>re—</strong></span> 
     </span>
    </p>
   </div>
   <div class='ocr_carea' id='block_1_102' title="bbox 1888 4706 3454 4785">
    <p class='ocr_par' dir='ltr' id='par_1_102' title="bbox 1888 4706 3454 4785">
     <span class='ocr_line' id='line_1_102' title="bbox 1888 4706 3454 4785; baseline -0.01 -13"><span class='ocrx_word' id='word_1_681' title='bbox 1888 4716 2053 4772; x_wconf 87' lang='lat' dir='ltr'><strong>bellat</strong></span> <span class='ocrx_word' id='word_1_682' title='bbox 2077 4715 2420 4785; x_wconf 90' lang='lat' dir='ltr'><strong>imperatori;</strong></span> <span class='ocrx_word' id='word_1_683' title='bbox 2449 4722 2637 4770; x_wconf 88' lang='lat' dir='ltr'><strong>contra</strong></span> <span class='ocrx_word' id='word_1_684' title='bbox 2660 4727 2823 4783; x_wconf 83' lang='lat' dir='ltr'><strong>quem</strong></span> <span class='ocrx_word' id='word_1_685' title='bbox 2852 4712 3142 4778; x_wconf 85' lang='lat' dir='ltr'><strong>imperator</strong></span> <span class='ocrx_word' id='word_1_686' title='bbox 3161 4706 3454 4761; x_wconf 80' lang='lat' dir='ltr'><strong>exercitum</strong></span> 
     </span>
    </p>
   </div>
   <div class='ocr_carea' id='block_1_103' title="bbox 1889 4796 3459 4877">
    <p class='ocr_par' dir='ltr' id='par_1_103' title="bbox 1889 4796 3459 4877">
     <span class='ocr_line' id='line_1_103' title="bbox 1889 4796 3459 4877; baseline -0.008 -15"><span class='ocrx_word' id='word_1_687' title='bbox 1889 4822 2134 4870; x_wconf 87' lang='lat' dir='ltr'><strong>movens,</strong></span> <span class='ocrx_word' id='word_1_688' title='bbox 2161 4822 2350 4877; x_wconf 90' lang='lat' dir='ltr'><strong>parum</strong></span> <span class='ocrx_word' id='word_1_689' title='bbox 2383 4804 2626 4877; x_wconf 88' lang='lat' dir='ltr'><strong>profecit.</strong></span> <span class='ocrx_word' id='word_1_690' title='bbox 2651 4803 2918 4860; x_wconf 80' lang='lat' dir='ltr'><strong>Clemens,</strong></span> <span class='ocrx_word' id='word_1_691' title='bbox 2939 4798 3030 4867; x_wconf 90' lang='lat' dir='ltr'><strong>qui</strong></span> <span class='ocrx_word' id='word_1_692' title='bbox 3055 4808 3107 4850; x_wconf 93' lang='lat' dir='ltr'><strong>et</strong></span> <span class='ocrx_word' id='word_1_693' title='bbox 3130 4796 3459 4866; x_wconf 84' lang='lat' dir='ltr'><strong>Suidegerus</strong></span> 
     </span>
    </p>
   </div>
   <div class='ocr_carea' id='block_1_104' title="bbox 1890 4887 3456 4968">
    <p class='ocr_par' dir='ltr' id='par_1_104' title="bbox 1890 4887 3456 4968">
     <span class='ocr_line' id='line_1_104' title="bbox 1890 4887 3456 4968; baseline -0.008 -16"><span class='ocrx_word' id='word_1_694' title='bbox 1890 4913 2050 4968; x_wconf 89' lang='lat' dir='ltr'><strong>papa,</strong></span> <span class='ocrx_word' id='word_1_695' title='bbox 2083 4898 2112 4951; x_wconf 78' lang='lat'><strong>7</strong></span> <span class='ocrx_word' id='word_1_696' title='bbox 2144 4898 2212 4929; x_wconf 82' lang='lat'>&#39;&quot;</span> <span class='ocrx_word' id='word_1_697' title='bbox 2254 4897 2380 4950; x_wconf 85' lang='lat' dir='ltr'><strong>ldus</strong></span> <span class='ocrx_word' id='word_1_698' title='bbox 2409 4896 2477 4925; x_wconf 80' lang='lat'>&#39;&quot;</span> <span class='ocrx_word' id='word_1_699' title='bbox 2500 4892 2717 4947; x_wconf 87' lang='lat' dir='ltr'><strong>Octobr.</strong></span> <span class='ocrx_word' id='word_1_700' title='bbox 2742 4889 2813 4920; x_wconf 75' lang='grc'><strong>³⁷³</strong></span> <span class='ocrx_word' id='word_1_701' title='bbox 2833 4889 2985 4942; x_wconf 92' lang='lat' dir='ltr'><strong>obiit.</strong></span> <span class='ocrx_word' id='word_1_702' title='bbox 3018 4887 3326 4941; x_wconf 71' lang='lat' dir='ltr'><strong>Gotel&#39;ridus</strong></span> <span class='ocrx_word' id='word_1_703' title='bbox 3349 4889 3456 4940; x_wconf 81' lang='lat' dir='ltr'><strong>dux</strong></span> 
     </span>
    </p>
   </div>
   <div class='ocr_carea' id='block_1_105' title="bbox 1891 4977 3456 5057">
    <p class='ocr_par' dir='ltr' id='par_1_105' title="bbox 1891 4977 3456 5057">
     <span class='ocr_line' id='line_1_105' title="bbox 1891 4977 3456 5057; baseline -0.008 -14"><span class='ocrx_word' id='word_1_704' title='bbox 1891 4990 2030 5044; x_wconf 88' lang='lat' dir='ltr'><strong>inter</strong></span> <span class='ocrx_word' id='word_1_705' title='bbox 2049 4989 2152 5045; x_wconf 92' lang='lat' dir='ltr'><strong>alia</strong></span> <span class='ocrx_word' id='word_1_706' title='bbox 2187 5002 2308 5057; x_wconf 67' lang='lat' dir='ltr'><strong>quae</strong></span> <span class='ocrx_word' id='word_1_707' title='bbox 2335 4992 2523 5040; x_wconf 90' lang='lat' dir='ltr'><strong>contra</strong></span> <span class='ocrx_word' id='word_1_708' title='bbox 2549 4996 2728 5053; x_wconf 83' lang='lat' dir='ltr'><strong>regem</strong></span> <span class='ocrx_word' id='word_1_709' title='bbox 2763 4979 2909 5046; x_wconf 89' lang='lat' dir='ltr'><strong>fecit,</strong></span> <span class='ocrx_word' id='word_1_710' title='bbox 2940 4977 3354 5034; x_wconf 73' lang='lat' dir='ltr'><strong>Viridonensem</strong></span> <span class='ocrx_word' id='word_1_711' title='bbox 3376 4978 3456 5032; x_wconf 89' lang='lat' dir='ltr'><strong>ei-</strong></span> 
     </span>
    </p>
   </div>
   <div class='ocr_carea' id='block_1_106' title="bbox 1891 5069 3458 5156">
    <p class='ocr_par' dir='ltr' id='par_1_106' title="bbox 1891 5069 3458 5156">
     <span class='ocr_line' id='line_1_106' title="bbox 1891 5069 3458 5156; baseline -0.008 -22"><span class='ocrx_word' id='word_1_712' title='bbox 1891 5081 2113 5156; x_wconf 68' lang='lat' dir='ltr'><strong>vitatem</strong></span> <span class='ocrx_word' id='word_1_713' title='bbox 2141 5075 2472 5138; x_wconf 87' lang='lat' dir='ltr'><strong>combussit;</strong></span> <span class='ocrx_word' id='word_1_714' title='bbox 2503 5073 2663 5144; x_wconf 88' lang='lat' dir='ltr'><strong>cujus</strong></span> <span class='ocrx_word' id='word_1_715' title='bbox 2691 5073 2949 5129; x_wconf 88' lang='lat' dir='ltr'><strong>ducatum</strong></span> <span class='ocrx_word' id='word_1_716' title='bbox 2976 5073 3270 5142; x_wconf 88' lang='lat' dir='ltr'><strong>imperator</strong></span> <span class='ocrx_word' id='word_1_717' title='bbox 3298 5069 3458 5125; x_wconf 81' lang='lat' dir='ltr'><strong>Adal-</strong></span> 
     </span>
    </p>
   </div>
   <div class='ocr_carea' id='block_1_107' title="bbox 1894 5166 2552 5226">
    <p class='ocr_par' dir='ltr' id='par_1_107' title="bbox 1894 5166 2552 5226">
     <span class='ocr_line' id='line_1_107' title="bbox 1894 5166 2552 5226; baseline -0.012 0"><span class='ocrx_word' id='word_1_718' title='bbox 1894 5170 2047 5226; x_wconf 89' lang='lat' dir='ltr'><strong>berto</strong></span> <span class='ocrx_word' id='word_1_719' title='bbox 2074 5167 2288 5223; x_wconf 89' lang='lat' dir='ltr'><strong>cuidam</strong></span> <span class='ocrx_word' id='word_1_720' title='bbox 2317 5166 2552 5222; x_wconf 88' lang='lat' dir='ltr'><strong>tradidit.</strong></span> 
     </span>
    </p>
   </div>
   <div class='ocr_carea' id='block_1_108' title="bbox 1498 5331 2165 5404">
    <p class='ocr_par' dir='ltr' id='par_1_108' title="bbox 1498 5331 2165 5404">
     <span class='ocr_line' id='line_1_108' title="bbox 1498 5331 2165 5404; baseline -0.001 -3"><span class='ocrx_word' id='word_1_721' title='bbox 1498 5331 1726 5403; x_wconf 51' lang='lat' dir='ltr'><strong>vitam</strong></span> <span class='ocrx_word' id='word_1_722' title='bbox 1766 5346 2165 5404; x_wconf 81' lang='lat' dir='ltr'><strong>LECTIONES.</strong></span> 
     </span>
    </p>
   </div>
   <div class='ocr_carea' id='block_1_109' title="bbox 290 5464 3458 5576">
    <p class='ocr_par' dir='ltr' id='par_1_109' title="bbox 290 5464 3458 5576">
     <span class='ocr_line' id='line_1_109' title="bbox 290 5464 3458 5576; baseline 0.005 -27"><span class='ocrx_word' id='word_1_723' title='bbox 290 5496 361 5576; x_wconf 60' lang='lat'><strong>&#39;3-</strong></span> <span class='ocrx_word' id='word_1_724' title='bbox 392 5497 476 5576; x_wconf 58' lang='grc' dir='ltr'><strong>ρης</strong></span> <span class='ocrx_word' id='word_1_725' title='bbox 500 5500 609 5554; x_wconf 70' lang='grc' dir='ltr'><strong>ιιι</strong></span> <span class='ocrx_word' id='word_1_726' title='bbox 637 5501 811 5576; x_wconf 45' lang='lat'><strong>431.5;</strong></span> <span class='ocrx_word' id='word_1_727' title='bbox 878 5505 949 5539; x_wconf 78' lang='grc' dir='ltr'><strong>ιη</strong></span> <span class='ocrx_word' id='word_1_728' title='bbox 981 5501 1450 5576; x_wconf 67' lang='lat' dir='ltr'><strong>eligen_t_es_4_.__4b._</strong></span> <span class='ocrx_word' id='word_1_729' title='bbox 1517 5501 1587 5533; x_wconf 72' lang='grc' dir='ltr'>ω</span> <span class='ocrx_word' id='word_1_730' title='bbox 1626 5502 1705 5576; x_wconf 69' lang='lat' dir='ltr'><strong>ita</strong></span> <span class='ocrx_word' id='word_1_731' title='bbox 1726 5511 1777 5557; x_wconf 84' lang='lat' dir='ltr'><strong>et</strong></span> <span class='ocrx_word' id='word_1_732' title='bbox 1809 5501 1862 5558; x_wconf 78' lang='lat' dir='ltr'><strong>t.</strong></span> <span class='ocrx_word' id='word_1_733' title='bbox 1900 5504 1987 5559; x_wconf 70' lang='lat' dir='ltr'><strong>th.</strong></span> <span class='ocrx_word' id='word_1_734' title='bbox 2029 5503 2099 5576; x_wconf 65' lang='grc' dir='ltr'><strong>ες.Δ</strong></span> <span class='ocrx_word' id='word_1_735' title='bbox 2161 5502 2228 5576; x_wconf 60' lang='grc' dir='ltr'><strong>’ξι</strong></span> <span class='ocrx_word' id='word_1_736' title='bbox 2255 5464 2408 5576; x_wconf 55' lang='grc' dir='ltr'><strong>Άιςει</strong></span> <span class='ocrx_word' id='word_1_737' title='bbox 2442 5501 2636 5576; x_wconf 25' lang='grc' dir='ltr'><strong>μς.--</strong></span> <span class='ocrx_word' id='word_1_738' title='bbox 2661 5501 2730 5534; x_wconf 69' lang='grc' dir='ltr'><strong>’θ’</strong></span> <span class='ocrx_word' id='word_1_739' title='bbox 2769 5493 3235 5576; x_wconf 62' lang='lat' dir='ltr'><strong>Magna—egerit</strong></span> <span class='ocrx_word' id='word_1_740' title='bbox 3269 5493 3458 5576; x_wconf 55' lang='grc' dir='ltr'><strong>[πάντες</strong></span> 
     </span>
    </p>
   </div>
   <div class='ocr_carea' id='block_1_110' title="bbox 216 5562 3457 5643">
    <p class='ocr_par' dir='ltr' id='par_1_110' title="bbox 216 5562 3457 5643">
     <span class='ocr_line' id='line_1_110' title="bbox 216 5562 3457 5643; baseline -0.001 -21"><span class='ocrx_word' id='word_1_741' title='bbox 216 5567 272 5622; x_wconf 71' lang='grc' dir='ltr'><strong>ι.</strong></span> <span class='ocrx_word' id='word_1_742' title='bbox 305 5566 358 5622; x_wconf 82' lang='lat'><strong>5.</strong></span> <span class='ocrx_word' id='word_1_743' title='bbox 384 5566 762 5643; x_wconf 45' lang='grc' dir='ltr'><strong>Ιιαὺεηέεωίξξ,</strong></span> <span class='ocrx_word' id='word_1_744' title='bbox 776 5569 1006 5643; x_wconf 76' lang='lat' dir='ltr'><strong>Romani</strong></span> <span class='ocrx_word' id='word_1_745' title='bbox 1043 5562 1112 5614; x_wconf 66' lang='lat'><strong>:-</strong></span> <span class='ocrx_word' id='word_1_746' title='bbox 1142 5572 1401 5627; x_wconf 80' lang='lat' dir='ltr'><strong>MXLVI°.</strong></span> <span class='ocrx_word' id='word_1_747' title='bbox 1433 5573 1493 5625; x_wconf 81' lang='lat' dir='ltr'><strong>in</strong></span> <span class='ocrx_word' id='word_1_748' title='bbox 1528 5574 1765 5643; x_wconf 74' lang='lat' dir='ltr'><strong>margine</strong></span> <span class='ocrx_word' id='word_1_749' title='bbox 1807 5582 1987 5643; x_wconf 77' lang='lat' dir='ltr'><strong>postea</strong></span> <span class='ocrx_word' id='word_1_750' title='bbox 2030 5572 2300 5643; x_wconf 68' lang='lat' dir='ltr'><strong>adscripta</strong></span> <span class='ocrx_word' id='word_1_751' title='bbox 2330 5572 2392 5643; x_wconf 55' lang='grc'><strong>1.</strong></span> <span class='ocrx_word' id='word_1_752' title='bbox 2457 5571 2672 5643; x_wconf 21' lang='lat' dir='ltr'><strong>&quot;‘Malio</strong></span> <span class='ocrx_word' id='word_1_753' title='bbox 2703 5562 2996 5643; x_wconf 52' lang='lat' dir='ltr'><strong>atramento</strong></span> <span class='ocrx_word' id='word_1_754' title='bbox 3028 5562 3313 5643; x_wconf 41' lang='lat' dir='ltr'><strong>adﬁcta}:</strong></span> <span class='ocrx_word' id='word_1_755' title='bbox 3391 5562 3457 5592; x_wconf 61' lang='grc' dir='ltr'><strong>’τ’</strong></span> 
     </span>
    </p>
   </div>
   <div class='ocr_carea' id='block_1_111' title="bbox 215 5635 1583 5711">
    <p class='ocr_par' dir='ltr' id='par_1_111' title="bbox 215 5635 1583 5711">
     <span class='ocr_line' id='line_1_111' title="bbox 215 5635 1583 5711; baseline 0.001 -19"><span class='ocrx_word' id='word_1_756' title='bbox 215 5643 414 5711; x_wconf 80' lang='lat' dir='ltr'><strong>sponte</strong></span> <span class='ocrx_word' id='word_1_757' title='bbox 445 5635 783 5711; x_wconf 79' lang='lat' dir='ltr'><strong>—_M_XL_VI.</strong></span> <span class='ocrx_word' id='word_1_758' title='bbox 814 5639 923 5694; x_wconf 77' lang='lat' dir='ltr'><strong>alio</strong></span> <span class='ocrx_word' id='word_1_759' title='bbox 951 5651 1249 5698; x_wconf 78' lang='lat' dir='ltr'><strong>atramento</strong></span> <span class='ocrx_word' id='word_1_760' title='bbox 1277 5643 1484 5711; x_wconf 80' lang='lat' dir='ltr'><strong>adjecta</strong></span> <span class='ocrx_word' id='word_1_761' title='bbox 1534 5642 1583 5694; x_wconf 92' lang='grc'><strong>1.</strong></span> 
     </span>
    </p>
   </div>
   <div class='ocr_carea' id='block_1_112' title="bbox 1661 5632 3455 5697">
    <p class='ocr_par' dir='ltr' id='par_1_112' title="bbox 1661 5632 3455 5697">
     <span class='ocr_line' id='line_1_112' title="bbox 1661 5632 3455 5697; baseline -0.007 -1"><span class='ocrx_word' id='word_1_762' title='bbox 1661 5632 1732 5674; x_wconf 60' lang='grc'><strong>⁵⁸⁸</strong></span> <span class='ocrx_word' id='word_1_763' title='bbox 1767 5632 1847 5697; x_wconf 62' lang='lat' dir='ltr'><strong>ita</strong></span> <span class='ocrx_word' id='word_1_764' title='bbox 1877 5644 1926 5696; x_wconf 88' lang='grc'><strong>1.</strong></span> <span class='ocrx_word' id='word_1_765' title='bbox 1959 5642 2014 5696; x_wconf 79' lang='lat'><strong>3.</strong></span> <span class='ocrx_word' id='word_1_766' title='bbox 2088 5642 2155 5675; x_wconf 76' lang='grc'><strong>⁸⁸⁷</strong></span> <span class='ocrx_word' id='word_1_767' title='bbox 2194 5632 2337 5695; x_wconf 68' lang='lat' dir='ltr'><strong>decu</strong></span> <span class='ocrx_word' id='word_1_768' title='bbox 2364 5641 2416 5694; x_wconf 75' lang='lat'><strong>3.</strong></span> <span class='ocrx_word' id='word_1_769' title='bbox 2493 5641 2564 5673; x_wconf 82' lang='lat'><strong>&#39;“</strong></span> <span class='ocrx_word' id='word_1_770' title='bbox 2596 5641 2784 5694; x_wconf 80' lang='lat' dir='ltr'><strong>addita</strong></span> <span class='ocrx_word' id='word_1_771' title='bbox 2812 5639 2863 5693; x_wconf 90' lang='grc'><strong>1..</strong></span> <span class='ocrx_word' id='word_1_772' title='bbox 2895 5632 3166 5691; x_wconf 48' lang='lat' dir='ltr'><strong>desunt}.</strong></span> <span class='ocrx_word' id='word_1_773' title='bbox 3243 5632 3312 5664; x_wconf 77' lang='lat'><strong>&quot;’</strong></span> <span class='ocrx_word' id='word_1_774' title='bbox 3349 5647 3455 5685; x_wconf 80' lang='lat' dir='ltr'><strong>non</strong></span> 
     </span>
    </p>
   </div>
   <div class='ocr_carea' id='block_1_113' title="bbox 231 5701 3461 5779">
    <p class='ocr_par' dir='ltr' id='par_1_113' title="bbox 231 5701 3461 5779">
     <span class='ocr_line' id='line_1_113' title="bbox 231 5701 3461 5779; baseline -0.007 0"><span class='ocrx_word' id='word_1_775' title='bbox 231 5701 290 5779; x_wconf 42' lang='grc' dir='ltr'><em>θ’</em></span> <span class='ocrx_word' id='word_1_776' title='bbox 320 5705 572 5779; x_wconf 55' lang='grc' dir='ltr'><strong>ἀφθὲιὲίὲ</strong></span> <span class='ocrx_word' id='word_1_777' title='bbox 596 5706 651 5758; x_wconf 72' lang='grc' dir='ltr'><strong>δη</strong></span> <span class='ocrx_word' id='word_1_778' title='bbox 677 5706 938 5779; x_wconf 61' lang='grc' dir='ltr'><strong>ιοσοῖρξρ</strong></span> <span class='ocrx_word' id='word_1_779' title='bbox 970 5711 1033 5779; x_wconf 85' lang='grc'><strong>1;</strong></span> <span class='ocrx_word' id='word_1_780' title='bbox 1066 5712 1136 5779; x_wconf 78' lang='lat' dir='ltr'><strong>cf.</strong></span> <span class='ocrx_word' id='word_1_781' title='bbox 1169 5701 1429 5766; x_wconf 59' lang='lat' dir='ltr'><strong>diversum</strong></span> <span class='ocrx_word' id='word_1_782' title='bbox 1458 5711 1522 5764; x_wconf 80' lang='lat' dir='ltr'><strong>ab</strong></span> <span class='ocrx_word' id='word_1_783' title='bbox 1551 5712 1646 5763; x_wconf 87' lang='lat' dir='ltr'><strong>hoc</strong></span> <span class='ocrx_word' id='word_1_784' title='bbox 1689 5701 2000 5766; x_wconf 77' lang='lat' dir='ltr'><strong>&quot;crimamti</strong></span> <span class='ocrx_word' id='word_1_785' title='bbox 2033 5719 2250 5764; x_wconf 72' lang='lat' dir='ltr'><strong>textum.</strong></span> <span class='ocrx_word' id='word_1_786' title='bbox 2313 5705 2399 5742; x_wconf 58' lang='grc'><strong>³⁷⁸</strong></span> <span class='ocrx_word' id='word_1_787' title='bbox 2438 5709 2494 5765; x_wconf 90' lang='lat' dir='ltr'><strong>In</strong></span> <span class='ocrx_word' id='word_1_788' title='bbox 2523 5741 2590 5750; x_wconf 92' lang='lat'><strong>——</strong></span> <span class='ocrx_word' id='word_1_789' title='bbox 2621 5709 2889 5779; x_wconf 87' lang='lat' dir='ltr'><strong>persuasit</strong></span> <span class='ocrx_word' id='word_1_790' title='bbox 2929 5707 2982 5759; x_wconf 81' lang='lat' dir='ltr'><strong>in</strong></span> <span class='ocrx_word' id='word_1_791' title='bbox 3011 5704 3245 5775; x_wconf 77' lang='lat' dir='ltr'><strong>margine</strong></span> <span class='ocrx_word' id='word_1_792' title='bbox 3271 5701 3461 5766; x_wconf 63' lang='lat' dir='ltr'><strong>addita</strong></span> 
     </span>
    </p>
   </div>
   <div class='ocr_carea' id='block_1_114' title="bbox 228 5771 1632 5835">
    <p class='ocr_par' dir='ltr' id='par_1_114' title="bbox 228 5771 1632 5835">
     <span class='ocr_line' id='line_1_114' title="bbox 228 5771 1632 5835; baseline 0.003 -6"><span class='ocrx_word' id='word_1_793' title='bbox 228 5776 275 5830; x_wconf 90' lang='lat' dir='ltr'><strong>l.</strong></span> <span class='ocrx_word' id='word_1_794' title='bbox 355 5771 422 5806; x_wconf 69' lang='grc'><strong>³⁷⁸</strong></span> <span class='ocrx_word' id='word_1_795' title='bbox 460 5771 588 5829; x_wconf 84' lang='lat' dir='ltr'><strong>CLI.</strong></span> <span class='ocrx_word' id='word_1_796' title='bbox 623 5792 757 5830; x_wconf 86' lang='lat' dir='ltr'><strong>corr.</strong></span> <span class='ocrx_word' id='word_1_797' title='bbox 789 5776 940 5831; x_wconf 80' lang='lat' dir='ltr'><strong>CLII.</strong></span> <span class='ocrx_word' id='word_1_798' title='bbox 979 5771 1030 5831; x_wconf 74' lang='lat' dir='ltr'><strong>l.</strong></span> <span class='ocrx_word' id='word_1_799' title='bbox 1097 5771 1174 5813; x_wconf 74' lang='grc'><em>’³⁷³</em></span> <span class='ocrx_word' id='word_1_800' title='bbox 1208 5783 1262 5834; x_wconf 79' lang='lat' dir='ltr'><strong>in</strong></span> <span class='ocrx_word' id='word_1_801' title='bbox 1291 5781 1404 5835; x_wconf 85' lang='lat' dir='ltr'><strong>loco</strong></span> <span class='ocrx_word' id='word_1_802' title='bbox 1435 5797 1552 5835; x_wconf 77' lang='lat' dir='ltr'><strong>raso</strong></span> <span class='ocrx_word' id='word_1_803' title='bbox 1585 5781 1632 5834; x_wconf 93' lang='grc'><strong>1.</strong></span> 
     </span>
    </p>
   </div>
   <div class='ocr_carea' id='block_1_115' title="bbox 1707 5781 2074 5836">
    <p class='ocr_par' dir='ltr' id='par_1_115' title="bbox 1707 5781 2074 5836">
     <span class='ocr_line' id='line_1_115' title="bbox 1707 5781 2074 5836; baseline -0.011 0"><span class='ocrx_word' id='word_1_804' title='bbox 1707 5781 1776 5813; x_wconf 78' lang='grc'><strong>’⁷⁸</strong></span> <span class='ocrx_word' id='word_1_805' title='bbox 1811 5781 1995 5836; x_wconf 81' lang='lat' dir='ltr'><strong>addita</strong></span> <span class='ocrx_word' id='word_1_806' title='bbox 2027 5781 2074 5834; x_wconf 93' lang='grc'><strong>1.</strong></span> 
     </span>
    </p>
   </div>
  </div>
