3970 6360
239 386 376 442 1569
1022 461 1025 465 Α
1131 389 1418 446 APPEND.
1460 391 1654 446 llI.'-
1689 391 1807 448 MO!

1906 390 2613 481 dENTAﬂREGORIANA.
2720 434 2729 444 ο
3337 403 3474 457 1570

234 514 338 569 pus
367 498 505 554 obiit
546 499 749 570 (1290).
794 499 897 555 Cui
957 500 1198 572 ejusdem
1246 504 1471 559 aeclesiae
1516 505 1812 562 canonicus
1839 506 1882 562 A
1911 505 2067 561 niaee
2089 507 2155 539 ⁸¹⁶
2181 509 2490 578 acquisivit,
2518 512 2721 582 quique
2748 514 3030 569 thesauros
3053 513 3297 583 ejusdem
3321 515 3476 568 {cele-

233 589 420 660 (1291)
459 607 490 644 a
516 589 775 667 fratri-bus
802 593 1026 658 electus,
1053 607 1080 646 a
1106 609 1231 664 rege
1267 595 1628 650 substituitur.
1909 597 2023 661 site,
2063 606 2250 667 utpute
2289 601 2586 671 sacrilegus
2632 602 2738 669 fur,
2777 605 2832 659 in
2860 619 2988 660 suos
3019 620 3152 659 usus
3189 605 3471 674 dispersit;

897 682 1157 738 MLXVII.
1909 687 2093 743 habito
2150 691 2808 762 concilioMogonciaci,
2868 710 2935 750 ex
2995 703 3264 765 praecepto
3325 710 3476 765 papa:

307 769 547 827 Saxonia
590 771 736 828 civili
769 773 980 829 laborat
1016 775 1305 830 discordia.
1331 772 1660 831 Nordmanni
1699 774 1809 830 Ro-
1908 780 2218 848 Alexandri,
2256 783 2543 852 prredictus
2589 784 2842 857 Symonis
2885 786 3199 857 discipulus,
3237 787 3474 841 nondum

230 878 379 917 mam
407 864 557 918 adire
582 866 870 920 voluerunt
897 866 1183 921 hostiliter.
1209 866 1553 944 Burchardus
1588 867 1810 922 l-lalber-
1909 881 2260 927 consecratus
2286 874 2594 944 deponitur,
2637 878 2835 946 quippe
2864 893 2987 931 cum
3020 892 3050 930 a
3085 877 3295 931 clericis
3330 876 3476 929 Cun-

230 955 492 1010 stetensis
522 956 825 1025 episcopus‘
847 955 1193 1012 Leuticorum
1221 967 1431 1029 gentem
1466 959 1689 1012 viriliter
1722 959 1812 1027 de-
1910 963 2297 1019 stantiensibus
2340 965 2538 1021 ibidem
2565 976 2872 1032 accusatus,
2907 969 3115 1037 objecta
3147 983 3339 1036 negare
3365 978 3476 1020 non

229 1046 470 1100 vastavit
492 1046 581 1100 “‘.
629 1045 970 1104 Heinhardus
1003 1041 1275 1118 Spirensis
1311 1050 1597 1119 episcopus
1630 1051 1684 1104 iu
1719 1051 1810 1104 iti-
1909 1062 2108 1123 posset.
2141 1053 2242 1110 Cui
2268 1057 2531 1112 successit
2556 1057 2680 1111 Otto
2708 1059 2758 1110 in
2792 1057 3156 1127 episcopatum
3185 1059 3387 1128 (1291).

231 1149 363 1190 uere
388 1134 637 1192 Romano
659 1139 811 1194 obiit.
843 1139 942 1194 Cui
973 1138 1258 1195 Heinricus
1281 1143 1560 1196 sdccessit.
1626 1194 1632 1207 ,
2564 1147 2824 1201 MLXXII.

881 1228 1166 1285 MLXVIII.
1502 1264 1520 1278 ν
1552 1243 1588 1263 ν’
1980 1233 2264 1291 Ileinricus
2303 1251 2397 1290 rex
2433 1252 2568 1305 pene
2595 1240 2711 1292 sine
2747 1239 3054 1293 dillicultate
3079 1238 3340 1291 bellorum
3371 1237 3474 1291 sibi

309 1315 600 1376 Heinricns
627 1320 694 1353 ³⁸⁷
739 1336 836 1376 rex
869 1320 1243 1377 adolescentiae
1271 1337 1384 1376 sua:
1427 1337 1612 1376 errore
1645 1320 1808 1381 sedu-
1909 1325 2233 1380 reluctantes
2256 1329 2545 1396 superavit.
2568 1325 2764 1382 l‘etrus
2788 1327 3053 1393 Damiani,
3084 1329 3181 1397 pia:
3201 1328 3477 1382 memoria)

235 1420 382 1477 ctus,
411 1412 650 1484 legitime
677 1407 1086 1484 conjugis-adeo
1119 1413 1475 1477 obliviscitur,
1499 1423 1553 1468 et
1581 1426 1687 1467 tam
1716 1429 1810 1467 ne-
1909 1413 2199 1468 cardinalis
2223 1416 2530 1485 episcopus,
2563 1416 2672 1485 jam
2698 1417 2900 1470 dudum
2931 1419 3134 1470 mundo
3162 1418 3472 1484 crucifixus,

236 1501 419 1559 fandis
440 1489 760 1558 criminibus
784 1504 1058 1562 involutus
1077 1519 1198 1559 esse
1217 1505 1544 1569 diﬂ’amatur,
1567 1514 1625 1559 ut
1647 1505 1807 1558 etiam
1911 1505 2162 1574 migzavit
2196 1505 2262 1559 ad
2295 1504 2606 1572 Dominum,
2643 1508 2675 1560 8
2707 1507 2928 1562 lialend.
2968 1507 3143 1561 Martii
3171 1508 3238 1538 ³¹⁰
3268 1508 3471 1577 (1295).

238 1592 513 1662 principes
535 1593 652 1666 ejus
689 1609 814 1646 eum
848 1608 1014 1664 regno
1037 1595 1247 1663 privare
1275 1595 1611 1649 molirentur.
1643 1593 1808 1651 Totus
1909 1593 2009 1649 (lui
2058 1596 2290 1651 domnus
2331 1595 2615 1661 Geroldus,
2660 1615 2843 1651 revera
2890 1599 3208 1663 monachus,
3254 1598 3477 1654 scientia

239 1682 330 1739 ille
363 1699 542 1738 annus
571 1683 842 1753 pluvialis.
985 1673 989 1676 ’
1910 1686 2301 1753 scripturarum
2335 1687 2581 1756 insignis,
2613 1696 2668 1740 et
2693 1689 2936 1741 moribus
2962 1689 3344 1757 praedecessori
3376 1703 3480 1742 suo

905 1772 1143 1828 MLXIX.
1844 1791 2018 1846 “IIOI
2065 1776 2256 1844 impar,
2303 1776 2356 1829 in
2407 1777 2774 1846 episcopatum
2821 1778 3099 1832 successit.
3152 1777 3478 1832 Adalbertus

309 1865 421 1921 Pax
451 1874 506 1920 et
539 1865 908 1921 reconciliatio
944 1865 997 1919 in
1039 1867 1259 1936 populo,
1299 1866 1353 1920 in
1393 1866 1557 1920 natali
1601 1864 1813 1920 Domini
1844 1833 1886 1887 Β
1917 1866 2395 1936 llaminburgensis
2417 1869 2528 1921 sive
2547 1868 2851 1923 Bremensis
2869 1869 3305 1938 archiepiscopus
3322 1870 3473 1925 obiit.

236 1959 382 2028 apud
425 1957 672 2023 Goslare,
713 1959 879 2027 regali
931 1958 1108 2025 edicto
1159 1958 1261 2012 sub
1302 1967 1640 2010 sacramento
1687 1966 1815 2010 sunt
1913 1957 2013 2010 Cui
2041 1956 2374 2012 Lcohmarus
2398 1958 2463 1988 ³²¹
2499 1959 2782 2013 successit.
2821 1958 2933 2013 Rex
2966 1961 3132 2014 multa
3159 1960 3260 2014 sibi
3293 1960 3476 2012 muni-

236 2050 594 2103 confirmatae.
641 2047 926 2103 Heinricus
965 2064 1060 2102 rex
1090 2057 1300 2118 gentem
1341 2046 1684 2101 Leutieorum
1721 2047 1813 2101 dc-
1914 2047 2122 2106 tissima
2167 2047 2384 2102 castella
2423 2049 2729 2102 construxit
2763 2049 2814 2101 in
2851 2050 3096 2117 partibus
3143 2050 3390 2105 Saxonim
3427 2060 3480 2106 et

235 2149 435 2193 vastat.
487 2139 634 2194 Dedo
671 2140 918 2194 marcbio
955 2137 1257 2194 Saxonicus
1290 2138 1401 2209 regi
1448 2137 1699 2192 lleiurico
1728 2153 1815 2192 re—
1915 2136 2243 2208 Thuringiaa,
2275 2147 2330 2192 et
2363 2138 2562 2193 multas
2594 2139 2694 2192 sibi
2731 2139 3058 2193 munitiones
3088 2141 3285 2209 injuste
3315 2156 3479 2197 usur—

234 2229 435 2287 bellat:
467 2239 550 2284 set
575 2230 925 2300 postmodum
951 2217 1172 2285 coactus
1203 2230 1270 2284 ad
1295 2229 1620 2284 deditionem
1647 2229 1808 2283 venit.
1913 2229 2086 2296 pavit;
2121 2230 2262 2284 unde
2284 2230 2575 2284 multorum
2599 2229 2808 2284 animos
2839 2241 3025 2284 contra
3052 2247 3110 2285 se
3132 2232 3405 2286 excitavit.

233 2319 564 2378 Oudalricus
597 2323 764 2378 abbas
800 2321 1092 2392 Aegiensis
1126 2322 1282 2388 obiit,
1322 2338 1420 2391 pro
1460 2336 1570 2390 quo
1608 2319 1813 2391 Megin-
2174 2339 2188 2350 ι
2550 2320 2833 2375 MLXXIII.

236 2413 468 2468 bardus.
498 2411 835 2468 Constantia:
875 2411 1176 2466 Rumaldus
1203 2412 1494 2481 episcopus
1524 2411 1688 2478 obiit;
1722 2413 1809 2467 cui
1983 2410 2282 2466 Roudolfus
2309 2412 2418 2467 dux
2447 2411 2799 2477 Alemannice,
2824 2420 2877 2466 et
2904 2411 3211 2467 Bertholfus
3238 2414 3342 2467 dux
3369 2412 3478 2469 Ka-

234 2500 472 2556 Karolus
499 2516 593 2570 per
616 2501 984 2572 symouiacam
1013 2501 1245 2555 heresim
1270 2500 1322 2553 in
1347 2500 1660 2569 episcopatu
1689 2517 1812 2556 suc-
1915 2503 2269 2571 rinthiorum,
2297 2515 2353 2561 et
2380 2505 2528 2561 Wclf
2553 2507 2658 2562 dux
2702 2507 2981 2577 Bajoariaz,
3015 2522 3046 2561 a
3079 2523 3201 2578 rege
3229 2505 3482 2565 Heinrico

232 2593 423 2647 cessit.
456 2591 769 2646 Gotefridus
795 2593 905 2646 dux
943 2592 1084 2646 inter
1112 2591 1386 2647 seculal‘es
1423 2592 1813 2646 cxcellenlissi-
1910 2597 2303 2662 discesserunt;
2323 2599 2450 2666 quia
2473 2599 2594 2653 aliis
2614 2598 3115 2654 subintroeuntibus
3132 2599 3477 2667 consiliariis,

234 2697 385 2747 mus,
410 2691 465 2737 ct
485 2683 934 2740 in-recordatione
955 2691 1302 2751 peccatorum
1325 2697 1548 2738 suorum
1574 2682 1639 2735 ad
1663 2698 1812 2736 com-
1911 2702 2070 2741 suum
2100 2689 2385 2741 consilium
2423 2689 2565 2756 apud
2608 2704 2787 2758 regem
2832 2704 2940 2743 non
2981 2691 3156 2744 valere
3191 2705 3479 2758 perspexe-

235 2777 586 2842 punctionem
635 2774 983 2828 lacrimarum
1034 2772 1354 2836 facillimus,
1405 2773 1460 2825 in
1500 2765 1811 2842 erogatione
1912 2786 2055 2830 runt.
2095 2775 2460 2832 Theodericus
2492 2792 2676 2832 comes
2701 2778 2998 2852 .peuitentia
3042 2779 3235 2832 ductus
3266 2793 3362 2846 pro
3395 2777 3478 2831 fa‘

233 2863 647 2921 elimosinarum
674 2864 1034 2936 largissimus,
1065 2864 1119 2917 ili
1153 2863 1336 2933 vigilia
1369 2863 1562 2918 natalis
1596 2863 1811 2919 Domini
1911 2868 2096 2922 cinore
2123 2869 2267 2938 quod
2296 2868 2351 2922 in
2391 2867 2606 2922 beatum
2638 2867 3025 2922 Chounradum
3069 2866 3479 2924 Trevircusibus

235 2955 374 3011 satis
398 2955 654 3011 laudabili
675 2956 780 3011 ﬁne
808 2956 1076 3026 requievit
1096 2955 1150 3009 in
1180 2970 1311 3026 pace
1334 2955 1422 3009 ³⁸⁸.
1912 2959 2194 3028 praesulem
2218 2960 2534 3029 deputatum
2571 2960 2862 3024 commisit,
2899 2959 3024 3014 licet
3047 2960 3215 3013 multa
3239 2960 3478 3029 pericula

918 3045 1135 3101 MLXX.
1644 3046 1649 3052 ’
1911 3051 2208 3115 obstarent,
2230 3051 2436 3104 ardenti
2472 3060 2650 3105 tamen
2677 3050 2781 3104 ﬁde
2812 3066 2932 3106 cum
2963 3051 3080 3105 aliis
3114 3052 3296 3105 multis
3325 3050 3481 3104 Jeru-

311 3135 539 3193 Francia
570 3135 716 3194 civili
747 3137 957 3195 laborat
989 3136 1279 3191 discordia.
1321 3134 1448 3190 Otto
1482 3134 1587 3189 dux
1618 3133 1781 3204 Bajoa
1838 3157 1878 3212 C
1912 3139 2159 3193 solimam
2181 3141 2323 3210 cepit
2343 3141 2439 3194 ire.
2479 3142 2582 3206 Qui
2611 3157 2735 3196 cum
2773 3157 2922 3196 mare
2951 3142 3163 3212 navigio
3194 3143 3476 3207 intrarent,

235 3229 336 3284 rite
373 3230 486 3299 regi
517 3229 769 3284 Hcinrico
799 3229 1050 3293 rebellat,
1082 3237 1137 3282 et
1160 3227 1405 3299 Magnus,
1430 3227 1572 3282 ﬁlius
1602 3224 1813 3282 Ottonis
1860 3254 1865 3257 -
1912 3229 2090 3283 subita
2138 3221 2456 3298 tempeState
2495 3230 2874 3296 circumventi,
2923 3232 3212 3299 statimque
3251 3233 3476 3285 obteue-

234 3319 397 3378 ducis
425 3318 677 3374 Saxoniae
702 3319 1067 3390 aquilonialis.
1112 3318 1207 3373 Set
1240 3335 1335 3374 rex
1367 3319 1683 3390 praedictum
1718 3315 1813 3372 Ot-
1912 3319 2066 3373 brata
2103 3319 2191 3374 die
2227 3335 2338 3390 quo
2379 3318 2520 3374 irent
2561 3320 2774 3386 incerti,
2816 3320 2999 3374 celesti
3048 3320 3252 3374 lumine
3294 3321 3477 3389 sepius

235 3418 448 3478 tonem,
469 3427 595 3467 cum
615 3412 851 3483 legitime
870 3413 936 3466 ad
958 3411 1382 3466 satisfactionem
1405 3419 1629 3464 vocatus
1649 3411 1813 3464 nollet
1911 3411 2299 3465 cxhiiarantur.
2347 3409 2547 3480 Deinde
2584 3424 2695 3464 non
2732 3409 2845 3480 jam
2878 3418 3104 3467 mortem
3133 3411 3187 3463 in
3223 3411 3480 3480 periculis

234 3503 446 3567 venire,
481 3503 683 3556 ducatu
717 3503 968 3572 privavit.
1011 3501 1392 3571 Meginhardus
1432 3509 1624 3570 sponte
1656 3501 1812 3554 dere-
1912 3501 2181 3566 timentes,
2205 3509 2286 3556 set
2308 3501 2472 3554 vitam
2497 3509 2753 3554 aeternam
2779 3502 3228 3570 prmmeditantes,
3253 3503 3479 3557 marinis

235 3590 420 3662 liquit.
445 3591 774 3662 Augiensem
832 3592 1138 3657 abbatiam;
1198 3599 1320 3660 post
1375 3583 1558 3660 quem'
1588 3590 1807 3660 quidam
1909 3590 2162 3646 ﬂuetibus
2198 3591 2474 3650 emundati
2515 3600 2923 3664 a'peccatorum
2963 3592 3245 3660 sordibus,
3280 3593 3481 3664 migra-

237 3659 587 3753 Roudpertus
613 3682 830 3755 indigne
856 3683 1029 3738 eidem
1056 3659 1284 3737 abbatiaa
1318 3659 1622 3752 praefectus,
1651 3683 1809 3752 digne
1909 3689 2104 3736 verunt
2148 3680 2222 3736 ad
2267 3659 2682 3746 Dominum,713
2739 3680 2963 3738 Kalend.
3008 3683 3183 3739 Martii
3220 3703 3232 3738 :
3282 3659 3481 3755 quippe

234 3752 587 3844 postmodum
611 3782 694 3832 est
712 3752 972 3845 expulsus
1007 3773 1208 3845 (1292).
1249 3772 1472 3844 Iliemps
1502 3781 1727 3829 ventosa
1757 3781 1810 3827 et
1909 3772 2275 3828 Theodericus
2303 3788 2505 3840 comes,
2540 3772 2823 3840 Widcrolt,
2867 3773 3158 3840 Marcuart,
3201 3752 3322 3829 cum
3359 3752 3481 3831 aliis
3525 3784 3532 3791 ‘

231 3863 511 3934 pluvialis.
1911 3865 2029 3919 1-15.
2060 3864 2246 3918 Romae
2265 3864 2568 3919 Alexander
2599 3881 2736 3934 papa
2761 3867 3009 3921 decessit.
3041 3865 3145 3920 Pro
3174 3883 3282 3934 quo
3311 3881 3478 3919 vene-

855 3989 861 3994 -
902 3951 1139 4010 MLXXI.
1907 3955 2094 4009 rabilis
2127 3952 2558 4017 Hildebrandus,
2588 3952 2846 4007 Romanae
2885 3953 3110 4008 ecclesiae
3143 3953 3481 4006 archidiaco-

306 4041 458 4100 Weli'
481 4043 591 4100 dux
617 4045 878 4115 Bajoariae
905 4045 1150 4100 eilicitur.
1183 4042 1469 4098 lieinricus
1493 4059 1586 4098 rex
1609 4044 1808 4098 multas
1908 4059 2042 4108 nus,
2101 4042 2378 4098 communi
2431 4041 2676 4096 omnium
2739 4040 2967 4096 consulio
3018 4042 3285 4110 expetitur
3339 4057 3476 4110 papa

232 4134 466 4192 insidias
502 4151 722 4206 passus,
753 4137 981 4190 viriliter
1010 4151 1199 4190 omnes
1230 4135 1496 4190 transivit.
1531 4133 1587 4187 In
1623 4141 1810 4204 pente-
1907 4133 2336 4190 constituendus.
2382 4131 2504 4199 Quo
2553 4133 2740 4188 audito
2789 4133 2904 4203 ipse
2951 4132 3385 4199 archidiaconus,
3419 4148 3480 4188 se

231 4235 391 4282 coste
421 4226 606 4297 (1293)
645 4225 801 4290 Otto,
837 4226 1162 4297 jampridem
1205 4227 1315 4282 dux
1358 4227 1644 4298 Bajoariaa,
1683 4240 1809 4282 cum
1906 4227 2118 4282 viribus
2162 4241 2283 4282 esse
2326 4225 2587 4295 imparem
2636 4233 2788 4280 tanto
2833 4224 3046 4290 honori,
3090 4225 3256 4278 immo
3299 4225 3478 4292 oneri,

231 4316 404 4372 sociis
438 4314 554 4372 suis
595 4317 710 4389 regi
753 4316 1008 4375 Heinrico
1047 4320 1115 4374 ad
1156 4319 1484 4375 deditionem
1523 4319 1668 4374 venit
1710 4333 1809 4373 sua
1909 4326 2188 4386 reputans,
2237 4316 2483 4371 inducias
2528 4315 2882 4384 respondendi
2919 4314 3096 4382 petiit,
3143 4323 3197 4368 et
3236 4315 3316 4369 sic
3351 4313 3477 4384 fuga

231 4415 462 4476 sponte,
492 4419 651 4464 'anno
687 4409 757 4464 ab
789 4410 1162 4465 incarnatione
1209 4409 1424 4464 Domini
1461 4409 1616 4472 1071,
1658 4409 1807 4477 regni
1907 4411 2146 4479 elapsus,
2174 4409 2382 4478 aliquot
2405 4408 2520 4461 dies
2553 4406 2619 4460 ad
2653 4404 2878 4458 Vincula
2910 4407 3083 4462 sancti
3116 4405 3262 4460 Petri
3296 4407 3478 4467 occul-

232 4505 415 4552 autem
443 4497 680 4555 Heinrici
705 4500 793 4567 15,
816 4500 990 4555 aetatis
1017 4514 1145 4556 vero
1165 4499 1284 4568 ejus
1317 4497 1407 4564 30,
1436 4498 1728 4554 indictione
1751 4499 1806 4565 9,
1839 4480 1885 4536 Ῑ)
1910 4508 2054 4556 tatus
2083 4500 2258 4554 latuit.
2291 4497 2385 4552 Set
2419 4498 2634 4552 tandem
2659 4497 2751 4552 vix
2779 4498 3049 4563 inventus,
3076 4509 3129 4554 ct
3158 4499 3223 4552 ad
3257 4499 3473 4566 apesto-

233 4589 403 4645 lcrcia
443 4587 577 4645 feria
614 4590 857 4660 ejusdem
902 4589 1235 4656 ebdomada,
1273 4589 1341 4644 18
1377 4588 1600 4646 Kalend.
1655 4588 1803 4644 Julii.
1905 4590 2264 4646 licam'sedem
2289 4587 2341 4642 vi
2372 4589 2686 4658 perductus,
2704 4606 2841 4660 papa
2869 4591 3030 4644 159M
3056 4586 3472 4642 mordinatur?

234 4677 468 4734 Iiarolus
525 4682 621 4750 qui
673 4681 1145 4738 Constantiensem
1203 4681 1572 4752 episcopatum
1623 4697 1806 4752 symo-
1906 4679 2130 4734 Kalend.
2168 4678 2291 4736 Maii
2328 4681 2417 4746 ³²³,
2462 4690 2516 4736 et
2543 4681 2837 4750 Gregorius
2884 4678 3024 4733 νιιας
3061 4677 3359 4748 appellatur
3381 4677 3469 4732 ω.

912 4891 919 4914 .
1221 4845 1223 4848 ⁴
1552 4815 1784 4871 VAIKIE
1811 4813 2212 4872 LECTIONES.

307 4905 378 4938 ³⁸⁸
412 4906 612 4977 reliqua
637 4907 762 4961 anni
787 4901 919 4962 alio"
959 4917 1217 4962 tramenta
1242 4909 1296 4960 in
1320 4923 1435 4960 mar
1471 4908 1554 4960 ine.
1583 4907 1791 4976 adjecta
1825 4917 1947 4961 sunt
1981 4909 2030 4961 1.
2063 4907 2154 4959 sed
2188 4905 2445 4958 habentur
2464 4905 2622 4957 etiam
2656 4903 2710 4956 in
2732 4902 2784 4956 2.
2819 4902 2870 4957 3.
2898 4901 2949 4957 ι.
2970 4903 3056 4958 ιδ.
3120 4902 3187 4934 ³¹⁷
3213 4902 3381 4980 prima
3403 4901 3470 4955 li-

307 4994 332 5030 a
352 4977 409 5031 in
437 4975 552 5029 loco
575 4993 696 5031 raso
721 4979 770 5031 1.
799 4988 855 5032 at
877 4926 1054 5032 erdem
1087 4979 1142 5030 in
1176 4976 1391 5032 reliquis
1436 4923 1714 5032 zabentur.
1811 4977 1879 5008 ³⁸⁸
1903 4979 1955 5030 in
1987 4991 2039 5032 υ.
2071 4973 2231 5032 paulo
2261 4983 2376 5032 post
2403 4975 2589 5027 addita
2615 4973 2662 5026 1.
2693 4975 2880 5028 desunt
2907 4973 2959 5027 3.
3052 4973 3119 5004 “'
3148 4984 3469 5032 svmontacte

229 4991 332 5032 utea
352 4977 409 5031 in
437 4973 552 5029 loco
575 4993 696 5031 raso
721 4979 770 5031 1.
799 4988 855 5032 at
877 4973 1054 5032 eddem
1087 4979 1142 5030 in
1176 4976 1391 5048 reliquis
1436 4973 1714 5032 habentur.
1811 4977 1879 5008 m
1903 4979 1955 5030 in
1987 4991 2039 5045 ρ.
2071 4973 2231 5044 paulo
2260 4983 2376 5044 post
2403 4975 2589 5027 addita
2615 4973 2662 5026 1.
2693 4975 2880 5028 desunt
2907 4973 2959 5027 3.
3052 4973 3119 5004 ³¹⁹
3148 4973 3469 5042 symoniacte

232 5062 373 5094 corr-
401 5046 712 5094 svmoniacn
736 5049 785 5094 1-
815 5083 830 5094 .
862 5049 930 5079 m
961 5045 1070 5094 VII-
1099 5047 1161 5094 Ii-
1194 5046 1262 5094 Μ-
1288 5065 1448 5094 xunm
1473 5048 1568 5094 lin-
1605 5047 1790 5094 addita
1815 5046 1837 5094 1
1859 5063 1872 5094 :
1893 5055 1942 5094 et
1972 5046 2165 5094 adsunt
2200 5045 2255 5094 in
2282 5044 2515 5094 relinuis.
2592 5044 2658 5076 ³¹¹
2687 5045 3017 5094 Ieothmarus
3036 5042 3087 5094 2.
3117 5042 3386 5094 lcomams
3412 5041 3464 5094 3.

232 5062 373 5101 corr.
401 5063 428 5101 s
465 5046 712 5105 moniaCe
736 5049 786 5101 1.
815 5083 833 5106 ς
862 5049 930 5079 ³³⁸
961 5045 1070 5100 VII.
1099 5047 1161 5100 Κ.
1192 5046 1262 5100 Μ.
1288 5042 1448 5117 supra
1473 5048 1568 5100 (in.
1605 5047 1790 5100 addita
1815 5046 1838 5098 1
1859 5063 1872 5110 ;
1893 5055 1942 5098 et
1972 5042 2165 5097 ddsuut
2200 5042 2515 5114 in‘reliquis.
2592 5044 2658 5076 ³¹¹
2687 5045 3017 5098 leotbmarus
3036 5042 3087 5095 2.
3117 5042 3386 5096 lcomarus
3412 5042 3464 5095 3.

231 5112 304 5149 ³⁹’
333 5062 559 5171 οιῖιιιι.
595 5118 776 5171 addito
799 5111 821 5170 I
844 5118 952 5170 alio
992 5126 1287 5170 atramento
1327 5118 1376 5171 1.
1454 5118 1522 5148 ³¹³
1553 5115 1642 5168 VII
1692 5115 1808 5169 Kal.
1858 5113 1982 5168 Maii
2028 5114 2136 5168 alio
2177 5123 2471 5169 atramento
2500 5113 2750 5168 Bernoldi
2782 5122 2952 5165 tamen
2994 5127 3152 5162 manu
3191 5108 3378 5162 addita
3415 5111 3464 5164 1.

227 5185 428 5308 πιέἓοἔὲ
465 5187 517 5243 3.
545 5187 731 5311 dsunt
755 5187 810 5242 2.
837 5187 890 5242 4.
922 5187 1008 5242 ιδ.
1085 5187 1157 5218 ³η
1193 5185 1477 5256 Hucusque
1514 5186 1807 5240 Bernoldus
1847 5186 2018 5254 primo
2047 5187 2339 5255 scripsisse,
2381 5185 2503 5239 dein
2541 5199 2678 5238 anno
2718 5182 2874 5237 1074.
2900 5195 3016 5250 qua
3034 5178 3151 5248 jam
3184 5189 3470 5249 sequtmtur

229 5270 266 5308 α
344 5270 362 5307 t
403 5272 507 5310 me
527 5273 574 5310 vi
613 5268 750 5311 etur.

229 5268 507 5310 αααιαιεει
527 5268 750 5312 videtur.

231 5411 551 5487 tinguebant
585 5427 716 5485 ergo
749 5416 1040 5487 scriptorcs
1059 5413 1226 5487 medii
1257 5412 1353 5468 :cvi
1393 5412 1532 5487 diem
1577 5320 2158 5487 PasclIZOTE.(l292)
2197 5409 2422 5482 Gregor.
2456 5408 2659 5482 Regist.
2688 5407 2730 5474 l,
2761 5406 2848 5478 82.

228 5482 476 5571 quolibet
502 5482 982 5571 aAnjnq'vfariasiise
1001 5486 1105 5571 "die
1143 5482 1556 5571 resurrectionis
1590 5483 1644 5539 in
1690 5484 1798 5539 lia-
1975 5482 2160 5571 (1295)
2201 5498 2265 5554 ί),
2295 5500 2362 5554 η
2385 5497 2509 5553 Jun,

229 5552 492 5607 lendariis
521 5553 587 5607 ad
624 5553 678 5607 d.
699 5553 770 5606 27
793 5554 971 5608 Martii
998 5555 1125 5608 ﬁxo.
1159 5553 1282 5608 Uss.
1979 5552 2156 5610 ἴξξᾷζῖ
2198 5552 2260 5610 ζ.

329 5590 1427 5700 tabliifb‘iaiiéiﬁéizrf‘ﬁén‘éiiiuisu
1460 5621 1527 5676 de
1559 5622 1792 5695 ιέειίεε.
1975 5595 2160 5700 (Ἰῗῗὲὶ
2198 5590 2610 5700 ἒίθὲδί’²;¹ίῗί’
2641 5591 2812 5700 ¹ῗ’..¹⁰’
2882 5686 2894 5700 α
2995 5683 3031 5700 υ

226 5682 441 5762 villeet
469 5682 686 5762 diocese
706 5695 772 5749 de
802 5682 1079 5760 Besancon
1105 5692 1145 5758 l,
1173 5710 1223 5762 p.
1269 5693 1384 5758 101,
1411 5708 1528 5762 sqq.
1644 5682 1672 5695 ν
1783 5682 1790 5687 ⁷
1975 5692 2161 5761 (I295)
2200 5691 2257 5745 In
2280 5687 2596 5762 Necrologio
2621 5687 2827 5744 obitum
2847 5686 2964 5758 ejus
2981 5683 3086 5741 diei
3108 5685 3139 5740 9
3165 5682 3280 5739 Kal.
3306 5682 3464 5741 Mart.

300 5759 485 5832 (ἤδη
523 5761 676 5833 "ligo
704 5763 764 5817 ll.
1175 5759 1190 5762 ’
1457 5759 1463 5761 ’
1492 5759 1507 5762 “
1903 5759 2149 5833 assignat
2167 5759 2480 5817 Bernoldus.
