  <div class='ocr_page' id='page_1' title='image "/cluster/home/n/w/nwhite01/storage/ocr_20150623/148/uva.x000829792/689.png"; bbox 0 0 3970 6406; ppageno 0'>
   <div class='ocr_carea' id='block_1_1' title="bbox 467 441 600 497">
    <p class='ocr_par' dir='ltr' id='par_1_1' title="bbox 467 441 600 497">
     <span class='ocr_line' id='line_1_1' title="bbox 467 441 600 497; baseline 0.008 -1"><span class='ocrx_word' id='word_1_1' title='bbox 467 441 600 497; x_wconf 72' lang='grc'><strong>1371</strong></span> 
     </span>
    </p>
   </div>
   <div class='ocr_carea' id='block_1_2' title="bbox 1452 421 2748 520">
    <p class='ocr_par' dir='ltr' id='par_1_2' title="bbox 1452 421 2748 520">
     <span class='ocr_line' id='line_1_2' title="bbox 1452 421 2748 520; baseline 0.001 -28"><span class='ocrx_word' id='word_1_2' title='bbox 1452 438 1544 492; x_wconf 78' lang='lat' dir='ltr'><strong>AD</strong></span> <span class='ocrx_word' id='word_1_3' title='bbox 1580 432 1805 520; x_wconf 64' lang='lat' dir='ltr'><strong>opem</strong></span> <span class='ocrx_word' id='word_1_4' title='bbox 1846 430 1902 486; x_wconf 88' lang='lat' dir='ltr'><strong>s.</strong></span> <span class='ocrx_word' id='word_1_5' title='bbox 1944 429 2272 486; x_wconf 68' lang='lat' dir='ltr'><strong>caseum!</strong></span> <span class='ocrx_word' id='word_1_6' title='bbox 2306 421 2748 493; x_wconf 77' lang='lat' dir='ltr'><strong>APPENDIL‘ES.</strong></span> 
     </span>
    </p>
   </div>
   <div class='ocr_carea' id='block_1_3' title="bbox 3587 446 3733 502">
    <p class='ocr_par' dir='ltr' id='par_1_3' title="bbox 3587 446 3733 502">
     <span class='ocr_line' id='line_1_3' title="bbox 3587 446 3733 502; baseline 0 0"><span class='ocrx_word' id='word_1_7' title='bbox 3587 446 3733 502; x_wconf 65' lang='lat'><strong>{372</strong></span> 
     </span>
    </p>
   </div>
   <div class='ocr_carea' id='block_1_4' title="bbox 460 529 3732 632">
    <p class='ocr_par' dir='ltr' id='par_1_4' title="bbox 460 529 3732 632">
     <span class='ocr_line' id='line_1_4' title="bbox 460 529 3732 632; baseline 0.002 -20"><span class='ocrx_word' id='word_1_8' title='bbox 460 557 633 627; x_wconf 81' lang='lat' dir='ltr'><strong>Cujus</strong></span> <span class='ocrx_word' id='word_1_9' title='bbox 674 556 978 627; x_wconf 76' lang='lat' dir='ltr'><strong>prudentia,</strong></span> <span class='ocrx_word' id='word_1_10' title='bbox 1023 569 1131 609; x_wconf 84' lang='lat' dir='ltr'><strong>non</strong></span> <span class='ocrx_word' id='word_1_11' title='bbox 1175 555 1353 609; x_wconf 81' lang='lat' dir='ltr'><strong>solent</strong></span> <span class='ocrx_word' id='word_1_12' title='bbox 1393 555 1446 608; x_wconf 94' lang='lat' dir='ltr'><strong>in</strong></span> <span class='ocrx_word' id='word_1_13' title='bbox 1483 554 1634 608; x_wconf 88' lang='lat' dir='ltr'><strong>Italia</strong></span> <span class='ocrx_word' id='word_1_14' title='bbox 1665 565 1748 610; x_wconf 84' lang='lat' dir='ltr'><strong>set</strong></span> <span class='ocrx_word' id='word_1_15' title='bbox 1785 529 1950 610; x_wconf 80' lang='lat' dir='ltr'><strong>etiam</strong></span> <span class='ocrx_word' id='word_1_16' title='bbox 1987 552 2042 606; x_wconf 91' lang='lat' dir='ltr'><strong>in</strong></span> <span class='ocrx_word' id='word_1_17' title='bbox 2073 557 2117 610; x_wconf 75' lang='grc' dir='ltr'><strong>Α</strong></span> <span class='ocrx_word' id='word_1_18' title='bbox 2142 563 2350 607; x_wconf 91' lang='lat' dir='ltr'><strong>cretum</strong></span> <span class='ocrx_word' id='word_1_19' title='bbox 2382 563 2463 608; x_wconf 90' lang='lat' dir='ltr'><strong>est</strong></span> <span class='ocrx_word' id='word_1_20' title='bbox 2498 571 2527 608; x_wconf 92' lang='lat' dir='ltr'><strong>a</strong></span> <span class='ocrx_word' id='word_1_21' title='bbox 2570 555 2832 626; x_wconf 78' lang='lat' dir='ltr'><strong>Gregorio</strong></span> <span class='ocrx_word' id='word_1_22' title='bbox 2872 572 3030 628; x_wconf 88' lang='lat' dir='ltr'><strong>papa,</strong></span> <span class='ocrx_word' id='word_1_23' title='bbox 3061 567 3121 612; x_wconf 90' lang='lat' dir='ltr'><strong>ut</strong></span> <span class='ocrx_word' id='word_1_24' title='bbox 3155 559 3338 615; x_wconf 84' lang='lat' dir='ltr'><strong>clerici</strong></span> <span class='ocrx_word' id='word_1_25' title='bbox 3365 561 3602 632; x_wconf 76' lang='lat' dir='ltr'><strong>aliquem</strong></span> <span class='ocrx_word' id='word_1_26' title='bbox 3638 580 3732 618; x_wconf 60' lang='lat' dir='ltr'><strong>sae</strong></span> 
     </span>
    </p>
   </div>
   <div class='ocr_carea' id='block_1_5' title="bbox 463 645 2047 718">
    <p class='ocr_par' dir='ltr' id='par_1_5' title="bbox 463 645 2047 718">
     <span class='ocr_line' id='line_1_5' title="bbox 463 645 2047 718; baseline -0.003 -18"><span class='ocrx_word' id='word_1_27' title='bbox 463 647 774 703; x_wconf 82' lang='lat' dir='ltr'><strong>Teutonicis</strong></span> <span class='ocrx_word' id='word_1_28' title='bbox 822 646 1092 718; x_wconf 85' lang='lat' dir='ltr'><strong>partibus,</strong></span> <span class='ocrx_word' id='word_1_29' title='bbox 1139 645 1408 701; x_wconf 76' lang='lat' dir='ltr'><strong>refrenata</strong></span> <span class='ocrx_word' id='word_1_30' title='bbox 1442 656 1530 702; x_wconf 87' lang='lat' dir='ltr'><strong>est</strong></span> <span class='ocrx_word' id='word_1_31' title='bbox 1575 648 1920 702; x_wconf 71' lang='lat' dir='ltr'><strong>sacerdotum</strong></span> <span class='ocrx_word' id='word_1_32' title='bbox 1964 645 2047 697; x_wconf 90' lang='lat' dir='ltr'><strong>in-</strong></span> 
     </span>
    </p>
   </div>
   <div class='ocr_carea' id='block_1_6' title="bbox 461 737 2044 809">
    <p class='ocr_par' dir='ltr' id='par_1_6' title="bbox 461 737 2044 809">
     <span class='ocr_line' id='line_1_6' title="bbox 461 737 2044 809; baseline 0.002 -15"><span class='ocrx_word' id='word_1_33' title='bbox 461 741 818 794; x_wconf 69' lang='lat' dir='ltr'><strong>continentia.</strong></span> <span class='ocrx_word' id='word_1_34' title='bbox 853 738 1071 792; x_wconf 84' lang='lat' dir='ltr'><strong>Scilicet</strong></span> <span class='ocrx_word' id='word_1_35' title='bbox 1097 737 1242 808; x_wconf 84' lang='lat' dir='ltr'><strong>quod</strong></span> <span class='ocrx_word' id='word_1_36' title='bbox 1273 737 1639 808; x_wconf 74' lang='lat' dir='ltr'><strong>przedecesso&#39;r</strong></span> <span class='ocrx_word' id='word_1_37' title='bbox 1659 739 1780 809; x_wconf 83' lang='lat' dir='ltr'><strong>ejus</strong></span> <span class='ocrx_word' id='word_1_38' title='bbox 1807 740 1862 792; x_wconf 90' lang='lat' dir='ltr'><strong>in</strong></span> <span class='ocrx_word' id='word_1_39' title='bbox 1896 738 2044 796; x_wconf 89' lang='lat' dir='ltr'><strong>Italia</strong></span> 
     </span>
    </p>
   </div>
   <div class='ocr_carea' id='block_1_7' title="bbox 460 829 2046 900">
    <p class='ocr_par' dir='ltr' id='par_1_7' title="bbox 460 829 2046 900">
     <span class='ocr_line' id='line_1_7' title="bbox 460 829 2046 900; baseline 0.004 -20"><span class='ocrx_word' id='word_1_40' title='bbox 460 830 761 898; x_wconf 78' lang='lat' dir='ltr'><strong>prohibuit,</strong></span> <span class='ocrx_word' id='word_1_41' title='bbox 793 829 895 883; x_wconf 89' lang='lat' dir='ltr'><strong>hoc</strong></span> <span class='ocrx_word' id='word_1_42' title='bbox 928 831 1042 898; x_wconf 91' lang='lat' dir='ltr'><strong>ipse</strong></span> <span class='ocrx_word' id='word_1_43' title='bbox 1078 829 1132 882; x_wconf 89' lang='lat' dir='ltr'><strong>in</strong></span> <span class='ocrx_word' id='word_1_44' title='bbox 1167 838 1278 883; x_wconf 90' lang='lat' dir='ltr'><strong>tota</strong></span> <span class='ocrx_word' id='word_1_45' title='bbox 1323 830 1590 884; x_wconf 88' lang='lat' dir='ltr'><strong>catholica</strong></span> <span class='ocrx_word' id='word_1_46' title='bbox 1617 830 1826 884; x_wconf 59' lang='lat' dir='ltr'><strong>arclesia</strong></span> <span class='ocrx_word' id='word_1_47' title='bbox 1860 833 2046 900; x_wconf 90' lang='lat' dir='ltr'><strong>prohi-</strong></span> 
     </span>
    </p>
   </div>
   <div class='ocr_carea' id='block_1_8' title="bbox 463 918 2044 990">
    <p class='ocr_par' dir='ltr' id='par_1_8' title="bbox 463 918 2044 990">
     <span class='ocr_line' id='line_1_8' title="bbox 463 918 2044 990; baseline 0.003 -18"><span class='ocrx_word' id='word_1_48' title='bbox 463 921 589 973; x_wconf 86' lang='lat' dir='ltr'><strong>bere</strong></span> <span class='ocrx_word' id='word_1_49' title='bbox 617 920 843 974; x_wconf 75' lang='lat' dir='ltr'><strong>studuit.</strong></span> <span class='ocrx_word' id='word_1_50' title='bbox 887 918 1022 972; x_wconf 87' lang='lat' dir='ltr'><strong>Tota</strong></span> <span class='ocrx_word' id='word_1_51' title='bbox 1060 918 1355 989; x_wconf 80' lang='lat' dir='ltr'><strong>Thuringia</strong></span> <span class='ocrx_word' id='word_1_52' title='bbox 1381 929 1436 974; x_wconf 90' lang='lat' dir='ltr'><strong>et</strong></span> <span class='ocrx_word' id='word_1_53' title='bbox 1468 919 1703 974; x_wconf 86' lang='lat' dir='ltr'><strong>Saxonia</strong></span> <span class='ocrx_word' id='word_1_54' title='bbox 1743 922 1852 990; x_wconf 81' lang='lat' dir='ltr'><strong>regi</strong></span> <span class='ocrx_word' id='word_1_55' title='bbox 1883 920 2044 977; x_wconf 87' lang='lat' dir='ltr'><strong>llein—</strong></span> 
     </span>
    </p>
   </div>
   <div class='ocr_carea' id='block_1_9' title="bbox 459 1011 2042 1081">
    <p class='ocr_par' dir='ltr' id='par_1_9' title="bbox 459 1011 2042 1081">
     <span class='ocr_line' id='line_1_9' title="bbox 459 1011 2042 1081; baseline 0.003 -17"><span class='ocrx_word' id='word_1_56' title='bbox 459 1013 574 1066; x_wconf 87' lang='lat' dir='ltr'><strong>rieo</strong></span> <span class='ocrx_word' id='word_1_57' title='bbox 611 1012 895 1075; x_wconf 91' lang='lat' dir='ltr'><strong>rebellant,</strong></span> <span class='ocrx_word' id='word_1_58' title='bbox 925 1021 1146 1081; x_wconf 90' lang='lat' dir='ltr'><strong>propter</strong></span> <span class='ocrx_word' id='word_1_59' title='bbox 1175 1012 1460 1081; x_wconf 77' lang='lat' dir='ltr'><strong>prtedictas</strong></span> <span class='ocrx_word' id='word_1_60' title='bbox 1497 1011 1828 1068; x_wconf 85' lang='lat' dir='ltr'><strong>munitiones</strong></span> <span class='ocrx_word' id='word_1_61' title='bbox 1855 1022 1908 1067; x_wconf 86' lang='lat' dir='ltr'><strong>et</strong></span> <span class='ocrx_word' id='word_1_62' title='bbox 1938 1015 2042 1069; x_wconf 88' lang='lat' dir='ltr'><strong>alia</strong></span> 
     </span>
    </p>
   </div>
   <div class='ocr_carea' id='block_1_10' title="bbox 459 1103 2042 1174">
    <p class='ocr_par' dir='ltr' id='par_1_10' title="bbox 459 1103 2042 1174">
     <span class='ocr_line' id='line_1_10' title="bbox 459 1103 2042 1174; baseline 0.002 -18"><span class='ocrx_word' id='word_1_63' title='bbox 459 1104 627 1156; x_wconf 91' lang='lat' dir='ltr'><strong>multa</strong></span> <span class='ocrx_word' id='word_1_64' title='bbox 664 1118 785 1173; x_wconf 71' lang='lat' dir='ltr'><strong>qum</strong></span> <span class='ocrx_word' id='word_1_65' title='bbox 828 1112 1018 1158; x_wconf 88' lang='lat' dir='ltr'><strong>contra</strong></span> <span class='ocrx_word' id='word_1_66' title='bbox 1060 1103 1393 1158; x_wconf 70' lang='lat' dir='ltr'><strong>voluntatem</strong></span> <span class='ocrx_word' id='word_1_67' title='bbox 1433 1103 1678 1172; x_wconf 90' lang='lat' dir='ltr'><strong>ejusdem</strong></span> <span class='ocrx_word' id='word_1_68' title='bbox 1724 1103 1906 1174; x_wconf 82' lang='lat' dir='ltr'><strong>populi</strong></span> <span class='ocrx_word' id='word_1_69' title='bbox 1947 1120 2042 1160; x_wconf 93' lang='lat' dir='ltr'><strong>rex</strong></span> 
     </span>
    </p>
   </div>
   <div class='ocr_carea' id='block_1_11' title="bbox 458 1186 2039 1264">
    <p class='ocr_par' dir='ltr' id='par_1_11' title="bbox 458 1186 2039 1264">
     <span class='ocr_line' id='line_1_11' title="bbox 458 1186 2039 1264; baseline 0.002 -18"><span class='ocrx_word' id='word_1_70' title='bbox 458 1186 516 1248; x_wconf 88' lang='lat' dir='ltr'><strong>in</strong></span> <span class='ocrx_word' id='word_1_71' title='bbox 545 1210 734 1247; x_wconf 89' lang='lat' dir='ltr'><strong>eorutn</strong></span> <span class='ocrx_word' id='word_1_72' title='bbox 774 1195 996 1264; x_wconf 76' lang='lat' dir='ltr'><strong>regione</strong></span> <span class='ocrx_word' id='word_1_73' title='bbox 1027 1193 1155 1248; x_wconf 77' lang='lat' dir='ltr'><strong>fecit</strong></span> <span class='ocrx_word' id='word_1_74' title='bbox 1183 1193 1508 1248; x_wconf 85' lang='lat' dir='ltr'><strong>inconsulte.</strong></span> <span class='ocrx_word' id='word_1_75' title='bbox 1538 1192 1891 1264; x_wconf 82' lang='lat' dir='ltr'><strong>Eggehardus</strong></span> <span class='ocrx_word' id='word_1_76' title='bbox 1915 1205 2039 1249; x_wconf 93' lang='lat' dir='ltr'><strong>tan-</strong></span> 
     </span>
    </p>
   </div>
   <div class='ocr_carea' id='block_1_12' title="bbox 455 1284 2038 1357">
    <p class='ocr_par' dir='ltr' id='par_1_12' title="bbox 455 1284 2038 1357">
     <span class='ocr_line' id='line_1_12' title="bbox 455 1284 2038 1357; baseline 0.003 -19"><span class='ocrx_word' id='word_1_77' title='bbox 455 1284 578 1339; x_wconf 66' lang='lat' dir='ltr'><strong>dem</strong></span> <span class='ocrx_word' id='word_1_78' title='bbox 615 1286 785 1346; x_wconf 84' lang='lat' dir='ltr'><strong>abbas</strong></span> <span class='ocrx_word' id='word_1_79' title='bbox 825 1285 1116 1355; x_wconf 81' lang='lat' dir='ltr'><strong>Augiensis</strong></span> <span class='ocrx_word' id='word_1_80' title='bbox 1147 1285 1404 1353; x_wconf 70' lang='lat' dir='ltr'><strong>edicitur,</strong></span> <span class='ocrx_word' id='word_1_81' title='bbox 1439 1295 1494 1342; x_wconf 88' lang='lat' dir='ltr'><strong>et</strong></span> <span class='ocrx_word' id='word_1_82' title='bbox 1527 1287 1866 1357; x_wconf 78' lang='lat' dir='ltr'><strong>a-prtedicto</strong></span> <span class='ocrx_word' id='word_1_83' title='bbox 1901 1301 2038 1357; x_wconf 85' lang='lat' dir='ltr'><strong>papa</strong></span> 
     </span>
    </p>
   </div>
   <div class='ocr_carea' id='block_1_13' title="bbox 458 1369 2028 1435">
    <p class='ocr_par' dir='ltr' id='par_1_13' title="bbox 458 1369 2028 1435">
     <span class='ocr_line' id='line_1_13' title="bbox 458 1369 2028 1435; baseline 0.003 -9"><span class='ocrx_word' id='word_1_84' title='bbox 458 1373 644 1430; x_wconf 74' lang='lat' dir='ltr'><strong>Itoma-</strong></span> <span class='ocrx_word' id='word_1_85' title='bbox 668 1386 1047 1432; x_wconf 88' lang='lat' dir='ltr'><strong>consecratur.</strong></span> <span class='ocrx_word' id='word_1_86' title='bbox 1440 1432 1444 1435; x_wconf 73' lang='grc'>,</span> <span class='ocrx_word' id='word_1_87' title='bbox 2025 1369 2028 1372; x_wconf 30' lang='grc'>⁴</span> 
     </span>
    </p>
   </div>
   <div class='ocr_carea' id='block_1_14' title="bbox 1112 1465 1401 1520">
    <p class='ocr_par' dir='ltr' id='par_1_14' title="bbox 1112 1465 1401 1520">
     <span class='ocr_line' id='line_1_14' title="bbox 1112 1465 1401 1520; baseline -0.003 0"><span class='ocrx_word' id='word_1_88' title='bbox 1112 1465 1401 1520; x_wconf 64' lang='grc' dir='ltr'><strong>ΜιᾹΧιν.</strong></span> 
     </span>
    </p>
   </div>
   <div class='ocr_carea' id='block_1_15' title="bbox 525 1555 2037 1628">
    <p class='ocr_par' dir='ltr' id='par_1_15' title="bbox 525 1555 2037 1628">
     <span class='ocr_line' id='line_1_15' title="bbox 525 1555 2037 1628; baseline 0.004 -21"><span class='ocrx_word' id='word_1_89' title='bbox 525 1555 810 1611; x_wconf 86' lang='lat' dir='ltr'><strong>lleinricus</strong></span> <span class='ocrx_word' id='word_1_90' title='bbox 836 1573 928 1611; x_wconf 88' lang='lat' dir='ltr'><strong>rex</strong></span> <span class='ocrx_word' id='word_1_91' title='bbox 958 1557 1276 1612; x_wconf 88' lang='lat' dir='ltr'><strong>absentibus</strong></span> <span class='ocrx_word' id='word_1_92' title='bbox 1312 1558 1397 1612; x_wconf 90' lang='lat' dir='ltr'><strong>sui</strong></span> <span class='ocrx_word' id='word_1_93' title='bbox 1432 1558 1583 1628; x_wconf 82' lang='lat' dir='ltr'><strong>regni</strong></span> <span class='ocrx_word' id='word_1_94' title='bbox 1608 1557 1945 1627; x_wconf 82' lang='lat' dir='ltr'><strong>principibus</strong></span> <span class='ocrx_word' id='word_1_95' title='bbox 1971 1572 2037 1612; x_wconf 91' lang='lat' dir='ltr'><strong>eo</strong></span> 
     </span>
    </p>
   </div>
   <div class='ocr_carea' id='block_1_16' title="bbox 454 1648 2036 1717">
    <p class='ocr_par' dir='ltr' id='par_1_16' title="bbox 454 1648 2036 1717">
     <span class='ocr_line' id='line_1_16' title="bbox 454 1648 2036 1717; baseline 0.005 -21"><span class='ocrx_word' id='word_1_96' title='bbox 454 1654 612 1716; x_wconf 80' lang='lat' dir='ltr'><strong>parto</strong></span> <span class='ocrx_word' id='word_1_97' title='bbox 659 1648 979 1717; x_wconf 80' lang='lat' dir='ltr'><strong>pacilicatur</strong></span> <span class='ocrx_word' id='word_1_98' title='bbox 1037 1663 1162 1703; x_wconf 87' lang='lat' dir='ltr'><strong>cum</strong></span> <span class='ocrx_word' id='word_1_99' title='bbox 1214 1648 1548 1715; x_wconf 69' lang='lat' dir='ltr'><strong>Saxonibus,</strong></span> <span class='ocrx_word' id='word_1_100' title='bbox 1601 1660 1658 1703; x_wconf 89' lang='lat' dir='ltr'><strong>ut</strong></span> <span class='ocrx_word' id='word_1_101' title='bbox 1705 1650 2036 1705; x_wconf 86' lang='lat' dir='ltr'><strong>munitiones</strong></span> 
     </span>
    </p>
   </div>
   <div class='ocr_carea' id='block_1_17' title="bbox 453 1739 2035 1810">
    <p class='ocr_par' dir='ltr' id='par_1_17' title="bbox 453 1739 2035 1810">
     <span class='ocr_line' id='line_1_17' title="bbox 453 1739 2035 1810; baseline 0.004 -23"><span class='ocrx_word' id='word_1_102' title='bbox 453 1739 722 1806; x_wconf 66' lang='lat' dir='ltr'><strong>pt&#39;iL‘tiiCIaB</strong></span> <span class='ocrx_word' id='word_1_103' title='bbox 763 1739 1196 1805; x_wconf 89' lang='lat' dir='ltr'><strong>destruerentur,</strong></span> <span class='ocrx_word' id='word_1_104' title='bbox 1239 1750 1459 1810; x_wconf 90' lang='lat' dir='ltr'><strong>propter</strong></span> <span class='ocrx_word' id='word_1_105' title='bbox 1505 1757 1644 1810; x_wconf 87' lang='lat' dir='ltr'><strong>quas</strong></span> <span class='ocrx_word' id='word_1_106' title='bbox 1681 1741 1873 1795; x_wconf 87' lang='lat' dir='ltr'><strong>seditio</strong></span> <span class='ocrx_word' id='word_1_107' title='bbox 1914 1751 2035 1796; x_wconf 92' lang='lat' dir='ltr'><strong>orta</strong></span> 
     </span>
    </p>
   </div>
   <div class='ocr_carea' id='block_1_18' title="bbox 450 1831 2035 1902">
    <p class='ocr_par' dir='ltr' id='par_1_18' title="bbox 450 1831 2035 1902">
     <span class='ocr_line' id='line_1_18' title="bbox 450 1831 2035 1902; baseline 0.004 -23"><span class='ocrx_word' id='word_1_108' title='bbox 450 1841 556 1892; x_wconf 75' lang='lat' dir='ltr'><strong>est.</strong></span> <span class='ocrx_word' id='word_1_109' title='bbox 585 1846 708 1902; x_wconf 67' lang='lat' dir='ltr'><strong>qua&quot;:</strong></span> <span class='ocrx_word' id='word_1_110' title='bbox 735 1843 788 1886; x_wconf 88' lang='lat' dir='ltr'><strong>et</strong></span> <span class='ocrx_word' id='word_1_111' title='bbox 818 1841 1002 1901; x_wconf 88' lang='lat' dir='ltr'><strong>postea</strong></span> <span class='ocrx_word' id='word_1_112' title='bbox 1033 1843 1161 1888; x_wconf 90' lang='lat' dir='ltr'><strong>sunt</strong></span> <span class='ocrx_word' id='word_1_113' title='bbox 1184 1833 1494 1886; x_wconf 66' lang='lat' dir='ltr'><strong>destrui-tre.</strong></span> <span class='ocrx_word' id='word_1_114' title='bbox 1522 1831 1824 1887; x_wconf 81' lang='lat' dir='ltr'><strong>lloudolfus</strong></span> <span class='ocrx_word' id='word_1_115' title='bbox 1850 1832 1957 1886; x_wconf 84' lang='lat' dir='ltr'><strong>dux</strong></span> <span class='ocrx_word' id='word_1_116' title='bbox 1980 1841 2035 1886; x_wconf 90' lang='lat' dir='ltr'><strong>et</strong></span> 
     </span>
    </p>
   </div>
   <div class='ocr_carea' id='block_1_19' title="bbox 451 1920 2035 1993">
    <p class='ocr_par' dir='ltr' id='par_1_19' title="bbox 451 1920 2035 1993">
     <span class='ocr_line' id='line_1_19' title="bbox 451 1920 2035 1993; baseline 0.001 -19"><span class='ocrx_word' id='word_1_117' title='bbox 451 1921 617 1976; x_wconf 78' lang='lat' dir='ltr'><strong>ceteri</strong></span> <span class='ocrx_word' id='word_1_118' title='bbox 649 1922 1072 1977; x_wconf 89' lang='lat' dir='ltr'><strong>reconciliantur</strong></span> <span class='ocrx_word' id='word_1_119' title='bbox 1103 1923 1238 1990; x_wconf 82' lang='lat' dir='ltr'><strong>regi.</strong></span> <span class='ocrx_word' id='word_1_120' title='bbox 1277 1920 1390 1977; x_wconf 87' lang='lat' dir='ltr'><strong>lloe</strong></span> <span class='ocrx_word' id='word_1_121' title='bbox 1417 1932 1658 1992; x_wconf 90' lang='lat' dir='ltr'><strong>tempore</strong></span> <span class='ocrx_word' id='word_1_122' title='bbox 1690 1923 1853 1991; x_wconf 83' lang='lat' dir='ltr'><strong>legati</strong></span> <span class='ocrx_word' id='word_1_123' title='bbox 1889 1921 2035 1993; x_wconf 62' lang='lat' dir='ltr'><strong>sedis</strong></span> 
     </span>
    </p>
   </div>
   <div class='ocr_carea' id='block_1_20' title="bbox 451 2012 2033 2081">
    <p class='ocr_par' dir='ltr' id='par_1_20' title="bbox 451 2012 2033 2081">
     <span class='ocr_line' id='line_1_20' title="bbox 451 2012 2033 2081; baseline 0.001 -17"><span class='ocrx_word' id='word_1_124' title='bbox 451 2012 761 2080; x_wconf 62' lang='grc' dir='ltr'><strong>ειικιειοιὶςε</strong></span> <span class='ocrx_word' id='word_1_125' title='bbox 791 2013 845 2066; x_wconf 92' lang='lat' dir='ltr'><strong>in</strong></span> <span class='ocrx_word' id='word_1_126' title='bbox 875 2012 1250 2066; x_wconf 80' lang='lat' dir='ltr'><strong>Alemanniam</strong></span> <span class='ocrx_word' id='word_1_127' title='bbox 1283 2012 1349 2067; x_wconf 88' lang='lat' dir='ltr'><strong>ad</strong></span> <span class='ocrx_word' id='word_1_128' title='bbox 1381 2028 1562 2081; x_wconf 77' lang='lat' dir='ltr'><strong>regem</strong></span> <span class='ocrx_word' id='word_1_129' title='bbox 1593 2027 1810 2076; x_wconf 81' lang='lat' dir='ltr'><strong>venere,</strong></span> <span class='ocrx_word' id='word_1_130' title='bbox 1843 2026 1941 2080; x_wconf 54' lang='grc' dir='ltr'><strong>τοῖο</strong></span> <span class='ocrx_word' id='word_1_131' title='bbox 1965 2012 2033 2042; x_wconf 81' lang='grc'><strong>⁸¹³</strong></span> 
     </span>
    </p>
   </div>
   <div class='ocr_carea' id='block_1_21' title="bbox 454 2103 2033 2174">
    <p class='ocr_par' dir='ltr' id='par_1_21' title="bbox 454 2103 2033 2174">
     <span class='ocr_line' id='line_1_21' title="bbox 454 2103 2033 2174; baseline 0.001 -19"><span class='ocrx_word' id='word_1_132' title='bbox 454 2103 626 2172; x_wconf 80' lang='lat' dir='ltr'><strong>ipsius</strong></span> <span class='ocrx_word' id='word_1_133' title='bbox 655 2104 798 2172; x_wconf 83' lang='lat' dir='ltr'><strong>regis</strong></span> <span class='ocrx_word' id='word_1_134' title='bbox 823 2104 1069 2158; x_wconf 90' lang='lat' dir='ltr'><strong>moribus</strong></span> <span class='ocrx_word' id='word_1_135' title='bbox 1093 2105 1448 2174; x_wconf 79' lang='lat' dir='ltr'><strong>corrigendis.</strong></span> <span class='ocrx_word' id='word_1_136' title='bbox 1487 2103 1543 2158; x_wconf 93' lang='lat' dir='ltr'><strong>In</strong></span> <span class='ocrx_word' id='word_1_137' title='bbox 1575 2115 1810 2172; x_wconf 70' lang='lat' dir='ltr'><strong>quorum</strong></span> <span class='ocrx_word' id='word_1_138' title='bbox 1839 2115 2033 2156; x_wconf 86' lang='lat' dir='ltr'><strong>manus</strong></span> 
     </span>
    </p>
   </div>
   <div class='ocr_carea' id='block_1_22' title="bbox 449 2193 2030 2264">
    <p class='ocr_par' dir='ltr' id='par_1_22' title="bbox 449 2193 2030 2264">
     <span class='ocr_line' id='line_1_22' title="bbox 449 2193 2030 2264; baseline -0.002 -16"><span class='ocrx_word' id='word_1_139' title='bbox 449 2212 509 2248; x_wconf 81' lang='lat' dir='ltr'><strong>se</strong></span> <span class='ocrx_word' id='word_1_140' title='bbox 555 2210 647 2255; x_wconf 82' lang='lat' dir='ltr'><strong>rex</strong></span> <span class='ocrx_word' id='word_1_141' title='bbox 696 2195 811 2263; x_wconf 89' lang='lat' dir='ltr'><strong>ipse</strong></span> <span class='ocrx_word' id='word_1_142' title='bbox 854 2195 956 2248; x_wconf 88' lang='lat' dir='ltr'><strong>sub</strong></span> <span class='ocrx_word' id='word_1_143' title='bbox 995 2197 1352 2249; x_wconf 86' lang='lat' dir='ltr'><strong>correctionis</strong></span> <span class='ocrx_word' id='word_1_144' title='bbox 1396 2194 1689 2264; x_wconf 87' lang='lat' dir='ltr'><strong>sponsione</strong></span> <span class='ocrx_word' id='word_1_145' title='bbox 1737 2193 2030 2257; x_wconf 83' lang='lat' dir='ltr'><strong>commisit,</strong></span> 
     </span>
    </p>
   </div>
   <div class='ocr_carea' id='block_1_23' title="bbox 450 2283 2032 2354">
    <p class='ocr_par' dir='ltr' id='par_1_23' title="bbox 450 2283 2032 2354">
     <span class='ocr_line' id='line_1_23' title="bbox 450 2283 2032 2354; baseline 0.001 -17"><span class='ocrx_word' id='word_1_146' title='bbox 450 2300 722 2354; x_wconf 87' lang='lat' dir='ltr'><strong>suumque</strong></span> <span class='ocrx_word' id='word_1_147' title='bbox 751 2285 1012 2339; x_wconf 75' lang='lat' dir='ltr'><strong>auxilium</strong></span> <span class='ocrx_word' id='word_1_148' title='bbox 1036 2285 1240 2340; x_wconf 90' lang='lat' dir='ltr'><strong>domno</strong></span> <span class='ocrx_word' id='word_1_149' title='bbox 1263 2287 1562 2354; x_wconf 81' lang='lat' dir='ltr'><strong>apostolico</strong></span> <span class='ocrx_word' id='word_1_150' title='bbox 1592 2287 1657 2340; x_wconf 64' lang='lat' dir='ltr'><strong>ad</strong></span> <span class='ocrx_word' id='word_1_151' title='bbox 1684 2283 2032 2352; x_wconf 70' lang='lat' dir='ltr'><strong>deponendos</strong></span> 
     </span>
    </p>
   </div>
   <div class='ocr_carea' id='block_1_24' title="bbox 451 2375 2032 2446">
    <p class='ocr_par' dir='ltr' id='par_1_24' title="bbox 451 2375 2032 2446">
     <span class='ocr_line' id='line_1_24' title="bbox 451 2375 2032 2446; baseline -0.001 -18"><span class='ocrx_word' id='word_1_152' title='bbox 451 2376 797 2446; x_wconf 73' lang='lat' dir='ltr'><strong>sviiioniaeos</strong></span> <span class='ocrx_word' id='word_1_153' title='bbox 844 2375 1157 2430; x_wconf 79' lang='lat' dir='ltr'><strong>firmissime</strong></span> <span class='ocrx_word' id='word_1_154' title='bbox 1205 2377 1475 2444; x_wconf 82' lang='lat' dir='ltr'><strong>promisit.</strong></span> <span class='ocrx_word' id='word_1_155' title='bbox 1527 2375 1633 2443; x_wconf 90' lang='lat' dir='ltr'><strong>Ipsi</strong></span> <span class='ocrx_word' id='word_1_156' title='bbox 1676 2376 1839 2429; x_wconf 77' lang='lat' dir='ltr'><strong>etiam</strong></span> <span class='ocrx_word' id='word_1_157' title='bbox 1889 2375 2032 2443; x_wconf 73' lang='lat' dir='ltr'><strong>regis</strong></span> 
     </span>
    </p>
   </div>
   <div class='ocr_carea' id='block_1_25' title="bbox 447 2464 2033 2534">
    <p class='ocr_par' dir='ltr' id='par_1_25' title="bbox 447 2464 2033 2534">
     <span class='ocr_line' id='line_1_25' title="bbox 447 2464 2033 2534; baseline 0.001 -18"><span class='ocrx_word' id='word_1_158' title='bbox 447 2464 746 2518; x_wconf 75' lang='lat' dir='ltr'><strong>consiliarii</strong></span> <span class='ocrx_word' id='word_1_159' title='bbox 775 2479 967 2519; x_wconf 87' lang='lat' dir='ltr'><strong>omnes</strong></span> <span class='ocrx_word' id='word_1_160' title='bbox 1008 2479 1094 2519; x_wconf 91' lang='lat' dir='ltr'><strong>res</strong></span> <span class='ocrx_word' id='word_1_161' title='bbox 1126 2465 1464 2519; x_wconf 58' lang='lat' dir='ltr'><strong>ecclesiarum</strong></span> <span class='ocrx_word' id='word_1_162' title='bbox 1507 2465 1704 2534; x_wconf 79' lang='lat' dir='ltr'><strong>injuste</strong></span> <span class='ocrx_word' id='word_1_163' title='bbox 1736 2464 2033 2532; x_wconf 66' lang='lat' dir='ltr'><strong>arcuisitas</strong></span> 
     </span>
    </p>
   </div>
   <div class='ocr_carea' id='block_1_26' title="bbox 449 2547 2032 2625">
    <p class='ocr_par' dir='ltr' id='par_1_26' title="bbox 449 2547 2032 2625">
     <span class='ocr_line' id='line_1_26' title="bbox 449 2547 2032 2625; baseline -0.001 -18"><span class='ocrx_word' id='word_1_164' title='bbox 449 2570 507 2607; x_wconf 89' lang='lat' dir='ltr'><strong>se</strong></span> <span class='ocrx_word' id='word_1_165' title='bbox 541 2547 868 2618; x_wconf 84' lang='lat' dir='ltr'><strong>reddituros,</strong></span> <span class='ocrx_word' id='word_1_166' title='bbox 892 2569 1076 2608; x_wconf 90' lang='lat' dir='ltr'><strong>coram</strong></span> <span class='ocrx_word' id='word_1_167' title='bbox 1101 2555 1305 2610; x_wconf 83' lang='lat' dir='ltr'><strong>eisdem</strong></span> <span class='ocrx_word' id='word_1_168' title='bbox 1337 2557 1527 2625; x_wconf 85' lang='lat' dir='ltr'><strong>legatis</strong></span> <span class='ocrx_word' id='word_1_169' title='bbox 1556 2557 1659 2610; x_wconf 81' lang='lat' dir='ltr'><strong>sub</strong></span> <span class='ocrx_word' id='word_1_170' title='bbox 1688 2563 2032 2609; x_wconf 77' lang='lat' dir='ltr'><strong>sacramento</strong></span> 
     </span>
    </p>
   </div>
   <div class='ocr_carea' id='block_1_27' title="bbox 449 2642 2030 2716">
    <p class='ocr_par' dir='ltr' id='par_1_27' title="bbox 449 2642 2030 2716">
     <span class='ocr_line' id='line_1_27' title="bbox 449 2642 2030 2716; baseline 0.001 -21"><span class='ocrx_word' id='word_1_171' title='bbox 449 2643 779 2712; x_wconf 84' lang='lat' dir='ltr'><strong>promisere;</strong></span> <span class='ocrx_word' id='word_1_172' title='bbox 829 2645 1031 2713; x_wconf 85' lang='lat' dir='ltr'><strong>quippe</strong></span> <span class='ocrx_word' id='word_1_173' title='bbox 1071 2644 1165 2713; x_wconf 89' lang='lat' dir='ltr'><strong>qui</strong></span> <span class='ocrx_word' id='word_1_174' title='bbox 1211 2647 1426 2699; x_wconf 78' lang='lat' dir='ltr'><strong>easdem</strong></span> <span class='ocrx_word' id='word_1_175' title='bbox 1485 2661 1573 2699; x_wconf 87' lang='lat' dir='ltr'><strong>res</strong></span> <span class='ocrx_word' id='word_1_176' title='bbox 1620 2661 1648 2700; x_wconf 88' lang='lat' dir='ltr'><strong>a</strong></span> <span class='ocrx_word' id='word_1_177' title='bbox 1699 2642 2030 2716; x_wconf 53' lang='lat' dir='ltr'><strong>symoniacis</strong></span> 
     </span>
    </p>
   </div>
   <div class='ocr_carea' id='block_1_28' title="bbox 449 2735 2028 2806">
    <p class='ocr_par' dir='ltr' id='par_1_28' title="bbox 449 2735 2028 2806">
     <span class='ocr_line' id='line_1_28' title="bbox 449 2735 2028 2806; baseline 0.001 -18"><span class='ocrx_word' id='word_1_178' title='bbox 449 2743 722 2800; x_wconf 85' lang='lat' dir='ltr'><strong>emerunt,</strong></span> <span class='ocrx_word' id='word_1_179' title='bbox 749 2735 980 2789; x_wconf 88' lang='lat' dir='ltr'><strong>consilio</strong></span> <span class='ocrx_word' id='word_1_180' title='bbox 1015 2750 1116 2790; x_wconf 90' lang='lat' dir='ltr'><strong>suo</strong></span> <span class='ocrx_word' id='word_1_181' title='bbox 1144 2736 1364 2791; x_wconf 86' lang='lat' dir='ltr'><strong>eosdem</strong></span> <span class='ocrx_word' id='word_1_182' title='bbox 1406 2737 1654 2806; x_wconf 61' lang='lat' dir='ltr'><strong>indignos</strong></span> <span class='ocrx_word' id='word_1_183' title='bbox 1687 2736 1752 2791; x_wconf 87' lang='lat' dir='ltr'><strong>ad</strong></span> <span class='ocrx_word' id='word_1_184' title='bbox 1788 2735 2028 2790; x_wconf 56' lang='lat' dir='ltr'><strong>amissis.-</strong></span> 
     </span>
    </p>
   </div>
   <div class='ocr_carea' id='block_1_29' title="bbox 449 2823 2028 2897">
    <p class='ocr_par' dir='ltr' id='par_1_29' title="bbox 449 2823 2028 2897">
     <span class='ocr_line' id='line_1_29' title="bbox 449 2823 2028 2897; baseline 0.003 -21"><span class='ocrx_word' id='word_1_185' title='bbox 449 2823 648 2878; x_wconf 83' lang='lat' dir='ltr'><strong>sticum</strong></span> <span class='ocrx_word' id='word_1_186' title='bbox 689 2825 952 2880; x_wconf 88' lang='lat' dir='ltr'><strong>honorem</strong></span> <span class='ocrx_word' id='word_1_187' title='bbox 990 2826 1314 2896; x_wconf 90' lang='lat' dir='ltr'><strong>adjuvando.</strong></span> <span class='ocrx_word' id='word_1_188' title='bbox 1364 2825 1458 2882; x_wconf 89' lang='lat' dir='ltr'><strong>llis</strong></span> <span class='ocrx_word' id='word_1_189' title='bbox 1498 2829 1569 2885; x_wconf 75' lang='lat' dir='ltr'><strong>ita</strong></span> <span class='ocrx_word' id='word_1_190' title='bbox 1610 2828 1908 2897; x_wconf 73' lang='lat' dir='ltr'><strong>dispositis,</strong></span> <span class='ocrx_word' id='word_1_191' title='bbox 1947 2826 2028 2880; x_wconf 79' lang='lat' dir='ltr'><strong>le—</strong></span> 
     </span>
    </p>
   </div>
   <div class='ocr_carea' id='block_1_30' title="bbox 446 2915 2026 2988">
    <p class='ocr_par' dir='ltr' id='par_1_30' title="bbox 446 2915 2026 2988">
     <span class='ocr_line' id='line_1_30' title="bbox 446 2915 2026 2988; baseline 0.006 -21"><span class='ocrx_word' id='word_1_192' title='bbox 446 2916 556 2982; x_wconf 89' lang='lat' dir='ltr'><strong>gati</strong></span> <span class='ocrx_word' id='word_1_193' title='bbox 589 2915 732 2970; x_wconf 87' lang='lat' dir='ltr'><strong>sedis</strong></span> <span class='ocrx_word' id='word_1_194' title='bbox 757 2917 1069 2986; x_wconf 59' lang='lat' dir='ltr'><strong>apostolicae</strong></span> <span class='ocrx_word' id='word_1_195' title='bbox 1097 2920 1375 2973; x_wconf 89' lang='lat' dir='ltr'><strong>redierunt</strong></span> <span class='ocrx_word' id='word_1_196' title='bbox 1400 2921 1468 2952; x_wconf 69' lang='grc'><strong>³³⁵</strong></span> <span class='ocrx_word' id='word_1_197' title='bbox 1493 2921 1694 2988; x_wconf 69' lang='grc'><strong>(1296).</strong></span> <span class='ocrx_word' id='word_1_198' title='bbox 1723 2919 2026 2977; x_wconf 84' lang='lat' dir='ltr'><strong>liereman-</strong></span> 
     </span>
    </p>
   </div>
   <div class='ocr_carea' id='block_1_31' title="bbox 453 3005 2031 3084">
    <p class='ocr_par' dir='ltr' id='par_1_31' title="bbox 453 3005 2031 3084">
     <span class='ocr_line' id='line_1_31' title="bbox 453 3005 2031 3084; baseline 0.005 -26"><span class='ocrx_word' id='word_1_199' title='bbox 453 3020 559 3059; x_wconf 88' lang='lat' dir='ltr'><strong>nus</strong></span> <span class='ocrx_word' id='word_1_200' title='bbox 583 3007 849 3073; x_wconf 85' lang='lat' dir='ltr'><strong>marchio,</strong></span> <span class='ocrx_word' id='word_1_201' title='bbox 885 3009 1030 3084; x_wconf 84' lang='lat' dir='ltr'><strong>tilius</strong></span> <span class='ocrx_word' id='word_1_202' title='bbox 1053 3005 1120 3040; x_wconf 81' lang='lat'><strong>&quot;&quot;</strong></span> <span class='ocrx_word' id='word_1_203' title='bbox 1157 3008 1391 3064; x_wconf 85' lang='lat' dir='ltr'><strong>Bcrtaldi</strong></span> <span class='ocrx_word' id='word_1_204' title='bbox 1431 3011 1606 3075; x_wconf 79' lang='lat' dir='ltr'><strong>duris,</strong></span> <span class='ocrx_word' id='word_1_205' title='bbox 1645 3012 1892 3066; x_wconf 87' lang='lat' dir='ltr'><strong>Cluniaci</strong></span> <span class='ocrx_word' id='word_1_206' title='bbox 1927 3026 2031 3066; x_wconf 50' lang='lat' dir='ltr'><strong>aa.-</strong></span> 
     </span>
    </p>
   </div>
   <div class='ocr_carea' id='block_1_32' title="bbox 445 3097 2028 3170">
    <p class='ocr_par' dir='ltr' id='par_1_32' title="bbox 445 3097 2028 3170">
     <span class='ocr_line' id='line_1_32' title="bbox 445 3097 2028 3170; baseline 0.004 -19"><span class='ocrx_word' id='word_1_207' title='bbox 445 3097 672 3166; x_wconf 82' lang='lat' dir='ltr'><strong>gelicam</strong></span> <span class='ocrx_word' id='word_1_208' title='bbox 719 3099 886 3154; x_wconf 89' lang='lat' dir='ltr'><strong>vitam</strong></span> <span class='ocrx_word' id='word_1_209' title='bbox 938 3098 1334 3170; x_wconf 83' lang='lat' dir='ltr'><strong>perfectissime</strong></span> <span class='ocrx_word' id='word_1_210' title='bbox 1383 3102 1654 3170; x_wconf 86' lang='lat' dir='ltr'><strong>arripiens</strong></span> <span class='ocrx_word' id='word_1_211' title='bbox 1708 3102 1807 3167; x_wconf 86' lang='grc'><strong>³¹⁷,</strong></span> <span class='ocrx_word' id='word_1_212' title='bbox 1853 3105 2028 3158; x_wconf 82' lang='lat' dir='ltr'><strong>adhuc</strong></span> 
     </span>
    </p>
   </div>
   <div class='ocr_carea' id='block_1_33' title="bbox 446 3188 2098 3272">
    <p class='ocr_par' dir='ltr' id='par_1_33' title="bbox 446 3188 2098 3272">
     <span class='ocr_line' id='line_1_33' title="bbox 446 3188 2098 3272; baseline 0.007 -32"><span class='ocrx_word' id='word_1_213' title='bbox 446 3188 785 3253; x_wconf 81' lang='lat' dir='ltr'><strong>adolescens,</strong></span> <span class='ocrx_word' id='word_1_214' title='bbox 811 3203 981 3244; x_wconf 88' lang='lat' dir='ltr'><strong>uxore</strong></span> <span class='ocrx_word' id='word_1_215' title='bbox 1002 3201 1056 3244; x_wconf 90' lang='lat' dir='ltr'><strong>et</strong></span> <span class='ocrx_word' id='word_1_216' title='bbox 1083 3192 1246 3245; x_wconf 91' lang='lat' dir='ltr'><strong>unico</strong></span> <span class='ocrx_word' id='word_1_217' title='bbox 1269 3192 1380 3245; x_wconf 86' lang='lat' dir='ltr'><strong>tilio</strong></span> <span class='ocrx_word' id='word_1_218' title='bbox 1405 3202 1457 3245; x_wconf 89' lang='lat' dir='ltr'><strong>et</strong></span> <span class='ocrx_word' id='word_1_219' title='bbox 1482 3193 1737 3246; x_wconf 84' lang='lat' dir='ltr'><strong>omnibus</strong></span> <span class='ocrx_word' id='word_1_220' title='bbox 1760 3207 1882 3261; x_wconf 63' lang='lat' dir='ltr'><strong>quae</strong></span> <span class='ocrx_word' id='word_1_221' title='bbox 1905 3208 2031 3261; x_wconf 69' lang='lat' dir='ltr'><strong>pos~</strong></span> <span class='ocrx_word' id='word_1_222' title='bbox 2055 3215 2098 3272; x_wconf 70' lang='grc' dir='ltr'>ο</span> 
     </span>
    </p>
   </div>
   <div class='ocr_carea' id='block_1_34' title="bbox 447 3278 2029 3354">
    <p class='ocr_par' dir='ltr' id='par_1_34' title="bbox 447 3278 2029 3354">
     <span class='ocr_line' id='line_1_34' title="bbox 447 3278 2029 3354; baseline 0.005 -23"><span class='ocrx_word' id='word_1_223' title='bbox 447 3278 661 3333; x_wconf 81' lang='lat' dir='ltr'><strong>sederat</strong></span> <span class='ocrx_word' id='word_1_224' title='bbox 703 3279 972 3336; x_wconf 89' lang='lat' dir='ltr'><strong>derelictis</strong></span> <span class='ocrx_word' id='word_1_225' title='bbox 1017 3281 1105 3346; x_wconf 73' lang='lat' dir='ltr'><strong>m,</strong></span> <span class='ocrx_word' id='word_1_226' title='bbox 1154 3297 1278 3336; x_wconf 89' lang='lat' dir='ltr'><strong>vere</strong></span> <span class='ocrx_word' id='word_1_227' title='bbox 1311 3283 1634 3349; x_wconf 72' lang='lat' dir='ltr'><strong>monachus,</strong></span> <span class='ocrx_word' id='word_1_228' title='bbox 1679 3284 1930 3354; x_wconf 77' lang='lat' dir='ltr'><strong>migravit</strong></span> <span class='ocrx_word' id='word_1_229' title='bbox 1960 3285 2029 3339; x_wconf 89' lang='lat' dir='ltr'><strong>ad</strong></span> 
     </span>
    </p>
   </div>
   <div class='ocr_carea' id='block_1_35' title="bbox 449 3358 1493 3443">
    <p class='ocr_par' dir='ltr' id='par_1_35' title="bbox 449 3358 1493 3443">
     <span class='ocr_line' id='line_1_35' title="bbox 449 3358 1493 3443; baseline 0.008 -24"><span class='ocrx_word' id='word_1_230' title='bbox 449 3358 764 3437; x_wconf 74' lang='lat' dir='ltr'><strong>Dominum,</strong></span> <span class='ocrx_word' id='word_1_231' title='bbox 802 3372 832 3424; x_wconf 88' lang='lat'><strong>7</strong></span> <span class='ocrx_word' id='word_1_232' title='bbox 878 3372 1104 3429; x_wconf 78' lang='lat' dir='ltr'><strong>Kalend.</strong></span> <span class='ocrx_word' id='word_1_233' title='bbox 1133 3373 1258 3427; x_wconf 84' lang='lat' dir='ltr'><strong>Maii</strong></span> <span class='ocrx_word' id='word_1_234' title='bbox 1290 3375 1493 3443; x_wconf 61' lang='lat' dir='ltr'><strong>(r297).</strong></span> 
     </span>
    </p>
   </div>
   <div class='ocr_carea' id='block_1_36' title="bbox 1102 3463 1367 3516">
    <p class='ocr_par' dir='ltr' id='par_1_36' title="bbox 1102 3463 1367 3516">
     <span class='ocr_line' id='line_1_36' title="bbox 1102 3463 1367 3516; baseline 0 0"><span class='ocrx_word' id='word_1_235' title='bbox 1102 3463 1367 3516; x_wconf 70' lang='lat' dir='ltr'><strong>MLXXV.</strong></span> 
     </span>
    </p>
   </div>
   <div class='ocr_carea' id='block_1_37' title="bbox 522 3550 2027 3624">
    <p class='ocr_par' dir='ltr' id='par_1_37' title="bbox 522 3550 2027 3624">
     <span class='ocr_line' id='line_1_37' title="bbox 522 3550 2027 3624; baseline 0.004 -20"><span class='ocrx_word' id='word_1_236' title='bbox 522 3550 810 3608; x_wconf 82' lang='lat' dir='ltr'><strong>lleinricus</strong></span> <span class='ocrx_word' id='word_1_237' title='bbox 866 3569 958 3609; x_wconf 89' lang='lat' dir='ltr'><strong>rex</strong></span> <span class='ocrx_word' id='word_1_238' title='bbox 1013 3555 1351 3609; x_wconf 83' lang='lat' dir='ltr'><strong>nativitatem</strong></span> <span class='ocrx_word' id='word_1_239' title='bbox 1405 3554 1620 3608; x_wconf 83' lang='lat' dir='ltr'><strong>Domini</strong></span> <span class='ocrx_word' id='word_1_240' title='bbox 1678 3555 2027 3624; x_wconf 66' lang='lat' dir='ltr'><strong>Argentoraei</strong></span> 
     </span>
    </p>
   </div>
   <div class='ocr_carea' id='block_1_38' title="bbox 448 3643 2027 3712">
    <p class='ocr_par' dir='ltr' id='par_1_38' title="bbox 448 3643 2027 3712">
     <span class='ocr_line' id='line_1_38' title="bbox 448 3643 2027 3712; baseline 0.003 -16"><span class='ocrx_word' id='word_1_241' title='bbox 448 3643 592 3697; x_wconf 74' lang='lat' dir='ltr'><strong>fecit.</strong></span> <span class='ocrx_word' id='word_1_242' title='bbox 628 3643 1038 3712; x_wconf 77' lang='lat' dir='ltr'><strong>Expeditionem</strong></span> <span class='ocrx_word' id='word_1_243' title='bbox 1086 3647 1140 3700; x_wconf 93' lang='lat' dir='ltr'><strong>in</strong></span> <span class='ocrx_word' id='word_1_244' title='bbox 1185 3645 1482 3701; x_wconf 86' lang='lat' dir='ltr'><strong>Saxoniam</strong></span> <span class='ocrx_word' id='word_1_245' title='bbox 1523 3648 1810 3701; x_wconf 76' lang='lat' dir='ltr'><strong>ordinavit.</strong></span> <span class='ocrx_word' id='word_1_246' title='bbox 1859 3646 2027 3700; x_wconf 86' lang='lat' dir='ltr'><strong>Here-</strong></span> 
     </span>
    </p>
   </div>
   <div class='ocr_carea' id='block_1_39' title="bbox 452 3723 2027 3814">
    <p class='ocr_par' dir='ltr' id='par_1_39' title="bbox 452 3723 2027 3814">
     <span class='ocr_line' id='line_1_39' title="bbox 452 3723 2027 3814; baseline 0.001 -26"><span class='ocrx_word' id='word_1_247' title='bbox 452 3750 686 3789; x_wconf 89' lang='lat' dir='ltr'><strong>mannus</strong></span> <span class='ocrx_word' id='word_1_248' title='bbox 710 3734 1166 3814; x_wconf 79' lang='lat' dir='ltr'><strong>Babinbergensis</strong></span> <span class='ocrx_word' id='word_1_249' title='bbox 1187 3723 1499 3806; x_wconf 83' lang='lat' dir='ltr'><strong>episcopus,</strong></span> <span class='ocrx_word' id='word_1_250' title='bbox 1525 3753 1554 3791; x_wconf 93' lang='lat' dir='ltr'><strong>a</strong></span> <span class='ocrx_word' id='word_1_251' title='bbox 1581 3738 1796 3792; x_wconf 85' lang='lat' dir='ltr'><strong>clericis</strong></span> <span class='ocrx_word' id='word_1_252' title='bbox 1821 3738 1935 3792; x_wconf 85' lang='lat' dir='ltr'><strong>suis</strong></span> <span class='ocrx_word' id='word_1_253' title='bbox 1960 3737 2027 3768; x_wconf 76' lang='lat'><strong>“’</strong></span> 
     </span>
    </p>
   </div>
   <div class='ocr_carea' id='block_1_40' title="bbox 451 3826 2024 3898">
    <p class='ocr_par' dir='ltr' id='par_1_40' title="bbox 451 3826 2024 3898">
     <span class='ocr_line' id='line_1_40' title="bbox 451 3826 2024 3898; baseline 0.003 -20"><span class='ocrx_word' id='word_1_254' title='bbox 451 3841 549 3894; x_wconf 90' lang='lat' dir='ltr'><strong>pro</strong></span> <span class='ocrx_word' id='word_1_255' title='bbox 581 3826 879 3895; x_wconf 84' lang='lat' dir='ltr'><strong>simoniaca</strong></span> <span class='ocrx_word' id='word_1_256' title='bbox 911 3829 1086 3881; x_wconf 88' lang='lat' dir='ltr'><strong>heresi</strong></span> <span class='ocrx_word' id='word_1_257' title='bbox 1125 3838 1434 3893; x_wconf 87' lang='lat' dir='ltr'><strong>accusatus,</strong></span> <span class='ocrx_word' id='word_1_258' title='bbox 1480 3844 1510 3881; x_wconf 86' lang='lat' dir='ltr'><strong>a</strong></span> <span class='ocrx_word' id='word_1_259' title='bbox 1551 3845 1686 3896; x_wconf 68' lang='lat' dir='ltr'><strong>papa</strong></span> <span class='ocrx_word' id='word_1_260' title='bbox 1720 3829 2024 3898; x_wconf 70' lang='lat' dir='ltr'><strong>deponitur,</strong></span> 
     </span>
    </p>
   </div>
   <div class='ocr_carea' id='block_1_41' title="bbox 448 3914 2029 3988">
    <p class='ocr_par' dir='ltr' id='par_1_41' title="bbox 448 3914 2029 3988">
     <span class='ocr_line' id='line_1_41' title="bbox 448 3914 2029 3988; baseline 0.002 -21"><span class='ocrx_word' id='word_1_261' title='bbox 448 3917 536 3968; x_wconf 81' lang='lat' dir='ltr'><strong>cui</strong></span> <span class='ocrx_word' id='word_1_262' title='bbox 566 3914 873 3972; x_wconf 82' lang='lat' dir='ltr'><strong>Roubettus</strong></span> <span class='ocrx_word' id='word_1_263' title='bbox 903 3919 1268 3973; x_wconf 86' lang='lat' dir='ltr'><strong>substituitur.</strong></span> <span class='ocrx_word' id='word_1_264' title='bbox 1296 3917 1588 3988; x_wconf 71' lang='lat' dir='ltr'><strong>Gregorius</strong></span> <span class='ocrx_word' id='word_1_265' title='bbox 1614 3935 1761 3988; x_wconf 72' lang='lat' dir='ltr'><strong>papa</strong></span> <span class='ocrx_word' id='word_1_266' title='bbox 1777 3920 1828 3972; x_wconf 87' lang='lat' dir='ltr'><strong>in</strong></span> <span class='ocrx_word' id='word_1_267' title='bbox 1856 3919 2029 3988; x_wconf 90' lang='lat' dir='ltr'><strong>prima</strong></span> 
     </span>
    </p>
   </div>
   <div class='ocr_carea' id='block_1_42' title="bbox 450 4008 2028 4080">
    <p class='ocr_par' dir='ltr' id='par_1_42' title="bbox 450 4008 2028 4080">
     <span class='ocr_line' id='line_1_42' title="bbox 450 4008 2028 4080; baseline 0.002 -21"><span class='ocrx_word' id='word_1_268' title='bbox 450 4008 752 4076; x_wconf 83' lang='lat' dir='ltr'><strong>cpdomada</strong></span> <span class='ocrx_word' id='word_1_269' title='bbox 802 4011 1233 4080; x_wconf 72' lang='lat' dir='ltr'><strong>quadragesima:</strong></span> <span class='ocrx_word' id='word_1_270' title='bbox 1292 4011 1548 4068; x_wconf 76' lang='lat' dir='ltr'><strong>sinoduzn</strong></span> <span class='ocrx_word' id='word_1_271' title='bbox 1614 4009 1801 4064; x_wconf 69' lang='lat' dir='ltr'><strong>llomte</strong></span> <span class='ocrx_word' id='word_1_272' title='bbox 1865 4011 2028 4064; x_wconf 86' lang='lat' dir='ltr'><strong>colle-</strong></span> 
     </span>
    </p>
   </div>
   <div class='ocr_carea' id='block_1_43' title="bbox 449 4098 2028 4172">
    <p class='ocr_par' dir='ltr' id='par_1_43' title="bbox 449 4098 2028 4172">
     <span class='ocr_line' id='line_1_43' title="bbox 449 4098 2028 4172; baseline 0.004 -24"><span class='ocrx_word' id='word_1_273' title='bbox 449 4099 523 4166; x_wconf 88' lang='lat' dir='ltr'><strong>git</strong></span> <span class='ocrx_word' id='word_1_274' title='bbox 552 4098 760 4165; x_wconf 69' lang='lat'><strong>(1298),</strong></span> <span class='ocrx_word' id='word_1_275' title='bbox 787 4101 839 4152; x_wconf 92' lang='lat' dir='ltr'><strong>in</strong></span> <span class='ocrx_word' id='word_1_276' title='bbox 865 4117 971 4168; x_wconf 91' lang='lat' dir='ltr'><strong>qua</strong></span> <span class='ocrx_word' id='word_1_277' title='bbox 998 4117 1222 4156; x_wconf 90' lang='lat' dir='ltr'><strong>causam</strong></span> <span class='ocrx_word' id='word_1_278' title='bbox 1255 4100 1491 4156; x_wconf 78' lang='lat' dir='ltr'><strong>lleinrici</strong></span> <span class='ocrx_word' id='word_1_279' title='bbox 1516 4103 1582 4134; x_wconf 78' lang='lat'><strong>&quot;°</strong></span> <span class='ocrx_word' id='word_1_280' title='bbox 1613 4101 1886 4172; x_wconf 81' lang='lat' dir='ltr'><strong>Spirensis</strong></span> <span class='ocrx_word' id='word_1_281' title='bbox 1914 4102 2028 4171; x_wconf 84' lang='lat' dir='ltr'><strong>epi-</strong></span> 
     </span>
    </p>
   </div>
   <div class='ocr_carea' id='block_1_44' title="bbox 449 4188 2048 4266">
    <p class='ocr_par' dir='ltr' id='par_1_44' title="bbox 449 4188 2048 4266">
     <span class='ocr_line' id='line_1_44' title="bbox 449 4188 2048 4266; baseline 0.004 -24"><span class='ocrx_word' id='word_1_282' title='bbox 449 4188 620 4256; x_wconf 77' lang='lat' dir='ltr'><strong>scopi,</strong></span> <span class='ocrx_word' id='word_1_283' title='bbox 666 4199 746 4243; x_wconf 82' lang='lat' dir='ltr'><strong>set</strong></span> <span class='ocrx_word' id='word_1_284' title='bbox 777 4190 1086 4258; x_wconf 85' lang='lat' dir='ltr'><strong>simoniaci,</strong></span> <span class='ocrx_word' id='word_1_285' title='bbox 1113 4193 1461 4266; x_wconf 78' lang='lat' dir='ltr'><strong>examinavit.</strong></span> <span class='ocrx_word' id='word_1_286' title='bbox 1505 4194 1608 4260; x_wconf 86' lang='lat' dir='ltr'><strong>Qui</strong></span> <span class='ocrx_word' id='word_1_287' title='bbox 1645 4195 1760 4264; x_wconf 88' lang='lat' dir='ltr'><strong>ipsa</strong></span> <span class='ocrx_word' id='word_1_288' title='bbox 1787 4195 1874 4248; x_wconf 88' lang='lat' dir='ltr'><strong>die</strong></span> <span class='ocrx_word' id='word_1_289' title='bbox 1903 4211 2048 4256; x_wconf 42' lang='lat' dir='ltr'><strong>cum,</strong></span> 
     </span>
    </p>
   </div>
   <div class='ocr_carea' id='block_1_45' title="bbox 446 4281 2024 4354">
    <p class='ocr_par' dir='ltr' id='par_1_45' title="bbox 446 4281 2024 4354">
     <span class='ocr_line' id='line_1_45' title="bbox 446 4281 2024 4354; baseline 0.005 -24"><span class='ocrx_word' id='word_1_290' title='bbox 446 4281 849 4334; x_wconf 85' lang='lat' dir='ltr'><strong>examinaretur</strong></span> <span class='ocrx_word' id='word_1_291' title='bbox 887 4298 1052 4338; x_wconf 91' lang='lat' dir='ltr'><strong>causa</strong></span> <span class='ocrx_word' id='word_1_292' title='bbox 1094 4285 1212 4354; x_wconf 89' lang='lat' dir='ltr'><strong>ejus</strong></span> <span class='ocrx_word' id='word_1_293' title='bbox 1255 4284 1468 4350; x_wconf 77' lang='lat' dir='ltr'><strong>llomzc,</strong></span> <span class='ocrx_word' id='word_1_294' title='bbox 1512 4285 1564 4339; x_wconf 90' lang='lat' dir='ltr'><strong>id</strong></span> <span class='ocrx_word' id='word_1_295' title='bbox 1598 4285 1698 4354; x_wconf 68' lang='lat' dir='ltr'><strong>§est</strong></span> <span class='ocrx_word' id='word_1_296' title='bbox 1734 4286 1767 4339; x_wconf 88' lang='lat'><strong><em>6</em></strong></span> <span class='ocrx_word' id='word_1_297' title='bbox 1801 4285 2024 4338; x_wconf 81' lang='lat' dir='ltr'><strong>Kalend.</strong></span> 
     </span>
    </p>
   </div>
   <div class='ocr_carea' id='block_1_46' title="bbox 451 4366 2022 4456">
    <p class='ocr_par' dir='ltr' id='par_1_46' title="bbox 451 4366 2022 4456">
     <span class='ocr_line' id='line_1_46' title="bbox 451 4366 2022 4456; baseline 0.005 -36"><span class='ocrx_word' id='word_1_298' title='bbox 451 4366 655 4434; x_wconf 82' lang='lat' dir='ltr'><strong>Marcii,</strong></span> <span class='ocrx_word' id='word_1_299' title='bbox 689 4369 998 4427; x_wconf 72' lang='lat' dir='ltr'><strong>infirmatus</strong></span> <span class='ocrx_word' id='word_1_300' title='bbox 1032 4385 1117 4428; x_wconf 84' lang='lat' dir='ltr'><strong>est</strong></span> <span class='ocrx_word' id='word_1_301' title='bbox 1157 4375 1356 4443; x_wconf 63' lang='lat' dir='ltr'><strong>Spirat,</strong></span> <span class='ocrx_word' id='word_1_302' title='bbox 1382 4377 1473 4430; x_wconf 86' lang='lat' dir='ltr'><strong>sed</strong></span> <span class='ocrx_word' id='word_1_303' title='bbox 1505 4377 1698 4433; x_wconf 86' lang='lat' dir='ltr'><strong>deinde</strong></span> <span class='ocrx_word' id='word_1_304' title='bbox 1799 4375 2022 4429; x_wconf 80' lang='lat' dir='ltr'><strong>Kalend.</strong></span> 
     </span>
    </p>
   </div>
   <div class='ocr_carea' id='block_1_47' title="bbox 450 4457 2028 4536">
    <p class='ocr_par' dir='ltr' id='par_1_47' title="bbox 450 4457 2028 4536">
     <span class='ocr_line' id='line_1_47' title="bbox 450 4457 2028 4536; baseline 0.007 -26"><span class='ocrx_word' id='word_1_305' title='bbox 450 4457 623 4514; x_wconf 83' lang='lat' dir='ltr'><strong>Martii</strong></span> <span class='ocrx_word' id='word_1_306' title='bbox 653 4463 1034 4518; x_wconf 86' lang='lat' dir='ltr'><strong>miserabiliter</strong></span> <span class='ocrx_word' id='word_1_307' title='bbox 1058 4465 1342 4534; x_wconf 77' lang='lat' dir='ltr'><strong>expiravit,</strong></span> <span class='ocrx_word' id='word_1_308' title='bbox 1367 4469 1586 4535; x_wconf 87' lang='lat' dir='ltr'><strong>quando</strong></span> <span class='ocrx_word' id='word_1_309' title='bbox 1624 4477 1675 4522; x_wconf 92' lang='lat' dir='ltr'><strong>et</strong></span> <span class='ocrx_word' id='word_1_310' title='bbox 1699 4484 1730 4522; x_wconf 91' lang='lat' dir='ltr'><strong>a</strong></span> <span class='ocrx_word' id='word_1_311' title='bbox 1767 4465 2028 4536; x_wconf 76' lang='lat' dir='ltr'><strong>Gregorio</strong></span> 
     </span>
    </p>
   </div>
   <div class='ocr_carea' id='block_1_48' title="bbox 2147 645 3725 723">
    <p class='ocr_par' dir='ltr' id='par_1_48' title="bbox 2147 645 3725 723">
     <span class='ocr_line' id='line_1_48' title="bbox 2147 645 3725 723; baseline 0.006 -26"><span class='ocrx_word' id='word_1_312' title='bbox 2147 659 2366 698; x_wconf 88' lang='lat' dir='ltr'><strong>crorum</strong></span> <span class='ocrx_word' id='word_1_313' title='bbox 2402 645 2654 700; x_wconf 88' lang='lat' dir='ltr'><strong>ordinum</strong></span> <span class='ocrx_word' id='word_1_314' title='bbox 2681 648 2908 717; x_wconf 82' lang='lat' dir='ltr'><strong>gradum</strong></span> <span class='ocrx_word' id='word_1_315' title='bbox 2940 650 3020 703; x_wconf 88' lang='lat' dir='ltr'><strong>vel</strong></span> <span class='ocrx_word' id='word_1_316' title='bbox 3052 649 3286 705; x_wconf 82' lang='lat' dir='ltr'><strong>cilicium</strong></span> <span class='ocrx_word' id='word_1_317' title='bbox 3310 654 3492 721; x_wconf 89' lang='lat' dir='ltr'><strong>precio</strong></span> <span class='ocrx_word' id='word_1_318' title='bbox 3521 653 3725 723; x_wconf 82' lang='lat' dir='ltr'><strong>adepti,</strong></span> 
     </span>
    </p>
   </div>
   <div class='ocr_carea' id='block_1_49' title="bbox 2147 735 3727 807">
    <p class='ocr_par' dir='ltr' id='par_1_49' title="bbox 2147 735 3727 807">
     <span class='ocr_line' id='line_1_49' title="bbox 2147 735 3727 807; baseline 0.007 -19"><span class='ocrx_word' id='word_1_319' title='bbox 2147 735 2403 805; x_wconf 83' lang='lat' dir='ltr'><strong>deinceps</strong></span> <span class='ocrx_word' id='word_1_320' title='bbox 2437 737 2490 790; x_wconf 90' lang='lat' dir='ltr'><strong>in</strong></span> <span class='ocrx_word' id='word_1_321' title='bbox 2519 739 2730 793; x_wconf 70' lang='lat' dir='ltr'><strong>melcsia</strong></span> <span class='ocrx_word' id='word_1_322' title='bbox 2778 754 2885 793; x_wconf 92' lang='lat' dir='ltr'><strong>non</strong></span> <span class='ocrx_word' id='word_1_323' title='bbox 2929 740 3258 807; x_wconf 86' lang='lat' dir='ltr'><strong>ministrent,</strong></span> <span class='ocrx_word' id='word_1_324' title='bbox 3306 757 3407 798; x_wconf 86' lang='lat' dir='ltr'><strong>nec</strong></span> <span class='ocrx_word' id='word_1_325' title='bbox 3451 743 3727 799; x_wconf 65' lang='lat' dir='ltr'><strong>inclesiam</strong></span> 
     </span>
    </p>
   </div>
   <div class='ocr_carea' id='block_1_50' title="bbox 2146 826 3728 905">
    <p class='ocr_par' dir='ltr' id='par_1_50' title="bbox 2146 826 3728 905">
     <span class='ocr_line' id='line_1_50' title="bbox 2146 826 3728 905; baseline 0.006 -25"><span class='ocrx_word' id='word_1_326' title='bbox 2146 826 2327 894; x_wconf 89' lang='lat' dir='ltr'><strong>precio</strong></span> <span class='ocrx_word' id='word_1_327' title='bbox 2353 828 2679 897; x_wconf 89' lang='lat' dir='ltr'><strong>adquisitam</strong></span> <span class='ocrx_word' id='word_1_328' title='bbox 2705 830 2903 899; x_wconf 88' lang='lat' dir='ltr'><strong>aliquis</strong></span> <span class='ocrx_word' id='word_1_329' title='bbox 2937 831 3184 896; x_wconf 84' lang='lat' dir='ltr'><strong>retineat,</strong></span> <span class='ocrx_word' id='word_1_330' title='bbox 3219 849 3318 888; x_wconf 83' lang='lat' dir='ltr'><strong>nec</strong></span> <span class='ocrx_word' id='word_1_331' title='bbox 3345 835 3601 905; x_wconf 82' lang='lat' dir='ltr'><strong>deinceps</strong></span> <span class='ocrx_word' id='word_1_332' title='bbox 3626 837 3728 890; x_wconf 82' lang='lat' dir='ltr'><strong>ali-</strong></span> 
     </span>
    </p>
   </div>
   <div class='ocr_carea' id='block_1_51' title="bbox 2145 917 3726 979">
    <p class='ocr_par' dir='ltr' id='par_1_51' title="bbox 2145 917 3726 979">
     <span class='ocr_line' id='line_1_51' title="bbox 2145 917 3726 979; baseline 0.006 -9"><span class='ocrx_word' id='word_1_333' title='bbox 2145 917 2232 971; x_wconf 89' lang='lat' dir='ltr'><strong>cui</strong></span> <span class='ocrx_word' id='word_1_334' title='bbox 2263 918 2530 972; x_wconf 77' lang='lat' dir='ltr'><strong>teclesiam</strong></span> <span class='ocrx_word' id='word_1_335' title='bbox 2563 920 2792 974; x_wconf 85' lang='lat' dir='ltr'><strong>vendere</strong></span> <span class='ocrx_word' id='word_1_336' title='bbox 2830 920 2914 975; x_wconf 85' lang='lat' dir='ltr'><strong>vel</strong></span> <span class='ocrx_word' id='word_1_337' title='bbox 2953 935 3134 976; x_wconf 88' lang='lat' dir='ltr'><strong>emere</strong></span> <span class='ocrx_word' id='word_1_338' title='bbox 3162 922 3339 977; x_wconf 89' lang='lat' dir='ltr'><strong>liccat.</strong></span> <span class='ocrx_word' id='word_1_339' title='bbox 3371 922 3574 978; x_wconf 86' lang='lat' dir='ltr'><strong>Deinde</strong></span> <span class='ocrx_word' id='word_1_340' title='bbox 3603 935 3662 979; x_wconf 94' lang='lat' dir='ltr'><strong>ut</strong></span> <span class='ocrx_word' id='word_1_341' title='bbox 3692 942 3726 979; x_wconf 85' lang='lat' dir='ltr'><strong>a</strong></span> 
     </span>
    </p>
   </div>
   <div class='ocr_carea' id='block_1_52' title="bbox 2143 1007 3728 1084">
    <p class='ocr_par' dir='ltr' id='par_1_52' title="bbox 2143 1007 3728 1084">
     <span class='ocr_line' id='line_1_52' title="bbox 2143 1007 3728 1084; baseline 0.005 -23"><span class='ocrx_word' id='word_1_342' title='bbox 2143 1007 2378 1062; x_wconf 61' lang='lat' dir='ltr'><strong>cinia-ali</strong></span> <span class='ocrx_word' id='word_1_343' title='bbox 2421 1008 2598 1064; x_wconf 88' lang='lat' dir='ltr'><strong>ollicio</strong></span> <span class='ocrx_word' id='word_1_344' title='bbox 2629 1020 2864 1076; x_wconf 85' lang='lat' dir='ltr'><strong>cessent,</strong></span> <span class='ocrx_word' id='word_1_345' title='bbox 2899 1012 3230 1082; x_wconf 88' lang='lat' dir='ltr'><strong>quicumque</strong></span> <span class='ocrx_word' id='word_1_346' title='bbox 3256 1029 3317 1069; x_wconf 85' lang='lat' dir='ltr'><strong>se</strong></span> <span class='ocrx_word' id='word_1_347' title='bbox 3358 1029 3454 1084; x_wconf 87' lang='lat' dir='ltr'><strong>per</strong></span> <span class='ocrx_word' id='word_1_348' title='bbox 3489 1015 3728 1070; x_wconf 85' lang='lat' dir='ltr'><strong>inconti-</strong></span> 
     </span>
    </p>
   </div>
   <div class='ocr_carea' id='block_1_53' title="bbox 2143 1088 3727 1174">
    <p class='ocr_par' dir='ltr' id='par_1_53' title="bbox 2143 1088 3727 1174">
     <span class='ocr_line' id='line_1_53' title="bbox 2143 1088 3727 1174; baseline 0.005 -23"><span class='ocrx_word' id='word_1_349' title='bbox 2143 1098 2381 1152; x_wconf 91' lang='lat' dir='ltr'><strong>nentiam</strong></span> <span class='ocrx_word' id='word_1_350' title='bbox 2413 1088 2862 1170; x_wconf 85' lang='lat' dir='ltr'><strong>rrprehensihiles</strong></span> <span class='ocrx_word' id='word_1_351' title='bbox 2891 1101 3168 1157; x_wconf 87' lang='lat' dir='ltr'><strong>exhibent.</strong></span> <span class='ocrx_word' id='word_1_352' title='bbox 3198 1102 3353 1170; x_wconf 87' lang='lat' dir='ltr'><strong>Item,</strong></span> <span class='ocrx_word' id='word_1_353' title='bbox 3387 1113 3446 1158; x_wconf 91' lang='lat' dir='ltr'><strong>ut</strong></span> <span class='ocrx_word' id='word_1_354' title='bbox 3485 1106 3727 1174; x_wconf 81' lang='lat' dir='ltr'><strong>populus</strong></span> 
     </span>
    </p>
   </div>
   <div class='ocr_carea' id='block_1_54' title="bbox 2141 1188 3727 1264">
    <p class='ocr_par' dir='ltr' id='par_1_54' title="bbox 2141 1188 3727 1264">
     <span class='ocr_line' id='line_1_54' title="bbox 2141 1188 3727 1264; baseline 0.004 -21"><span class='ocrx_word' id='word_1_355' title='bbox 2141 1188 2464 1243; x_wconf 86' lang='lat' dir='ltr'><strong>clericorum</strong></span> <span class='ocrx_word' id='word_1_356' title='bbox 2503 1189 2674 1244; x_wconf 84' lang='lat' dir='ltr'><strong>olIieia</strong></span> <span class='ocrx_word' id='word_1_357' title='bbox 2709 1190 3020 1247; x_wconf 77' lang='lat' dir='ltr'><strong>nullatenus</strong></span> <span class='ocrx_word' id='word_1_358' title='bbox 3059 1193 3303 1262; x_wconf 84' lang='lat' dir='ltr'><strong>recipiat,</strong></span> <span class='ocrx_word' id='word_1_359' title='bbox 3343 1208 3483 1262; x_wconf 87' lang='lat' dir='ltr'><strong>quos</strong></span> <span class='ocrx_word' id='word_1_360' title='bbox 3524 1195 3727 1264; x_wconf 65' lang='lat' dir='ltr'><strong>pradi-</strong></span> 
     </span>
    </p>
   </div>
   <div class='ocr_carea' id='block_1_55' title="bbox 2139 1281 3728 1356">
    <p class='ocr_par' dir='ltr' id='par_1_55' title="bbox 2139 1281 3728 1356">
     <span class='ocr_line' id='line_1_55' title="bbox 2139 1281 3728 1356; baseline 0.005 -22"><span class='ocrx_word' id='word_1_361' title='bbox 2139 1289 2256 1334; x_wconf 88' lang='lat' dir='ltr'><strong>ctas</strong></span> <span class='ocrx_word' id='word_1_362' title='bbox 2323 1281 2652 1349; x_wconf 68' lang='lat' dir='ltr'><strong>apostolicae</strong></span> <span class='ocrx_word' id='word_1_363' title='bbox 2708 1281 3076 1338; x_wconf 89' lang='lat' dir='ltr'><strong>institutiones</strong></span> <span class='ocrx_word' id='word_1_364' title='bbox 3138 1293 3484 1339; x_wconf 89' lang='lat' dir='ltr'><strong>contemnere</strong></span> <span class='ocrx_word' id='word_1_365' title='bbox 3545 1286 3728 1356; x_wconf 84' lang='lat' dir='ltr'><strong>perci-</strong></span> 
     </span>
    </p>
   </div>
   <div class='ocr_carea' id='block_1_56' title="bbox 2137 1369 3729 1465">
    <p class='ocr_par' dir='ltr' id='par_1_56' title="bbox 2137 1369 3729 1465">
     <span class='ocr_line' id='line_1_56' title="bbox 2137 1369 3729 1465; baseline 0.006 -44"><span class='ocrx_word' id='word_1_366' title='bbox 2137 1370 2249 1439; x_wconf 83' lang='lat' dir='ltr'><strong>piat</strong></span> <span class='ocrx_word' id='word_1_367' title='bbox 2276 1370 2480 1438; x_wconf 77' lang='grc'><strong>(1500).</strong></span> <span class='ocrx_word' id='word_1_368' title='bbox 2522 1369 2632 1426; x_wconf 81' lang='lat' dir='ltr'><strong>Rex</strong></span> <span class='ocrx_word' id='word_1_369' title='bbox 2666 1370 2982 1465; x_wconf 54' lang='lat' dir='ltr'><strong>\Yormatia:</strong></span> <span class='ocrx_word' id='word_1_370' title='bbox 3012 1374 3214 1443; x_wconf 84' lang='lat' dir='ltr'><strong>pascha</strong></span> <span class='ocrx_word' id='word_1_371' title='bbox 3253 1375 3566 1442; x_wconf 86' lang='lat' dir='ltr'><strong>celebravit,</strong></span> <span class='ocrx_word' id='word_1_372' title='bbox 3598 1387 3729 1446; x_wconf 88' lang='lat' dir='ltr'><strong>post</strong></span> 
     </span>
    </p>
   </div>
   <div class='ocr_carea' id='block_1_57' title="bbox 2139 1461 3726 1534">
    <p class='ocr_par' dir='ltr' id='par_1_57' title="bbox 2139 1461 3726 1534">
     <span class='ocr_line' id='line_1_57' title="bbox 2139 1461 3726 1534; baseline 0.005 -22"><span class='ocrx_word' id='word_1_373' title='bbox 2139 1470 2482 1530; x_wconf 80' lang='lat' dir='ltr'><strong>pentecosten</strong></span> <span class='ocrx_word' id='word_1_374' title='bbox 2523 1461 2820 1518; x_wconf 86' lang='lat' dir='ltr'><strong>exercitum</strong></span> <span class='ocrx_word' id='word_1_375' title='bbox 2865 1463 2920 1516; x_wconf 91' lang='lat' dir='ltr'><strong>in</strong></span> <span class='ocrx_word' id='word_1_376' title='bbox 2972 1461 3267 1518; x_wconf 82' lang='lat' dir='ltr'><strong>Saxoniam</strong></span> <span class='ocrx_word' id='word_1_377' title='bbox 3317 1465 3612 1534; x_wconf 83' lang='lat' dir='ltr'><strong>promovit,</strong></span> <span class='ocrx_word' id='word_1_378' title='bbox 3664 1467 3726 1521; x_wconf 87' lang='lat' dir='ltr'><strong>in</strong></span> 
     </span>
    </p>
   </div>
   <div class='ocr_carea' id='block_1_58' title="bbox 2137 1552 3726 1620">
    <p class='ocr_par' dir='ltr' id='par_1_58' title="bbox 2137 1552 3726 1620">
     <span class='ocr_line' id='line_1_58' title="bbox 2137 1552 3726 1620; baseline 0.004 -16"><span class='ocrx_word' id='word_1_379' title='bbox 2137 1567 2246 1620; x_wconf 83' lang='lat' dir='ltr'><strong>qua</strong></span> <span class='ocrx_word' id='word_1_380' title='bbox 2276 1552 2617 1620; x_wconf 89' lang='lat' dir='ltr'><strong>expeditione</strong></span> <span class='ocrx_word' id='word_1_381' title='bbox 2647 1553 3058 1609; x_wconf 77' lang='lat' dir='ltr'><strong>innumerabilis</strong></span> <span class='ocrx_word' id='word_1_382' title='bbox 3080 1555 3372 1609; x_wconf 92' lang='lat' dir='ltr'><strong>multitudo</strong></span> <span class='ocrx_word' id='word_1_383' title='bbox 3405 1556 3440 1611; x_wconf 88' lang='grc'><strong>5</strong></span> <span class='ocrx_word' id='word_1_384' title='bbox 3471 1554 3600 1620; x_wconf 75' lang='lat' dir='ltr'><strong>ldus</strong></span> <span class='ocrx_word' id='word_1_385' title='bbox 3624 1555 3726 1610; x_wconf 86' lang='lat' dir='ltr'><strong>Ju-</strong></span> 
     </span>
    </p>
   </div>
   <div class='ocr_carea' id='block_1_59' title="bbox 2137 1641 3728 1716">
    <p class='ocr_par' dir='ltr' id='par_1_59' title="bbox 2137 1641 3728 1716">
     <span class='ocr_line' id='line_1_59' title="bbox 2137 1641 3728 1716; baseline 0.004 -20"><span class='ocrx_word' id='word_1_386' title='bbox 2137 1643 2213 1696; x_wconf 91' lang='lat' dir='ltr'><strong>nii</strong></span> <span class='ocrx_word' id='word_1_387' title='bbox 2240 1641 2395 1711; x_wconf 89' lang='lat' dir='ltr'><strong>juxta</strong></span> <span class='ocrx_word' id='word_1_388' title='bbox 2430 1642 2628 1697; x_wconf 78' lang='lat' dir='ltr'><strong>[lumen</strong></span> <span class='ocrx_word' id='word_1_389' title='bbox 2664 1645 2883 1700; x_wconf 89' lang='lat' dir='ltr'><strong>nomine</strong></span> <span class='ocrx_word' id='word_1_390' title='bbox 2919 1643 3182 1700; x_wconf 85' lang='lat' dir='ltr'><strong>Unstrout</strong></span> <span class='ocrx_word' id='word_1_391' title='bbox 3211 1647 3488 1716; x_wconf 89' lang='lat' dir='ltr'><strong>utrimque</strong></span> <span class='ocrx_word' id='word_1_392' title='bbox 3510 1647 3728 1703; x_wconf 86' lang='lat' dir='ltr'><strong>cecide-</strong></span> 
     </span>
    </p>
   </div>
   <div class='ocr_carea' id='block_1_60' title="bbox 2137 1734 3726 1807">
    <p class='ocr_par' dir='ltr' id='par_1_60' title="bbox 2137 1734 3726 1807">
     <span class='ocr_line' id='line_1_60' title="bbox 2137 1734 3726 1807; baseline 0.004 -21"><span class='ocrx_word' id='word_1_393' title='bbox 2137 1743 2289 1797; x_wconf 92' lang='lat' dir='ltr'><strong>runt,</strong></span> <span class='ocrx_word' id='word_1_394' title='bbox 2311 1742 2364 1787; x_wconf 92' lang='lat' dir='ltr'><strong>et</strong></span> <span class='ocrx_word' id='word_1_395' title='bbox 2401 1734 2556 1788; x_wconf 92' lang='lat' dir='ltr'><strong>multi</strong></span> <span class='ocrx_word' id='word_1_396' title='bbox 2588 1751 2654 1789; x_wconf 92' lang='lat' dir='ltr'><strong>ex</strong></span> <span class='ocrx_word' id='word_1_397' title='bbox 2687 1734 2997 1790; x_wconf 87' lang='lat' dir='ltr'><strong>Saxonibus</strong></span> <span class='ocrx_word' id='word_1_398' title='bbox 3023 1737 3137 1807; x_wconf 88' lang='lat' dir='ltr'><strong>regi</strong></span> <span class='ocrx_word' id='word_1_399' title='bbox 3168 1737 3235 1791; x_wconf 90' lang='lat' dir='ltr'><strong>ad</strong></span> <span class='ocrx_word' id='word_1_400' title='bbox 3265 1737 3598 1793; x_wconf 88' lang='lat' dir='ltr'><strong>deditionem</strong></span> <span class='ocrx_word' id='word_1_401' title='bbox 3623 1754 3726 1793; x_wconf 83' lang='lat' dir='ltr'><strong>vc-</strong></span> 
     </span>
    </p>
   </div>
   <div class='ocr_carea' id='block_1_61' title="bbox 2137 1823 3724 1898">
    <p class='ocr_par' dir='ltr' id='par_1_61' title="bbox 2137 1823 3724 1898">
     <span class='ocr_line' id='line_1_61' title="bbox 2137 1823 3724 1898; baseline 0.006 -22"><span class='ocrx_word' id='word_1_402' title='bbox 2137 1834 2350 1879; x_wconf 75' lang='lat' dir='ltr'><strong>nerimt.</strong></span> <span class='ocrx_word' id='word_1_403' title='bbox 2393 1823 2670 1880; x_wconf 82' lang='lat' dir='ltr'><strong>Dctwinus</strong></span> <span class='ocrx_word' id='word_1_404' title='bbox 2723 1825 3074 1882; x_wconf 85' lang='lat' dir='ltr'><strong>Leodicensis</strong></span> <span class='ocrx_word' id='word_1_405' title='bbox 3116 1828 3407 1898; x_wconf 87' lang='lat' dir='ltr'><strong>cpiscopus</strong></span> <span class='ocrx_word' id='word_1_406' title='bbox 3451 1829 3724 1897; x_wconf 86' lang='lat' dir='ltr'><strong>decessit;</strong></span> 
     </span>
    </p>
   </div>
   <div class='ocr_carea' id='block_1_62' title="bbox 2135 1913 3726 1976">
    <p class='ocr_par' dir='ltr' id='par_1_62' title="bbox 2135 1913 3726 1976">
     <span class='ocr_line' id='line_1_62' title="bbox 2135 1913 3726 1976; baseline 0.004 -8"><span class='ocrx_word' id='word_1_407' title='bbox 2135 1914 2224 1968; x_wconf 92' lang='lat' dir='ltr'><strong>cui</strong></span> <span class='ocrx_word' id='word_1_408' title='bbox 2281 1913 2567 1969; x_wconf 85' lang='lat' dir='ltr'><strong>lleinricus</strong></span> <span class='ocrx_word' id='word_1_409' title='bbox 2629 1916 2914 1971; x_wconf 87' lang='lat' dir='ltr'><strong>successit.</strong></span> <span class='ocrx_word' id='word_1_410' title='bbox 2964 1916 3124 1972; x_wconf 80' lang='lat' dir='ltr'><strong>Anno</strong></span> <span class='ocrx_word' id='word_1_411' title='bbox 3175 1920 3503 1974; x_wconf 79' lang='lat' dir='ltr'><strong>venerabilis</strong></span> <span class='ocrx_word' id='word_1_412' title='bbox 3551 1920 3726 1976; x_wconf 90' lang='lat' dir='ltr'><strong>Colo-</strong></span> 
     </span>
    </p>
   </div>
   <div class='ocr_carea' id='block_1_63' title="bbox 2133 2005 3730 2081">
    <p class='ocr_par' dir='ltr' id='par_1_63' title="bbox 2133 2005 3730 2081">
     <span class='ocr_line' id='line_1_63' title="bbox 2133 2005 3730 2081; baseline 0.004 -23"><span class='ocrx_word' id='word_1_413' title='bbox 2133 2005 2343 2059; x_wconf 83' lang='lat' dir='ltr'><strong>niensis</strong></span> <span class='ocrx_word' id='word_1_414' title='bbox 2388 2006 2855 2076; x_wconf 85' lang='lat' dir='ltr'><strong>archiepiscopus,</strong></span> <span class='ocrx_word' id='word_1_415' title='bbox 2899 2008 3048 2063; x_wconf 63' lang='lat' dir='ltr'><strong>mirae</strong></span> <span class='ocrx_word' id='word_1_416' title='bbox 3093 2010 3419 2076; x_wconf 86' lang='lat' dir='ltr'><strong>sanctitatis,</strong></span> <span class='ocrx_word' id='word_1_417' title='bbox 3450 2010 3730 2081; x_wconf 86' lang='lat' dir='ltr'><strong>requievit</strong></span> 
     </span>
    </p>
   </div>
   <div class='ocr_carea' id='block_1_64' title="bbox 2135 2095 3729 2174">
    <p class='ocr_par' dir='ltr' id='par_1_64' title="bbox 2135 2095 3729 2174">
     <span class='ocr_line' id='line_1_64' title="bbox 2135 2095 3729 2174; baseline 0.007 -26"><span class='ocrx_word' id='word_1_418' title='bbox 2135 2095 2190 2148; x_wconf 91' lang='lat' dir='ltr'><strong>in</strong></span> <span class='ocrx_word' id='word_1_419' title='bbox 2241 2107 2373 2164; x_wconf 88' lang='lat' dir='ltr'><strong>pace</strong></span> <span class='ocrx_word' id='word_1_420' title='bbox 2419 2096 2454 2149; x_wconf 72' lang='lat'><strong>2</strong></span> <span class='ocrx_word' id='word_1_421' title='bbox 2490 2095 2672 2151; x_wconf 71' lang='lat' dir='ltr'><strong>Nonas</strong></span> <span class='ocrx_word' id='word_1_422' title='bbox 2715 2096 3062 2166; x_wconf 86' lang='lat' dir='ltr'><strong>Decembris;</strong></span> <span class='ocrx_word' id='word_1_423' title='bbox 3103 2101 3193 2156; x_wconf 90' lang='lat' dir='ltr'><strong>cui</strong></span> <span class='ocrx_word' id='word_1_424' title='bbox 3234 2099 3512 2168; x_wconf 74' lang='lat' dir='ltr'><strong>lliltolfus,</strong></span> <span class='ocrx_word' id='word_1_425' title='bbox 3545 2103 3729 2174; x_wconf 89' lang='lat' dir='ltr'><strong>impar</strong></span> 
     </span>
    </p>
   </div>
   <div class='ocr_carea' id='block_1_65' title="bbox 2135 2188 3020 2254">
    <p class='ocr_par' dir='ltr' id='par_1_65' title="bbox 2135 2188 3020 2254">
     <span class='ocr_line' id='line_1_65' title="bbox 2135 2188 3020 2254; baseline 0.006 -15"><span class='ocrx_word' id='word_1_426' title='bbox 2135 2196 2329 2254; x_wconf 67' lang='lat' dir='ltr'><strong>genere</strong></span> <span class='ocrx_word' id='word_1_427' title='bbox 2354 2195 2409 2241; x_wconf 92' lang='lat' dir='ltr'><strong>et</strong></span> <span class='ocrx_word' id='word_1_428' title='bbox 2441 2188 2708 2253; x_wconf 87' lang='lat' dir='ltr'><strong>moribus,</strong></span> <span class='ocrx_word' id='word_1_429' title='bbox 2735 2189 3020 2244; x_wconf 87' lang='lat' dir='ltr'><strong>successit.</strong></span> 
     </span>
    </p>
   </div>
   <div class='ocr_carea' id='block_1_66' title="bbox 2779 2278 3068 2335">
    <p class='ocr_par' dir='ltr' id='par_1_66' title="bbox 2779 2278 3068 2335">
     <span class='ocr_line' id='line_1_66' title="bbox 2779 2278 3068 2335; baseline 0.01 -3"><span class='ocrx_word' id='word_1_430' title='bbox 2779 2278 3068 2335; x_wconf 75' lang='lat' dir='ltr'><strong>MLXXVI.</strong></span> 
     </span>
    </p>
   </div>
   <div class='ocr_carea' id='block_1_67' title="bbox 2204 2367 3729 2444">
    <p class='ocr_par' dir='ltr' id='par_1_67' title="bbox 2204 2367 3729 2444">
     <span class='ocr_line' id='line_1_67' title="bbox 2204 2367 3729 2444; baseline 0.007 -23"><span class='ocrx_word' id='word_1_431' title='bbox 2204 2367 2320 2421; x_wconf 80' lang='lat' dir='ltr'><strong>Rex</strong></span> <span class='ocrx_word' id='word_1_432' title='bbox 2359 2369 2596 2423; x_wconf 78' lang='lat' dir='ltr'><strong>natalem</strong></span> <span class='ocrx_word' id='word_1_433' title='bbox 2643 2367 2860 2423; x_wconf 80' lang='lat' dir='ltr'><strong>Domini</strong></span> <span class='ocrx_word' id='word_1_434' title='bbox 2896 2370 3144 2426; x_wconf 90' lang='lat' dir='ltr'><strong>Goslarie</strong></span> <span class='ocrx_word' id='word_1_435' title='bbox 3183 2373 3492 2440; x_wconf 86' lang='lat' dir='ltr'><strong>celebravit,</strong></span> <span class='ocrx_word' id='word_1_436' title='bbox 3535 2375 3729 2444; x_wconf 84' lang='lat' dir='ltr'><strong>ibique</strong></span> 
     </span>
    </p>
   </div>
   <div class='ocr_carea' id='block_1_68' title="bbox 2133 2461 3724 2537">
    <p class='ocr_par' dir='ltr' id='par_1_68' title="bbox 2133 2461 3724 2537">
     <span class='ocr_line' id='line_1_68' title="bbox 2133 2461 3724 2537; baseline 0.007 -25"><span class='ocrx_word' id='word_1_437' title='bbox 2133 2461 2402 2528; x_wconf 69' lang='lat' dir='ltr'><strong>quosdam</strong></span> <span class='ocrx_word' id='word_1_438' title='bbox 2429 2461 2617 2530; x_wconf 69' lang='lat' dir='ltr'><strong>jtirare</strong></span> <span class='ocrx_word' id='word_1_439' title='bbox 2647 2463 2929 2533; x_wconf 87' lang='lat' dir='ltr'><strong>compulit,</strong></span> <span class='ocrx_word' id='word_1_440' title='bbox 2953 2472 3013 2518; x_wconf 94' lang='lat' dir='ltr'><strong>ut</strong></span> <span class='ocrx_word' id='word_1_441' title='bbox 3039 2464 3209 2519; x_wconf 79' lang='lat' dir='ltr'><strong>lilium</strong></span> <span class='ocrx_word' id='word_1_442' title='bbox 3236 2466 3357 2534; x_wconf 88' lang='lat' dir='ltr'><strong>ejus</strong></span> <span class='ocrx_word' id='word_1_443' title='bbox 3382 2477 3506 2536; x_wconf 91' lang='lat' dir='ltr'><strong>post</strong></span> <span class='ocrx_word' id='word_1_444' title='bbox 3539 2469 3724 2537; x_wconf 86' lang='lat' dir='ltr'><strong>ipsum</strong></span> 
     </span>
    </p>
   </div>
   <div class='ocr_carea' id='block_1_69' title="bbox 2134 2551 3725 2626">
    <p class='ocr_par' dir='ltr' id='par_1_69' title="bbox 2134 2551 3725 2626">
     <span class='ocr_line' id='line_1_69' title="bbox 2134 2551 3725 2626; baseline 0.006 -21"><span class='ocrx_word' id='word_1_445' title='bbox 2134 2551 2398 2621; x_wconf 59' lang='lat' dir='ltr'><strong>eligerent</strong></span> <span class='ocrx_word' id='word_1_446' title='bbox 2422 2553 2490 2607; x_wconf 88' lang='lat' dir='ltr'><strong>ad</strong></span> <span class='ocrx_word' id='word_1_447' title='bbox 2521 2569 2770 2624; x_wconf 85' lang='lat' dir='ltr'><strong>regnum.</strong></span> <span class='ocrx_word' id='word_1_448' title='bbox 2815 2554 2910 2609; x_wconf 83' lang='lat' dir='ltr'><strong>llis</strong></span> <span class='ocrx_word' id='word_1_449' title='bbox 2948 2557 3284 2626; x_wconf 89' lang='lat' dir='ltr'><strong>temporibus</strong></span> <span class='ocrx_word' id='word_1_450' title='bbox 3313 2574 3408 2613; x_wconf 86' lang='lat' dir='ltr'><strong>rex</strong></span> <span class='ocrx_word' id='word_1_451' title='bbox 3430 2559 3725 2616; x_wconf 78' lang='lat' dir='ltr'><strong>lieinricus</strong></span> 
     </span>
    </p>
   </div>
   <div class='ocr_carea' id='block_1_70' title="bbox 2132 2644 3725 2712">
    <p class='ocr_par' dir='ltr' id='par_1_70' title="bbox 2132 2644 3725 2712">
     <span class='ocr_line' id='line_1_70' title="bbox 2132 2644 3725 2712; baseline 0.008 -17"><span class='ocrx_word' id='word_1_452' title='bbox 2132 2654 2230 2710; x_wconf 71' lang='lat' dir='ltr'><strong>per</strong></span> <span class='ocrx_word' id='word_1_453' title='bbox 2252 2644 2622 2712; x_wconf 80' lang='lat' dir='ltr'><strong>symoniacam</strong></span> <span class='ocrx_word' id='word_1_454' title='bbox 2651 2644 2887 2699; x_wconf 90' lang='lat' dir='ltr'><strong>heresim</strong></span> <span class='ocrx_word' id='word_1_455' title='bbox 2926 2655 3174 2701; x_wconf 87' lang='lat' dir='ltr'><strong>sanctam</strong></span> <span class='ocrx_word' id='word_1_456' title='bbox 3199 2649 3503 2704; x_wconf 65' lang='lat' dir='ltr'><strong>ecclesiam</strong></span> <span class='ocrx_word' id='word_1_457' title='bbox 3535 2649 3725 2708; x_wconf 70' lang='lat' dir='ltr'><strong>{edam</strong></span> 
     </span>
    </p>
   </div>
   <div class='ocr_carea' id='block_1_71' title="bbox 2133 2734 3726 2808">
    <p class='ocr_par' dir='ltr' id='par_1_71' title="bbox 2133 2734 3726 2808">
     <span class='ocr_line' id='line_1_71' title="bbox 2133 2734 3726 2808; baseline 0.006 -21"><span class='ocrx_word' id='word_1_458' title='bbox 2133 2748 2240 2787; x_wconf 85' lang='lat' dir='ltr'><strong>non</strong></span> <span class='ocrx_word' id='word_1_459' title='bbox 2280 2735 2534 2799; x_wconf 73' lang='lat' dir='ltr'><strong>cessavit,</strong></span> <span class='ocrx_word' id='word_1_460' title='bbox 2572 2734 2782 2789; x_wconf 86' lang='lat' dir='ltr'><strong>scilicet</strong></span> <span class='ocrx_word' id='word_1_461' title='bbox 2808 2751 2906 2806; x_wconf 89' lang='lat' dir='ltr'><strong>pro</strong></span> <span class='ocrx_word' id='word_1_462' title='bbox 2934 2738 3118 2806; x_wconf 88' lang='lat' dir='ltr'><strong>precio</strong></span> <span class='ocrx_word' id='word_1_463' title='bbox 3146 2739 3519 2808; x_wconf 79' lang='lat' dir='ltr'><strong>episcOpatus,</strong></span> <span class='ocrx_word' id='word_1_464' title='bbox 3550 2740 3726 2796; x_wconf 77' lang='lat' dir='ltr'><strong>abba-</strong></span> 
     </span>
    </p>
   </div>
   <div class='ocr_carea' id='block_1_72' title="bbox 2132 2824 3723 2895">
    <p class='ocr_par' dir='ltr' id='par_1_72' title="bbox 2132 2824 3723 2895">
     <span class='ocr_line' id='line_1_72' title="bbox 2132 2824 3723 2895; baseline 0.008 -18"><span class='ocrx_word' id='word_1_465' title='bbox 2132 2824 2254 2890; x_wconf 85' lang='lat' dir='ltr'><strong>tias,</strong></span> <span class='ocrx_word' id='word_1_466' title='bbox 2282 2833 2336 2879; x_wconf 84' lang='lat' dir='ltr'><strong>et</strong></span> <span class='ocrx_word' id='word_1_467' title='bbox 2371 2825 2476 2880; x_wconf 91' lang='lat' dir='ltr'><strong>alia</strong></span> <span class='ocrx_word' id='word_1_468' title='bbox 2509 2825 2822 2895; x_wconf 89' lang='lat' dir='ltr'><strong>hujusmodi</strong></span> <span class='ocrx_word' id='word_1_469' title='bbox 2845 2828 3204 2895; x_wconf 89' lang='lat' dir='ltr'><strong>investiendo,</strong></span> <span class='ocrx_word' id='word_1_470' title='bbox 3235 2837 3289 2884; x_wconf 90' lang='lat' dir='ltr'><strong>et</strong></span> <span class='ocrx_word' id='word_1_471' title='bbox 3313 2830 3452 2884; x_wconf 88' lang='lat' dir='ltr'><strong>inter</strong></span> <span class='ocrx_word' id='word_1_472' title='bbox 3472 2831 3582 2887; x_wconf 73' lang='lat' dir='ltr'><strong>alia</strong></span> <span class='ocrx_word' id='word_1_473' title='bbox 3608 2830 3723 2888; x_wconf 83' lang='lat' dir='ltr'><strong>erl-</strong></span> 
     </span>
    </p>
   </div>
   <div class='ocr_carea' id='block_1_73' title="bbox 2131 2916 3718 2976">
    <p class='ocr_par' dir='ltr' id='par_1_73' title="bbox 2131 2916 3718 2976">
     <span class='ocr_line' id='line_1_73' title="bbox 2131 2916 3718 2976; baseline 0.006 -10"><span class='ocrx_word' id='word_1_474' title='bbox 2131 2916 2278 2967; x_wconf 67' lang='lat' dir='ltr'><strong>thitia</strong></span> <span class='ocrx_word' id='word_1_475' title='bbox 2323 2916 2486 2968; x_wconf 88' lang='lat' dir='ltr'><strong>etiam</strong></span> <span class='ocrx_word' id='word_1_476' title='bbox 2530 2917 3021 2972; x_wconf 84' lang='lat' dir='ltr'><strong>exeommunicatis</strong></span> <span class='ocrx_word' id='word_1_477' title='bbox 3066 2919 3540 2975; x_wconf 81' lang='lat' dir='ltr'><strong>communicando.</strong></span> <span class='ocrx_word' id='word_1_478' title='bbox 3580 2921 3718 2976; x_wconf 83' lang='lat' dir='ltr'><strong>Cin-</strong></span> 
     </span>
    </p>
   </div>
   <div class='ocr_carea' id='block_1_74' title="bbox 2132 3005 3719 3080">
    <p class='ocr_par' dir='ltr' id='par_1_74' title="bbox 2132 3005 3719 3080">
     <span class='ocr_line' id='line_1_74' title="bbox 2132 3005 3719 3080; baseline 0.004 -23"><span class='ocrx_word' id='word_1_479' title='bbox 2132 3005 2242 3059; x_wconf 88' lang='lat' dir='ltr'><strong>tius</strong></span> <span class='ocrx_word' id='word_1_480' title='bbox 2267 3005 2332 3036; x_wconf 85' lang='grc'><strong>³³¹</strong></span> <span class='ocrx_word' id='word_1_481' title='bbox 2350 3005 2571 3076; x_wconf 81' lang='lat' dir='ltr'><strong>quidam</strong></span> <span class='ocrx_word' id='word_1_482' title='bbox 2597 3005 2878 3060; x_wconf 77' lang='lat' dir='ltr'><strong>Romanus</strong></span> <span class='ocrx_word' id='word_1_483' title='bbox 2901 3006 3058 3072; x_wconf 88' lang='lat' dir='ltr'><strong>civis,</strong></span> <span class='ocrx_word' id='word_1_484' title='bbox 3090 3007 3411 3079; x_wconf 76' lang='lat' dir='ltr'><strong>Gregorium</strong></span> <span class='ocrx_word' id='word_1_485' title='bbox 3434 3026 3631 3080; x_wconf 88' lang='lat' dir='ltr'><strong>papam</strong></span> <span class='ocrx_word' id='word_1_486' title='bbox 3660 3010 3719 3064; x_wconf 86' lang='lat' dir='ltr'><strong>in</strong></span> 
     </span>
    </p>
   </div>
   <div class='ocr_carea' id='block_1_75' title="bbox 2130 3096 3719 3176">
    <p class='ocr_par' dir='ltr' id='par_1_75' title="bbox 2130 3096 3719 3176">
     <span class='ocr_line' id='line_1_75' title="bbox 2130 3096 3719 3176; baseline 0.003 -26"><span class='ocrx_word' id='word_1_487' title='bbox 2130 3097 2216 3150; x_wconf 85' lang='lat' dir='ltr'><strong>die</strong></span> <span class='ocrx_word' id='word_1_488' title='bbox 2238 3097 2434 3150; x_wconf 70' lang='lat' dir='ltr'><strong>natalis</strong></span> <span class='ocrx_word' id='word_1_489' title='bbox 2473 3096 2688 3150; x_wconf 89' lang='lat' dir='ltr'><strong>Domini</strong></span> <span class='ocrx_word' id='word_1_490' title='bbox 2723 3097 3021 3152; x_wconf 90' lang='lat' dir='ltr'><strong>missarum</strong></span> <span class='ocrx_word' id='word_1_491' title='bbox 3061 3099 3324 3153; x_wconf 90' lang='lat' dir='ltr'><strong>solemnia</strong></span> <span class='ocrx_word' id='word_1_492' title='bbox 3351 3100 3719 3176; x_wconf 76' lang='lat' dir='ltr'><strong>celebrantem</strong></span> 
     </span>
    </p>
   </div>
   <div class='ocr_carea' id='block_1_76' title="bbox 2131 3186 3720 3259">
    <p class='ocr_par' dir='ltr' id='par_1_76' title="bbox 2131 3186 3720 3259">
     <span class='ocr_line' id='line_1_76' title="bbox 2131 3186 3720 3259; baseline 0.002 -17"><span class='ocrx_word' id='word_1_493' title='bbox 2131 3186 2568 3256; x_wconf 69' lang='lat' dir='ltr'><strong>comprehendit;</strong></span> <span class='ocrx_word' id='word_1_494' title='bbox 2596 3202 2758 3256; x_wconf 88' lang='lat' dir='ltr'><strong>quem</strong></span> <span class='ocrx_word' id='word_1_495' title='bbox 2789 3188 2862 3242; x_wconf 91' lang='lat' dir='ltr'><strong>ita</strong></span> <span class='ocrx_word' id='word_1_496' title='bbox 2901 3189 3358 3258; x_wconf 88' lang='lat' dir='ltr'><strong>comprehensum</strong></span> <span class='ocrx_word' id='word_1_497' title='bbox 3387 3190 3614 3259; x_wconf 90' lang='lat' dir='ltr'><strong>quidam</strong></span> <span class='ocrx_word' id='word_1_498' title='bbox 3647 3206 3720 3245; x_wconf 69' lang='lat' dir='ltr'><strong>er.</strong></span> 
     </span>
    </p>
   </div>
   <div class='ocr_carea' id='block_1_77' title="bbox 2130 3278 3718 3348">
    <p class='ocr_par' dir='ltr' id='par_1_77' title="bbox 2130 3278 3718 3348">
     <span class='ocr_line' id='line_1_77' title="bbox 2130 3278 3718 3348; baseline 0.003 -16"><span class='ocrx_word' id='word_1_499' title='bbox 2130 3278 2393 3334; x_wconf 77' lang='lat' dir='ltr'><strong>militibus</strong></span> <span class='ocrx_word' id='word_1_500' title='bbox 2408 3279 2653 3348; x_wconf 85' lang='lat' dir='ltr'><strong>ejusdem</strong></span> <span class='ocrx_word' id='word_1_501' title='bbox 2675 3278 2842 3334; x_wconf 74' lang='lat' dir='ltr'><strong>Cimii</strong></span> <span class='ocrx_word' id='word_1_502' title='bbox 2863 3281 3110 3336; x_wconf 90' lang='lat' dir='ltr'><strong>occidere</strong></span> <span class='ocrx_word' id='word_1_503' title='bbox 3138 3281 3445 3336; x_wconf 89' lang='lat' dir='ltr'><strong>destinavit.</strong></span> <span class='ocrx_word' id='word_1_504' title='bbox 3473 3282 3569 3338; x_wconf 87' lang='lat' dir='ltr'><strong>Set</strong></span> <span class='ocrx_word' id='word_1_505' title='bbox 3586 3298 3718 3339; x_wconf 91' lang='lat' dir='ltr'><strong>cum</strong></span> 
     </span>
    </p>
   </div>
   <div class='ocr_carea' id='block_1_78' title="bbox 2129 3371 3722 3441">
    <p class='ocr_par' dir='ltr' id='par_1_78' title="bbox 2129 3371 3722 3441">
     <span class='ocr_line' id='line_1_78' title="bbox 2129 3371 3722 3441; baseline 0.004 -19"><span class='ocrx_word' id='word_1_506' title='bbox 2129 3371 2369 3441; x_wconf 81' lang='lat' dir='ltr'><strong>gladium</strong></span> <span class='ocrx_word' id='word_1_507' title='bbox 2400 3386 2564 3439; x_wconf 92' lang='lat' dir='ltr'><strong>super</strong></span> <span class='ocrx_word' id='word_1_508' title='bbox 2579 3381 2741 3440; x_wconf 91' lang='lat' dir='ltr'><strong>caput</strong></span> <span class='ocrx_word' id='word_1_509' title='bbox 2760 3373 2880 3441; x_wconf 92' lang='lat' dir='ltr'><strong>ejus</strong></span> <span class='ocrx_word' id='word_1_510' title='bbox 2901 3373 3146 3440; x_wconf 83' lang='lat' dir='ltr'><strong>libraret,</strong></span> <span class='ocrx_word' id='word_1_511' title='bbox 3169 3374 3339 3428; x_wconf 89' lang='lat' dir='ltr'><strong>nimio</strong></span> <span class='ocrx_word' id='word_1_512' title='bbox 3362 3383 3572 3429; x_wconf 88' lang='lat' dir='ltr'><strong>terrore</strong></span> <span class='ocrx_word' id='word_1_513' title='bbox 3599 3390 3722 3430; x_wconf 60' lang='lat' dir='ltr'><strong>cor-</strong></span> 
     </span>
    </p>
   </div>
   <div class='ocr_carea' id='block_1_79' title="bbox 2130 3463 3715 3536">
    <p class='ocr_par' dir='ltr' id='par_1_79' title="bbox 2130 3463 3715 3536">
     <span class='ocr_line' id='line_1_79' title="bbox 2130 3463 3715 3536; baseline 0.001 -20"><span class='ocrx_word' id='word_1_514' title='bbox 2130 3471 2315 3530; x_wconf 82' lang='lat' dir='ltr'><strong>reptus</strong></span> <span class='ocrx_word' id='word_1_515' title='bbox 2343 3463 2567 3526; x_wconf 89' lang='lat' dir='ltr'><strong>corruit,</strong></span> <span class='ocrx_word' id='word_1_516' title='bbox 2599 3479 2697 3517; x_wconf 91' lang='lat' dir='ltr'><strong>nec</strong></span> <span class='ocrx_word' id='word_1_517' title='bbox 2728 3463 3001 3533; x_wconf 90' lang='lat' dir='ltr'><strong>inceptum</strong></span> <span class='ocrx_word' id='word_1_518' title='bbox 3051 3464 3220 3519; x_wconf 90' lang='lat' dir='ltr'><strong>ictum</strong></span> <span class='ocrx_word' id='word_1_519' title='bbox 3264 3466 3479 3534; x_wconf 89' lang='lat' dir='ltr'><strong>explere</strong></span> <span class='ocrx_word' id='word_1_520' title='bbox 3513 3466 3715 3536; x_wconf 89' lang='lat' dir='ltr'><strong>potuit.</strong></span> 
     </span>
    </p>
   </div>
   <div class='ocr_carea' id='block_1_80' title="bbox 2129 3554 3718 3626">
    <p class='ocr_par' dir='ltr' id='par_1_80' title="bbox 2129 3554 3718 3626">
     <span class='ocr_line' id='line_1_80' title="bbox 2129 3554 3718 3626; baseline 0.001 -18"><span class='ocrx_word' id='word_1_521' title='bbox 2129 3554 2346 3608; x_wconf 75' lang='lat' dir='ltr'><strong>(Zintius</strong></span> <span class='ocrx_word' id='word_1_522' title='bbox 2369 3563 2550 3608; x_wconf 87' lang='lat' dir='ltr'><strong>autem</strong></span> <span class='ocrx_word' id='word_1_523' title='bbox 2575 3571 2769 3624; x_wconf 83' lang='lat' dir='ltr'><strong>papam</strong></span> <span class='ocrx_word' id='word_1_524' title='bbox 2798 3557 2852 3609; x_wconf 91' lang='lat' dir='ltr'><strong>in</strong></span> <span class='ocrx_word' id='word_1_525' title='bbox 2882 3556 3074 3610; x_wconf 89' lang='lat' dir='ltr'><strong>turrim</strong></span> <span class='ocrx_word' id='word_1_526' title='bbox 3109 3572 3265 3611; x_wconf 83' lang='lat' dir='ltr'><strong>suam</strong></span> <span class='ocrx_word' id='word_1_527' title='bbox 3290 3567 3509 3626; x_wconf 91' lang='lat' dir='ltr'><strong>captum</strong></span> <span class='ocrx_word' id='word_1_528' title='bbox 3539 3556 3718 3611; x_wconf 86' lang='lat' dir='ltr'><strong>dedu-</strong></span> 
     </span>
    </p>
   </div>
   <div class='ocr_carea' id='block_1_81' title="bbox 2133 3635 3722 3716">
    <p class='ocr_par' dir='ltr' id='par_1_81' title="bbox 2133 3635 3722 3716">
     <span class='ocr_line' id='line_1_81' title="bbox 2133 3635 3722 3716; baseline 0.001 -15"><span class='ocrx_word' id='word_1_529' title='bbox 2133 3649 2230 3711; x_wconf 79' lang='lat' dir='ltr'><strong>xit,</strong></span> <span class='ocrx_word' id='word_1_530' title='bbox 2270 3662 2391 3714; x_wconf 67' lang='lat' dir='ltr'><strong>qua:</strong></span> <span class='ocrx_word' id='word_1_531' title='bbox 2437 3645 2620 3698; x_wconf 88' lang='lat' dir='ltr'><strong>statim</strong></span> <span class='ocrx_word' id='word_1_532' title='bbox 2665 3661 2695 3698; x_wconf 90' lang='lat' dir='ltr'><strong>a</strong></span> <span class='ocrx_word' id='word_1_533' title='bbox 2740 3645 3004 3701; x_wconf 83' lang='lat' dir='ltr'><strong>Romanis</strong></span> <span class='ocrx_word' id='word_1_534' title='bbox 3043 3643 3258 3716; x_wconf 75' lang='lat' dir='ltr'><strong>penitus</strong></span> <span class='ocrx_word' id='word_1_535' title='bbox 3285 3635 3634 3716; x_wconf 88' lang='lat' dir='ltr'><strong>dilapidatur,</strong></span> <span class='ocrx_word' id='word_1_536' title='bbox 3661 3656 3722 3702; x_wconf 76' lang='lat' dir='ltr'><strong>et</strong></span> 
     </span>
    </p>
   </div>
   <div class='ocr_carea' id='block_1_82' title="bbox 2129 3737 3720 3808">
    <p class='ocr_par' dir='ltr' id='par_1_82' title="bbox 2129 3737 3720 3808">
     <span class='ocr_line' id='line_1_82' title="bbox 2129 3737 3720 3808; baseline 0.001 -17"><span class='ocrx_word' id='word_1_537' title='bbox 2129 3754 2266 3808; x_wconf 85' lang='lat' dir='ltr'><strong>papa</strong></span> <span class='ocrx_word' id='word_1_538' title='bbox 2313 3737 2610 3806; x_wconf 86' lang='lat' dir='ltr'><strong>prudenter</strong></span> <span class='ocrx_word' id='word_1_539' title='bbox 2650 3737 2902 3806; x_wconf 85' lang='lat' dir='ltr'><strong>eripitur,</strong></span> <span class='ocrx_word' id='word_1_540' title='bbox 2945 3738 3040 3807; x_wconf 92' lang='lat' dir='ltr'><strong>qui</strong></span> <span class='ocrx_word' id='word_1_541' title='bbox 3084 3746 3138 3792; x_wconf 93' lang='lat' dir='ltr'><strong>et</strong></span> <span class='ocrx_word' id='word_1_542' title='bbox 3158 3753 3261 3792; x_wconf 91' lang='lat' dir='ltr'><strong>suo</strong></span> <span class='ocrx_word' id='word_1_543' title='bbox 3305 3739 3514 3806; x_wconf 89' lang='lat' dir='ltr'><strong>captori</strong></span> <span class='ocrx_word' id='word_1_544' title='bbox 3548 3738 3638 3792; x_wconf 87' lang='lat' dir='ltr'><strong>vix</strong></span> <span class='ocrx_word' id='word_1_545' title='bbox 3683 3754 3720 3792; x_wconf 84' lang='lat' dir='ltr'><strong>a</strong></span> 
     </span>
    </p>
   </div>
   <div class='ocr_carea' id='block_1_83' title="bbox 2131 3827 3720 3896">
    <p class='ocr_par' dir='ltr' id='par_1_83' title="bbox 2131 3827 3720 3896">
     <span class='ocr_line' id='line_1_83' title="bbox 2131 3827 3720 3896; baseline 0.001 -15"><span class='ocrx_word' id='word_1_546' title='bbox 2131 3828 2392 3882; x_wconf 80' lang='lat' dir='ltr'><strong>Ronianis</strong></span> <span class='ocrx_word' id='word_1_547' title='bbox 2420 3827 2588 3880; x_wconf 87' lang='lat' dir='ltr'><strong>vitam</strong></span> <span class='ocrx_word' id='word_1_548' title='bbox 2633 3827 2960 3896; x_wconf 89' lang='lat' dir='ltr'><strong>impetravit.</strong></span> <span class='ocrx_word' id='word_1_549' title='bbox 3007 3828 3143 3881; x_wconf 87' lang='lat' dir='ltr'><strong>Cum</strong></span> <span class='ocrx_word' id='word_1_550' title='bbox 3170 3837 3351 3882; x_wconf 89' lang='lat' dir='ltr'><strong>autem</strong></span> <span class='ocrx_word' id='word_1_551' title='bbox 3391 3844 3485 3881; x_wconf 88' lang='lat' dir='ltr'><strong>rex</strong></span> <span class='ocrx_word' id='word_1_552' title='bbox 3528 3827 3720 3896; x_wconf 85' lang='lat' dir='ltr'><strong>sepius</strong></span> 
     </span>
    </p>
   </div>
   <div class='ocr_carea' id='block_1_84' title="bbox 2126 3918 3717 3998">
    <p class='ocr_par' dir='ltr' id='par_1_84' title="bbox 2126 3918 3717 3998">
     <span class='ocr_line' id='line_1_84' title="bbox 2126 3918 3717 3998; baseline 0.001 -27"><span class='ocrx_word' id='word_1_553' title='bbox 2126 3919 2238 3988; x_wconf 88' lang='lat' dir='ltr'><strong>jam</strong></span> <span class='ocrx_word' id='word_1_554' title='bbox 2271 3918 2478 3971; x_wconf 88' lang='lat' dir='ltr'><strong>dudum</strong></span> <span class='ocrx_word' id='word_1_555' title='bbox 2505 3934 2534 3972; x_wconf 93' lang='lat' dir='ltr'><strong>a</strong></span> <span class='ocrx_word' id='word_1_556' title='bbox 2564 3934 2700 3988; x_wconf 91' lang='lat' dir='ltr'><strong>papa</strong></span> <span class='ocrx_word' id='word_1_557' title='bbox 2732 3919 3087 3988; x_wconf 73' lang='lat' dir='ltr'><strong>przemonitus</strong></span> <span class='ocrx_word' id='word_1_558' title='bbox 3117 3934 3176 3973; x_wconf 91' lang='lat' dir='ltr'><strong>se</strong></span> <span class='ocrx_word' id='word_1_559' title='bbox 3215 3918 3488 3989; x_wconf 87' lang='lat' dir='ltr'><strong>corrigere</strong></span> <span class='ocrx_word' id='word_1_560' title='bbox 3521 3920 3717 3998; x_wconf 77' lang='lat' dir='ltr'><strong>nollet,</strong></span> 
     </span>
    </p>
   </div>
   <div class='ocr_carea' id='block_1_85' title="bbox 2130 4009 3716 4079">
    <p class='ocr_par' dir='ltr' id='par_1_85' title="bbox 2130 4009 3716 4079">
     <span class='ocr_line' id='line_1_85' title="bbox 2130 4009 3716 4079; baseline 0.003 -18"><span class='ocrx_word' id='word_1_561' title='bbox 2130 4020 2181 4062; x_wconf 91' lang='lat' dir='ltr'><strong>et</strong></span> <span class='ocrx_word' id='word_1_562' title='bbox 2208 4023 2343 4077; x_wconf 90' lang='lat' dir='ltr'><strong>papa</strong></span> <span class='ocrx_word' id='word_1_563' title='bbox 2385 4009 2438 4060; x_wconf 94' lang='lat' dir='ltr'><strong>in</strong></span> <span class='ocrx_word' id='word_1_564' title='bbox 2486 4009 2832 4064; x_wconf 88' lang='lat' dir='ltr'><strong>admonendo</strong></span> <span class='ocrx_word' id='word_1_565' title='bbox 2873 4011 2948 4063; x_wconf 93' lang='lat' dir='ltr'><strong>nil</strong></span> <span class='ocrx_word' id='word_1_566' title='bbox 2982 4009 3287 4079; x_wconf 79' lang='lat' dir='ltr'><strong>proliceret,</strong></span> <span class='ocrx_word' id='word_1_567' title='bbox 3339 4011 3406 4064; x_wconf 88' lang='lat' dir='ltr'><strong>ad</strong></span> <span class='ocrx_word' id='word_1_568' title='bbox 3456 4010 3716 4066; x_wconf 77' lang='lat' dir='ltr'><strong>ultimum</strong></span> 
     </span>
    </p>
   </div>
   <div class='ocr_carea' id='block_1_86' title="bbox 2131 4098 3716 4170">
    <p class='ocr_par' dir='ltr' id='par_1_86' title="bbox 2131 4098 3716 4170">
     <span class='ocr_line' id='line_1_86' title="bbox 2131 4098 3716 4170; baseline 0.003 -19"><span class='ocrx_word' id='word_1_569' title='bbox 2131 4098 2408 4153; x_wconf 89' lang='lat' dir='ltr'><strong>mandavit</strong></span> <span class='ocrx_word' id='word_1_570' title='bbox 2443 4099 2516 4162; x_wconf 92' lang='lat' dir='ltr'><strong>ei,</strong></span> <span class='ocrx_word' id='word_1_571' title='bbox 2546 4100 2690 4168; x_wconf 91' lang='lat' dir='ltr'><strong>quod</strong></span> <span class='ocrx_word' id='word_1_572' title='bbox 2724 4100 2778 4152; x_wconf 92' lang='lat' dir='ltr'><strong>in</strong></span> <span class='ocrx_word' id='word_1_573' title='bbox 2808 4098 3051 4155; x_wconf 79' lang='lat' dir='ltr'><strong>Romana</strong></span> <span class='ocrx_word' id='word_1_574' title='bbox 3080 4101 3275 4156; x_wconf 88' lang='lat' dir='ltr'><strong>sinodo</strong></span> <span class='ocrx_word' id='word_1_575' title='bbox 3305 4110 3434 4156; x_wconf 91' lang='lat' dir='ltr'><strong>tunc</strong></span> <span class='ocrx_word' id='word_1_576' title='bbox 3462 4103 3716 4170; x_wconf 88' lang='lat' dir='ltr'><strong>proxima</strong></span> 
     </span>
    </p>
   </div>
   <div class='ocr_carea' id='block_1_87' title="bbox 2128 4190 3710 4260">
    <p class='ocr_par' dir='ltr' id='par_1_87' title="bbox 2128 4190 3710 4260">
     <span class='ocr_line' id='line_1_87' title="bbox 2128 4190 3710 4260; baseline 0 -14"><span class='ocrx_word' id='word_1_577' title='bbox 2128 4206 2255 4246; x_wconf 91' lang='lat' dir='ltr'><strong>eum</strong></span> <span class='ocrx_word' id='word_1_578' title='bbox 2317 4191 2894 4246; x_wconf 88' lang='lat' dir='ltr'><strong>excommunicaturus</strong></span> <span class='ocrx_word' id='word_1_579' title='bbox 2942 4199 3122 4257; x_wconf 88' lang='lat' dir='ltr'><strong>esset,</strong></span> <span class='ocrx_word' id='word_1_580' title='bbox 3185 4191 3292 4246; x_wconf 90' lang='lat' dir='ltr'><strong>nisi</strong></span> <span class='ocrx_word' id='word_1_581' title='bbox 3343 4190 3710 4260; x_wconf 86' lang='lat' dir='ltr'><strong>resipisceret.</strong></span> 
     </span>
    </p>
   </div>
   <div class='ocr_carea' id='block_1_88' title="bbox 2129 4281 3710 4352">
    <p class='ocr_par' dir='ltr' id='par_1_88' title="bbox 2129 4281 3710 4352">
     <span class='ocr_line' id='line_1_88' title="bbox 2129 4281 3710 4352; baseline 0 -17"><span class='ocrx_word' id='word_1_582' title='bbox 2129 4281 2260 4347; x_wconf 68' lang='lat' dir='ltr'><strong>Qua:</strong></span> <span class='ocrx_word' id='word_1_583' title='bbox 2297 4282 2495 4351; x_wconf 89' lang='lat' dir='ltr'><strong>legatio</strong></span> <span class='ocrx_word' id='word_1_584' title='bbox 2530 4282 2584 4335; x_wconf 90' lang='lat' dir='ltr'><strong>in</strong></span> <span class='ocrx_word' id='word_1_585' title='bbox 2620 4283 2830 4336; x_wconf 89' lang='lat' dir='ltr'><strong>octavis</strong></span> <span class='ocrx_word' id='word_1_586' title='bbox 2861 4281 3076 4336; x_wconf 89' lang='lat' dir='ltr'><strong>Domini</strong></span> <span class='ocrx_word' id='word_1_587' title='bbox 3121 4281 3188 4335; x_wconf 90' lang='lat' dir='ltr'><strong>ad</strong></span> <span class='ocrx_word' id='word_1_588' title='bbox 3219 4295 3399 4352; x_wconf 82' lang='lat' dir='ltr'><strong>regem</strong></span> <span class='ocrx_word' id='word_1_589' title='bbox 3442 4282 3710 4351; x_wconf 82' lang='lat' dir='ltr'><strong>pervenit.</strong></span> 
     </span>
    </p>
   </div>
   <div class='ocr_carea' id='block_1_89' title="bbox 2133 4370 3712 4441">
    <p class='ocr_par' dir='ltr' id='par_1_89' title="bbox 2133 4370 3712 4441">
     <span class='ocr_line' id='line_1_89' title="bbox 2133 4370 3712 4441; baseline 0.001 -17"><span class='ocrx_word' id='word_1_590' title='bbox 2133 4370 2285 4425; x_wconf 86' lang='lat' dir='ltr'><strong>Unde</strong></span> <span class='ocrx_word' id='word_1_591' title='bbox 2319 4387 2413 4425; x_wconf 90' lang='lat' dir='ltr'><strong>rex</strong></span> <span class='ocrx_word' id='word_1_592' title='bbox 2451 4371 2634 4441; x_wconf 78' lang='grc'><strong>(1501)</strong></span> <span class='ocrx_word' id='word_1_593' title='bbox 2660 4373 2716 4424; x_wconf 93' lang='lat' dir='ltr'><strong>in</strong></span> <span class='ocrx_word' id='word_1_594' title='bbox 2747 4372 3145 4440; x_wconf 81' lang='lat' dir='ltr'><strong>septuagesima</strong></span> <span class='ocrx_word' id='word_1_595' title='bbox 3177 4372 3243 4402; x_wconf 82' lang='grc'><strong><em>³³⁸</em></strong></span> <span class='ocrx_word' id='word_1_596' title='bbox 3276 4371 3417 4440; x_wconf 89' lang='lat' dir='ltr'><strong>apud</strong></span> <span class='ocrx_word' id='word_1_597' title='bbox 3449 4370 3712 4426; x_wconf 83' lang='lat' dir='ltr'><strong>Worma-</strong></span> 
     </span>
    </p>
   </div>
   <div class='ocr_carea' id='block_1_90' title="bbox 2131 4460 3714 4532">
    <p class='ocr_par' dir='ltr' id='par_1_90' title="bbox 2131 4460 3714 4532">
     <span class='ocr_line' id='line_1_90' title="bbox 2131 4460 3714 4532; baseline 0.003 -18"><span class='ocrx_word' id='word_1_598' title='bbox 2131 4463 2261 4515; x_wconf 89' lang='lat' dir='ltr'><strong>tiam</strong></span> <span class='ocrx_word' id='word_1_599' title='bbox 2305 4463 2579 4532; x_wconf 90' lang='lat' dir='ltr'><strong>colloquio</strong></span> <span class='ocrx_word' id='word_1_600' title='bbox 2616 4461 2784 4528; x_wconf 84' lang='lat' dir='ltr'><strong>facto,</strong></span> <span class='ocrx_word' id='word_1_601' title='bbox 2821 4471 2874 4516; x_wconf 91' lang='lat' dir='ltr'><strong>et</strong></span> <span class='ocrx_word' id='word_1_602' title='bbox 2917 4461 3026 4515; x_wconf 88' lang='lat' dir='ltr'><strong>alio</strong></span> <span class='ocrx_word' id='word_1_603' title='bbox 3052 4462 3106 4515; x_wconf 91' lang='lat' dir='ltr'><strong>in</strong></span> <span class='ocrx_word' id='word_1_604' title='bbox 3138 4460 3518 4532; x_wconf 87' lang='lat' dir='ltr'><strong>Longobardia</strong></span> <span class='ocrx_word' id='word_1_605' title='bbox 3565 4465 3714 4532; x_wconf 87' lang='lat' dir='ltr'><strong>apud</strong></span> 
     </span>
    </p>
   </div>
   <div class='ocr_carea' id='block_1_91' title="bbox 449 4545 3715 4624">
    <p class='ocr_par' dir='ltr' id='par_1_91' title="bbox 449 4545 3715 4624">
     <span class='ocr_line' id='line_1_91' title="bbox 449 4545 3715 4624; baseline 0.001 -21"><span class='ocrx_word' id='word_1_606' title='bbox 449 4565 589 4619; x_wconf 90' lang='lat' dir='ltr'><strong>papa</strong></span> <span class='ocrx_word' id='word_1_607' title='bbox 612 4552 894 4606; x_wconf 81' lang='lat' dir='ltr'><strong>dillinitam</strong></span> <span class='ocrx_word' id='word_1_608' title='bbox 941 4571 1054 4608; x_wconf 73' lang='lat' dir='ltr'><strong>sua:</strong></span> <span class='ocrx_word' id='word_1_609' title='bbox 1075 4556 1441 4613; x_wconf 79' lang='lat' dir='ltr'><strong>damnationis</strong></span> <span class='ocrx_word' id='word_1_610' title='bbox 1465 4559 1790 4612; x_wconf 84' lang='lat' dir='ltr'><strong>sententiam</strong></span> <span class='ocrx_word' id='word_1_611' title='bbox 1832 4559 1887 4611; x_wconf 94' lang='lat' dir='ltr'><strong>in</strong></span> <span class='ocrx_word' id='word_1_612' title='bbox 1912 4555 2025 4612; x_wconf 78' lang='lat' dir='ltr'><strong>llo-</strong></span> <span class='ocrx_word' id='word_1_613' title='bbox 2057 4545 2102 4599; x_wconf 80' lang='grc' dir='ltr'><strong>ι)</strong></span> <span class='ocrx_word' id='word_1_614' title='bbox 2127 4554 2480 4619; x_wconf 86' lang='lat' dir='ltr'><strong>Placentiam,</strong></span> <span class='ocrx_word' id='word_1_615' title='bbox 2533 4570 2724 4609; x_wconf 87' lang='lat' dir='ltr'><strong>onmes</strong></span> <span class='ocrx_word' id='word_1_616' title='bbox 2764 4569 2906 4624; x_wconf 92' lang='lat' dir='ltr'><strong>quos</strong></span> <span class='ocrx_word' id='word_1_617' title='bbox 2953 4553 3126 4623; x_wconf 92' lang='lat' dir='ltr'><strong>potuit</strong></span> <span class='ocrx_word' id='word_1_618' title='bbox 3165 4552 3526 4607; x_wconf 88' lang='lat' dir='ltr'><strong>obedientiam</strong></span> <span class='ocrx_word' id='word_1_619' title='bbox 3565 4565 3715 4622; x_wconf 70' lang='lat' dir='ltr'><strong>pra-</strong></span> 
     </span>
    </p>
   </div>
   <div class='ocr_carea' id='block_1_92' title="bbox 448 4637 3715 4718">
    <p class='ocr_par' dir='ltr' id='par_1_92' title="bbox 448 4637 3715 4718">
     <span class='ocr_line' id='line_1_92' title="bbox 448 4637 3715 4718; baseline 0.002 -25"><span class='ocrx_word' id='word_1_620' title='bbox 448 4655 607 4697; x_wconf 89' lang='lat' dir='ltr'><strong>mana</strong></span> <span class='ocrx_word' id='word_1_621' title='bbox 638 4643 833 4699; x_wconf 88' lang='lat' dir='ltr'><strong>sinodo</strong></span> <span class='ocrx_word' id='word_1_622' title='bbox 875 4646 1087 4716; x_wconf 87' lang='lat' dir='ltr'><strong>excepit</strong></span> <span class='ocrx_word' id='word_1_623' title='bbox 1121 4646 1326 4718; x_wconf 65' lang='lat'><strong>(4299).</strong></span> <span class='ocrx_word' id='word_1_624' title='bbox 1367 4647 1426 4702; x_wconf 80' lang='lat' dir='ltr'><strong>In</strong></span> <span class='ocrx_word' id='word_1_625' title='bbox 1468 4650 1656 4704; x_wconf 88' lang='lat' dir='ltr'><strong>eadem</strong></span> <span class='ocrx_word' id='word_1_626' title='bbox 1703 4648 1899 4704; x_wconf 80' lang='lat' dir='ltr'><strong>sinodo</strong></span> <span class='ocrx_word' id='word_1_627' title='bbox 1931 4648 2025 4701; x_wconf 89' lang='lat' dir='ltr'><strong>de-</strong></span> <span class='ocrx_word' id='word_1_628' title='bbox 2129 4637 2276 4700; x_wconf 81' lang='lat' dir='ltr'><strong>dicto</strong></span> <span class='ocrx_word' id='word_1_629' title='bbox 2296 4661 2448 4714; x_wconf 68' lang='lat' dir='ltr'><strong>papae</strong></span> <span class='ocrx_word' id='word_1_630' title='bbox 2473 4643 2836 4700; x_wconf 86' lang='lat' dir='ltr'><strong>exhibendam</strong></span> <span class='ocrx_word' id='word_1_631' title='bbox 2869 4645 3124 4715; x_wconf 87' lang='lat' dir='ltr'><strong>abjurare</strong></span> <span class='ocrx_word' id='word_1_632' title='bbox 3166 4643 3314 4710; x_wconf 76' lang='lat' dir='ltr'><strong>fecit,</strong></span> <span class='ocrx_word' id='word_1_633' title='bbox 3355 4652 3410 4698; x_wconf 86' lang='lat' dir='ltr'><strong>et</strong></span> <span class='ocrx_word' id='word_1_634' title='bbox 3436 4643 3609 4700; x_wconf 85' lang='lat' dir='ltr'><strong>missa</strong></span> <span class='ocrx_word' id='word_1_635' title='bbox 3631 4642 3715 4700; x_wconf 85' lang='lat' dir='ltr'><strong>le-</strong></span> 
     </span>
    </p>
   </div>
   <div class='ocr_carea' id='block_1_93' title="bbox 1731 4771 2485 4842">
    <p class='ocr_par' dir='ltr' id='par_1_93' title="bbox 1731 4771 2485 4842">
     <span class='ocr_line' id='line_1_93' title="bbox 1731 4771 2485 4842; baseline 0 -3"><span class='ocrx_word' id='word_1_636' title='bbox 1731 4786 1966 4842; x_wconf 55' lang='lat' dir='ltr'><strong>vamus</strong></span> <span class='ocrx_word' id='word_1_637' title='bbox 2006 4783 2403 4842; x_wconf 72' lang='lat' dir='ltr'><strong>LECTIONES.</strong></span> <span class='ocrx_word' id='word_1_638' title='bbox 2482 4771 2485 4773; x_wconf 81' lang='grc'><em>’</em></span> 
     </span>
    </p>
   </div>
   <div class='ocr_carea' id='block_1_94' title="bbox 527 4892 3706 4968">
    <p class='ocr_par' dir='ltr' id='par_1_94' title="bbox 527 4892 3706 4968">
     <span class='ocr_line' id='line_1_94' title="bbox 527 4892 3706 4968; baseline 0.002 -22"><span class='ocrx_word' id='word_1_639' title='bbox 527 4892 669 4968; x_wconf 81' lang='lat' dir='ltr'><strong>&#39;_&quot;__p.</strong></span> <span class='ocrx_word' id='word_1_640' title='bbox 694 4895 726 4968; x_wconf 80' lang='lat' dir='ltr'><strong>i.</strong></span> <span class='ocrx_word' id='word_1_641' title='bbox 756 4911 801 4947; x_wconf 92' lang='lat' dir='ltr'><strong>r.</strong></span> <span class='ocrx_word' id='word_1_642' title='bbox 829 4911 903 4948; x_wconf 87' lang='lat' dir='ltr'><strong>tn.</strong></span> <span class='ocrx_word' id='word_1_643' title='bbox 931 4912 978 4949; x_wconf 91' lang='lat' dir='ltr'><strong>c.</strong></span> <span class='ocrx_word' id='word_1_644' title='bbox 1005 4897 1058 4950; x_wconf 88' lang='lat' dir='ltr'><strong>in</strong></span> <span class='ocrx_word' id='word_1_645' title='bbox 1082 4897 1195 4951; x_wconf 84' lang='lat' dir='ltr'><strong>loco</strong></span> <span class='ocrx_word' id='word_1_646' title='bbox 1220 4915 1338 4952; x_wconf 84' lang='lat' dir='ltr'><strong>raso</strong></span> <span class='ocrx_word' id='word_1_647' title='bbox 1353 4900 1536 4954; x_wconf 82' lang='lat' dir='ltr'><strong>eadem</strong></span> <span class='ocrx_word' id='word_1_648' title='bbox 1559 4909 1734 4952; x_wconf 79' lang='lat' dir='ltr'><strong>tanwn</strong></span> <span class='ocrx_word' id='word_1_649' title='bbox 1755 4913 1916 4951; x_wconf 86' lang='lat' dir='ltr'><strong>manu</strong></span> <span class='ocrx_word' id='word_1_650' title='bbox 1943 4897 2021 4961; x_wconf 83' lang='lat' dir='ltr'><strong>l.-,</strong></span> <span class='ocrx_word' id='word_1_651' title='bbox 2049 4906 2099 4950; x_wconf 80' lang='lat' dir='ltr'><strong>et</strong></span> <span class='ocrx_word' id='word_1_652' title='bbox 2114 4897 2377 4950; x_wconf 84' lang='lat' dir='ltr'><strong>udsuntin</strong></span> <span class='ocrx_word' id='word_1_653' title='bbox 2407 4897 2640 4968; x_wconf 78' lang='lat' dir='ltr'><strong>reliquis.</strong></span> <span class='ocrx_word' id='word_1_654' title='bbox 2717 4898 2788 4930; x_wconf 85' lang='grc'><strong>⁸¹⁶</strong></span> <span class='ocrx_word' id='word_1_655' title='bbox 2807 4898 2929 4951; x_wconf 78' lang='lat' dir='ltr'><strong>hinc</strong></span> <span class='ocrx_word' id='word_1_656' title='bbox 2948 4898 3071 4952; x_wconf 80' lang='lat' dir='ltr'><strong>inde</strong></span> <span class='ocrx_word' id='word_1_657' title='bbox 3099 4897 3249 4968; x_wconf 79' lang='lat' dir='ltr'><strong>aliud</strong></span> <span class='ocrx_word' id='word_1_658' title='bbox 3274 4901 3632 4968; x_wconf 52' lang='lat' dir='ltr'><strong>atramentum</strong></span> <span class='ocrx_word' id='word_1_659' title='bbox 3655 4895 3706 4953; x_wconf 74' lang='grc' dir='ltr'><strong>ί.</strong></span> 
     </span>
    </p>
   </div>
   <div class='ocr_carea' id='block_1_95' title="bbox 447 4961 3710 5042">
    <p class='ocr_par' dir='ltr' id='par_1_95' title="bbox 447 4961 3710 5042">
     <span class='ocr_line' id='line_1_95' title="bbox 447 4961 3710 5042; baseline -0.002 -19"><span class='ocrx_word' id='word_1_660' title='bbox 447 4961 514 5042; x_wconf 58' lang='grc' dir='ltr'><strong>’ξ’</strong></span> <span class='ocrx_word' id='word_1_661' title='bbox 541 4962 579 5016; x_wconf 70' lang='grc' dir='ltr'><strong>Ῑ-</strong></span> <span class='ocrx_word' id='word_1_662' title='bbox 604 4961 660 5042; x_wconf 53' lang='grc' dir='ltr'><strong>ὗε</strong></span> <span class='ocrx_word' id='word_1_663' title='bbox 686 4965 738 5019; x_wconf 85' lang='lat' dir='ltr'><strong>d.</strong></span> <span class='ocrx_word' id='word_1_664' title='bbox 765 4974 816 5018; x_wconf 79' lang='lat' dir='ltr'><strong>el</strong></span> <span class='ocrx_word' id='word_1_665' title='bbox 843 4981 894 5042; x_wconf 57' lang='grc' dir='ltr'><strong>ε.</strong></span> <span class='ocrx_word' id='word_1_666' title='bbox 927 4982 1058 5042; x_wconf 39' lang='grc' dir='ltr'><strong>νιρ.</strong></span> <span class='ocrx_word' id='word_1_667' title='bbox 1089 4983 1139 5042; x_wconf 67' lang='lat' dir='ltr'><strong>at.</strong></span> <span class='ocrx_word' id='word_1_668' title='bbox 1176 4969 1229 5019; x_wconf 85' lang='lat' dir='ltr'><strong>in</strong></span> <span class='ocrx_word' id='word_1_669' title='bbox 1240 4969 1372 5042; x_wconf 83' lang='lat' dir='ltr'><strong>_loco_</strong></span> <span class='ocrx_word' id='word_1_670' title='bbox 1385 4987 1519 5042; x_wconf 60' lang='lat' dir='ltr'><strong>raso</strong></span> <span class='ocrx_word' id='word_1_671' title='bbox 1548 4971 1597 5042; x_wconf 74' lang='lat' dir='ltr'><strong>l.</strong></span> <span class='ocrx_word' id='word_1_672' title='bbox 1625 4971 1715 5022; x_wconf 83' lang='lat' dir='ltr'><strong>sed</strong></span> <span class='ocrx_word' id='word_1_673' title='bbox 1747 4969 1929 5042; x_wconf 70' lang='lat' dir='ltr'><strong>eadem</strong></span> <span class='ocrx_word' id='word_1_674' title='bbox 1966 4983 2146 5032; x_wconf 84' lang='lat' dir='ltr'><strong>manu,</strong></span> <span class='ocrx_word' id='word_1_675' title='bbox 2168 4976 2222 5042; x_wconf 65' lang='lat' dir='ltr'><strong>et</strong></span> <span class='ocrx_word' id='word_1_676' title='bbox 2251 4969 2444 5042; x_wconf 80' lang='lat' dir='ltr'><strong>adsunt</strong></span> <span class='ocrx_word' id='word_1_677' title='bbox 2471 4961 2528 5020; x_wconf 73' lang='lat' dir='ltr'><strong>iri</strong></span> <span class='ocrx_word' id='word_1_678' title='bbox 2561 4968 2796 5042; x_wconf 68' lang='lat' dir='ltr'><strong>reliquis.</strong></span> <span class='ocrx_word' id='word_1_679' title='bbox 2892 4969 2960 5001; x_wconf 81' lang='grc'><strong><em>³⁸⁸</em></strong></span> <span class='ocrx_word' id='word_1_680' title='bbox 2990 4969 3036 5023; x_wconf 86' lang='lat' dir='ltr'><strong>is</strong></span> <span class='ocrx_word' id='word_1_681' title='bbox 3057 4970 3114 5042; x_wconf 62' lang='lat' dir='ltr'><strong>in</strong></span> <span class='ocrx_word' id='word_1_682' title='bbox 3134 4965 3479 5042; x_wconf 43' lang='grc' dir='ltr'><strong>(σίζει-ξηρῇ.</strong></span> <span class='ocrx_word' id='word_1_683' title='bbox 3555 4964 3628 4996; x_wconf 78' lang='grc'><strong>⁸⁸⁸</strong></span> <span class='ocrx_word' id='word_1_684' title='bbox 3653 4980 3710 5042; x_wconf 56' lang='grc' dir='ltr'><strong>ξ,</strong></span> 
     </span>
    </p>
   </div>
   <div class='ocr_carea' id='block_1_96' title="bbox 445 5033 3710 5123">
    <p class='ocr_par' dir='ltr' id='par_1_96' title="bbox 445 5033 3710 5123">
     <span class='ocr_line' id='line_1_96' title="bbox 445 5033 3710 5123; baseline 0.002 -37"><span class='ocrx_word' id='word_1_685' title='bbox 445 5033 517 5088; x_wconf 88' lang='lat' dir='ltr'><strong>cl.</strong></span> <span class='ocrx_word' id='word_1_686' title='bbox 547 5047 598 5090; x_wconf 78' lang='grc' dir='ltr'><strong>ι.</strong></span> <span class='ocrx_word' id='word_1_687' title='bbox 623 5034 810 5089; x_wconf 74' lang='lat' dir='ltr'><strong>desunt</strong></span> <span class='ocrx_word' id='word_1_688' title='bbox 843 5036 897 5090; x_wconf 75' lang='lat'><strong>2.</strong></span> <span class='ocrx_word' id='word_1_689' title='bbox 975 5033 1044 5068; x_wconf 76' lang='grc'><strong><em>³⁸⁸</em></strong></span> <span class='ocrx_word' id='word_1_690' title='bbox 1074 5037 1215 5090; x_wconf 82' lang='lat' dir='ltr'><strong>deest</strong></span> <span class='ocrx_word' id='word_1_691' title='bbox 1238 5038 1290 5091; x_wconf 77' lang='grc'><strong>3.</strong></span> <span class='ocrx_word' id='word_1_692' title='bbox 1355 5036 1422 5070; x_wconf 77' lang='grc'><strong>⁸³⁸</strong></span> <span class='ocrx_word' id='word_1_693' title='bbox 1451 5038 1751 5094; x_wconf 83' lang='lat' dir='ltr'><strong>Gintius—</strong></span> <span class='ocrx_word' id='word_1_694' title='bbox 1769 5039 2131 5094; x_wconf 70' lang='lat' dir='ltr'><strong>celebrantem</strong></span> <span class='ocrx_word' id='word_1_695' title='bbox 2160 5038 2216 5089; x_wconf 85' lang='lat' dir='ltr'><strong>in</strong></span> <span class='ocrx_word' id='word_1_696' title='bbox 2246 5035 2361 5090; x_wconf 86' lang='lat' dir='ltr'><strong>loco</strong></span> <span class='ocrx_word' id='word_1_697' title='bbox 2389 5053 2531 5102; x_wconf 88' lang='lat' dir='ltr'><strong>raso,</strong></span> <span class='ocrx_word' id='word_1_698' title='bbox 2561 5040 2651 5091; x_wconf 82' lang='lat' dir='ltr'><strong>sed</strong></span> <span class='ocrx_word' id='word_1_699' title='bbox 2668 5033 2865 5093; x_wconf 60' lang='lat' dir='ltr'><strong>eadem</strong></span> <span class='ocrx_word' id='word_1_700' title='bbox 2893 5037 3126 5093; x_wconf 70' lang='lat' dir='ltr'><strong>manui.</strong></span> <span class='ocrx_word' id='word_1_701' title='bbox 3203 5037 3271 5068; x_wconf 73' lang='grc'>⁸³⁸</span> <span class='ocrx_word' id='word_1_702' title='bbox 3298 5033 3535 5090; x_wconf 57' lang='grc' dir='ltr'><strong>ιλχωι</strong></span> <span class='ocrx_word' id='word_1_703' title='bbox 3560 5050 3634 5123; x_wconf 76' lang='lat' dir='ltr'><strong>ap</strong></span> <span class='ocrx_word' id='word_1_704' title='bbox 3658 5035 3710 5094; x_wconf 76' lang='grc' dir='ltr'><strong>ί.</strong></span> 
     </span>
    </p>
   </div>
   <div class='ocr_carea' id='block_1_97' title="bbox 1892 5170 2172 5233">
    <p class='ocr_par' dir='ltr' id='par_1_97' title="bbox 1892 5170 2172 5233">
     <span class='ocr_line' id='line_1_97' title="bbox 1892 5170 2172 5233; baseline -0.032 0"><span class='ocrx_word' id='word_1_705' title='bbox 1892 5231 1894 5233; x_wconf 71' lang='grc'><strong>,</strong></span> <span class='ocrx_word' id='word_1_706' title='bbox 1943 5170 2172 5228; x_wconf 62' lang='grc' dir='ltr'><strong>ΝΟΤᾸΞ.</strong></span> 
     </span>
    </p>
   </div>
   <div class='ocr_carea' id='block_1_98' title="bbox 2125 5278 3714 5351">
    <p class='ocr_par' dir='ltr' id='par_1_98' title="bbox 2125 5278 3714 5351">
     <span class='ocr_line' id='line_1_98' title="bbox 2125 5278 3714 5351; baseline -0.003 -13"><span class='ocrx_word' id='word_1_707' title='bbox 2125 5281 2520 5338; x_wconf 80' lang='lat' dir='ltr'><strong>damnationem</strong></span> <span class='ocrx_word' id='word_1_708' title='bbox 2549 5279 2813 5351; x_wconf 77' lang='lat' dir='ltr'><strong>Spirensis</strong></span> <span class='ocrx_word' id='word_1_709' title='bbox 2839 5281 3068 5350; x_wconf 74' lang='lat' dir='ltr'><strong>episcopi</strong></span> <span class='ocrx_word' id='word_1_710' title='bbox 3102 5288 3154 5351; x_wconf 81' lang='lat' dir='ltr'><strong>et</strong></span> <span class='ocrx_word' id='word_1_711' title='bbox 3191 5278 3567 5351; x_wconf 75' lang='lat' dir='ltr'><strong>mortem_ej_ns</strong></span> <span class='ocrx_word' id='word_1_712' title='bbox 3595 5288 3714 5333; x_wconf 82' lang='lat' dir='ltr'><strong>snt-</strong></span> 
     </span>
    </p>
   </div>
   <div class='ocr_carea' id='block_1_99' title="bbox 2125 5348 3712 5421">
    <p class='ocr_par' dir='ltr' id='par_1_99' title="bbox 2125 5348 3712 5421">
     <span class='ocr_line' id='line_1_99' title="bbox 2125 5348 3712 5421; baseline 0 -15"><span class='ocrx_word' id='word_1_713' title='bbox 2125 5355 2270 5407; x_wconf 83' lang='lat' dir='ltr'><strong>diose</strong></span> <span class='ocrx_word' id='word_1_714' title='bbox 2291 5348 2606 5421; x_wconf 68' lang='lat' dir='ltr'><strong>consideres,</strong></span> <span class='ocrx_word' id='word_1_715' title='bbox 2633 5359 2746 5421; x_wconf 86' lang='lat' dir='ltr'><strong>etc.</strong></span> <span class='ocrx_word' id='word_1_716' title='bbox 2778 5348 3021 5421; x_wconf 75' lang='lat' dir='ltr'><strong>Reliqua</strong></span> <span class='ocrx_word' id='word_1_717' title='bbox 3036 5350 3204 5404; x_wconf 86' lang='lat' dir='ltr'><strong>habes</strong></span> <span class='ocrx_word' id='word_1_718' title='bbox 3226 5363 3391 5418; x_wconf 83' lang='lat' dir='ltr'><strong>supra</strong></span> <span class='ocrx_word' id='word_1_719' title='bbox 3412 5348 3590 5419; x_wconf 84' lang='lat' dir='ltr'><strong>&#39;hujus</strong></span> <span class='ocrx_word' id='word_1_720' title='bbox 3614 5365 3712 5406; x_wconf 85' lang='lat' dir='ltr'><strong>vo-</strong></span> 
     </span>
    </p>
   </div>
   <div class='ocr_carea' id='block_1_100' title="bbox 2126 5420 2672 5477">
    <p class='ocr_par' dir='ltr' id='par_1_100' title="bbox 2126 5420 2672 5477">
     <span class='ocr_line' id='line_1_100' title="bbox 2126 5420 2672 5477; baseline -0.005 0"><span class='ocrx_word' id='word_1_721' title='bbox 2126 5423 2350 5477; x_wconf 85' lang='lat' dir='ltr'><strong>luminis</strong></span> <span class='ocrx_word' id='word_1_722' title='bbox 2375 5422 2478 5477; x_wconf 92' lang='lat' dir='ltr'><strong>col.</strong></span> <span class='ocrx_word' id='word_1_723' title='bbox 2515 5420 2672 5474; x_wconf 82' lang='lat' dir='ltr'><strong>H70.</strong></span> 
     </span>
    </p>
   </div>
   <div class='ocr_carea' id='block_1_101' title="bbox 2221 5487 3620 5571">
    <p class='ocr_par' dir='ltr' id='par_1_101' title="bbox 2221 5487 3620 5571">
     <span class='ocr_line' id='line_1_101' title="bbox 2221 5487 3620 5571; baseline -0.004 -26"><span class='ocrx_word' id='word_1_724' title='bbox 2221 5490 2380 5571; x_wconf 50' lang='lat' dir='ltr'><strong>Q99)</strong></span> <span class='ocrx_word' id='word_1_725' title='bbox 2419 5489 3083 5571; x_wconf 25' lang='lat' dir='ltr'><strong>épologsdecretzGregq</strong></span> <span class='ocrx_word' id='word_1_726' title='bbox 3107 5487 3212 5571; x_wconf 71' lang='lat' dir='ltr'><strong>col.</strong></span> <span class='ocrx_word' id='word_1_727' title='bbox 3247 5487 3410 5571; x_wconf 62' lang='grc' dir='ltr'><strong>110⁸1ἱ</strong></span> <span class='ocrx_word' id='word_1_728' title='bbox 3437 5558 3448 5570; x_wconf 43' lang='grc'><em>,</em></span> <span class='ocrx_word' id='word_1_729' title='bbox 3582 5523 3620 5571; x_wconf 45' lang='lat' dir='ltr'><strong>J.</strong></span> 
     </span>
    </p>
   </div>
   <div class='ocr_carea' id='block_1_102' title="bbox 2221 5498 3716 5682">
    <p class='ocr_par' dir='ltr' id='par_1_102' title="bbox 2221 5498 3716 5682">
     <span class='ocr_line' id='line_1_102' title="bbox 2221 5498 3620 5614; baseline -0.004 -70"><span class='ocrx_word' id='word_1_730' title='bbox 2221 5498 2359 5614; x_wconf 48' lang='lat' dir='ltr'><strong>1553i.)</strong></span> <span class='ocrx_word' id='word_1_731' title='bbox 2417 5498 2642 5614; x_wconf 58' lang='lat' dir='ltr'><strong>epotus.</strong></span> <span class='ocrx_word' id='word_1_732' title='bbox 2670 5498 3212 5614; x_wconf 54' lang='grc' dir='ltr'><strong>σοιὲιδθιᾶυὲθεηοῗμ.</strong></span> <span class='ocrx_word' id='word_1_733' title='bbox 3247 5498 3448 5614; x_wconf 48' lang='grc' dir='ltr'><strong>Πυῖὶι,</strong></span> <span class='ocrx_word' id='word_1_734' title='bbox 3581 5523 3620 5610; x_wconf 57' lang='grc' dir='ltr'><strong>ιε</strong></span> 
     </span>
     <span class='ocr_line' id='line_1_103' title="bbox 2221 5498 3716 5682; baseline 0 0"><span class='ocrx_word' id='word_1_735' title='bbox 2221 5498 2390 5682; x_wconf 58' lang='lat' dir='ltr'><strong>tm}.</strong></span> <span class='ocrx_word' id='word_1_736' title='bbox 2853 5573 2917 5682; x_wconf 62' lang='grc' dir='ltr'><strong>εξ</strong></span> <span class='ocrx_word' id='word_1_737' title='bbox 2936 5571 3576 5682; x_wconf 48' lang='lat' dir='ltr'><strong>heraditum</strong></span> 
     </span>
    </p>
   </div>
   <div class='ocr_carea' id='block_1_103' title="bbox 2124 5626 3711 5700">
    <p class='ocr_par' dir='ltr' id='par_1_103' title="bbox 2124 5626 3711 5700">
     <span class='ocr_line' id='line_1_104' title="bbox 2124 5626 3711 5700; baseline -0.004 -15"><span class='ocrx_word' id='word_1_738' title='bbox 2124 5626 2390 5700; x_wconf 73' lang='lat' dir='ltr'><strong>ruincol.</strong></span> <span class='ocrx_word' id='word_1_739' title='bbox 2434 5626 2592 5696; x_wconf 62' lang='grc'><strong>1169⁷,</strong></span> <span class='ocrx_word' id='word_1_740' title='bbox 2619 5630 2713 5686; x_wconf 91' lang='lat' dir='ltr'><strong>ubi</strong></span> <span class='ocrx_word' id='word_1_741' title='bbox 2759 5644 2810 5684; x_wconf 71' lang='grc' dir='ltr'><strong>ρ.</strong></span> <span class='ocrx_word' id='word_1_742' title='bbox 2852 5644 2906 5698; x_wconf 79' lang='lat' dir='ltr'><strong>g.</strong></span> <span class='ocrx_word' id='word_1_743' title='bbox 2936 5629 3051 5700; x_wconf 51' lang='lat' dir='ltr'><strong>haec</strong></span> <span class='ocrx_word' id='word_1_744' title='bbox 3074 5628 3369 5700; x_wconf 69' lang='lat' dir='ltr'><strong>legpntur;</strong></span> <span class='ocrx_word' id='word_1_745' title='bbox 3402 5627 3558 5700; x_wconf 54' lang='grc' dir='ltr'><strong>ιριςιρ</strong></span> <span class='ocrx_word' id='word_1_746' title='bbox 3600 5626 3711 5698; x_wconf 80' lang='lat' dir='ltr'><strong>igi-</strong></span> 
     </span>
    </p>
   </div>
   <div class='ocr_carea' id='block_1_104' title="bbox 2127 5694 3714 5770">
    <p class='ocr_par' dir='ltr' id='par_1_104' title="bbox 2127 5694 3714 5770">
     <span class='ocr_line' id='line_1_105' title="bbox 2127 5694 3714 5770; baseline -0.002 -17"><span class='ocrx_word' id='word_1_747' title='bbox 2127 5712 2215 5754; x_wconf 85' lang='lat' dir='ltr'><strong>tur</strong></span> <span class='ocrx_word' id='word_1_748' title='bbox 2240 5694 2921 5753; x_wconf 67' lang='lat' dir='ltr'><strong>dominicwinccmatioriis</strong></span> <span class='ocrx_word' id='word_1_749' title='bbox 2952 5698 3109 5770; x_wconf 57' lang='lat'><strong>10:76,</strong></span> <span class='ocrx_word' id='word_1_750' title='bbox 3129 5694 3391 5770; x_wconf 55' lang='lat' dir='ltr'><strong>Gregorio</strong></span> <span class='ocrx_word' id='word_1_751' title='bbox 3419 5694 3545 5770; x_wconf 82' lang='lat' dir='ltr'><strong>_VI_I_</strong></span> <span class='ocrx_word' id='word_1_752' title='bbox 3570 5694 3714 5768; x_wconf 72' lang='lat' dir='ltr'><strong>papa</strong></span> 
     </span>
    </p>
   </div>
   <div class='ocr_carea' id='block_1_105' title="bbox 2125 5765 3714 5894">
    <p class='ocr_par' dir='ltr' id='par_1_105' title="bbox 2125 5765 3714 5894">
     <span class='ocr_line' id='line_1_106' title="bbox 2125 5765 3714 5839; baseline -0.001 -15"><span class='ocrx_word' id='word_1_753' title='bbox 2125 5775 2180 5824; x_wconf 81' lang='lat' dir='ltr'><strong>in</strong></span> <span class='ocrx_word' id='word_1_754' title='bbox 2211 5771 2502 5839; x_wconf 85' lang='lat' dir='ltr'><strong>apostolica</strong></span> <span class='ocrx_word' id='word_1_755' title='bbox 2529 5770 2648 5823; x_wconf 79' lang='lat' dir='ltr'><strong>sede</strong></span> <span class='ocrx_word' id='word_1_756' title='bbox 2674 5770 2982 5835; x_wconf 73' lang='lat' dir='ltr'><strong>constituto,</strong></span> <span class='ocrx_word' id='word_1_757' title='bbox 3008 5765 3390 5839; x_wconf 48' lang='lat' dir='ltr'><strong>Reliqua&#39;vide</strong></span> <span class='ocrx_word' id='word_1_758' title='bbox 3419 5765 3592 5839; x_wconf 65' lang='lat' dir='ltr'><strong>hujus</strong></span> <span class='ocrx_word' id='word_1_759' title='bbox 3613 5765 3714 5822; x_wconf 76' lang='lat' dir='ltr'><strong>vo-</strong></span> 
     </span>
     <span class='ocr_line' id='line_1_107' title="bbox 2129 5838 2674 5894; baseline -0.004 0"><span class='ocrx_word' id='word_1_760' title='bbox 2129 5842 2349 5894; x_wconf 89' lang='lat' dir='ltr'><strong>luminis</strong></span> <span class='ocrx_word' id='word_1_761' title='bbox 2387 5840 2491 5894; x_wconf 86' lang='lat' dir='ltr'><strong>col.</strong></span> <span class='ocrx_word' id='word_1_762' title='bbox 2521 5838 2674 5894; x_wconf 74' lang='lat'><strong>“69.</strong></span> 
     </span>
    </p>
   </div>
   <div class='ocr_carea' id='block_1_106' title="bbox 2129 5841 2674 5896">
    <p class='ocr_par' dir='ltr' id='par_1_106' title="bbox 2129 5841 2674 5896">
     <span class='ocr_line' id='line_1_108' title="bbox 2129 5841 2674 5896; baseline -0.006 -1"><span class='ocrx_word' id='word_1_763' title='bbox 2129 5842 2349 5896; x_wconf 90' lang='lat' dir='ltr'><strong>luminis</strong></span> <span class='ocrx_word' id='word_1_764' title='bbox 2387 5841 2491 5895; x_wconf 87' lang='lat' dir='ltr'><strong>col.</strong></span> <span class='ocrx_word' id='word_1_765' title='bbox 2521 5841 2674 5894; x_wconf 74' lang='lat'><strong>“69.</strong></span> 
     </span>
    </p>
   </div>
   <div class='ocr_carea' id='block_1_107' title="bbox 547 5278 1788 5351">
    <p class='ocr_par' dir='ltr' id='par_1_107' title="bbox 547 5278 1788 5351">
     <span class='ocr_line' id='line_1_109' title="bbox 547 5278 1788 5351; baseline 0.001 -17"><span class='ocrx_word' id='word_1_766' title='bbox 547 5278 700 5351; x_wconf 59' lang='grc' dir='ltr'><strong>ως)</strong></span> <span class='ocrx_word' id='word_1_767' title='bbox 738 5279 984 5351; x_wconf 82' lang='lat' dir='ltr'><strong>Gregorii</strong></span> <span class='ocrx_word' id='word_1_768' title='bbox 1014 5279 1126 5351; x_wconf 69' lang='lat' dir='ltr'><strong>Vll,</strong></span> <span class='ocrx_word' id='word_1_769' title='bbox 1161 5279 1366 5350; x_wconf 75' lang='lat' dir='ltr'><strong>Regist.</strong></span> <span class='ocrx_word' id='word_1_770' title='bbox 1400 5279 1440 5344; x_wconf 82' lang='grc' dir='ltr'><strong>Ι,</strong></span> <span class='ocrx_word' id='word_1_771' title='bbox 1471 5281 1571 5347; x_wconf 76' lang='lat'><strong>85;</strong></span> <span class='ocrx_word' id='word_1_772' title='bbox 1604 5281 1668 5345; x_wconf 79' lang='lat' dir='ltr'><strong>l-i,</strong></span> <span class='ocrx_word' id='word_1_773' title='bbox 1701 5282 1788 5336; x_wconf 76' lang='grc'><strong>50.</strong></span> 
     </span>
    </p>
   </div>
   <div class='ocr_carea' id='block_1_108' title="bbox 541 5349 1586 5407">
    <p class='ocr_par' dir='ltr' id='par_1_108' title="bbox 541 5349 1586 5407">
     <span class='ocr_line' id='line_1_110' title="bbox 541 5349 1586 5407; baseline 0.005 -5"><span class='ocrx_word' id='word_1_774' title='bbox 541 5349 696 5407; x_wconf 67' lang='grc' dir='ltr'><strong>ΙῖΟἸ)</strong></span> <span class='ocrx_word' id='word_1_775' title='bbox 729 5350 781 5402; x_wconf 83' lang='lat'><strong>6.</strong></span> <span class='ocrx_word' id='word_1_776' title='bbox 809 5349 934 5405; x_wconf 74' lang='lat' dir='ltr'><strong>Kal.</strong></span> <span class='ocrx_word' id='word_1_777' title='bbox 965 5351 1038 5405; x_wconf 79' lang='grc' dir='ltr'><strong>Μ.</strong></span> <span class='ocrx_word' id='word_1_778' title='bbox 1071 5349 1280 5405; x_wconf 83' lang='lat' dir='ltr'><strong>Necrol.</strong></span> <span class='ocrx_word' id='word_1_779' title='bbox 1314 5351 1586 5407; x_wconf 85' lang='lat' dir='ltr'><strong>Bcruoldi.</strong></span> 
     </span>
    </p>
   </div>
   <div class='ocr_carea' id='block_1_109' title="bbox 518 5419 1302 5489">
    <p class='ocr_par' dir='ltr' id='par_1_109' title="bbox 518 5419 1302 5489">
     <span class='ocr_line' id='line_1_111' title="bbox 518 5419 1302 5489; baseline 0.003 -18"><span class='ocrx_word' id='word_1_780' title='bbox 518 5419 703 5489; x_wconf 60' lang='lat'><strong>0298)</strong></span> <span class='ocrx_word' id='word_1_781' title='bbox 745 5419 916 5475; x_wconf 81' lang='lat' dir='ltr'><strong>Mansi</strong></span> <span class='ocrx_word' id='word_1_782' title='bbox 950 5421 1069 5486; x_wconf 72' lang='lat' dir='ltr'><strong>XX,</strong></span> <span class='ocrx_word' id='word_1_783' title='bbox 1095 5438 1145 5487; x_wconf 87' lang='lat' dir='ltr'><strong>p.</strong></span> <span class='ocrx_word' id='word_1_784' title='bbox 1179 5422 1302 5475; x_wconf 69' lang='grc' dir='ltr'><strong>ΗΞ).</strong></span> 
     </span>
    </p>
   </div>
   <div class='ocr_carea' id='block_1_110' title="bbox 519 5489 2023 5559">
    <p class='ocr_par' dir='ltr' id='par_1_110' title="bbox 519 5489 2023 5559">
     <span class='ocr_line' id='line_1_112' title="bbox 519 5489 2023 5559; baseline 0.004 -19"><span class='ocrx_word' id='word_1_785' title='bbox 519 5491 702 5558; x_wconf 62' lang='grc'><strong>(1299)</strong></span> <span class='ocrx_word' id='word_1_786' title='bbox 741 5489 826 5544; x_wconf 71' lang='grc' dir='ltr'><strong>(Ξῖ.</strong></span> <span class='ocrx_word' id='word_1_787' title='bbox 859 5491 1047 5544; x_wconf 83' lang='lat' dir='ltr'><strong>eadem</strong></span> <span class='ocrx_word' id='word_1_788' title='bbox 1094 5491 1204 5546; x_wconf 77' lang='lat' dir='ltr'><strong>fere</strong></span> <span class='ocrx_word' id='word_1_789' title='bbox 1245 5489 1410 5547; x_wconf 87' lang='lat' dir='ltr'><strong>verba</strong></span> <span class='ocrx_word' id='word_1_790' title='bbox 1438 5489 1491 5542; x_wconf 91' lang='lat' dir='ltr'><strong>in</strong></span> <span class='ocrx_word' id='word_1_791' title='bbox 1519 5491 1748 5559; x_wconf 90' lang='lat' dir='ltr'><strong>epistola</strong></span> <span class='ocrx_word' id='word_1_792' title='bbox 1774 5493 1843 5548; x_wconf 89' lang='lat' dir='ltr'><strong>de</strong></span> <span class='ocrx_word' id='word_1_793' title='bbox 1869 5491 2023 5546; x_wconf 87' lang='lat' dir='ltr'><strong>dam-</strong></span> 
     </span>
    </p>
   </div>
   <div class='ocr_carea' id='block_1_111' title="bbox 447 5559 2015 5630">
    <p class='ocr_par' dir='ltr' id='par_1_111' title="bbox 447 5559 2015 5630">
     <span class='ocr_line' id='line_1_113' title="bbox 447 5559 2015 5630; baseline 0.001 -18"><span class='ocrx_word' id='word_1_794' title='bbox 447 5560 666 5630; x_wconf 81' lang='lat' dir='ltr'><strong>natione</strong></span> <span class='ocrx_word' id='word_1_795' title='bbox 703 5561 1176 5615; x_wconf 84' lang='lat' dir='ltr'><strong>schistnaticorum</strong></span> <span class='ocrx_word' id='word_1_796' title='bbox 1220 5577 1307 5630; x_wconf 91' lang='lat' dir='ltr'><strong>ap.</strong></span> <span class='ocrx_word' id='word_1_797' title='bbox 1354 5559 1686 5630; x_wconf 75' lang='lat' dir='ltr'><strong>Ussertnann</strong></span> <span class='ocrx_word' id='word_1_798' title='bbox 1725 5561 1917 5618; x_wconf 85' lang='lat' dir='ltr'><strong>Prodr.</strong></span> <span class='ocrx_word' id='word_1_799' title='bbox 1951 5561 2015 5627; x_wconf 90' lang='lat' dir='ltr'><strong>ll,</strong></span> 
     </span>
    </p>
   </div>
   <div class='ocr_carea' id='block_1_112' title="bbox 449 5627 2016 5702">
    <p class='ocr_par' dir='ltr' id='par_1_112' title="bbox 449 5627 2016 5702">
     <span class='ocr_line' id='line_1_114' title="bbox 449 5627 2016 5702; baseline 0.003 -21"><span class='ocrx_word' id='word_1_800' title='bbox 449 5645 499 5695; x_wconf 87' lang='lat' dir='ltr'><strong>p.</strong></span> <span class='ocrx_word' id='word_1_801' title='bbox 523 5627 629 5702; x_wconf 48' lang='grc' dir='ltr'><strong>εἶρξε</strong></span> <span class='ocrx_word' id='word_1_802' title='bbox 655 5639 709 5702; x_wconf 70' lang='lat' dir='ltr'><strong>et</strong></span> <span class='ocrx_word' id='word_1_803' title='bbox 728 5631 1038 5702; x_wconf 78' lang='lat' dir='ltr'><strong>apologiam</strong></span> <span class='ocrx_word' id='word_1_804' title='bbox 1065 5627 1492 5702; x_wconf 23' lang='lat' dir='ltr'><strong>pro‘Gebhardo</strong></span> <span class='ocrx_word' id='word_1_805' title='bbox 1517 5628 1706 5685; x_wconf 87' lang='lat' dir='ltr'><strong>Const.</strong></span> <span class='ocrx_word' id='word_1_806' title='bbox 1736 5646 1821 5702; x_wconf 88' lang='lat' dir='ltr'><strong>ep.</strong></span> <span class='ocrx_word' id='word_1_807' title='bbox 1859 5632 2016 5696; x_wconf 89' lang='lat' dir='ltr'><strong>ibid.,</strong></span> 
     </span>
    </p>
   </div>
   <div class='ocr_carea' id='block_1_113' title="bbox 450 5698 2018 5764">
    <p class='ocr_par' dir='ltr' id='par_1_113' title="bbox 450 5698 2018 5764">
     <span class='ocr_line' id='line_1_115' title="bbox 450 5698 2018 5764; baseline 0.004 -15"><span class='ocrx_word' id='word_1_808' title='bbox 450 5714 500 5764; x_wconf 91' lang='lat' dir='ltr'><strong>p.</strong></span> <span class='ocrx_word' id='word_1_809' title='bbox 539 5698 780 5754; x_wconf 64' lang='lat'><strong>379-332</strong></span> <span class='ocrx_word' id='word_1_810' title='bbox 804 5720 816 5753; x_wconf 89' lang='lat'><strong>:</strong></span> <span class='ocrx_word' id='word_1_811' title='bbox 853 5698 920 5754; x_wconf 78' lang='grc' dir='ltr'><strong><em>υἱ</em></strong></span> <span class='ocrx_word' id='word_1_812' title='bbox 947 5698 1124 5756; x_wconf 66' lang='lat' dir='ltr'><strong>autem</strong></span> <span class='ocrx_word' id='word_1_813' title='bbox 1154 5699 1518 5754; x_wconf 85' lang='lat' dir='ltr'><strong>damnatorias</strong></span> <span class='ocrx_word' id='word_1_814' title='bbox 1537 5698 1823 5755; x_wconf 73' lang='lat' dir='ltr'><strong>sententias</strong></span> <span class='ocrx_word' id='word_1_815' title='bbox 1853 5705 2018 5756; x_wconf 83' lang='lat' dir='ltr'><strong>nostri</strong></span> 
     </span>
    </p>
   </div>
   <div class='ocr_carea' id='block_1_114' title="bbox 453 5770 2017 5840">
    <p class='ocr_par' dir='ltr' id='par_1_114' title="bbox 453 5770 2017 5840">
     <span class='ocr_line' id='line_1_116' title="bbox 453 5770 2017 5840; baseline 0.005 -22"><span class='ocrx_word' id='word_1_816' title='bbox 453 5771 724 5834; x_wconf 74' lang='grc' dir='ltr'><strong>τρηςιοιὶεἰ</strong></span> <span class='ocrx_word' id='word_1_817' title='bbox 746 5781 795 5824; x_wconf 84' lang='lat' dir='ltr'><strong>et</strong></span> <span class='ocrx_word' id='word_1_818' title='bbox 823 5773 986 5824; x_wconf 68' lang='lat' dir='ltr'><strong>iusius</strong></span> <span class='ocrx_word' id='word_1_819' title='bbox 1010 5770 1268 5840; x_wconf 77' lang='lat' dir='ltr'><strong>principis</strong></span> <span class='ocrx_word' id='word_1_820' title='bbox 1292 5771 1649 5840; x_wconf 76' lang='lat' dir='ltr'><strong>apostolorum</strong></span> <span class='ocrx_word' id='word_1_821' title='bbox 1680 5787 1835 5840; x_wconf 72' lang='lat' dir='ltr'><strong>super</strong></span> <span class='ocrx_word' id='word_1_822' title='bbox 1873 5773 2017 5826; x_wconf 75' lang='lat' dir='ltr'><strong>Ana-</strong></span> 
     </span>
    </p>
   </div>
   <div class='ocr_carea' id='block_1_115' title="bbox 454 5840 2015 5912">
    <p class='ocr_par' dir='ltr' id='par_1_115' title="bbox 454 5840 2015 5912">
     <span class='ocr_line' id='line_1_117' title="bbox 454 5840 2015 5912; baseline 0.003 -22"><span class='ocrx_word' id='word_1_823' title='bbox 454 5840 500 5891; x_wconf 77' lang='grc' dir='ltr'><strong>ιιὶ</strong></span> <span class='ocrx_word' id='word_1_824' title='bbox 519 5857 592 5892; x_wconf 78' lang='lat' dir='ltr'><strong>un</strong></span> <span class='ocrx_word' id='word_1_825' title='bbox 625 5851 672 5894; x_wconf 81' lang='lat' dir='ltr'><strong>et</strong></span> <span class='ocrx_word' id='word_1_826' title='bbox 714 5841 997 5912; x_wconf 67' lang='lat' dir='ltr'><strong>Stiphiram</strong></span> <span class='ocrx_word' id='word_1_827' title='bbox 1025 5842 1142 5910; x_wconf 84' lang='lat' dir='ltr'><strong>puri</strong></span> <span class='ocrx_word' id='word_1_828' title='bbox 1171 5841 1401 5910; x_wconf 62' lang='lat' dir='ltr'><strong>eﬂicacia</strong></span> <span class='ocrx_word' id='word_1_829' title='bbox 1433 5841 1627 5898; x_wconf 74' lang='lat' dir='ltr'><strong>vellere</strong></span> <span class='ocrx_word' id='word_1_830' title='bbox 1661 5859 1762 5897; x_wconf 86' lang='lat' dir='ltr'><strong>non</strong></span> <span class='ocrx_word' id='word_1_831' title='bbox 1791 5842 2015 5903; x_wconf 69' lang='lat' dir='ltr'><strong>dubites,</strong></span> 
     </span>
    </p>
   </div>
  </div>
