3970 6370
211 383 350 440 I373

1090 382 1375 438 APPEND.
1417 381 1500 435 III.
1539 411 1608 420 —
1642 375 2072 434 IIONUIII'INTA
2111 374 2575 432 GREGORIANA.

3321 369 3455 427 17.7.5

209 497 428 566 gatione
472 493 538 548 ad
591 491 893 548 Romanam
949 494 1224 559 sinodum,
1274 511 1394 565 qua:
1439 496 1491 548 in
1540 493 1782 563 proxima
1820 495 1858 548 .\
1891 491 2039 547 l'udc
2061 501 2113 546 et
2138 509 2271 562 papa
2303 493 2486 546 missis
2516 491 2707 561 legatis
2741 490 3074 560 principibus
3098 489 3246 560 regni
3274 491 3356 544 ιΙυι
3378 491 3452 542 la-

208 586 630 658 quadragcsima
663 586 933 640 celebrata
966 594 1049 640 est
1075 586 1279 654 (I502),
1315 587 1492 655 ipsum
1525 584 1782 653 apostoli-

210 695 339 733 cum
370 679 442 733 ab
475 678 771 747 apostolica
807 679 934 732 sedc
957 678 1350 738 contumaciter
1371 677 1534 747 jussit
1558 677 1782 730 descen-

210 771 339 824 d’ere
388 767 594 840 (l503).
645 768 740 824 Set
785 769 940 823 missi
990 770 1110 837 ejus
1150 769 1463 838 turpissime
1511 769 1564 820 in
1594 765 1786 820 sinodo

212 862 455 928 tractati,
481 861 570 917 vix
603 876 634 914 a
671 860 952 924 Romanis,
973 861 1262 929 adjuvante
1290 875 1448 929 papa,
1473 865 1781 913 evaserunt.

213 953 400 1025 Ipsum
440 962 620 1008 autem
644 969 846 1023 regem,
870 952 1063 1007 siuodo
1087 952 1376 1016 imlicante,
1417 949 1787 1005 fidelitatcho—

214 1046 452 1120 minum,
478 1061 646 1117 regno
677 1047 731 1100 et
755 1044 1137 1100 communione
1164 1044 1412 1114 privavit,
1447 1051 1500 1096 et
1521 1056 1712 1096 omnes
1737 1040 1786 1095 ei

212 1137 283 1192 ad
321 1151 549 1207 regnum
591 1137 804 1206 juratos
844 1135 1154 1204 iuramento
1187 1134 1454 1189 absolvit-
1478 1131 1789 1201 Omnesque

213 1229 523 1299 episcopos,
551 1228 644 1298 qui
688 1227 801 1298 regi
828 1235 1020 1297 sponte
1055 1236 1244 1280 contra
1284 1242 1476 1295 papam
1523 1225 1785 1288 faverant,

214 1318 396 1376 officio
418 1330 471 1374 et
501 1320 880 1374 communione
911 1318 1169 1387 privavit;
1208 1317 1430 1386 reliquis
1466 1325 1666 1379 autem,
1695 1315 1788 1385 qui

218 1411 374 1465 inviti
405 1411 581 1467 eidem
617 1410 1007 1480 conspirationi
1041 1409 1352 1473 intererant,
1393 1425 1565 1478 usque
1600 1410 1666 1463 ad
1708 1408 1787 1462 fe-

215 1503 517 1559 stivitatem
539 1503 712 1558 sancti
738 1501 880 1555 Petri
909 1501 1145 1558 indutias
1161 1500 1308 1554 dedit
1329 1499 1530 1567 (l50l).
1557 1497 1791 1554 Gotefri-

215 1593 323 1648 dus
366 1594 518 1658 dux,
579 1592 722 1647 filius
765 1591 1026 1646 Gotefridi
1075 1591 1252 1656 ducis,
1305 1591 1574 1660 particeps
1623 1590 1791 1644 immo

216 1691 415 1739 luctor
447 1682 770 1752 supradicta!
789 1681 1230 1751 conspirationis,
1256 1681 1485 1750 turpiter
1502 1697 1532 1734 a
1555 1683 1789 1751 quodam

217 1788 399 1843 coquo
427 1789 524 1844 per
561 1773 862 1842 posteriora
899 1789 1025 1827 cum
1069 1772 1135 1826 ad
1171 1772 1537 1826 necessarium
1580 1773 1792 1827 sederet

1889 585 2064 647 ravit,
2117 601 2176 639 se
2225 600 2414 654 parmn
2475 582 2810 652 profecisse,
2865 582 2918 635 in
2980 599 3046 634 eo
3106 582 3251 651 quod
3306 583 3454 634 illum

1889 675 1940 728 in
1979 675 2416 728 communionem
2475 674 2768 743 receperit,
2822 690 2945 727 cum
3000 673 3309 727 omncS'm
3362 690 3424 742 s_v

1887 764 2122 818 moniaci
2157 765 2238 817 vel
2284 764 2741 818 excommunicati
2810 780 2917 817 non
2975 764 3155 818 minus
3195 773 3323 817 tunc
3371 763 3450 815 fn-

1888 863 2141 908 verentur
2188 854 2256 908 ab
2297 870 2362 908 eo
2409 870 2573 924 quam
2628 854 2856 923 pridem.
2911 852 3004 906 llis
3054 867 3184 922 ergo
3235 855 3456 915 auditis,

1887 945 2138 1014 princeps
2178 944 2326 1014 regni
2357 946 2598 1015 generali
2644 946 2919 1016 colloquio
2950 946 3092 1014 apml
3144 945 3457 998 Foreeheim

1889 1039 1922 1088 3
1948 1036 2075 1094 Idus
2125 1037 2301 1091 Martii
2347 1038 2552 1102 habito,
2600 1037 2874 1107 egregium
2906 1037 3099 1091 ducem
3132 1035 3460 1090 Iloudolfum

1891 1131 1992 1185 sibi
2021 1131 2076 1184 in
2106 1146 2283 1200 regem
2307 1129 2695 1193 sublimaruut,
2733 1146 2893 1199 quem
2940 1131 2993 1184 in
3023 1128 3051 1180 7
3090 1128 3206 1182 Kal.
3239 1129 3460 1198 Aprilis,

1891 1223 1982 1277 ubi
2023 1238 2089 1276 eo
2137 1236 2280 1276 anno
2311 1223 2547 1276 medimn
2591 1223 3020 1292 quadragesimte
3050 1222 3314 1283 occurrit,
3348 1221 3460 1274 Μυ-

1890 1314 2088 1383 goutize
2121 1314 2189 1346 ⁸³⁸
2224 1324 2572 1369 coronarunt.
2614 1314 2845 1368 Maxima
2879 1323 3055 1366 autem
3095 1315 3208 1374 nix,
3247 1330 3368 1382 qnze
3398 1328 3464 1364 eo

1891 1388 2034 1458 anno
2060 1403 2263 1458 tamdiu
2290 1413 2456 1458 totam
2484 1412 2678 1458 terram
2705 1404 2929 1468 obtexit,
2971 1405 3021 1456 in
3049 1404 3310 1457 electione
3339 1403 3465 1457 noti

1890 1483 2036 1568 regis
2058 1496 2250 1551 resolvi
2275 1497 2491 1550 tandem
2517 1497 2736 1566 incepit.
2761 1495 2823 1554 .ln
2861 1495 2948 1550 die
2968 1505 3147 1549 autem
3177 1511 3465 1550 consecra—

1894 1589 2058 1643 tionis
2085 1589 2202 1658 ejus
2232 1605 2326 1659 per
2359 1590 2759 1657 suggestionem
2784 1589 3210 1642 simoniacorum
3243 1587 3468 1639 elei-iro-

1895 1696 2015 1732 rum
2053 1681 2288 1734 maxima
2315 1681 2507 1734 seditio
2532 1678 2814 1746 Μηςζυηιίζε
2835 1688 2952 1732 orta
2976 1690 3079 1743 est,
3117 1680 3190 1732 ita
3232 1680 3464 1732 utetiam

1858 1791 1866 1800 ·
1896 1770 2153 1838 palatium
2196 1770 2497 1839 irrumpere
2529 1771 2742 1834 vellent,
2792 1779 2846 1822 et
2883 1769 3324 1837 religiosissimos
3355 1771 3467 1821 c|e~

218 1866 574 1931 vulneratus,
615 1872 740 1919 ante
770 1864 838 1896 ”‘
880 1864 1118 1918 mediutn
1155 1863 1222 1894 ”'°
1253 1864 1683 1934 quadragesimze
1723 1864 1791 1897 ³³⁸
1827 1835 1866 1887 Β
1896 1863 2037 1916 rieos
2068 1871 2121 1916 et
2143 1862 2441 1914 monachos
2463 1861 2726 1915 occidere.
2767 1860 2870 1912 Sed
2896 1861 3111 1913 dextera
3147 1858 3236 1911 Dei
3271 1859 3468 1912 milites

217 1956 508 2026 expiravit.
535 1955 666 2009 Item
698 1954 1063 2010 Willihclmus
1101 1954 1466 2024 Trajcrteusis
1491 1955 1799 2024 episcopus,

221 2047 398 2100 multa
429 2047 484 2100 in
519 2047 876 2116 apostolicum
902 2046 1266 2112 conviciatus,
1295 2047 1576 2100 subitanea
1609 2062 1716 2100 mor
1731 2055 1802 2108 te,

223 2138 435 2206 absque
450 2138 834 2193 {ecclesiastica
856 2139 1241 2193 communione
1267 2148 1386 2206 post
1416 2139 1483 2170 ”‘
1506 2138 1705 2207 pascha
1736 2137 1804 2166 ’3‘

223 2231 532 2296 multatur;
583 2231 672 2286 cui
719 2231 1005 2284 Conradus
1058 2231 1400 2296 subrogatur.
1451 2229 1570 2284 Jam
1617 2245 1807 2283 omnes

224 2338 364 2391 pene
402 2322 676 2392 principes
707 2322 856 2392 regni
895 2337 926 2374 a
951 2323 1334 2390 communione
1363 2321 1596 2374 IIeinrici
1623 2337 1681 2374 se
1714 2336 1802 2375 sc-

224 2421 604 2483 questrarunt.
644 2411 828 2466 Mense
851 2413 1015 2482 igitur
1043 2411 1264 2466 Octobri
1292 2414 1622 2482 colloquium
1662 2412 1804 2480 apud

225 2502 528 2573 Openlreim
557 2518 586 2556 a
611 2501 951 2572 principibus
980 2503 1128 2572 regni
1157 2505 1451 2575 colligitur,
1489 2505 1574 2557 :ui
1613 2504 1808 2574 legatio

225 2595 378 2651 sedis
401 2595 712 2665 apostolica:
744 2593 1006 2649 interfuit.
1055 2594 1130 2648 lbi
1177 2595 1484 2662 Ileinrieus,
1526 2597 1578 2650 in
1620 2596 1810 2665 puriti-

227 2687 505 2763 cntionem
543 2695 743 2740 sanctae
773 2685 957 2740 Maria:
985 2695 1113 2741 tunc
1144 2687 1448 2755 proximam
1481 2702 1540 2741 se
1573 2675 1810 2754 prteScn—

227 2778 461 2834 taudum
501 2778 704 2832 domno
747 2793 898 2848 papa:
943 2777 1085 2847 apud
1140 2776 1439 2847 Augustam
1496 2769 1809 2832 firmissime

231 2868 510 2938 promisit.
562 2865 698 2922 Nam
739 2877 794 2922 et
823 2869 950 2922 illuc
999 2869 1258 2922 domuum
1295 2869 1652 2937 apostolicum
1699 2869 1812 2938 ipse

230 2956 360 3014 cum
391 2958 733 3028 principibus
759 2960 908 3030 regni
934 2960 1199 3013 invitavit.
1231 2959 1420 3014 Frater
1453 2959 1724 3013 Kadalaus
1745 2977 1811 3013 ex

233 3050 473 3104 seculari
512 3050 711 3104 milicia
740 3065 1058 3114 conversus,
1090 3050 1155 3103 ad
1193 3047 1612 3119 Opiohcimense
1641 3050 1811 3104 collo-

231 3140 429 3211 quium
459 3126 783 3210 legationem
823 3130 975 3210 papa:
1003 3141 1214 3204 detulit,
1257 3156 1423 3210 quam
1455 3140 1632 3193 eidem
1667 3142 1810 3193 mul-

231 3239 350 3284 tum
373 3230 640 3300 egrotanti
667 3245 804 3298 papa
841 3229 894 3282 in
942 3229 1317 3282 remissionem
1347 3231 1592 3282 omnium
1621 3246 1814 3298 pecca-

230 3328 417 3373 torum
443 3320 720 3389 imposuit.
755 3318 973 3388 Expleta
1007 3319 1171 3389 igitur
1196 3319 1482 3388 legatione,
1516 3319 1684 3373 frater
1715 3320 1818 3374 Kaa

230 3408 427 3462 dalaus
487 3417 741 3476 suscepto
785 3408 1038 3462 monachi
1087 3405 1295 3474 habitu,
1346 3409 1450 3462 sub
1494 3410 1804 3480 evangelica

205 3497 570 3576 perfectione
601 3499 866 3568 requievit
887 3499 940 3551 in
966 3514 1113 3567 pace.

874 3587 1178 3643 MLXXVII.

307 3679 427 3732 Dux
475 3678 803 3733 Bolenorum
835 3682 1017 3752 (IEOS)
1074 3698 1131 3736 se
1185 3683 1238 3735 in
1286 3698 1466 3752 regem
1508 3682 1825 3741 coronavit.

233 3769 473 3824 Maxima
509 3771 602 3824 nix
633 3781 804 3826 totum
851 3788 1076 3852 regnum
1122 3789 1152 3826 a
1195 3773 1230 3826 2
1276 3772 1498 3827 Kalend.
1546 3773 1808 3829 Novemb.

233 3859 372 3912 anni
404 3861 627 3927 prioris,
657 3860 832 3928 usque
859 3861 912 3913 in
944 3855 995 3911 7’
1021 3861 1246 3914 Kalend.
1279 3863 1481 3930 Aprilis
1518 3865 1648 3917 anni
1676 3881 1814 3933 prte-

234 3947 414 4003 sentis
432 3948 688 4002 obtinuit.
724 3948 1010 4003 IIeinricus
1034 3966 1125 4002 rex
1159 3951 1356 4016 dictus,
1375 3953 1608 4021 proprize
1635 3970 1816 4009 causa:

233 4038 508 4105 difﬁdens,
552 4047 608 4093 et
641 4039 844 4094 idcirco
881 4041 1186 4110 generalem
1227 4041 1556 4094 audientiam
1603 4045 1815 4098 subter-

237 4130 479 4200 fugieus,
522 4129 720 4185 furtive
763 4128 970 4185 Italiam
994 4141 1184 4186 contra
1217 4148 1367 4202 papa:
1401 4143 1727 4204 praeceptum
1763 4145 1817 4190 et

235 4220 477 4287 concilia
522 4221 830 4290 principum
865 4223 1104 4288 intravit,
1154 4233 1207 4278 et
1240 4225 1538 4294 apostolico
1590 4227 1656 4280 ad
1685 4243 1816 4282 con-

233 4311 450 4366 dictum
489 4311 632 4365 diem
667 4312 971 4382 Augustam
1005 4316 1266 4382 tendenti,
1315 4325 1440 4371 ante
1485 4318 1818 4387 puriﬁcatio-

143 4455 146 4460 .
239 4416 371 4458 nem
424 4411 626 4457 sancta
660 4401 843 4457 Maria:
875 4404 1097 4458 Canusii
1139 4405 1206 4436 ⁸³⁵
1240 4406 1476 4461 obviavit
1505 4407 1654 4478 (Jan.
1701 4409 1815 4478 28).

241 4493 350 4551 Ubi
379 4503 434 4550 et
467 4495 538 4550 ab
574 4510 640 4550 eo
670 4511 765 4566 per
803 4495 1060 4550 inauditae
1087 4496 1483 4553 humiliationis
1512 4498 1818 4552 simulatio-

237 4600 394 4651 nem,
421 4594 717 4658 utcumque
750 4589 946 4657 potuit,
986 4602 1095 4668 non
1133 4587 1306 4658 regni,
1345 4596 1429 4642 set
1477 4588 1821 4643 communio-
1862 4579 1868 4586 ’

238 4676 335 4756 nis
359 4683 572 4731 tantum
597 4680 1010 4736 concessionem
1041 4678 1129 4732 vix
1157 4679 1376 4733 demum
1405 4679 1664 4745 extorsit,
1693 4678 1822 4732 dato

1892 1955 2018 2007 novi
2046 1952 2329 2022 principis,
2355 1953 2479 2006 licet
2505 1953 2762 2016 inermes,
2792 1952 2863 2005 ita
2889 1952 3143 2021 protexit,
3173 1962 3230 2004 ut
3261 1951 3468 2002 nullum

1891 2045 1994 2098 nisi
2033 2060 2201 2101 unum
2237 2059 2302 2097 ex
2329 2043 2444 2098 suis
2479 2043 2785 2112 perderent,
2830 2058 2893 2096 ex
2925 2042 3253 2094 adversariis
3289 2049 3468 2092 autem

1893 2137 2016 2204 plus
2045 2151 2209 2205 quam
2237 2143 2455 2188 centum
2486 2134 2682 2203 partim
2730 2132 2872 2185 ferro
2896 2133 3091 2200 partim
3136 2148 3274 2200 aqua
3309 2147 3468 2183 nera-

1891 2211 2030 2278 rcut.
2064 2226 2275 2290 Quibus
2305 2226 2468 2277 etiam
2510 2241 2607 2293 pro
2641 2224 2952 2276 homicidiis
2983 2223 3297 2292 hujusmodi
3328 2240 3354 2274 a
3401 2222 3474 2273 Ie-

1890 2318 2028 2387 gatis
2050 2318 2358 2386 apostolica:
2386 2317 2529 2369 sedis
2572 2317 2696 2370 talis
2741 2316 3034 2384 penitentia
3081 2313 3333 2381 imposita
3370 2319 3473 2373 est,

1893 2409 2170 2475 utsinguli
2211 2418 2307 2462 aut
2351 2409 2420 2461 I0
2461 2408 2580 2460 dies
2623 2407 2955 2475 jejuuarcnt,
2995 2413 3086 2458 aut
3116 2404 3184 2456 40
3213 2418 3477 2471 pauperes

1893 2501 2060 2554 semel
2087 2511 2394 2569 poscerent,
2424 2515 2520 2551 nec
2543 2507 2720 2550 tatm-u
2758 2497 3198 2550 :ccelesiastieam
3226 2511 3474 2548 commu-

1894 2591 2113 2644 nionem
2172 2590 2330 2658 quasi
2381 2589 2667 2642 homicida:
2726 2589 2978 2641 vitarent.
3022 2585 3340 2640 ‘Roudolfus
3385 2601 3476 2638 rex

1894 2688 2020 2749 post
2052 2678 2521 2733 consecrationem
2550 2679 2603 2730 in
2642 2677 2899 2730 Sueviam
2937 2678 3217 2738 secedens,
3253 2689 3476 2744 regnum

1897 2767 1998 2824 sibi
2031 2764 2360 2840 subjugavit.
2391 2767 2609 2821 Interim
2638 2766 2926 2822 IIeinricus
2950 2752 3476 2836 Longohardizemo-

1898 2862 2141 2925 rahatur,
2176 2860 2242 2915 ad
2285 2875 2448 2930 quem
2491 2859 2736 2925 Cincius,
2769 2859 2903 2914 civis
2956 2855 3255 2920 Romanus,
3295 2841 3479 2908 secum

1900 2954 2106 3009 ducens
2135 2949 2353 3023 captum
2395 2953 2759 3007 venerabilem
2794 2951 3102 3006 Cumanum
3139 2950 3480 3020 episcopum,

1902 3046 2121 3098 nomine
2144 3044 2523 3114 Regiualdum,
2549 3042 2771 3113 Papiam
2817 3043 2984 3106 venit,
3008 3043 3206 3112 quippe
3231 3057 3481 3094 remum--

1903 3134 2014 3188 rari
2035 3151 2076 3212 ‘a
2106 3134 2359 3190 Ileinrico
2391 3135 2579 3189 volens
2604 3177 2618 3200 ,
2649 3152 2715 3188 eo
2758 3136 2903 3204 quod
2952 3135 3004 3188 in
3050 3133 3328 3189 servitium
3363 3131 3481 3198 ejus

1905 3226 2049 3278 hunc
2071 3225 2234 3278 modo
2259 3226 2576 3293 episcopum
2604 3234 2658 3279 ct
2686 3226 2739 3278 in
2765 3226 3035 3294 praeterito
3051 3240 3195 3276 anno
3221 3223 3480 3274 donmum

1905 3315 2262 3382 apostolicum
2316 3315 2706 3382 captivavcrat;
2745 3323 2826 3368 set
2870 3300 2941 3366 ibi
2991 3313 3274 3375 subitanea
3309 3321 3480 3362 morti:

1908 3417 2231 3475 praeventus,
2269 3406 2504 3460 debitam
2528 3406 3021 3459 remunt-rationem
3049 3404 3285 3471 accepit,
3319 3419 3482 3470 quam

1833 3471 1874 3526 Ε
1911 3495 2327 3567 ιοῑίειοιῆιεείἱδ
2362 3496 2658 3565 promereri
2707 3511 2814 3548 non
2850 3495 3047 3547 timuit.
3092 3492 3376 3546 IIeinricus
3421 3493 3486 3567 Ψ

1913 3590 2096 3643 audita
2130 3589 2472 3658 promotionc
2499 3586 2770 3650 Iloudolfi,
2797 3587 3060 3639 auxilium
3100 3601 3249 3654 papa:
3298 3561 3482 3638 contio

1915 3681 2067 3734 illum
2101 3679 2428 3748 imploravit,
2457 3680 2580 3733 licet
2625 3679 2995 3747 supradictum
3037 3675 3338 3728 Ostiensem
3375 3673 3488 3739 epi—

1915 3787 2139 3841 scopum
2186 3772 2239 3824 in
2275 3771 2524 3840 captione
2549 3770 2727 3823 adhuc
2764 3770 2931 3821 teneri
2980 3764 3300 3834 permiserit.
3339 3761 3488 3814 L'mie

1914 3871 1969 3918 et
1996 3879 2134 3932 papa
2166 3862 2240 3915 illi
2265 3860 2562 3929 respondit,
2598 3875 2657 3912 se
2700 3873 2807 3911 non
2853 3871 3010 3924 posse
3034 3856 3151 3923 ejus
3185 3856 3372 3922 interpr
3396 3854 3490 3904 lla-

1914 3953 2049 4007 tioni
2092 3951 2426 4016 satisfacere,
2457 3951 2715 4018 quamdiu
2767 3950 2907 4018 apud
2941 3948 3091 4015 illum
3139 3956 3362 4002 sam-tus
3395 3946 3492 3999 IN:-

1915 4052 2034 4097 trus
2076 4043 2130 4096 in
2178 4043 2353 4112 legato
2388 4058 2488 4094 suo
2525 4042 2719 4108 ligatus
2751 4041 2818 4071 m
2865 4048 3156 4094 teneretur.
3211 4037 3491 4090 Frustrata

1918 4133 2081 4203 igitur
2099 4132 2494 4201 supplicatione
2518 4148 2635 4196 sua,
2666 4130 2908 4184 animum
2933 4129 2986 4182 in
3010 4127 3334 4181 tirannidem
3361 4139 3493 4178 eou-

1916 4225 2098 4283 vertit,
2125 4241 2224 4278 nec
2268 4239 2492 4292 regnum
2537 4222 2650 4290 jam
2686 4236 2781 4289 per
2816 4217 3119 4287 jnstieiam,
3148 4224 3229 4267 set
3254 4229 3348 4282 per
3378 4214 3493 4267 vio-

1919 4317 2138 4371 lentiam
2170 4316 2420 4370 obtinere
2465 4311 2742 4382 cogitavit.
2801 4309 2913 4361 Rex
2961 4316 3141 4361 autem
3194 4305 3496 4359 Iloudolfus

1920 4408 2064 4477 apud
2110 4409 2408 4474 Augustam
2461 4401 2919 4472 gloriosis'simum
2955 4401 3159 4469 pascha
3203 4399 3497 4452 celebravit

1921 4495 2072 4564 (Apr.
2122 4493 2210 4559 I6)
2238 4489 2938 4562 cumlegatisapostolicze
2965 4489 3128 4544 sedis.
3176 4486 3251 4542 Ex
3297 4489 3497 4564 quibus

1920 4601 2084 4649 unus,
2110 4583 2556 4654 religiosissimus
2586 4583 2794 4636 scilicet
2828 4581 2997 4644 abbas
3019 4578 3348 4639 Bernardus,
3383 4575 3493 4630 Ro-

1923 4693 2068 4730 mam
2095 4653 2348 4746 dirigitur
2371 4684 2453 4730 set
2475 4674 2544 4727 ab
2568 4671 2860 4726 Oudalrieo
2880 4664 3079 4720 Comite
3102 4653 3323 4734 (13506),¹
3340 4664 3496 4720 llciu-

239 4775 430 4822 tamen
476 4767 630 4836 prius
669 4779 1033 4836 sacramento,
1065 4779 1126 4825 ut
1148 4770 1215 4824 de
1244 4770 1473 4839 objectis
1500 4769 1822 4825 criminibus
1853 4803 1897 4858 ι)
1925 4768 2022 4824 rici
2059 4768 2342 4837 complice,
2385 4773 2576 4832 captus
2595 4769 2650 4814 ct
2689 4758 2980 4828 prtndatus,
3014 4773 3217 4812 annum
3245 4773 3380 4826 ιιι-ιω
3409 4759 3495 4812 di-

238 4857 317 4919 ,(1
346 4857 612 4927 judicium
641 4874 795 4929 papae
829 4861 1190 4927 satisfaceret,
1225 4872 1322 4917 nec
1353 4877 1504 4932 papas
1536 4862 1620 4916 vel
1653 4862 1816 4916 alicui

239 4948 369 5020 ejus
392 4947 537 5003 ﬁdeli
564 4965 797 5019 usquam
838 4952 987 5006 ututi
1028 4953 1112 5008 vel
1144 4952 1390 5008 redeunti
1432 4953 1669 5022 aliquam
1696 4944 1815 5007 mo-

242 5040 461 5096 lestiam
506 5040 693 5096 inferri
727 5041 1078 5095 consentiret.
1103 5041 1215 5098 IIoc
1238 5053 1421 5097 autem
1441 5043 1815 5111 juramentum

244 5147 352 5186 nec
381 5132 450 5211 I5
481 5133 598 5188 dies
625 5131 952 5198 observavit,
981 5132 1156 5200 captis
1187 5133 1592 5187 venerabilibus
1609 5131 1679 5163 ³⁸³
1702 5129 1816 5199 epi-

245 5220 453 5290 scopis,
501 5222 752 5280 Geraldo‘
778 5221 1011 5279 Ostiensi
1053 5221 1146 5288 ⁸³⁸,
1176 5221 1506 5277 etAnselmo
1559 5219 1811 5274 Luecnsi.

1926 4859 2172 4915 midiavit
2199 4857 2251 4910 in
2289 4853 2618 4922 captivitate,
2654 4867 2814 4920 quem
2839 4851 3217 4904 Cluniacensis
3238 4851 3406 4905 abbas
3431 4853 3498 4905 dc

1924 4949 2178 5004 manibus
2212 4943 2449 4999 Heinrici
2473 4945 2561 4997 vix
2584 4943 2801 4998 demmu
2822 4944 3043 5013 eripuit.
3080 4941 3191 4997 ιιι-χ
3224 4944 3286 4974 ³⁸⁸
3315 4951 3495 5005 autem

1923 5047 2046 5108 post
2090 5037 2291 5107 pascha
2327 5035 2578 5106 generale
2621 5035 2954 5104 colloquium
2998 5034 3138 5103 apud
3188 5031 3504 5101 Ezzelingio,

1922 5147 2046 5185 cum
2077 5130 2417 5200 principibus
2439 5130 2588 5200 regni
2619 5130 2859 5200 collegit,
2886 5145 2997 5198 quo
3021 5129 3220 5188 soluto,
3240 5125 3351 5193 ipse
3373 5139 3494 5176 euut

1922 5219 2214 5274 admodum
2259 5219 2451 5290 paucis
2489 5219 2558 5274 ad
2587 5210 2950 5273 obsidendum
2992 5215 3266 5286 quoddam
3304 5211 3496 5264 ωειιι-
3543 5289 3547 5293 _

1548 5333 1633 5386 VA
1645 5331 1782 5386 ΜΔΕ
1810 5330 2208 5387 LECTIONES.

325 5422 397 5503 ’ξξ
421 5423 599 5503 ηοοῑίξ
618 5424 673 5478 3.
696 5494 730 5503 ﬂ
842 5445 1004 5497 supra
1031 5429 1126 5482 fin.
1157 5429 1226 5503 ιτ,
1273 5425 1340 5458 ³³⁵
1363 5422 1721 5503 venerati-ibus
1883 5422 1952 5455 ³³⁸
1981 5422 2221 5503 ostiense
2242 5437 2378 5475 corr.
2412 5421 2639 5477 ostiensi
2659 5415 2714 5474 Ἰ.
2784 5421 2851 5484 '3?
2879 5421 3020 5476 deest
3049 5418 3100 5472 3.
3176 5414 3242 5448 ³³⁸
3272 5416 3410 5469 deest
3441 5415 3494 5471 3.

174 5578 180 5584 .
250 5493 322 5526 "9
351 5491 417 5546 II.
443 5507 538 5546 rex
563 5488 616 5545 2.
694 5494 762 5526 ’“
787 5488 1000 5569 legatus
1021 5516 1157 5553 corr.
1194 5498 1391 5568 ligatus
1415 5495 1464 5550 I:.
1542 5493 1606 5526 '“
1638 5491 1702 5546 Β.
1733 5492 1788 5546 2.

327 5611 512 5718 (i302)
550 5647 722 5718 uansi
743 5631 1012 5717 xit-.167.
1292 5713 1296 5718 ,

324 5717 511 5782 (1503)
550 5717 681 5772 Vide
705 5719 812 5774 col.
846 5721 1002 5773 “69.

322 5787 512 5862 (nos)
555 5789 745 5858 Ofﬁcio
776 5821 839 5829 .-
869 5789 1030 5842 dedit.
1065 5787 1220 5857 Ibid.,
1251 5806 1302 5861 p.
1335 5793 1458 5849 220.

1761 5581 1988 5639 NOTAE.

2028 5648 2180 5704 I505)
2212 5614 2497 5704 honestatis
2520 5646 2582 5700 ιι.

1996 5652 2182 5789 8%
2219 5652 2609 5787 39222333.;
2627 5717 2792 5772 an.
2823 5716 2874 5770 δ.
