3970 6420
462 420 598 475 I575

1439 414 1529 469 AD
1566 415 1793 471 OPERA
1834 415 1892 469 S.
1933 413 2257 470 GREGORII
2295 411 2732 468 API’ENDICES.

3553 409 3688 462 1576

461 535 570 588 lum
617 530 870 602 perrexit.
925 529 1018 585 Set
1057 531 1182 586 ecce
1222 543 1289 585 ex
1319 529 1616 598 improviso
1661 529 1874 585 emulus
1906 529 2024 598 ejus
2054 531 2098 586 A
2126 543 2245 581 rum
2292 526 2595 590 funeribus,
2629 527 2681 579 in
2718 538 2942 592 corpore
2971 531 3023 576 et
3063 521 3241 575 anima
3285 530 3558 586 momnis,
3607 540 3692 575 rc-

463 621 746 676 Heinricus
783 635 906 674 eum
947 617 1185 673 maxima
1225 617 1568 675 multitudine
1599 617 1944 671 Boemiorum
1974 614 2028 672 et

461 711 832 781 Bajoariorum
862 711 1098 775 advenit,
1129 725 1269 778 quos
1295 725 1417 764 cum
1459 710 1621 764 rebus
1659 709 2028 764 ecclesiarum

458 800 749 868 derepente
789 798 894 854 sibi
937 811 1255 867 comparare
1300 797 1502 867 potuit;
1542 797 1743 866 quibus
1785 797 2031 851 libentis-

461 891 598 945 sime
628 906 720 944 rex
761 906 885 945 cum
923 889 1054 960 ipsis
1088 889 1275 958 paucis
1303 905 1442 960 quos
1469 905 1535 944 eo
1561 898 1802 958 tempore
1843 889 2032 944 habuit

461 980 756 1046 olwiasset,
799 980 845 1032 si
879 994 987 1032 non
1031 979 1302 1047 princip-es
1328 979 1447 1048 ejus
1479 979 1583 1033 hoc
1612 979 1663 1032 in
1695 980 1842 1033 aliud
1889 988 2028 1034 tem—

459 1084 562 1138 pus
595 1068 948 1122 diﬁ'crendum
966 1068 1177 1122 cautius
1201 1067 1523 1137 judicarent.
1551 1065 1837 1123 lleinricus
1867 1068 2032 1137 igitur

463 1167 681 1227 accepta
741 1158 1065 1224 occasione,
1116 1157 1300 1211 omnia
1354 1157 1779 1227 circumquaque
1827 1157 2027 1227 praeda,

461 1247 629 1315 ferro,
662 1257 716 1302 et
750 1248 862 1318 igni
891 1264 998 1302 non
1035 1247 1267 1302 cessavit
1298 1247 1598 1314 devastare,
1623 1247 1872 1303 homines
1896 1264 2032 1317 quo-

459 1351 567 1407 que
601 1351 754 1393 more
788 1337 1054 1406 pecudum
1083 1337 1354 1405 captivare
1377 1335 1464 1389 ³⁸³.
1491 1334 1626 1389 Nam
1651 1335 1891 1390 fautores
1913 1337 2032 1405 ejus

460 1444 528 1484 ex
568 1429 809 1495 Boemia,
849 1430 1097 1486 homines
1129 1429 1386 1487 libentius
1423 1443 1588 1498 quam
1622 1428 1854 1497 pecudes
1891 1444 2029 1498 prae-

460 1522 749 1587 dabantur,
778 1529 837 1575 ut
870 1535 965 1576 eos
991 1536 1161 1590 usque
1210 1521 1278 1576 ad
1323 1521 1627 1576 satietatem
1668 1537 1781 1576 sua:
1821 1521 2032 1576 libidini

466 1612 776 1667 inhumana:
805 1613 1214 1681 prostituerent,
1256 1620 1309 1665 et
1338 1620 1526 1680 postea
1550 1611 1902 1665 inhumanius
1938 1626 2033 1666 eos

463 1703 840 1774 Cinocephalis
856 1703 1193 1758 devorandos
1209 1704 1518 1758 venderent.
1549 1701 1658 1756 Rex
1680 1714 1858 1756 autem
1882 1701 2031 1758 Rou-

464 1791 664 1858 dolfus,
723 1792 994 1850 celebrato
1052 1802 1363 1864 pentecoste
1420 1794 1561 1862 apud
1619 1793 1806 1847 cellam
1859 1793 2031 1848 sancti

2128 619 2462 689 portabatur.
2515 618 2760 687 Angusto
2821 630 3004 670 mense
3050 615 3161 684 jam
3204 629 3338 684 pene
3388 623 3690 677 transacto,

2129 709 2414 764 Hcinricus
2448 724 2572 763 cum
2609 707 3039 762 scismaticorum
3086 706 3428 760 multitudine
3467 706 3690 776 procin-

2081 869 2086 872 _
2129 810 2273 856 ctum
2311 801 2380 833 ³⁸⁸
2409 801 2464 854 in
2501 799 2792 854 Saxoniam
2838 812 3154 868 promovere
3182 797 3416 852 decrevit
3457 797 3642 866 (Aug.)
3676 837 3688 846 .

2129 895 2216 948 cui
2241 889 2544 947 Roudolfus
2577 906 2672 944 rex
2695 889 2762 921 ³³⁸
2787 904 2908 943 cum
2949 887 3253 943 Saxonibus
3292 904 3465 959 usque
3494 886 3693 942 Herbi-

2129 985 2296 1054 polim
2337 983 2551 1038 obviam
2582 981 2868 1050 processit,
2891 989 2944 1033 et
2979 979 3203 1034 eandem
3246 981 3454 1043 urbem,
3479 979 3582 1034 sibi
3611 995 3695 1032 re-

2129 1073 2441 1135 bellantem,
2476 1069 2712 1135 obsedit;
2735 1084 2846 1137 quo
2873 1069 3001 1122 dum
3038 1067 3221 1122 ﬁdeles
3248 1068 3366 1137 ejus
3393 1083 3458 1122 ex
3492 1066 3696 1121 Suevia

2129 1167 2500 1230 properarent,
2529 1159 2584 1212 in
2611 1156 2922 1212 lleinricum
2944 1156 3062 1226 ejus
3076 1157 3312 1210 emulum
3329 1156 3696 1220 offenderunt,

2132 1250 2224 1318 qui
2255 1265 2285 1303 a
2316 1247 2454 1304 faeie
2485 1263 2674 1302 eorum
2699 1247 2975 1312 secedens,
3014 1247 3135 1315 plus
3162 1262 3325 1316 quam
3353 1257 3568 1301 centum
3596 1248 3702 1301 ho-

2132 1341 2307 1397 mines
2351 1341 2408 1394 in
2453 1354 2561 1394 una
2603 1337 2836 1403 aaclesia,
2870 1337 2920 1391 id
2962 1344 3046 1392 est
3081 1337 3221 1406 apud
3270 1334 3574 1390 Wizinloch
3625 1336 3702 1368 m

2133 1432 2337 1502 (1508),
2370 1431 2471 1486 sibi
2504 1431 2892 1489 resistentium.
2937 1427 3302 1484 concremavit
3335 1427 3522 1496 sicque
3551 1427 3701 1482 ultra

2133 1525 2340 1580 Renum
2387 1523 2617 1592 fugiens,
2645 1523 2712 1575 ab
2737 1522 2950 1591 incepto
2991 1519 3180 1576 itinere
3219 1519 3402 1578 ﬁdeles
3430 1519 3572 1589 regis
3610 1518 3705 1573 di-
3784 1541 3788 1544 η

2130 1625 2342 1671 vertere
2386 1631 2494 1669 non
2543 1615 2735 1684 potuit.
2770 1611 2848 1666 Eo
2883 1621 3121 1681 tempore
3167 1625 3305 1680 papa
3334 1611 3550 1681 utrique
3579 1609 3702 1681 regi

2131 1725 2198 1763 ex
2224 1716 2376 1778 parte
2395 1706 2566 1761 sancti
2597 1705 2738 1760 Petri
2763 1704 3012 1774 prmeepit
3035 1712 3093 1758 ut
3122 1711 3338 1774 treuvas
3365 1703 3432 1757 ad
3461 1702 3704 1778 invicem

2133 1797 2390 1864 facerent,
2421 1807 2476 1852 et
2507 1797 2794 1852 adventum
2820 1795 2938 1864 ejus
2961 1794 3027 1848 ad
3043 1792 3369 1849 Teutonicas
3393 1802 3573 1863 partes
3595 1807 3708 1864 pro

465 1882 672 1938 Aurelii
711 1882 860 1954 (Jun.
902 1885 958 1954 4)
993 1883 1198 1955 (1507),
1231 1885 1466 1953 legatum
1494 1884 1760 1953 quendam
1799 1885 1865 1938 ad
1897 1899 2031 1954 apo—
2066 1888 2107 1942 Β
2131 1888 2430 1944 dirimenda
2456 1888 2548 1942 lite
2582 1903 2689 1941 non
2721 1886 3058 1956 impedirent,
3103 1893 3186 1940 set
3219 1885 3457 1939 debitum
3505 1885 3714 1938 consi-‘

419 2019 422 2021 λ
463 1975 716 2031 etolieum
742 1977 961 2042 direxit,
986 1986 1040 2031 et
1060 1977 1176 2046 ipse
1199 1969 1254 2029 in
1279 1975 1569 2030 Saxoniam
1598 1977 1923 2046 properavit.
1956 1975 2033 2029 Eo

467 2064 710 2134 tempere
745 2063 1033 2120 Heinricus
1074 2066 1326 2135 imposita
1371 2067 1472 2121 sibi
1522 2082 1724 2121 corona
1752 2066 1905 2136 apud
1937 2064 2033 2120 Ul-
2089 2071 2101 2082 ’

468 2168 636 2219 mam,
671 2152 1018 2210 interdictum
1056 2171 1282 2226 regnum
1327 2157 1640 2224 usurpavit;
1679 2156 1770 2209 ubi
1799 2163 1854 2209 et
1896 2169 2036 2224 pra}-

467 2243 679 2300 dicturn
708 2245 963 2300 comitem
995 2243 1366 2311 Oudalricum,
1411 2254 1471 2300 ut
1496 2246 1564 2277 “3
1589 2247 1788 2315 optime
1824 2261 2040 2315 promc-

466 2334 655 2403 ritum,
686 2337 1103 2404 inbeneﬁciavit,
1131 2353 1196 2392 eo
1221 2338 1365 2407 quod
1394 2337 1750 2392 venerabilem
1789 2337 2037 2392 abbatem

471 2425 822 2492 ﬁet-nardum,
854 2427 1136 2497 apostolici
1178 2428 1436 2496 legatum,
1489 2427 1667 2480 adhuc
1697 2426 1751 2479 in
1791 2426 2039 2494 captione

469 2517 759 2579 cruciaret.
808 2515 1164 2572 Vercellensis
1209 2531 1427 2585 quoque
1467 2517 1777 2585 episcopus,
1808 2515 2040 2583 depositi

468 2599 616 2675 regis
661 2606 1050 2671 cancellarius,
1087 2622 1209 2660 cum
1259 2606 1515 2660 omnibus
1556 2606 1671 2659 suis
1717 2603 2041 2673 sequacibus

470 2696 721 2766 generale
748 2696 1081 2766 colloquium
1113 2697 1257 2751 circa
1289 2695 1556 2751 Kalendas
1581 2695 1706 2749 Maii
1734 2697 1785 2748 in
1826 2694 2042 2749 Runca-

471 2786 617 2841 libus
640 2787 902 2852 condixit,
928 2795 988 2840 ut
1019 2787 1066 2842 si
1093 2787 1275 2856 aliquo
1311 2786 1470 2840 modo
1499 2793 1699 2856 posset,
1723 2785 2041 2855 Gregorium

473 2888 668 2943 papam
697 2875 1007 2945 deponeret.
1051 2874 1160 2930 Sed
1203 2877 1319 2944 ipse
1370 2874 1438 2929 ad
1480 2874 1711 2928 eundem
1747 2873 2042 2927 terminum

477 2963 683 3033 absque
727 2956 1109 3021 ecclesiastica
1142 2966 1527 3021 communione
1576 2966 1740 3018 vitam
1787 2963 1951 3018 simul
1991 2974 2046 3020 et

476 3053 848 3123 cpisc0patum
876 3055 978 3110 heu
1001 3042 1381 3116 miserabiliter
1411 3054 1679 3124 deposuit,
1706 3070 1815 3124 quo
1846 3055 1933 3109 ille
1957 3070 2047 3124 pa-

475 3159 600 3214 pam
624 3136 833 3198 nefaria
866 3143 1286 3214 praesumptione
1315 3145 1505 3199 statuit
1525 3144 1811 3214 deponere.

547 3239 665 3295 Non
697 3213 879 3295 multo,
901 3249 1023 3310 post
1055 3213 1175 3308 ejus
1202 3239 1477 3293 interitum
1518 3213 1806 3307 praefectus
1842 3236 2043 3292 Roma-
2072 3213 2114 3270 α

480 3344 566 3385 me
585 3330 758 3394 urbis,
790 3329 1094 3385 indefessus
1125 3329 1279 3382 miles
1311 3329 1485 3382 sancti
1518 3327 1663 3382 Petri
1697 3335 1888 3382 contra
1909 3326 2044 3382 scis-

480 3404 729 3483 maticos,
753 3434 783 3471 a
815 3419 1050 3487 quodam
1087 3416 1323 3473 Heinrici
1355 3416 1564 3470 fautore
1593 3415 1882 3488 crudeliter
1901 3416 2046 3469 occi-

481 3506 648 3572 ditur.
686 3505 762 3559 Ad
786 3503 943 3582 cujus
968 3512 1167 3578 corpus
1202 3508 1255 3561 in
1279 3522 1448 3578 parvo
1470 3492 1708 3576 tempdre
1730 3507 1850 3576 plus
1879 3521 2044 3575 quam

450 3595 673 3667 'viginti
702 3597 963 3650 miracula
1009 3589 1370 3668 contigerunt,
1417 3606 1477 3652 ut
1523 3597 1758 3651 ﬁdelium
1802 3597 2043 3652 virorum

483 3679 754 3746 relatione
770 3686 1079 3742 didicimus.
1109 3686 1709 3756 lmbricoAugustensis
1739 3687 2044 3756 episcOpus,

425 3789 430 3793 ·
480 3778 576 3848 qui
624 3778 678 3832 in
711 3776 984 3848 praeterito
1025 3776 1228 3846 pascha
1263 3773 1530 3829 Roudolfo
1578 3775 1690 3845 regi
1739 3775 2047 3829 ﬁdelitatem

474 3869 701 3939 juravit,
739 3870 814 3923 nil
847 3870 912 3925 de
938 3869 1176 3946 perjurio
1199 3882 1419 3933 curans,
1462 3865 1714 3921 Heinrico
1749 3865 2050 3921 advenienti
2084 3884 2086 3887 ν

482 3959 715 4022 adhesit,
755 3966 810 4012 et
842 3960 982 4028 apud
1020 3961 1168 4014 illum
1191 3959 1423 4029 quadam
1455 3957 1542 4034 die
1570 3958 1794 4022 missam
1823 3957 2046 4023 faciens,

485 4046 627 4103 hanc
674 4048 777 4104 sibi
817 4050 1178 4104 conditionem
1228 4041 1399 4104 miser
1446 4050 1722 4120 imposuit,
1775 4058 1836 4104 ut
1881 4047 2049 4106 sacrae

482 4138 774 4193 oblationis
835 4127 1132 4209 perceptio.
1162 4139 1218 4193 in
1284 4140 1546 4208 judicium
1595 4141 1646 4195 ei
1694 4141 2046 4212 proveniret,

484 4229 536 4305 si,
587 4229 842 4285 dominus
898 4231 1016 4301 ejus
1071 4229 1359 4284 Heinricus
1405 4244 1632 4298 regnum
1691 4230 1795 4283 sibi
1850 4229 2050 4298 injuste

484 4314 792 4388 usurparet.
849 4319 981 4376 Post
1041 4322 1183 4376 hanc
1245 4319 1589 4374 temerariam
1651 4319 2049 4388 perceptionem

484 4419 653 4480 parvo
684 4413 923 4477 tempore
951 4412 1095 4481 quod
1125 4410 1425 4480 supravixit
1475 4425 1646 4480 usque
1686 4408 1755 4463 ad
1797 4417 2048 4475 mortem,

2132 1980 2265 2035 lium
2297 1987 2351 2034 et
2382 1978 2640 2032 auxilium
2673 1977 2740 2031 ad
2777 1977 2883 2032 hoc
2907 1975 3010 2029 iter
3039 1975 3087 2029 ei
3117 1976 3437 2044 praeberent.
3476 1973 3704 2044 Legatis

2134 2079 2312 2125 autem
2337 2069 2471 2136 suis,
2501 2068 2594 2138 qui
2617 2069 2793 2122 adhuc
2821 2067 2876 2122 in
2906 2065 3217 2121 Teutonicis
3246 2066 3488 2137 partibus
3522 2081 3711 2120 mora-

2134 2161 2352 2226 bantur,
2401 2159 2673 2230 praecepit,
2715 2168 2778 2220 ut
2809 2175 2876 2214 ex
2905 2158 3117 2212 duobus
3162 2159 3379 2228 regibus
3416 2157 3564 2211 illum
3597 2172 3705 2211 ex-

2135 2251 2618 2316 communicarent,
2640 2249 2732 2319 qui
2769 2249 3032 2319 przedictze
3074 2245 3328 2319 legationi
3369 2263 3478 2302 non
3513 2247 3709 2302 obedi-

2136 2352 2237 2410 ret,
2262 2343 2600 2399 obedientem
2641 2337 2772 2395 vero
2795 2355 2860 2393 ex
2897 2347 3048 2409 parte
3074 2339 3248 2392 sancti
3268 2337 3416 2392 Petri
3439 2337 3493 2390 in
3534 2352 3711 2406 regno

2137 2435 2542 2490 conﬁrmarent.
2579 2430 2734 2498 Quod
2774 2439 2830 2485 et
2867 2445 2973 2484 non
3003 2428 3172 2483 multo
3218 2435 3339 2497 post
3379 2426 3580 2481 factum
3625 2432 3713 2481 est

2141 2523 2362 2595 (Non);
2405 2524 2612 2578 scilicet
2655 2522 2709 2575 in
2757 2522 2845 2576 die
2886 2519 3137 2588 sequenti
3189 2527 3312 2589 post
3354 2517 3709 2573 festivitatem

2141 2616 2314 2670 sancti
2340 2613 2579 2679 Martini,
2615 2612 2882 2678 Goslarie,
2923 2609 3174 2664 lleinrico
3213 2625 3311 2680 pro
3339 2608 3711 2664 inobedientia

2141 2705 2338 2759 iterum
2373 2704 2841 2759 exeommunicato
2873 2710 2926 2755 et
2955 2699 3222 2755 Roudolfo
3258 2715 3356 2770 pro
3396 2698 3711 2755 obedientia

2142 2795 2198 2849 in
2242 2809 2467 2865 regnum
2515 2794 2825 2849 sublimato.
2879 2790 3013 2845 Nam
3065 2789 3352 2845 lleinricus
3390 2790 3712 2860 przedictarn

2141 2884 2463 2954 legationem
2503 2899 2656 2954 papa:
2699 2899 2798 2938 nec
2847 2882 3123 2950 suscipere
3168 2881 3422 2950 dignatus
3463 2887 3570 2944 est,
3608 2894 3714 2934 nec

2143 2975 2386 3028 animum
2414 2975 2480 3027 ad
2509 2982 2709 3026 treuva‘
2734 2971 3204 3038 compositionem,
3239 2979 3321 3024 set
3355 2971 3420 3024 ad
3461 2970 3713 3040 tyranni-

2144 3065 2230 3120 dis
2272 3063 2643 3119 crudelitatem
2690 3061 2918 3118 intendit
2943 3059 3033 3114 ³⁸⁷.
3065 3049 3339 3115 heraldus
3384 3058 3714 3113 venerabilis
3743 3127 3746 3129 Α

2146 3153 2411 3210 Ostiensis
2445 3155 2753 3224 episcopus,
2795 3153 2861 3206 de
2889 3153 2954 3184 “3
2985 3165 3093 3220 quo
3125 3165 3287 3220 supra
3314 3163 3718 3204 commemora-

2147 3247 2344 3312 vimus,
2363 3247 2474 3315 jam
2499 3245 2700 3299 dudum
2726 3242 2836 3297 Deo
2863 3242 2930 3274 ³³⁹
2962 3241 3140 3304 vivus,
3163 3241 3366 3294 mundo
3391 3238 3713 3302 cruciﬁxus”,

2145 3337 2211 3392 de
2252 3337 2414 3406 hujus
2457 3337 2580 3390 vita:
2617 3334 2890 3404 ergastulo
2931 3332 3190 3386 liberatus
3233 3339 3344 3396 est,
3389 3329 3420 3384 8
3476 3328 3716 3384 ldus-m

2147 3425 2474 3482 Decembris.
2498 3424 2683 3496 Agnes
2714 3423 3120 3501 religiosrssima
3144 3421 3478 3491 imperatrix,
3501 3421 3616 3490 jam
3642 3420 3714 3453 ³⁸⁸

2145 3520 2215 3573 20
2243 3518 2399 3588 armis
2433 3517 2486 3569 in
2525 3515 2782 3570 viduitate
2810 3514 2878 3544 ³⁸⁸
2922 3512 3032 3568 Deo
3061 3511 3408 3567 devotissime
3443 3511 3716 3581 serviens,

2149 3624 2248 3662 nec
2278 3607 2388 3661 ﬁlio
2413 3619 2513 3660 suo
2539 3603 2794 3658 lleinrieo
2827 3610 3015 3656 contra
3046 3592 3396 3672 apestolicam
3440 3599 3622 3655 sedem
3657 3600 3716 3653 in

2148 3691 2705 3762 aliquoconsentiens,
2723 3689 3177 3758 Romazrequievit
3195 3685 3604 3756 in'pacel9Kal.
3618 3686 3719 3742 Ja-

2150 3799 2286 3837 nuar
2305 3782 2396 3833 ⁸³³.
2426 3778 2644 3848 Sepulta
2666 3778 2920 3833 Romaein
2945 3777 3152 3831 azclesia
3167 3784 3366 3850 sanctae
3380 3775 3712 3829 Petronium.

2759 3864 3091 3920 MLxxan
3166 3858 3220 3934 ,’

2219 3959 2504 4016 lleinricus
2552 3959 2747 4013 iterum
2799 3957 3106 4027 apostolicze
3155 3956 3267 4012 sedi
3311 3956 3376 4011 de
3422 3971 3518 4010 sua
3553 3957 3718 4026 quasi

2148 4050 2350 4122 injusta
2395 4032 2741 4128 damnatione
2781 4049 3163 4118 conqureritur.
3192 4047 3369 4102 Unde
3418 4046 3717 4116 Gregorius

2131 4158 2285 4216 .papa
2313 4141 2456 4197 facto
2484 4140 2711 4195 concilio
2742 4154 2928 4194 mense
2973 4137 3164 4192 Martio
3209 4136 3391 4207 (1309)
3425 4141 3442 4158 ⁶
3470 4135 3719 4207 idoneos

2148 4233 2354 4302 legatos
2397 4233 2592 4287 iterum
2621 4229 2930 4296 destinavit,
2972 4229 3066 4300 qui
3100 4227 3241 4284 facto
3274 4226 3510 4298 generali
3539 4224 3716 4280 collo-

2150 4321 2298 4393 quio,
2325 4328 2548 4375 causam
2600 4319 2750 4388 regni
2778 4308 2924 4387 juste
2964 4318 3384 4400 determinarent
3408 4336 3421 4371 :
3444 4324 3497 4370 et
3523 4319 3719 4370 omnes

2153 4410 2383 4466 sinodali
2409 4408 2674 4465 sententia
2696 4407 2991 4477 damnavit,
3014 4407 3342 4477 quicumque
3370 4405 3717 4477 impedirent.

485 4514 763 4584 nunquam
800 4514 857 4554 se
879 4514 1072 4571 sanum
1101 4501 1166 4554 de
1201 4502 1340 4555 lecto
1359 4500 1571 4554 levavit.
1607 4497 1740 4554 Nam
1774 4500 1918 4555 circa
1944 4497 2050 4567 lia-3
2077 4525 2127 4584 ι)
2153 4515 2221 4556 ne
2254 4499 2586 4571 colloquium
2623 4497 2791 4554 ﬁeret.
2827 4495 2983 4562 Quod
3015 4493 3316 4549 Roudolfus
3356 4485 3719 4549 libentissime

482 4581 672 4652 lendas
703 4588 832 4644 Julii
863 4590 1069 4659 absque
1115 4587 1494 4655 aacclesiastica
1536 4591 1917 4658 communione
1949 4590 2046 4645 de-

482 4683 703 4739 functus
731 4690 833 4737 est.
863 4681 997 4737 Item
1044 4680 1374 4752 Sigehardus
1419 4678 1778 4754 Aquileiensis
1811 4682 2047 4756 patriar-

483 4774 608 4839 cha,
626 4774 701 4844 _in
724 4773 988 4829 auxilium
1018 4770 1255 4827 Heinrici
1287 4779 1475 4826 contra
1498 4769 1739 4823 bannum
1767 4770 2048 4837 apostolici

480 4869 696 4918 armata
726 4878 891 4917 manu
936 4864 1180 4928 veniens,
1225 4863 1279 4916 in
1311 4861 1601 4915 amentiam
1647 4858 1872 4913 vertitur
1911 4859 2049 4928 apud

480 4950 865 5020 Ratisponam,
896 4960 952 5008 et
973 4967 1039 5006 ex
1065 4953 1185 5026 ipso
1217 4951 1409 5007 itinere
1437 4950 1717 5021 repentina
1759 4956 1935 5003 morte
1970 4948 2053 5002 in-

480 5052 560 5098 ter
572 5030 802 5113 cipitur;
833 5041 1021 5111 sicque
1045 5032 1266 5105 domum
1307 5057 1420 5097 non
1447 5043 1564 5097 sine
1604 5040 1876 5112 aliquibus
1919 5055 2051 5095 suo-

2151 4591 2323 4648 voluit
2347 4591 2491 4659 ﬁeri;
2513 4588 2797 4645 lleinricus
2823 4595 3024 4652 autem,
3045 4584 3556 4654 utcumquepotuit,
3584 4583 3716 4639 illud

2224 4695 2321 4751 'ln
2360 4697 2463 4752 hoc
2496 4694 2725 4752 concilio
2773 4692 3033 4748 facta-est
3083 4691 3328 4760 exceptio
3371 4691 3715 4761 quarundam

2220 4781 2508 4821 rsonarum
2547 4765 2614 4819 de
2658 4763 3001 4818 Heinriciana
3034 4760 3647 4826 excommunicatione,‘
3662 4769 3718 4816 et

2191 4849 2256 4889 oc
2280 4837 2467 4904 utique
2494 4835 2561 4904 ad
2589 4842 2821 4902 tempus,
2846 4833 2898 4887 id
2927 4842 3010 4904 est
3029 4845 3281 4904 uxorum,
3319 4830 3576 4904 ﬁliorum,
3596 4845 3717 4904 ser-
3745 4849 3750 4855 ·

2151 4918 2342 4956 vorum
2372 4899 2428 4958 et
2471 4899 2826 4972 reliquorum,
2858 4902 2951 4972 qui
2994 4917 3101 4972 non
3142 4901 3375 4972 scienter
3406 4899 3498 4972 _vel
3534 4899 3714 4972 saltim

2154 4985 2263 5025 non
2308 4968 3059 5026 libenter'éxcommunicatis
3101 4971 3378 5026 sociantur
3398 4970 3453 5021 in
3482 4968 3718 5035 margin:

2154 5040 2342 5094 addita
2364 5040 2415 5095 1.
2445 5041 2630 5101 desunt
2655 5040 2711 5095 2.
2736 5041 2993 5096 habentur
3016 5039 3074 5094 in
3099 5036 3152 5094 ὅ.
3180 5048 3294 5108 post
3322 5035 3538 5095 Martio.

1788 5165 2021 5226 VARUS
2061 5167 2458 5225 LECTIONES.

490 5267 559 5304 ³⁵⁸
581 5265 640 5322 h.
668 5280 724 5348 q.
754 5279 830 5319 ω.
853 5276 980 5345 ρης.
1007 5261 1191 5317 desunt
1213 5261 1266 5315 5.
1301 5259 1402 5293 ’³⁸⁸
1429 5254 1490 5315 ut
1516 5273 1645 5340 o..p.
1678 5262 1734 5314 in
1763 5261 1876 5340 (ac?
1917 5276 2041 5316 raso
2077 5261 2275 5342 eadem.
2297 5269 2474 5316 tamen
2513 5279 2673 5316 manu
2709 5255 2890 5334 postea
2926 5265 3127 5344 incerta
3158 5258 3208 5312 Ι.
3284 5255 3352 5287 ³⁸⁵

491 5338 784 5378 annmnm
804 5375 813 5378 -
846 5349 935 5378 mn
964 5333 1018 5378 2-
1095 5331 1162 5364 ⁸⁸³
1189 5330 1329 5378 deest
1356 5329 1434 5378 9.»
1486 5329 1696 5378 “Han.
1715 5328 2017 5378 Wizmloch
2045 5345 2208 5378 suum
2234 5330 2429 5378 [meum
2455 5333 2637 5378 eadem
2667 5350 2826 5378 alarm
2852 5340 3049 5378 xcrmla
3079 5329 3128 5378 l.
3153 5326 3340 5378 desunt
3403 5365 3418 5378 .

491 5326 817 5401 Saxoniam,
846 5326 937 5389 cui
964 5333 1018 5386 2.
1095 5331 1162 5364 ⁸⁸⁸
1183 5330 1329 5401 deest
1356 5329 1411 5384 2.
1432 5367 1447 5401 g
1486 5326 2017 5401 “'A-i'apLWizinloch
2045 5330 2429 5401 suprn‘lineam
2455 5333 2637 5386 eadem
2667 5326 2826 5386 nianu
2852 5334 3049 5401 scripta
3079 5326 3340 5401 l._desunt

3464 5255 3632 5312 movit
3651 5252 3708 5308 in

3494 5326 3562 5357 8"
3585 5325 3669 5391 ρ.
3683 5342 3711 5377 ’τι

492 5394 1782 5476 «quantuni»-tegendisteteﬂieoﬁﬁdite
1804 5404 1930 5476 ραιξε
1956 5396 2008 5476 t-
2037 5394 2331 5476 3-...t“.de
2358 5416 2490 5476 ευ·
2513 5417 2589 5476 -9-
2623 5403 2809 5476 τιεεψιι
2846 5402 2912 5476 2:
2947 5394 3196 5476 jf".§°‘.°
3229 5394 3508 5476 ερντοάείὲο
3525 5395 3628 5452 deo
3657 5394 3716 5448 2·

493 5461 795 5549 ,,éulos.’
832 5473 900 5507 ἰο
935 5461 1064 5526 vni.
1101 5469 1188 5529 ID.
1223 5470 1274 5525 t.
1304 5468 1395 5524 Ix.
1429 5467 1555 5524 ldus
1582 5469 1635 5522 δ.
1709 5466 1774 5498 ιιι
1803 5465 1840 5520 i.
1874 5464 2077 5520 dudum
2105 5463 2203 5519 xx
2230 5468 2286 5522 ε.
2360 5461 2431 5501 ἀι
2475 5470 2768 5526 viduatae].
2845 5465 3028 5522 "'19.
3059 5463 3122 5519 κ.
3155 5461 3194 5519 l.
3234 5464 3420 5524 deum
3449 5465 3502 5520 5.
3713 5485 3717 5487 λ

597 5687 747 5749 mm
785 5688 1065 5749 Hirschau.

601 5755 747 5828 I308)
764 5827 770 5832 .
786 5759 1045 5818 Wisloch.

2012 5591 2238 5653 ΝΟΤᾸιί.

2218 5686 2411 5760 ’(1509)
2446 5687 2619 5743 Mansi
2650 5684 2766 5752 XX,
2803 5684 2921 5740 503.

3683 5687 3918 6322 Α
