3970 6370
410 433 546 488 1579

1395 426 1486 480 an
1522 397 1750 480 orum
1789 421 1846 475 s.
1888 416 2214 475 curzoonu
2253 415 2687 472 arcesarces.

3529 410 3677 467 1⁸580

410 545 562 612 (luit.
593 545 708 613 ‘23),
736 553 790 597 et
834 542 1176 606 Guibertum,
1220 540 1588 595 Ravennatem
1614 539 1682 570 “"
1709 524 1986 605 quondam
2021 539 2059 591 .-\
2093 561 2212 607 ,ιι-,η
2241 568 2489 607 "umero.
2517 549 2858 619 Quapropter
2894 560 2984 600 rex
3017 545 3085 601 de
3113 545 3297 601 δίγῖιιο
3331 546 3674 608 ammon];

410 640 749 707 episcopum,
777 647 855 690 set
885 637 997 706 jam
1039 635 1275 690 triennio
1313 650 1343 687 a
1384 629 1814 703 papa-Gregorio
1841 629 1984 681 inre-

410 727 1184 799 cuperabiliterdepositumm
1196 737 1249 780 et
1262 723 1798 789 auatbematizatum(
1812 721 1872 774 1⁸5
1883 721 1898 772 1
1910 722 1988 784 ti),

411 823 513 876 sibi
564 838 671 874 non
715 822 768 874 in
807 834 1023 890 papam,
1057 829 1139 874 set
1186 819 1239 873 in
1271 814 1672 872 lieresiarcbam
1707 811 1868 882 elegit
1892 810 1982 862 ³⁵⁸.

413 911 617 966 Deinde
660 912 802 982 apud
848 910 1174 981 Magontiam
1226 917 1496 965 conventu
1549 905 1712 970 facto,
1763 903 1989 958 eandem

415 1007 587 1075 ipsum
618 1005 938 1059 electionem
961 1019 990 1058 a
1015 1005 1453 1074 quibuscumque
1485 999 1659 1070 potuit
1679 997 1993 1054 confirmari

415 1095 560 1150 fecit.
600 1094 718 1150 Jam
743 1105 924 1150 autent
949 1095 1218 1150 mediante
1247 1093 1490 1158 Octobri,
1520 1091 1806 1147 lleinricus
1826 1105 1992 1160 expe-

413 1187 674 1240 ditionem
728 1187 781 1240 in
834 1187 1126 1241 Savoniam
1161 1187 1356 1240 iterum
1399 1200 1618 1255 parans,
1671 1199 1700 1237 a
1734 1183 1997 1236 militibus

416 1277 663 1333 Rondolti
698 1279 887 1332 itinere
927 1281 1088 1332 unius
1117 1279 1224 1332 diei
1264 1278 1503 1348 fugatur,
1528 1276 1792 1346 quamvis
1823 1275 1874 1328 in
1905 1291 1996 1328 ea-

414 1367 537 1421 dem
567 1367 958 1438 congressione
989 1365 1288 1421 lloudolfus
1325 1382 1416 1421 rex
1460 1366 1561 1435 pia:
1603 1365 1877 1418 memorial:
1899 1362 1996 1418 oc?-

414 1460 666 1514 cubuerit
697 1462 840 1528 (Oct.
881 1460 987 1527 15).
1037 1458 1148 1522 Ille,
1205 1459 1450 1528 inquam,
1489 1459 1627 1512 alter
1673 1456 1999 1511 Machabeus

415 1567 542 1606 cum
567 1553 706 1605 inter
729 1552 934 1620 primos
959 1551 1207 1605 hostibus
1230 1551 1478 1615 instaret,
1507 1550 1560 1603 in
1581 1550 1802 1604 servitio
1824 1548 1998 1602 sancti

417 1641 560 1695 l’etri
608 1642 932 1696 occmnbere
969 1642 1287 1712 promeruit,
1317 1653 1370 1696 et
1414 1652 1600 1712 postea
1643 1658 1752 1695 uno
1795 1642 1880 1694 die
1909 1656 2002 1696 su-

415 1743 646 1802 perstes,
675 1733 930 1788 omnibus
977 1735 1092 1787 suis
1123 1733 1222 1794 rite
1273 1735 1561 1793 ordinatis,
1609 1733 1673 1787 ad
1713 1732 2000 1786 Dominum

418 1824 686 1891 migrasse
723 1840 829 1878 non
873 1825 1150 1878 dubitatur
1194 1823 1376 1880 Idibus
1418 1823 1687 1879 Octobris.
1742 1822 2005 1893 Regnavit

2093 645 2369 714 triumpho
2396 642 2744 707 certilicatus,
2774 639 2961 694 eadem
2994 647 3153 693 nocte
3179 639 3233 693 in
3273 653 3471 708 eampo
3491 638 3676 693 victo—

2094 737 2187 789 rize
2220 744 2399 788 castra
2437 742 2673 788 metatus
2703 739 2805 794 est,
2837 739 2892 784 et
2927 737 3114 801 postea
3153 716 3221 784 ad
3261 729 3675 801 subjugandum

2094 827 2198 880 sibi
2225 841 2454 894 regnum
2483 824 2763 894 digressus
2791 831 2894 876 est.
2948 819 3165 876 Electus
3190 830 3276 875 est
3323 831 3505 874 autem
3545 829 3682 874 ante

2097 915 2447 972 festivitatem
2473 915 2647 970 sancti
2675 913 2974 980 Laurentii,
2997 911 3129 967 etin
3157 911 3407 982 sequenti
3436 912 3526 967 die
3549 920 3682 981 post

2097 1009 2447 1064 festivitatem
2471 1007 2716 1077 ejusdem
2739 1005 2936 1070 sancti,
2956 1005 3022 1059 de
3051 1003 3288 1075 inimicis
3314 1001 3684 1072 triumphavit

2101 1101 2153 1154 in
2209 1099 2452 1156 confinio
2498 1097 2778 1167 Rajoarize,
2823 1097 2878 1151 in
2930 1096 3051 1152 loco
3091 1095 3184 1166 qui
3229 1095 3431 1150 dicitur
3473 1092 3678 1148 "oste-

2099 1202 2150 1247 te
2177 1193 2382 1263 (1518).
2434 1190 2629 1246 Postea
2674 1190 2729 1246 in
2769 1176 3081 1245 Saxoniam
3108 1188 3518 1244 consecrandus
3563 1187 3684 1242 dis-

2096 1284 2280 1340 cessit.
2296 1304 2298 1306 ν

2675 1375 2681 1440 ἱ
2714 1369 3026 1427 “LXXXII.

2175 1463 2549 1520 lleremannus
2591 1479 2684 1518 rex
2743 1463 2975 1518 natalem
3021 1461 3234 1516 Domini
3287 1461 3689 1532 gloriosissime

2103 1557 2396 1612 celebravit
2435 1556 2718 1619 Goslaric;
2768 1554 2839 1608 ibi
2873 1554 3040 1608 etiam
3074 1552 3129 1606 in
3157 1552 3477 1609 festivitate
3506 1552 3687 1608 sancti

2107 1647 2390 1718 Stephani,
2411 1662 2479 1702 eo
2498 1645 2644 1718 quod
2671 1654 2935 1715 patronus
2958 1644 3078 1714 ejus
3107 1641 3291 1709 fuerit,
3330 1643 3491 1714 regia:
3511 1641 3693 1714 digni-

2105 1741 2234 1794 tatis
2261 1739 2574 1793 unctionem
2601 1747 2656 1792 et
2683 1735 3315 1805 coronant,principilms
3345 1735 3497 1806 regni
3523 1735 3691 1789 anni-

2107 1831 2367 1895 tentibus,
2397 1831 2467 1883 ab
2486 1829 2758 1898 episcOpis
2786 1827 3122 1882 sollemniter
3142 1827 3367 1896 accepit.
3397 1825 3695 1883 lleinricus

419 1925 598 1967 autem
629 1925 740 1969 tres
767 1932 940 1970 annos
958 1927 1008 1970 et
1035 1917 1340 1971 dimidium.
1369 1915 1622 1986 Decnjns
1643 1917 1793 1969 obitu
1816 1929 2008 1968 omnes
2042 1907 2083 1962 Β
2110 1933 2290 1977 autem
2333 1923 2386 1976 in
2435 1921 2606 1987 Italia,
2643 1929 2927 1990 assumpto
2977 1927 3226 1990 apostata
3265 1934 3369 1974 suo
3403 1918 3693 1984 Guiberto,

421 2006 661 2075 religiosi
696 2008 984 2076 utriusque
1019 2024 1204 2072 sexus,
1231 2019 1284 2062 et
1317 2010 1551 2062 maxime
1586 2023 1871 2078 pauperes,
1902 2007 2004 2061 do-

421 2097 659 2150 luerunt.
692 2095 747 2150 In
775 2098 934 2167 cujus
957 2099 1152 2153 animae
1182 2099 1250 2130 ³⁶⁹
1283 2099 1808 2154 ουιιιιιιοιιάςιῑίοιιιῖ-ιιι
1836 2098 2008 2152 Saxo-

422 2205 520 2243 nes
561 2189 986 2244 innumerabiles
1025 2191 1341 2245 elimosiuas
1377 2190 1650 2244 fecerunt.
1687 2189 1815 2243 Erat
1860 2190 2006 2244 enim

422 2281 615 2349 procul
643 2281 809 2334 dubio
837 2291 991 2351 pater
1027 2283 1234 2352 pati-im,
1266 2283 1710 2338 servantissimus
1752 2282 2007 2352 justiciar,

425 2371 731 2427 indefessus
777 2385 1147 2444 propugnator
1194 2385 1396 2429 sancta:
1443 2375 1688 2430 melesiae.
1752 2372 2012 2443 Sepultus

423 2475 508 2518 est
536 2475 716 2518 autem
747 2467 893 2534 apud
917 2465 1229 2520 Merseburc
1255 2465 1671 2536 gloriosissime.
1701 2465 1900 2520 Eodem
1925 2467 2012 2520 die

426 2557 922 2631 decessioniscjus
969 2559 1021 2612 in
1054 2557 1428 2629 Longobardia
1477 2561 1675 2614 milites
1706 2561 2016 2628 prudentis-

429 2648 584 2702 simae
615 2651 682 2681 ³⁷⁸
711 2638 869 2705 ducis
912 2650 1184 2705 Matbilda:
1219 2651 1565 2718 fugattlttl'ab
1604 2653 1845 2706 exercitu
1881 2667 2015 2721 pene

429 2742 600 2796 totius
633 2740 1045 2811 l.mngobardi;e,
1084 2743 1225 2812 apud
1264 2741 1476 2796 Vultam
1521 2758 1686 2812 prope
1716 2743 2011 2798 Mantuam.

431 2832 554 2903 Ipsa
585 2833 650 2862 ³⁷⁸
683 2848 904 2903 quoque
949 2834 1038 2889 die
1062 2833 1386 2890 Gisilbertus
1423 2837 1868 2905 religiosissimus
1898 2851 2018 2905 pre-

439 2925 607 2978 sbiter
629 2937 682 2980 et
706 2926 1012 2980 monachus
1040 2938 1098 2985 et
1110 2925 1358 2980 Romlolti
1387 2928 1530 2996 regis
1555 2928 1620 2980 ad
1648 2943 1840 2997 papam
1871 2930 2016 2998 lega-

433 3025 546 3079 tus,
572 3014 964 3086 Longobardia's
995 3018 1256 3086 requievit
1301 3017 1353 3070 iu
1383 3034 1530 3087 pace.
1561 3017 1655 3072 llis
1685 3021 2021 3088 temporibus

435 3105 730 3162 lleinricus
753 3117 920 3161 totam
956 3106 1159 3162 Italiam
1190 3111 1327 3163 adeo
1356 3111 1723 3174 conturbavit,
1753 3121 1810 3164 ut
1841 3112 2023 3165 nullus

434 3213 629 3252 secure
682 3199 749 3252 ad
782 3199 967 3252 limina
999 3202 1370 3268 apostolorum
1416 3213 1601 3270 posset
1644 3202 1742 3266 ire,
1778 3203 1871 3271 qui
1913 3219 2020 3256 non

436 3290 593 3360 prius
617 3290 915 3361 abjuraret.
943 3293 1089 3363 quod
1115 3294 1180 3347 ad
1207 3310 1400 3364 papam
1426 3295 1747 3366 Gregorium
1779 3296 2023 3352 diversu-

439 3403 537 3441 rus
567 3403 677 3443 non
707 3397 874 3442 esset.
1350 3378 1360 3386 ’

1076 3479 1365 3534 ΜΙᾸΧΧΙ.

511 3567 806 3625 lleinricus
832 3581 953 3641 post
976 3573 1183 3626 obitum
1214 3571 1460 3627 lloudolti
1504 3573 1647 3643 regis
1679 3572 1945 3628 Veronam
1971 3575 2025 3629 in

442 3663 646 3730 paseba
670 3663 834 3740 venit,
860 3674 913 3717 et
945 3663 1068 3718 inde
1097 3665 1164 3718 ad
1189 3665 1546 3718 invadendam
1564 3663 1792 3718 Romam
1822 3666 2029 3734 (1517),

444 3771 570 3810 cum
587 3771 688 3809 suo
711 3773 817 3809 non
835 3752 1157 3826 apostolico.
1185 3767 1264 3811 set
1288 3757 1828 3826 apostataGuiberto,
1845 3768 2033 3828 utputa

443 3849 632 3904 domui
657 3851 943 3918 apOstoliei
975 3866 1081 3903 non
1106 3851 1273 3903 semel
1302 3851 1523 3918 perjuro
1545 3859 1600 3902 et
1628 3850 1696 3880 ³⁷¹
1719 3851 2035 3905 anathema-

447 3945 618 3996 tizato
643 3941 736 4006 "',
761 3942 1036 4010 profectus
1074 3951 1178 4006 est,
1217 3951 1300 3996 set
1339 3942 1515 3996 inacte
1539 3941 1608 3972 ³’³
1637 3956 1889 3997 reversus
1931 3951 2032 3997 est.

450 4033 652 4088 Eodem
683 4042 926 4103 tempore
956 4035 1229 4103 principes
1258 4034 1406 4104 regni
1439 4033 1890 4099 Teutonicorum,
1926 4035 2037 4091 sci-

451 4125 578 4179 licet
610 4126 1028 4195 archiepiscolii,
1060 4127 1326 4195 episcopi,
1376 4126 1566 4190 duces,
1604 4127 1951 4181 marcbiones
1985 4136 2041 4181 et

455 4218 705 4279 comites.
742 4227 1012 4270 conventu
1049 4218 1210 4281 facto,
1250 4215 1654 4271 lleremannum
1697 4219 1933 4272 nobilem
1957 4219 2039 4272 vi-

455 4325 576 4364 rum
607 4309 708 4363 sibi
744 4309 795 4363 in
834 4325 1014 4380 regem
1055 4309 1370 4380 elegerunt;
1411 4310 1502 4379 qui
1534 4309 1716 4364 statim
1754 4310 1822 4364 de
1851 4310 2041 4364 eodem

453 4411 725 4456 conventu
769 4401 942 4454 aciem
995 4410 1184 4455 contra
1239 4401 1479 4457 fautores
1532 4399 1772 4456 lleinriei
1823 4401 2041 4456 direxit.

455 4493 562 4563 Ipsi
593 4495 738 4546 enim
773 4493 1093 4547 electionem
1121 4492 1240 4562 ejus
1270 4493 1532 4561 impedire
1564 4493 1830 4558 volentes,
1853 4495 2043 4549 eodem

2111 2015 2307 2070 iterum
2378 2013 2608 2068 Romam
2665 2012 2955 2067 invasurus
3013 2010 3396 2081 proficiscitur,
3449 2010 3695 2066 adunata

2113 2106 2460 2164 multitudine
2496 2103 2970 2168 seismaticorum;
3002 2101 3184 2172 ibique
3206 2117 3270 2156 ea
3303 2110 3492 2156 aestate
3513 2117 3701 2156 mora-

2112 2209 2202 2252 tus
2229 2214 2364 2268 pene
2388 2198 2664 2252 incassum
2693 2195 2978 2259 laboravit,
3025 2193 3129 2248 nisi
3166 2195 3312 2264 quod
3339 2193 3538 2248 milites
3558 2209 3700 2250 suos

2113 2289 2440 2360 quibusdam
2464 2287 2723 2353 castellis,
2754 2296 2815 2340 ut
2857 2285 3096 2340 facerent
3135 2301 3365 2338 werram
3403 2283 3698 2349 Romanis,

2061 2433 2065 2437 λ
2114 2381 2396 2452 imposuit,
2425 2380 2551 2450 quia
2589 2393 2714 2434 eum
2762 2383 2861 2433 nec
2910 2377 3012 2432 bac
3051 2377 3169 2430 vice
3203 2374 3432 2430 Romam
3487 2375 3703 2430 intrare

2116 2475 2499 2545 permiserunt.
2538 2469 2721 2542 Ignem
2744 2485 2964 2540 quoque
3005 2468 3059 2523 in
3090 2468 3313 2524 domum
3343 2468 3519 2523 sancti
3547 2466 3698 2522 Petri

2117 2583 2213 2638 per
2246 2565 2519 2635 quendam
2561 2563 2877 2616 traditorem
2926 2561 3216 2615 immittere
3243 2560 3438 2628 voluit,
3472 2569 3557 2615 set
3598 2558 3700 2613 Dei

2121 2657 2491 2735 misericordia
2521 2663 2833 2725 protegente
2861 2666 2969 2707 non
2993 2652 3186 2722 potuit.
3216 2652 3488 2722 Cogitavit
3525 2651 3699 2716 enim,

2120 2758 2179 2803 ut
2209 2749 2276 2804 de
2325 2746 2622 2817 improviso
2657 2754 2844 2816 portas
2884 2745 3212 2814 irrumperct
3255 2742 3349 2808 ³⁷⁸,
3375 2743 3421 2797 si
3465 2741 3702 2797 Romani

2120 2841 2394 2896 derelictis
2428 2837 2850 2910 propugnaculis
2883 2836 2951 2891 ad
2999 2834 3309 2890 incendium
3353 2833 3705 2905 restinguen-

2121 2934 2252 2988 dqu
2277 2939 2702 2995 concurrerent;
2726 2929 2870 2983 unde
2890 2927 3070 2997 ignem
3098 2926 3352 2981 domibus
3373 2924 3705 2996 quibusdam

2123 3022 2327 3079 Sancto
2378 3021 2538 3076 Petro
2571 3019 2843 3091 contiguis
2882 3017 3099 3073 immitti
3137 3016 3284 3072 fecit.
3327 3017 3424 3073 Set
3465 3017 3710 3076 domnus

2126 3115 2456 3186 apostolicus
2502 3113 2628 3167 buic
2676 3111 2928 3166 versutia:
2985 3110 3256 3176 obviavit;
3289 3125 3417 3164 nam
3464 3109 3708 3178 primum

2126 3209 2246 3262 viso
2269 3206 2542 3269 incemlio,
2574 3220 2767 3259 oumes
2803 3204 3003 3258 milites
3039 3201 3316 3257 Romanos
3338 3201 3431 3268 ³⁷⁸,
3461 3199 3531 3255 ad
3577 3214 3710 3269 pro-

2128 3299 2433 3372 pugnacula
2459 3297 2794 3353 defendenda
2814 3295 3140 3372 transmisit,
3155 3294 3377 3365 ipseque
3397 3293 3552 3349 solus
3573 3292 3715 3348 ﬁdu-

2128 3394 2212 3447 cia
2261 3390 2436 3447 sancti
2472 3389 2615 3443 l’etri
2651 3387 2843 3451 fretus,
2879 3387 3024 3441 facto
3070 3387 3228 3456 signo
3262 3385 3333 3417 ³⁷⁸
3365 3385 3550 3440 crucis
3574 3399 3715 3440 eon-

2130 3495 2213 3540 tra
2244 3484 2314 3516 ³τ⁶
2345 3482 2652 3538 iucemlium
2703 3480 2792 3546 ³⁷⁸,
2830 3480 3008 3550 ignem
3044 3477 3295 3550 progredi
3336 3477 3569 3533 ulterius
3600 3491 3717 3532 non

2131 3577 2397 3649 permisit.
2423 3574 2591 3645 Igitur
2620 3572 2908 3628 lleinricus
2930 3581 3094 3642 capto
3119 3569 3418 3642 venerabili
3451 3570 3720 3642 episcopo

2133 3669 2201 3722 de
2248 3668 2432 3722 Sutria
2486 3665 2692 3736 (1519),
2728 3665 2959 3734 aliisque
2996 3662 3295 3729 nonnullis,
3329 3676 3544 3732 suoque
3579 3675 3719 3731 apo-

2134 3771 2275 3819 stata
2308 3759 2571 3815 Guiberto
2597 3757 2650 3811 in
2681 3756 2966 3811 Tiburtina
2994 3756 3128 3810 urbe
3152 3755 3221 3810 ad
3241 3753 3581 3808 infestandos
3607 3749 3723 3805 Ro-

2137 3871 2331 3910 manos
2353 3851 2633 3915 derelicto,
2661 3849 2775 3920 ipse
2802 3847 3238 3928 Langobardiam
3272 3838 3585 3900 revertitur.
3615 3841 3724 3897 lle—

2137 3960 2436 4002 remannus
2474 3953 2654 3998 autem
2703 3959 2796 3996 rex
2827 3941 3059 3997 multum
3093 3939 3161 3994 de
3201 3937 3530 4003 adversitate
3575 3935 3726 3991 sedis

2140 4037 2454 4108 apostolicae
2484 4020 2696 4099 dolens,
2732 4048 2962 4103 eamque
2989 4033 3056 4086 de
3096 4032 3351 4088 manibus
3383 4027 3622 4085 lleinrici
3654 4028 3723 4080 li—

2142 4131 2334 4185 berare
2361 4127 2572 4192 volens,
2599 4125 2998 4196 expeditionem
3037 4124 3093 4178 in
3121 4123 3332 4178 Italiam
3374 4121 3592 4192 paravit
3629 4119 3725 4186 δ”,

2144 4221 2287 4276 unde
2314 4229 2369 4275 et
2393 4220 2461 4275 dc
2493 4217 2731 4275 Saxonia
2753 4217 2808 4272 in
2848 4213 3103 4271 Sucviam
3133 4215 3299 4271 venit.

2771 4307 3109 4374 MLXXXIH.

2217 4401 2592 4459 lleremannus
2630 4415 2724 4455 rex
2754 4399 2989 4455 natalem
3025 4397 3242 4453 Domini
3283 4398 3341 4452 in
3373 4395 3572 4452 Suevia
3599 4411 3728 4459 cum

2149 4495 2486 4568 principibus
2526 4493 2679 4566 regni
2713 4493 2848 4550 satis
2892 4490 3194 4548 honoriﬁce
3234 4488 3548 4547 celebravit.
3601 4486 3732 4542 Inde

458 4594 703 4655 tempore
736 4587 1030 4638 maximam
1074 4585 1476 4640 mtdtitudinem
1516 4595 1938 4650 contraxerunt;
1967 4595 2124 4659 setD
2149 4604 2274 4643 cum
2300 4587 2600 4643 exercitum
2643 4586 2698 4641 in
2738 4583 3188 4657 Longobardiam.
3202 4596 3524 4654 promovere
3548 4579 3732 4646 vellet,

461 4695 605 4735 novo
632 4693 756 4747 rege
785 4693 848 4730 ex
876 4677 1174 4747 improviso
1201 4677 1461 4741 irruente,
1499 4693 1692 4734 omnes
1715 4677 1932 4748 penitus
1955 4686 2050 4731 aut

461 4772 592 4824 cede
629 4770 889 4841 prostrati
917 4777 1066 4831 sunt,
1099 4778 1193 4822 aut
1235 4768 1672 4824 inrevocabiliter
1699 4768 1891 4839 fugati,
1925 4770 2049 4825 licet

463 4866 628 4934 regiis
662 4865 924 4921 militibus
959 4880 1017 4920 se
1063 4865 1475 4937 insequentibus
1501 4881 1609 4920 non
1635 4879 1804 4936 parvo
1823 4875 2049 4934 prmsta-

2153 4679 2383 4735 molesta
2407 4678 2509 4733 sibi
2539 4679 2740 4749 legatio
2763 4679 2830 4734 de
2854 4676 3093 4733 Saxonia
3121 4674 3308 4741 venit;
3340 4673 3543 4746 quippe
3583 4673 3732 4745 quod

2151 4770 2281 4826 Otto
2325 4771 2435 4826 dux
2481 4771 2942 4842 prudentissimus
2992 4768 3150 4823 miles
3196 4767 3416 4834 obierit,
3467 4781 3631 4838 quem
3677 4764 3732 4818 in

2154 4863 2392 4920 Saxonia
2428 4880 2528 4936 pro
2553 4865 2729 4936 capite
2753 4863 2824 4920 9"
2857 4861 3103 4917 omnium
3125 4876 3352 4918 suorum
3383 4857 3644 4931 reliquit;
3676 4855 3733 4911 iu

1743 5015 1978 5074 V'ARIAE
2025 5015 2429 5072 LECTIONES.

541 5134 610 5165 ³³³⁸
642 5144 988 5206 raveunatem
1016 5151 1177 5205 usque
1203 5135 1343 5206 depo
1369 5136 1425 5189 in
1452 5134 1568 5188 loro
1599 5149 1740 5192 raso.
1774 5134 1937 5206 situm
1971 5149 2132 5206 usque
2157 5133 2318 5206 elegit
2347 5134 2400 5187 in
2433 5133 2735 5206 margini.
2760 5134 2970 5206 miurl.
3039 5133 3107 5166 "’
3135 5133 3390 5206 anmaeul.

1995 5205 2064 5234 ³⁷²
2091 5220 2252 5271 supra
2287 5205 2483 5258 lincunt
2507 5204 2692 5257 addita
2718 5205 2766 5258 1.

1599 5278 1667 5309 ³⁷⁵
1694 5291 1952 5330 romonas
1987 5290 2125 5328 corr.
2165 5291 2427 5330 romouos
2474 5275 2523 5329 1.

471 5206 624 5260 simu:
652 5205 808 5257 ducis
837 5207 891 5257 in
918 5207 1034 5258 loco
1072 5223 1192 5260 raso
1219 5205 1327 5261 1m.
1364 5208 1492 5260 min.
1528 5208 1578 5260 1.
1657 5206 1723 5237 ³⁷⁸
1757 5207 1832 5258 ita
1867 5205 1916 5256 1.

471 5278 641 5330 deleto
669 5286 864 5348 postea
900 5292 934 5330 n
980 5277 1037 5348 l.
1064 5277 1427 5348 irrumperent
1464 5279 1518 5332 2.

473 5348 798 5417 praeparavit
839 5346 893 5401 2.
972 5346 1042 5378 ³⁷⁸
1069 5346 1354 5418 ρειιιὶιςιιιρυ
1379 5347 1432 5401 ‘2.

3466 5131 3538 5163 ’τ’
3563 5130 3734 5187 entis-

2844 5205 2914 5236 ³⁷⁸
2938 5213 3115 5260 macte
3148 5205 3202 5258 5.
3278 5202 3739 5274 mirrumperent

2603 5276 2671 5306 ³⁷⁸
2698 5292 2859 5347 supra
2887 5275 3082 5331 lineam
3126 5274 3315 5329 addita
3344 5272 3396 5328 1.
3472 5272 3654 5328 ""518
3684 5274 3732 5328 1.

1975 5434 2207 5492 NOTAE.

548 5550 1194 5626 (lSltilrEadcmuverba
1242 5555 1473 5625 legimus
1522 5556 1575 5609 in
1623 5571 1708 5625 ep.
1758 5555 2059 5613 Gebebardi
2169 5553 2259 5626 lx,
2284 5556 2338 5619 5,
2375 5563 2429 5609 et
2459 5554 2526 5609 ad
2558 5552 2897 5626 Desiderium
2945 5552 3195 5608 abbatem
3225 5551 3581 5611 Casinensem
3611 5551 3740 5626 Reg.

477 5623 861 5698 arri:._§alisb.
891 5625 957 5679 ad
977 5621 1379 5698 pllerirnannuiu
1412 5621 1705 5680 Meteusem
1739 5643 1827 5696 ap.
1879 5627 2062 5698 litigo:

499 5709 600 5745 ‘etll
635 5693 780 5770 [ίῳ.
806 5693 1140 5770 λΜξιιεμὶ-ΧΧΔ
1164 5695 1289 5770 5-}3.
1321 5696 1394 5752 De
1415 5698 1680 5753 Guiberto
1709 5693 1789 5753 cf.
1813 5693 2062 5770 Gregorii

486 5761 612 5827 mg.
643 5764 853 5829 vin,
882 5766 1046 5830 7,12,
1077 5767 1162 5829 15.
1197 5765 1282 5820 ιιι.

554 5835 734 5903 12317)
775 5835 859 5892 Cf.
895 5836 1054 5907 Greg.
1089 5837 1248 5908 epist.
1281 5838 1347 5893 ad
1381 5854 1464 5908 ep.
1506 5839 1884 5897 Patavicusem
1930 5838 2078 5910 Reg.

2168 5624 2260 5693 ιχ,
2276 5627 2371 5712 Li:

2245 5696 2429 5838 ἕῖ-Ξῖἔῗζ

2470 5691 2739 5750 llocbsted
2763 5693 2833 5747 ab
2870 5691 3196 5751 Danubium.

2467 5765 2561 5821 Est
2591 5763 2814 5820 Roniao.
2857 5762 2975 5821 Uss.

3699 6081 3951 6229 -.Α
