3970 6338
206 440 333 495 1581

1096 432 1380 488 APPEND.
1420 432 1505 485 lll.
1548 463 1616 473 ——-
1654 428 2087 485 MOXUMFA'TA
2133 430 2598 486 GREGORIANA.

3337 431 3474 485 l382

205 560 365 629 cujus
395 557 548 612 obitu
574 556 874 609 maximum
903 552 1103 607 scisma
1143 551 1387 605 luiturum
1432 566 1540 605 non
1577 549 1791 604 dubita-
1823 552 1865 604 Α
1893 550 2133 604 tentibus
2178 550 2526 605 securitatem
2581 550 2896 620 juramento
2948 534 3275 618 promiserit.
3325 547 3476 602 lude

205 660 287 704 ret
318 650 411 714 "',
444 648 547 702 nisi
576 645 888 716 lmjusmodi
912 644 1111 701 scisma
1137 642 1436 712 anticipare
1467 649 1783 695 maturaret.

207 740 318 796 llac
344 741 512 810 igitur
537 738 877 800 necessitate,
893 734 1204 805 postposita
1225 733 1585 804 expeditione,
1612 732 1787 786 Saxo-

206 834 354 886 niam
384 830 705 885 festinanter
732 828 908 883 redire
935 826 1295 895 compellitur.
1344 824 1543 879 lterum
1572 823 1788 878 lleinri-

207 940 306 977 cus
328 939 455 976 cum
484 921 828 975 multitudine
852 919 1289 973 scismaticorum
1315 917 1428 971 sive
1469 931 1788 970 excommu-

210 1014 517 1071 nicatorum
542 1020 666 1066 ante
688 1018 1033 1080 pentecosten
1054 1008 1280 1063 Romam
1296 1008 1709 1078 impugnaturos
1722 1007 1790 1039 ³⁸⁰

208 1106 543 1175 aggreditur,
575 1112 630 1157 et
657 1103 879 1157 domum
910 1100 1094 1155 Sancti
1125 1099 1267 1154 Petri
1302 1100 1356 1154 in
1395 1100 1622 1173 sabbato
1652 1098 1791 1153 infra

210 1196 572 1267 epdomadam
610 1201 949 1263 pentecostes
990 1200 1198 1245 armata
1248 1207 1413 1245 manu
1460 1190 1788 1261 aggreditur.

212 1285 415 1356 Sicque
445 1286 510 1317 ³⁸⁸
538 1285 855 1341 Guibertum
882 1282 1271 1348 Ravennatem,
1298 1282 1597 1352 pcrjurum,
1625 1282 1792 1351 depo-

215 1378 383 1433 situm
426 1387 480 1432 et
521 1376 1059 1439 anathematizatum,
1094 1374 1237 1444 apud
1279 1375 1540 1428 Sanctum
1574 1372 1794 1427 Petrum

214 1468 585 1533 intronizavit,
616 1484 725 1521 non
756 1482 851 1536 per
890 1463 1218 1529 Ostiensem,
1254 1474 1307 1518 et
1338 1464 1721 1527 Albauensem,
1742 1471 1796 1516 et

216 1558 578 1615 Portuensem
606 1560 915 1630 episcopos,
951 1556 1045 1627 qui
1072 1558 1177 1611 hoc
1206 1556 1544 1626 privilegium
1573 1555 1794 1621 habent,

219 1660 281 1705 ut
311 1667 507 1722 papam
538 1657 888 1715 consecrent;
932 1648 1026 1703 sed
1068 1664 1165 1717 per
1210 1647 1569 1702 Mutinensem
1602 1646 1797 1699 etAri-

221 1743 451 1797 tiensem
494 1742 564 1774 ⁸⁸⁸
603 1740 980 1811 exepiscopos,
1019 1747 1203 1809 utpote
1236 1740 1350 1809 jam
1377 1765 1389 1777 -
1413 1740 1599 1793 umltis
1639 1739 1798 1792 annis

219 1830 501 1900 depositus
536 1838 591 1885 et
638 1828 1145 1884 anathematizatos.
1202 1828 1396 1882 Statim
1437 1828 1598 1897 igitur
1641 1828 1795 1896 juvta

1888 649 1943 694 et
1970 639 2203 695 Romani
2248 644 2476 697 multum
2521 652 2710 697 contra
2767 641 3077 695 lleinricunt
3130 657 3475 695 tllttl'tltttt'at'e

1891 742 2170 802 ceperunt.
2203 733 2365 787 Erant
2396 744 2577 788 autem
2623 733 3020 805 religiosissimi
3049 733 3116 763 ³³⁸
3138 735 3389 787 tnouaelii
3420 747 3473 787 et

1888 824 2095 890 clerici,
2127 841 2269 895 quos
2303 826 2357 880 in
2381 828 2633 895 captione
2671 825 2797 880 fecit
2820 827 3079 887 cruciari;
3116 841 3240 878 cum
3268 827 3472 894 quibus

1889 924 1944 970 et
1979 914 2231 972 Ottonem
2266 919 2633 972 venerandum
2682 916 2989 971 Ostiensem
3026 918 3341 986 episcopum
3374 934 3469 971 ca-

1891 1008 2115 1077 ptivavit
2140 1008 2347 1077 (1522),
2374 1010 2621 1065 videlicet
2642 1013 2707 1064 a.l
2738 1010 2912 1079 ipsum
2942 1010 3009 1062 ab
3036 1010 3333 1077 apostolica
3354 1010 3480 1063 sede

1892 1100 2301 1156 transmissum.
2325 1100 2481 1155 Multi
2509 1111 2688 1156 tamen
2731 1118 2796 1154 ex
2828 1100 3180 1172 l-‘raneigeuis
3222 1102 3287 1155 ad
3332 1085 3477 1154 illam

1892 1191 2143 1244 sinodum
2189 1200 2300 1246 tam
2347 1192 2590 1263 episcopi
2635 1209 2799 1262 quam
2836 1193 3059 1245 abliates
3094 1200 3475 1260 [ument-runt.

1894 1281 2145 1357 Melior-es
2164 1293 2345 1337 autem
2377 1284 2618 1355 episcopi
2653 1294 2707 1337 et
2743 1285 2945 1337 donum
2968 1284 3269 1353 apostolico
3305 1283 3480 1349 magis

1895 1375 2211 1439 necessarii,
2260 1375 2311 1429 id
2370 1385 2453 1429 est
2490 1374 2605 1444 ligo
2646 1375 3046 1446 Lugdunensis,
3089 1374 3379 1428 Anselmus
3412 1374 3475 1403 ”‘

1896 1464 2181 1531 Lucensis,
2211 1465 2579 1538 Reginnaldus
2630 1468 2698 1498 ”‘
2743 1466 3046 1529 Cumanus,
3098 1467 3404 1536 specialiter
3450 1482 3480 1518 a

1898 1553 2153 1610 lleinrico
2187 1556 2255 1610 ad
2311 1556 2567 1611 sinodum
2621 1557 3000 1625 pervenirem
3043 1556 3299 1625 prohibiti
3332 1565 3477 1609 sunt.

1900 1645 2141 1701 Domnus
2174 1656 2354 1701 tamen
2379 1663 2515 1717 papa
2556 1648 2811 1703 εἰιιοιιιιιιι
2844 1649 3017 1701 tribus
3040 1648 3233 1700 dielms
3261 1649 3481 1701 sollem-

1898 1738 2042 1791 niter
2062 1739 2377 1803 celebravit,
2403 1749 2456 1793 ct
2497 1755 2565 1793 ne
2611 1737 2926 1793 lleinricnm
2954 1740 3261 1808 specialiter
3286 1740 3483 1792 iterum

1901 1830 2408 1894 auathematizaret,
2441 1831 2526 1884 vix
2569 1847 2598 1884 a
2643 1832 2837 1886 sinodo
2872 1841 3151 1894 exoratus,
3185 1846 3377 1883 onmes
3403 1839 3485 1883 ta-

224 1921 488 1977 Sanctum
510 1920 729 1978 Petrum
754 1921 1024 1991 quendam
1048 1920 1427 1982 monticulum,
1456 1920 1674 1973 nomine
1698 1918 1800 1973 l'a-
1836 1907 1876 1960 Β
1905 1939 2025 1975 men
2048 1924 2560 1986 excommunicavit,
2594 1924 2927 1992 quicumque
2965 1923 3198 1991 aliquem
3226 1923 3291 1975 ad
3344 1921 3484 1975 San—

223 2016 493 2069 laceolum
523 2014 730 2085 (I320),
762 2013 1141 2077 incastcllavit,
1165 2013 1324 2081 eique
1348 2012 1546 2066 milites
1580 2013 1799 2076 multos,

226 2114 284 2158 ut
330 2105 713 2174 impugnarent
762 2103 1061 2168 Romanos,
1106 2104 1386 2173 imposuit,
1438 2104 1532 2171 qui
1578 2104 1646 2134 ⁸⁸³
1676 2120 1801 2158 eum

224 2194 666 2251 Transtiberinas
696 2195 947 2265 regiones
992 2195 1144 2250 urbis
1196 2196 1346 2249 nullo
1395 2205 1551 2264 pacto
1601 2197 1805 2249 intrare

222 2288 628 2359 permittebant.
647 2286 799 2341 Mulli
828 2296 1008 2341 tamen
1029 2287 1141 2356 jam
1167 2303 1233 2341 ex
1264 2287 1524 2341 Romanis
1550 2286 1805 2340 lleinrico

223 2388 641 2445 consenserant,
665 2379 861 2448 partim
894 2380 1075 2449 precio
1104 2379 1309 2433 inducti
1334 2379 1421 2444 ³⁸⁸,
1447 2381 1643 2448 partim
1673 2380 1806 2431 mul-

222 2470 297 2524 tis
327 2470 787 2540 promissionibus
828 2471 1057 2533 seducti,
1084 2484 1275 2541 omnes
1317 2471 1497 2522 autem
1527 2468 1806 2539 tequaliter

222 2562 338 2632 jam
370 2562 567 2617 trienni
598 2560 666 2593 ⁸⁸⁸
690 2560 1099 2629 impugnatione
1139 2560 1367 2614 nimium
1414 2560 1641 2631 fatigati.
1665 2562 1804 2627 Quid

225 2650 432 2720 plura?
455 2647 658 2704 Omnes
681 2665 817 2719 pene
844 2649 1075 2703 Romani
1106 2692 1119 2714 ,
1144 2659 1338 2720 prater
1372 2652 1669 2721 principem
1702 2652 1803 2706 Sa-

225 2741 581 2806 leruitanum,
602 2741 706 2795 hoc
727 2756 851 2795 cum
881 2739 1136 2796 lleinrico
1166 2742 1542 2808 laudaveruut,
1572 2752 1630 2796 ut
1663 2759 1801 2812 papa

227 2830 526 2901 Gregorius
586 2832 838 2887 sinodum
885 2832 939 2884 in
985 2830 1165 2885 medio
1203 2829 1493 2885 Novembri
1532 2832 1807 2901 colligeret

226 2922 438 2988 Romae,
462 2924 619 2992 cujus
642 2923 813 2978 sinodi
842 2930 1041 2977 statuta
1066 2922 1132 2977 de
1156 2938 1320 2976 causa
1350 2923 1501 2993 regni
1526 2938 1623 2977 nec
1645 2922 1806 2978 llein-

228 3018 369 3081 rico,
391 3032 493 3072 nec
523 3017 803 3083 Romanis,
848 3018 1015 3071 immo
1043 3018 1176 3071 nulli
1220 3017 1437 3087 penitus
1458 3018 1643 3072 liceret
1671 3034 1807 3087 pra:-

228 3110 483 3165 varieari.
516 3109 801 3164 lleinricus
829 3125 1049 3180 quoque
1076 3110 1234 3165 ituris
1272 3110 1337 3163 ad
1368 3110 1516 3163 illam
1552 3110 1806 3165 sinodum

226 3210 285 3255 et
336 3201 619 3257 redituris
655 3202 1002 3258 securitatem
1043 3201 1405 3271 jurejurando
1459 3200 1605 3257 fecit.
1656 3201 1807 3261 Unde

229 3301 288 3346 et
312 3308 451 3363 papa
476 3308 669 3348 omnes
695 3292 982 3363 religiosos
1002 3292 1288 3361 episcopos
1316 3303 1370 3347 et
1391 3293 1617 3349 abbates
1638 3296 1705 3350 ad
1728 3297 1804 3351 si-

230 3384 437 3438 nodum
463 3384 635 3439 literis
667 3384 783 3457 suis
809 3383 1041 3437 vocavit.
1078 3382 1317 3439 Reverso
1366 3385 1531 3456 igitur
1553 3385 1806 3442 lleinrico

230 3473 687 3546 Longobardiam,
748 3474 946 3529 milites
984 3474 1111 3553 ejus'
1144 3491 1280 3545 quos
1326 3476 1381 3529 in
1433 3478 1658 3531 castello
1713 3477 1807 3533 illo

227 3580 400 3636 prope
423 3566 682 3622 Sanctum
708 3566 926 3621 Petrum
947 3567 1171 3633 dimisit,
1196 3568 1475 3636 repentina
1499 3586 1647 3623 mors
1670 3584 1805 3638 pene

228 3671 425 3712 omnes
451 3658 668 3724 invasit,
701 3659 842 3713 inter
869 3667 1087 3729 quos,et
1115 3656 1439 3714 Oudalricus
1477 3660 1548 3713 de
1565 3660 1801 3713 Goscez-

228 3747 376 3803 heim
414 3748 481 3781 ³⁸⁸
510 3750 718 3820 absque
740 3752 1091 3805 :eclesiastica
1125 3751 1511 3805 communione
1541 3751 1629 3814 ³⁸⁷,
1662 3750 1797 3803 heu!

229 3842 399 3896 miser
424 3842 647 3909 interiit,
680 3852 876 3897 auctor
898 3844 1060 3912 hujus
1088 3844 1412 3898 scismaticze
1438 3841 1803 3911 conspiratio-

229 3930 318 3984 nis
341 3938 398 3985 et
419 3931 683 3985 incentor.
712 3930 790 3985 Ex
821 3932 945 3985 50οκ
964 3941 1145 3985 autem
1181 3933 1465 3998 militibus,
1500 3934 1593 4002 qui
1624 3933 1676 3985 in
1712 3932 1828 3985 ill0'

226 4016 452 4075 castello
478 4036 578 4089 pro
616 4022 863 4075 custodia
907 4022 1121 4076 dimissi
1151 4032 1298 4088 sunt,
1344 4025 1433 4078 vix
1462 4024 1533 4078 50
1564 4026 1801 4093 gladium

228 4112 404 4166 sancti
430 4110 596 4177 Petri,
628 4120 689 4166 ut
736 4113 908 4178 aiunt,
932 4128 1191 4167 concessa
1223 4114 1333 4167 vita
1381 4124 1686 4169 evaserunt.
1712 4114 1799 4185 lp-

228 4218 351 4259 sum
393 4212 576 4259 autem
609 4204 891 4279 castellum
921 4221 952 4258 a
994 4204 1254 4260 Romanis
1295 4206 1511 4275 penitus
1547 4206 1664 4260 solo
1703 4207 1799 4260 ad-

227 4302 501 4363 mquatnm
531 4304 633 4350 est.
653 4293 1114 4366 lleinricusigitur
1137 4294 1447 4351 Ravennate
1463 4312 1563 4351 suo
1589 4297 1800 4352 interim

229 4386 543 4441 Ravennam
565 4388 911 4454 transmisso,
938 4389 1003 4442 ad
1028 4389 1338 4457 prtedictam
1362 4390 1431 4420 ³⁸⁸
1454 4389 1709 4443 sinodum
1733 4390 1801 4421 ³⁸⁸

226 4479 505 4549 profectus
524 4487 625 4545 est,
648 4494 759 4549 quo
780 4488 835 4533 et
862 4480 1022 4548 legati
1045 4479 1466 4537 Tcutonicorum
1491 4481 1801 4550 principum

1904 2024 2049 2067 ctum
2086 2012 2304 2067 Petrum
2337 2015 2417 2067 vel
2450 2015 2516 2067 ad
2562 2031 2757 2083 papam
2788 2015 3093 2067 venientem
3121 2031 3343 2083 qumpm
3371 2028 3489 2067 mo-

1905 2105 1974 2158 do
2006 2105 2346 2173 impedirent.
2380 2104 2481 2158 Sed
2501 2105 2613 2173 jam
2646 2105 2863 2157 advenit
2894 2106 3182 2168 terminus,
3211 2105 3275 2157 ad
3322 2119 3484 2173 quem

1907 2196 2158 2261 Romani,
2185 2195 2457 2250 nesciente
2482 2213 2638 2265 papa,
2669 2194 2995 2249 lleinrirose
3018 2196 3307 2249 ellecturos
3328 2196 3483 2263 jura-

1906 2297 2116 2352 veraut,
2142 2297 2201 2340 ιιι
2231 2298 2323 2341 aut
2354 2287 2651 2357 Gregorius
2682 2303 2814 2355 papa
2848 2303 2972 2338 eum
2998 2286 3364 2348 ineot'ouaret,
3394 2298 3488 2339 aut

1906 2378 2047 2431 alius
2082 2394 2243 2447 quem
2277 2378 2378 2447 ipsi
2422 2379 2514 2429 illo
2537 2380 2766 2446 expulso
2812 2380 3091 2447 eligerent.
3131 2379 3284 2443 Quod
3329 2378 3484 2446 juta-

1906 2478 2147 2522 utentum
2173 2469 2298 2523 licet
2320 2470 2371 2522 in
2407 2469 2675 2538 pra-terim
2705 2478 2890 2522 testate
2915 2469 2985 2522 fat
3005 2478 3118 2522 tum
3162 2468 3345 2533 fuerit,
3370 2486 3487 2523 «.m-

1907 2577 2003 2614 nes
2033 2570 2212 2615 tamen
2240 2561 2461 2614 intimos
2501 2577 2650 2629 papm
2700 2578 2873 2629 usque
2902 2562 2967 2613 ad
3024 2562 3316 2613 terminum
3352 2577 3487 2629 pene

1908 2652 2082 2706 latuit.
2115 2652 2449 2706 Ailveuiente
2471 2653 2635 2722 igitur
2659 2653 2911 2716 termino,
2943 2651 3176 2705 Romani
3226 2668 3377 2721 papae
3420 2652 3487 2705 de

1902 2744 2217 2812 juramento
2259 2742 2768 2808 manifestaverunt,
2798 2744 3064 2807 dicentes,
3115 2759 3174 2797 se
3231 2742 3487 2796 lleinrico

1902 2834 2139 2903 jurasse,
2160 2849 2267 2887 non
2298 2841 2356 2886 ut
2387 2849 2521 2903 papa
2547 2833 2697 2887 illum
2726 2834 3061 2887 sollemniter
3084 2834 3247 2903 regali
3281 2833 3488 2887 unctio-

1908 2942 1976 2979 ne
1998 2924 2363 2992 incorouaret,
2394 2926 2487 2979 sed
2525 2933 2736 2979 tantum
2781 2926 3120 2995 simpliciter,
3149 2935 3207 2978 ut
3239 2926 3287 2977 ei
3335 2940 3488 2977 coro.

1909 3032 2037 3071 nam
2058 3016 2230 3071 daret.
2258 3016 2463 3071 Annuit
2487 3018 2651 3088 igitur
2676 3034 2811 3088 papa
2834 3034 3024 3072 eorum
3055 3020 3216 3083 votis,
3247 3027 3305 3071 ut
3333 3034 3428 3072 eos
3455 3035 3487 3072 a

1905 3108 2221 3178 juramento
2242 3108 2571 3189 absolveret,
2598 3110 2847 3164 videlicet
2873 3120 2931 3163 ut
2960 3109 3213 3175 Henrico,
3238 3110 3282 3161 si
3307 3110 3485 3172 vellet.

1835 3206 2034 3297 C‘cum
2056 3200 2297 3269 justicia,
2320 3200 2413 3255 .sin
2437 3210 2641 3266 autem,
2666 3217 2790 3255 cum
2816 3201 3193 3255 maledictione
3228 3218 3486 3255 coronam

1910 3293 2082 3347 daret.
2117 3290 2273 3347 Unde
2300 3290 2532 3346 Romani
2584 3294 2980 3349 mandaverunt
3016 3292 3289 3359 lleinrico,
3317 3303 3374 3347 ut
3404 3311 3490 3348 ve-

1910 3386 2054 3439 niret
2086 3386 2150 3439 ad
2178 3385 2551 3454 accipiendam
2587 3401 2848 3440 coronam
2879 3402 3004 3440 cum
3023 3385 3267 3455 justicia,
3296 3386 3343 3439 si
3375 3385 3485 3437 vel-

1909 3477 2010 3541 let;
2036 3478 2119 3532 sin
2144 3486 2347 3543 autem,
2379 3478 2445 3531 de
2478 3478 2701 3532 castello
2729 3478 2902 3531 sancti
2937 3476 3122 3545 Augcli
3156 3491 3251 3545 per
3278 3476 3484 3545 virgam

1908 3565 2012 3621 sibi
2037 3566 2318 3621 dimissam
2345 3583 2377 3621 a
2399 3583 2535 3637 papa
2562 3568 2840 3636 reciperet.
2870 3566 2972 3621 Sed
2991 3565 3245 3622 lleinrico
3275 3575 3486 3621 utrum-

1908 3671 2015 3726 que
2048 3665 2355 3722 recusante,
2381 3656 2548 3712 alium
2597 3650 2832 3728 legatum
2864 3657 2938 3709 illi
2975 3657 3241 3722 direxere,
3269 3656 3361 3726 qui
3390 3673 3491 3712 eos

1907 3750 2048 3803 bello
2074 3747 2410 3812 defenderet.
2436 3748 2482 3802 si
2511 3764 2732 3803 necesse
2759 3758 2903 3802 esset
2938 3765 2948 3799 :
2978 3764 3036 3803 sc
3067 3749 3203 3803 bene
3227 3748 3491 3802 attendis-

1908 3857 1967 3897 se
1990 3841 2136 3911 quod
2164 3841 2233 3871 ³⁵⁵
2251 3841 2575 3910 juraverint,
2605 3856 2704 3894 nec
2730 3857 2787 3895 sc
2818 3840 3053 3909 amplius
3082 3839 3490 3907 eojuramento

1906 3931 2137 3987 detineri
2168 3932 2455 3986 obnoxios.
2482 3930 2649 4001 Igitur
2694 3932 2893 3985 domno
2918 3945 3070 3999 papa:
3103 3930 3172 3961 ”‘
3196 3931 3369 3984 multo
3393 3931 3485 3985 lir-

1908 4024 2053 4077 mius
2079 4038 2244 4091 quam
2274 4022 2481 4090 pridem
2512 4021 2742 4075 consilio
2773 4020 2842 4051 "‘
2866 4030 2921 4073 et
2954 4020 3156 4074 auxilio
3183 4021 3483 4077 adhaesere.

1908 4112 2196 4167 lleinricus
2222 4121 2403 4167 autem
2433 4112 2603 4165 multo
2636 4112 2931 4167 instantius
2966 4127 3064 4181 pro
3090 4113 3170 4166 eis
3195 4130 3309 4168 sua:
3340 4114 3483 4184 parti

1908 4204 2263 4274 applicandis,
2298 4221 2441 4259 nunc
2474 4204 2751 4271 minando,
2780 4221 2923 4259 nunc
2944 4206 3306 4273 promittendo
3332 4206 3487 4260 labo-

1910 4298 2071 4364 ravit,
2118 4298 2460 4368 multumque
2502 4302 2746 4366 tempus
2820 4299 2964 4350 circa
3014 4295 3243 4348 Romam
3295 4309 3483 4349 mora-

1910 4398 1998 4445 tus
2032 4389 2161 4445 huic
2202 4390 2427 4460 negOcio
2492 4387 2808 4457 invi’gilavit.
2848 4380 2943 4440 llis
3000 4386 3337 4455 temporibus
3384 4387 3485 4456 pia-

1908 4480 2185 4536 mernoriaa
2251 4478 2559 4547 Stephanus
2625 4477 2899 4547 quondam
2956 4492 3051 4531 rex
3120 4476 3485 4548 Ungarorum,

230 4568 310 4625 ire
342 4570 675 4636 debuerunt;
710 4576 792 4623 set
822 4584 851 4623 a
903 4566 1155 4647 lleinrico
1194 4568 1251 4622 in
1291 4569 1375 4622 via
1416 4570 1560 4639 apud
1597 4571 1797 4624 Forum
1832 4575 1876 4628 ι)
1900 4570 1993 4639 qui
2018 4585 2077 4624 se
2113 4570 2290 4640 ipsum
2325 4585 2451 4623 cum
2496 4585 2593 4624 sua
2629 4578 2785 4640 gente
2821 4569 2887 4624 ad
2926 4569 3086 4624 ﬁdem
3124 4569 3331 4625 Christi
3355 4586 3488 4625 con.

190 4708 191 4711 η
224 4661 401 4717 Cassii
434 4663 617 4733 (1521)
638 4662 780 4731 capti
806 4670 858 4715 et
880 4660 1099 4731 praedati
1126 4669 1254 4715 sunt
1280 4661 1423 4715 circa
1455 4659 1805 4717 festivitatem

225 4754 405 4810 sancti
428 4753 647 4809 Martini
677 4755 766 4817 “’,
798 4754 920 4808 licet
957 4752 1210 4808 omnibus
1236 4752 1489 4808 sinodum
1535 4753 1682 4807 illam
1704 4769 1791 4824 pc-

1904 4660 2086 4725 vertit,
2110 4670 2232 4730 post
2257 4652 2739 4730 quadragesnnum
2762 4661 2945 4715 ob’itus
2967 4662 3052 4716 sui
3072 4674 3277 4713 annum
3299 4661 3497 4729 (15211
3532 4708 3537 4714 .

1905 4752 2185 4808 miraculis
2206 4753 2421 4809 claruit.
2442 4752 2700 4837 Salomon
2724 4766 2817 4805 rex
2842 4749 3206 4820 Ungarorum,
3230 4760 3313 4805 set
3339 4751 3484 4821 regia

1498 4939 1724 4995 VARI/ﬁ
1764 4939 2165 4998 LECTIONES.

300 5058 367 5090 ’τ’
389 5058 508 5111 hinc
533 5056 712 5109 littera
731 5055 914 5123 paullo
943 5058 1133 5119 minor,
1163 5057 1252 5109 sed
1283 5072 1403 5109 mox
1438 5064 1627 5108 iterum
1659 5056 1846 5107 crescit
1872 5054 1920 5105 l.
1952 5120 1970 5123 Α
1992 5050 2061 5083 ³⁸⁹
2086 5040 2427 5123 pugnaturus
2530 5060 2535 5063 ‘
2582 5047 2872 5123 “deicque
2900 5078 2966 5123 -_—
2996 5049 3481 5123 anathematizatos

231 5130 407 5183 litterz
450 5126 641 5181 minori
685 5126 741 5177 in
784 5126 1020 5193 margine
1056 5127 1242 5180 addita
1291 5128 1341 5180 l.

1444 5127 1513 5157 ’δ’
1552 5124 1903 5181 aritinensem
1944 5120 1998 5173 2.
2045 5120 2432 5173 ariniinensem
2463 5120 2516 5173 3.

2615 5119 2683 5151 ³⁸³
2704 5121 2797 5189 qui
2827 5148 2897 5157 —-
2922 5118 3034 5185 jam
3071 5121 3251 5174 littera
3288 5123 3481 5173 minori

229 5198 450 5271 addita;
478 5194 816 5271 fearia‘loco
856 5188 1066 5271 ra'soh‘l.
1144 5196 1212 5271 ’τι
1241 5196 1504 5271 conducti
1534 5195 1588 5247 2.
1666 5188 1734 5227 ³³⁸
1761 5189 1980 5271 triennii
2018 5188 2070 5257 2.
2148 5189 2217 5271 ':‘
2240 5188 2731 5271 gozcezheirnﬁﬁ.’
2788 5189 2854 5220 ³⁸⁷
2883 5199 3043 5271 supra
3090 5192 3284 5244 lineam
3324 5192 3481 5271 addi-

228 5276 342 5317 tum
375 5258 442 5320 LV
478 5258 565 5299 ’²⁴⁸
590 5268 640 5319 in
672 5264 785 5318 loco
827 5279 947 5317 raso
974 5262 1081 5319 litt.
1109 5266 1218 5317 min
1257 5265 1308 5317 4.
1384 5264 1451 5296 ⁸⁸⁸
1484 5266 1621 5316 hunc
1650 5270 1761 5331 tres
1794 5262 1947 5314 linea:
1970 5276 2132 5329 usque
2158 5258 2284 5315 fecit
2316 5260 2551 5314 cruciari
2592 5262 2646 5313 in
2677 5261 2790 5314 loco
2813 5276 2956 5325 raso,
2980 5270 3031 5313 et
3056 5277 3173 5331 qua!
3194 5270 3482 5331 sequantur

225 5333 339 5387 alio
364 5343 654 5389 atramqu
684 5337 879 5403 scripta
910 5342 1030 5385 sunt
1070 5334 1118 5385 l.
1156 5374 1160 5378 .
1196 5334 1265 5365 ⁸⁸⁸
1294 5334 1532 5403 religiosi
1549 5331 1622 5403 ﬂ.
1700 5329 1767 5360 ⁸⁹¹
1799 5332 2117 5403 anshelmus
2157 5331 2210 5385 Ξ.
2288 5332 2356 5363 ³⁹⁸
2396 5332 2784 5403 reginaldusifz.
2831 5332 2912 5403 ita,
2938 5341 2999 5403 et
3022 5329 3201 5403 _iig{_ra_.

510 5406 577 5436 ω
604 5413 654 5472 α
705 5407 755 5460 ι,
786 5401 871 5476 ειά
901 5406 953 5458 2,
991 5403 1119 5473 quid
1153 5404 1203 5457 5.
1282 5403 1350 5434 ⁸⁸⁸
1382 5401 1515 5472 papa
1542 5402 1597 5455 2.
1628 5401 1932 5469 apostolico
1960 5402 2013 5455 '5.
2040 5402 2125 5456 ιι».

227 5404 348 5457 nire
379 5403 433 5456 2.

228 5482 374 5527 (tum
396 5481 492 5526 281.

3281 5329 3350 5360 ιη
3383 5346 3413 5360 ιν

2204 5374 2210 5384 ,
2288 5345 2356 5363 "'
2396 5345 2705 5403 regmaluus
2730 5345 2784 5386 τι.
2831 5345 2908 5384 ita
2938 5345 2987 5384 et
3039 5345 3201 5399 intra.
3281 5345 3350 5360 συ·
3383 5345 3479 5382 vc-

2204 5403 2271 5435 ³⁹⁶
2305 5420 2462 5457 manu
2490 5419 2612 5458 δατ.
2643 5402 2691 5457 Χ
2712 5402 2804 5456 γι.
2837 5402 2913 5456 vel
2953 5401 2999 5454 Χ
3020 5401 3090 5455 γι
3099 5401 3126 5455 Ι
3134 5443 3146 5454 .
3173 5399 3281 5471 filio
3309 5415 3479 5452 corrc-

1720 5537 1948 5596 ΝΟΤᾸΕ.

298 5670 487 5742 (1520i
518 5672 598 5727 Ad
634 5646 868 5727 Tiberim
894 5690 1059 5795 »Ὧδε
1082 5675 1360 5731 castellum
1396 5672 1451 5728 s.
1490 5674 1697 5745 Angeli.

299 5743 483 5795 (1321)
524 5741 693 5795 Hodie
728 5742 926 5795 Sancta
1013 5746 1126 5795 aria
1149 5746 1207 5795 di‘
1233 5744 1511 5795 .Foreassi.
1540 5760 1570 5795 a
1593 5780 1602 5789 .
1626 5761 1697 5795 me

299 5741 693 5823 (l_§?l)_l_l_odie
728 5741 926 5823 Sancta
960 5741 1126 5823 hlaria
1149 5746 1207 5801 di‘
1233 5744 1511 5811 .Forcassi,
1540 5741 1602 5799 εἴ
1626 5745 1790 5801 meri-

227 5809 315 5871 die
343 5809 569 5868 Viterbii
600 5827 766 5883 prope
805 5809 1118 5866 Vetrallam.
1178 5842 1181 5845 λ

1973 5676 2157 5813 9322)
2195 5674 2280 5758 Cf.
2315 5673 2490 5754 Mansi
2517 5672 2637 5732 XX.
2669 5672 2793 5729 587.
3122 5740 3135 5752 .

2002 5744 2314 5813 1325,83“
2342 5743 2551 5799 obitum
2593 5759 2739 5799 anno
2772 5741 2907 5797 1038
2949 5757 3135 5812 reponi

1902 5739 2314 5870 ηυὲιδῖξζεευε
2342 5743 2551 5799 obitum
2593 5759 2739 5799 anno
2772 5741 2907 5797 1038
2949 5740 3165 5812 reponit
3214 5739 3479 5800 Herman-
