3970 6370
533 423 668 480 1587

1489 418 1580 474 AD
1612 416 1839 475 OPERA
1873 416 1933 472 S.
1970 415 2295 473 GREGORII
2333 413 2775 470 APPENDICES.

3621 415 3762 471 1588

469 611 476 618 ρ
530 546 582 590 et
608 543 730 604 post
752 533 1050 589 discessum
1075 497 1395 596 Suevorum,
1422 529 1619 587 timens
1635 531 1860 587 insidias
1876 545 2086 595 eorum,
2117 531 2164 586 Α
2188 503 2438 594 secrevit,
2476 543 2638 599 quem
2664 529 2728 561 “'
2754 527 2944 598 pridie,
2975 527 3030 582 id
3055 535 3139 583 est
3174 527 3232 582 in
3264 526 3557 584 festivitate
3580 529 3764 583 sancti

533 641 700 679 unum
730 639 865 694 pene
889 623 1032 678 diem
1060 623 1229 690 ripam
1257 622 1559 692 relinquere
1583 622 1876 692 pertimuit.

602 714 840 769 Tandem
891 712 1175 766 Heinricus
1217 711 1565 780 Ratisponam
1611 713 1921 776 revertitur,
1970 711 2094 765 inde

532 809 669 860 ultra
702 805 911 860 Renum
939 803 1263 873 Mogontiam
1300 801 1677 871 proﬁciscitur,
1711 801 2095 858 nichilominus

531 905 583 949 et
613 895 774 950 Suevi
799 895 938 948 ultra
960 893 1170 946 Renum
1194 891 1558 961 Burgundiam
1598 907 1721 946 cum
1760 891 2096 961 expeditione

532 985 967 1054 proficiscuntur,
989 991 1042 1035 et
1069 981 1339 1051 quoddam
1363 981 1640 1034 castellum
1664 980 1895 1034 Bertaldi
1919 979 2093 1045 ducis,

534 1075 627 1129 filii
663 1075 804 1143 regis
829 1071 1093 1136 Roudolfi,
1124 1087 1154 1124 a
1184 1069 1485 1125 fautoribus
1515 1069 1751 1125 Heinrici
1789 1071 2096 1134 obsessum,

532 1165 760 1219 viriliter
800 1163 1131 1231 eripuerunt.
1192 1158 1325 1213 Nam
1368 1160 1691 1229 quibusdam
1743 1159 2099 1228 rapidissimis

532 1256 847 1309 fluminibus
869 1252 1244 1317 transvadatis,
1267 1252 1350 1305 vel
1370 1251 1552 1320 potius
1573 1250 1944 1315 transnatatis,
1967 1250 2100 1304 adeo

534 1346 848 1400 obsessores
868 1343 1089 1407 castelli,
1102 1343 1225 1396 licet
1244 1343 1420 1396 adhuc
1433 1341 1590 1411 longe
1607 1341 1786 1409 positi,
1799 1349 2102 1410 perterrue-

535 1443 680 1499 runt,
710 1442 770 1488 ut
795 1419 1407 1502 relictis‘papilionibus,
1430 1430 1585 1500 equis
1610 1439 1664 1486 et
1683 1430 1887 1496 loricis,
1910 1431 1979 1485 ab
2007 1431 2102 1484 ob-

536 1525 746 1578 sidione
777 1523 978 1592 passim
1009 1523 1349 1592 diﬂ'ugerent,
1381 1536 1482 1575 nec
1518 1521 1769 1590 deinceps
1806 1521 1862 1574 in
1891 1521 1979 1574 illa
2005 1535 2102 1574 ex—

533 1615 805 1683 politione
833 1599 1046 1676 Suevis,
1078 1621 1278 1666 terram
1310 1627 1498 1666 eorum
1536 1610 1703 1677 ferro,
1734 1611 1912 1680 praeda
1946 1619 2001 1664 et
2024 1611 2106 1664 in-

535 1704 727 1769 cendio
769 1703 1126 1766 vastantibus,
1169 1702 1421 1757 resistere
1464 1710 1870 1771 praesumerent.
1910 1701 2106 1771 Erepto

2189 616 2428 683 Thoma,
2460 633 2583 672 cum
2621 619 2741 672 aliis
2773 617 2984 674 clericis
3006 618 3363 688 presbiterum
3405 617 3568 685 fecit;
3617 617 3770 673 inter

2189 723 2327 777 quos
2347 716 2401 762 et
2422 707 2614 762 horum
2635 709 2982 763 cronicorum
3008 707 3327 778 scriptorem
3357 708 3412 762 in
3433 699 3628 766 eadem
3653 708 3774 763 sol-

2190 797 2465 852 lemnitate
2510 797 2577 852 ad
2622 798 3001 867 presbiterium
3043 799 3113 830 m
3153 799 3437 868 promovit,
3493 798 3658 870 eique
3698 799 3774 833 ⁸⁸³

2192 894 2510 956 potestatem
2538 887 2606 941 ad
2633 887 3007 957 suscipiendos
3027 889 3329 959 penitentes
3369 902 3435 942 ex
3469 887 3779 958 apostolica

2195 980 2516 1037 auctoritate
2550 983 2818 1038 concessit
2857 982 3062 1053 (1339).

2822 1071 3134 1126 MLXXXV.

2267 1159 2642 1240 Heremannu's
2677 1176 2772 1216 rex
2813 1163 3048 1217 natalem
3082 1161 3297 1216 Domini
3340 1161 3586 1218 Goslarie
3627 1161 3783 1216 cele-

2196 1251 2392 1317 bravit,
2423 1252 2492 1306 ad
2516 1251 2587 1284 δ⁸⁵
2611 1267 2774 1321 quem
2795 1253 2864 1285 ⁸⁸⁸
2891 1254 3148 1323 praefatus
3169 1252 3240 1284 ἠδ
3261 1249 3528 1308 Ostiensis
3554 1251 3625 1283 ⁸⁸⁸
3651 1251 3783 1310 eni-

2199 1357 2399 1411 scopus
2425 1340 2492 1372 m
2522 1349 2644 1410 post
2669 1342 2738 1373 ⁵¹⁸
2756 1343 3099 1412 epiphaniam
3128 1343 3198 1376 ⁸¹δ
3222 1342 3466 1412 pervenit
3501 1342 3555 1396 in
3591 1340 3782 1395 Saxo-

2201 1431 2369 1495 niam,
2411 1438 2466 1484 et
2505 1429 2776 1499 colloquio
2816 1429 2996 1501 (1340)
3044 1429 3288 1503 interfuit
3332 1429 3477 1500 quod
3525 1428 3785 1483 Saxones

2151 1546 2154 1548 η
2203 1527 2392 1574 contra
2419 1518 2490 1552 ⁴¹⁵
2517 1517 2756 1573 Heinrici
2775 1519 2846 1551 ηδ
2871 1518 3113 1574 fautores
3138 1519 3208 1550 ⁸³⁸
3235 1519 3593 1574 condixerunt
3617 1515 3779 1587 (Jan.

2203 1609 2316 1678 21),
2344 1617 2404 1662 ut
2424 1609 2529 1663 hoc
2550 1609 2654 1663 illis
2676 1609 2986 1679 probarent,
3021 1625 3080 1664 se
3105 1609 3228 1679 jure
3264 1607 3574 1668 Heinricum
3615 1607 3784 1661 devi-

2205 1709 2320 1754 tarc
2345 1707 2406 1752 ut
2424 1699 2973 1753 excommunicatum.
3023 1698 3179 1765 Quod
3208 1706 3263 1754 et
3302 1697 3444 1752 facto
3474 1697 3782 1767 colloquio,

535 1793 696 1863 igitur
746 1793 987 1854 castello,
1018 1791 1380 1860 eongruisque
1407 1789 1679 1843 alimentis
1713 1788 1782 1820 δι’
1819 1789 1870 1843 in
1903 1805 2105 1843 annum
2140 1849 2180 1863 η
2207 1789 2416 1843 decima
2454 1788 2641 1858 quinta
2670 1789 2757 1843 die
2782 1798 2906 1858 post
2929 1789 3272 1858 epiphaniam
3311 1788 3620 1843 ﬁrmissime
3640 1801 3784 1857 pro-

533 1849 856 1950 pvrtemuuito
881 1921 896 1944 ,
948 1849 1344 1946 destrttuctisqde
1390 1877 1713 1946 quibusdam
1761 1877 2104 1932 inimicorum
2140 1849 2181 1901 Β
2207 1849 2489 1944 baverunt,
2511 1893 2574 1932 ea
2602 1849 2849 1934 videlicet
2871 1849 3101 1944 ratione,
3131 1879 3260 1947 quia
3286 1876 3566 1932 Romanus
3589 1849 3786 1947 ponti-
3827 1872 3832 1875 ⁷

535 1967 949 2032 munitionibus,
982 1966 1143 2021 Suevi
1172 1981 1295 2019 cum
1321 1980 1451 2034 pace
1480 1966 1534 2018 in
1557 1981 1654 2019 sua
1683 1966 1888 2021 rediere
1913 1965 2102 2037 (Oct.).

534 2056 756 2112 Interim
792 2056 1078 2110 lleinricus
1111 2064 1434 2126 congregata
1471 2055 1814 2110 multitudine
1839 2057 2108 2112 scismati-

536 2163 744 2213 corum,
792 2147 1148 2210 Wecilonem,
1198 2147 1453 2200 clericum
1504 2145 1954 2202 Halverstatensis
1997 2147 2109 2216 epi-

537 2239 686 2308 sc0pi
727 2238 1034 2308 fugitivum,
1067 2237 1420 2307 Mogontiensi
1450 2225 1758 2307 episcopatu
1790 2245 2107 2293 remunera-

537 2329 632 2394 vit,
657 2343 721 2382 eo
757 2328 902 2397 quod
934 2328 1008 2388 illi
1049 2328 1101 2380 in
1131 2328 1276 2380 omni
1302 2328 1595 2396 pertinacia
1629 2336 1818 2383 contra
1857 2327 2024 2383 Deum
2056 2337 2110 2384 et

538 2426 783 2471 sanetum
827 2416 1042 2470 Petrum
1073 2415 1374 2470 indefessus
1417 2425 1736 2486 cooperator
1770 2415 1976 2484 adfuit;
2015 2415 2110 2488 qui

538 2507 653 2576 ipse
671 2508 782 2575 jam
810 2507 1014 2561 dudum
1041 2506 1528 2560 anathematizatus
1553 2506 1756 2575 (1336),
1793 2515 1849 2560 et
1881 2508 1950 2561 ab
1980 2523 2111 2562 ana-

540 2597 905 2650 thematizatis
933 2597 1156 2660 electus,
1188 2595 1574 2650 nichilominus
1603 2595 1766 2649 etiam
1791 2596 1860 2650 ab
1882 2597 2110 2650 anathe-

542 2686 811 2738 matizatis
839 2686 993 2755 juxta
1015 2684 1286 2754 Pelagium
1315 2699 1505 2754 papam
1530 2698 1636 2737 non
1658 2693 2006 2739 consecratus
2030 2693 2113 2748 set

538 2785 822 2831 execratus
849 2785 950 2830 est.
1005 2774 1139 2829 Nam
1178 2775 1333 2844 juxta
1361 2774 1702 2830 beatissimos
1737 2783 1918 2844 patres
1945 2774 2110 2829 Inno-

542 2867 802 2929 centium,
829 2864 1062 2919 Leonem
1097 2873 1257 2935 atque
1277 2863 1616 2933 Gregorium,
1641 2863 1808 2917 nichil
1828 2865 1934 2918 nisi
1953 2865 2109 2918 dam-

543 2955 820 3008 nationem
850 2963 903 3006 et
924 2955 1356 3007 maledictionem
1378 2969 1409 3006 a
1432 2953 1701 3006 damnatis
1741 2953 1986 3021 accipere
2010 2967 2110 3020 po-

543 3043 666 3099 tuit.
718 3042 1170 3097 Domnusvautem
1207 3057 1364 3112 papa,
1393 3042 1616 3096 collecta
1662 3041 1852 3095 sinodo
1880 3041 2109 3106 Salerni,

543 3134 738 3187 iterum
780 3133 1103 3187 sententiam
1143 3131 1498 3186 anathematis
1544 3132 1595 3184 in
1639 3131 1918 3186 Gibertum
1954 3131 2111 3186 here-
2138 3156 2180 3211 ο

544 3224 814 3288 siarchen,
840 3232 894 3278 et
927 3222 1260 3287 lleinricum,
1281 3221 1409 3276 etin
1440 3237 1628 3276 onmes
1654 3238 1842 3276 eorum
1871 3221 2108 3278 fautores

543 3312 905 3383 promulgavit
953 3311 1165 3381 (1337);
1221 3313 1366 3382 quod
1407 3321 1461 3366 et
1499 3312 1554 3365 in
1602 3310 1890 3366 festivitate
1938 3313 2110 3367 sancti

543 3402 806 3456 Johannis
835 3402 1078 3471 baptistaa
1098 3402 1364 3470 praeterita
1385 3402 1498 3472 jam
1523 3402 1725 3456 dudum
1750 3401 1935 3456 Romae
1964 3402 2109 3468 fecit,

547 3475 669 3545 cum
700 3488 982 3544 Heinricus
1017 3489 1195 3543 adhuc
1225 3489 1298 3542 ibi
1338 3497 1660 3543 moraretur.
1712 3483 1861 3544 Hanc
1896 3498 2113 3544 senten-

547 3579 680 3630 tiam
707 3577 867 3645 legati
899 3577 1042 3630 sedis
1076 3576 1406 3646 apostolicae,
1434 3577 1680 3631 videlicet
1711 3576 1780 3608 “°
1804 3576 1996 3633 Petrus
2017 3579 2112 3630 Al-

547 3663 804 3717 banensis
824 3663 1110 3731 episc0pus
1149 3663 1204 3716 in
1233 3662 1480 3726 Francia,
1508 3661 1660 3716 Oddo
1692 3661 1957 3717 Ostiensis
1999 3665 2115 3732 epi-

549 3767 747 3821 SOOpUS
770 3751 824 3803 in
849 3760 990 3804 terra
1019 3749 1437 3810 Teutonicorum
1463 3766 1849 3820 usquequaque
1878 3752 2120 3821 divulga-

527 3849 694 3894 ‘runt.
753 3838 1034 3893 Ostiensis
1063 3838 1246 3903 etiam,
1285 3853 1408 3892 cum
1442 3837 1769 3892 Alcmanuize
1795 3849 2117 3905 moraretur,

551 3939 751 3986 sancta:
772 3927 1179 3983 Constantiensi
1203 3927 1444 3991 aeole-sire,
1479 3926 1591 3995 jam
1617 3927 1822 3981 dudum
1866 3929 2115 3993 viduatae,

552 4020 876 4076 catholicum
904 4025 1177 4087 pastorem
1197 4017 1463 4072 ordinavit
1491 4017 1692 4087 (1558),
1716 4019 1922 4074 scilicet
1941 4017 2115 4072 Gebe-

553 4110 782 4164 hardum
812 4107 1082 4162 Berthaldi
1111 4107 1266 4160 ducis
1291 4107 1478 4170 hlium,
1507 4107 1740 4161 nobilem
1779 4109 1995 4176 quidem
2024 4123 2116 4178 ge-

554 4214 701 4274 nere,
746 4206 827 4252 set
866 4197 1184 4250 nobiliorem
1234 4195 1286 4248 in
1328 4196 1642 4250 monachica
1685 4198 2117 4251 conversatione.

559 4285 711 4342 Hunc
738 4303 868 4342 sane
896 4287 1147 4352 invitum,
1173 4286 1339 4340 immo
1375 4286 1602 4340 multum
1627 4277 1919 4354 ejulantem
1943 4301 2006 4340 ac
2030 4301 2120 4339 re-

560 4376 899 4440 clamantem,
925 4376 1430 4430 Gonstantiensibus
1457 4375 1668 4430 clericis
1693 4384 1746 4430 et
1769 4376 1922 4431 laicis
1940 4386 2122 4446 peten-

560 4466 706 4522 tibus
730 4472 783 4518 et
806 4465 1147 4518 laudantibus
1165 4467 1478 4543 episcopum
1500 4466 1558 4524 11
1588 4465 1703 4521 Kal.
1729 4453 1971 4521 Januarii
1992 4481 2123 4521 con-

2209 1969 2296 2022 fex
2322 1968 2474 2021 illum
2494 1967 2573 2022 eis
2603 1983 2634 2021 a
2660 1983 2719 2022 se
2748 1969 2803 2022 in
2837 1967 3081 2022 Romana
3109 1967 3302 2023 sinodo
3346 1967 3786 2022 anathematiza-

2209 2065 2323 2112 tum
2357 2059 2528 2113 literis
2565 2059 2745 2130 (1341)
2785 2059 3208 2114 denunciaverit.
3252 2049 3563 2128 Adversarii
3592 2066 3790 2113 autem

2208 2149 2288 2203 eis
2315 2149 2651 2218 objecerunt,
2679 2149 2828 2220 quod
2868 2165 3006 2220 papa
3048 2165 3174 2205 eum
3219 2149 3521 2220 nequiverit
3557 2164 3790 2204 excom-

2210 2237 2506 2304 munieare,
2542 2253 2608 2292 eo
2633 2239 2780 2307 quod
2807 2240 3109 2308 expoliatus
3145 2255 3256 2294 non
3296 2241 3532 2312 potuerit
3569 2240 3788 2304 vocari,

2204 2326 2458 2395 iudicari,
2501 2326 2614 2382 sive
2638 2327 2887 2382 damnari
2922 2328 3124 2398 (1542).
3171 2328 3254 2383 Ad
3281 2329 3397 2383 haec
3425 2327 3667 2383 Saxones
3705 2342 3796 2382 re-

2210 2414 2565 2483 sponderunt,
2604 2430 2665 2470 se
2703 2415 2970 2484 judicium
3009 2415 3156 2470 sedis
3182 2415 3492 2484 apostolica:
3530 2429 3639 2470 non
3684 2415 3792 2470 de-

2208 2503 2337 2557 bere
2362 2503 2663 2558 detractare
2693 2504 2898 2574 (1343),
2929 2520 3029 2560 nec
3059 2520 3254 2576 posse;
3284 2506 3390 2560 hoc
3411 2521 3535 2560 cum
3560 2505 3648 2560 illo
3679 2521 3792 2576 po-

2210 2592 2326 2656 tius,
2369 2593 2733 2659 tractandum,
2775 2595 2869 2663 qui
2918 2594 3070 2649 illum
3116 2595 3471 2662 damnaverit,
3519 2610 3628 2650 non
3653 2611 3791 2650 cum

2214 2683 2539 2750 Saxonibus,
2583 2685 2678 2754 qui
2712 2685 3048 2741 damnationi
3095 2687 3213 2756 ejus
3263 2703 3370 2742 non
3417 2687 3791 2758 interfuerint,

2211 2773 2304 2842 qui
2344 2774 2488 2828 sedis
2515 2775 2824 2843 apostolicae
2844 2775 3051 2844 judicio
3081 2776 3282 2830 nullam
3321 2778 3791 2842 retractationem.

2212 2871 2295 2916 set
2327 2864 2690 2919 obedientiam
2737 2866 3038 2920 debuerint.
3084 2866 3162 2921 Ita
3197 2867 3360 2937 igitur
3387 2868 3567 2922 soluto
3612 2867 3791 2922 col‘o-

2213 2951 2342 3019 quio
2373 2952 2674 3007 discessum
2699 2962 2783 3007 est
2811 2955 2879 3008 ab
2907 2954 3154 3010 invicem.
3204 2955 3282 3017 Eo
3327 2965 3570 3026 tempore
3615 2957 3792 3012 Hildi-

2214 3039 2598 3106 nisheimensis
2620 3042 2910 3112 episcopus
2939 3043 3120 3114 (1344)
3149 3060 3272 3099 cum
3314 3047 3430 3100 suis
3459 3047 3794 3116 sequacibus

2214 3131 2407 3183 manus
2439 3128 2719 3184 Saxonum
2759 3132 2851 3186 vix
2885 3132 3078 3200 evasit,
3116 3149 3182 3188 eo
3221 3135 3365 3204 quod
3405 3144 3597 3192 contra
3639 3153 3794 3192 com-

2215 3235 2377 3274 mune
2403 3228 2589 3274 votum
2622 3221 2792 3277 totius
2821 3221 3069 3279 Saxonize
3117 3223 3480 3296 Heinricianis
3510 3243 3569 3282 se
3610 3227 3790 3282 admi-

2214 3310 2434 3364 scuerit.
2490 3309 2597 3365 Pro
2624 3301 3001 3373 eadem'etiam
3029 3314 3185 3384 culpa
3216 3329 3398 3370 comes
3420 3315 3796 3372 Theodericus

2215 3401 2404 3456 eodem
2433 3409 2674 3470 tempore
2701 3403 2917 3460 occisus
2953 3412 3038 3458 est
3063 3419 3095 3458 a
3126 3413 3327 3460 nostra:
3353 3407 3525 3475 partis
3557 3406 3794 3464 fautori-

2217 3491 2341 3545 bus.
2381 3490 2641 3547 Praefatus
2663 3508 2879 3562 quoque
2906 3495 3050 3549 sedis
3078 3496 3387 3564 apostolica:
3413 3497 3624 3568 legatus
3649 3514 3796 3568 pm-

2217 3581 2362 3635 dicto
2386 3582 2661 3650 episcopo,
2696 3598 2821 3637 cum
2850 3585 3015 3639 nollet
3051 3587 3384 3654 resipiscere,
3417 3587 3656 3644 cilicium
3696 3603 3798 3659 pe-

2219 3669 2366 3722 nitus
2403 3670 2695 3724 interdixit.
2741 3670 3113 3728 Heremannus
3162 3690 3256 3729 rex
3290 3676 3347 3729 in
3382 3675 3799 3749 Quitelineburg

2213 3758 2419 3825 pascha
2455 3758 2743 3812 celebravit
2783 3759 2933 3829 (Apr.
2980 3761 3106 3830 20);
3140 3762 3230 3815 ubi
3267 3763 3562 3834 ut/legatus
3607 3765 3797 3820 domui

2221 3846 2500 3914 apostolici
2531 3847 2595 3900 in.
2620 3847 2735 3916 ipsa
2773 3849 3014 3917 paschali
3055 3851 3353 3920 epdomada
3381 3855 3684 3923 generalem
3716 3855 3796 3909 si-

2221 3937 2423 3990 nodum
2457 3936 2638 4006 (1545)
2687 3953 2811 3992 cum
2845 3939 3289 4011 archiepiscOpis,
3317 3943 3587 4013 episcopis
3617 3953 3670 3998 et
3698 3945 3797 3998 ab-

2223 4027 2436 4082 batibus
2458 4028 2633 4081 sancti
2661 4027 2806 4083 Petri
2833 4028 3080 4106 fidelibus
3107 4032 3440 4087 sollemniter
3479 4035 3792 4091 celebravit.

2213 4115 2463 4172 Interfuit
2493 4125 2675 4171 autem
2703 4118 2832 4173 huic
2855 4120 3049 4174 sinodo
3078 4120 3430 4177 Gebebardus
3462 4125 3814 4180 revertentis-9

2219 4206 2391 4260 simus
2433 4204 2754 4262 Juvavensis
2790 4210 3253 4282 archiepiscopus.
3299 4210 3430 4267 Item
3468 4213 3795 4270 venerabilis

2220 4292 2521 4348 Hartwicus
2540 4288 3038 4367 Magideburgensis
3059 4301 3501 4372 archiepiscopus
3524 4319 3648 4359 cum
3675 4305 3794 4360 suis

2223 4381 2596 4452 sull‘raganeis.
2648 4381 2779 4438 Item
2825 4385 3150 4456 suffraganei
3179 4387 3503 4458 Mogontinte
3542 4393 3687 4454 sedis
3726 4393 3796 4448 de

2225 4469 2482 4525 Saxonia.
2523 4470 2659 4527 Nam
2700 4472 3167 4553 Wirceburgensis
3208 4478 3495 4547 episcopus
3531 4480 3714 4550 (1546)
3740 4490 3796 4536 et

1819 4576 2051 4648 vanus
2090 4580 2486 4638 LECTIONES.

628 4671 698 4703 δί’
737 4665 1004 4738 praesidiis
1056 4664 1684 4738 εειτριιιναίοάίςκηι
1727 4669 2112 4738 auctoritatem.

562 4733 754 4794 additd
770 4746 889 4790 sunt
936 4737 986 4790 1.
1029 4735 1215 4789 desunt
1257 4733 1311 4788 2.
1415 4734 1484 4766 ⁸⁸⁸
1513 4734 1580 4788 ad

504 4848 506 4850 τ
565 4809 651 4860 4b.
728 4807 794 4838 ⁸⁸⁸
814 4807 870 4858 in
897 4805 1012 4858 loco
1037 4819 1157 4858 raso
1197 4803 1377 4858 littera
1407 4803 1601 4857 minari
1630 4803 1677 4855 1.

2225 4673 2294 4749 ξεο
2351 4674 2494 4749 de“!
2545 4677 2636 4731 4b.
2747 4678 2816 4749 fit
2847 4693 3008 4749 quem
3031 4707 3100 4749 έο
3123 4680 3394 4734 concessit
3417 4681 3600 4737 littera
3628 4700 3796 4749 parra

1624 4734 2051 4855 presbyteratum
2096 4740 2184 4792 4b.
2224 4741 2278 4794 in
2335 4744 2708 4814 presbyterum
2744 4747 2812 4803 5.·
2864 4734 2968 4780 ’⁵η
3001 4747 3160 4818 eique
3187 4778 3256 4787 -—
3279 4734 3550 4809 concessit

2077 4891 2306 4950 NOTE.
2322 4919 2324 4921 ν

640 4977 819 5049 (1336)
856 4976 1225 5049 Nimirum__ex
1271 4993 1337 5049 eo
1378 4986 1639 5048 tempore,
1690 4994 1800 5048 quo
1839 4981 1953 5049 jam
1998 4991 2123 5036 ante

570 5043 723 5104 suam
737 5043 1102 5119 intrusioan
1126 5043 1378 5119 Heinrico
1398 5043 1510 5119 regi
1533 5049 1634 5119 su_l_)
1654 5043 1996 5119 anathemate
2024 5066 2123 5119 po-

570 5101 675 5241 iga
719 5115 829 5236 (Illi:3
850 5101 1125 5177 serviePat,
1167 5113 1247 5167 uti
1289 5101 1549 5182 loquitur)
1583 5101 1842 5172 Urbanus
1877 5101 2124 5188 llmeprist.

641 5252 822 5331 (1337)
863 5249 1166 5331 Guibertum
1203 5248 1601 5331 haresiqrcharn
1623 5260 1672 5305 et
1696 5271 1872 5331 gmnet
1893 5255 2128 5331 [autores

569 5317 681 5404 ejus
702 5317 818 5404 post
846 5319 1157 5404 sententia'n‘t
1189 5317 1495 5404 cencrobti‘lia
1517 5317 1926 5404 puptgﬁregori'i
1961 5340 2131 5378 neces-

570 5384 713 5447 s'ario'
737 5391 1057 5461 idevitqmga.
1107 5385 1359 5461 Bernoldi
1393 5384 1598 5461 Opusc.
1625 5389 1713 5461 Vl,
1739 5384 1978 5461 7’supra.

562 5486 568 5504 .
641 5459 822 5532 (1558)
859 5454 943 5511 Cf.
975 5454 1539 5526 Bernoldiapologiam
1560 5454 2012 5526 pro_Gebehardo,
2043 5475 2134 5516 su-

576 5545 825 5667 pr?i'539)
866 5594 989 5667 agit
1021 5593 1101 5667 d_e_
1117 5593 1219 5667 hac

581 5728 770 5802 cilicio,
791 5749 845 5786 n.
874 5731 963 5787 Xl.
995 5728 1138 5789 Uss.

1245 5602 1506 5663 potestate
1552 5596 1653 5650 sibi
1697 5596 1752 5650 in
1797 5597 2137 5654 ordinatione

580 5663 833 5738 (.qpqessa
874 5663 1174 5738 gigrnoldus
1205 5663 1258 5717 in
1302 5665 1563 5732 opusculo
1589 5667 1660 5721 de
1701 5669 2138 5738 presbyterorum

2277 4983 2477 5063 usto)
2500 4985 2596 5063 se
2621 4985 2873 5063 Perestad
2891 4989 3072 5059 (hodie
3085 4957 3387 5063 Bgchstedt)
3410 4985 3791 5063 ἔμ’τιιυτίεξεί·

2229 5051 2327 5105 xtu
2352 5051 2466 5106 Kal.
2500 5053 2680 5118 Febr.,
2705 5059 2860 5125 cujus
2883 5051 3000 5114 acta
3021 5060 3228 5128 prolixe
3249 5051 3508 5114 describit
3527 5051 3794 5124 annalista

2233 5120 2378 5174 Saxo
2401 5123 2467 5176 ad
2490 5123 2544 5176 h.
2578 5139 2628 5176 a.
2659 5123 2784 5180 Uss.

2306 5190 2490 5330 (1541)
2528 5191 2733 5248 Desunt
2759 5195 2814 5248 in
2833 5197 3063 5266 registro
3083 5186 3349 5263 Gregorii.

2306 5259 2466 5330 1342
2502 5259 2870 5330 Exspatiata:
2897 5293 2967 5303 —
2993 5255 3240 5315 damnari
3263 5277 3349 5316 sul

2331 5255 2870 5332 1342)_Exspoliatus
2895 5255 2967 5303 ἷ-
2993 5255 3240 5315 ὀωπηαέἕ
3263 5271 3393 5317 sunt
3417 5263 3581 5321 verba
3620 5269 3798 5324 archi-

2236 5327 2474 5408 episcopi
2501 5327 2821 5401 Moguntini,
2862 5339 2923 5384 ut
2958 5337 3222 5385 testantur
3251 5339 3368 5386 acta
3406 5336 3625 5391 concilii
3655 5339 3799 5408 apud

2239 5411 2368 5449 ann.
2407 5411 2533 5450 38X.

2335 5433 2702 5526 i'si'if'vﬂba
2734 5463 3032 5520 Gebehardi
3069 5433 3264 5522 δείξει).
3294 5465 3426 5526 Ibid.

2332 5532 2490 5590 1344)
2529 5533 2635 5587 Uto
2659 5533 2895 5588 nomine.
2932 5532 3053 5590 Uss.

2331 5599 2490 5660 1345)
2525 5600 2610 5655 Cf.
2638 5599 2887 5656 Demold.
2913 5604 3015 5657 col.
3049 5604 3202 5660 1138.

2331 5668 2487 5738 1546)
2525 5669 2811 5735 Adalbero,
2861 5672 3196 5738 Adelbertus,
3247 5673 3624 5738 Gewoldus,et
3663 5675 3804 5733 Geb-

2238 5736 2474 5802 hardus,
2492 5739 2697 5807 synodo
2721 5751 2816 5809 per
2835 5740 3036 5812 legatos
3054 5736 3190 5798 suos
3203 5742 3516 5814 subscripti.
3550 5736 3678 5826 Uss.

2306 5463 2329 5736 Ξ

2468 5467 2490 5739 ἐ

3633 5991 3904 6272 ,Α

3909 6351 3954 6358 Ἣ
