3970 6380
189 399 333 452 I53!)

1081 397 1366 454 APPENI).
1412 400 1495 454 Ill.
1537 432 1603 439 —
1641 399 2566 456 )lONlIMEN'l‘AVGRICGORIANA.

3198 479 3201 481 ν
3287 393 3434 459 isne

179 508 636 573 Wormaciensis,
667 509 1027 578 Augustcnsis
1051 525 1270 580 quoque
1296 521 1349 566 et
1390 495 1773 568 Constantien-
1802 517 1846 571 A
1872 514 2078 583 absque
2102 513 2258 568 solita
2287 514 2746 578 reconciliatione,
2773 517 2871 570 etsi
2917 517 3028 585 jam
3060 518 3260 572 dudum
3291 521 3434 588 quod

175 600 262 654 sis
286 600 353 654 dc
380 599 718 664 Alemannia,
741 600 870 670 quia
899 600 998 669 ipsi
1025 601 1284 656 canonica
1313 603 1633 658 necessitate
1655 604 1757 657 im-

173 689 350 760 pediti
375 690 561 743 venire
587 704 694 743 non
725 698 993 758 poterant,
1029 705 1123 759 per
1157 677 1480 761 legationem
1518 706 1674 746 suam
1705 707 1764 746 se

175 789 378 834 sancto
404 779 634 838 concilio
663 789 1208 850 repraesentaverunt,
1245 795 1410 850 seque
1451 796 1546 850 per
1578 782 1761 835 omnia

172 871 430 940 ejusdem
479 871 654 926 sinodi
705 871 921 926 statutis
983 887 1304 927 assensums
1351 872 1760 926 mandaverunt.

175 962 300 1017 Rex
329 963 493 1017 etiam
522 961 896 1017 Heremannus
924 978 1048 1017 cum
1079 963 1195 1018 suis
1225 963 1562 1032 principibus
1589 963 1762 1016 eidem

174 1052 382 1106 sinodo
413 1050 674 1106 interfuit.
728 1051 864 1106 Cum
912 1053 1080 1123 igitur
1109 1068 1301 1108 omnes
1332 1053 1487 1122 juxta
1517 1054 1759 1107 ordinem

173 1157 347 1196 suum
377 1141 770 1207 consedissent;
801 1145 1008 1212 prolata
1039 1153 1165 1200 sunt
1195 1143 1520 1197 inmedium
1547 1144 1762 1198 decreta

173 1240 504 1288 sanctorum
551 1231 776 1287 Patrum
821 1235 887 1287 de
939 1233 1174 1303 primatu
1238 1233 1384 1287 sedis
1432 1235 1761 1303 apostolica,

172 1323 330 1393 quod
355 1323 489 1377 nulli
523 1339 763 1393 unquam
805 1323 960 1378 liceat
995 1323 1115 1392 ejus
1149 1323 1416 1391 judicium
1446 1332 1759 1388 retractare,

173 1415 351 1469 velde
381 1415 500 1483 ejus
520 1414 726 1482 judicio
751 1414 1024 1486 judicare;
1071 1414 1217 1483 quod
1264 1423 1337 1470 et.
1365 1412 1531 1469 totiu's
1585 1415 1763 1469 sinodi

174 1504 398 1573 publica
427 1503 779 1574 professione
812 1505 1090 1559 laudatum
1137 1511 1191 1558 et
1230 1504 1610 1559 conﬁrmatum
1657 1515 1758 1559 est.

175 1594 248 1650 Et
274 1595 380 1649 hoc
409 1595 593 1664 utique
620 1603 811 1649 contra
832 1593 1226 1659 lleinricianos,
1256 1595 1350 1663 qui
1378 1593 1560 1648 ﬁdeles
1589 1596 1762 1650 sancti

173 1681 327 1736 Petri
373 1683 745 1752 constringere
785 1684 1092 1749 voluerunt,
1143 1691 1203 1739 ut
1238 1685 1761 1739 excommunicatio-

173 1787 308 1827 ncm
363 1771 550 1825 domni
600 1787 752 1841 papa:
798 1769 1044 1847 Gregorii
1094 1786 1256 1843 super
1287 1770 1600 1826 lleinricum
1635 1788 1759 1826 cum

1862 605 2119 674 sacrilege
2145 604 2247 659 sibi
2284 605 2698 660 vendieaverant
2742 606 3204 662 rcddidissent..ln
3245 604 3430 664 cadi-nt

1861 695 2053 749 sinodo
2075 693 2404 763 prcsbiteris,
2432 695 2772 762 diaconibus,
2799 698 3220 754 subdiaconibus
3247 716 3434 770 perpe-

1863 795 1951 839 tua
1973 785 2129 854 juxta
2157 787 2370 840 decreta
2403 793 2713 840 sanctorum
2742 797 2956 856 patrum
2985 788 3184 845 indicta
3199 799 3286 844 est
3298 806 3428 845 con.

1859 876 2102 930 tincntia.
2131 875 2259 930 Item
2286 885 2546 931 statutum
2601 886 2688 932 est
2731 893 2800 933 ne
2855 879 2978 934 laici
3030 881 3199 949 pallas
3245 881 3432 935 altaris

1862 967 1943 1020 vel
1972 981 2126 1020 sacra
2151 981 2280 1020 vasa
2319 967 2649 1037 contingant.
2700 965 2856 1033 Item,
2909 985 2977 1024 ne
3027 970 3148 1025 laici
3192 971 3430 1025 decimas

1863 1057 1964 1111 sibi
1980 1056 2263 1110 vcndiccnt
2298 1058 2351 1110 in
2383 1057 2784 1126 proprietatem,
2821 1073 2922 1112 nec
2948 1060 3109 1114 etiam
3141 1059 3195 1114 in
3234 1060 3434 1115 beneﬁ-

1862 1147 2027 1212 cium,
2053 1147 2157 1200 nisi
2206 1148 2564 1202 concessione
2615 1147 2981 1218 legitimorum
3027 1164 3429 1218 possessorum.

1861 1235 1991 1291 Item
2020 1237 2110 1302 δ”,
2138 1245 2198 1290 ut
2228 1250 2456 1290 vernum
2505 1237 2772 1306 jejunium
2824 1237 2879 1291 in
2927 1238 3101 1308 prima
3134 1240 3430 1308 epdomada

1861 1325 2305 1396 quadragesimm,
2334 1327 2579 1382 aestivum
2612 1321 2676 1380 in’
2699 1336 3007 1397 pentecoste
3027 1328 3092 1359 W'
3115 1343 3327 1398 semper
3338 1345 3430 1384 ce.—

1862 1416 2116 1471 lcbretur.
2146 1416 2389 1481 ltcm,’ue
2415 1416 2538 1487 quis
2573 1431 2792 1472 caseum
2837 1419 2921 1472 vel
2945 1434 3043 1473 ova
3085 1421 3330 1474 comedat
3377 1421 3430 1475 in

1862 1507 2292 1577 quadragesima.
2324 1507 2457 1562 ltem
2508 1508 2738 1564 sinodali
2775 1509 2981 1578 judicio
3025 1511 3340 1565 conﬁrmata
3380 1522 3435 1566 et

1862 1597 2075 1652 laudata
2103 1606 2184 1652 est
2203 1597 2472 1651 ordinatio
2499 1598 2683 1652 domui
2714 1598 3015 1655 Gcbehardi
3053 1600 3432 1656 Coustanticno

1863 1686 1938 1740 sis
1963 1687 2220 1756 cpiscOpi,
2252 1687 2418 1740 immo
2439 1685 2620 1740 omnia
2655 1703 2776 1756 qua:
2818 1687 3074 1757 praefatus
3121 1691 3270 1744 sedis
3299 1706 3432 1759 apo-

1863 1776 2068 1830 stolicae
2097 1777 2325 1846 legatus,
2361 1792 2485 1831 cum
2541 1786 2687 1831 esset
2742 1776 3093 1842 Constantire,
3143 1778 3431 1833 ordinavit.

174 1861 288 1918 illis
318 1871 615 1917 retractare
639 1872 1049 1932 praesumerent.
1081 1861 1312 1929 Quidam
1346 1871 1527 1916 autem
1565 1861 1761 1916 Babin-
1795 1859 1836 1914 Β
1861 1849 1993 1920 item
2024 1866 2096 1919 ibi
2124 1875 2270 1921 mota
2292 1875 2376 1922 est
2395 1867 2624 1937 qumstio
2651 1866 2831 1937 (1548)
2859 1867 2926 1922 de
2969 1868 3436 1939 consanguinitate.

175 1954 470 2025 bergensis
509 1955 762 2018 clericus,
808 1955 1027 2008 nomine
1068 1955 1399 2025 Gumpertus
1435 1955 1504 1986 δ”
1555 1954 1762 2026 (1547),

175 2041 418 2096 Romani
449 2043 726 2111 pontiﬁcis
748 2042 1001 2111 primatui
1030 2044 1293 2113 derogare
1323 2043 1531 2107 volens,
1559 2043 1613 2096 in
1644 2058 1762 2115 tue-

174 2133 329 2187 diam
368 2133 621 2187 sinodum
651 2148 710 2187 se
752 2133 1000 2200 contulit,
1033 2148 1284 2189 asserens
1326 2133 1602 2188 Romanos
1630 2148 1766 2202 pon-

175 2223 356 2277 tiﬁces
394 2223 538 2278 hunc
564 2223 665 2276 sibi
701 2223 992 2291 primatum
1028 2225 1370 2294 ascripsisse,
1412 2240 1520 2279 non
1549 2224 1765 2278 aliunde

175 2329 508 2369 concessum
532 2314 882 2381 bereditassc,
910 2315 1157 2370 videlicet
1183 2325 1242 2369 ut
1271 2316 1451 2369 nullus
1480 2318 1546 2368 de
1573 2329 1762 2368 eorum

170 2405 386 2474 judicio
412 2404 656 2474 judicare
682 2405 894 2470 debeat,
919 2421 1019 2460 nec
1046 2407 1121 2458 illi
1148 2393 1599 2474 alicujusjudicio
1629 2404 1762 2459 sub-

171 2496 418 2564 iaceant.
468 2494 571 2560 Qui
599 2511 723 2548 cum
746 2504 927 2565 aperte
955 2511 986 2549 a
1017 2503 1128 2550 tota
1152 2497 1344 2550 sinodo
1369 2494 1761 2560 confutarctur,

177 2586 456 2655 przecipue
495 2594 673 2639 tamen
703 2600 733 2638 a
775 2586 1013 2655 quodam
1043 2586 1184 2641 laico
1229 2587 1511 2642 convictus
1551 2595 1635 2642 est
1669 2602 1764 2656 per

178 2676 556 2745 evangelicum
590 2694 602 2729 :
646 2675 768 2730 Non
806 2687 882 2731 est
922 2677 1216 2747 discipulus
1253 2695 1410 2748 super
1451 2681 1764 2750 magistrum

179 2765 405 2834 (Matth.
437 2783 492 2831 χ,
520 2767 632 2834 2|).
672 2766 808 2822 Cum
839 2768 983 2820 enim
1016 2767 1120 2823 hoc
1149 2769 1472 2836 generaliter
1501 2769 1557 2822 in
1585 2767 1762 2821 omni-

178 2857 290 2911 bus
309 2858 678 2926 aclesiasticis
710 2857 1423 2913 ordinibus‘observandum
1451 2859 1758 2928 deputetur,

179 2961 253 3001 ne
282 2947 459 3015 major
486 2963 517 3000 a
552 2948 760 3002 minore
781 2947 1076 3018 judicctur,
1117 2948 1242 3018 quis
1268 2948 1372 3002 hoc
1403 2949 1607 3003 vicario
1632 2965 1762 3003 εει--

177 3039 256 3093 eti
284 3038 430 3093 Petri
477 3039 742 3109 denegare
788 3039 1006 3108 poterit,
1059 3054 1221 3108 quem
1265 3054 1456 3095 omnes
1507 3039 1760 3096 catholici

180 3146 289 3200 pro
324 3130 548 3184 domino
576 3139 630 3183 ct
659 3130 920 3200 magistro
951 3131 1323 3184 venerantur?
1359 3129 1416 3182 ln
1457 3130 1645 3184 cadem
1686 3131 1764 3184 si-

181 3221 334 3274 nodo
358 3220 626 3274 ordinatio
650 3219 946 3274 chilonis
968 3218 1263 3288 Mogontini
1288 3219 1573 3284 invaseris,
1596 3229 1650 3274 et
1675 3217 1762 3274 Si-

169 3298 382 3380 gcl'ridi
421 3298 800 3380 AuguStensis,
857 3318 911 3364 et
957 3307 1208 3379 Norperti
1252 3309 1554 3376 Curiensis,
1595 3311 1764 3366 immo

178 3415 382 3455 omnes
406 3399 772 3456 ordinationes
795 3408 849 3455 ct
868 3402 1302 3456 consecrationcs
1324 3397 1764 3457 excommunica-

181 3500 369 3545 torum
402 3492 616 3560 penitus
650 3493 814 3548 irritae
854 3495 1108 3563 judicatze
1160 3503 1307 3559 sunt,
1352 3495 1506 3562 juxta
1548 3495 1762 3550 decreta

181 3590 505 3634 sanctorum
548 3592 780 3658 .patrum
835 3583 1130 3639 Innocentii
1188 3584 1286 3651 ⁸⁸⁸,
1336 3583 1531 3639 Leonis
1571 3586 1760 3656 primi,

183 3671 414 3744 Pelagii,
442 3683 602 3743 atque
625 3674 744 3743 ejus
768 3676 1103 3732 successoris
1125 3675 1369 3747 Gregorii
1402 3677 1582 3747 primi.
1632 3677 1762 3733 Item

182 3774 336 3818 secta
358 3763 597 3834 przcdicti
618 3764 914 3822 Wecilonis
942 3765 1166 3838 ejusque
1197 3766 1470 3822 sociorum
1502 3767 1604 3822 sub
1626 3782 1762 3821 ana-

184 3855 429 3908 themate
463 3852 716 3911 dainnata
754 3866 857 3922 est,
893 3872 1034 3932 quae
1066 3857 1261 3911 asserit
1295 3856 1568 3911 seculares
1601 3857 1764 3911 rebus

162 3937 310 3998 'suis
335 3943 633 4012 expoliatos
674 3945 1024 4000 melcsiastico
1067 3960 1174 3997 non
1217 3945 1500 4013 subjaccre
1532 3945 1760 4014 judicio,

182 4053 291 4094 nec
311 4038 775 4094 excommunicari
804 4054 964 4108 posse
987 4053 1084 4109 pro
1115 4038 1229 4094 suis
1249 4039 1591 4105 excessibus;
1615 4055 1763 4109 quaa-

181 4142 298 4199 quc
337 4129 836 4184 excommunicatos
873 4129 1078 4198 absque
1116 4126 1552 4182 reconciliatione
1599 4124 1764 4196 recipi

181 4233 360 4289 posse
375 4220 671 4274 contendit.
704 4218 974 4273 Statutum
1001 4227 1085 4274 est
1105 4227 1284 4272 autem
1313 4217 1386 4272 ibi
1414 4226 1473 4271 ut
1515 4217 1764 4288 quicum—
1806 4231 1814 4238 ·

181 4325 299 4380 que
333 4310 403 4363 ab
444 4310 700 4379 episcopo
729 4325 851 4376 suo,
887 4325 988 4364 nec
1015 4309 1189 4365 oﬁicio
1236 4324 1337 4364 nec
1382 4309 1766 4364 communione

180 4399 429 4472 privato,
442 4401 943 4456 excommunicatus
955 4411 1100 4456 esset
1108 4401 1211 4456 etsi
1225 4400 1440 4470 injuste,
1459 4400 1766 4454 nullatenus

1865 1957 2034 2026 ipsius
2060 1957 2203 2026 regis
2215 1965 2268 2010 et
2297 1958 2482 2012 uxoris
2508 1973 2640 2021 suae,
2668 1957 2809 2012 unde
2828 1972 2918 2011 rex
2950 1957 3002 2010 in
3032 1957 3207 2012 media
3229 1959 3436 2028 synodo

1864 2049 1932 2079 “3
1959 2048 2214 2111 surrexit,
2247 2062 2412 2117 seque
2431 2048 2496 2101 de
2527 2047 2628 2100 hac
2650 2061 2708 2100 re
2733 2047 3000 2116 judicium
3032 2057 3233 2103 sancta:
3259 2048 3434 2103 sinodi

1863 2140 1931 2171 "9
1953 2127 2051 2208 per
2106 2139 2287 2193 omnia
2314 2139 2737 2206 ,observaturum
2762 2134 3058 2206 professus
3098 2146 3199 2191 est.
3238 2135 3435 2192 Sancta

1863 2238 2042 2283 autem
2085 2229 2310 2284 sinodus
2351 2229 2490 2282 hanc
2521 2241 2744 2282 causam
2786 2229 2839 2280 in
2880 2227 3129 2304 przcsenti
3174 2229 3435 2281 canonice.

1861 2319 2160 2373 examinari
2191 2334 2298 2372 non
2333 2332 2493 2386 posse
2512 2317 2776 2387 ju.licavit
2814 2316 2903 2382 ⁸³⁸,
2931 2331 2995 2371 eo
3031 2318 3174 2385 quod
3210 2317 3434 2386 legitimi

1863 2418 2207 2464 accusatores
2236 2423 2345 2462 non
2369 2408 2638 2463 adessent.
2668 2393 2725 2460 ln
2753 2406 2858 2461 ﬁne
2900 2416 3078 2461 autem
3105 2407 3280 2462 sinodi
3312 2423 3436 2462 sen-

1863 2500 2029 2555 tentia
2060 2499 2421 2554 anatbematis
2443 2514 2568 2554 cum
2600 2497 2914 2556 ardentibus
2937 2499 3174 2562 candelis
3198 2500 3440 2568 promul-

1864 2600 1984 2662 gata
2008 2597 2090 2645 est
2114 2590 2171 2644 in
2200 2589 2482 2645 Gibertum
2511 2589 2911 2655 heresiarchen,
2944 2589 3088 2644 sedis
3130 2591 3440 2660 apostolica:

1863 2696 2230 2749 pervaserem,
2259 2689 2312 2734 et
2364 2681 2418 2733 in
2462 2689 2740 2748 apostatas
2788 2681 2962 2734 sancti
2986 2678 3150 2745 Petri,
3197 2679 3438 2751 Ugonem

1843 2760 2082 2835 ‘Album,
2133 2767 2434 2822 Johanncm
2495 2767 2850 2824 Portuensem
2915 2770 3296 2838 excpiscopum
3346 2771 3436 2834 ω,

1863 2856 2081 2914 Petrum
2105 2858 2578 2915 excancellarium.
2611 2857 2741 2913 Item
2765 2857 2820 2912 in
2857 2848 3181 2914 Leomarum
3217 2860 3284 2890 ⁸³³
3309 2857 3438 2914 Bre-

1863 2966 2104 3006 mensem
2131 2992 2146 3015 ,
2218 2949 2447 3005 Utoncm
2507 2948 3117 3014 llildinesheimenscm,
3185 2949 3436 3004 Ottoncm

1862 3040 2357 3110 Consutnticnsem,
2387 3040 2760 3095 Burchardum
2807 3039 3166 3106 Basilensem,
3221 3040 3434 3096 llouze-

1863 3146 2123 3187 manuum
2151 3131 2465 3208 Spirensem
2487 3131 2841 3201 exepiscopos
2867 3131 2952 3184 ³³³.
2981 3129 3113 3185 item
3151 3131 3205 3185 in
3257 3129 3440 3186 “'cci-

1863 3222 2042 3276 Ionem
2073 3213 2444 3292 Mogdminum
2473 3237 2840 3291 pervaserem,
2874 3221 3199 3294 Sigil'redum
3221 3224 3437 3292 Augus-

1863 3319 2095 3374 tcnsem,
2121 3294 2473 3370 Nortbertum
2487 3310 2852 3373 £uriensem;
2884 3313 2937 3365 in
2962 3312 3082 3375 bos,
3113 3313 3441 3392 inquath

1864 3400 1918 3454 in
1968 3415 2160 3455 omnes
2214 3414 2404 3479 eorum
2453 3400 2746 3468 compliccs
2797 3401 3119 3456 inevitabilis
3175 3403 3438 3456 sententia

1865 3489 2222 3546 anathematis
2254 3487 2594 3568 promulgata
2629 3499 2713 3545 est
2741 3490 2945 3561 (1549).
2988 3489 3092 3545 Sed
3139 3492 3191 3546 hi
3245 3506 3437 3546 omnes

1863 3579 2156 3635 adversarii
2177 3579 2435 3635 azcclesite
2465 3579 2560 3649 Dei
2600 3581 2654 3636 in
2701 3580 2858 3636 tertia
2897 3581 3087 3652 (1550)
3139 3583 3439 3651 epdomada

1863 3664 1988 3742 post
2007 3671 2213 3726 [initam
2247 3672 2732 3738 sinodum,\suam
2773 3671 3062 3742 Maguntiaa
3109 3675 3442 3744 collegerunt

1866 3778 1975 3818 non
2029 3762 2282 3817 sinodum
2321 3773 2404 3818 set
2437 3762 2876 3817 conciliabulum.
2921 3760 2980 3817 In
3022 3779 3130 3833 quo
3174 3765 3437 3818 utnbrati-

1865 3853 1967 3907 lem
2017 3853 2339 3927 sententiam
2380 3853 2960 3908 excommunicationis
3013 3863 3202 3907 contra
3255 3853 3439 3907 ﬁdeles

1864 3942 2036 3996 sancti
2057 3941 2200 3994 Petri
2227 3942 2712 4010 deprompserunt;
2739 3949 2924 4009 utputc
2948 3956 3287 4009 nequaquam
3320 3943 3440 3996 illos

1862 4030 2335 4086 excommunicare
2361 4031 2622 4097 valentes,
2650 4039 2731 4085 set
2767 4031 3105 4100 apertissime
3131 4046 3189 4085 se
3219 4031 3365 4100 ipsos
3403 4049 3434 4086 a

1865 4129 2249 4183 communione
2302 4127 2695 4184 catholicorum
2739 4123 3142 4199 sequestrantes
3167 4168 3181 4190 ,
3229 4135 3292 4180 ut
3323 4141 3435 4181 non

1867 4220 2294 4291 tantumjudicio
2324 4230 2523 4276 sancta:
2546 4220 2822 4284 aecclesiaz,
2848 4216 3042 4273 sedet
3075 4217 3294 4286 proprio
3337 4231 3435 4271 eo-

1867 4327 1990 4366 rum
2021 4312 2248 4382 judicio,
2279 4312 2421 4366 sicut
2441 4327 2631 4365 omnes
2652 4309 2891 4373 heretici,
2932 4325 2960 4363 a
3013 4308 3296 4363 catholicis
3347 4325 3440 4364 es-

1867 4411 1988 4457 sent
2023 4402 2276 4470 separati.
2313 4400 2478 4455 Sedes
2503 4414 2720 4469 quoqne
2746 4400 3136 4454 catholicorum
3162 4401 3438 4469 episcopo—

183 4500 375 4546 tamen
397 4491 727 4561 reciperetur
756 4491 822 4545 ad
851 4491 1310 4555 communionem,
1342 4489 1447 4544 nisi
1487 4489 1768 4543 absolutus
1801 4500 1844 4553 ι)
1869 4505 1990 4544 rum
2015 4490 2311 4544 viventium
2339 4491 2625 4552 temeraria
2650 4490 2942 4560 cupiditate
2971 4491 3138 4545 cecati
3168 4490 3270 4561 sibi
3305 4505 3435 4543 ven—

179 4581 544 4636 melesiastico
572 4596 742 4635 more.
764 4579 1023 4634 Similiter
1045 4587 1099 4633 et
1121 4593 1219 4647 pro
1241 4577 1526 4648 sacrilegio
1539 4591 1760 4630 excom-

181 4671 498 4739 municatos
525 4661 764 4743 decrevit
791 4660 976 4726 sancta
1022 4668 1247 4724 sinodus
1282 4682 1389 4721 non
1423 4665 1762 4736 recipiendos

1865 4579 2176 4633 dicarenon
2203 4579 2521 4635 timuerunt.
2552 4579 2695 4636 Deus
2727 4590 2907 4636 autem
2951 4580 3437 4648 omnipoteus'suis

1867 4668 2114 4724 ﬁdelibus
2138 4685 2233 4740 per
2253 4651 2517 4743 se‘ipsum
2543 4672 2790 4726 auxiliari
2812 4686 2918 4724 non
2944 4669 3192 4731 cessavit,
3245 4682 3433 4722 suum-

1422 4787 1654 4852 VARIE
1694 4796 2088 4856 LECTIONES.

257 4917 329 4947 δ”
362 4933 414 4969 n.
457 4933 506 4986 g.
544 4933 702 4985 supra
733 4915 925 4980 lineam
966 4915 1010 4968 I.
1068 4913 1168 4986 ﬁ“
1204 4913 1372 4986 decsL
1391 4911 1444 4983 2.

1487 4912 1550 4941 “7
1584 4910 1692 4965 lucc
1718 4915 1976 4983 sententia
2008 4915 2061 4966 in
2107 4912 2385 4983 locoiraso
2428 4915 2472 4967 ι.
2549 4914 2614 4944 τ²⁸
2641 4922 2984 4983 pentecostcn
3011 4913 3094 4966 μ.
3173 4913 3240 4943 W‘
3268 4913 3343 4966 ita
3382 4915 3426 4967 l.

120 5031 121 5034 η
183 4980 260 5068 δξο
292 4979 539 5056 ιιῇιιιιῗὲ.
608 4979 681 5018 ’⁸³¹
718 4988 1029 5054 episcopum
1060 4983 1114 5037 2.
1180 4983 1257 5014 ’⁸³⁸
1332 4979 1656 5038 Tcmnarum
1681 4980 1763 5036 [ιδ.
1835 4985 1902 5015 ⁸³³
1924 4984 2204 5051 episcopos
2227 4982 2279 5036 2.

1691 5091 1918 5147 ΝΟΤΑΞ.

288 5183 444 5254 15η)
478 5183 580 5254 Alii
607 5182 959 5254 Gunibcrtum
989 5193 1198 5238 vocant.
1242 5183 1364 5239 Uss.

289 5251 447 5322 1348)
477 5252 562 5323 De,
584 5255 687 5308 hoc
712 5253 822 5323 agit
876 5251 1190 5323 Venet-iens,
1223 5269 1384 5320 quem
1411 5253 1502 5308 alii
1552 5251 1766 5308 Walra-

181 5320 339 5379 mum
373 5320 470 5393 seu
519 5320 1764 5393 Waltramum__Naumburgenscmepiscopum

179 5406 308 5449 esse
342 5390 551 5445 volunt.
582 5391 818 5448 Uxorem
868 5391 1161 5445 Hermanni
1204 5390 1345 5459 regis
1376 5390 1768 5449 alii—Atlel'hei-

179 5466 309 5519 dem
345 5460 553 5525 dicunt,
603 5462 768 5516 ﬁliam
810 5460 1025 5517 Ottonis
1074 5463 1139 5516 de
1185 5459 1513 5514 Orlamunda
1558 5459 1767 5515 Misnia:

181 5530 530 5600 marchjonis
555 5546 620 5584 ex
666 5531 852 5600 Adela,
892 5547 1013 5600 qua:
1055 5542 1260 5600 patrem
1293 5529 1769 5600 habuitLamber-

182 5614 303 5657 tum
363 5594 408 5653 Il
438 5594 1129 5665 comitcmLovani'ensein,
1180 5607 1403 5654 matrem
1435 5613 1562 5652 vero
1591 5597 1763 5654 Odam

152 5670 499 5740 ‘Gothelinis
544 5669 726 5740 magni
783 5668 1145 5740 Letharingiaz
1182 5669 1337 5740 ducis
1386 5668 1572 5730 ﬁliam,
1622 5670 1765 5723 unde

186 5742 328 5796 forte
358 5739 461 5793 ista
504 5739 944 5808 consanguinitas
993 5754 1087 5792 seu
1121 5739 1351 5796 allinitas
1374 5747 1490 5792 orta
1515 5746 1616 5804 est,
1643 5753 1764 5806 qua:

1869 5200 1966 5253 pro
1989 5199 2137 5238 more
2164 5182 2325 5255 hujus
2364 5183 2621 5255 temporis
2642 5183 2990 5255 matrimonio
3015 5201 3186 5255 usque
3209 5185 3272 5239 ad
3311 5199 3433 5253 sep-

1867 5251 2058 5308 timum
2095 5253 2318 5317 gradum
2345 5251 2612 5306 obstabat.
2648 5251 2770 5308 Uss.

1939 5319 2120 5390 (l3l9)
2149 5319 2378 5393 Nomina
2411 5337 2610 5393 eorum
2647 5325 2740 5393 qui
2767 5324 2974 5393 synodo
3009 5335 3238 5393 autipcr
3260 5335 3433 5393 scatit

1866 5387 1971 5512 ὣς)
1990 5387 2192 5462 legatos
2214 5387 2680 5461 subscripserunt,
2704 5387 2972 5447 habentur
2998 5409 3082 5462 ap.
3115 5387 3284 5445 Mansi
3310 5389 3432 5454 XX,

1939 5528 2120 5601 (13-30)
2145 5528 2480 5585 Waltramus
2512 5540 2564 5585 et
2591 5530 2680 5584 alii
2721 5529 2986 5601 nonnulli
3007 5529 3430 5601 conciliabulum

1869 5599 1974 5655 hoc
2009 5601 2244 5653 secunda
2289 5601 2622 5669 hebdomada
2659 5608 2782 5669 post
2837 5599 3041 5669 Pascha
3098 5599 3151 5652 d.
3189 5599 3259 5653 29
3297 5603 3426 5668 Apr.

1827 5704 1830 5710 ι
1869 5671 2048 5737 actum
2075 5669 2281 5722 volunt.
2307 5668 2435 5737 Ejus
2464 5668 2626 5723 Gesta
2659 5668 2720 5723 ex
2749 5669 2912 5722 variis
2934 5668 3288 5737 scriptoribus
3315 5673 3431 5724 col-

1870 5731 2006 5795 lecia
2037 5738 2305 5792 habentur
2329 5731 2413 5806 ap.
2446 5737 2616 5794 Mansi
2636 5738 2753 5804 XX,
2786 5739 2906 5791 til5.
2937 5731 3058 5791 Uss.

2801 32 2822 33 W
2829 32 2843 34 ἡ
2852 15 3470 41 7W
3083 27 3086 30 ~
3477 22 3602 43 ππ.
3605 15 3754 44 σιτί’-’ΨΕ-
3755 15 3876 45 -Ξ
