3970 6394
567 379 689 431 ΗΜ
1536 375 1624 428 AD
1659 373 1884 428 OI'EBA
1923 373 1978 427 S.
2021 370 2344 428 GREGORII
2384 367 2817 428 APPENDICES.

3574 42 3917 319 ...η

3659 374 3681 429 I
3691 375 3791 431 59:

557 503 662 556 qui:
679 485 940 555 judicium
966 498 1127 554 super
1152 482 1402 542 inimicos
1430 491 1631 536 sancta:
1673 481 1928 537 :ccclesize
1967 482 2126 534 mira-
2153 484 2196 539 Α
2222 478 2543 535 lucraretur.
2584 478 2718 535 Nam
2745 494 2935 536 omnes
2955 479 3205 536 catholici
3231 489 3355 552 post
3378 488 3611 538 mortem
3638 484 3791 541 dom-

560 579 738 632 liiliter
760 576 1018 631 exercuit.
1045 574 1179 629 Nam
1211 583 1380 628 totam
1402 587 1537 643 pene
1558 571 1789 638 Italiam,
1812 571 1865 626 in
1891 588 1997 643 qua
2024 586 2121 643 po-

558 669 828 724 tissimum
853 663 1306 721 cxcommunicati
1322 662 1590 728 furebant,
1605 671 1716 717 tam
1744 678 1938 733 magna
1953 662 2123 717 fames

557 758 810 820 obtinuit,
839 764 899 810 ut
930 755 1180 811 homines
1205 768 1314 808 non
1341 761 1553 807 tantum
1575 752 1854 807 immunda
1872 766 2119 827 qumque,

558 856 641 902 set
666 848 827 902 etiam
880 847 1174 901 humanam
1222 859 1441 899 carnem
1489 842 1909 907 manducareut;
1957 856 2120 911 quam

558 936 755 992 famem
784 947 895 990 tam
923 935 1160 990 inaudita
1183 933 1483 988 mortalitas
1508 933 1794 987 subsecuta
1815 940 1916 997 est,
1943 941 2003 986 ut
2025 947 2124 986 nec

557 1028 716 1082 tertia
744 1043 870 1097 pars
904 1025 1187 1082 hominum
1219 1031 1542 1088 remaneret,
1582 1030 1667 1077 set
1710 1021 1991 1077 deﬁciente
2025 1036 2121 1076 co-

557 1116 686 1171 lono
721 1116 953 1170 maxima
987 1131 1114 1187 pars
1135 1123 1292 1170 terra:
1315 1115 1372 1170 in
1395 1113 1739 1170 solitudinem
1765 1113 1982 1168 redacta
2015 1120 2119 1167 est.

558 1205 737 1263 Padus
763 1208 831 1240 ⁸³³
858 1222 1074 1278 quoque
1094 1205 1291 1261 ﬁuvius
1312 1203 1700 1277 Longobardia:
1719 1203 1866 1275 ripas
1889 1218 2018 1258 suas
2028 1217 2123 1257 ex-

557 1299 754 1353 cedens
776 1298 945 1353 multa
959 1298 1203 1363 castella,
1227 1296 1404 1361 villas,
1434 1295 1603 1350 immo
1624 1295 1769 1351 circa
1775 1294 2019 1364 iacentes
2039 1307 2123 1349 rc-

556 1388 745 1459 giones
765 1388 980 1457 penitus
1027 1386 1322 1442 submersit
1359 1394 1415 1441 et
1444 1384 1824 1441 inhabitabiles
1868 1377 2117 1440 reddidit.

557 1479 677 1549 ipsa
715 1479 874 1534 etiam
906 1478 1079 1548 capita
1106 1477 1540 1534 scismaticorum
1583 1490 1650 1530 eo
1681 1483 1941 1545 tempore,
1983 1474 2117 1528 heu!

452 1598 465 1609 ι
558 1571 755 1624 misere
782 1569 835 1623 in
867 1570 1044 1623 locum
1072 1582 1230 1623 suum
1276 1566 1478 1632 abiere,
1515 1565 1763 1621 videlicet
1789 1562 2119 1629 Parmensis,

553 1668 608 1714 et
636 1658 917 1731 Regieusis
948 1658 1131 1729 (1'55!)
1159 1655 1468 1726 excpiscopi
1493 1655 1584 1722 ⁸³⁵,
1623 1649 1967 1710 Theodaldus
2013 1652 2123 1709 Ble-

556 1749 888 1804 diolaueusis
909 1763 1018 1802 non
1041 1746 1110 1779 ⁸³⁸
1142 1747 1584 1816 archiepiscopus
1635 1751 1720 1800 set
1763 1744 1831 1777 “’
1860 1743 2122 1799 antichri-

556 1849 673 1896 stus
697 1840 787 1905 “’,
811 1839 1133 1893 Adelbertus
1177 1845 1232 1894 et
1288 1835 1646 1907 Reginberius
1677 1835 2042 1900 marehibnes,
2070 1841 2147 1891 et.

552 1946 737 2013 comes
758 1929 994 1995 Doso,et
1022 1929 1113 1983 alii
1135 1926 1578 1993 innumerabiles,
1612 1939 1844 1997 quorum
1892 1922 2125 1980 factione

556 2030 666 2075 tota
693 2035 828 2090 pene
862 2019 1012 2074 Italia
1045 2026 1237 2074 contra
1279 2018 1540 2073 domuum
1565 2031 1763 2086 papam
1798 2024 1854 2071 et
1874 2022 2123 2071 sanctum

553 2110 773 2167 Petrum
805 2110 871 2141 ⁸³⁷
896 2124 953 2165 se
973 2109 1165 2164 erexit.
1203 2107 1269 2165 lli
1292 2121 1511 2177 quoque
1529 2104 1863 2170 Mathildam,
1884 2102 2123 2173 pruden-

516 2188 519 2191 ’
554 2202 818 2256 tissimam
850 2200 917 2232 ³³⁸
946 2200 1135 2254 ducem
1160 2205 1214 2253 et
1249 2196 1615 2252 ﬁdelissimam
1644 2194 1814 2250 sancti
1842 2192 1989 2248 Petri
2017 2192 2123 2247 mi-

551 2295 722 2359 litem,
746 2295 930 2349 multis
952 2292 1167 2363 injuriis
1189 2289 1479 2347 aﬁ‘eeeraut
1504 2290 1556 2344 in
1580 2288 1749 2344 Italia.
1788 2287 1898 2344 Illis
1919 2287 1988 2321 “’
2020 2303 2123 2341 au-

550 2396 662 2442 tem
688 2387 867 2441 divina
918 2383 1390 2457 animadversione
1426 2380 1504 2413 W’
1535 2380 1602 2434 de
1644 2378 1825 2434 medio
1870 2377 2121 2438 sublatis.

554 2476 670 2544 ipsa
693 2488 845 2529 suam
895 2480 1217 2542 potestatein
1270 2469 1635 2539 recuperavit,
1690 2477 1745 2523 et
1783 2474 1983 2522 sach
2028 2465 2122 2521 Dei

552 2562 807 2619 meclesiie
842 2560 895 2614 in
962 2559 1217 2615 omnibus
1274 2557 1651 2613 adminiculari
1702 2571 1811 2610 non
1857 2554 2120 2618 cessavit;

514 2725 517 2728 ν
552 2655 737 2723 sicque
766 2653 884 2721 ejus
926 2650 1211 2721 prudentia
1265 2648 1557 2703 Mutinensi
1584 2645 1862 2711 aecclesite,
1908 2654 1963 2700 et
2019 2643 2125 2699 Be-

552 2742 747 2810 gieusi,
773 2750 933 2810 atque
960 2738 1280 2793 Pistoriensi
1321 2736 1574 2793 catholici
1618 2744 1864 2807 pastores
1890 2734 2124 2789 ordinati

553 2839 697 2886 sunt.
755 2828 860 2885 Sed
910 2828 1025 2898 jam
1065 2826 1209 2881 Deus
1261 2826 1604 2895 omnipotens
1644 2822 1907 2876 famulum
1963 2837 2123 2878 suum

552 2919 872 2988 Gregorium
918 2931 1130 2985 papam.
1164 2915 1356 2969 nolens
1390 2912 1594 2967 diutius
1640 2912 1920 2975 laberare.
1956 2912 2124 2967 immo

552 3024 650 3077 pro
672 3007 948 3062 laboribus
977 3006 1093 3060 suis
1118 3004 1277 3072 digne
1298 3018 1650 3058 remunerare
1663 3001 1764 3069 ,“l,
1786 3002 1851 3058 de
1870 3001 1937 3035 ιιι
1960 3002 2124 3072 hujus

553 3100 616 3129 “'
637 3099 837 3153 vitae}M
857 3097 1358 3167 ei‘gastulo“’cum
1377 3095 1444 3128 ⁸⁸¹
1472 3096 1715 3151 evocavit
1739 3095 1977 3167 “‘(Mai,
2006 3095 2119 3166 25).
2148 3122 2190 3180 ε

551 3185 685 3241 Nam
712 3188 777 3219 ⁸⁷⁵¹
811 3188 1088 3256 aliquanto
1108 3186 1174 3218 δδι
1202 3193 1443 3255 tempore
1466 3185 1532 3217 “I
1557 3186 1792 3255 graviter
1813 3186 1880 3218 ⁸³⁵³
1926 3199 2121 3254 corpo—

552 3294 611 3332 re
636 3277 702 3310 “l
734 3277 803 3309 ἰδ’
839 3277 1143 3332 infirmatus
1162 3261 1256 3342 CW,
1286 3275 1381 3330 sed
1411 3274 1481 3307 ⁸⁸³
1527 3276 1583 3330 in
1605 3275 1918 3331 defensione
1956 3275 2120 3346 justi-

553 3369 649 3421 eim
677 3382 846 3436 usque
881 3367 949 3421 ad
1003 3373 1230 3419 mortem
1285 3366 1652 3432 firmissimus,
1709 3365 1920 3421 Salerni
1978 3366 2122 3419 diem

552 3458 748 3513 clausit
800 3466 1135 3522 extremum;
1163 3457 1228 3511 de
1252 3456 1410 3526 cujus
1445 3457 1595 3512 obitu
1662 3470 1851 3510 omnes
1888 3455 2122 3525 religiosi

555 3550 835 3619 utriusque
860 3565 1041 3612 sexus,
1090 3556 1144 3601 ct
1194 3549 1429 3601 maxime
1473 3563 1761 3617 pauperes,
1799 3547 2122 3602 'doluerunt.

555 3639 683 3693 l-Irat
704 3640 771 3671 ³⁵³
795 3639 940 3693 enim
968 3637 1249 3693 catholica:
1276 3636 1549 3704 religionis
1574 3623 2007 3690 ferventissimus
2040 3636 2123 3688 in-

554 3732 791 3796 stitutor,
835 3738 888 3784 et
929 3728 1323 3785 ateclesiastica:
1370 3724 1634 3781 libertatis
1678 3725 2123 3780 strennuissimus

554 3820 837 3875 defensor.
877 3819 1061 3873 Noluit
1104 3834 1233 3872 sane
1270 3824 1331 3870 ut
1376 3815 1790 3870 accclesiasticus
1838 3815 1971 3869 ordo
2008 3830 2124 3867 ma-

555 3912 717 3965 nibus
750 3910 1011 3964 laieorum
1059 3908 1385 3979 subjaceret,
1437 3905 1530 3959 sed
1582 3904 1873 3971 eisdcm\et
1900 3918 2120 3959 morum

555 4001 840 4055 sanctitate
859 4009 910 4054 et
941 3999 1147 4054 ordinis
1192 3996 1454 4069 dignitate
1478 3994 1854 4065 praemineret;
1881 3994 2025 4065 quod
2054 3993 2122 4047 il--

556 4091 668 4144 lum
698 4093 863 4145 latere
896 4105 1005 4144 non
1037 4088 1260 4158 poterit,
1284 4087 1612 4157 quicumque
1635 4085 1876 4153 ejusdem
1905 4092 2124 4155 aposto-

554 4180 645 4235 Iiei
666 4187 935 4251 regestum
964 4177 1248 4247 diligenter
1270 4172 1571 4244 perlegerit.
1604 4170 1896 4241 Postquam
1944 4180 2121 4226 autem

557 4271 610 4324 in
636 4269 1023 4341 gubernatione
1062 4266 1207 4321 sedis
1251 4262 1582 4333 apostolicae,
1630 4261 1797 4315 immo
1829 4260 1994 4314 totius
2016 4274 2123 4313 aec-

556 4362 752 4423 clesiie,
776 4359 1061 4413 duodecim
1115 4368 1288 4409 annos
1311 4361 1365 4407 et
1400 4367 1571 4406 unum
1604 4367 1844 4408 mensem
1891 4350 2125 4421 legitime

2224 569 2280 623 ui
2313 569 2596 639 apostolici
2646 584 2761 625 non
2809 570 2991 626 minus
3036 585 3199 642 quam
3234 580 3388 627 antea
3410 573 3591 628 eidem
3630 574 3793 632 here-

2222 658 2510 731 resiarcba:
2529 660 2861 729 restiterunt,
2892 659 3179 731 ipsumque
3193 660 3259 715 de
3276 659 3449 717 Roma
3474 662 3794 720 Ravennam

2222 747 2474 817 repedare
2521 747 2899 818 compulerunt
2939 747 3029 803 “'.
3076 747 3154 802 Eo
3182 755 3425 819 tempore
3456 750 3682 820 quidam
3720 766 3794 807 ex

2224 833 2529 891 Saxonibus
2560 851 2592 891 a
2624 835 2879 892 ﬁdelitate
2902 837 3078 892 sancti
3107 836 3254 892 Petri
3293 847 3688 909 apostatantes,
3738 851 3799 897 et

2217 920 2253 979 'a
2271 937 2396 994 rege
2430 936 2620 978 eorum
2640 922 2981 980 Heremanno
3004 925 3234 997 turpiter
3255 926 3611 995 declinantes,
3642 939 3797 984 Ἦυνο

2220 1034 2389 1086 ρυκυμ
2421 1012 2487 1046 ⁵⁸⁷
2517 1027 2698 1084 regem
2730 1014 2930 1068 totiens
2957 1015 3268 1084 abjuratum
3299 1024 3640 1086 receperunt,
3667 1017 3796 1071 exi-

2222 1104 2503 1160 stimantcs
2531 1118 2592 1159 se
2633 1104 2800 1160 hicbil
2842 1105 3098 1176 deinceps
3140 1106 3266 1160 mali
3306 1113 3376 1161 ab
3399 1120 3467 1162 eo
3506 1116 3797 1178 passuros,

2221 1201 2306 1249 set
2324 1200 2506 1270 optata
2524 1208 2657 1264 pace
2690 1207 2757 1249 eo
2785 1201 3047 1267 regnante
3075 1208 3135 1250 se
3164 1193 3460 1264 fruituros;
3490 1212 3579 1253 res
3607 1205 3799 1255 autem

2222 1286 2276 1340 in
2304 1285 2638 1342 contrarium
2663 1285 2897 1341 devenit.
2926 1283 3066 1341 Nam
3111 1285 3227 1357 ipse
3254 1285 3440 1342 statim
3466 1296 3681 1358 recepta
3701 1303 3806 1360 po-

2214 1382 2431 1440 testate,
2452 1374 2734 1444 pristinani
2775 1375 3101 1431 tiraunidem
3133 1376 3189 1430 in
3238 1375 3361 1434 illos
3395 1391 3645 1434 exercere
3679 1394 3802 1434 non

2220 1464 2398 1519 desiit.
2435 1462 2585 1519 Unde
2617 1473 2672 1519 et
2697 1465 2800 1535 ipsi
2827 1480 2984 1521 versa
3016 1465 3134 1521 vice
3155 1467 3467 1537 turpissime
3488 1482 3614 1523 eum
3635 1468 3804 1540 fuga-

2220 1562 2439 1619 verunt,
2476 1565 2527 1609 et
2557 1553 2625 1609 de
2679 1553 2879 1611 ﬁnibus
2919 1569 3112 1610 eorum
3150 1571 3274 1611 cum
3315 1558 3491 1612 multo
3527 1558 3804 1615 dedecore

2219 1645 2558 1715 expulerunt.
2608 1636 2857 1715 Episcopi
2880 1653 3059 1724 autem
3116 1645 3364 1702 Saxonias
3387 1656 3445 1702 et
3476 1648 3702 1724 quidam
3728 1664 3805 1704 ex

2221 1728 2553 1804 principibus
2582 1749 2704 1790 cum
2730 1749 2854 1806 rege
2873 1721 3065 1790 eorum
3087 1733 3429 1790 lIeremanno
3454 1721 3507 1792 in
3536 1737 3806 1793 ﬁdelitate

2222 1824 2394 1880 sancti
2423 1822 2568 1877 Petri
2618 1831 3032 1893 permanserunt
3079 1824 3168 1890 ⁸³⁸,
3221 1826 3510 1896 potiusque
3555 1827 3806 1883 honores

2223 1928 2354 1968 suos
2396 1915 2721 1984 relinquere,
2748 1929 2914 1984 quam
2966 1915 3451 1972 excommunicatis
3482 1917 3803 1971 communi-

2222 2019 2347 2060 care
2370 2004 2700 2075 delegerunt.
2725 1992 3051 2073 Quitamem
3079 2014 3265 2076 postea
3291 2018 3322 2060 a
3375 2005 3688 2062 Saxonibus
3729 2007 3808 2063 ad

2222 2094 2468 2164 proprias
2512 2094 2683 2174 sedes.
2731 2095 2969 2151 revocati
3006 2075 3154 2162 sunt,
3202 2075 3493 2168 postquam
3547 2095 3809 2155 Saxone:

2222 2194 2510 2260 ’ὶιυνρυκνμ
2529 2184 2596 2217 ⁸⁸⁸
2618 2185 2751 2241 inde.
2775 2186 3120 2259 expulerunt,
3149 2185 3292 2242 sicut
3311 2187 3685 2257 prmdiximus.

2834 2274 3172 2330 MLXXXVI.

2224 2363 2596 2423 Ileremannus
2639 2379 2733 2420 rex
2783 2365 3119 2421 nativitatem
3148 2364 3361 2421 Domini
3400 2367 3697 2424 celebravit
3743 2369 3803 2424 in

2225 2454 2481 2511 Saxonia.
2532 2454 2647 2511 Hoc
2672 2446 2915 2526 tempore
2966 2456 3150 2511 multa:
3192 2457 3378 2524 cedes,
3420 2458 3615 2528 praede
3632 2468 3692 2515 et
3714 2460 3808 2514 in.

2223 2546 2413 2600 cendia
2440 2544 2582 2599 facta
2630 2554 2759 2599 sunt
2807 2546 2947 2600 inter
2971 2544 3214 2602 fautores
3257 2545 3494 2604 Heinrici
3528 2557 3584 2604 et
3609 2548 3804 2605 ﬁdeles
3848 2590 3851 2593 -

2223 2634 2397 2690 sancti
2425 2633 2589 2690 Petri.
2611 2632 2839 2703 Propter
2864 2634 3091 2690 eandem
3117 2635 3280 2689 etiam
3302 2636 3628 2692 discordiam
3655 2652 3807 2692 non-

2222 2722 2350 2779 dum
2387 2725 2543 2780 sedes
2583 2724 2899 2802 apostolica.
2918 2724 3216 2795 legitimum
3270 2735 3540 2796 pastorem
3593 2728 3806 2785 habere

2222 2807 2430 2885 potuit?
2478 2810 2765 2870 IIeinric'us
2797 2815 2866 2847 “°
2915 2822 3105 2869 contra
3144 2814 3388 2872 Saxones
3410 2818 3715 2873 exercitum
3740 2819 3800 2875 6.

2225 2904 2342 2960 Kal.
2393 2903 2550 2959 Febr.
2606 2905 2894 2974 promovit.
2941 2903 3046 2959 Sed
3089 2904 3336 2963 Saxones
3361 2909 3412 2963 ei
3444 2923 3569 2963 cum
3597 2924 3803 2980 magna

2223 2995 2571 3050 multitudine
2598 2995 2813 3050 obviam
2849 2995 3147 3062 venientes,
3175 2997 3352 3053 inaete
3380 3012 3505 3053 eum
3536 3000 3804 3069 repedare

2223 3084 2616 3154 compulerunt.
2659 3082 2738 3139 Eo
2753 3093 2991 3156 tempore
3005 3084 3284 3141 Palatinus
3298 3102 3480 3142 comes
3498 3085 3805 3143 Hereman-

2222 3188 2326 3229 nus
2358 3182 2412 3228 et
2438 3172 2563 3229 Otto
2602 3172 3034 3231 Constantiensis
3062 3177 3418 3246 excpiscopus
3455 3176 3527 3209 ⁸⁸¹
3547 3193 3616 3232 ex
3644 3188 3806 3249 parte

2222 3262 2461 3320 Heinriei
2482 3265 2688 3335 absque
2705 3266 3089 3322 ecclesiastica
3110 3267 3490 3324 communione
3515 3269 3623 3325 heu
3648 3271 3662 3326 1
3692 3270 3807 3326 mi-

2221 3355 2521 3409 serabiliter
2561 3356 2786 3425 periere.
2810 3344 2890 3413 Ex
2911 3365 3061 3426 parte
3088 3366 3269 3413 autem
3294 3359 3692 3418 catholicorum
3707 3380 3806 3419 re-

2220 3446 2628 3502 verentissimus
2643 3446 2930 3503 Anselmus
2944 3447 3205 3505 Lucensis
3220 3449 3475 3505 meelesim
3484 3453 3804 3524 episcopus,

2216 3533 2541 3605 jamdudum
2554 3553 2643 3591 mu
2651 3533 2756 3593 udo
2766 3540 3413 3619 cruciﬁxus,_migravitad
3425 3541 3722 3600 Dominum
3742 3548 3761 3598 l
3782 3547 3806 3599 i

2222 3628 2290 3660 δι’
2303 3627 2419 3682 Kal.
2436 3628 2652 3697 Aprilis.
2665 3628 2938 3700 Principes
2954 3631 3322 3702 Bajoariorum
3334 3634 3459 3693 duci
3478 3650 3583 3690 suo
3600 3635 3808 3691 Welz'o-

2222 3718 2278 3772 ni
2302 3718 2356 3772 in
2379 3719 2579 3788 pascha
2607 3718 2756 3790 (Apr.
2782 3721 2837 3792 5)
2869 3723 3281 3798 reconciliatiha
3325 3722 3581 3779 Heinrico
3595 3725 3807 3781 disces-

2223 3819 2429 3875 serunt,
2441 3825 2673 3880 eumque
2684 3826 2809 3885 eum
2822 3810 3011 3867 eodem
3025 3813 3160 3868 duce
3171 3822 3226 3867 et
3236 3812 3459 3884 reliquis
3472 3814 3808 3872 Alemanno-

2223 3915 2341 3953 rum
2368 3901 2699 3970 principibus
2726 3910 2932 3958 amiala
2944 3900 3109 3958 mauu
3126 3903 3436 3976 Ratispome
3456 3906 3804 3975 invaserunt,

2223 3996 2354 4043 etne
2372 3989 2648 4046 discedere
2662 4002 2867 4060 posset,
2882 3994 3052 4048 multo
3067 4003 3309 4064 tempore
3329 4010 3456 4051 eum
3472 3988 3547 4051 ibi
3563 3998 3808 4054 detinue-

2225 4087 2368 4134 runt.
2411 4078 2718 4135 Roubertus
2739 4081 2847 4135 dux
2868 4080 3308 4138 Normannorum
3340 4100 3439 4154 per
3484 4085 3805 4143 Calabriam

2225 4178 2385 4238 atque
2407 4168 2644 4226 Siciliam
2667 4181 2789 4241 post
2814 4173 3110 4228 multarum
3136 4181 3404 4229 terrarum
3433 4174 3804 4245 iuvasionem,

2224 4268 2344 4328 post
2374 4261 2669 4317 multorum
2696 4277 2991 4332 pauperum
3020 4272 3074 4318 et
3092 4264 3319 4319 divitum
3364 4267 3803 4335 oppressionem,

2223 4348 2379 4418 cujus
2401 4351 2648 4414 avariciaa
2674 4366 2773 4406 nec
2804 4351 3052 4407 Calabria
3074 4370 3173 4407 nec
3195 4353 3378 4410 Sicilia
3399 4357 3651 4424 suﬁecit,‘
3665 4360 3804 4429 quin

557 4452 625 4482 δ’δ’
648 4448 960 4532 decertavit,
994 4446 1210 4502 tandem
1240 4458 1306 4499 ex
1361 4442 1465 4498 hac
1514 4442 1633 4496 luce
1675 4457 1818 4495 anno
1837 4441 2123 4496 dominica:
2154 4440 2197 4494 D
2222 4450 2275 4495 et
2306 4440 2667 4521 transmarina
2689 4436 2978 4513 regna'sibi
3010 4445 3299 4517 subjugare
3317 4446 3617 4504 contra‘fas
3637 4457 3690 4503 ct
3707 4449 3805 4520 jus

561 4529 951 4595 incarnationis
991 4536 1147 4600 1085,
1178 4534 1469 4589 indictione
1504 4541 1727 4597 octava,
1761 4531 1815 4585 8.
1875 4529 1991 4583 Iial.
2023 4529 2120 4584 Ju—

561 4632 634 4686 nii
665 4630 1005 4692 subtractus,
1056 4639 1301 4695 superna:
1342 4624 1639 4677 vocationis
1681 4621 1925 4677 bravium
1966 4634 2122 4676 accc—

2229 4531 2579 4606 anhelav’erit,
2607 4533 2752 4588 viam
2778 4535 3044 4591 universae
3076 4544 3232 4592 terra:
3253 4535 3502 4607 arripuit.
3536 4537 3635 4593 His
3663 4547 3807 4596 tem-

2230 4621 2452 4689 poribus
2478 4621 2659 4677 fideles
2689 4624 2861 4678 sancti
2880 4624 3026 4680 Petri
3045 4625 3315 4696 principes
3338 4624 3642 4684 Suevorum
3673 4644 3806 4686 cum

536 4724 704 4791 pisse
760 4734 868 4774 non
913 4717 1209 4782 dubitatur,
1271 4713 1517 4785 sepultus
1556 4710 1772 4767 Salerni
1812 4713 1867 4767 in
1911 4710 2122 4787 agelesia
2194 4759 2201 4765 .
2232 4708 2540 4764 Saxonibus
2561 4710 2903 4785 etBajoariis
2928 4714 3177 4785 generale
3216 4700 3549 4787 colloquium
3576 4718 3807 4789 postfe-
3846 4742 3858 4753 ν

560 4810 731 4865 sancti
759 4809 977 4874 Mathei,
1009 4822 1170 4878 quam
1199 4807 1313 4877 ipse
1334 4805 1522 4861 eodem
1548 4817 1692 4858 anno
1707 4800 1991 4857 dedicavit.
2013 4800 2124 4868 Sed
2226 4801 2525 4856 stivitatem
2580 4803 2944 4872 apostolorum
2982 4818 3149 4875 prope
3190 4803 3511 4864 Wirceburc
3539 4810 3805 4868 condixe—

560 4901 627 4933 “‘
650 4900 941 4957 Guibertus
974 4896 1315 4953 beresiarcba
1342 4893 1678 4974 multumde
1705 4891 1853 4948 obitu
1879 4890 2013 4960 ejus
2045 4888 2110 4944 le-
2234 4900 2363 4974 runt
2400 4891 2559 4971 Qui.)
2586 4892 2740 4959 Quod
2768 4891 3054 4952 Heinricus
3098 4905 3425 4967 congregata
3456 4889 3834 4956 multTtudine'

561 4991 796 5057 tabatur,
828 4990 952 5043 licet
984 4999 1176 5057 parum
1221 4970 1597 5054 prosperitatis
1628 4996 1740 5037 suae
1792 4981 1935 5051 parti
1974 4980 2029 5034 in
2065 4995 2133 5035 eo
2184 4994 2185 4997 ‘
2238 4970 2665 5040 scismaticorum
2690 4984 3050 5041 interturbare
3068 4986 3259 5053 voluit;
3281 4996 3363 5043 set
3391 4985 3585 5045 Su'evis
3612 4985 3806 5059 super-
3864 4973 3879 4985 ’

1776 5156 1781 5161 ι
1841 5135 2070 5191 νΑΒΙιΕ
2109 5137 2502 5195 LECTIONES.

629 5261 699 5293 ⁵³⁸
730 5258 948 5312 Phadus
974 5256 1027 5310 2.
1100 5254 1169 5286 “'
1201 5252 1440 5323 episcopi
1476 5252 1530 5306 2'.
1571 5320 1588 5323 _
1624 5249 1920 5323 “‘__desuut
1948 5247 2004 5323 β.
2094 5248 2168 5323 f"
2194 5258 2247 5303 et
2263 5264 2318 5323 _s.
2347 5247 2623 5323 Padaeus:
2652 5212 2742 5306 2..
2783 5254 2853 5289 ⁸⁸⁸
2889 5271 2941 5323 p.
2974 5256 3028 5311 d.
3072 5266 3127 5311 et
3149 5256 3190 5311 f.’
3219 5273 3264 5311 s.
3308 5255 3369 5309 P.
3407 5271 3485 5312 ω.
3529 5258 3719 5314 deum
3742 5260 3801 5317 Ξ.

629 5271 699 5293 ⁵⁸⁵
734 5271 948 5312 l’ltadus
974 5271 1027 5310 2.
1100 5271 1169 5286 ’⁸-
1201 5271 1440 5323 episcopi
1476 5271 1530 5306 ι.
1624 5271 1694 5285 τ’*
1736 5271 1920 5303 acaum
1951 5271 2004 5302 ι.
2098 5271 2162 5280 π’
2194 5271 2247 5303 ei.
2272 5271 2318 5304 s.
2347 5271 2407 5304 r.
2436 5271 2623 5309 auum
2652 5271 2705 5306 Ζ.
2783 5271 2853 5289 ’⁸ο
2929 5297 2941 5309 .
2974 5271 3028 5311 α.
3072 5271 3127 5311 et
3149 5271 3187 5311 ι’.
3219 5273 3264 5311 s.
3311 5271 3369 5309 ι’.
3407 5271 3485 5312 m.
3529 5271 3719 5314 unus
3742 5271 3801 5317 Ξ.

561 5332 628 5365 ³³⁸
673 5328 784 5383 Illis
808 5355 878 5365 —
909 5324 1140 5379 ordinati
1182 5330 1310 5377 sunt
1347 5322 1534 5388 desunt
1563 5320 1619 5374 2.
1698 5319 1765 5351 “°
1805 5318 2213 5373 aniadvcrsione
2256 5319 2304 5371 I.
2391 5319 2553 5388 ,“lin
2581 5320 2849 5377 locorum
3006 5325 3073 5358 δι’
3102 5326 3243 5379 deest
3275 5324 3329 5379 2.
3403 5325 3474 5359 ⁸⁵³
3516 5329 3621 5383 sed
3654 5327 3712 5383 in
3742 5328 3801 5385 ιι,

563 5400 597 5453 i.
635 5415 690 5453 ιι.
728 5396 795 5452 ad
825 5410 899 5468 tu.
937 5392 975 5447 f.
1010 5391 1304 5468 desunt};
1339 5389 1438 5468 ,δι”
1456 5387 1585 5457 Erat
1611 5404 1772 5457 usque
1812 5388 2095 5468 diligenter
2146 5387 2750 5468 perl_eger_it.desut_it:2.__
2811 5387 3050 5468 “ideas!
3074 5393 3129 5449 2.
3209 5394 3278 5425 “‘
3316 5392 3420 5468 Sed
3460 5393 3809 5468 nequecura.

600 5468 811 5520 ulerunt
840 5464 1022 5517 desim!
1040 5462 1094 5516 2.
1166 5461 1232 5493 ⁸⁸⁷
1260 5454 1571 5515 IIeinricuin
1602 5453 1782 5543 gntae
1793 5453 2042 5509 θοι-Μίτυν
2064 5453 2324 5576 lay—ut»ku
2370 5454 2663 5581 l.ltt¥ykz
2685 5461 2785 5534 σῃ.
2862 5460 2930 5494 ⁸³⁸
2957 5460 3073 5516 loco
3097 5464 3422 5531 sequentium
3455 5465 3513 5519 2.
3535 5453 3674 5519 "alia
3702 5464 3808 5535 lgn-

600 5545 643 5581 ιιι
671 5546 786 5581 aute
817 5550 862 5581 ιι.
891 5549 1050 5581 suum
1077 5530 1181 5581 col.
1226 5529 1382 5581 1280.
1471 5526 1541 5560 ⁵⁸⁸
1578 5525 1780 5581 uvnrkv
1814 5526 1863 5579 Ι.
1897 5522 1963 5577 Η.
1994 5524 2082 5578 41³.
2156 5523 2224 5555 δ⁸⁹
2252 5523 2272 5575 I
2303 5564 2316 5577 .
2351 5540 2445 5579 rex
2531 5568 2543 5581 .
2584 5572 2586 5577 .
2669 5531 2685 5560 ¹
2714 5530 3003 5581 enisconus
3030 5530 3084 5581 2.
3149 5531 3220 5564 “’
3255 5531 3395 5581 XVI.
3426 5549 3567 5581 corr.
3599 5528 3717 5581 XV-
3744 5534 3803 5581 Δ-

594 5545 643 5588 et
671 5546 786 5605 qua:
817 5550 862 5586 υ.
891 5549 1050 5604 supra
1077 5530 1197 5608 cola
1226 5529 1382 5620 i280.
1471 5526 1541 5560 “’
1578 5522 1782 5596 u'yurk'y'
1814 5526 1863 5579 1.
1897 5522 1963 5577 Η.
1994 5522 2316 5670 Uno'll.
2351 5540 2445 5579 rex
2488 5522 2586 5581 ΞΣ.
2618 5522 3003 5602 “(episcopus
3030 5530 3084 5585 2.
3149 5522 3220 5564 ‘”
3255 5531 3396 5588 XVI.
3426 5549 3567 5590 corr.
3599 5528 3803 5611 1W3.

637 5711 816 5780 (£35!)
848 5709 1249 5789 Eberardus'et
1283 5701 1653 5775 Gandulphus.
1686 5703 1805 5761 Vid.
1844 5659 2342 5787 DomnizovinTVi'ta
2378 5667 2647 5783 Matini-dis
2669 5682 2767 5779 li-b.
2801 5722 2861 5773 Il,
2887 5721 2917 5762 c
3391 5691 3435 5767 ,’

3654 5882 3671 5899 Q

3710 5926 3725 5937 ι

3166 6068 3179 6080 ,
3215 6050 3224 6059 ¹
3269 6057 3297 6073 δ
3373 6048 3384 6058 ’
3497 6062 3510 6074 ι

3712 6150 3783 6179 ἐει-

3512 6264 3559 6293 ’.ι
