3970 6378
254 424 394 478 ίῦθἸ

1127 422 1411 478 APPEND.
1451 423 1536 477 lll.
1578 453 1648 464 —--
1682 421 2114 477 MONUMENTA
2151 417 2611 476 GREGORIANA.

3355 416 3482 470 1593

249 531 482 588 :eelcsia:
510 531 577 586 de
603 531 855 586 manibus
880 531 999 601 ejus
1027 531 1153 587 dolo
1195 549 1297 588 suo
1338 534 1530 588 maluit
1573 534 1821 599 liberare,
1853 537 1900 593 Α
1923 533 2282 602 Augustensis
2321 532 2607 600 episcopus
2630 535 2751 597 post
2789 525 3247 594 recuperationem
3274 543 3384 581 sum
3407 528 3486 582 ci-

249 637 420 692 quam
469 621 538 676 de
571 621 774 676 eisdem
803 637 928 677 eum
958 623 1182 678 domino
1210 641 1311 678 suo
1339 641 1476 694 pene
1506 626 1710 694 absque
1733 640 1827 694 pe-

249 710 430 764 riculo
461 711 520 764 in
549 712 811 766 honorem
857 711 950 766 Dei
996 721 1052 766 et
1081 714 1254 768 sancti
1286 713 1433 768 Petri
1471 703 1821 790 triumphare.

250 799 321 854 Et
348 801 451 855 hoc
489 801 676 870 utique
704 801 824 856 ideo
851 843 866 865 ,
900 803 1030 871 quia
1057 803 1168 872 jam
1195 804 1442 874 concepit
1469 804 1652 860 atumo
1669 845 1683 868 ,
1728 803 1825 858 do—

251 891 469 945 minum
498 907 662 947 suum
695 907 862 961 regno
894 892 1125 960 privare.
1246 935 1256 944 .

852 980 900 1034 M
909 981 1232 1038 LXXXVIII.

328 1072 704 1127 llcremannus
741 1087 834 1126 rex
875 1073 1211 1128 nativitatem
1239 1073 1454 1130 Domini
1489 1076 1545 1130 in
1589 1074 1825 1130 Saxonis

250 1163 566 1225 celebravit,
593 1163 684 1216 ubi
712 1172 766 1217 et
790 1161 1106 1233 Eggibertus
1145 1180 1420 1227 comesse
1448 1180 1674 1237 regnum
1699 1166 1826 1220 aﬂ‘e—

251 1263 406 1308 etare
445 1251 847 1319 manifestavit,
886 1263 970 1308 set
1021 1254 1337 1322 incassum,
1385 1271 1510 1310 nam
1555 1256 1826 1325 principes

251 1343 410 1413 regni
454 1344 504 1398 ei
531 1343 794 1398 assentire
838 1343 1161 1410 noluerunt,
1218 1345 1387 1400 immo
1422 1355 1573 1402 tanto
1616 1347 1826 1402 ﬁrmius

251 1432 458 1485 domno
481 1433 592 1501 regi
612 1432 866 1502 deinceps
891 1433 1148 1512 adherere
1179 1445 1435 1506 ceperunt
1461 1436 1548 1490 ⁸⁷³,
1581 1435 1827 1491 Berthal-

251 1529 361 1582 dus
389 1529 581 1584 doctor
610 1529 881 1599 egregius,
921 1531 977 1584 in
1009 1519 1180 1586 saeris
1209 1531 1382 1586 literis
1425 1531 1668 1601 adprime
1697 1545 1824 1584 eru-

251 1617 425 1681 ditus,
450 1618 504 1670 in
532 1628 807 1673 senectute
831 1621 970 1673 bona
999 1621 1189 1697 plenus
1231 1621 1452 1697 dierum.
1480 1621 1732 1691 migravit
1759 1619 1827 1673 ad

252 1703 550 1760 Dominum
585 1707 638 1760 4.
675 1707 799 1762 ldus
825 1708 1021 1762 Martii.
1069 1707 1164 1763 His
1190 1705 1522 1780 temporibus
1549 1710 1730 1764 Pisani
1774 1719 1828 1764 et

253 1796 572 1850 Genuenses
603 1795 784 1866 (1560)
821 1806 875 1851 et
900 1798 990 1852 alii
1013 1799 1170 1853 multi
1207 1814 1272 1854 ex
1315 1798 1466 1855 Italia
1494 1800 1825 1854 Aﬁ'ricanum

1928 622 2132 686 vitatis,
2155 629 2210 675 et
2229 619 2530 689 captionem
2565 615 2815 687 Sigifredi
2840 615 3286 684 pscudoepisc0pi
3316 615 3382 646 ‘7‘
3402 616 3486 670 sui

1929 712 2386 781 supplantatoris,
2443 719 2498 764 et
2552 710 2667 778 ipse
2718 707 2861 761 diem
2917 706 3110 760 clausit
3162 715 3484 760 extremum.

1903 801 2110 866 ,Hezel,
2150 801 2497 855 ﬁdelissimus
2539 799 2695 852 miles
2729 797 2903 852 sancti
2947 795 3090 848 Petri
3125 794 3191 826 ³⁸⁰
3228 803 3281 848 et
3321 795 3486 847 advo-

1927 902 2081 947 catus
2111 899 2313 947 sancta:
2356 889 2540 944 Maria:
2575 887 2863 958 Augiensis
2902 887 3168 952 carnobii,
3211 895 3483 939 monaste-

1927 984 2071 1038 rium
2100 982 2155 1036 in
2180 982 2446 1036 honorem
2471 980 2536 1012 ⁸⁸⁸
2573 979 2745 1033 sancti
2784 977 3028 1046 Gregorii
3061 975 3240 1045 0562)
3276 977 3326 1028 in
3363 990 3482 1044 pro-

1929 1074 2049 1144 prio
2074 1072 2272 1127 allodio
2301 1071 2634 1135 construxit,
2666 1069 2722 1122 in
2767 1083 2874 1137 quo
2907 1067 3022 1135 ipse
3051 1067 3268 1120 demum
3300 1082 3488 1120 mona-

1928 1168 2066 1220 chus
2111 1162 2287 1218 factus
2317 1163 2568 1232 migravit
2601 1160 2664 1214 ad
2703 1158 2988 1213 Dominum
3030 1155 3282 1210 Kalendis
3320 1156 3483 1210 Junii.

1927 1254 2006 1310 Eo
2032 1256 2102 1287 ⁸⁸⁸
2132 1255 2372 1324 tempere
2405 1253 2626 1323 quidam
2655 1250 2898 1304 tiuiberti
2931 1247 3290 1302 heresiarchze
3319 1249 3488 1304 disci-

1927 1346 2109 1414 pulus,
2136 1345 2387 1400 videlicet
2415 1341 2831 1398 Wormadensis
2862 1339 3370 1408 pseudoepiscopus,
3394 1340 3488 1406 qui

1927 1436 2073 1488 illam
2119 1436 2301 1490 sedem
2348 1450 2443 1504 per
2487 1433 2826 1490 seismaticos
2876 1445 2983 1484 non
3019 1438 3368 1484 consecratus
3409 1438 3489 1482 set

1928 1534 2208 1581 execratus
2224 1525 2439 1590 invasit,
2454 1525 2670 1579 tandem
2683 1522 3006 1591 resipiscens
3025 1529 3076 1574 et
3089 1521 3155 1573 ad
3171 1519 3489 1574 catholicam

1929 1616 2223 1688 [melcsiam
2252 1615 2346 1688 ³⁸⁸]
2393 1616 2627 1680 rediens,
2671 1614 3041 1682 episc0patum
3069 1611 3294 1674 dimisit,
3328 1626 3491 1678 seque

1927 1707 1994 1760 ad
2018 1707 2366 1774 penitentiam
2410 1706 2462 1759 in
2502 1704 2871 1772 llirsaugiensi
2908 1704 2974 1734 ⁸⁸⁸
2997 1701 3328 1756 monasterio
3363 1715 3493 1754 con-

1929 1796 2169 1850 tradidits
2217 1796 2309 1850 Sic
2349 1796 2535 1865 utique
2583 1795 2694 1864 jam
2739 1801 2863 1846 ante
2901 1792 3190 1844 triennium
3244 1798 3297 1841 et
3354 1790 3492 1843 alius

252 1903 437 1958 regem
481 1904 751 1959 paganum
777 1873 1044 1946 hostiliter
1073 1893 1407 1960 invaserunt,
1445 1903 1498 1949 et
1521 1894 1823 1964 depraedata
1859 1876 1900 1930 Β
1925 1887 2165 1956 ejusdem
2191 1885 2430 1941 Guiberti
2451 1885 2750 1954 discipulus
2769 1924 2782 1948 ,
2810 1881 3063 1936 Metcnsis
3091 1881 3311 1948 inquam
3338 1894 3491 1946 pseu-

251 1981 374 2050 ejus
399 1988 564 2045 terra,
597 1981 772 2050 ipsum
817 1983 869 2035 in
895 1984 1168 2052 quandam
1209 1987 1564 2040 munitionem
1603 2002 1827 2054 compu-

253 2067 456 2133 lerunt,
489 2079 545 2122 et
563 2083 687 2122 eum
715 2069 968 2140 deinceps
1002 2074 1312 2141 apostolica:
1339 2075 1450 2129 sedi
1477 2076 1823 2130 tributarium

253 2157 569 2213 effecerunt.
609 2158 729 2213 Dux
758 2159 906 2215 Welf
934 2162 1003 2193 ⁸⁷⁸
1033 2163 1307 2218 civitatem
1339 2165 1641 2236 Augustam
1666 2183 1824 2221 recu-

234 2249 486 2318 peravit,
534 2259 693 2318 capto
729 2250 969 2320 ejusdem
1010 2254 1356 2323 cpisc0patus
1390 2255 1640 2310 invasore
1683 2254 1825 2324 Sigi--

255 2339 432 2396 fredo.
461 2339 578 2412 Ugo
601 2358 783 2399 comes
816 2343 883 2398 de
922 2342 1276 2415 Egenesheim
1311 2344 1570 2400 Alsatiam
1589 2345 1703 2414 jam
1733 2345 1825 2397 diu

257 2435 327 2488 ab
361 2433 600 2500 inimicis
642 2444 958 2504 occupatam
993 2435 1202 2488 invasit
1243 2435 1334 2502 ‘7‘,
1363 2444 1442 2489 ‘et
1487 2436 1558 2467 ³⁷⁸
1603 2451 1826 2506 recupe-

257 2539 380 2578 rare
425 2522 496 2555 ⁸⁷³
535 2525 814 2592 temptavit
862 2525 951 2577 ⁸⁷⁸.
1002 2523 1267 2581 Metenses
1321 2525 1654 2594 Brunonem,
1682 2529 1826 2585 [ilius

257 2613 404 2668 sedis
429 2628 794 2682 pervasorem,
831 2614 1049 2684 penitus
1082 2631 1113 2668 a
1142 2609 1365 2670 'civitate
1407 2618 1711 2686 expellunt,
1737 2635 1825 2674 se-

257 2717 365 2771 que
390 2702 600 2756 nullum
624 2702 876 2772 deinceps
907 2704 1011 2757 nisi
1048 2705 1346 2774 legitimum
1373 2715 1644 2774 pastorem
1685 2723 1826 2762 rece-

257 2801 448 2861 pluros
485 2793 798 2863 iuramento
837 2796 1218 2859 firmaverunt,
1256 2793 1349 2863 qui
1380 2809 1446 2848 eo
1485 2805 1724 2866 tempore
1769 2797 1822 2850 in

258 2879 458 2940 Tuscia
480 2882 820 2938 detinebatur
859 2883 913 2937 in
939 2884 1208 2953 captione.
1241 2883 1299 2938 ln
1327 2883 1560 2939 Saxonia
1586 2887 1688 2956 pize
1713 2903 1826 2941 me-

259 2971 448 3025 moria:
489 2971 830 3028 Burcbardus
890 2972 1344 3030 llalverstatensis
1395 2976 1716 3046 episcopus,
1771 2979 1823 3030 in

257 3077 426 3116 causa
451 3063 625 3117 sancti
651 3063 792 3118 Petri
820 3064 1189 3131 firmissimus,
1214 3066 1380 3121 eheu!
1413 3067 1704 3133 occiditur;
1732 3069 1823 3122 sed

258 3153 429 3208 nichil
490 3153 669 3209 differt
712 3152 779 3209 an
826 3154 990 3210 febris
1033 3171 1102 3209 an
1142 3157 1354 3225 gladius
1389 3157 1569 3211 mittat
1607 3173 1708 3212 nos
1754 3158 1821 3211 ad

257 3241 574 3297 Dominum.
623 3243 867 3313 Migravit
899 3245 968 3275 ⁸⁷⁸
991 3254 1172 3298 autem
1199 3246 1266 3299 ad
1291 3244 1581 3300 Dominum
1616 3246 1668 3300 8.
1697 3245 1821 3301 ldus

257 3331 481 3400 Aprilis.
519 3331 809 3387 Guibertus
851 3342 1031 3388 autem
1067 3335 1441 3391 heresiarehes
1486 3336 1726 3390 nondum
1755 3336 1822 3390 a‘s

258 3422 544 3478 invasione
584 3424 728 3479 sedis
771 3425 1080 3496 apostolica:
1108 3428 1362 3492 cessavit,
1409 3443 1509 3482 nec
1540 3427 1824 3483 Heinricus

260 3513 558 3595 imperator
588 3515 758 3584 ipsius
796 3522 1140 3571 veternosam
1182 3517 1505 3570 tirannidem
1533 3517 1600 3548 ⁸⁷⁷
1635 3527 1825 3572 contra

258 3601 446 3662 fideles,
465 3604 638 3658 sancti
654 3601 799 3659 Petri
823 3604 1092 3674 deponere
1111 3607 1304 3674 voluit,
1327 3623 1466 3678 quos
1497 3617 1675 3663 tamen
1704 3609 1824 3662 via-

257 3708 381 3748 eere
415 3709 525 3748 non
566 3694 760 3764 potuit.
798 3694 986 3750 Romae
1009 3697 1312 3754 cardinales
1351 3699 1590 3769 episcopi
1619 3708 1674 3754 et
1696 3699 1825 3755 reli-

257 3787 353 3857 qui
383 3787 450 3842 de
485 3787 631 3842 clero
655 3797 708 3842 et
726 3787 926 3857 populo
950 3788 1203 3844 catholici
1226 3787 1478 3845 Ottonem
1519 3789 1825 3848 Ostiensem

257 3879 596 3948 episcopum,
626 3876 885 3950 religione
921 3889 974 3934 et
1003 3880 1310 3936 eruditione
1337 3881 1668 3952 precipuum
1687 3925 1700 3950 ,
1725 3898 1823 3954 pa-

257 3982 386 4035 pam
443 3967 617 4020 161m
667 3969 1090 4036 ordinaverunt,
1138 3969 1297 4039 eique
1350 3986 1549 4026 nomen
1601 3974 1822 4028 secundi

259 4052 466 4109 Urbani
487 4056 795 4112 indiderunt
817 4059 870 4113 4.
903 4057 1030 4115 ldus
1062 4058 1268 4126 Martii;
1305 4061 1400 4128 qui
1424 4063 1606 4116 statim
1645 4063 1698 4115 in
1734 4078 1822 4116 se-

258 4146 448 4215 quenti
482 4147 570 4202 die
596 4148 780 4204 missis
810 4149 982 4204 literis
1010 4149 1190 4218 (l56l)
1231 4150 1485 4220 omnibus
1524 4151 1824 4215 catholicis,

257 4244 314 4290 et
337 4251 492 4290 suam
519 4237 913 4291 ordinationem
942 4237 1197 4291 omnibus
1229 4235 1544 4302 declaravit,
1586 4247 1641 4294 et
1683 4254 1742 4294 se
1772 4241 1828 4294 in

259 4327 514 4382 omnibus
538 4327 760 4399 vestigia
787 4328 872 4382 sui
894 4328 1304 4398 praedecessoris
1327 4329 1428 4399 pia:
1450 4329 1521 4362 ⁸⁷⁸
1555 4331 1830 4386 memoria:

258 4413 506 4486 Gregorii
521 4483 525 4496 Ι
538 4431 691 4486 papa:
712 4416 1124 4478 observaturum
1161 4417 1524 4473 denunciavit.
1545 4418 1830 4490 Wigoldus

1929 1977 2287 2046 doepiscopus
2319 1974 2532 2044 (1565),
2563 1973 2856 2042 penitentia
2894 1972 3088 2027 ductus
3123 1970 3490 2040 episcopatum

1926 2067 2160 2133 dimisit,
2197 2081 2359 2136 quem
2401 2064 2582 2118 statim
2623 2063 2828 2126 Bruno,
2871 2063 3029 2129 cujus
3058 2061 3309 2130 superius
3339 2076 3458 2114 men
3481 2091 3493 2100 -

1929 2158 2131 2212 tionem
2161 2155 2420 2221 fecimus,
2450 2169 2559 2209 non
2600 2154 2783 2207 minus
2813 2151 3068 2220 sacrilege
3109 2151 3324 2203 invasit.
3358 2149 3489 2203 Nam

1928 2264 2023 2317 per
2073 2247 2411 2301 seismaticos
2462 2245 2712 2308 intravit,
2760 2244 2974 2296 vivente
3021 2241 3196 2295 adhuc
3256 2240 3494 2308 legitimo

1927 2337 2071 2390 illius
2117 2335 2259 2390 sedis
2287 2343 2503 2403 pastore
2551 2331 2914 2397 Heremanno,
2948 2332 3040 2400 qui
3089 2331 3270 2398 potius
3320 2331 3370 2382 in
3411 2345 3497 2382 ca-

1927 2427 2110 2498 ptione
2156 2425 2423 2489 detineri,
2473 2439 2638 2493 quam
2689 2424 2745 2476 in
2793 2423 3047 2478 seismatc
3095 2437 3192 2490 pro
3240 2422 3492 2490 episcolio

1929 2517 2184 2572 honorari
2212 2517 2282 2549 ’⁵⁸⁸
2308 2516 2574 2572 catholice
2602 2515 2797 2598 delegit
2821 2515 2911 2568 “'.
2953 2513 3305 2569 Gebchardus
3338 2528 3491 2567 reve-

1927 2610 2106 2663 rendae
2134 2609 2409 2663 memoriae
2454 2607 2770 2668 Juvavensis
2817 2606 3258 2675 archiepiscopus
3279 2646 3293 2668 ,
3341 2604 3396 2657 in
3425 2604 3492 2635 ⁸⁸⁷

1927 2715 2093 2754 causa
2135 2699 2310 2752 sancti
2350 2699 2494 2753 Petri
2526 2702 2851 2767 praecipuus,
2897 2698 2990 2766 qui
3030 2697 3367 2752 seismaticos
3395 2712 3494 2764 pu-

1925 2782 2062 2843 bliCe
2089 2788 2247 2843 dictis
2273 2797 2329 2842 et
2375 2789 2593 2858 scriptis
2620 2787 2903 2841 confutare
2951 2785 3251 2848 consuevit,
3282 2786 3347 2837 de
3392 2785 3491 2838 hac.

1925 2881 2045 2935 luce
2076 2881 2158 2934 l7.
2193 2880 2309 2934 Kal.
2340 2879 2464 2934 Julii
2495 2881 2565 2912 ⁸⁸³
2613 2880 2943 2942 subtractus,
2995 2891 3250 2946 magnum
3277 2875 3344 2906 m
3375 2889 3487 2927 me-

1927 2989 2106 3028 rorcm
2154 2973 2439 3028 catholicis
2485 2971 2790 3040 dereliquit.
2843 2967 3189 3024 Bernhardus
3226 2959 3490 3020 Constan—

1927 3065 2180 3119 ticnsium
2231 3065 2488 3134 magister
2536 3063 2827 3125 scolarum,
2877 3061 2959 3113 vir
2985 3058 3404 3123 eruditissimus,
3439 3058 3489 3110 in

1925 3169 2090 3208 causa
2136 3155 2310 3209 sancti
2356 3155 2502 3209 Petri
2533 3152 2992 3216 ferventissimus,
3024 3151 3079 3203 in
3109 3148 3342 3203 Saxonia
3389 3149 3490 3202 sub

1924 3248 2242 3302 monachica
2292 3247 2628 3317 professione
2670 3246 2920 3316 migravit
2967 3246 3034 3298 ad
3081 3244 3370 3298 Dominum
3400 3244 3487 3295 δεο.

1927 3339 2132 3394 Weeilo
2159 3338 2543 3410 Mogontiensis
2563 3347 2615 3393 et
2635 3335 3012 3405 Meginhardus
3038 3334 3492 3404 Wireiburgensis

1927 3427 2409 3496 pseudocpiscopi,
2468 3426 2606 3480 inter
2670 3424 3007 3478 seismaticos
3068 3421 3371 3476 eruditione
3437 3434 3490 3476 et

1927 3534 2112 3573 errore
2155 3518 2433 3588 praecipui,
2479 3517 2684 3585 absque
2711 3513 3060 3569 melesiastica
3106 3513 3491 3566 communium:

1929 3610 1985 3663 in
2006 3611 2185 3663 locum
2209 3625 2367 3664 suum
2391 3609 2606 3671 misere,
2625 3615 2706 3661 set
2728 3622 2832 3659 non
2861 3604 3259 3668 miserabiliter,
3291 3604 3488 3658 abiete.

1935 3701 2177 3756 Saxones
2205 3718 2236 3755 a
2265 3701 2521 3756 fidelitate
2550 3699 2723 3754 sancti
2749 3698 2894 3752 Petri
2923 3697 3260 3752 discedentes
3279 3740 3292 3762 ,
3333 3697 3495 3751 Hein-

1931 3794 2127 3858 ricum,
2156 3809 2316 3862 quem
2366 3792 2682 3847 multotiens
2711 3791 3114 3860 abjuraverant,
3147 3800 3488 3859 receperunt;

1930 3885 2072 3940 unde
2100 3883 2473 3939 lleremannus
2503 3900 2596 3937 rex
2626 3883 2926 3937 catholicus
2955 3883 3022 3934 ab
3049 3875 3128 3934 eis
3158 3881 3209 3932 in
3244 3881 3493 3933 Lothrin‘

1927 3975 2070 4044 giam
2099 3976 2343 4039 secessit,
2373 3974 2553 4042 ibique
2581 3988 2687 4026 non
2718 3972 2887 4024 multo
2914 3979 3035 4038 post
3061 3970 3202 4021 viam
3235 3970 3494 4028 universa:

1928 4073 2084 4117 terra;
2133 4063 2380 4131 arripuit,
2412 4077 2556 4116 anno
2583 4060 2868 4114 dominica:
2895 4059 3306 4113 incarnationis
3339 4057 3490 4119 l088,

1928 4153 2078 4223 regni
2120 4168 2250 4207 vero
2289 4153 2410 4223 ejus
2449 4153 2499 4218 7,
2545 4151 2840 4206 indictione
2881 4150 2968 4214 15,
3007 4150 3143 4204 etin
3181 4149 3351 4219 patria
3395 4162 3490 4200 sua

1931 4243 2087 4299 Metis
2134 4245 2431 4298 honorifice
2475 4242 2730 4312 sepelitur
2775 4242 2976 4311 (1564).
3027 4238 3223 4294 lterum
3255 4238 3495 4293 Saxones

1933 4332 2168 4388 factione
2196 4332 2466 4403 Eggiberti
2497 4331 2827 4386 marchionis
2870 4329 3120 4383 Heinrico
3149 4329 3493 4393 rebellarunt,

1931 4439 2186 4493 cumque,
2212 4424 2405 4477 ablatis
2452 4423 2555 4476 sibi
2587 4421 2854 4490 regalibus
2900 4421 3223 4518 insigpibus,
3258 4420 3324 4474 de
3351 4420 3496 4500 obsi-

1540 4552 1766 4608 VABIE
1799 4554 2194 4610 LECTIONES.

330 4663 402 4735 "’_'
455 4663 565 4735 alio
596 4672 848 4735 tempore
877 4665 1045 4735 pergit
1091 4664 1140 4716 Ι.

1245 4663 1673 4735 "fWelfoeraso
1695 4679 1728 4717 ο
1763 4665 1813 4718 Ι.
1838 4665 1997 4720 welfo
2014 4667 2081 4735 ευ)
2157 4668 2224 4700 ’⁵⁷⁵
2250 4669 2305 4721 in
2330 4668 2442 4722 loco
2459 4685 2578 4722 raso
2601 4669 2778 4722 littera
2806 4669 2996 4720 minori
3017 4668 3058 4735 1..

3157 4664 3225 4696 ⁸⁷⁸
3247 4663 3495 4732 Migravit

258 4732 558 4811 -_—-‘Aprilis
587 4733 642 4811 in
669 4721 791 4811 loca
813 4721 934 4787 raso
958 4721 1168 4811 littnm.
1211 4733 1251 4811 1¹
1269 4733 1582 4811 ᾴεεαηιβδς
1617 4749 1839 4811 qugrum
1869 4721 2030 4811 loco}
2063 4736 2127 4792 Et
2157 4738 2270 4793 base
2300 4721 2700 4811 quidemrapud
2719 4737 2899 4811 fideles
2933 4737 2988 4787 ὃ.
3023 4733 3165 4811 lfetri
3199 4721 3496 4811 agebvantur

259 4801 460 4877 ῥαίνει--
485 4801 663 4877 et_ita
709 4804 942 4877 primum
983 4801 1320 4877 a__I_3ernoldo
1375 4801 1637 4877 scriptum
1668 4803 1865 4877 fuisse,
1907 4807 2216 4877 priusquam
2276 4801 2600 4877 prasentem'
2634 4806 2906 4877 Iectipnem
2931 4801 3496 4877 _reciperet,it_~estigia

261 4871 316 4926 in
344 4872 520 4925 codice
547 4871 596 4923 1.
627 4871 948 4928 ostendunt.‘.

259 4943 444 4996 desunt
472 4941 524 4994 2.
630 4938 699 4970 ⁸⁸⁰
729 4956 772 4994 s.
799 4939 858 4993 P.
887 4937 1071 5006 desunt
1126 4940 1180 4993 2.
1285 4941 1352 4972 m
1382 4937 1448 4993 in'
1470 4941 1523 4994 ll.
1556 4941 1744 4996 desunt
1773 4943 1824 4999 2.

260 5013 347 5066 ιδ,
442 5011 517 5079 αἱ
541 5010 1288 5079 birsaugensi“superscripto
1342 5011 1357 5064 i
1411 5011 1460 5064 l.

259 5081 449 5134 desunt
500 5077 553 5133 2.
657 5077 840 5132 “'17.
879 5077 1136 5133 KalJul.
1168 5077 1350 5134 desunt
1393 5082 1476 5134 ιιι.

266 5149 338 5182 ⁸³⁸
362 5151 529 5220 pergit
577 5150 625 5202 1.

336 5325 517 5395 (I360)
559 5327 632 5380 De
667 5326 890 5381 victoria
921 5325 1021 5378 hac
1053 5324 1122 5379 cf.
1163 5325 1404 5395 Leonem
1439 5325 1739 5380 Ostiensem
1775 5326 1828 5389 3,

273 5389 353 5453 3t).
384 5403 436 5448 et
458 5389 676 5450 carmen
698 5397 751 5449 in
775 5396 971 5464 codice,
989 5396 1134 5464 regio
1162 5393 1494 5448 Bruxellcnsi
1525 5403 1827 5458 servatum;

263 5479 315 5516 ν.
345 5464 580 5519 Annales
611 5474 828 5519 nostros
864 5475 900 5517 t.
935 5463 1066 5527 νηί
1087 5475 1138 5533 p.
1173 5464 1293 5517 559.

338 5535 520 5604 (1561)
560 5533 786 5604 Exstant
824 5531 1167 5604 _i_n_i\la_rtenii
1219 5531 1534 5586 collectione
1583 5531 1822 5585 Monum.

262 5601 508 5671 atnpliss.
541 5613 580 5658 t.
615 5603 655 5663 l,
683 5602 784 5656 col.
819 5602 940 5671 520.
965 5601 1102 5671 pllss.
1457 5669 1466 5671 Α
1608 5658 1618 5667 ,

337 5669 518 5739 (⁷1562)
557 5673 614 5726 In
648 5670 918 5741 Chronico
958 5670 1014 5741 8ἷῖ
1048 5672 1283 5741 Georgii,
1329 5669 1741 5741 quodexstabat
1767 5671 1821 5724 in

264 5741 540 5808 depcrdito
581 5744 690 5810 jam
743 5739 927 5793 codice
981 5739 1301 5810 Villingano,
1359 5740 1632 5809 legebatur
1669 5741 1733 5793 ad
1768 5759 1814 5793 a.

1560 5011 1631 5042 ⁸⁸⁸
1660 5012 1714 5065 in
1742 5013 1856 5066 loco
1886 5031 2006 5066 raso
2038 5014 2075 5064 l.
2111 5030 2179 5064 m.
2219 5013 2242 5064 l

1587 5080 1657 5111 ⁸⁸³
1703 5083 1786 5134 hic
1837 5084 1890 5134 in
1934 5083 1986 5134 2.
2039 5081 2224 5150 folium
2272 5083 2504 5135 excisum
2561 5080 2669 5146 est;
2694 5080 2858 5151 pergit
2911 5083 3224 5136 matizatum
3253 5094 3491 5133 censere.

1671 5189 1678 5196 ’
1764 5218 1990 5276 seu).

1025 4873 1092 4902 ⁸⁷⁷
1123 4879 1312 4926 contra
1334 4901 1404 4910 —-—
1432 4871 1607 4941 potuit
1662 4872 1718 4924 in
1763 4873 1877 4928 loco
1907 4871 2046 4930 'raso
2070 4871 2123 4930 Ἰ.
2181 4894 2249 4930 m.
2276 4871 2336 4928 ’1.
2441 4876 2510 4906 ⁸⁷⁸
2583 4915 2595 4927 .
2626 4889 2698 4926 ιη.
2732 4873 2797 4926 G.
2823 4889 2874 4941 p.
2907 4874 3092 4927 desunt
3120 4874 3173 4927 2.
3262 4873 3331 4905 "9
3361 4887 3412 4941 p.
3443 4888 3474 4926 e

1025 4949 1071 4992 ut
1126 4940 1180 4993 2.
1285 4941 1352 4972 ⁸⁸⁸
1382 4941 1437 4993 in
1470 4941 1523 4994 h.
1556 4941 1744 4996 desunt
1773 4943 1824 4998 2.
1929 4946 1998 4977 ⁸⁸³
2027 4945 2104 4997 Eo
2125 4974 2193 4983 —
2217 4944 2480 4998 catholice
2535 4890 2730 4998 geleait
2757 4943 2942 4995 desunt
2994 4944 3048 4996 2.
3150 4943 3219 4974 ⁸⁸³
3246 4944 3386 4994 deest
3442 4943 3464 4994 Ι

2573 4959 2602 4996 e

1929 4913 2480 4998 2:.°‘i.:.;'_"z.;.;.n..
2535 4913 3092 5013 tutariersrraz"
3246 4913 3412 5013 αεεέίο
3442 4913 3492 4994 ῑῖ

2346 5013 2414 5044 ⁵⁸⁸
2445 5015 2635 5066 iterum
2661 5009 2828 5082 pergit
2861 5013 2904 5066 l.
2995 5014 3061 5044 “‘7
3101 5013 3151 5064 in
3189 5027 3236 5064 c.
3272 5026 3316 5063 s.
3345 5009 3403 5062 P.
3439 5027 3492 5078 p.

1932 5328 2068 5383 1084
2099 5351 2110 5383 :
2152 5331 2264 5384 Hoc
2295 5347 2431 5383 anno
2463 5331 2595 5382 cella
2640 5328 2695 5381 S.
2729 5326 2935 5394 Georgii
2986 5327 3228 5394 primitus
3255 5327 3491 5394 'inctrptn

1926 5409 2018 5451 εει·
2049 5401 2340 5468 aediﬁcari;
2385 5408 2437 5450 et
2471 5399 2536 5450 ad
2570 5413 2619 5468 a7.
2659 5397 2831 5468 1088*:
2867 5392 3008 5468 Vobiit
3035 5395 3186 5448 Ifezil
3245 5392 3493 5468 [τριάριοι-

1927 5469 2077 5522 cella:
2110 5457 2166 5521 SI
2201 5457 2447 5536 Georgii;
2467 5467 2610 5536 quod
2636 5480 2758 5536 cum
2784 5463 3049 5536 llernoldo
3066 5457 3488 5536 conveniunUss.

1930 5537 2204 5658 "Agna;
2232 5527 2384 5588 Walo
2421 5527 2716 5586 SfArnulli
2753 5533 2923 5587 abbas
2965 5549 3026 5586 ex
3065 5531 3287 5599 llugone
3311 5527 3492 5580 Flavi-

2002 5674 2182 5736 (156l)
2222 5674 2303 5727 Cf.
2335 5673 2534 5728 Chron.
2579 5672 2888 5726 Pcterslius.
2917 5672 2949 5722 l.
2989 5685 3044 5733 ll,
3080 5683 3131 5718 II.
3167 5667 3253 5720 '59.
