3970 6342
242 421 375 476 HO!

1089 421 1369 478 APPEND.
1412 423 1496 480 ill.
1540 457 1607 467 —
1644 427 2074 487 MONE'RIENTA
2109 431 2567 490 GREGORIANA.

3335 443 3470 497 {£02

243 530 408 586 fossis
448 532 642 599 oculis,
674 540 886 586 truncat
911 546 936 585 ε.
962 533 1212 588 manibus
1239 550 1371 608 pene
1399 537 1636 591 manris
1659 553 1806 592 rnar-
1836 543 1882 598 Α
1908 543 2091 598 manis
2104 544 2332 614 turpiter
2357 546 2660 616 expellitur,
2689 556 2743 601 et
2769 563 2836 622 ne
2865 549 3095 617 amplius
3120 550 3469 620 apostolicam

243 630 372 683 tirio
415 637 726 683 coronantur.
768 627 825 684 lu
868 630 1185 684 Alcmannia
1224 629 1349 686 Otto
1393 649 1593 702 comes,
1631 635 1810 704 impu-

238 722 594 778 dentissimus
614 721 840 786 adulter,
866 729 919 775 et
941 739 1038 792 pro
1059 722 1323 778 adulterio
1346 740 1377 778 a
1403 723 1808 780 Constantiensi

272 812 498 882 pisc0po
545 813 1064 877 excommunicatus,
1116 812 1207 867 Dei
1245 815 1450 884 judicio
1496 815 1808 884 turpissime

239 902 540 956 i'ecollatur
575 919 606 957 a
634 903 894 956 militibus
923 902 1180 958 Ludovici
1211 905 1447 972 comitis,
1481 905 1638 974 cujus
1667 921 1806 959 uxo-

231 1004 355 1045 rem
388 992 619 1061 publicis
660 991 882 1060 nuptiis,
913 1007 978 1044 eo
1013 992 1240 1058 vivente,
1277 993 1379 1048 sibi
1425 993 1808 1047 nefandissime

231 1083 541 1151 eopulavit;
577 1082 668 1151 qui
711 1082 852 1150 apud
880 1083 1268 1137 monasterium
1310 1081 1385 1137 in'
1407 1084 1607 1153 prtedio
1636 1084 1806 1152 ipsius

232 1181 611 1226 constructum
650 1188 679 1225 a
724 1166 1140 1242 suis'sepultus,
1169 1175 1336 1242 jussu-
1373 1173 1806 1230 Constantiensis

229 1262 475 1332 episcopi
509 1262 742 1332 cjicitur,
767 1272 839 1324 et.
864 1273 921 1318 ut
950 1264 1211 1333 scriptum
1248 1273 1349 1328 est,
1373 1265 1437 1318 ad
1469 1265 1804 1334 sepulturam

230 1353 391 1414 asini.
415 1353 723 1423 deputatur.
756 1353 949 1408 Milites
975 1370 1190 1424 quoque
1226 1355 1344 1424 ejus
1369 1370 1497 1424 epes
1532 1355 1698 1424 ipsius
1731 1356 1807 1408 tli-

230 1444 545 1512 ripucrunt,
569 1453 621 1498 et
659 1454 767 1498 tam
801 1445 1069 1510 allodium,
1104 1446 1222 1514 ejus
1256 1461 1418 1514 quam
1447 1445 1660 1500 feodum
1697 1462 1803 1499 non

231 1533 463 1588 heredes
489 1535 680 1603 ipsius,
716 1543 795 1589 set
818 1535 1058 1589 extranei
1088 1536 1462 1604 possederunt,
1485 1537 1637 1604 juxta
1661 1537 1804 1604 quod

228 1624 290 1674 iu
333 1623 805 1677 maledic-tionibus
837 1623 988 1678 Judze
1020 1625 1370 1694 prophetatur
1397 1643 1410 1678 :
1444 1624 1512 1677 Et
1548 1626 1802 1694 diripiant

227 1710 632 1768 alicuilabores
675 1714 788 1782 ejus
837 1713 1009 1785 (Psel.
1054 1731 1201 1781 cvm,
1239 1715 1345 1784 Η).
1397 1715 1486 1769 Sic
1529 1715 1713 1785 utique
1750 1726 1804 1771 et

228 1813 355 1872 post
379 1813 611 1858 mortem
639 1821 794 1860 suam
822 1806 874 1858 in
911 1807 1187 1875 sepultura
1225 1814 1278 1860 et
1309 1806 1362 1859 in
1386 1806 1685 1875 direptione
1712 1822 1799 1861 re-

1907 633 2088 688 sedem
2133 634 2385 688 invadere
2434 645 2752 705 praesumat,
2797 637 3106 708 juramento
3154 643 3471 711 promittere

1905 725 2262 792 compellitur.
2318 723 2409 780 Set
2446 726 2558 795 jam
2601 728 2995 797 aliquantulum
3029 731 3284 786 diuturna
3318 735 3471 804 regni

1904 811 2175 867 discordia
2226 815 2696 872 inter.catholicos
2736 828 2789 871 et
2833 820 3169 876 seismaticos
3200 830 3471 891 tepescere

1906 903 2066 970 cepit,
2101 911 2161 956 ut
2194 919 2308 958 non
2350 905 2464 972 jam
2512 907 2709 961 bellum
2754 909 2818 962 ai]
2860 911 3112 977 invicem,
3157 900 3468 982 sed'pacem

1904 1005 2228 1060 componere
2267 994 2453 1048 sanius
2486 995 2808 1068 iudicarent.
2845 998 3182 1069 Quapropter
3221 1003 3385 1056 duces
3417 1012 3471 1056 et

1905 1082 2130 1136 comites
2155 1084 2325 1138 sancti
2347 1082 2490 1138 Petri
2514 1086 2694 1141 ﬁdeles
2719 1103 2841 1141 cum
2867 1088 3115 1145 lleiurico
3140 1093 3466 1162 colloquium

1905 1171 2228 1236 habuerunt.
2276 1174 2434 1243 eique
2484 1192 2642 1230 suum
2683 1179 2964 1232 consiliqu
3009 1190 3061 1234 et
3101 1183 3360 1236 auxilium
3404 1184 3470 1237 ad

1903 1262 2252 1316 obtinendum
2279 1279 2501 1334 regnum
2524 1265 2836 1322 ﬁrmissime
2859 1269 3242 1336 promiserunt,
3268 1272 3312 1325 si
3340 1272 3471 1325 Gui-

1903 1353 2112 1406 bertum
2153 1353 2551 1410 hercsiarcham
2595 1358 2750 1412 vellet
2787 1361 3074 1426 dimittere,
3120 1371 3172 1414 et
3215 1363 3281 1415 ad
3315 1362 3471 1416 ωεις-

1903 1443 2177 1498 siasticam
2209 1449 2646 1502 communionem
2699 1466 2794 1519 per
2828 1453 3154 1507 catholicum
3198 1463 3467 1522 pastorem

1903 1547 2162 1586 remeare.
2193 1533 2367 1598 Quam
2393 1537 2625 1605 quidem
2655 1539 3019 1594 conditionem
3053 1558 3151 1596 nec
3187 1543 3299 1612 ipse
3331 1544 3469 1597 mula

1903 1629 2016 1674 tum
2047 1634 2322 1691 respueret
2352 1624 2442 1690 5°”,
2474 1627 2519 1679 si
2547 1636 2728 1682 tamen
2762 1630 2814 1682 in
2855 1631 2958 1685 hoc
2994 1632 3043 1686 ci
3084 1635 3355 1703 principes
3386 1636 3467 1690 sui

1901 1714 2164 1767 assentire
2194 1714 2406 1781 vellent,
2431 1716 2677 1771 videlicet
2705 1719 2946 1789 episcopi
2973 1723 3063 1791 qui
3090 1729 3161 1777 'sc
3188 1740 3310 1778 eum
3341 1724 3470 1778 Gui-

1901 1799 2054 1854 berto
2083 1801 2430 1871 deponendos
2463 1822 2582 1861 esse
2629 1824 2738 1862 non
2779 1810 3177 1873 dubitaverunt,
3225 1828 3289 1866 eo
3325 1815 3468 1881 quod

230 1910 355 1949 rum
406 1911 630 1950 suarum
669 1891 1071 1950 evidentissime
1116 1897 1368 1951 iudicavit
1416 1913 1578 1968 quam
1627 1897 1803 1952 emca-
1836 1886 1874 1940 Β
1903 1890 1955 1943 iu
1977 1891 2096 1960 ejus
2121 1902 2269 1961 parte
2293 1896 2711 1965 ordinationem,
2736 1901 2902 1954 immo
2929 1904 3322 1957 execrationem
3349 1920 3469 1972 per-
3496 1952 3498 1954 ,

227 1985 366 2038 riter
409 1987 728 2040 sententiam
779 1987 1358 2040 excommunicationis
1401 1988 1690 2056 exceperit.
1745 1987 1799 2041 lu

227 2074 380 2128 Italia
430 2076 768 2130 nobilissima
809 2076 878 2108 ³⁸³³
925 2077 1033 2130 dux
1079 2075 1349 2131 Mathildis
1389 2077 1498 2130 ﬁlia
1540 2076 1801 2133 Bonifacii

227 2165 586 2232 marcltiouis,
613 2167 704 2220 sed
731 2167 892 2220 vi-lua
921 2164 1180 2228 Gotel‘ridi
1214 2168 1386 2234 ducis,
1419 2159 1657 2248 Well‘oni
1677 2170 1799 2224 duri

227 2257 342 2311 ﬁlio
377 2255 644 2310 Welfonis
677 2257 833 2311 ducis
856 2258 1108 2328 eonjugio
1154 2258 1457 2327 copulatur,
1485 2268 1540 2312 et
1572 2259 1675 2316 hoc
1703 2261 1803 2314 uti-

225 2363 337 2416 que
373 2363 479 2401 non
525 2357 633 2402 tam
674 2365 773 2418 pro
813 2351 1198 2404 iaeontinentia
1242 2367 1403 2418 quam
1434 2366 1533 2418 pro
1573 2336 1797 2403 lleiuani

224 2438 504 2505 pontiﬁcis
533 2439 859 2504 obedientia,
899 2441 1146 2494 videlicet
1170 2448 1227 2494 ut
1260 2448 1408 2494 tanto
1439 2440 1648 2496 virilius
1676 2457 1796 2495 san-

226 2537 330 2582 ctae
357 2527 615 2583 Romamn
636 2530 861 2584 melesice
883 2539 1071 2585 contra
1094 2531 1594 2586 exeommuuicatos
1622 2540 1802 2601 posset

228 2619 538 2674 subvenire.
566 2617 668 2685 Qui
701 2621 884 2676 statim
914 2623 1168 2677 maritum
1197 2622 1315 2692 ejus
1343 2623 1598 2693 impetere
1617 2624 1775 2679 volue

226 2718 391 2778 runt,
432 2719 513 2766 set
536 2727 662 2765 cum
687 2712 735 2766 ei
769 2711 1023 2767 resistere
1062 2728 1170 2766 non
1213 2721 1460 2781 possent;
1491 2722 1704 2768 treuvas
1732 2715 1801 2768 ab

224 2813 295 2854 eo
331 2814 505 2870 usque
531 2800 584 2852 iu
628 2800 830 2868 pascha
873 2814 968 2868 per
995 2801 1355 2862 interventum
1396 2800 1639 2869 conjugis
1681 2802 1801 2870 ejus

227 2887 676 2958 impetraverunt.
722 2887 1010 2945 Heiuricus
1047 2907 1139 2944 rex
1171 2890 1349 2946 dictus
1377 2890 1447 2922 ὀδ
1480 2892 1707 2945 multum
1734 2892 1800 2947 de

225 2980 486 3047 prredicto
511 2981 764 3051 conjuglo
790 2982 1060 3050 tristatur;
1086 2983 1182 3053 qui
1207 2983 1403 3037 iterum
1429 2983 1481 3037 in
1507 2983 1800 3038 Saxoniam

225 3083 355 3123 cum
382 3069 718 3138 expeditione
741 3069 1036 3140 prolectus,
1063 3071 1179 3126 sine
1203 3073 1408 3126 honore
1431 3073 1628 3126 reverti
1651 3089 1801 3126 com-

224 3159 461 3228 pellitur.
495 3158 687 3215 Petrus
713 3161 814 3230 pize
840 3161 1115 3228 memoriae
1143 3148 1466 3215 Albanensis
1491 3162 1795 3230 episcopus,

226 3249 284 3302 in
319 3249 390 3281 ⁸⁰⁸
411 3266 575 3303 causa
601 3250 774 3304 sancti
803 3250 944 3304 Petri
975 3249 1424 3317 ferventissimus,
1454 3251 1706 3321 migravit
1730 3254 1798 3307 ad

226 3338 539 3402 Dominum.
584 3337 684 3394 llic
723 3340 794 3373 '°'
820 3348 906 3401 est
949 3341 1036 3396 ille
1077 3341 1289 3410 Petrus,
1322 3343 1415 3413 qui
1438 3341 1656 3396 Petrum
1697 3341 1800 3398 Pa-

222 3427 492 3498 pienscm,
535 3427 832 3486 Florentini
866 3431 1210 3502 episcopatus
1237 3433 1566 3498 invasorcm,
1595 3441 1690 3503 per
1709 3433 1797 3503 ju-

222 3518 428 3574 dicium
474 3520 615 3590 ignis
659 3522 1021 3577 simoniacum
1061 3538 1192 3576 esse.
1243 3523 1514 3591 probavit,
1561 3514 1703 3577 unde
1743 3534 1797 3579 et

221 3610 480 3680 deinceps
503 3611 652 3665 illum
676 3622 862 3666 saneta
892 3612 1102 3668 ecclesia
1127 3613 1344 3683 igneum
1373 3613 1789 3684 cognominavit.

219 3698 359 3756 Nam
397 3714 647 3773 magnam
681 3703 855 3773 piram
903 3704 1222 3760 ﬁducialitcr
1249 3704 1546 3776 ingressus,
1592 3705 1794 3776 absque

221 3792 374 3848 omni
414 3793 618 3866 lesione
656 3797 989 3866 pertransiit,
1030 3804 1091 3851 ut
1122 3797 1446 3854 et'ﬁamma:
1468 3806 1643 3853 vestes
1675 3799 1793 3870 ejus

220 3901 413 3942 susum
451 3889 794 3957 vcntilarent,
841 3907 944 3946 nec
979 3901 1162 3950 tamen
1201 3893 1341 3957 illas,
1384 3893 1581 3947 nedum
1613 3895 1789 3964 ipsum

219 3974 405 4044 aliquo
429 3978 592 4032 modo
613 3979 850 4034 lederent
881 3981 1082 4052 (1571).
1116 3979 1269 4036 Unde
1289 3991 1341 4035 et
1370 3983 1659 4052 prmdic‘tus
1689 3985 1792 4039 Pa-

165 4109 170 4112 .
215 4063 425 4135 pieusis
459 4065 651 4130 Petrus
681 4069 750 4124 ab
769 4069 1075 4126 Alexandro
1122 4085 1257 4140 papa
1287 4071 1607 4141 deponitur;
1654 4073 1790 4128 alter

216 4163 402 4211 autem
445 4157 662 4227 Petrus,
693 4162 1022 4231 pauperrimi
1053 4160 1122 4193 ⁸⁰⁷
1157 4161 1474 4216 monasterii
1510 4170 1638 4218 tunc
1671 4177 1788 4216 mo-

214 4246 457 4312 nachus,
506 4249 560 4301 in
605 4248 1389 4323 Albancnsemcpiscopatum
1438 4252 1780 4323 sublimatur.

211 4335 350 4390 Erat
375 4337 519 4391 enim
553 4346 715 4396 tanta:
746 4341 1074 4415 sanctitatis,
1111 4343 1429 4397 constantia:
1459 4352 1513 4399 et
1533 4343 1690 4410 .ﬁdei,
1727 4352 1788 4400 ut

208 4426 309 4480 vix
335 4427 533 4498 aliquis
567 4431 652 4486 sui
685 4433 947 4502 temporis
974 4433 1025 4489 ei
1058 4435 1294 4504 potuerit
1329 4436 1657 4505 comparari.
1686 4435 1785 4492 llic
1826 4466 1828 4468 τ

208 4533 344 4588 ergo
371 4518 436 4574 de
477 4520 578 4576 hac
613 4523 722 4579 vita
753 4523 1055 4590 discedens,
1093 4541 1349 4595 magnum
1390 4541 1656 4582 mererem
1691 4543 1783 4584 ca-

210 4606 430 4664 tholicis
453 4610 690 4680 reliquit.
732 4611 976 4675 Domnus
1017 4628 1152 4683 papa
1195 4612 1448 4670 Urbanus
1480 4618 1783 4685 generalem

209 4697 465 4751 sinodum
515 4701 614 4756 115
647 4704 1026 4774 episcoporum
1066 4703 1299 4774 collegit,
1337 4713 1392 4758 et
1433 4705 1794 4773 ecclesiastica

207 4792 414 4856 statuta
457 4803 681 4844 suorum
723 4793 1176 4861 praedecessorum
1213 4793 1506 4863 apostolica
1548 4795 1780 4850 auctori-

209 4881 324 4928 tate
358 4871 611 4933 ﬁrmavit.
647 4866 940 4968 Guibert'ps
973 4869 1154 4937 autem
1191 4883 1564 4938 hcresiarehes
1608 4899 1639 4938 a
1671 4883 1779 4939 Ro-

1903 1991 2178 2051 eeperunt.
2219 1981 2283 2035 Hi
2310 1999 2438 2054 ergo
2479 1987 2528 2038 ei
2558 1988 2772 2055 penitus
2799 1991 2901 2044 hac
2930 1991 3466 2058 viee‘dissuaserunt,

1903 2087 1969 2125 uc
2015 2083 2217 2128 sanette
2257 2075 2416 2128 matri
2466 2077 2692 2132 :eclesize
2726 2082 3185 2136 reconciliaretur.
3230 2082 3468 2151 Domnus

1903 2158 2724 2238 papa.Coustautiuogiolitanuru
2759 2171 3137 2242 imperatorem
3177 2175 3245 2206 ⁸⁸³
3279 2176 3347 2230 ab
3375 2193 3468 2229 ex-

1864 2252 1870 2258 ’
1899 2249 2390 2312 communicatione
2418 2276 2514 2329 per
2551 2261 2754 2331 legatos
2780 2280 2910 2319 suos
2942 2266 3192 2330 absolvit,
3229 2266 3370 2321 idem
3398 2268 3452 2321 li-

1899 2354 2045 2400 teras
2088 2347 2317 2419 Philippi
2361 2353 2503 2421 regis
2542 2352 2876 2409 Francorum
2911 2357 3146 2411 debitam
3189 2358 3239 2411 ei
3281 2359 3466 2428 subje-

1898 2434 2101 2489 tionem
2125 2439 2487 2506 promittentis
2509 2444 2766 2512 suscepit.

2596 2554 2764 2614 MCX.

1969 2637 2026 2692 In
2059 2639 2300 2709 Bajoaria
2339 2643 2520 2700 ﬁdeles
2562 2649 2730 2701 sancti
2774 2647 2917 2702 Petri
2957 2649 3067 2718 jam
3112 2648 3246 2706 adeo
3281 2660 3469 2708 contra

1900 2730 2237 2786 scismaticos
2285 2733 2644 2801 invalaerunt,
2676 2740 2808 2792 utin
2843 2740 3220 2811 Salci:urgensi
3245 2744 3469 2810 :episco-

1898 2828 2024 2889 patu
2053 2823 2380 2878 catholicum
2411 2825 2723 2879 ordinat-ent
2756 2829 3223 2899 archiepiscopum
3251 2831 3461 2902 0572);

1899 2927 2058 2980 quem
2103 2913 2284 2968 statim
2331 2914 2770 2985 religiosissimus
2803 2916 3141 2974 Pataviensis
3179 2921 3468 2990 episc0pus

1897 3011 1952 3056 et
1983 3001 2185 3058 Urbani
2212 3021 2361 3075 papae
2394 3005 2601 3075 legatus
2637 3022 2760 3060 cum
2805 3006 3245 3080 “'irceburgensi
3269 3019 3321 3065 et
3351 3009 3468 3065 Fri-

1899 3092 2138 3163 singensi
2183 3095 2452 3165 episcopis
2501 3097 2833 3153 sollemniter
2885 3102 3241 3170 consecravit.
3296 3101 3464 3156 llere-

1899 3197 2133 3238 manuus
2160 3187 2260 3253 piae
2294 3179 2567 3242 memoriae
2610 3189 2864 3244 .‘lletensis
2911 3191 3218 3260 episcopus,
3246 3203 3298 3247 et
3333 3192 3453 3246 Ber-

1897 3269 2112 3324 thaldus
2152 3271 2260 3326 dux
2301 3275 2660 3342 Alemanniaa,
2710 3278 2851 3332 ﬁlius
2898 3277 3144 3333 Rondolti
3201 3283 3362 3351 regis,
3408 3284 3465 3338 in
3539 3311 3543 3314 ·

1897 3358 2149 3416 ﬁdelitate
2183 3352 2365 3419 sancti
2392 3363 2717 3422 Petri-Maio
2752 3385 2934 3424 mense
2973 3371 3114 3424 diem
3159 3382 3459 3427 extremum

1895 3447 2157 3516 clausere,
2187 3469 2549 3525 tnagmunque
2582 3473 2776 3511 meror.-
2799 3475 2847 3512 m
2886 3460 3185 3525 catholicis,
3225 3469 3279 3516 et
3305 3464 3461 3516 exal-

1892 3532 2152 3594 tatiducm
2184 3539 2510 3607 seismatieis
2550 3548 2833 3618 reliquere.
2883 3549 3048 3605 Soror
3086 3567 3303 3624 quoque
3327 3571 3458 3625 pra:-

1893 3622 1988 3678 fati
2014 3627 2188 3694 (lucis,
2217 3632 2400 3701 regina
2445 3631 2790 3705 Uogarorum
2831 3640 3036 3710 (-1575),
3061 3622 3248 3698 eodem
3279 3622 3464 3701 mene

1891 3715 2041 3771 obiit.
2082 3717 2157 3772 Ex
2200 3731 2350 3790 parte
2383 3734 2563 3781 autem
2593 3729 3202 3788 'exconununicatorum
3233 3737 3302 3768 ’⁸ο
3329 3737 3461 3790 Lai-

1895 3809 2072 3866 toldus
2095 3812 2161 3843 '“
2192 3814 2301 3868 dux
2337 3815 2743 3875 Cariutbiorum
2797 3823 3068 3892 inopinata
3105 3835 3276 3880 morte
3319 3843 3461 3896 pra:--
3500 3857 3506 3864 κ

1891 3898 2106 3968 ripitur,
2134 3919 2256 3958 cmn
2291 3909 2601 3976 nuperrime
2643 3920 2832 3965 contra
2878 3912 2958 3967 fas
2984 3923 3037 3967 et
3051 3914 3143 3983 jus
3180 3917 3457 3986 repudiata

1888 3993 2104 4060 propria
2156 4011 2321 4050 uxore
2371 3992 2531 4052 aliam
2578 4003 3044 4071 superinduxerit,
3082 4006 3342 4063 Guiberto
3385 4010 3457 4041 ⁸¹¹

1886 4080 2103 4147 quidem
2144 4084 2488 4144 hercsiarelia
2532 4091 2637 4146 hoc
2669 4093 2719 4146 ei
2754 4094 3100 4152 concedente.
3131 4098 3457 4169 Eggcbertus

1886 4183 2104 4239 quoque
2124 4175 2367 4231 marchio
2388 4178 2454 4233 de
2478 4177 2732 4249 Saxonia,
2759 4184 2811 4238 in
2837 4174 2908 4217 ⁸¹³
2931 4201 3092 4240 causa
3116 4188 3286 4241 sancti
3311 4187 3456 4248 Petri

1870 4260 2019 4337 satis
2055 4272 2347 4322 strennuus
2367 4300 2436 4309 —
2458 4271 2583 4325 dolo
2613 4273 2892 4354 cujusdam
2920 4276 3206 4330 abbatissa:
3231 4278 3296 4332 de
3321 4278 3456 4345 Qui-

1885 4349 2185 4424 telineburg
2214 4353 2416 4426 (1574),
2448 4361 2650 4413 sororis
2680 4349 2899 4430 inquam
2929 4361 3164 4417 Heinrici
3196 4365 3357 4435 regis,
3398 4378 3457 4422 ut

1883 4440 2037 4495 aiunt
2055 4472 2124 4509 —_
2147 4458 2242 4512 per
2276 4446 2500 4502 insidias
2523 4449 2804 4505 occiditur.
2841 4451 3082 4509 Domuus
3111 4471 3247 4526 papa
3277 4455 3452 4528 Urba-

1886 4543 1989 4580 nus
2032 4528 2103 4560 ⁸ιδ
2144 4533 2445 4600 generalem
2493 4536 2746 4594 siuodum
2796 4542 3066 4614 episcopis
3115 4532 3450 4600 diversarum

1882 4618 2297 4686 provinciarum.
2325 4639 2422 4692 per
2446 4625 2654 4699 legatos
2693 4647 2822 4686 suos
2870 4634 2925 4686 in
2957 4633 3224 4686 Tolosana
3267 4635 3450 4705 (1575)

1882 4708 2098 4764 civitate
2131 4710 2276 4768 circa
2310 4724 2654 4784 pentecosten
2697 4722 2929 4790 collegit,
2975 4721 3156 4790 ibique
3189 4723 3358 4777 multa
3393 4711 3463 4781 iu.

1845 4809 1853 4816 ‘
1880 4801 2244 4859 ecclesiasticis
2274 4808 2474 4870 causis,
2504 4825 2623 4876 qua:
2645 4812 2957 4879 corrigemla
2985 4822 3157 4878 erant,
3188 4816 3448 4872 correxit.

1880 4890 1938 4946 lu
1965 4909 2070 4962 qua
2117 4895 2308 4950 sinodo
2334 4895 2633 4954 Tolosanus
2661 4901 2947 4974 cpiscopus
2979 4903 3158 4976 (1576)
3188 4904 3255 4959 de.
3283 4905 3454 4964 illatis

1440 5017 1526 5072 VA
1539 5019 1674 5073 ill/I3
1721 5021 2114 5079 LECTIONES.

281 5126 352 5157 "'
382 5142 436 5181 tt.
467 5127 519 5181 d.
555 5126 740 5179 desunt
769 5127 804 5180 ‘2
877 5129 946 5161 5'”
969 5130 1107 5183 deest
1142 5131 1193 5185 Ξ.

205 5211 282 5249 m.
318 5204 356 5249 t.
389 5211 462 5249 m.
493 5197 548 5249 in
581 5197 690 5248 {om
717 5213 834 5250 raso
866 5199 912 5252 l.
1006 5201 1076 5232 ⁵⁸⁸
1097 5201 1152 5252 in
1178 5200 1290 5253 loco
1329 5198 1456 5253 raso‘
1490 5199 1534 5252 Ι.

207 5278 257 5317 c.
290 5265 475 5328 desum
495 5267 549 5321 2.
626 5268 698 5298 ⁵⁸³
725 5266 760 5320 i.
794 5283 844 5322 c.
875 5283 920 5322 s.
956 5267 1014 5321 P.
1042 5284 1086 5323 s.
1117 5269 1161 5323 ς.
1194 5270 1380 5322 desunt
1405 5270 1458 5323 2.

1273 5131 1342 5164 m
1375 5131 1408 5184 ί,
1445 5147 1505 5229 ἐπὶ
1531 5145 1575 5182 s.
1607 5127 1681 5229 Po.“
1699 5128 1734 5182 f.
1761 5131 2024 5229 desunéS.

1731 5216 1804 5240 ’ρσ

1533 5243 1534 5248 η
1602 5203 1681 5272 ,⁵⁰⁹
1716 5215 1893 5271 regem
1926 5203 1979 5259 2.

1533 5267 1602 5298 ⁸η
1636 5267 1779 5322 deest
1818 5272 1873 5326 2.

2102 5136 2172 5220 ξοδ
2197 5135 2294 5220 [lic
2313 5171 2384 5220 τ
2405 5141 2691 5220 catholicis
2708 5143 2923 5220 reliquit
2951 5146 3140 5220 desunt
3160 5149 3228 5220 2.,
3289 5151 3356 5220 ‘,°’
3387 5167 3431 5220 P-

2056 5205 2126 5239 m
2148 5210 2288 5281 regis
2322 5210 2374 5264 2.
2453 5211 2520 5242 ⁸¹³
2547 5211 2798 5273 lvitoldul‘
2823 5205 2875 5267 ἶ.
2948 5215 3019 5248 ⁸⁸³
3047 5217 3110 5273 G.
3135 5233 3189 5288 q.
3219 5219 3273 5272 h.
3307 5205 3418 5274 1).;-

1689 5379 1915 5442 NOTAE.
1985 5350 1992 5357 ’

188 5421 190 5424 ’
277 5460 457 5532 (ιδῃ)
588 5479 753 5532 supra
793 5466 858 5518 ad
894 5483 982 5520 an.
1032 5464 1180 5520 roso.

277 5530 846 5610 (I572)7Thie3nonem
875 5534 930 5588 S.
958 5536 1102 5589 Petri
1127 5536 1371 5591 abbatem
1399 5554 1470 5593 vn
1494 5538 1568 5593 ld.
1595 5538 1764 5610 April.

203 5599 602 5656 consecratum.
630 5599 752 5655 Uss.

259 5670 458 5744 ,ωδ-εξ)
501 5670 650 5726 Hanc
680 5670 849 5725 fuisse
881 5671 1226 5744 Adelhaidem
1261 5674 1524 5744 Rudolphi
1550 5680 1767 5734 antieae-
1824 5661 1831 5668 ’

203 5740 346 5794 saris
389 5741 585 5820 ﬁliam,
631 5749 850 5820 nuptam
899 5742 954 5796 ὃ.
1008 5743 1258 5799 Ladislao
1308 5740 1591 5820 llungarite
1631 5751 1763 5820 regi.

201 5817 391 5866 contra
429 5809 589 5880 hujus
630 5811 911 5867 cs'libates
957 5823 1252 5870 assertores
1296 5809 1540 5886 pluribus
1574 5809 1766 5888 probat

1870 5477 2165 5562 (icrbertu's.
2193 5473 2722 5562 H‘is‘t.‘Silv:nnNig_r:e
2740 5492 2797 5562 τε..
2836 5483 2874 5562 l,
2903 5483 3285 5562 p._£f.5-5,.et_'iu
3318 5490 3406 5541 tra

1868 5555 2014 5601 ctatu
2038 5548 2111 5616 de,
2127 5544 2411 5616 Rullolpho
2431 5558 2485 5604 et
2508 5544 2711 5604 familia
2738 5544 3151 5606 Rheinl'eldcnsi.
3179 5549 3305 5607 Uss.

1971 5615 2121 5684 ιδῃ)
2157 5614 2483 5672 Adalheidae.

1937 5618 2121 5752 fiam
2157 5618 2483 5672 Adalheidae.

2156 5686 2480 5796 Et???”
2503 5687 2618 5755 Χῖ
2649 5689 2766 5743 ⁷⁵⁵·

1937 5755 2116 5826 (1576)
2156 5755 2394 5813 lsarnus.

2098 5803 2112 5827 Ι
