3970 6398
447 437 577 491 {€05

1422 442 1514 495 AD
1553 443 1778 499 OPERA
1820 447 1876 499 S.
1919 444 2245 502 CREGORII
2279 445 2717 505 APPENDICES.

3554 454 3577 508 1
3588 454 3698 511 -101

438 549 759 604 criminibus
802 551 1434 622 canoriice‘esmatur,
1472 564 1526 608 et
1563 555 1758 625 legatio
1784 572 1882 625 pro
1928 573 2012 612 re-
2042 560 2086 614 A
2113 568 2324 615 verunt.
2361 559 2603 615 Domnus
2635 576 2773 630 papa
2808 557 3062 616 Urbanus
3096 563 3400 632 generalem
3435 563 3694 621 sinodum

438 642 732 696 stam-antis
770 640 1166 696 christianitate
1212 643 1266 695 in
1307 642 1562 699 Toletana
1605 646 1841 712 civitate,
1888 662 2010 717 rege

438 732 805 801 Hispanorum
832 733 951 803 hoc.
977 735 1332 804 supplicante,
1368 737 1672 793 destinatur
1708 737 1799 794 ⁸η.
1832 740 2009 796 Welfo

437 824 545 876 «ius
571 822 733 878 Italia:
763 825 932 877 multa
974 824 1221 879 incendia
1249 835 1301 879 et
1329 828 1757 898 depranlationes
1780 848 1810 887 a
1841 831 2007 888 lleiu-

438 914 552 966 riru
576 929 697 983 rege
723 915 823 967 huc.
845 914 897 967 in
928 930 1072 972 anno
1093 916 1164 946 ⁸⁸⁸
1185 915 1617 987 Longobardiam
1638 901 1882 992 ingresso
1908 939 2006 993 pa-

438 1002 596 1066 titur;
626 1003 718 1056 sed
748 1004 1035 1058 adhurtatu
1064 1005 1276 1060 domnae
1299 1008 1366 1038 ⁸¹⁷
1391 1007 1663 1065 Mathildis
1684 1011 1752 1043 ⁵³⁸
1770 1028 1884 1067 suae
1913 1012 2008 1067 ka-

438 1091 669 1145 t'issitnw
699 1093 946 1161 conjugis
975 1093 1147 1147 eidem
1188 1093 1441 1150 llcinrico
1476 1098 1749 1166 resistere,
1769 1108 1824 1154 et
1848 1100 1916 1131 δί’
1952 1100 2007 1153 in

437 1179 692 1234 ﬁdelitate
732 1181 905 1235 sancti
946 1180 1089 1235 Petri
1118 1184 1408 1252 persistere
1437 1186 1667 1242 viriliter
1707 1191 2003 1244 contendit.

437 1267 550 1322 lim:
576 1283 721 1324 anno
750 1286 945 1341 magna
973 1270 1146 1326 [antes
1172 1274 1370 1329 tnultas
1398 1277 1648 1356 regiones
1672 1289 1893 1350 repente
1926 1282 2007 1335 af-

434 1358 591 1423 ﬂixit,
619 1361 850 1428 quanvis
876 1376 984 1414 non
1018 1377 1211 1431 magna
1242 1365 1497 1421 sterilitas
1532 1379 1690 1422 teme
1717 1385 2012 1438 praeesse-

436 1446 504 1499 rit
527 1447 616 1499 ³³⁸.
642 1448 906 1502 Ailelbcro
924 1465 1008 1502 rev
1018 1452 1230 1505 eretniae
1247 1455 1523 1509 memoriae
1542 1454 2006 1531 Wirccburgensis

434 1537 745 1605 epist-opus,
772 1554 915 1593 unus
933 1539 999 1595 de
1024 1542 1425 1609 antiquioribus
1458 1545 1746 1617 episcopis,
1767 1549 1821 1603 in
1840 1565 2005 1605 causa

435 1629 610 1681 sam-ti
645 1627 789 1683 Petri
824 1639 1015 1685 contra
1032 1632 1104 1663 '“
1131 1631 1450 1688 Guibertum
1478 1645 1532 1690 et
1569 1637 1688 1706 ejus
1717 1640 2007 1710 complices

434 1710 868 1784 strenuissimus,
918 1731 1043 1791 post
1080 1723 1249 1779 multa
1298 1726 1557 1794 pericula,
1603 1732 2007 1798 persecutiones

432 1820 487 1867 et
510 1813 688 1878 exilia,
719 1830 839 1883 qua:
863 1832 961 1884 pro
980 1815 1199 1872 Christo
1222 1819 1579 1876 libentissime
1599 1836 1793 1891 passus
1816 1832 1923 1890 est,
1948 1824 2003 1878 iu

433 1905 947 1962 bonaconl'essione
984 1908 1124 1963 diem
1162 1911 1359 1965 clausit
1391 1919 1696 1969 extremum
1742 1911 1886 1982 (Oct.
1920 1913 2002 1985 6),

432 1995 488 2049 iu
514 1995 714 2065 praedio
735 2010 836 2050 suo
863 1997 1009 2066 quod
1030 1995 1285 2053 Lanbaeh
1311 2000 1494 2071 (1577)
1521 2009 1746 2059 vocatur
1769 2002 1859 2059 ³²⁹.

996 2091 1005 2099 ’
1124 2088 1314 2145 MCXI.
1574 2080 1581 2085 ’
1648 2084 1652 2093 ’

503 2174 748 2232 Domnus
783 2192 921 2247 papa
958 2193 1023 2232 eo
1050 2186 1292 2248 tempore
1326 2180 1381 2234 in
1424 2181 1671 2249 partibus
1695 2181 2005 2252 Campania:

430 2267 769 2333 morabatur,
822 2277 878 2321 et
931 2269 1000 2322 ab
1047 2270 1301 2323 omnibus
1346 2270 1628 2325 catholicis
1679 2272 1859 2328 debita
1913 2268 2003 2329 re-

430 2358 671 2411 verentia
734 2358 1045 2423 colebatur,
1110 2359 1353 2415 videlicet
1406 2377 1438 2415 a
1500 2361 2003 2433 Constantinopoli-

429 2454 562 2501 tano
612 2447 956 2516 imperatore,
1008 2457 1062 2503 et
1111 2464 1139 2502 a
1190 2447 1439 2520 Philippo
1478 2449 1811 2507 Francorum
1859 2469 2003 2524 rege,

430 2537 659 2607 aliisque
700 2538 1065 2605 diversorum
1140 2555 1433 2610 regnorum
1497 2543 1832 2612 principibus
1893 2553 2004 2601 tam

428 2629 793 2684 aeclcsiasticis
839 2645 1005 2698 quam
1059 2630 1425 2697 secularibus,
1478 2641 1703 2701 excepto
1759 2632 1813 2686 in
1860 2632 2003 2688 Teu-

430 2721 736 2775 tunieorun‘t
776 2737 965 2792 regno,
1001 2723 1093 2776 ubi
1146 2723 1301 2778 multi
1348 2739 1413 2777 ex
1458 2723 1740 2779 catholicis
1788 2724 1841 2779 in
1882 2740 2007 2794 par—

431 2819 538 2865 tem
564 2811 1161 2866 excunnnunicatorum
1186 2813 1419 2866 avarieia
1446 2813 1654 2882 decepti
1689 2822 1880 2883 sponte
1908 2828 2005 2868 sua

431 2918 489 2955 se
511 2902 922 2956 transtulerunt.
958 2900 1189 2956 Romani
1216 2916 1435 2971 quoque
1455 2910 1661 2956 turrem
1687 2900 2006 2969 Crescentii,
2061 2899 2064 2903 ’

430 3008 554 3062 qua:
579 3002 804 3071 eatenus
823 2993 1024 3046 domno
1048 3008 1199 3061 papa:
1225 2990 1528 3060 obediebat,
1550 2993 1674 3071 dolo
1697 3002 1907 3063 captam
1933 2994 2011 3048 di-

432 3100 589 3139 ruere
620 3093 1038 3153 temptavcrunt.
1064 3082 1329 3138 Dominus
1355 3094 1534 3139 autem
1556 3100 1692 3155 papa
1722 3084 1879 3142 facile
1906 3084 2010 3139 Ro-

432 3192 579 3230 mam
603 3191 728 3230 cum
748 3176 986 3229 exercitu
1003 3176 1225 3239 intrate,
1244 3184 1297 3230 et
1313 3176 1592 3231 rebellium
1609 3176 2008 3232 contumaciam
2037 3216 2078 3273 Ο

432 3268 656 3321 domare
678 3267 962 3337 potuisset,
1008 3266 1053 3320 si
1093 3282 1200 3320 non
1237 3266 1408 3337 magis
1440 3274 1566 3321 cum
1595 3268 2012 3323 mansuetudine

431 3374 655 3414 causam
680 3375 834 3413 suam
863 3374 1019 3429 agere
1032 3358 1336 3429 delegisset.
1363 3357 1691 3428 Eotempore
1711 3358 2009 3426 Mantuani,

344 3458 345 3461 ‘
431 3450 689 3506 diuturna
734 3449 1015 3503 obsidione
1046 3464 1075 3503 a
1106 3447 1358 3503 lleinrico
1393 3463 1518 3519 rege.
1540 3450 1654 3517 jam
1683 3461 1779 3519 per
1806 3463 2009 3503 annum

433 3541 737 3607 constricti,
770 3557 799 3595 a
818 3541 1042 3603 domino
1067 3556 1167 3596 suo
1196 3538 1442 3613 Well‘one
1466 3540 1604 3595 duce
1619 3540 2008 3605 discesserunt,

433 3642 488 3686 et
513 3642 644 3687 seet
669 3632 941 3686 civitatem
976 3647 1131 3686 suam
1161 3648 1263 3686 suo
1289 3632 1619 3687 devastatori
1653 3632 2008 3686 tradiderunt.

436 3721 669 3776 Romani
696 3738 912 3792 quoque
933 3721 1249 3777 Gaibcrtum
1272 3722 1696 3788 heresiarcham,
1717 3737 1877 3793 quem
1898 3721 2010 3792 jam

396 3816 401 3821 ’
436 3811 642 3867 dudum
672 3814 1014 3883 expulerunt,
1054 3815 1250 3870 iterum
1292 3813 1521 3869 Romam
1551 3813 1772 3880 intrare,
1800 3822 1854 3869 et
1883 3828 2013 3892 san-

437 3914 580 3959 ctam
603 3905 903 3960 :eeclesiam
940 3906 1058 3961 suis
1089 3922 1199 3962 non
1230 3904 1699 3960 benedictionibus
1723 3914 1805 3959 set
1844 3905 2016 3958 male~

437 3995 769 4052 dictionibus
816 3995 1074 4055 infestare
1124 3998 1507 4067 permiserunt.
1556 3993 1800 4069 Capuani
1843 3994 2015 4050 Nord—

438 4102 671 4143 mannos
712 4089 779 4144 de
831 4089 1015 4159 Capua
1061 4090 1404 4159 expulerunt,
1449 4087 1650 4158 quibus
1686 4087 1801 4158 jam
1840 4084 2015 4143 multo

437 4185 681 4248 tempore
710 4180 814 4233 sub
838 4181 1085 4249 pluribus
1107 4179 1421 4249 apostolicis
1460 4187 1515 4231 et
1542 4179 1760 4248 regibus
1785 4177 2015 4247 subjecti

438 4265 676 4326 fuerunt.
732 4270 884 4327 Unde
940 4282 994 4328 et
1049 4271 1383 4327 Nordmanni
1442 4285 1539 4325 eos
1591 4269 2014 4338 circumquaque

437 4375 612 4432 usque
627 4363 694 4418 ad
718 4379 938 4418 murum
965 4364 1200 4419 civitatis
1225 4363 1403 4434 przeda
1423 4370 1478 4417 et
1501 4360 1751 4417 incendio
1773 4360 2015 4415 devasta-

2109 650 2396 709 Bencvcnti
2424 652 2605 722 (l378)
2648 653 2864 723 collegit
2909 653 3095 722 (Mart.
3128 654 3243 723 28),
3287 665 3341 710 et
3364 659 3693 714 sententiam

2109 741 2467 797 anathematis
2501 756 2661 810 super
2689 742 3007 798 Guibertum
3047 743 3449 801 heresiarcham
3484 758 3540 803 et
3569 763 3694 803 om-

2108 847 2205 887 nes
2233 832 2353 901 ejus
2379 833 2670 902 compliees
2711 833 2942 889 sinodali
2975 834 3183 904 judicio
3225 838 3565 893 conﬁrmavit
3594 839 3688 874 ¹³³ο

2108 922 2416 978 Fritlericus
2441 923 2512 954 m
2531 939 2715 979 comes
2733 933 2788 979 et
2811 924 3057 980 marchio
3076 925 3129 979 5.
3155 923 3273 980 Kal.
3296 925 3405 981 Jul.
3422 929 3695 998 requievit

2108 1012 2166 1068 in
2187 1013 2420 1070 Domino
2452 1014 2543 1070 ⁸¹⁸.
2580 1015 2945 1071 “'illihelmus
2988 1016 3096 1086 pia:
3140 1017 3418 1073 memoria
3461 1017 3692 1075 Hirsau—

2109 1106 2311 1174 gicnsis
2344 1106 2531 1173 abbas,
2560 1107 2613 1161 in
2640 1122 2805 1162 causa
2837 1108 3011 1163 sancti
3044 1106 3190 1161 Petri
3227 1107 3689 1177 ferventissimus,

2107 1205 2161 1250 et
2188 1196 2245 1251 in
2267 1198 2569 1253 monastica
2601 1198 2859 1269 religione
2896 1199 3333 1256 studiosissimus
3360 1201 3462 1267 ⁸¹⁸,
3496 1212 3693 1273 utpote

2107 1290 2404 1345 multorum
2449 1299 2602 1359 pater
2630 1292 3106 1357 monasteriorum,
3152 1291 3205 1345 3.
3238 1288 3379 1345 Non.
3423 1289 3550 1349 Julii
3579 1295 3691 1350 mi-

2106 1383 2282 1454 gravit
2315 1382 2381 1436 ad
2412 1380 2723 1454 Dominum.
2751 1381 2851 1437 llic
2881 1385 3118 1453 primum
3154 1380 3542 1453 Hirsaugiense
3562 1400 3692 1441 mo-

2108 1472 2405 1527 nasterium
2439 1482 2548 1527 tam
2574 1473 2627 1528 in
2658 1472 2898 1528 aediliciis
2931 1488 3096 1544 quam
3138 1474 3193 1528 in
3226 1474 3565 1545 regularibus
3599 1475 3702 1531 die

2108 1562 2350 1632 seiplinis
2389 1563 2710 1618 mirabiliter
2753 1563 3029 1630 exultavit,
3071 1563 3359 1634 ipsumque
3400 1548 3692 1635 privilegio

2108 1654 2252 1709 sedis
2276 1653 2585 1723 apostolica:
2605 1654 2709 1709 sub
2731 1652 2993 1726 Gregorio
3016 1670 3152 1725 papa
3181 1654 3236 1708 in
3262 1664 3582 1725 perpetuum
3612 1654 3690 1708 li-

2105 1743 2357 1798 bertavit.
2402 1742 2564 1797 Plura
2598 1745 2762 1799 etiam
2812 1744 3142 1802 monasteria
3182 1761 3580 1817 usquequaque
3612 1746 3686 1778 ’τ’

2106 1850 2174 1888 ex
2207 1835 2275 1874 ⁸⁸⁷
2297 1836 2505 1905 integro
2535 1834 2604 1868 ⁸⁸⁷
2631 1836 2937 1891 construxit
2970 1855 2982 1891 :
3016 1836 3126 1890 duo
3165 1837 3384 1906 quidem
3427 1838 3483 1891 in
3517 1834 3693 1908 Nigra

2106 1926 2272 1991 Silva,
2298 1941 2468 1980 unum
2507 1925 2682 1981 sancti
2715 1925 2954 1997 Georgii,
2985 1925 3216 1981 alterum
3255 1925 3431 1981 sancti
3475 1924 3691 1995 Grego-

2102 2016 2167 2071 rii
2191 2016 2396 2087 (1579),
2434 2016 2562 2071 item
2593 2016 2740 2071 aliud
2768 2016 2836 2070 ad
2878 2015 3158 2086 Duplieem
3193 2031 3390 2087 aquam
3421 2016 3490 2048 ⁸⁸⁸
3511 2029 3692 2086 prope

2102 2107 2431 2173 Danubium,
2457 2108 2585 2162 item
2613 2107 2760 2163 aliud
2785 2107 2838 2161 in
2870 2106 3312 2177 Wirceburgensi
3341 2106 3689 2177 episcopatu,

2100 2199 2157 2253 in
2179 2200 2300 2254 loco
2327 2199 2421 2269 qui
2448 2197 2755 2269 Chamberg
2793 2198 3012 2261 dicitur.
3047 2195 3425 2267 Scaphuscnse
3462 2212 3700 2269 quoque
3754 2206 3791 2213 “

2101 2289 2495 2344 monasterium
2529 2288 2598 2321 ⁸¹⁹
2623 2297 2677 2343 et
2703 2287 3117 2345 Petrishusense
3134 2328 3150 2354 ,
3183 2288 3242 2342 in
3263 2287 3383 2357 ripa
3409 2280 3695 2356 Reni‘jam,
3754 2346 3757 2347 ν

2100 2380 2307 2436 dudum
2352 2378 2636 2445 aediﬁcata,
2686 2377 3028 2449 regularibus
3077 2376 3388 2448 disciplinis
3422 2374 3687 2451 instituit.

2104 2470 2209 2527 Sed
2231 2480 2285 2525 et
2311 2470 2415 2526 alia
2437 2484 2600 2539 quam
2620 2469 2778 2539 plura
2800 2468 2855 2524 in
2884 2467 3114 2544 diversis
3135 2467 3449 2542 regionibus
3469 2475 3585 2521 tum
3607 2466 3689 2501 ⁸³⁸

2103 2578 2199 2633 per
2217 2577 2298 2627 se,
2324 2570 2440 2616 tum
2469 2561 2539 2592 ”°
2566 2576 2662 2630 per
2686 2559 2792 2615 sibi
2817 2558 3093 2630 subjectos
3120 2558 3207 2623 vel
3246 2558 3315 2614 de
3353 2555 3495 2621 novo
3527 2556 3685 2623 fecit,

2104 2652 2189 2707 vel
2235 2651 2349 2721 jam
2395 2649 2537 2705 facta
2563 2649 2904 2721 regularibus
2932 2649 3233 2721 disciplinis
3280 2648 3529 2705 instituit.
3581 2648 3689 2703 Hic.

2105 2744 2270 2801 etiam
2299 2743 2468 2797 multa
2501 2742 2836 2797 monimenta
2858 2741 2945 2797 sui
2964 2740 3234 2797 naturalis
3258 2740 3327 2793 ⁸³.¹
3350 2740 3550 2812 ingenii
3573 2756 3704 2797 nos

2106 2832 2192 2887 bis
2218 2830 2453 2901 reliquit.
2481 2828 2618 2887 Nam
2647 2829 2895 2886 naturale"
2917 2830 3260 2901 horologium
3278 2829 3347 2885 ad
3368 2818 3686 2900 exemplum

2108 2922 2324 2978 celestis
2361 2922 2676 2992 hemisperii
2722 2909 3079 2993 echgitavit;
3127 2920 3394 2978 naturalia
3436 2919 3687 2978 solsticia

2109 3012 2223 3069 sive
2242 3012 2550 3083 equinoctia
2575 3021 2631 3068 et
2659 3010 2861 3069 statum
2885 3011 3075 3067 mundi
3107 3013 3272 3068 certis
3291 3012 3687 3083 experimentis

2108 3102 2349 3156 invenire
2383 3101 2739 3173 monstravit;
2771 3115 2892 3171 qua
2918 3100 3102 3155 omnia
3124 3099 3348 3171 quidam
3379 3100 3500 3169 ejus
3524 3098 3691 3156 fami-

2110 3191 2261 3246 liaris
2290 3190 2454 3246 etiam
2497 3190 2668 3246 literis
2702 3190 2959 3246 mandare
2979 3189 3190 3245 curavit
3222 3189 3437 3261 (1380);
3478 3184 3690 3245 m‘ultas

2110 3281 2275 3336 etiam
2284 3278 2689 3350 quaestionesde
2698 3286 2951 3350 compoto
2967 3276 3370 3350 probatissimis
3379 3277 3692 3333 rationibus

2110 3368 2382 3426 enodavit.
2413 3367 2513 3445 Hic
2539 3368 2597 3423 in
2620 3368 2830 3426 musica
2853 3368 3218 3438 peritissimus
3244 3365 3368 3435 fuit,
3405 3368 3694 3439 multaque

2112 3458 2257 3515 illius
2290 3458 2425 3514 artis
2467 3452 2707 3524 subtilia,
2764 3457 3003 3531 antiquis
3041 3456 3356 3515 doctoribus
3387 3458 3691 3530 incognita,

2110 3548 2403 3619 elucidavit
2429 3548 2641 3621 (1581),
2672 3546 2878 3615 multos~
2913 3540 3076 3623 etiam
3108 3565 3323 3606 errores
3349 3550 3406 3606 in
3433 3549 3696 3607 cautius
3740 3600 3749 3609 .

2112 3640 2479 3710 deprehensos
2516 3640 2651 3695 satis
2687 3639 3080 3697 rationabiliter
3121 3639 3191 3696 ad
3219 3644 3389 3696 artem
3425 3641 3692 3716 correxit.

2112 3728 2173 3784 ln
2201 3728 2503 3799 quadruvio
2524 3728 2707 3799 (1382)
2736 3743 2871 3789 sane
2900 3730 3157 3787 omnibus
3181 3744 3320 3800 pene
3340 3730 3578 3799 antiquis
3595 3729 3695 3784 vi-

2114 3818 2343 3874 debatur
2365 3812 2705 3890 prteminere.
2736 3817 2831 3874 Set
2858 3828 2983 3875 ante
3014 3819 3132 3875 haec
3155 3818 3340 3874 omnia
3370 3818 3425 3873 in
3452 3818 3545 3874 illo
3565 3826 3694 3874 stu—

2112 3909 2262 3965 dium
2291 3909 2607 3964 monasticae
2626 3907 2984 3975 districtionis
3012 3902 3383 3978 praevaluit,in
3403 3921 3514 3978 quo
3536 3900 3698 3966 totus

2114 3999 2249 4053 adeo
2280 3998 2551 4067 elIerbuit,
2595 4014 2661 4055 ac
2702 3999 2750 4056 si
2784 4014 3066 4069 nunquam
3100 3997 3251 4055 aliud
3280 3997 3484 4069 aliquid
3516 3998 3695 4055 studii

2112 4088 2381 4143 habuerit.
2431 4085 2563 4141 Erat
2604 4088 2754 4142 enim
2790 4076 2861 4120 ³⁸⁸
2902 4088 3055 4143 mira:
3106 4089 3431 4155 sanctitatis,
3484 4099 3699 4146 saneta:

2113 4176 2495 4248 simplicitatis,
2534 4160 2948 4233 ferventissima
2986 4176 3259 4243 karitatis,
3300 4176 3413 4232 Deo
3440 4177 3595 4232 vivus
3632 4187 3700 4233 et

2113 4270 2301 4326 seculo
2327 4284 2453 4326 vere
2475 4269 2770 4326 cruciﬁxus
2798 4287 2812 4323 :
2834 4284 2999 4340 quem
3023 4267 3291 4325 Dominus
3320 4267 3379 4323 in
3408 4275 3698 4323 senectute

2104 4357 2255 4413 bona
2276 4358 2345 4413 ad
2366 4366 2621 4414 aeternam
2636 4358 2868 4429 patriam
2888 4357 3180 4424 revocavit,
3203 4356 3293 4412 cui
3311 4356 3426 4427 ipse
3444 4371 3476 4412 a
3491 4356 3696 4427 juven-

1709 4514 1940 4570 νΑιιιιΕ
1969 4504 2373 4569 LECTlONES.

506 4655 577 4687 ⁸⁸⁸
602 4656 722 4725 jam
756 4655 1013 4726 pergitul.

438 4795 562 4849 dem
589 4795 643 4849 2.

437 4864 510 4896 ⁸³³
538 4866 657 4933 jam
680 4866 846 4933 pergit
878 4866 923 4917 1.

753 4796 822 4827 ⁸³⁸
849 4805 897 4851 et
932 4796 967 4849 i.
1008 4794 1046 4849 l'.
1077 4810 1121 4848 s.
1169 4793 1227 4847 P.
1265 4808 1319 4863 p.
1352 4792 1539 4845 desunt
1564 4791 1619 4845 2.

1111 4654 1182 4685 ⁸⁸⁸
1216 4653 1271 4706 h.
1310 4651 1346 4707 i.
1380 4668 1431 4707 a.
1463 4655 1517 4705 in
1554 4652 1670 4706 loco
1704 4666 1827 4722 raso
1872 4648 1923 4703 1.
1957 4646 2045 4701 ubi
2077 4648 2223 4715 prius
2248 4646 2362 4722 jam
2398 4646 2624 4722 dudum‘
2643 4649 2928 4722 legebatur.
2961 4651 3319 4722 jamdudum
3352 4650 3439 4722 υ.
3477 4656 3701 4705 utrum-
3792 4656 3799 4657 “

436 4742 533 4794 que
560 4716 694 4779 re'ele
717 4716 878 4795 quan":
921 4724 1202 4778 Heinricus
1223 4722 1338 4792 jam
1365 4722 1537 4790 Aprili
1575 4737 1745 4775 mense
1787 4719 2001 4774 Veronae
2027 4732 2254 4787 partem
2279 4716 2460 4787 fuerit.

438 4795 562 4841 dem
589 4795 643 4841 εἰ-
753 4796 822 4827 ⁸³⁸
849 4805 897 4841 et
932 4796 967 4841 i-
1010 4794 1045 4841 f-
1077 4810 1121 4841 ς-
1170 4793 1227 4841 Ρ.
1265 4808 1319 4841 n-
1352 4792 1539 4841 desunt
1564 4791 1619 4841 2.
1730 4791 1799 4822 “°
1830 4791 1935 4841 iam
1973 4788 2143 4841 nerui!
2174 4788 2223 4841 1.
2326 4787 2394 4820 ³⁹¹
2420 4802 2460 4841 c.

1019 4804 1046 4849 Γ.
1077 4810 1121 4848 s.
1169 4804 1227 4847 Ρ.
1265 4808 1319 4863 p.
1352 4804 1539 4845 desunt
1564 4804 1619 4845 2.
1730 4804 1799 4822 ἰν
1819 4807 1935 4858 1am
1973 4804 2143 4858 pergit
2174 4804 2223 4841 ι.

1019 4865 1090 4896 ⁸⁸³
1119 4864 1428 4917 Fridericus
1455 4878 1615 4931 usque
1644 4858 1873 4931 Domino
1897 4858 2079 4931 desunt
2118 4858 2203 4931 ιδ.

2557 4718 2625 4749 ³⁸⁷
2686 4718 2828 4774 deest
2875 4720 2929 4775 2.
2964 4718 2980 4722 ⁷
3038 4720 3110 4753 ⁸⁸⁸
3138 4719 3208 4774 ll.
3234 4720 3423 4777 uxoris
3456 4735 3574 4777 suae
3613 4722 3702 4776 ei-

2326 4787 2394 4860 ff‘
2414 4802 2469 4860 _c.
2494 4786 2559 4860 (ἓ.
2589 4797 2643 4843 et
2668 4804 2719 4843 e.
2746 4804 2796 4844 c.
2828 4789 3029 4860 desunt
3048 4788 3103 4843 2.
3155 4850 3165 4860 Α
3211 4788 3283 4821 ⁸η
3296 4790 3608 4860 jamprth
3631 4789 3694 4860 1.

2306 4857 2376 4928 f"
2405 4858 2462 4911 in
2493 4855 2607 4912 loco
2636 4875 2775 4928 raso,
2825 4859 2915 4912 ubi
2946 4858 3095 4928 prius
3145 4850 3316 4913 lectio'
3339 4850 3604 4928 ορᾷξὶςὲῖδ
3631 4858 3702 4916 in

440 4923 570 5007 pace
589 4923 795 5007 scripti?
814 4933 972 5007 fuerit
1006 4934 1053 5007 l_.
1133 4933 1202 4964 ⁸³⁸
1223 4934 1277 4986 in
1303 4933 1418 5007 lpco
1435 4923 1555 5007 (uso
1587 4931 1636 5007 l.
1712 4930 1780 4961 ⁸³⁷
1805 4929 1860 4981 in
1892 4926 2006 5007 l_oco
2028 4925 2240 5007 regal.
2306 4927 2378 4960 ⁸²⁸
2408 4928 2613 5007 scilicet
2656 4923 2959 4991 Zvviuelton
3006 4926 3185 4998 gluttu
3216 4943 3338 4983 uec.
3363 4923 3450 4982 XI
3463 4925 3523 4982 V.
3554 4927 3614 4983 2.

439 4995 508 5038 ³⁸⁸
532 5005 674 5059 deest
696 4995 763 5059 '2.
814 4995 907 5035 ’⁸³⁸
939 5004 993 5057 in
1026 5002 1140 5056 loco
1170 5018 1290 5055 raso
1319 5002 1369 5055 l.
1446 5001 1512 5032 ⁵³⁸
1537 5000 1730 5054 inloco
1756 5014 1878 5052 raso
1905 4996 1955 5052 1.
2032 4995 2102 5027 ⁸³³
2131 4996 2187 5048 in
2220 4995 2334 5049 loco
2367 5013 2489 5051 raso
2512 4998 2561 5051 1.

1931 5134 2139 5193 NOTAE
2151 5175 2164 5189 .

512 5271 697 5345 (I377)
737 5268 1009 5345 Lamhach
1039 5271 1094 5324 in
1120 5269 1339 5324 Austris
1367 5270 1670 5340 superiore,
1696 5268 1788 5323 ubi
1815 5282 2003 5325 emno~

440 5341 589 5399 binm
622 5341 954 5396 condiderat.

440 5412 695 5537 ἵ
729 5410 1007 5494 Celebrata
1050 5417 1136 5463 est
1170 5408 1411 5481 synodus
1438 5425 1470 5463 v
1496 5408 1613 5464 Kal.
1658 5410 1787 5480 Apr.
1836 5405 2008 5463 Mansi

442 5525 459 5537 .
495 5526 507 5535 .
548 5524 561 5537 .
596 5501 613 5532 Ι
694 5522 707 5535 .
994 5508 1002 5518 ·

442 5483 561 5543 XX,
587 5483 707 5535 758.
753 5488 759 5494 ’
994 5508 1002 5518 ·

511 5551 695 5619 (1579)
736 5550 792 5603 In
820 5547 1215 5619 Reichenbaeh.
1252 5545 1373 5619 Vid.
1402 5546 1624 5619 Cerbert
1662 5545 2011 5619 H_ist._Nigrag

442 5614 686 5703 Silvae}.
703 5619 742 5703 l_,
757 5620 937 5703 p382:
954 5640 966 5685 ;
984 5622 1050 5676 de
1068 5618 1354 5703 S..Georgi‘i
1376 5616 1576 5703 ἧς.Βῇ
1595 5614 2013 5703 _Z\vi.fal‘ténsi

444 5710 493 5760 ι).
536 5693 671 5757 288;
696 5685 771 5759 de
793 5689 1146 5760 Scal‘husensi
1172 5706 1225 5760 p,
1246 5685 1484 5760 262.:Cl'.
1508 5685 1804 5760 Mailillpnii
1827 5688 2008 5760 (Lbser-

444 5710 493 5760 ι).
536 5706 671 5757 266;
696 5706 762 5759 ue
793 5706 1146 5745 bcntnusensr
1211 5731 1225 5753 ,
1246 5706 1371 5742 zuz.
1400 5706 1484 5740 ω.
1508 5706 1804 5740 mantnonn
1827 5706 2008 5741 ouser-

442 5765 683 5818 \ztlinttcs
710 5761 919 5831 ιιιοιυιίςν
942 5759 995 5814 in
1023 5706 1352 5831 ejusg’itam
1380 5759 1500 5823 l.c.,
1529 5773 1579 5828 p.
1612 5755 1733 5823 7l7,
1757 5765 1809 5811 et
1836 5754 2008 5810 Trith.

436 5827 1266 5901 Manilii-s7.t.l.p.2’i7.l7;s.
1402 5855 1433 5896 χ
1532 5827 1582 5879 ⁷.

2180 5266 2371 5337 (1581))
2401 5263 2624 5337 Videtur
2666 5263 2896 5337 innuere
2932 5261 3263 5337 lleymonem
3295 5260 3415 5337 ejus
3445 5258 3706 5337 diseipn.

2108 5329 2221 5392 lum
2247 5345 2302 5392 et
2486 5334 2840 5409 scriptorem;
3117 5333 3237 5409 eius
3257 5329 3569 5409 catalogum
3591 5329 3706 5409 fle-

2110 5409 2308 5462 derunt
2334 5405 2509 5458 Anon.
2543 5399 2685 5458 neu.
2722 5411 2777 5457 et
2798 5399 3137 5469 Trithemius
3155 5399 3234 5453 De
3270 5399 3458 5469 script.
3486 5399 3702 5455 eccles.

2112 5476 2243 5530 etin
2271 5472 2545 5528 Chronico
2568 5473 2635 5527 ad
2658 5486 2863 5527 annum
2894 5467 3050 5522 1070.
3091 5466 3216 5522 Uss.

2189 5542 2370 5613 (l28l)
2407 5540 2669 5613 Musicam
2702 5538 2761 5613 ξε
2800 5536 3078 5593 Wilbelmi
3115 5536 3286 5593 edidit
3313 5534 3623 5592 Gerbertus
3658 5545 3704 5592 t.

2116 5611 2179 5678 ll,
2197 5607 2454 5678 scriptor.
2482 5611 2676 5669 music.
2717 5607 2839 5664 Uss.

2205 5628 2309 5669 εει-ι
2351 5628 2454 5665 tor.
2482 5628 2676 5669 musto.
2720 5628 2839 5664 uss.

2188 5628 2369 5760 ([383)
2407 5680 2521 5739 liae
2538 5695 2675 5760 voce
2690 5684 2927 5755 quatuor
2941 5677 3270 5760 matheseos

2120 5745 2391 5823 meticani,
2420 5745 2790 5823 geometriam,
2812 5747 3079 5805 musicam
3109 5755 3164 5802 et
3188 5745 3594 5821 astronomiam
3621 5745 3716 5802 in-

2118 5816 2614 5877 dicabantvctcrcs.
2640 5816 2761 5874 Uss.
2946 5842 2949 5847 ·

3558 6375 3856 6386 ἠ-ἠ
