3970 6354
263 395 402 449 1415

1145 384 1428 440 APPEND.
1463 383 1551 437 111.
1589 373 1658 424 ὲ-
1695 375 2123 436 ΜΟΝΙΙΜΕΝΤΑ
2157 374 2614 432 ΟΒΕΟΟΠΙΑΝΛ.

3370 376 3504 428 NH

262 505 383 560 Kal.
408 481 647 575 Aprilis,
674 502 730 556 in
768 498 944 555 medio
987 497 1412 568 quadragesima
1457 495 1545 548 ⁸⁸⁸.
1591 493 1833 547 Domnus
1862 494 1906 548 Α
1931 489 2272 559 disciplinam
2298 489 2494 542 ibidem
2527 487 2776 542 instituit.
2825 486 3024 540 Eodem
3062 487 3223 540 etiam
3264 495 3506 556 tempore

261 612 404 667 papa
446 593 701 649 Urbanus
752 589 1054 660 generalem
1101 587 1353 642 sinodum
1402 583 1584 654 (1409)
1614 591 1832 637 centum

265 701 403 757 pene
424 685 800 754 episcoporum
828 680 881 733 in
915 678 1323 748 quadragesima
1364 691 1428 730 ex
1451 675 1677 730 diversis
1709 689 1833 745 pro-

263 776 462 830 vinciis
484 775 538 828 in
562 772 756 843 Apulia
784 769 1148 840 congregavit,
1174 777 1228 822 et
1251 767 1477 822 diversis
1496 765 1832 820 :eclesiarum

267 862 680 918 necessitatibus
713 857 941 915 sinodali
961 857 1268 928 provisione
1309 862 1674 924 competenter
1710 868 1834 907 suc-

267 967 491 1007 currere
505 949 716 1006 curavit
734 948 824 1002 ⁸⁸⁸.
843 945 900 1001 1η
917 945 1289 1017 Longobardia
1309 943 1668 999 Chuonradns
1691 942 1834 1010 ﬁlius

270 1039 507 1095 Heinrici
535 1039 676 1110 regis
697 1054 726 1092 a
750 1045 902 1108 patre
921 1037 1046 1090 dolo
1071 1035 1492 1089 circumvenitur
1511 1042 1564 1086 et
1593 1025 1834 1102 captiva-

272 1140 399 1197 tur;
436 1137 519 1184 set
544 1127 639 1183 Dei
679 1127 1047 1184 misericordia
1091 1126 1214 1180 inde
1242 1134 1478 1194 ereptus,
1519 1139 1548 1178 a
1577 1123 1832 1178 Mediola-

267 1220 428 1275 nensi
448 1219 857 1290 archiepiscopo
897 1218 1078 1288 (Mlti)
1120 1226 1173 1272 et
1203 1216 1428 1286 reliquis
1476 1214 1648 1270 sancti
1692 1213 1834 1268 Petri

268 1309 517 1364 ﬁdelibus
565 1309 620 1363 in
659 1324 839 1379 regem
894 1315 1205 1372 coronatur,
1260 1307 1534 1360 annitente
1588 1304 1834 1358 Wcll‘one

267 1400 405 1455 duce
428 1398 612 1464 Italiaa,
635 1407 689 1454 et
715 1397 970 1453 Mathilda
1011 1397 1130 1467 ejus
1169 1397 1455 1453 karissima
1483 1397 1552 1430 ⁸⁸⁸
1582 1395 1829 1464 conjuge.

269 1493 364 1548 Set
401 1501 457 1548 et
496 1502 648 1563 pater
697 1493 938 1562 ejusdem
977 1491 1152 1557 ducis,
1189 1490 1367 1546 Well'o
1406 1493 1511 1546 dux
1550 1490 1831 1560 Bajoarire,

269 1597 379 1637 non
410 1583 582 1637 multo
603 1589 726 1652 post
769 1581 839 1636 ad
880 1581 1109 1636 eundem
1141 1580 1350 1636 uoviter
1384 1589 1703 1636 coronatum
1747 1595 1834 1634 re-

267 1685 389 1740 gem
431 1669 487 1723 in
534 1668 965 1740 Longobardiam
1002 1668 1166 1734 venit,
1208 1668 1364 1738 eique
1413 1684 1537 1723 cum
1586 1669 1696 1722 lilio
1732 1683 1833 1723 suo

267 1761 495 1816 ﬁdeliter
519 1761 776 1815 adherere
805 1761 1016 1831 sategit.
1053 1758 1336 1815 lleinricus
1364 1775 1492 1814 vero
1521 1768 1671 1829 pater
1691 1759 1833 1830 regis

266 1850 322 1904 in
347 1849 623 1919 quandam
661 1850 1019 1904 munitionem
1042 1849 1110 1882 ⁸⁸⁷
1130 1865 1191 1904 se
1231 1850 1479 1915 contulit,
1523 1849 1705 1920 ibique
1736 1849 1830 1904 diu

265 1939 472 2008 absque
516 1939 660 2009 regia
721 1938 982 2008 dignitate
1033 1946 1277 1992 moratus
1331 1939 1608 2006 nimioque
1646 1938 1833 1992 dolore

265 2031 494 2085 affectus
522 2046 580 2084 se
611 2030 809 2100 ipsum,
837 2034 896 2084 ut
926 2029 1099 2093 aiunt,
1122 2029 1282 2084 morti
1304 2030 1514 2084 tradere
1536 2029 1725 2096 voluit,
1751 2039 1833 2085 set

267 2135 298 2174 a
325 2119 441 2174 suis
465 2128 767 2188 praeventus
800 2119 866 2172 ad
912 2119 1160 2173 ell'ectum
1183 2119 1462 2188 pervenire
1500 2135 1609 2174 non
1635 2121 1827 2189 potuit.

266 2207 326 2261 In
353 2209 671 2262 Alemannis
695 2209 805 2262 dux
839 2208 1158 2264 Berthaldns
1200 2210 1589 2265 monasterium
1633 2225 1830 2264 novum

266 2294 323 2350 in
365 2293 644 2350 honorem
671 2296 844 2350 sancti
888 2294 1033 2350 Petri
1077 2296 1132 2349 in
1174 2297 1374 2365 praedio
1418 2312 1520 2351 suo
1564 2298 1619 2350 in
1669 2296 1830 2367 Nigra

267 2386 416 2440 Silva
440 2402 471 2440 a
501 2385 869 2441 fundamentis
909 2386 1169 2450 extruxit,
1194 2387 1488 2456 multisque
1513 2387 1673 2442 bonis
1696 2389 1832 2442 dita-

265 2476 362 2530 vit.
409 2477 504 2531 S'et
542 2485 596 2530 et
643 2477 826 2531 omnia
861 2476 1003 2530 bona
1051 2477 1270 2532 alterius
1307 2479 1643 2542 monasterii,
1687 2471 1832 2550 quad

267 2564 511 2633 ejusdem
539 2565 692 2619 ducis
718 2573 870 2635 pater
909 2565 963 2619 in
1006 2566 1114 2620 alio
1147 2566 1268 2621 loco
1311 2566 1490 2638 (1411)
1527 2568 1830 2634 εωίιῖοθγὶῑ,

269 2653 458 2709 iste'ad
494 2653 638 2708 istud
663 2655 956 2709 transtulit.
1000 2654 1113 2709 Hoc
1151 2670 1280 2725 ergo
1313 2659 1702 2714 monasterium
1721 2658 1832 2712 fra-

270 2753 352 2798 ter
373 2743 544 2814 ipsius
564 2745 718 2800 ducis
743 2745 1113 2810 Gebebardus,
1154 2744 1584 2801 Constantiensis
1623 2748 1832 2816 episco-

272 2853 373 2906 pus
395 2844 450 2890 et
489 2837 798 2906 apostolicae
837 2837 980 2892 sedis
1021 2837 1247 2906 legatus,
1284 2851 1382 2891 sua
1427 2838 1832 2892 consecratione

271 2925 520 2994 initiavit,
559 2926 800 2995 alterque
856 2923 1202 3004 Gebebardus
1244 2924 1622 3000 Yrsangicnsis
1666 2928 1832 2981 abbas

270 3019 574 3088 regularem
614 3017 954 3086 disciplinam
1000 3018 1392 3072 monachorum
1440 3017 1636 3072 ibidem
1677 3019 1833 3072 insti-

267 3109 393 3163 tuit.
422 3107 546 3164 Haec
585 3117 766 3164 autem
807 3108 1144 3164 consecratio
1183 3107 1324 3162 facta
1366 3119 1451 3163 est
1491 3110 1546 3164 in
1583 3109 1834 3164 Kalendis

270 3198 520 3268 Augusti,
551 3213 675 3252 cum
701 3205 783 3251 est
806 3197 967 3251 statio
981 3197 1050 3250 ad
1073 3195 1286 3252 vincula
1306 3199 1477 3252 sancti
1505 3197 1668 3263 Petri,
1698 3214 1834 3268 quo-

270 3304 392 3341 rum
424 3288 492 3320 ⁸⁸⁸
529 3287 691 3342 etiam
735 3303 986 3357 magnam
1042 3294 1250 3356 partem
1287 3271 1625 3342 ven'érandus
1665 3289 1834 3344 abbas

272 3375 582 3448 Sigefredus
629 3378 696 3432 de
722 3377 855 3432 cella
899 3375 1194 3432 Salvatoris
1235 3377 1408 3432 eidem
1436 3377 1556 3433 loco
1581 3380 1826 3444 contulit,

219 3531 225 3536 _
269 3480 324 3522 et
361 3467 557 3523 multas
596 3468 826 3522 aliorum
871 3476 1180 3523 sanctorum
1225 3468 1499 3538 reliquias.
1545 3468 1602 3523 In
1645 3470 1832 3524 eadem

268 3559 432 3613 etiam
465 3559 868 3614 consecratione
901 3558 1181 3613 abbas-illi
1205 3559 1324 3613 loco
1344 3559 1577 3630 eligitur,
1609 3560 1834 3630 ejusque

267 3648 611 3718 dispositioni
648 3657 703 3703 et
729 3648 981 3703 monachi
1005 3655 1060 3702 et
1097 3649 1364 3703 extructio
1385 3649 1489 3703 loci
1511 3663 1635 3702 cum
1656 3650 1833 3703 omni-

267 3738 378 3793 bus’
394 3739 462 3792 ad
486 3739 637 3792 illum
657 3731 1052 3808 pertinentibus
1086 3737 1254 3792 libere
1293 3737 1669 3803 committitur,
1692 3737 1833 3808 ipse-

269 3841 377 3894 que
403 3826 554 3881 locus
575 3826 890 3896 apostolica:
913 3812 1027 3880 sedi
1043 3825 1348 3894 specialiter
1364 3827 1644 3895 subjacere
1667 3825 1832 3882 desti-

269 3923 434 3967 natur
459 3915 548 3967 ⁶⁸⁹.
574 3914 711 3968 Item
737 3915 792 3968 in
813 3914 1130 3968 Alemannia
1170 3914 1541 3971 Bartmannus
1567 3931 1750 3972 comes
1778 3925 1834 3971 et

271 4001 440 4056 frater
483 4002 602 4072 ejus
642 4000 766 4056 Otto
811 4017 1014 4056 novum
1064 4003 1452 4057 monasterium
1505 4003 1560 4056 in
1612 4005 1832 4074 proprio

271 4091 488 4158 allodio,
510 4092 565 4145 in
593 4093 714 4146 loco
730 4091 825 4158 ubi
856 4089 1134 4147 Danubius
1164 4099 1220 4146 et
1240 4089 1392 4146 llaris
1417 4090 1610 4147 ﬁuvins
1636 4107 1855 4148 convc-_

271 4181 431 4235 niunt
455 4180 656 4250 (1412),
683 4175 739 4234 in
763 4180 1024 4236 honorem
1058 4182 1232 4237 sancti
1267 4181 1479 4236 Martini
1509 4190 1830 4237 construxe-

271 4279 437 4338 runt;
462 4271 605 4341 quod
625 4271 752 4326 item
780 4271 1066 4341 praedictus
1094 4271 1527 4333 Constantiensis
1547 4271 1832 4342 episcopus

273 4362 330 4416 in
357 4377 540 4417 mense
571 4361 870 4432 Septembri
899 4378 994 4417 sua
1018 4363 1428 4418 consecratione
1453 4363 1724 4428 iniciavit;
1751 4373 1853 4418 set»

1934 577 2076 634 idem
2132 579 2420 647 episcopus
2485 579 2741 647 praedicto
2795 577 2974 631 abbati
3030 577 3174 630 aliud
3229 586 3506 632 monaste-

1933 669 2073 724 rium
2119 668 2300 739 (1415)
2369 683 2476 722 non
2531 669 2688 738 longe
2748 669 2976 722 multum
3030 668 3153 724 inde
3207 669 3388 739 (1111)
3450 671 3502 723 ἰι.

1931 759 2193 813 honorem
2254 760 2426 814 sancti
2488 759 2703 830 Georgii
2762 761 3138 825 consecuarit;
3205 745 3504 830 qui-m'lo-

1931 863 2055 902 cum
2112 857 2166 901 ct
2234 863 2462 917 quicque
2535 849 2600 902 ad
2654 848 2804 901 illum
2863 849 3217 918 pertinentia,
3282 849 3501 917 quidam

1910 938 2128 992 .nobilis
2164 937 2326 990 homo
2351 938 2672 991 Cbonradus
2697 938 2763 968 ³⁹⁰
2785 946 2837 991 ct
2865 938 3060 992 fratres
3095 940 3214 1008 ejus
3263 939 3328 992 ad
3365 938 3504 993 San-

1932 1036 2077 1082 ctum
2110 1027 2345 1082 Blasium
2367 1030 2572 1098 absque
2613 1029 2759 1082 omni
2783 1030 3089 1084 conditione
3139 1030 3504 1098 tradiderunt,

1931 1129 1984 1175 et
2006 1121 2318 1190 praedictum
2367 1121 2638 1186 abbatem,
2668 1132 2725 1176 ut
2749 1122 2840 1176 Dei
2896 1123 3182 1176 scrvicium
3231 1123 3281 1176 in
3313 1124 3502 1178 eodem

1931 1210 2054 1263 loco
2088 1209 2408 1275 institueret,
2435 1221 2788 1280 rogaverunt;
2814 1226 3045 1280 quorum
3079 1212 3217 1264 votis
3240 1211 3379 1266 idem
3403 1215 3503 1266 ab-

1930 1299 2029 1355 bas
2053 1317 2292 1355 annucrc
2327 1316 2433 1355 non
2459 1302 2707 1355 cessavit.
2741 1299 2855 1356 lloc
2884 1309 3124 1370 tempore
3175 1317 3312 1354 uxor
3343 1317 3481 1371 egre-

1931 1394 2002 1464 gii
2015 1394 2227 1449 comitis
2239 1395 2506 1449 Adelberti
2523 1395 2611 1464 (14
2624 1396 2638 1446 1
2652 1395 2726 1463 Si),
2743 1395 2960 1447 nomine
2975 1393 3182 1464 Weliga
3198 1394 3265 1425 ³⁹¹
3295 1395 3504 1464 (1416),
3562 1468 3565 1470 _

1931 1487 2110 1556 magni
2147 1486 2302 1541 ducis
2329 1485 2592 1541 Gotil'rcdi
2627 1486 2807 1554 (Hl'i)
2833 1485 2962 1549 ﬁlia,
3014 1485 3145 1539 satis
3168 1484 3508 1540 laudabiliter

1930 1591 2054 1630 cum
2087 1577 2203 1630 viro
2245 1592 2346 1631 suo
2383 1577 2435 1630 in
2476 1577 2678 1634 seculo.
2715 1585 3058 1640 convcrsata,
3093 1575 3254 1645 dicm
3309 1577 3508 1632 clausit

1929 1676 2253 1734 extremum,
2309 1676 2363 1721 et
2413 1668 2555 1735 apud
2620 1666 3016 1736 Hyrsaugiense
3071 1667 3504 1732 monasterium,

1931 1757 2076 1827 quod
2111 1757 2225 1825 ipsa
2260 1758 2603 1825 potissimum
2627 1756 2860 1810 instituit
2905 1765 2957 1809 et
2998 1755 3216 1819 amavit,
3251 1757 3382 1810 satis
3408 1757 3507 1810 lm-

1934 1846 2155 1902 noriﬁcc
2179 1847 2436 1916 sepelitur
2465 1848 2554 1900 ⁸⁹¹.
2595 1847 2819 1918 Signum
2875 1847 2928 1900 in
2967 1847 3080 1900 sole
3117 1845 3316 1900 factum
3341 1856 3423 1899 est
3449 1847 3500 1899 9.

1935 1935 2053 1990 Kal.
2088 1933 2339 1997 Octobris
2359 1944 2484 1991 ante
2509 1937 2579 1969 ³³³
2612 1936 2912 2001 meridiem,
2937 1945 2997 1990 ut
3020 1937 3256 1990 circulus
3286 1937 3504 2006 quidam

1934 2026 1987 2080 in
2017 2027 2108 2080 illo
2141 2034 2444 2095 appareret,
2477 2035 2525 2080 et
2564 2027 2678 2096 ipse
2715 2026 2769 2078 in
2790 2041 2982 2079 sereno
3010 2027 3127 2079 celo
3170 2027 3500 2080 obscurissi—

1933 2132 2020 2171 me
2041 2116 2110 2148 ""
2139 2117 2342 2172 luceret
2372 2117 2476 2170 '"e
2512 2114 2616 2170 Sed
2662 2117 2765 2170 hoc
2794 2116 2966 2182 magis
3007 2116 3228 2183 quidam
3278 2116 3502 2184 eclipsin

1932 2222 2096 2276 quam
2131 2208 2346 2276 signum
2375 2205 2542 2261 fuisse
2562 2215 2906 2275 putaverunt,
2938 2206 3206 2275 pt-reripuc
3228 2221 3352 2258 cum
3378 2207 3504 2259 luna

1931 2305 2074 2351 esset
2093 2296 2347 2352 vicesima
2368 2307 2558 2350 octava
2580 2312 2644 2349 ea
2665 2295 2771 2349 die.
2798 2293 2933 2348 Nam
2957 2297 3022 2327 ³⁸⁸
3053 2297 3303 2366 egregius
3323 2297 3506 2350 calcu-

1930 2388 2072 2441 lator
2091 2389 2324 2442 domnus
2349 2383 2721 2441 Heroniannus
2744 2387 2814 2418 m
2835 2387 2997 2440 etiam
3029 2387 3082 2440 in
3118 2388 3377 2457 vigesima
3415 2403 3503 2444 se-

1931 2479 2095 2548 ptima
2121 2479 2247 2532 lnna
2279 2459 2506 2537 ecliPSin
2529 2478 2790 2532 accidisse
2816 2478 3003 2543 scribit
3022 2492 3166 2530 anno
3195 2478 3261 2508 ⁵⁰⁷
3288 2476 3506 2532 Domini

1934 2571 2071 2622 1055
2121 2570 2210 2623 ⁸⁸⁸⁸.
2261 2567 2611 2625 Gchebardns
2645 2557 3081 2624 Constantic'nsis
3113 2572 3400 2638 episc0pns
3453 2579 3508 2622 et

1931 2656 2240 2724 apostolica:
2276 2657 2417 2712 sedis
2439 2657 2666 2726 legatus,
2695 2656 2996 2710 Welfoncrn
3023 2658 3215 2711 ducem
3241 2657 3504 2726 Bajoarizc

1931 2759 2026 2813 per
2064 2760 2258 2798 manus
2308 2745 2360 2798 in
2401 2746 2626 2798 militem
2684 2747 2914 2816 accepit,
2969 2748 3109 2800 sicut
3137 2754 3192 2800 ct
3225 2746 3504 2816 proprium

1931 2833 2150 2891 fratmm
2175 2833 2481 2888 Bcrtaldum
2537 2836 2727 2889 ducem
2760 2835 3092 2890 Alcmannim
3127 2836 3239 2905 jam
3299 2837 3504 2891 dudum

1933 2923 2091 2990 fecit;
2119 2941 2243 2978 cum
2267 2925 2464 2994 quibus
2491 2935 2544 2978 ct
2570 2926 2794 2995 reliquis
2817 2927 3147 2980 Alemannia:
3171 2927 3506 2997 principibus

1931 3027 2187 3082 magnum
2236 3020 2563 3067 conventum
2604 3016 2745 3084 apud
2785 3013 2995 3068 Ulmam
3048 3005 3272 3069 liabuit.’
3306 3015 3363 3068 ln
3395 3032 3506 3087 quo

1933 3113 2200 3160 conventu
2225 3103 2536 3160 ﬁrmissime
2565 3106 2843 3160 laudatum
2887 3115 2992 3167 est.
3021 3115 3082 3162 ut
3105 3107 3505 3163 Constanticnsi

1935 3193 2190 3261 episcopo
2250 3194 2580 3249 omnimodis
2634 3197 2936 3258 secundum
2977 3205 3194 3252 statuta
3233 3212 3503 3251 canonum

1934 3282 2265 3348 obediretur,
2288 3292 2342 3335 et
2363 3292 2423 3336 ut
2450 3284 2575 3338 duci
2597 3285 2887 3339 Berthaldo
2905 3295 2960 3340 et
2985 3287 3275 3340 cemitibus
3309 3301 3504 3339 secun-

1931 3372 2062 3427 dum
2099 3373 2270 3443 legem
2307 3373 2729 3428 Alemannorum
2785 3377 3266 3433 obsecundaretur.
3302 3376 3504 3432 Deinde

1931 3463 2300 3518 ﬁrmissimam
2335 3479 2519 3533 pacem
2544 3473 2652 3519 tam
2699 3465 2866 3520 duces
2905 3482 3069 3536 quam
3097 3467 3344 3533 comites,
3391 3478 3502 3522 tam

1930 3554 2169 3622 majores
2192 3569 2358 3623 quam
2411 3556 3162 3622 minores,scobservaturos
3206 3572 3238 3612 a
3285 3556 3336 3611 7.
3377 3557 3496 3610 Kal.

1931 3641 2242 3698 Decembris
2273 3660 2446 3717 usque
2469 3646 2524 3700 in
2552 3649 2772 3716 pascha,
2802 3655 2855 3702 et
2875 3663 2907 3702 a
2941 3649 3142 3716 pascha
3169 3648 3220 3700 in
3245 3647 3383 3701 duos
3403 3663 3501 3702 an-

1931 3750 2034 3801 nos
2059 3737 2383 3806 juraverunt
2421 3756 2432 3790 :
2481 3739 2729 3792 videlicet
2757 3738 3012 3793 omnibus
3059 3736 3344 3810 monachis
3388 3737 3502 3792 sive

1930 3827 2207 3881 conversis
2259 3836 2312 3881 et
2359 3828 2572 3882 clericis
2618 3814 2892 3881 catholico]
2935 3825 3188 3896 episcopo
3221 3826 3499 3896 subjectis,

1929 3915 2157 3969 teclesiis
2191 3923 2247 3968 et
2267 3930 2456 3971 earum
2490 3918 2643 3975 atriis
2678 3925 2732 3971 et
2763 3917 2876 3971 doti
2923 3931 3136 3985 earum,
3182 3921 3502 3977 mercatori-

1929 4004 2052 4068 bus,
2085 4011 2140 4057 et
2161 4007 2416 4062 omnibus
2445 4008 2632 4062 eodem
2673 4008 2988 4078 iuramento
3038 4010 3310 4080 obligatis,
3341 4011 3520 4065 esce-I

1928 4102 2022 4163 pto
2042 4093 2280 4150 Amoldo
2307 4097 2560 4152 invasore
2591 4098 3032 4154 Constantiensis
3051 4101 3275 4155 mclcsize
3297 4108 3351 4154 et
3375 4114 3497 4153 om-

1930 4185 2092 4242 nibus
2116 4185 2235 4255 ejus
2276 4185 2603 4243 fautoribus.
2649 4188 2800 4244 Hanc
2840 4205 3028 4258 pacem
3071 4190 3266 4258 singuli
3294 4190 3500 4258 princi-

1931 4289 2026 4344 pes
2068 4277 2162 4346 qui
2214 4287 2603 4343 convenerunt,
2642 4278 3046 4347 usqueqaisque
3086 4278 3154 4312 ’θ’
3183 4295 3276 4348 per
3313 4287 3498 4348 potes-

1929 4373 2094 4419 tatem
2117 4381 2295 4431 suam,
2324 4381 2713 4434 usquequaque
2747 4367 2949 4422 viritim
2989 4365 3185 4437 jurare.
3235 4367 3496 4424 fecerunt.

272 4453 596 4508 venerabilis
642 4453 810 4508 abbas
844 4449 949 4507 Uto
988 4452 1056 4507 de
1099 4451 1298 4520 Sancto
1326 4451 1507 4508 Blasio
1529 4452 1830 4521 regularem
1861 4469 1907 4522 υ
1931 4451 2026 4506 His
2051 4454 2387 4522 temporibus
2414 4470 2506 4509 rex
2526 4455 2798 4526 Hispaniae
2827 4456 3156 4525 Adel‘onsus,
3204 4460 3260 4514 in
3281 4457 3382 4515 ﬁde
3407 4475 3500 4515 ca-

1553 4597 1783 4653 VARUS
1818 4565 2218 4656 necrtoues.

345 4736 414 4768 m
438 4736 631 4806 iterum
661 4737 828 4806 pergit
855 4737 880 4788 1
974 4735 1045 4806 ⁸⁸ξ
1077 4734 1326 4806 pergit}.
1402 4733 1472 4806 "_‘
1515 4733 1659 4806 deest
1684 4735 1756 4806 _2.

272 4833 346 4847 -—
377 4803 731 4860 committitur
757 4803 973 4860 'desunt
1013 4803 1084 4857 2.
1201 4803 1271 4834 ⁸⁸⁸
1303 4803 1471 4871 pergit
1506 4803 1557 4856 1.

275 4876 346 4979 ἷῖἶ
380 4872 929 4999 ἲιῗ⁷⁹ἒ²οέιὶηὲἰῖιε³ἒῗ⁸
1047 4870 1687 4999 ¹ὲ¹ιῗ⁸ἷι⁴ἓιξο⁶¹²ίέ⁴ὶὲεηζ⁰ἲένὲ

1680 4804 1750 4836 ⁸⁸⁸
1787 4805 1865 4860 ita
1908 4807 1958 4861 1.

1867 4736 1938 4814 “‘_’
1985 4740 2354 4814 monitionem
2391 4757 2528 4814 cerr.
2567 4743 2931 4814 munitionem,
2984 4731 3059 4796 1.’
3139 4745 3208 4776 ⁸⁸⁸
3262 4761 3497 4814 quorum

2068 4810 2138 4840 ⁸⁹¹
2191 4809 2368 4873 Wilga
2425 4809 2542 4863 Uss.
2586 4821 2769 4864 contra
2816 4812 3055 4864 codicum
3103 4809 3492 4873 auctoritatem.
3573 4861 3578 4867 .

1799 4875 1871 4907 m
1910 4877 2049 4929 deest
2078 4876 2131 4930 2.
2244 4878 2288 4908 ⁸⁸

2372 4876 2508 4930 Nam
2567 4893 2616 4931 e.
2664 4895 2714 4933 c.
2767 4880 2820 4933 d.
2881 4878 2945 4934 H.
2995 4881 3051 4934 in
3106 4881 3219 4936 loco
3265 4901 3386 4939 raso
3442 4890 3492 4942 1.

494 4943 816 4999 Contractus
835 4941 889 4995 3.
964 4941 1032 4972 ⁵’⁷
1067 4955 1136 4994 an
1165 4939 1285 4994 hinc
1335 4941 1522 5010 folium
1566 4943 1673 5011 fere
1706 4951 1871 4997 totum
1907 4945 2139 4997 misum
2159 4945 2308 4998 eat2.
2387 4946 2459 4977 ⁸⁸⁸
2491 4949 2660 5017 pergit
2699 4949 2748 5001 1.
2824 4950 2893 4982 ⁸³⁸
2948 4951 3076 5020 qu;
3114 4953 3253 5022 (σας

1763 5050 1990 5107 NOTAE.

277 5159 284 5166 ·
336 5145 527 5216 (1409)
553 5142 956 5216 Τιόίεξβεὶιξοει
977 5140 1031 5216 in
1056 5139 1249 5209 Apulia
1276 5155 1308 5193 v
1330 5138 1386 5216 ld
1410 5140 1565 5216 Mart.
1593 5142 1825 5216 synodus

273 5209 539 5335 $1M:
572 5209 749 5269 ρξε’Ἱὸ
793 5209 1060 5282 episcopis
1104 5210 1478 5279 praesentibus.
1513 5209 1688 5287 Μακίεῆ
1710 5211 1827 5276 KX,

368 5348 523 5404 1410)
552 5349 825 5404 Anselmo.

549 5350 834 5485 θρέξῗὲῗὴ
865 5418 1005 5472 infra
1038 5432 1216 5472 arcem
1248 5415 1422 5482 Teck;
1465 5414 1535 5470 cf.
1581 5415 1826 5472 Gerberti

271 5483 409 5539 HiSt.
434 5483 607 5552 Nigra:
630 5483 759 5538 Silv.
782 5495 823 5539 t.
847 5486 887 5552 1,
916 5502 968 5552 p.
995 5487 1119 5541 290.
1150 5485 1274 5541 Uss.
1753 5501 1765 5511 '

991 5500 1406 5620 ﬁmiiliislonia,
1453 5553 1510 5607 Β.
1562 5554 1824 5611 Werncro

272 5620 463 5678 abbate
482 5621 608 5676 illnc
635 5620 1041 5678 cum'fratribus
1062 5627 1247 5680 misso.
1274 5624 1392 5679 Vid.
1419 5624 1660 5679 Gerbert.
1690 5625 1723 5678 l.
1747 5643 1818 5691 c.,

272 5710 324 5746 ι).
353 5693 475 5746 250.
504 5689 628 5746 Uss.
1050 5692 1057 5695 “

271 5710 324 5749 1).
353 5706 475 5748 250.
508 5706 628 5746 USS.

2003 5139 2182 5221 (1415)
2207 5140 2619 5221 Oscbsenhugen
2646 5144 2922 5206 cella‘tunc
2956 5151 3015 5209 S.
3047 5153 3209 5210 Blasii
3234 5174 3247 5221 ;
3274 5170 3326 5208 ν.
3355 5154 3492 5210 (ἔσει-κ

1931 5211 2068 5266 bert.
2099 5213 2132 5265 l.
2161 5211 2233 5277 c.,
2263 5229 2313 5280 p.
2339 5214 2460 5270 294.
2494 5215 2616 5272 Uss.

1960 5297 1962 5300 '
2002 5282 2182 5418 (1414)
2212 5282 2299 5336 Sc.
2331 5297 2362 5336 a
2387 5283 2740 5357 Wiblingensi
2761 5291 3027 5345 caanobio.

1960 5417 1969 5418 ί
2029 5350 2183 5418 1415)
2225 5350 2337 5406 Hoc
2387 5356 2605 5409 nomine
2649 5356 2710 5411 11.
2773 5361 2990 5413 comitis

2029 5350 2183 5430 1415)
2225 5350 2337 5406 lioc
2387 5350 2618 5409 nomine'
2639 5356 2710 5430 _ll.
2773 5361 2990 5413 comitis
3031 5357 3354 5430 Galwensis,
3395 5364 3488 5430 qui

1928 5417 2310 5556 :lirésgggﬁnse
2363 5427 2747 5480 monasterium
2791 5427 3130 5498 restauravit.
3184 5426 3280 5480 Vid
3331 5417 3377 5481 ’1.
3411 5417 3480 5482 ἒ..

1965 5527 1980 5540 .
2119 5527 2130 5539 .
2209 5505 2282 5543 ss.

1965 5527 1980 5540 .
2008 5505 2130 5540 Ζυυ.
2165 5505 2282 5543 USS.

2001 5556 2182 5622 (1416)
2221 5556 2346 5612 Sive
2369 5559 2672 5618 Wiltrudis.

2001 5560 2159 5622 (1416
2221 5560 2346 5612 Sive
2369 5560 2450 5612 Wi

2001 5560 2182 5694 (“17;
2216 5626 2450 5681 Barbati.
