  <div class='ocr_page' id='page_1' title='image "/cluster/home/n/w/nwhite01/storage/ocr_20150623/148/uva.x000829792/711.png"; bbox 0 0 3970 6392; ppageno 0'>
   <div class='ocr_carea' id='block_1_1' title="bbox 454 424 593 480">
    <p class='ocr_par' dir='ltr' id='par_1_1' title="bbox 454 424 593 480">
     <span class='ocr_line' id='line_1_1' title="bbox 454 424 593 480; baseline -0.007 0"><span class='ocrx_word' id='word_1_1' title='bbox 454 424 593 480; x_wconf 65' lang='grc' dir='ltr'><strong>ΗἹῦ</strong></span> 
     </span>
    </p>
   </div>
   <div class='ocr_carea' id='block_1_2' title="bbox 1432 380 2720 490">
    <p class='ocr_par' dir='ltr' id='par_1_2' title="bbox 1432 380 2720 490">
     <span class='ocr_line' id='line_1_2' title="bbox 1432 380 2720 490; baseline -0.005 -18"><span class='ocrx_word' id='word_1_2' title='bbox 1432 418 1520 472; x_wconf 64' lang='grc' dir='ltr'>ιι)</span> <span class='ocrx_word' id='word_1_3' title='bbox 1553 386 1877 472; x_wconf 48' lang='lat' dir='ltr'><strong>ornats.</strong></span> <span class='ocrx_word' id='word_1_4' title='bbox 1919 380 2243 490; x_wconf 65' lang='lat' dir='ltr'><strong>caecatur</strong></span> <span class='ocrx_word' id='word_1_5' title='bbox 2283 409 2720 468; x_wconf 59' lang='lat' dir='ltr'><strong>arcesarces.</strong></span> 
     </span>
    </p>
   </div>
   <div class='ocr_carea' id='block_1_3' title="bbox 3554 418 3696 471">
    <p class='ocr_par' dir='ltr' id='par_1_3' title="bbox 3554 418 3696 471">
     <span class='ocr_line' id='line_1_3' title="bbox 3554 418 3696 471; baseline -0.014 0"><span class='ocrx_word' id='word_1_6' title='bbox 3554 418 3696 471; x_wconf 70' lang='grc'>1416</span> 
     </span>
    </p>
   </div>
   <div class='ocr_carea' id='block_1_4' title="bbox 453 521 3697 592">
    <p class='ocr_par' dir='ltr' id='par_1_4' title="bbox 453 521 3697 592">
     <span class='ocr_line' id='line_1_4' title="bbox 453 521 3697 592; baseline -0.004 0"><span class='ocrx_word' id='word_1_7' title='bbox 453 537 687 592; x_wconf 86' lang='lat' dir='ltr'><strong>tholicus</strong></span> <span class='ocrx_word' id='word_1_8' title='bbox 735 541 788 588; x_wconf 91' lang='lat' dir='ltr'><strong>et</strong></span> <span class='ocrx_word' id='word_1_9' title='bbox 836 532 890 587; x_wconf 94' lang='lat' dir='ltr'><strong>in</strong></span> <span class='ocrx_word' id='word_1_10' title='bbox 940 526 1348 588; x_wconf 75' lang='lat' dir='ltr'><strong>cenvetsaiione</strong></span> <span class='ocrx_word' id='word_1_11' title='bbox 1381 530 1756 585; x_wconf 76' lang='lat' dir='ltr'><strong>Cluniacensis</strong></span> <span class='ocrx_word' id='word_1_12' title='bbox 1805 526 2017 581; x_wconf 93' lang='lat' dir='ltr'><strong>abbatis</strong></span> <span class='ocrx_word' id='word_1_13' title='bbox 2043 530 2088 585; x_wconf 68' lang='grc' dir='ltr'><strong>Α</strong></span> <span class='ocrx_word' id='word_1_14' title='bbox 2117 525 2322 578; x_wconf 79' lang='lat' dir='ltr'><strong>nitione</strong></span> <span class='ocrx_word' id='word_1_15' title='bbox 2345 525 2689 590; x_wconf 72' lang='lat' dir='ltr'><strong>morabatur;</strong></span> <span class='ocrx_word' id='word_1_16' title='bbox 2732 522 2824 578; x_wconf 86' lang='lat' dir='ltr'><strong>sed</strong></span> <span class='ocrx_word' id='word_1_17' title='bbox 2853 521 3140 585; x_wconf 74' lang='lat' dir='ltr'><strong>Wibertini</strong></span> <span class='ocrx_word' id='word_1_18' title='bbox 3166 525 3359 579; x_wconf 79' lang='lat' dir='ltr'><strong>turrim</strong></span> <span class='ocrx_word' id='word_1_19' title='bbox 3394 523 3697 584; x_wconf 78' lang='lat' dir='ltr'><strong>Crescentii</strong></span> 
     </span>
    </p>
   </div>
   <div class='ocr_carea' id='block_1_5' title="bbox 452 615 2042 692">
    <p class='ocr_par' dir='ltr' id='par_1_5' title="bbox 452 615 2042 692">
     <span class='ocr_line' id='line_1_5' title="bbox 452 615 2042 692; baseline -0.008 -11"><span class='ocrx_word' id='word_1_20' title='bbox 452 623 896 688; x_wconf 87' lang='lat' dir='ltr'><strong>obedientiarins,</strong></span> <span class='ocrx_word' id='word_1_21' title='bbox 931 622 1212 692; x_wconf 84' lang='lat' dir='ltr'><strong>sepissime</strong></span> <span class='ocrx_word' id='word_1_22' title='bbox 1248 630 1437 675; x_wconf 89' lang='lat' dir='ltr'><strong>contra</strong></span> <span class='ocrx_word' id='word_1_23' title='bbox 1458 634 1698 690; x_wconf 80' lang='lat' dir='ltr'><strong>paganos</strong></span> <span class='ocrx_word' id='word_1_24' title='bbox 1744 632 1844 687; x_wconf 85' lang='lat' dir='ltr'><strong>pro</strong></span> <span class='ocrx_word' id='word_1_25' title='bbox 1872 615 2042 671; x_wconf 30' lang='lat' dir='ltr'><strong>cbri-v</strong></span> 
     </span>
    </p>
   </div>
   <div class='ocr_carea' id='block_1_6' title="bbox 456 705 2020 780">
    <p class='ocr_par' dir='ltr' id='par_1_6' title="bbox 456 705 2020 780">
     <span class='ocr_line' id='line_1_6' title="bbox 456 705 2020 780; baseline -0.009 -9"><span class='ocrx_word' id='word_1_26' title='bbox 456 715 645 772; x_wconf 86' lang='lat' dir='ltr'><strong>stianis</strong></span> <span class='ocrx_word' id='word_1_27' title='bbox 693 713 1229 777; x_wconf 85' lang='lat' dir='ltr'><strong>viriliterdimicavit,</strong></span> <span class='ocrx_word' id='word_1_28' title='bbox 1279 712 1586 780; x_wconf 87' lang='lat' dir='ltr'><strong>multasque</strong></span> <span class='ocrx_word' id='word_1_29' title='bbox 1637 707 1878 774; x_wconf 71' lang='lat' dir='ltr'><strong>melesias</strong></span> <span class='ocrx_word' id='word_1_30' title='bbox 1905 705 2020 775; x_wconf 90' lang='lat' dir='ltr'><strong>jam</strong></span> 
     </span>
    </p>
   </div>
   <div class='ocr_carea' id='block_1_7' title="bbox 455 801 2022 874">
    <p class='ocr_par' dir='ltr' id='par_1_7' title="bbox 455 801 2022 874">
     <span class='ocr_line' id='line_1_7' title="bbox 455 801 2022 874; baseline -0.008 -12"><span class='ocrx_word' id='word_1_31' title='bbox 455 809 658 862; x_wconf 83' lang='lat' dir='ltr'><strong>dudum</strong></span> <span class='ocrx_word' id='word_1_32' title='bbox 686 805 898 874; x_wconf 75' lang='lat' dir='ltr'><strong>penitus</strong></span> <span class='ocrx_word' id='word_1_33' title='bbox 928 805 1237 859; x_wconf 85' lang='lat' dir='ltr'><strong>devastatas</strong></span> <span class='ocrx_word' id='word_1_34' title='bbox 1258 803 1319 864; x_wconf 87' lang='lat' dir='ltr'><strong>in</strong></span> <span class='ocrx_word' id='word_1_35' title='bbox 1345 801 1636 872; x_wconf 88' lang='lat' dir='ltr'><strong>pristinum</strong></span> <span class='ocrx_word' id='word_1_36' title='bbox 1667 805 1867 853; x_wconf 87' lang='lat' dir='ltr'><strong>statum</strong></span> <span class='ocrx_word' id='word_1_37' title='bbox 1903 811 2022 850; x_wconf 83' lang='lat' dir='ltr'><strong>res-</strong></span> 
     </span>
    </p>
   </div>
   <div class='ocr_carea' id='block_1_8' title="bbox 458 887 2022 962">
    <p class='ocr_par' dir='ltr' id='par_1_8' title="bbox 458 887 2022 962">
     <span class='ocr_line' id='line_1_8' title="bbox 458 887 2022 962; baseline -0.008 -12"><span class='ocrx_word' id='word_1_38' title='bbox 458 892 852 962; x_wconf 82' lang='lat' dir='ltr'><strong>tauravit.lpse</strong></span> <span class='ocrx_word' id='word_1_39' title='bbox 883 894 1048 946; x_wconf 89' lang='lat' dir='ltr'><strong>etiam</strong></span> <span class='ocrx_word' id='word_1_40' title='bbox 1071 891 1319 946; x_wconf 83' lang='lat' dir='ltr'><strong>Cluniaci</strong></span> <span class='ocrx_word' id='word_1_41' title='bbox 1369 889 1632 958; x_wconf 92' lang='lat' dir='ltr'><strong>majorem</strong></span> <span class='ocrx_word' id='word_1_42' title='bbox 1683 887 1947 942; x_wconf 72' lang='lat' dir='ltr'><strong>melesiam</strong></span> <span class='ocrx_word' id='word_1_43' title='bbox 1989 901 2022 939; x_wconf 92' lang='lat' dir='ltr'><strong>a</strong></span> 
     </span>
    </p>
   </div>
   <div class='ocr_carea' id='block_1_9' title="bbox 459 975 2026 1050">
    <p class='ocr_par' dir='ltr' id='par_1_9' title="bbox 459 975 2026 1050">
     <span class='ocr_line' id='line_1_9' title="bbox 459 975 2026 1050; baseline -0.005 -12"><span class='ocrx_word' id='word_1_44' title='bbox 459 984 829 1040; x_wconf 72' lang='lat' dir='ltr'><strong>fundamentis</strong></span> <span class='ocrx_word' id='word_1_45' title='bbox 853 982 1155 1045; x_wconf 61' lang='lat' dir='ltr'><strong>aediﬁcavit,</strong></span> <span class='ocrx_word' id='word_1_46' title='bbox 1187 981 1254 1034; x_wconf 87' lang='lat' dir='ltr'><strong>ad</strong></span> <span class='ocrx_word' id='word_1_47' title='bbox 1281 978 1441 1050; x_wconf 87' lang='lat' dir='ltr'><strong>cujus</strong></span> <span class='ocrx_word' id='word_1_48' title='bbox 1462 977 1688 1034; x_wconf 67' lang='lat' dir='ltr'><strong>ecclesia:</strong></span> <span class='ocrx_word' id='word_1_49' title='bbox 1718 975 2026 1030; x_wconf 75' lang='lat' dir='ltr'><strong>aedificatio-</strong></span> 
     </span>
    </p>
   </div>
   <div class='ocr_carea' id='block_1_10' title="bbox 458 1061 2024 1138">
    <p class='ocr_par' dir='ltr' id='par_1_10' title="bbox 458 1061 2024 1138">
     <span class='ocr_line' id='line_1_10' title="bbox 458 1061 2024 1138; baseline -0.006 -12"><span class='ocrx_word' id='word_1_50' title='bbox 458 1087 581 1128; x_wconf 87' lang='lat' dir='ltr'><strong>nem</strong></span> <span class='ocrx_word' id='word_1_51' title='bbox 636 1070 900 1124; x_wconf 89' lang='lat' dir='ltr'><strong>inﬁnitam</strong></span> <span class='ocrx_word' id='word_1_52' title='bbox 944 1069 1229 1138; x_wconf 83' lang='lat' dir='ltr'><strong>pecuniam</strong></span> <span class='ocrx_word' id='word_1_53' title='bbox 1270 1066 1591 1121; x_wconf 86' lang='lat' dir='ltr'><strong>Cluniaeum</strong></span> <span class='ocrx_word' id='word_1_54' title='bbox 1640 1063 1864 1136; x_wconf 79' lang='lat' dir='ltr'><strong>direxit;</strong></span> <span class='ocrx_word' id='word_1_55' title='bbox 1928 1061 2024 1132; x_wconf 88' lang='lat' dir='ltr'><strong>qui</strong></span> 
     </span>
    </p>
   </div>
   <div class='ocr_carea' id='block_1_11' title="bbox 459 1150 2023 1228">
    <p class='ocr_par' dir='ltr' id='par_1_11' title="bbox 459 1150 2023 1228">
     <span class='ocr_line' id='line_1_11' title="bbox 459 1150 2023 1228; baseline -0.005 -14"><span class='ocrx_word' id='word_1_56' title='bbox 459 1161 623 1215; x_wconf 85' lang='lat' dir='ltr'><strong>etiam</strong></span> <span class='ocrx_word' id='word_1_57' title='bbox 657 1159 768 1228; x_wconf 87' lang='lat' dir='ltr'><strong>jam</strong></span> <span class='ocrx_word' id='word_1_58' title='bbox 791 1159 994 1213; x_wconf 86' lang='lat' dir='ltr'><strong>dudum</strong></span> <span class='ocrx_word' id='word_1_59' title='bbox 1021 1157 1304 1212; x_wconf 81' lang='lat' dir='ltr'><strong>seibidem</strong></span> <span class='ocrx_word' id='word_1_60' title='bbox 1339 1155 1668 1210; x_wconf 88' lang='lat' dir='ltr'><strong>monachum</strong></span> <span class='ocrx_word' id='word_1_61' title='bbox 1705 1150 1944 1218; x_wconf 80' lang='lat' dir='ltr'><strong>fecisset,</strong></span> <span class='ocrx_word' id='word_1_62' title='bbox 1976 1151 2023 1207; x_wconf 89' lang='lat' dir='ltr'><strong>si</strong></span> 
     </span>
    </p>
   </div>
   <div class='ocr_carea' id='block_1_12' title="bbox 461 1242 2027 1318">
    <p class='ocr_par' dir='ltr' id='par_1_12' title="bbox 461 1242 2027 1318">
     <span class='ocr_line' id='line_1_12' title="bbox 461 1242 2027 1318; baseline -0.003 -16"><span class='ocrx_word' id='word_1_63' title='bbox 461 1250 693 1314; x_wconf 26' lang='lat' dir='ltr'><strong>domn-us</strong></span> <span class='ocrx_word' id='word_1_64' title='bbox 714 1249 881 1303; x_wconf 84' lang='lat' dir='ltr'><strong>abbas</strong></span> <span class='ocrx_word' id='word_1_65' title='bbox 906 1248 1086 1318; x_wconf 77' lang='grc'>(1418)</span> <span class='ocrx_word' id='word_1_66' title='bbox 1133 1248 1201 1302; x_wconf 90' lang='lat' dir='ltr'><strong>ad</strong></span> <span class='ocrx_word' id='word_1_67' title='bbox 1244 1255 1456 1316; x_wconf 87' lang='lat' dir='ltr'><strong>tempus</strong></span> <span class='ocrx_word' id='word_1_68' title='bbox 1497 1260 1623 1300; x_wconf 90' lang='lat' dir='ltr'><strong>eum</strong></span> <span class='ocrx_word' id='word_1_69' title='bbox 1653 1244 1755 1299; x_wconf 91' lang='lat' dir='ltr'><strong>sub</strong></span> <span class='ocrx_word' id='word_1_70' title='bbox 1795 1242 2027 1298; x_wconf 87' lang='lat' dir='ltr'><strong>seculari</strong></span> 
     </span>
    </p>
   </div>
   <div class='ocr_carea' id='block_1_13' title="bbox 465 1332 2024 1406">
    <p class='ocr_par' dir='ltr' id='par_1_13' title="bbox 465 1332 2024 1406">
     <span class='ocr_line' id='line_1_13' title="bbox 465 1332 2024 1406; baseline -0.005 -12"><span class='ocrx_word' id='word_1_71' title='bbox 465 1340 649 1406; x_wconf 80' lang='lat' dir='ltr'><strong>habitu</strong></span> <span class='ocrx_word' id='word_1_72' title='bbox 675 1339 907 1392; x_wconf 88' lang='lat' dir='ltr'><strong>retinere</strong></span> <span class='ocrx_word' id='word_1_73' title='bbox 935 1355 1040 1391; x_wconf 84' lang='lat' dir='ltr'><strong>non</strong></span> <span class='ocrx_word' id='word_1_74' title='bbox 1064 1338 1236 1392; x_wconf 89' lang='lat' dir='ltr'><strong>satius</strong></span> <span class='ocrx_word' id='word_1_75' title='bbox 1255 1337 1540 1406; x_wconf 84' lang='lat' dir='ltr'><strong>judicaret.</strong></span> <span class='ocrx_word' id='word_1_76' title='bbox 1563 1334 1630 1389; x_wconf 84' lang='lat' dir='ltr'><strong>‘ln</strong></span> <span class='ocrx_word' id='word_1_77' title='bbox 1651 1332 2024 1404; x_wconf 84' lang='lat' dir='ltr'><strong>Lungobardia</strong></span> 
     </span>
    </p>
   </div>
   <div class='ocr_carea' id='block_1_14' title="bbox 463 1405 2023 1492">
    <p class='ocr_par' dir='ltr' id='par_1_14' title="bbox 463 1405 2023 1492">
     <span class='ocr_line' id='line_1_14' title="bbox 463 1405 2023 1492; baseline -0.004 -9"><span class='ocrx_word' id='word_1_78' title='bbox 463 1405 790 1483; x_wconf 70' lang='lat' dir='ltr'><strong>venerabilis</strong></span> <span class='ocrx_word' id='word_1_79' title='bbox 832 1428 1161 1482; x_wconf 80' lang='lat' dir='ltr'><strong>Ans‘helmus</strong></span> <span class='ocrx_word' id='word_1_80' title='bbox 1198 1425 1616 1481; x_wconf 83' lang='lat' dir='ltr'><strong>Mediolanensis</strong></span> <span class='ocrx_word' id='word_1_81' title='bbox 1659 1423 2023 1492; x_wconf 84' lang='lat' dir='ltr'><strong>archiepisco-</strong></span> 
     </span>
    </p>
   </div>
   <div class='ocr_carea' id='block_1_15' title="bbox 467 1512 2028 1588">
    <p class='ocr_par' dir='ltr' id='par_1_15' title="bbox 467 1512 2028 1588">
     <span class='ocr_line' id='line_1_15' title="bbox 467 1512 2028 1588; baseline -0.005 -16"><span class='ocrx_word' id='word_1_82' title='bbox 467 1534 592 1588; x_wconf 84' lang='lat' dir='ltr'><strong>pus,</strong></span> <span class='ocrx_word' id='word_1_83' title='bbox 624 1519 676 1572; x_wconf 92' lang='lat' dir='ltr'><strong>in</strong></span> <span class='ocrx_word' id='word_1_84' title='bbox 699 1534 862 1573; x_wconf 84' lang='lat' dir='ltr'><strong>causa</strong></span> <span class='ocrx_word' id='word_1_85' title='bbox 889 1519 1061 1572; x_wconf 90' lang='lat' dir='ltr'><strong>sancti</strong></span> <span class='ocrx_word' id='word_1_86' title='bbox 1083 1512 1226 1571; x_wconf 85' lang='lat' dir='ltr'><strong>Petri</strong></span> <span class='ocrx_word' id='word_1_87' title='bbox 1250 1514 1713 1578; x_wconf 87' lang='lat' dir='ltr'><strong>studiosissimus,</strong></span> <span class='ocrx_word' id='word_1_88' title='bbox 1739 1512 1831 1582; x_wconf 90' lang='lat' dir='ltr'><strong>qui</strong></span> <span class='ocrx_word' id='word_1_89' title='bbox 1858 1526 2028 1580; x_wconf 84' lang='lat' dir='ltr'><strong>nuper</strong></span> 
     </span>
    </p>
   </div>
   <div class='ocr_carea' id='block_1_16' title="bbox 467 1601 2028 1679">
    <p class='ocr_par' dir='ltr' id='par_1_16' title="bbox 467 1601 2028 1679">
     <span class='ocr_line' id='line_1_16' title="bbox 467 1601 2028 1679; baseline -0.006 -17"><span class='ocrx_word' id='word_1_90' title='bbox 467 1609 818 1663; x_wconf 88' lang='lat' dir='ltr'><strong>Cbonradum</strong></span> <span class='ocrx_word' id='word_1_91' title='bbox 866 1624 1046 1679; x_wconf 85' lang='lat' dir='ltr'><strong>regem</strong></span> <span class='ocrx_word' id='word_1_92' title='bbox 1094 1607 1470 1671; x_wconf 87' lang='lat' dir='ltr'><strong>incoronavit,</strong></span> <span class='ocrx_word' id='word_1_93' title='bbox 1515 1605 1651 1660; x_wconf 85' lang='lat' dir='ltr'><strong>satis</strong></span> <span class='ocrx_word' id='word_1_94' title='bbox 1702 1601 2028 1657; x_wconf 84' lang='lat' dir='ltr'><strong>laudabilem</strong></span> 
     </span>
    </p>
   </div>
   <div class='ocr_carea' id='block_1_17' title="bbox 469 1688 2032 1769">
    <p class='ocr_par' dir='ltr' id='par_1_17' title="bbox 469 1688 2032 1769">
     <span class='ocr_line' id='line_1_17' title="bbox 469 1688 2032 1769; baseline -0.005 -19"><span class='ocrx_word' id='word_1_95' title='bbox 469 1695 599 1752; x_wconf 90' lang='lat' dir='ltr'><strong>fecit</strong></span> <span class='ocrx_word' id='word_1_96' title='bbox 624 1699 807 1764; x_wconf 81' lang='lat' dir='ltr'><strong>finem,</strong></span> <span class='ocrx_word' id='word_1_97' title='bbox 835 1713 1202 1769; x_wconf 86' lang='lat' dir='ltr'><strong>magnumque</strong></span> <span class='ocrx_word' id='word_1_98' title='bbox 1254 1711 1523 1751; x_wconf 73' lang='lat' dir='ltr'><strong>meror-cm</strong></span> <span class='ocrx_word' id='word_1_99' title='bbox 1569 1693 1817 1748; x_wconf 75' lang='lat' dir='ltr'><strong>fidelibus</strong></span> <span class='ocrx_word' id='word_1_100' title='bbox 1855 1688 2032 1745; x_wconf 86' lang='lat' dir='ltr'><strong>sancti</strong></span> 
     </span>
    </p>
   </div>
   <div class='ocr_carea' id='block_1_18' title="bbox 466 1779 2030 1859">
    <p class='ocr_par' dir='ltr' id='par_1_18' title="bbox 466 1779 2030 1859">
     <span class='ocr_line' id='line_1_18' title="bbox 466 1779 2030 1859; baseline -0.006 -17"><span class='ocrx_word' id='word_1_101' title='bbox 466 1786 611 1843; x_wconf 80' lang='lat' dir='ltr'><strong>Petri</strong></span> <span class='ocrx_word' id='word_1_102' title='bbox 651 1789 963 1859; x_wconf 84' lang='lat' dir='ltr'><strong>dereliquit;</strong></span> <span class='ocrx_word' id='word_1_103' title='bbox 995 1789 1082 1842; x_wconf 91' lang='lat' dir='ltr'><strong>cui</strong></span> <span class='ocrx_word' id='word_1_104' title='bbox 1124 1787 1447 1842; x_wconf 80' lang='lat' dir='ltr'><strong>venerabilis</strong></span> <span class='ocrx_word' id='word_1_105' title='bbox 1475 1781 1735 1838; x_wconf 81' lang='lat' dir='ltr'><strong>Arnolqu</strong></span> <span class='ocrx_word' id='word_1_106' title='bbox 1774 1781 1842 1836; x_wconf 88' lang='lat' dir='ltr'><strong>de</strong></span> <span class='ocrx_word' id='word_1_107' title='bbox 1867 1779 2030 1834; x_wconf 89' lang='lat' dir='ltr'><strong>Porta</strong></span> 
     </span>
    </p>
   </div>
   <div class='ocr_carea' id='block_1_19' title="bbox 469 1875 1460 1949">
    <p class='ocr_par' dir='ltr' id='par_1_19' title="bbox 469 1875 1460 1949">
     <span class='ocr_line' id='line_1_19' title="bbox 469 1875 1460 1949; baseline -0.002 -18"><span class='ocrx_word' id='word_1_108' title='bbox 469 1888 720 1949; x_wconf 76' lang='lat' dir='ltr'><strong>argentea</strong></span> <span class='ocrx_word' id='word_1_109' title='bbox 743 1881 797 1934; x_wconf 91' lang='lat' dir='ltr'><strong>in</strong></span> <span class='ocrx_word' id='word_1_110' title='bbox 833 1881 1150 1949; x_wconf 85' lang='lat' dir='ltr'><strong>episcopatu</strong></span> <span class='ocrx_word' id='word_1_111' title='bbox 1176 1875 1460 1932; x_wconf 84' lang='lat' dir='ltr'><strong>successit.</strong></span> 
     </span>
    </p>
   </div>
   <div class='ocr_carea' id='block_1_20' title="bbox 1135 1965 1369 2022">
    <p class='ocr_par' dir='ltr' id='par_1_20' title="bbox 1135 1965 1369 2022">
     <span class='ocr_line' id='line_1_20' title="bbox 1135 1965 1369 2022; baseline 0 -2"><span class='ocrx_word' id='word_1_112' title='bbox 1135 1965 1369 2022; x_wconf 80' lang='lat' dir='ltr'><strong>MXCIV.</strong></span> 
     </span>
    </p>
   </div>
   <div class='ocr_carea' id='block_1_21' title="bbox 542 2047 2034 2130">
    <p class='ocr_par' dir='ltr' id='par_1_21' title="bbox 542 2047 2034 2130">
     <span class='ocr_line' id='line_1_21' title="bbox 542 2047 2034 2130; baseline -0.009 -13"><span class='ocrx_word' id='word_1_113' title='bbox 542 2064 784 2117; x_wconf 87' lang='lat' dir='ltr'><strong>Domnus</strong></span> <span class='ocrx_word' id='word_1_114' title='bbox 830 2075 966 2130; x_wconf 85' lang='lat' dir='ltr'><strong>papa</strong></span> <span class='ocrx_word' id='word_1_115' title='bbox 1019 2057 1272 2112; x_wconf 82' lang='lat' dir='ltr'><strong>Urbanus</strong></span> <span class='ocrx_word' id='word_1_116' title='bbox 1324 2055 1558 2111; x_wconf 80' lang='lat' dir='ltr'><strong>natalem</strong></span> <span class='ocrx_word' id='word_1_117' title='bbox 1589 2049 1805 2107; x_wconf 84' lang='lat' dir='ltr'><strong>Domini</strong></span> <span class='ocrx_word' id='word_1_118' title='bbox 1847 2047 2034 2104; x_wconf 65' lang='lat' dir='ltr'><strong>Roma</strong></span> 
     </span>
    </p>
   </div>
   <div class='ocr_carea' id='block_1_22' title="bbox 473 2139 2034 2219">
    <p class='ocr_par' dir='ltr' id='par_1_22' title="bbox 473 2139 2034 2219">
     <span class='ocr_line' id='line_1_22' title="bbox 473 2139 2034 2219; baseline -0.012 -8"><span class='ocrx_word' id='word_1_119' title='bbox 473 2155 782 2211; x_wconf 82' lang='lat' dir='ltr'><strong>solemniter</strong></span> <span class='ocrx_word' id='word_1_120' title='bbox 806 2151 1113 2215; x_wconf 83' lang='lat' dir='ltr'><strong>celebravit,</strong></span> <span class='ocrx_word' id='word_1_121' title='bbox 1139 2148 1388 2219; x_wconf 81' lang='lat' dir='ltr'><strong>quamvis</strong></span> <span class='ocrx_word' id='word_1_122' title='bbox 1420 2148 1603 2216; x_wconf 87' lang='lat' dir='ltr'><strong>plures</strong></span> <span class='ocrx_word' id='word_1_123' title='bbox 1652 2140 1936 2215; x_wconf 79' lang='lat' dir='ltr'><strong>Wibertini</strong></span> <span class='ocrx_word' id='word_1_124' title='bbox 1977 2139 2034 2193; x_wconf 80' lang='lat' dir='ltr'><strong>in</strong></span> 
     </span>
    </p>
   </div>
   <div class='ocr_carea' id='block_1_23' title="bbox 476 2221 2036 2306">
    <p class='ocr_par' dir='ltr' id='par_1_23' title="bbox 476 2221 2036 2306">
     <span class='ocr_line' id='line_1_23' title="bbox 476 2221 2036 2306; baseline -0.013 -6"><span class='ocrx_word' id='word_1_125' title='bbox 476 2221 608 2300; x_wconf 69' lang='lat' dir='ltr'><strong>urbe</strong></span> <span class='ocrx_word' id='word_1_126' title='bbox 636 2243 810 2298; x_wconf 87' lang='lat' dir='ltr'><strong>adhuc</strong></span> <span class='ocrx_word' id='word_1_127' title='bbox 855 2237 1132 2303; x_wconf 88' lang='lat' dir='ltr'><strong>latuerint,</strong></span> <span class='ocrx_word' id='word_1_128' title='bbox 1187 2253 1324 2306; x_wconf 91' lang='lat' dir='ltr'><strong>quos</strong></span> <span class='ocrx_word' id='word_1_129' title='bbox 1381 2237 1615 2290; x_wconf 90' lang='lat' dir='ltr'><strong>domnus</strong></span> <span class='ocrx_word' id='word_1_130' title='bbox 1653 2245 1788 2301; x_wconf 88' lang='lat' dir='ltr'><strong>papa</strong></span> <span class='ocrx_word' id='word_1_131' title='bbox 1831 2229 2036 2297; x_wconf 83' lang='lat' dir='ltr'><strong>absque</strong></span> 
     </span>
    </p>
   </div>
   <div class='ocr_carea' id='block_1_24' title="bbox 475 2317 2040 2397">
    <p class='ocr_par' dir='ltr' id='par_1_24' title="bbox 475 2317 2040 2397">
     <span class='ocr_line' id='line_1_24' title="bbox 475 2317 2040 2397; baseline -0.01 -9"><span class='ocrx_word' id='word_1_132' title='bbox 475 2336 568 2388; x_wconf 89' lang='lat' dir='ltr'><strong>mil</strong></span> <span class='ocrx_word' id='word_1_133' title='bbox 591 2333 692 2387; x_wconf 90' lang='lat' dir='ltr'><strong>tari</strong></span> <span class='ocrx_word' id='word_1_134' title='bbox 721 2323 882 2386; x_wconf 81' lang='lat' dir='ltr'><strong>manu</strong></span> <span class='ocrx_word' id='word_1_135' title='bbox 931 2347 1035 2383; x_wconf 89' lang='lat' dir='ltr'><strong>non</strong></span> <span class='ocrx_word' id='word_1_136' title='bbox 1104 2329 1257 2384; x_wconf 82' lang='lat' dir='ltr'><strong>facile</strong></span> <span class='ocrx_word' id='word_1_137' title='bbox 1310 2326 1485 2397; x_wconf 90' lang='lat' dir='ltr'><strong>potuit</strong></span> <span class='ocrx_word' id='word_1_138' title='bbox 1515 2323 1796 2392; x_wconf 67' lang='lat' dir='ltr'><strong>expellere.</strong></span> <span class='ocrx_word' id='word_1_139' title='bbox 1852 2317 2040 2372; x_wconf 79' lang='lat' dir='ltr'><strong>Maluit</strong></span> 
     </span>
    </p>
   </div>
   <div class='ocr_carea' id='block_1_25' title="bbox 477 2415 2038 2494">
    <p class='ocr_par' dir='ltr' id='par_1_25' title="bbox 477 2415 2038 2494">
     <span class='ocr_line' id='line_1_25' title="bbox 477 2415 2038 2494; baseline -0.011 -15"><span class='ocrx_word' id='word_1_140' title='bbox 477 2439 605 2494; x_wconf 81' lang='lat' dir='ltr'><strong>ergo</strong></span> <span class='ocrx_word' id='word_1_141' title='bbox 660 2437 845 2477; x_wconf 80' lang='lat' dir='ltr'><strong>eorum</strong></span> <span class='ocrx_word' id='word_1_142' title='bbox 893 2422 1144 2490; x_wconf 82' lang='lat' dir='ltr'><strong>injuriam</strong></span> <span class='ocrx_word' id='word_1_143' title='bbox 1197 2420 1263 2473; x_wconf 90' lang='lat' dir='ltr'><strong>ad</strong></span> <span class='ocrx_word' id='word_1_144' title='bbox 1303 2427 1514 2487; x_wconf 86' lang='lat' dir='ltr'><strong>tempus</strong></span> <span class='ocrx_word' id='word_1_145' title='bbox 1554 2415 1820 2476; x_wconf 89' lang='lat' dir='ltr'><strong>tolerare,</strong></span> <span class='ocrx_word' id='word_1_146' title='bbox 1871 2423 2038 2478; x_wconf 86' lang='lat' dir='ltr'><strong>quam</strong></span> 
     </span>
    </p>
   </div>
   <div class='ocr_carea' id='block_1_26' title="bbox 480 2501 2039 2576">
    <p class='ocr_par' dir='ltr' id='par_1_26' title="bbox 480 2501 2039 2576">
     <span class='ocr_line' id='line_1_26' title="bbox 480 2501 2039 2576; baseline -0.008 -10"><span class='ocrx_word' id='word_1_147' title='bbox 480 2513 752 2569; x_wconf 77' lang='lat' dir='ltr'><strong>Romanos</strong></span> <span class='ocrx_word' id='word_1_148' title='bbox 783 2513 927 2566; x_wconf 80' lang='lat' dir='ltr'><strong>cives</strong></span> <span class='ocrx_word' id='word_1_149' title='bbox 957 2521 1163 2565; x_wconf 87' lang='lat' dir='ltr'><strong>armata</strong></span> <span class='ocrx_word' id='word_1_150' title='bbox 1204 2526 1368 2563; x_wconf 89' lang='lat' dir='ltr'><strong>manu</strong></span> <span class='ocrx_word' id='word_1_151' title='bbox 1405 2507 1721 2576; x_wconf 82' lang='lat' dir='ltr'><strong>inquietare.</strong></span> <span class='ocrx_word' id='word_1_152' title='bbox 1750 2501 2039 2555; x_wconf 76' lang='lat' dir='ltr'><strong>Guibertus</strong></span> 
     </span>
    </p>
   </div>
   <div class='ocr_carea' id='block_1_27' title="bbox 479 2586 2038 2666">
    <p class='ocr_par' dir='ltr' id='par_1_27' title="bbox 479 2586 2038 2666">
     <span class='ocr_line' id='line_1_27' title="bbox 479 2586 2038 2666; baseline -0.012 -9"><span class='ocrx_word' id='word_1_153' title='bbox 479 2599 658 2657; x_wconf 77' lang='lat' dir='ltr'><strong>autem</strong></span> <span class='ocrx_word' id='word_1_154' title='bbox 687 2602 1030 2656; x_wconf 88' lang='lat' dir='ltr'><strong>heresiarcha</strong></span> <span class='ocrx_word' id='word_1_155' title='bbox 1054 2615 1177 2654; x_wconf 89' lang='lat' dir='ltr'><strong>cum</strong></span> <span class='ocrx_word' id='word_1_156' title='bbox 1213 2600 1538 2666; x_wconf 87' lang='lat' dir='ltr'><strong>imperatore</strong></span> <span class='ocrx_word' id='word_1_157' title='bbox 1563 2609 1665 2648; x_wconf 89' lang='lat' dir='ltr'><strong>suo</strong></span> <span class='ocrx_word' id='word_1_158' title='bbox 1700 2589 1836 2661; x_wconf 80' lang='lat' dir='ltr'><strong>apud</strong></span> <span class='ocrx_word' id='word_1_159' title='bbox 1867 2586 2038 2642; x_wconf 75' lang='lat' dir='ltr'><strong>Vero-</strong></span> 
     </span>
    </p>
   </div>
   <div class='ocr_carea' id='block_1_28' title="bbox 480 2677 2042 2760">
    <p class='ocr_par' dir='ltr' id='par_1_28' title="bbox 480 2677 2042 2760">
     <span class='ocr_line' id='line_1_28' title="bbox 480 2677 2042 2760; baseline -0.011 -13"><span class='ocrx_word' id='word_1_160' title='bbox 480 2709 605 2748; x_wconf 85' lang='lat' dir='ltr'><strong>nam</strong></span> <span class='ocrx_word' id='word_1_161' title='bbox 624 2707 688 2747; x_wconf 91' lang='lat' dir='ltr'><strong>eo</strong></span> <span class='ocrx_word' id='word_1_162' title='bbox 725 2702 960 2760; x_wconf 85' lang='lat' dir='ltr'><strong>tempore</strong></span> <span class='ocrx_word' id='word_1_163' title='bbox 992 2689 1112 2755; x_wconf 87' lang='lat' dir='ltr'><strong>fuit,</strong></span> <span class='ocrx_word' id='word_1_164' title='bbox 1138 2704 1301 2758; x_wconf 87' lang='lat' dir='ltr'><strong>seque</strong></span> <span class='ocrx_word' id='word_1_165' title='bbox 1355 2688 1854 2753; x_wconf 84' lang='lat' dir='ltr'><strong>libenterpapatum</strong></span> <span class='ocrx_word' id='word_1_166' title='bbox 1886 2677 2042 2731; x_wconf 55' lang='lat' dir='ltr'><strong>dese»-</strong></span> 
     </span>
    </p>
   </div>
   <div class='ocr_carea' id='block_1_29' title="bbox 480 2771 2040 2846">
    <p class='ocr_par' dir='ltr' id='par_1_29' title="bbox 480 2771 2040 2846">
     <span class='ocr_line' id='line_1_29' title="bbox 480 2771 2040 2846; baseline -0.012 -10"><span class='ocrx_word' id='word_1_167' title='bbox 480 2797 600 2836; x_wconf 82' lang='lat' dir='ltr'><strong>rcre</strong></span> <span class='ocrx_word' id='word_1_168' title='bbox 624 2781 916 2844; x_wconf 76' lang='lat' dir='ltr'><strong>simulavit,</strong></span> <span class='ocrx_word' id='word_1_169' title='bbox 942 2780 988 2834; x_wconf 90' lang='lat' dir='ltr'><strong>si</strong></span> <span class='ocrx_word' id='word_1_170' title='bbox 1022 2780 1130 2833; x_wconf 89' lang='lat' dir='ltr'><strong>alio</strong></span> <span class='ocrx_word' id='word_1_171' title='bbox 1159 2779 1319 2832; x_wconf 59' lang='lat' dir='ltr'><strong>modo</strong></span> <span class='ocrx_word' id='word_1_172' title='bbox 1347 2793 1446 2846; x_wconf 83' lang='lat' dir='ltr'><strong>pax</strong></span> <span class='ocrx_word' id='word_1_173' title='bbox 1485 2776 1537 2828; x_wconf 89' lang='lat' dir='ltr'><strong>in</strong></span> <span class='ocrx_word' id='word_1_174' title='bbox 1572 2771 1779 2828; x_wconf 68' lang='lat' dir='ltr'><strong>azelesia</strong></span> <span class='ocrx_word' id='word_1_175' title='bbox 1817 2780 2040 2834; x_wconf 87' lang='lat' dir='ltr'><strong>recupe-</strong></span> 
     </span>
    </p>
   </div>
   <div class='ocr_carea' id='block_1_30' title="bbox 482 2856 2040 2938">
    <p class='ocr_par' dir='ltr' id='par_1_30' title="bbox 482 2856 2040 2938">
     <span class='ocr_line' id='line_1_30' title="bbox 482 2856 2040 2938; baseline -0.012 -13"><span class='ocrx_word' id='word_1_176' title='bbox 482 2871 589 2925; x_wconf 84' lang='lat' dir='ltr'><strong>rari</strong></span> <span class='ocrx_word' id='word_1_177' title='bbox 621 2887 727 2924; x_wconf 91' lang='lat' dir='ltr'><strong>non</strong></span> <span class='ocrx_word' id='word_1_178' title='bbox 760 2870 1012 2938; x_wconf 85' lang='lat' dir='ltr'><strong>potuerit.</strong></span> <span class='ocrx_word' id='word_1_179' title='bbox 1047 2867 1192 2922; x_wconf 84' lang='lat' dir='ltr'><strong>Uxor</strong></span> <span class='ocrx_word' id='word_1_180' title='bbox 1224 2868 1388 2935; x_wconf 81' lang='lat' dir='ltr'><strong>hujus</strong></span> <span class='ocrx_word' id='word_1_181' title='bbox 1430 2861 1772 2934; x_wconf 83' lang='lat' dir='ltr'><strong>imperatoris</strong></span> <span class='ocrx_word' id='word_1_182' title='bbox 1799 2859 1912 2927; x_wconf 88' lang='lat' dir='ltr'><strong>jam</strong></span> <span class='ocrx_word' id='word_1_183' title='bbox 1946 2856 2040 2908; x_wconf 91' lang='lat' dir='ltr'><strong>diu</strong></span> 
     </span>
    </p>
   </div>
   <div class='ocr_carea' id='block_1_31' title="bbox 485 2942 2041 3024">
    <p class='ocr_par' dir='ltr' id='par_1_31' title="bbox 485 2942 2041 3024">
     <span class='ocr_line' id='line_1_31' title="bbox 485 2942 2041 3024; baseline -0.01 -14"><span class='ocrx_word' id='word_1_184' title='bbox 485 2959 668 3011; x_wconf 87' lang='lat' dir='ltr'><strong>multis</strong></span> <span class='ocrx_word' id='word_1_185' title='bbox 689 2957 903 3024; x_wconf 78' lang='lat' dir='ltr'><strong>injuriis</strong></span> <span class='ocrx_word' id='word_1_186' title='bbox 931 2957 1203 3019; x_wconf 87' lang='lat' dir='ltr'><strong>lacessita,</strong></span> <span class='ocrx_word' id='word_1_187' title='bbox 1237 2955 1530 3022; x_wconf 87' lang='lat' dir='ltr'><strong>multisque</strong></span> <span class='ocrx_word' id='word_1_188' title='bbox 1567 2950 1747 3010; x_wconf 87' lang='lat' dir='ltr'><strong>annis.</strong></span> <span class='ocrx_word' id='word_1_189' title='bbox 1784 2961 1850 3000; x_wconf 90' lang='lat' dir='ltr'><strong>ne</strong></span> <span class='ocrx_word' id='word_1_190' title='bbox 1879 2942 2041 2998; x_wconf 83' lang='lat' dir='ltr'><strong>aufu-</strong></span> 
     </span>
    </p>
   </div>
   <div class='ocr_carea' id='block_1_32' title="bbox 481 3032 2045 3118">
    <p class='ocr_par' dir='ltr' id='par_1_32' title="bbox 481 3032 2045 3118">
     <span class='ocr_line' id='line_1_32' title="bbox 481 3032 2045 3118; baseline -0.009 -16"><span class='ocrx_word' id='word_1_191' title='bbox 481 3058 648 3118; x_wconf 74' lang='lat' dir='ltr'><strong>geret,</strong></span> <span class='ocrx_word' id='word_1_192' title='bbox 676 3048 966 3111; x_wconf 86' lang='lat' dir='ltr'><strong>custodita,</strong></span> <span class='ocrx_word' id='word_1_193' title='bbox 999 3047 1212 3100; x_wconf 85' lang='lat' dir='ltr'><strong>tandem</strong></span> <span class='ocrx_word' id='word_1_194' title='bbox 1253 3046 1320 3099; x_wconf 82' lang='lat' dir='ltr'><strong>ad</strong></span> <span class='ocrx_word' id='word_1_195' title='bbox 1375 3043 1676 3097; x_wconf 78' lang='lat' dir='ltr'><strong>Well‘oncm</strong></span> <span class='ocrx_word' id='word_1_196' title='bbox 1723 3040 1912 3094; x_wconf 89' lang='lat' dir='ltr'><strong>ducem</strong></span> <span class='ocrx_word' id='word_1_197' title='bbox 1939 3032 2045 3085; x_wconf 83' lang='lat' dir='ltr'><strong>Ita-</strong></span> 
     </span>
    </p>
   </div>
   <div class='ocr_carea' id='block_1_33' title="bbox 483 3132 2044 3206">
    <p class='ocr_par' dir='ltr' id='par_1_33' title="bbox 483 3132 2044 3206">
     <span class='ocr_line' id='line_1_33' title="bbox 483 3132 2044 3206; baseline -0.012 -16"><span class='ocrx_word' id='word_1_198' title='bbox 483 3138 569 3190; x_wconf 71' lang='lat' dir='ltr'><strong>lize</strong></span> <span class='ocrx_word' id='word_1_199' title='bbox 615 3135 851 3206; x_wconf 78' lang='lat' dir='ltr'><strong>aufugit;</strong></span> <span class='ocrx_word' id='word_1_200' title='bbox 904 3151 1034 3204; x_wconf 79' lang='lat' dir='ltr'><strong>quae.</strong></span> <span class='ocrx_word' id='word_1_201' title='bbox 1070 3134 1211 3202; x_wconf 65' lang='lat' dir='ltr'><strong>apnzl</strong></span> <span class='ocrx_word' id='word_1_202' title='bbox 1261 3147 1390 3186; x_wconf 90' lang='lat' dir='ltr'><strong>suos</strong></span> <span class='ocrx_word' id='word_1_203' title='bbox 1433 3139 1511 3185; x_wconf 92' lang='lat' dir='ltr'><strong>tot</strong></span> <span class='ocrx_word' id='word_1_204' title='bbox 1554 3139 1607 3184; x_wconf 89' lang='lat' dir='ltr'><strong>et</strong></span> <span class='ocrx_word' id='word_1_205' title='bbox 1643 3135 1789 3183; x_wconf 90' lang='lat' dir='ltr'><strong>tanta</strong></span> <span class='ocrx_word' id='word_1_206' title='bbox 1827 3132 2044 3189; x_wconf 86' lang='lat' dir='ltr'><strong>tamque</strong></span> 
     </span>
    </p>
   </div>
   <div class='ocr_carea' id='block_1_34' title="bbox 2123 608 3698 678">
    <p class='ocr_par' dir='ltr' id='par_1_34' title="bbox 2123 608 3698 678">
     <span class='ocr_line' id='line_1_34' title="bbox 2123 608 3698 678; baseline 0.003 -12"><span class='ocrx_word' id='word_1_207' title='bbox 2123 614 2451 678; x_wconf 80' lang='lat' dir='ltr'><strong>obtinentes,</strong></span> <span class='ocrx_word' id='word_1_208' title='bbox 2501 613 2676 667; x_wconf 80' lang='lat' dir='ltr'><strong>adhuc</strong></span> <span class='ocrx_word' id='word_1_209' title='bbox 2705 611 2934 666; x_wconf 85' lang='lat' dir='ltr'><strong>liberum</strong></span> <span class='ocrx_word' id='word_1_210' title='bbox 2969 609 3270 667; x_wconf 75' lang='lat' dir='ltr'><strong>viatoribus</strong></span> <span class='ocrx_word' id='word_1_211' title='bbox 3306 608 3594 669; x_wconf 78' lang='lat' dir='ltr'><strong>transitum</strong></span> <span class='ocrx_word' id='word_1_212' title='bbox 3626 615 3698 671; x_wconf 86' lang='lat' dir='ltr'><strong>ad</strong></span> 
     </span>
    </p>
   </div>
   <div class='ocr_carea' id='block_1_35' title="bbox 2124 700 3694 772">
    <p class='ocr_par' dir='ltr' id='par_1_35' title="bbox 2124 700 3694 772">
     <span class='ocr_line' id='line_1_35' title="bbox 2124 700 3694 772; baseline 0.002 -17"><span class='ocrx_word' id='word_1_213' title='bbox 2124 717 2314 771; x_wconf 88' lang='lat' dir='ltr'><strong>papam</strong></span> <span class='ocrx_word' id='word_1_214' title='bbox 2337 718 2431 772; x_wconf 89' lang='lat' dir='ltr'><strong>per</strong></span> <span class='ocrx_word' id='word_1_215' title='bbox 2451 710 2668 772; x_wconf 91' lang='lat' dir='ltr'><strong>pontem</strong></span> <span class='ocrx_word' id='word_1_216' title='bbox 2699 700 2912 757; x_wconf 85' lang='lat' dir='ltr'><strong>Tiberis</strong></span> <span class='ocrx_word' id='word_1_217' title='bbox 2946 701 3188 755; x_wconf 90' lang='lat' dir='ltr'><strong>nondum</strong></span> <span class='ocrx_word' id='word_1_218' title='bbox 3215 704 3578 772; x_wconf 85' lang='lat' dir='ltr'><strong>permiserunt</strong></span> <span class='ocrx_word' id='word_1_219' title='bbox 3601 703 3694 758; x_wconf 63' lang='lat' dir='ltr'><strong>&quot;il</strong></span> 
     </span>
    </p>
   </div>
   <div class='ocr_carea' id='block_1_36' title="bbox 2123 788 3727 860">
    <p class='ocr_par' dir='ltr' id='par_1_36' title="bbox 2123 788 3727 860">
     <span class='ocr_line' id='line_1_36' title="bbox 2123 788 3727 860; baseline 0.003 -18"><span class='ocrx_word' id='word_1_220' title='bbox 2123 788 2272 843; x_wconf 71' lang='lat' dir='ltr'><strong>Nam‘</strong></span> <span class='ocrx_word' id='word_1_221' title='bbox 2292 791 2538 844; x_wconf 80' lang='lat' dir='ltr'><strong>abbatem</strong></span> <span class='ocrx_word' id='word_1_222' title='bbox 2568 789 2838 860; x_wconf 88' lang='lat' dir='ltr'><strong>quendam</strong></span> <span class='ocrx_word' id='word_1_223' title='bbox 2859 789 2925 843; x_wconf 90' lang='lat' dir='ltr'><strong>de</strong></span> <span class='ocrx_word' id='word_1_224' title='bbox 2954 789 3087 844; x_wconf 90' lang='lat' dir='ltr'><strong>cella</strong></span> <span class='ocrx_word' id='word_1_225' title='bbox 3113 790 3288 844; x_wconf 88' lang='lat' dir='ltr'><strong>sancti</strong></span> <span class='ocrx_word' id='word_1_226' title='bbox 3313 789 3460 846; x_wconf 88' lang='lat' dir='ltr'><strong>Petri</strong></span> <span class='ocrx_word' id='word_1_227' title='bbox 3489 793 3543 846; x_wconf 91' lang='lat' dir='ltr'><strong>in</strong></span> <span class='ocrx_word' id='word_1_228' title='bbox 3568 793 3727 847; x_wconf 59' lang='grc' dir='ltr'><strong>Αιεν</strong></span> 
     </span>
    </p>
   </div>
   <div class='ocr_carea' id='block_1_37' title="bbox 2125 877 3702 958">
    <p class='ocr_par' dir='ltr' id='par_1_37' title="bbox 2125 877 3702 958">
     <span class='ocr_line' id='line_1_37' title="bbox 2125 877 3702 958; baseline 0.002 -27"><span class='ocrx_word' id='word_1_229' title='bbox 2125 878 2339 932; x_wconf 89' lang='lat' dir='ltr'><strong>manuia</strong></span> <span class='ocrx_word' id='word_1_230' title='bbox 2370 877 2621 948; x_wconf 69' lang='lat' dir='ltr'><strong>(“21),a</strong></span> <span class='ocrx_word' id='word_1_231' title='bbox 2650 877 2968 958; x_wconf 80' lang='lat' dir='ltr'><strong>Gebebardo</strong></span> <span class='ocrx_word' id='word_1_232' title='bbox 3011 877 3702 951; x_wconf 71' lang='lat' dir='ltr'><strong>Constantiensiepiscopo</strong></span> 
     </span>
    </p>
   </div>
   <div class='ocr_carea' id='block_1_38' title="bbox 2122 967 3699 1056">
    <p class='ocr_par' dir='ltr' id='par_1_38' title="bbox 2122 967 3699 1056">
     <span class='ocr_line' id='line_1_38' title="bbox 2122 967 3699 1056; baseline 0.004 -34"><span class='ocrx_word' id='word_1_233' title='bbox 2122 977 2176 1022; x_wconf 91' lang='lat' dir='ltr'><strong>et</strong></span> <span class='ocrx_word' id='word_1_234' title='bbox 2197 985 2229 1023; x_wconf 93' lang='lat' dir='ltr'><strong>a</strong></span> <span class='ocrx_word' id='word_1_235' title='bbox 2254 967 2421 1024; x_wconf 78' lang='lat' dir='ltr'><strong>fratre</strong></span> <span class='ocrx_word' id='word_1_236' title='bbox 2447 969 2565 1056; x_wconf 82' lang='lat' dir='ltr'><strong>ejus</strong></span> <span class='ocrx_word' id='word_1_237' title='bbox 2589 969 2726 1024; x_wconf 88' lang='lat' dir='ltr'><strong>duce</strong></span> <span class='ocrx_word' id='word_1_238' title='bbox 2749 968 3041 1030; x_wconf 75' lang='lat' dir='ltr'><strong>Bertbaldo</strong></span> <span class='ocrx_word' id='word_1_239' title='bbox 3064 971 3132 1025; x_wconf 86' lang='lat' dir='ltr'><strong>ad</strong></span> <span class='ocrx_word' id='word_1_240' title='bbox 3177 986 3373 1041; x_wconf 87' lang='lat' dir='ltr'><strong>papam</strong></span> <span class='ocrx_word' id='word_1_241' title='bbox 3403 973 3699 1042; x_wconf 83' lang='lat' dir='ltr'><strong>directum,</strong></span> 
     </span>
    </p>
   </div>
   <div class='ocr_carea' id='block_1_39' title="bbox 2124 1060 3703 1135">
    <p class='ocr_par' dir='ltr' id='par_1_39' title="bbox 2124 1060 3703 1135">
     <span class='ocr_line' id='line_1_39' title="bbox 2124 1060 3703 1135; baseline 0.003 -20"><span class='ocrx_word' id='word_1_242' title='bbox 2124 1060 2251 1115; x_wconf 85' lang='lat' dir='ltr'><strong>dum</strong></span> <span class='ocrx_word' id='word_1_243' title='bbox 2273 1075 2369 1130; x_wconf 90' lang='lat' dir='ltr'><strong>per</strong></span> <span class='ocrx_word' id='word_1_244' title='bbox 2396 1060 2548 1114; x_wconf 83' lang='lat' dir='ltr'><strong>illum</strong></span> <span class='ocrx_word' id='word_1_245' title='bbox 2597 1067 2814 1128; x_wconf 84' lang='lat' dir='ltr'><strong>pontem</strong></span> <span class='ocrx_word' id='word_1_246' title='bbox 2865 1061 3098 1116; x_wconf 89' lang='lat' dir='ltr'><strong>transire</strong></span> <span class='ocrx_word' id='word_1_247' title='bbox 3127 1063 3305 1128; x_wconf 83' lang='lat' dir='ltr'><strong>vellet,</strong></span> <span class='ocrx_word' id='word_1_248' title='bbox 3352 1062 3409 1118; x_wconf 91' lang='lat' dir='ltr'><strong>in</strong></span> <span class='ocrx_word' id='word_1_249' title='bbox 3446 1065 3703 1135; x_wconf 86' lang='lat' dir='ltr'><strong>captione</strong></span> 
     </span>
    </p>
   </div>
   <div class='ocr_carea' id='block_1_40' title="bbox 2123 1147 3777 1224">
    <p class='ocr_par' dir='ltr' id='par_1_40' title="bbox 2123 1147 3777 1224">
     <span class='ocr_line' id='line_1_40' title="bbox 2123 1147 3777 1224; baseline 0.002 -20"><span class='ocrx_word' id='word_1_250' title='bbox 2123 1150 2486 1219; x_wconf 84' lang='lat' dir='ltr'><strong>detinuerunt.</strong></span> <span class='ocrx_word' id='word_1_251' title='bbox 2514 1147 2692 1224; x_wconf 79' lang='lat' dir='ltr'><strong>Welfo</strong></span> <span class='ocrx_word' id='word_1_252' title='bbox 2720 1149 2830 1204; x_wconf 74' lang='lat' dir='ltr'><strong>dux</strong></span> <span class='ocrx_word' id='word_1_253' title='bbox 2873 1149 3138 1220; x_wconf 78' lang='lat' dir='ltr'><strong>Bajoariae</strong></span> <span class='ocrx_word' id='word_1_254' title='bbox 3196 1150 3566 1208; x_wconf 79' lang='lat' dir='ltr'><strong>ﬁrmissimam</strong></span> <span class='ocrx_word' id='word_1_255' title='bbox 3595 1170 3700 1224; x_wconf 83' lang='lat' dir='ltr'><strong>pa-</strong></span> <span class='ocrx_word' id='word_1_256' title='bbox 3755 1156 3777 1164; x_wconf 82' lang='lat'><strong>&quot;</strong></span> 
     </span>
    </p>
   </div>
   <div class='ocr_carea' id='block_1_41' title="bbox 2124 1233 3706 1310">
    <p class='ocr_par' dir='ltr' id='par_1_41' title="bbox 2124 1233 3706 1310">
     <span class='ocr_line' id='line_1_41' title="bbox 2124 1233 3706 1310; baseline 0.003 -15"><span class='ocrx_word' id='word_1_257' title='bbox 2124 1255 2240 1295; x_wconf 89' lang='lat' dir='ltr'><strong>cem</strong></span> <span class='ocrx_word' id='word_1_258' title='bbox 2271 1255 2435 1310; x_wconf 88' lang='lat' dir='ltr'><strong>quam</strong></span> <span class='ocrx_word' id='word_1_259' title='bbox 2475 1239 2680 1294; x_wconf 82' lang='lat' dir='ltr'><strong>dudum</strong></span> <span class='ocrx_word' id='word_1_260' title='bbox 2718 1239 2790 1270; x_wconf 73' lang='lat' dir='ltr'><strong><em>m</em></strong></span> <span class='ocrx_word' id='word_1_261' title='bbox 2841 1255 2965 1294; x_wconf 90' lang='lat' dir='ltr'><strong>cum</strong></span> <span class='ocrx_word' id='word_1_262' title='bbox 2993 1233 3345 1297; x_wconf 85' lang='lat' dir='ltr'><strong>Alemannico</strong></span> <span class='ocrx_word' id='word_1_263' title='bbox 3381 1243 3518 1299; x_wconf 88' lang='lat' dir='ltr'><strong>duce</strong></span> <span class='ocrx_word' id='word_1_264' title='bbox 3568 1243 3706 1300; x_wconf 78' lang='lat' dir='ltr'><strong>Ber-</strong></span> 
     </span>
    </p>
   </div>
   <div class='ocr_carea' id='block_1_42' title="bbox 2127 1326 3702 1404">
    <p class='ocr_par' dir='ltr' id='par_1_42' title="bbox 2127 1326 3702 1404">
     <span class='ocr_line' id='line_1_42' title="bbox 2127 1326 3702 1404; baseline 0.004 -20"><span class='ocrx_word' id='word_1_265' title='bbox 2127 1330 2308 1398; x_wconf 85' lang='lat' dir='ltr'><strong>tbaldo</strong></span> <span class='ocrx_word' id='word_1_266' title='bbox 2335 1339 2390 1384; x_wconf 89' lang='lat' dir='ltr'><strong>et</strong></span> <span class='ocrx_word' id='word_1_267' title='bbox 2423 1326 2646 1399; x_wconf 80' lang='lat' dir='ltr'><strong>reliquis</strong></span> <span class='ocrx_word' id='word_1_268' title='bbox 2682 1329 3014 1385; x_wconf 77' lang='lat' dir='ltr'><strong>Alemanniae</strong></span> <span class='ocrx_word' id='word_1_269' title='bbox 3058 1332 3395 1403; x_wconf 63' lang='lat' dir='ltr'><strong>principibus</strong></span> <span class='ocrx_word' id='word_1_270' title='bbox 3435 1327 3702 1404; x_wconf 82' lang='lat' dir='ltr'><strong>iniciavit,</strong></span> 
     </span>
    </p>
   </div>
   <div class='ocr_carea' id='block_1_43' title="bbox 2129 1406 3706 1493">
    <p class='ocr_par' dir='ltr' id='par_1_43' title="bbox 2129 1406 3706 1493">
     <span class='ocr_line' id='line_1_43' title="bbox 2129 1406 3706 1493; baseline 0.003 -21"><span class='ocrx_word' id='word_1_271' title='bbox 2129 1424 2308 1488; x_wconf 82' lang='lat' dir='ltr'><strong>usque</strong></span> <span class='ocrx_word' id='word_1_272' title='bbox 2336 1406 2663 1488; x_wconf 83' lang='lat' dir='ltr'><strong>Bajoariam,</strong></span> <span class='ocrx_word' id='word_1_273' title='bbox 2709 1420 2820 1472; x_wconf 90' lang='lat' dir='ltr'><strong>imo</strong></span> <span class='ocrx_word' id='word_1_274' title='bbox 2866 1434 3042 1489; x_wconf 79' lang='lat' dir='ltr'><strong>usque</strong></span> <span class='ocrx_word' id='word_1_275' title='bbox 3076 1420 3145 1474; x_wconf 87' lang='lat' dir='ltr'><strong>ad</strong></span> <span class='ocrx_word' id='word_1_276' title='bbox 3172 1419 3467 1491; x_wconf 79' lang='lat' dir='ltr'><strong>Ungariam</strong></span> <span class='ocrx_word' id='word_1_277' title='bbox 3506 1438 3706 1493; x_wconf 80' lang='lat' dir='ltr'><strong>propa-</strong></span> 
     </span>
    </p>
   </div>
   <div class='ocr_carea' id='block_1_44' title="bbox 2128 1498 3702 1578">
    <p class='ocr_par' dir='ltr' id='par_1_44' title="bbox 2128 1498 3702 1578">
     <span class='ocr_line' id='line_1_44' title="bbox 2128 1498 3702 1578; baseline 0.004 -16"><span class='ocrx_word' id='word_1_278' title='bbox 2128 1509 2290 1578; x_wconf 84' lang='lat' dir='ltr'><strong>gavit.</strong></span> <span class='ocrx_word' id='word_1_279' title='bbox 2315 1506 2544 1562; x_wconf 78' lang='lat' dir='ltr'><strong>Francia</strong></span> <span class='ocrx_word' id='word_1_280' title='bbox 2571 1523 2789 1577; x_wconf 90' lang='lat' dir='ltr'><strong>quoque</strong></span> <span class='ocrx_word' id='word_1_281' title='bbox 2821 1507 3121 1565; x_wconf 83' lang='lat' dir='ltr'><strong>Teutonica</strong></span> <span class='ocrx_word' id='word_1_282' title='bbox 3141 1516 3197 1564; x_wconf 90' lang='lat' dir='ltr'><strong>et</strong></span> <span class='ocrx_word' id='word_1_283' title='bbox 3221 1498 3428 1566; x_wconf 83' lang='lat' dir='ltr'><strong>Alsatia</strong></span> <span class='ocrx_word' id='word_1_284' title='bbox 3470 1515 3702 1568; x_wconf 61' lang='lat' dir='ltr'><strong>eandem</strong></span> 
     </span>
    </p>
   </div>
   <div class='ocr_carea' id='block_1_45' title="bbox 2127 1599 3705 1673">
    <p class='ocr_par' dir='ltr' id='par_1_45' title="bbox 2127 1599 3705 1673">
     <span class='ocr_line' id='line_1_45' title="bbox 2127 1599 3705 1673; baseline 0.005 -21"><span class='ocrx_word' id='word_1_285' title='bbox 2127 1613 2312 1669; x_wconf 88' lang='lat' dir='ltr'><strong>pacem</strong></span> <span class='ocrx_word' id='word_1_286' title='bbox 2354 1599 2406 1651; x_wconf 92' lang='lat' dir='ltr'><strong>in</strong></span> <span class='ocrx_word' id='word_1_287' title='bbox 2425 1599 2539 1653; x_wconf 88' lang='lat' dir='ltr'><strong>suis</strong></span> <span class='ocrx_word' id='word_1_288' title='bbox 2569 1599 2815 1668; x_wconf 88' lang='lat' dir='ltr'><strong>partibus</strong></span> <span class='ocrx_word' id='word_1_289' title='bbox 2857 1613 2917 1655; x_wconf 83' lang='lat' dir='ltr'><strong>se</strong></span> <span class='ocrx_word' id='word_1_290' title='bbox 2964 1600 3352 1658; x_wconf 61' lang='lat' dir='ltr'><strong>o‘iscrvatnras</strong></span> <span class='ocrx_word' id='word_1_291' title='bbox 3383 1603 3705 1673; x_wconf 88' lang='lat' dir='ltr'><strong>juramento</strong></span> 
     </span>
    </p>
   </div>
   <div class='ocr_carea' id='block_1_46' title="bbox 2128 1684 3708 1757">
    <p class='ocr_par' dir='ltr' id='par_1_46' title="bbox 2128 1684 3708 1757">
     <span class='ocr_line' id='line_1_46' title="bbox 2128 1684 3708 1757; baseline 0.005 -16"><span class='ocrx_word' id='word_1_292' title='bbox 2128 1686 2500 1741; x_wconf 88' lang='lat' dir='ltr'><strong>decreverunt.</strong></span> <span class='ocrx_word' id='word_1_293' title='bbox 2527 1684 2638 1741; x_wconf 75' lang='lat' dir='ltr'><strong>Hec</strong></span> <span class='ocrx_word' id='word_1_294' title='bbox 2664 1695 2846 1742; x_wconf 85' lang='lat' dir='ltr'><strong>tamen</strong></span> <span class='ocrx_word' id='word_1_295' title='bbox 2869 1702 2975 1757; x_wconf 81' lang='lat' dir='ltr'><strong>pax</strong></span> <span class='ocrx_word' id='word_1_296' title='bbox 3015 1689 3071 1744; x_wconf 87' lang='lat' dir='ltr'><strong>in</strong></span> <span class='ocrx_word' id='word_1_297' title='bbox 3112 1689 3432 1746; x_wconf 75' lang='lat' dir='ltr'><strong>Alemannia</strong></span> <span class='ocrx_word' id='word_1_298' title='bbox 3467 1693 3708 1749; x_wconf 79' lang='lat' dir='ltr'><strong>maxime</strong></span> 
     </span>
    </p>
   </div>
   <div class='ocr_carea' id='block_1_47' title="bbox 2132 1774 3706 1851">
    <p class='ocr_par' dir='ltr' id='par_1_47' title="bbox 2132 1774 3706 1851">
     <span class='ocr_line' id='line_1_47' title="bbox 2132 1774 3706 1851; baseline 0.004 -21"><span class='ocrx_word' id='word_1_299' title='bbox 2132 1774 2377 1840; x_wconf 80' lang='lat' dir='ltr'><strong>invaluit,</strong></span> <span class='ocrx_word' id='word_1_300' title='bbox 2400 1788 2466 1828; x_wconf 90' lang='lat' dir='ltr'><strong>eo</strong></span> <span class='ocrx_word' id='word_1_301' title='bbox 2499 1775 2644 1844; x_wconf 74' lang='lat' dir='ltr'><strong>quod</strong></span> <span class='ocrx_word' id='word_1_302' title='bbox 2666 1776 2940 1846; x_wconf 88' lang='lat' dir='ltr'><strong>principes</strong></span> <span class='ocrx_word' id='word_1_303' title='bbox 2973 1777 3095 1846; x_wconf 88' lang='lat' dir='ltr'><strong>ejus</strong></span> <span class='ocrx_word' id='word_1_304' title='bbox 3115 1779 3346 1848; x_wconf 83' lang='lat' dir='ltr'><strong>quisque</strong></span> <span class='ocrx_word' id='word_1_305' title='bbox 3374 1779 3428 1834; x_wconf 90' lang='lat' dir='ltr'><strong>in</strong></span> <span class='ocrx_word' id='word_1_306' title='bbox 3477 1795 3575 1835; x_wconf 90' lang='lat' dir='ltr'><strong>sua</strong></span> <span class='ocrx_word' id='word_1_307' title='bbox 3601 1795 3706 1851; x_wconf 89' lang='lat' dir='ltr'><strong>po-</strong></span> 
     </span>
    </p>
   </div>
   <div class='ocr_carea' id='block_1_48' title="bbox 2065 1864 3768 1942">
    <p class='ocr_par' dir='ltr' id='par_1_48' title="bbox 2065 1864 3768 1942">
     <span class='ocr_line' id='line_1_48' title="bbox 2065 1864 3768 1942; baseline 0.006 -24"><span class='ocrx_word' id='word_1_308' title='bbox 2065 1872 2108 1926; x_wconf 79' lang='lat' dir='ltr'><strong>B</strong></span> <span class='ocrx_word' id='word_1_309' title='bbox 2135 1872 2325 1919; x_wconf 88' lang='lat' dir='ltr'><strong>testate</strong></span> <span class='ocrx_word' id='word_1_310' title='bbox 2343 1864 2618 1934; x_wconf 87' lang='lat' dir='ltr'><strong>justiciam</strong></span> <span class='ocrx_word' id='word_1_311' title='bbox 2657 1865 2836 1921; x_wconf 88' lang='lat' dir='ltr'><strong>facere</strong></span> <span class='ocrx_word' id='word_1_312' title='bbox 2863 1883 2975 1922; x_wconf 86' lang='lat' dir='ltr'><strong>non</strong></span> <span class='ocrx_word' id='word_1_313' title='bbox 3013 1871 3338 1936; x_wconf 79' lang='lat' dir='ltr'><strong>cessaverit;</strong></span> <span class='ocrx_word' id='word_1_314' title='bbox 3383 1874 3531 1942; x_wconf 76' lang='lat' dir='ltr'><strong>quod</strong></span> <span class='ocrx_word' id='word_1_315' title='bbox 3570 1874 3711 1940; x_wconf 16' lang='lat' dir='ltr'><strong>Vrtli-</strong></span> <span class='ocrx_word' id='word_1_316' title='bbox 3759 1882 3768 1888; x_wconf 83' lang='lat'>&#39;</span> 
     </span>
    </p>
   </div>
   <div class='ocr_carea' id='block_1_49' title="bbox 2135 1954 3707 2022">
    <p class='ocr_par' dir='ltr' id='par_1_49' title="bbox 2135 1954 3707 2022">
     <span class='ocr_line' id='line_1_49' title="bbox 2135 1954 3707 2022; baseline 0.008 -17"><span class='ocrx_word' id='word_1_317' title='bbox 2135 1968 2256 2022; x_wconf 64' lang='lat' dir='ltr'><strong>qua:</strong></span> <span class='ocrx_word' id='word_1_318' title='bbox 2294 1954 2588 2022; x_wconf 73' lang='lat' dir='ltr'><strong>provinciae</strong></span> <span class='ocrx_word' id='word_1_319' title='bbox 2624 1956 2867 2010; x_wconf 89' lang='lat' dir='ltr'><strong>nondum</strong></span> <span class='ocrx_word' id='word_1_320' title='bbox 2921 1955 3099 2012; x_wconf 67' lang='lat' dir='ltr'><strong>facere</strong></span> <span class='ocrx_word' id='word_1_321' title='bbox 3131 1960 3488 2016; x_wconf 74' lang='lat' dir='ltr'><strong>decreverint.</strong></span> <span class='ocrx_word' id='word_1_322' title='bbox 3541 1961 3607 2016; x_wconf 81' lang='lat' dir='ltr'><strong>Et</strong></span> <span class='ocrx_word' id='word_1_323' title='bbox 3634 1962 3707 1995; x_wconf 79' lang='lat'><strong>“&#39;</strong></span> 
     </span>
    </p>
   </div>
   <div class='ocr_carea' id='block_1_50' title="bbox 2133 2041 3708 2118">
    <p class='ocr_par' dir='ltr' id='par_1_50' title="bbox 2133 2041 3708 2118">
     <span class='ocr_line' id='line_1_50' title="bbox 2133 2041 3708 2118; baseline 0.007 -24"><span class='ocrx_word' id='word_1_324' title='bbox 2133 2041 2400 2110; x_wconf 75' lang='lat' dir='ltr'><strong>prmcipue</strong></span> <span class='ocrx_word' id='word_1_325' title='bbox 2427 2043 2537 2096; x_wconf 79' lang='lat' dir='ltr'><strong>dux</strong></span> <span class='ocrx_word' id='word_1_326' title='bbox 2573 2041 2893 2098; x_wconf 87' lang='lat' dir='ltr'><strong>Berthaldus</strong></span> <span class='ocrx_word' id='word_1_327' title='bbox 2926 2045 2992 2099; x_wconf 89' lang='lat' dir='ltr'><strong>ad</strong></span> <span class='ocrx_word' id='word_1_328' title='bbox 3019 2044 3317 2102; x_wconf 87' lang='lat' dir='ltr'><strong>faciendam</strong></span> <span class='ocrx_word' id='word_1_329' title='bbox 3339 2049 3618 2118; x_wconf 67' lang='lat' dir='ltr'><strong>justfcmm</strong></span> <span class='ocrx_word' id='word_1_330' title='bbox 3651 2052 3708 2106; x_wconf 91' lang='lat' dir='ltr'><strong>in</strong></span> 
     </span>
    </p>
   </div>
   <div class='ocr_carea' id='block_1_51' title="bbox 2135 2133 3711 2206">
    <p class='ocr_par' dir='ltr' id='par_1_51' title="bbox 2135 2133 3711 2206">
     <span class='ocr_line' id='line_1_51' title="bbox 2135 2133 3711 2206; baseline 0.006 -18"><span class='ocrx_word' id='word_1_331' title='bbox 2135 2134 2333 2189; x_wconf 90' lang='lat' dir='ltr'><strong>ducatu</strong></span> <span class='ocrx_word' id='word_1_332' title='bbox 2369 2133 2699 2190; x_wconf 71' lang='lat' dir='ltr'><strong>Alemannia:</strong></span> <span class='ocrx_word' id='word_1_333' title='bbox 2733 2137 2870 2190; x_wconf 89' lang='lat' dir='ltr'><strong>adeo</strong></span> <span class='ocrx_word' id='word_1_334' title='bbox 2895 2139 3118 2206; x_wconf 79' lang='lat' dir='ltr'><strong>exarsit,</strong></span> <span class='ocrx_word' id='word_1_335' title='bbox 3155 2147 3212 2192; x_wconf 87' lang='lat' dir='ltr'><strong>ut</strong></span> <span class='ocrx_word' id='word_1_336' title='bbox 3250 2139 3304 2194; x_wconf 90' lang='lat' dir='ltr'><strong>in</strong></span> <span class='ocrx_word' id='word_1_337' title='bbox 3328 2143 3711 2198; x_wconf 65' lang='lat' dir='ltr'><strong>observatione</strong></span> 
     </span>
    </p>
   </div>
   <div class='ocr_carea' id='block_1_52' title="bbox 2131 2223 3711 2297">
    <p class='ocr_par' dir='ltr' id='par_1_52' title="bbox 2131 2223 3711 2297">
     <span class='ocr_line' id='line_1_52' title="bbox 2131 2223 3711 2297; baseline 0.005 -21"><span class='ocrx_word' id='word_1_338' title='bbox 2131 2223 2365 2292; x_wconf 81' lang='lat' dir='ltr'><strong>justiciae</strong></span> <span class='ocrx_word' id='word_1_339' title='bbox 2386 2237 2576 2289; x_wconf 89' lang='lat' dir='ltr'><strong>omnes</strong></span> <span class='ocrx_word' id='word_1_340' title='bbox 2600 2225 3026 2293; x_wconf 65' lang='lat' dir='ltr'><strong>pranlceessores</strong></span> <span class='ocrx_word' id='word_1_341' title='bbox 3071 2241 3204 2282; x_wconf 84' lang='lat' dir='ltr'><strong>suos</strong></span> <span class='ocrx_word' id='word_1_342' title='bbox 3246 2243 3385 2297; x_wconf 90' lang='lat' dir='ltr'><strong>pene</strong></span> <span class='ocrx_word' id='word_1_343' title='bbox 3412 2229 3624 2296; x_wconf 77' lang='lat' dir='ltr'><strong>vicerit,</strong></span> <span class='ocrx_word' id='word_1_344' title='bbox 3654 2239 3711 2286; x_wconf 87' lang='lat' dir='ltr'><strong>et</strong></span> 
     </span>
    </p>
   </div>
   <div class='ocr_carea' id='block_1_53' title="bbox 2136 2313 3707 2387">
    <p class='ocr_par' dir='ltr' id='par_1_53' title="bbox 2136 2313 3707 2387">
     <span class='ocr_line' id='line_1_53' title="bbox 2136 2313 3707 2387; baseline 0.005 -20"><span class='ocrx_word' id='word_1_345' title='bbox 2136 2313 2202 2367; x_wconf 92' lang='lat' dir='ltr'><strong>de</strong></span> <span class='ocrx_word' id='word_1_346' title='bbox 2239 2313 2343 2367; x_wconf 86' lang='lat' dir='ltr'><strong>hoc</strong></span> <span class='ocrx_word' id='word_1_347' title='bbox 2366 2314 2608 2368; x_wconf 91' lang='lat' dir='ltr'><strong>omnium</strong></span> <span class='ocrx_word' id='word_1_348' title='bbox 2636 2329 2730 2368; x_wconf 90' lang='lat' dir='ltr'><strong>ora</strong></span> <span class='ocrx_word' id='word_1_349' title='bbox 2768 2316 2860 2384; x_wconf 80' lang='lat' dir='ltr'><strong>pio</strong></span> <span class='ocrx_word' id='word_1_350' title='bbox 2904 2331 3124 2370; x_wconf 86' lang='lat' dir='ltr'><strong>rumore</strong></span> <span class='ocrx_word' id='word_1_351' title='bbox 3172 2319 3542 2387; x_wconf 62' lang='lat' dir='ltr'><strong>compleverit.</strong></span> <span class='ocrx_word' id='word_1_352' title='bbox 3590 2321 3707 2376; x_wconf 80' lang='lat' dir='ltr'><strong>Ma-</strong></span> 
     </span>
    </p>
   </div>
   <div class='ocr_carea' id='block_1_54' title="bbox 2139 2403 3710 2478">
    <p class='ocr_par' dir='ltr' id='par_1_54' title="bbox 2139 2403 3710 2478">
     <span class='ocr_line' id='line_1_54' title="bbox 2139 2403 3710 2478; baseline 0.006 -22"><span class='ocrx_word' id='word_1_353' title='bbox 2139 2418 2299 2472; x_wconf 82' lang='lat' dir='ltr'><strong>gnam</strong></span> <span class='ocrx_word' id='word_1_354' title='bbox 2353 2412 2532 2461; x_wconf 88' lang='lat' dir='ltr'><strong>tamen</strong></span> <span class='ocrx_word' id='word_1_355' title='bbox 2552 2403 2920 2458; x_wconf 86' lang='lat' dir='ltr'><strong>dillicultatem</strong></span> <span class='ocrx_word' id='word_1_356' title='bbox 2971 2405 3152 2460; x_wconf 88' lang='lat' dir='ltr'><strong>adhuc</strong></span> <span class='ocrx_word' id='word_1_357' title='bbox 3209 2407 3262 2460; x_wconf 91' lang='lat' dir='ltr'><strong>in</strong></span> <span class='ocrx_word' id='word_1_358' title='bbox 3305 2408 3411 2463; x_wconf 91' lang='lat' dir='ltr'><strong>illis</strong></span> <span class='ocrx_word' id='word_1_359' title='bbox 3458 2411 3710 2478; x_wconf 84' lang='lat' dir='ltr'><strong>partibus</strong></span> 
     </span>
    </p>
   </div>
   <div class='ocr_carea' id='block_1_55' title="bbox 2139 2495 3713 2558">
    <p class='ocr_par' dir='ltr' id='par_1_55' title="bbox 2139 2495 3713 2558">
     <span class='ocr_line' id='line_1_55' title="bbox 2139 2495 3713 2558; baseline 0.007 -12"><span class='ocrx_word' id='word_1_360' title='bbox 2139 2501 2326 2547; x_wconf 85' lang='lat' dir='ltr'><strong>sancta</strong></span> <span class='ocrx_word' id='word_1_361' title='bbox 2346 2502 2518 2548; x_wconf 85' lang='lat' dir='ltr'><strong>mater</strong></span> <span class='ocrx_word' id='word_1_362' title='bbox 2559 2495 2770 2550; x_wconf 57' lang='lat' dir='ltr'><strong>ecclesia</strong></span> <span class='ocrx_word' id='word_1_363' title='bbox 2814 2496 2869 2548; x_wconf 90' lang='lat' dir='ltr'><strong>in</strong></span> <span class='ocrx_word' id='word_1_364' title='bbox 2895 2497 3224 2552; x_wconf 87' lang='lat' dir='ltr'><strong>devitationc</strong></span> <span class='ocrx_word' id='word_1_365' title='bbox 3268 2503 3713 2558; x_wconf 76' lang='lat' dir='ltr'><strong>excommunica-</strong></span> 
     </span>
    </p>
   </div>
   <div class='ocr_carea' id='block_1_56' title="bbox 2143 2586 3710 2660">
    <p class='ocr_par' dir='ltr' id='par_1_56' title="bbox 2143 2586 3710 2660">
     <span class='ocr_line' id='line_1_56' title="bbox 2143 2586 3710 2660; baseline 0.008 -26"><span class='ocrx_word' id='word_1_366' title='bbox 2143 2589 2320 2635; x_wconf 83' lang='lat' dir='ltr'><strong>torum</strong></span> <span class='ocrx_word' id='word_1_367' title='bbox 2350 2597 2602 2652; x_wconf 89' lang='lat' dir='ltr'><strong>perpessa</strong></span> <span class='ocrx_word' id='word_1_368' title='bbox 2629 2592 2732 2649; x_wconf 86' lang='lat' dir='ltr'><strong>est,</strong></span> <span class='ocrx_word' id='word_1_369' title='bbox 2774 2597 2914 2653; x_wconf 87' lang='lat' dir='ltr'><strong>quos</strong></span> <span class='ocrx_word' id='word_1_370' title='bbox 2947 2586 3135 2656; x_wconf 89' lang='lat' dir='ltr'><strong>utique</strong></span> <span class='ocrx_word' id='word_1_371' title='bbox 3185 2587 3276 2641; x_wconf 76' lang='lat' dir='ltr'><strong>vix</strong></span> <span class='ocrx_word' id='word_1_372' title='bbox 3301 2589 3543 2645; x_wconf 78' lang='lat' dir='ltr'><strong>devitarc</strong></span> <span class='ocrx_word' id='word_1_373' title='bbox 3579 2606 3710 2660; x_wconf 80' lang='lat' dir='ltr'><strong>pes—</strong></span> 
     </span>
    </p>
   </div>
   <div class='ocr_carea' id='block_1_57' title="bbox 2142 2671 3711 2746">
    <p class='ocr_par' dir='ltr' id='par_1_57' title="bbox 2142 2671 3711 2746">
     <span class='ocr_line' id='line_1_57' title="bbox 2142 2671 3711 2746; baseline 0.007 -23"><span class='ocrx_word' id='word_1_374' title='bbox 2142 2677 2243 2734; x_wconf 90' lang='lat' dir='ltr'><strong>set,</strong></span> <span class='ocrx_word' id='word_1_375' title='bbox 2271 2671 2316 2724; x_wconf 75' lang='lat' dir='ltr'><strong>&#39;si</strong></span> <span class='ocrx_word' id='word_1_376' title='bbox 2357 2686 2464 2725; x_wconf 91' lang='lat' dir='ltr'><strong>non</strong></span> <span class='ocrx_word' id='word_1_377' title='bbox 2508 2672 2622 2740; x_wconf 91' lang='lat' dir='ltr'><strong>jam</strong></span> <span class='ocrx_word' id='word_1_378' title='bbox 2681 2673 2894 2729; x_wconf 32' lang='lat' dir='ltr'><strong>dudum.</strong></span> <span class='ocrx_word' id='word_1_379' title='bbox 2932 2675 3166 2729; x_wconf 86' lang='lat' dir='ltr'><strong>domnus</strong></span> <span class='ocrx_word' id='word_1_380' title='bbox 3196 2692 3332 2746; x_wconf 89' lang='lat' dir='ltr'><strong>papa</strong></span> <span class='ocrx_word' id='word_1_381' title='bbox 3383 2680 3711 2735; x_wconf 87' lang='lat' dir='ltr'><strong>sententiam</strong></span> 
     </span>
    </p>
   </div>
   <div class='ocr_carea' id='block_1_58' title="bbox 2140 2761 3710 2836">
    <p class='ocr_par' dir='ltr' id='par_1_58' title="bbox 2140 2761 3710 2836">
     <span class='ocr_line' id='line_1_58' title="bbox 2140 2761 3710 2836; baseline 0.005 -23"><span class='ocrx_word' id='word_1_382' title='bbox 2140 2761 2717 2816; x_wconf 73' lang='lat' dir='ltr'><strong>cxcommunicationis</strong></span> <span class='ocrx_word' id='word_1_383' title='bbox 2784 2763 3186 2832; x_wconf 81' lang='lat' dir='ltr'><strong>quodammodo</strong></span> <span class='ocrx_word' id='word_1_384' title='bbox 3235 2770 3359 2818; x_wconf 88' lang='lat' dir='ltr'><strong>cum</strong></span> <span class='ocrx_word' id='word_1_385' title='bbox 3413 2767 3710 2836; x_wconf 89' lang='lat' dir='ltr'><strong>apostolica</strong></span> 
     </span>
    </p>
   </div>
   <div class='ocr_carea' id='block_1_59' title="bbox 2144 2850 3715 2924">
    <p class='ocr_par' dir='ltr' id='par_1_59' title="bbox 2144 2850 3715 2924">
     <span class='ocr_line' id='line_1_59' title="bbox 2144 2850 3715 2924; baseline 0.007 -24"><span class='ocrx_word' id='word_1_386' title='bbox 2144 2850 2461 2904; x_wconf 83' lang='lat' dir='ltr'><strong>auctoritate</strong></span> <span class='ocrx_word' id='word_1_387' title='bbox 2477 2859 2848 2920; x_wconf 88' lang='lat' dir='ltr'><strong>temperasset.</strong></span> <span class='ocrx_word' id='word_1_388' title='bbox 2871 2851 3007 2906; x_wconf 87' lang='lat' dir='ltr'><strong>Nam</strong></span> <span class='ocrx_word' id='word_1_389' title='bbox 3035 2855 3238 2908; x_wconf 86' lang='lat' dir='ltr'><strong>multos</strong></span> <span class='ocrx_word' id='word_1_390' title='bbox 3261 2853 3375 2923; x_wconf 88' lang='lat' dir='ltr'><strong>ipse</strong></span> <span class='ocrx_word' id='word_1_391' title='bbox 3397 2871 3546 2910; x_wconf 88' lang='lat' dir='ltr'><strong>more</strong></span> <span class='ocrx_word' id='word_1_392' title='bbox 3575 2871 3715 2924; x_wconf 74' lang='lat' dir='ltr'><strong>pra:-</strong></span> 
     </span>
    </p>
   </div>
   <div class='ocr_carea' id='block_1_60' title="bbox 2144 2929 3710 3015">
    <p class='ocr_par' dir='ltr' id='par_1_60' title="bbox 2144 2929 3710 3015">
     <span class='ocr_line' id='line_1_60' title="bbox 2144 2929 3710 3015; baseline 0.007 -25"><span class='ocrx_word' id='word_1_393' title='bbox 2144 2939 2443 2992; x_wconf 75' lang='lat' dir='ltr'><strong>de‘eesscris</strong></span> <span class='ocrx_word' id='word_1_394' title='bbox 2467 2941 2552 2993; x_wconf 86' lang='lat' dir='ltr'><strong>sui</strong></span> <span class='ocrx_word' id='word_1_395' title='bbox 2579 2942 2897 2996; x_wconf 83' lang='lat' dir='ltr'><strong>venerabilis</strong></span> <span class='ocrx_word' id='word_1_396' title='bbox 2927 2958 3077 3011; x_wconf 77' lang='lat' dir='ltr'><strong>papa:</strong></span> <span class='ocrx_word' id='word_1_397' title='bbox 3125 2929 3369 3015; x_wconf 78' lang='lat' dir='ltr'><strong>Gregorii</strong></span> <span class='ocrx_word' id='word_1_398' title='bbox 3390 2947 3458 3000; x_wconf 82' lang='lat' dir='ltr'><strong>de</strong></span> <span class='ocrx_word' id='word_1_399' title='bbox 3485 2961 3710 3001; x_wconf 82' lang='lat' dir='ltr'><strong>excom-</strong></span> 
     </span>
    </p>
   </div>
   <div class='ocr_carea' id='block_1_61' title="bbox 2147 3019 3713 3102">
    <p class='ocr_par' dir='ltr' id='par_1_61' title="bbox 2147 3019 3713 3102">
     <span class='ocr_line' id='line_1_61' title="bbox 2147 3019 3713 3102; baseline 0.008 -23"><span class='ocrx_word' id='word_1_400' title='bbox 2147 3026 2512 3082; x_wconf 86' lang='lat' dir='ltr'><strong>municatione</strong></span> <span class='ocrx_word' id='word_1_401' title='bbox 2559 3029 2799 3094; x_wconf 78' lang='lat' dir='ltr'><strong>seclusit,</strong></span> <span class='ocrx_word' id='word_1_402' title='bbox 2843 3019 3090 3090; x_wconf 77' lang='lat' dir='ltr'><strong>videlicet</strong></span> <span class='ocrx_word' id='word_1_403' title='bbox 3135 3029 3398 3101; x_wconf 69' lang='lat' dir='ltr'><strong>viatores,</strong></span> <span class='ocrx_word' id='word_1_404' title='bbox 3452 3029 3713 3102; x_wconf 69' lang='lat' dir='ltr'><strong>rustic’os,</strong></span> 
     </span>
    </p>
   </div>
   <div class='ocr_carea' id='block_1_62' title="bbox 2149 3112 3717 3202">
    <p class='ocr_par' dir='ltr' id='par_1_62' title="bbox 2149 3112 3717 3202">
     <span class='ocr_line' id='line_1_62' title="bbox 2149 3112 3717 3202; baseline 0.008 -32"><span class='ocrx_word' id='word_1_405' title='bbox 2149 3130 2334 3172; x_wconf 85' lang='lat' dir='ltr'><strong>servos</strong></span> <span class='ocrx_word' id='word_1_406' title='bbox 2359 3125 2413 3170; x_wconf 89' lang='lat' dir='ltr'><strong>et</strong></span> <span class='ocrx_word' id='word_1_407' title='bbox 2433 3117 2675 3184; x_wconf 90' lang='lat' dir='ltr'><strong>ancillas,</strong></span> <span class='ocrx_word' id='word_1_408' title='bbox 2701 3130 2989 3192; x_wconf 26' lang='lat' dir='ltr'><strong>uxoresiet</strong></span> <span class='ocrx_word' id='word_1_409' title='bbox 3015 3121 3173 3188; x_wconf 85' lang='lat' dir='ltr'><strong>ﬁlios,</strong></span> <span class='ocrx_word' id='word_1_410' title='bbox 3205 3140 3345 3194; x_wconf 89' lang='lat' dir='ltr'><strong>quos</strong></span> <span class='ocrx_word' id='word_1_411' title='bbox 3367 3133 3548 3181; x_wconf 87' lang='lat' dir='ltr'><strong>tamen</strong></span> <span class='ocrx_word' id='word_1_412' title='bbox 3594 3112 3717 3202; x_wconf 60' lang='lat' dir='ltr'><strong>per;</strong></span> 
     </span>
    </p>
   </div>
   <div class='ocr_carea' id='block_1_63' title="bbox 482 3192 3718 3291">
    <p class='ocr_par' dir='ltr' id='par_1_63' title="bbox 482 3192 3718 3291">
     <span class='ocr_line' id='line_1_63' title="bbox 482 3192 3718 3291; baseline -0.001 -13"><span class='ocrx_word' id='word_1_413' title='bbox 482 3225 721 3278; x_wconf 70' lang='lat' dir='ltr'><strong>inaudita</strong></span> <span class='ocrx_word' id='word_1_414' title='bbox 747 3192 993 3277; x_wconf 40' lang='lat' dir='ltr'><strong>“mala-se</strong></span> <span class='ocrx_word' id='word_1_415' title='bbox 1027 3192 1242 3291; x_wconf 73' lang='lat' dir='ltr'><strong>passam</strong></span> <span class='ocrx_word' id='word_1_416' title='bbox 1297 3229 1587 3289; x_wconf 89' lang='lat' dir='ltr'><strong>conquesta</strong></span> <span class='ocrx_word' id='word_1_417' title='bbox 1636 3226 1736 3282; x_wconf 89' lang='lat' dir='ltr'><strong>est,</strong></span> <span class='ocrx_word' id='word_1_418' title='bbox 1780 3222 1847 3269; x_wconf 41' lang='lat' dir='ltr'><strong>ut.</strong></span> <span class='ocrx_word' id='word_1_419' title='bbox 1887 3210 2047 3266; x_wconf 75' lang='lat' dir='ltr'><strong>etiam</strong></span> <span class='ocrx_word' id='word_1_420' title='bbox 2077 3192 2117 3249; x_wconf 70' lang='grc' dir='ltr'>Ο</span> <span class='ocrx_word' id='word_1_421' title='bbox 2151 3221 2302 3262; x_wconf 87' lang='lat' dir='ltr'><strong>versa</strong></span> <span class='ocrx_word' id='word_1_422' title='bbox 2354 3208 2602 3264; x_wconf 81' lang='lat' dir='ltr'><strong>voluntas</strong></span> <span class='ocrx_word' id='word_1_423' title='bbox 2645 3211 2832 3266; x_wconf 85' lang='lat' dir='ltr'><strong>eodem</strong></span> <span class='ocrx_word' id='word_1_424' title='bbox 2885 3213 3102 3268; x_wconf 87' lang='lat' dir='ltr'><strong>vinculo</strong></span> <span class='ocrx_word' id='word_1_425' title='bbox 3132 3218 3718 3276; x_wconf 78' lang='lat' dir='ltr'><strong>excommunicationis</strong></span> 
     </span>
    </p>
   </div>
   <div class='ocr_carea' id='block_1_64' title="bbox 481 3308 2045 3382">
    <p class='ocr_par' dir='ltr' id='par_1_64' title="bbox 481 3308 2045 3382">
     <span class='ocr_line' id='line_1_64' title="bbox 481 3308 2045 3382; baseline -0.009 -15"><span class='ocrx_word' id='word_1_426' title='bbox 481 3313 622 3382; x_wconf 86' lang='lat' dir='ltr'><strong>apud</strong></span> <span class='ocrx_word' id='word_1_427' title='bbox 684 3313 932 3366; x_wconf 88' lang='lat' dir='ltr'><strong>inimicos</strong></span> <span class='ocrx_word' id='word_1_428' title='bbox 985 3309 1410 3364; x_wconf 89' lang='lat' dir='ltr'><strong>misericordiam</strong></span> <span class='ocrx_word' id='word_1_429' title='bbox 1458 3325 1515 3364; x_wconf 87' lang='lat' dir='ltr'><strong>se</strong></span> <span class='ocrx_word' id='word_1_430' title='bbox 1561 3308 1900 3362; x_wconf 79' lang='lat' dir='ltr'><strong>inventuram</strong></span> <span class='ocrx_word' id='word_1_431' title='bbox 1936 3316 2045 3355; x_wconf 91' lang='lat' dir='ltr'><strong>non</strong></span> 
     </span>
    </p>
   </div>
   <div class='ocr_carea' id='block_1_65' title="bbox 484 3389 2047 3468">
    <p class='ocr_par' dir='ltr' id='par_1_65' title="bbox 484 3389 2047 3468">
     <span class='ocr_line' id='line_1_65' title="bbox 484 3389 2047 3468; baseline -0.009 -12"><span class='ocrx_word' id='word_1_432' title='bbox 484 3401 781 3468; x_wconf 86' lang='lat' dir='ltr'><strong>dubitaret;</strong></span> <span class='ocrx_word' id='word_1_433' title='bbox 817 3415 916 3455; x_wconf 87' lang='lat' dir='ltr'><strong>nec</strong></span> <span class='ocrx_word' id='word_1_434' title='bbox 946 3401 998 3453; x_wconf 91' lang='lat' dir='ltr'><strong>in</strong></span> <span class='ocrx_word' id='word_1_435' title='bbox 1025 3401 1126 3453; x_wconf 86' lang='lat' dir='ltr'><strong>hac</strong></span> <span class='ocrx_word' id='word_1_436' title='bbox 1160 3399 1347 3467; x_wconf 89' lang='lat' dir='ltr'><strong>utique</strong></span> <span class='ocrx_word' id='word_1_437' title='bbox 1385 3413 1479 3467; x_wconf 92' lang='lat' dir='ltr'><strong>spe</strong></span> <span class='ocrx_word' id='word_1_438' title='bbox 1500 3398 1720 3466; x_wconf 89' lang='lat' dir='ltr'><strong>decepta</strong></span> <span class='ocrx_word' id='word_1_439' title='bbox 1765 3402 1866 3448; x_wconf 90' lang='lat' dir='ltr'><strong>est.</strong></span> <span class='ocrx_word' id='word_1_440' title='bbox 1910 3389 2047 3444; x_wconf 85' lang='lat' dir='ltr'><strong>Nam</strong></span> 
     </span>
    </p>
   </div>
   <div class='ocr_carea' id='block_1_66' title="bbox 486 3488 2046 3559">
    <p class='ocr_par' dir='ltr' id='par_1_66' title="bbox 486 3488 2046 3559">
     <span class='ocr_line' id='line_1_66' title="bbox 486 3488 2046 3559; baseline -0.007 -15"><span class='ocrx_word' id='word_1_441' title='bbox 486 3491 594 3544; x_wconf 80' lang='lat' dir='ltr'><strong>dux</strong></span> <span class='ocrx_word' id='word_1_442' title='bbox 623 3499 677 3544; x_wconf 89' lang='lat' dir='ltr'><strong>et</strong></span> <span class='ocrx_word' id='word_1_443' title='bbox 712 3505 847 3545; x_wconf 79' lang='lat' dir='ltr'><strong>uxor</strong></span> <span class='ocrx_word' id='word_1_444' title='bbox 867 3491 984 3559; x_wconf 83' lang='lat' dir='ltr'><strong>ejus</strong></span> <span class='ocrx_word' id='word_1_445' title='bbox 1025 3488 1294 3542; x_wconf 83' lang='lat' dir='ltr'><strong>Mathildis</strong></span> <span class='ocrx_word' id='word_1_446' title='bbox 1328 3497 1600 3558; x_wconf 84' lang='lat' dir='ltr'><strong>gratanter</strong></span> <span class='ocrx_word' id='word_1_447' title='bbox 1625 3501 1742 3539; x_wconf 89' lang='lat' dir='ltr'><strong>eam</strong></span> <span class='ocrx_word' id='word_1_448' title='bbox 1791 3495 2046 3550; x_wconf 88' lang='lat' dir='ltr'><strong>suscepe-</strong></span> 
     </span>
    </p>
   </div>
   <div class='ocr_carea' id='block_1_67' title="bbox 485 3569 2049 3652">
    <p class='ocr_par' dir='ltr' id='par_1_67' title="bbox 485 3569 2049 3652">
     <span class='ocr_line' id='line_1_67' title="bbox 485 3569 2049 3652; baseline -0.006 -22"><span class='ocrx_word' id='word_1_449' title='bbox 485 3587 634 3642; x_wconf 90' lang='lat' dir='ltr'><strong>runt,</strong></span> <span class='ocrx_word' id='word_1_450' title='bbox 657 3588 710 3632; x_wconf 92' lang='lat' dir='ltr'><strong>et</strong></span> <span class='ocrx_word' id='word_1_451' title='bbox 739 3579 1033 3652; x_wconf 79' lang='lat' dir='ltr'><strong>honorifice</strong></span> <span class='ocrx_word' id='word_1_452' title='bbox 1049 3585 1444 3638; x_wconf 85' lang='lat' dir='ltr'><strong>tractaverunt.</strong></span> <span class='ocrx_word' id='word_1_453' title='bbox 1496 3575 1714 3629; x_wconf 83' lang='lat' dir='ltr'><strong>Juditba</strong></span> <span class='ocrx_word' id='word_1_454' title='bbox 1736 3586 1874 3626; x_wconf 73' lang='lat' dir='ltr'><strong>uxor</strong></span> <span class='ocrx_word' id='word_1_455' title='bbox 1895 3569 2049 3623; x_wconf 82' lang='lat' dir='ltr'><strong>ducis</strong></span> 
     </span>
    </p>
   </div>
   <div class='ocr_carea' id='block_1_68' title="bbox 486 3657 2049 3734">
    <p class='ocr_par' dir='ltr' id='par_1_68' title="bbox 486 3657 2049 3734">
     <span class='ocr_line' id='line_1_68' title="bbox 486 3657 2049 3734; baseline -0.007 -14"><span class='ocrx_word' id='word_1_456' title='bbox 486 3665 752 3720; x_wconf 75' lang='lat' dir='ltr'><strong>Welronis</strong></span> <span class='ocrx_word' id='word_1_457' title='bbox 788 3666 1070 3734; x_wconf 77' lang='lat' dir='ltr'><strong>Bajoariae,</strong></span> <span class='ocrx_word' id='word_1_458' title='bbox 1112 3667 1226 3733; x_wconf 91' lang='lat' dir='ltr'><strong>jam</strong></span> <span class='ocrx_word' id='word_1_459' title='bbox 1248 3667 1340 3719; x_wconf 89' lang='lat' dir='ltr'><strong>diu</strong></span> <span class='ocrx_word' id='word_1_460' title='bbox 1369 3665 1660 3726; x_wconf 88' lang='lat' dir='ltr'><strong>inﬁrmata,</strong></span> <span class='ocrx_word' id='word_1_461' title='bbox 1710 3668 1764 3714; x_wconf 91' lang='lat' dir='ltr'><strong>et</strong></span> <span class='ocrx_word' id='word_1_462' title='bbox 1795 3674 1857 3714; x_wconf 91' lang='lat' dir='ltr'><strong>ea</strong></span> <span class='ocrx_word' id='word_1_463' title='bbox 1881 3657 2049 3712; x_wconf 89' lang='lat' dir='ltr'><strong>casti-</strong></span> 
     </span>
    </p>
   </div>
   <div class='ocr_carea' id='block_1_69' title="bbox 486 3749 2071 3826">
    <p class='ocr_par' dir='ltr' id='par_1_69' title="bbox 486 3749 2071 3826">
     <span class='ocr_line' id='line_1_69' title="bbox 486 3749 2071 3826; baseline -0.005 -19"><span class='ocrx_word' id='word_1_464' title='bbox 486 3771 548 3826; x_wconf 84' lang='lat' dir='ltr'><strong>ga</strong></span> <span class='ocrx_word' id='word_1_465' title='bbox 558 3757 701 3809; x_wconf 89' lang='lat' dir='ltr'><strong>tione</strong></span> <span class='ocrx_word' id='word_1_466' title='bbox 723 3771 828 3808; x_wconf 89' lang='lat' dir='ltr'><strong>non</strong></span> <span class='ocrx_word' id='word_1_467' title='bbox 850 3771 1038 3824; x_wconf 90' lang='lat' dir='ltr'><strong>parum</strong></span> <span class='ocrx_word' id='word_1_468' title='bbox 1056 3756 1353 3819; x_wconf 84' lang='lat' dir='ltr'><strong>nieliorata,</strong></span> <span class='ocrx_word' id='word_1_469' title='bbox 1371 3756 1513 3807; x_wconf 89' lang='lat' dir='ltr'><strong>diem</strong></span> <span class='ocrx_word' id='word_1_470' title='bbox 1537 3753 1730 3806; x_wconf 89' lang='lat' dir='ltr'><strong>clausit</strong></span> <span class='ocrx_word' id='word_1_471' title='bbox 1747 3749 2071 3804; x_wconf 76' lang='lat' dir='ltr'><strong>extremum&#39;</strong></span> 
     </span>
    </p>
   </div>
   <div class='ocr_carea' id='block_1_70' title="bbox 487 3834 2047 3913">
    <p class='ocr_par' dir='ltr' id='par_1_70' title="bbox 487 3834 2047 3913">
     <span class='ocr_line' id='line_1_70' title="bbox 487 3834 2047 3913; baseline -0.006 -14"><span class='ocrx_word' id='word_1_472' title='bbox 487 3848 540 3899; x_wconf 86' lang='grc'>4.</span> <span class='ocrx_word' id='word_1_473' title='bbox 573 3834 755 3898; x_wconf 81' lang='lat' dir='ltr'><strong>Nonas</strong></span> <span class='ocrx_word' id='word_1_474' title='bbox 781 3843 977 3908; x_wconf 83' lang='lat' dir='ltr'><strong>Martii,</strong></span> <span class='ocrx_word' id='word_1_475' title='bbox 1001 3853 1054 3898; x_wconf 90' lang='lat' dir='ltr'><strong>et</strong></span> <span class='ocrx_word' id='word_1_476' title='bbox 1075 3845 1216 3913; x_wconf 89' lang='lat' dir='ltr'><strong>apud</strong></span> <span class='ocrx_word' id='word_1_477' title='bbox 1253 3843 1666 3904; x_wconf 87' lang='lat' dir='ltr'><strong>monasterium,</strong></span> <span class='ocrx_word' id='word_1_478' title='bbox 1694 3839 1838 3910; x_wconf 91' lang='lat' dir='ltr'><strong>quod</strong></span> <span class='ocrx_word' id='word_1_479' title='bbox 1882 3837 2047 3891; x_wconf 89' lang='lat' dir='ltr'><strong>mari-</strong></span> 
     </span>
    </p>
   </div>
   <div class='ocr_carea' id='block_1_71' title="bbox 487 3927 2050 4007">
    <p class='ocr_par' dir='ltr' id='par_1_71' title="bbox 487 3927 2050 4007">
     <span class='ocr_line' id='line_1_71' title="bbox 487 3927 2050 4007; baseline -0.008 -17"><span class='ocrx_word' id='word_1_480' title='bbox 487 3945 574 3990; x_wconf 91' lang='lat' dir='ltr'><strong>tus</strong></span> <span class='ocrx_word' id='word_1_481' title='bbox 615 3935 732 4003; x_wconf 86' lang='lat' dir='ltr'><strong>ejus</strong></span> <span class='ocrx_word' id='word_1_482' title='bbox 759 3935 810 3987; x_wconf 91' lang='lat' dir='ltr'><strong>in</strong></span> <span class='ocrx_word' id='word_1_483' title='bbox 848 3935 1114 3989; x_wconf 88' lang='lat' dir='ltr'><strong>honorem</strong></span> <span class='ocrx_word' id='word_1_484' title='bbox 1150 3934 1323 3988; x_wconf 85' lang='lat' dir='ltr'><strong>sancti</strong></span> <span class='ocrx_word' id='word_1_485' title='bbox 1370 3931 1584 3984; x_wconf 83' lang='lat' dir='ltr'><strong>Martini</strong></span> <span class='ocrx_word' id='word_1_486' title='bbox 1613 3929 1792 3999; x_wconf 83' lang='grc'>(1419)</span> <span class='ocrx_word' id='word_1_487' title='bbox 1842 3927 1893 3980; x_wconf 90' lang='lat' dir='ltr'><strong>in</strong></span> <span class='ocrx_word' id='word_1_488' title='bbox 1925 3943 2050 4007; x_wconf 45' lang='lat' dir='ltr'><strong>prof</strong></span> 
     </span>
    </p>
   </div>
   <div class='ocr_carea' id='block_1_72' title="bbox 486 4017 2048 4102">
    <p class='ocr_par' dir='ltr' id='par_1_72' title="bbox 486 4017 2048 4102">
     <span class='ocr_line' id='line_1_72' title="bbox 486 4017 2048 4102; baseline -0.006 -21"><span class='ocrx_word' id='word_1_489' title='bbox 486 4029 606 4097; x_wconf 91' lang='lat' dir='ltr'><strong>prio</strong></span> <span class='ocrx_word' id='word_1_490' title='bbox 635 4029 832 4081; x_wconf 86' lang='lat' dir='ltr'><strong>allodio</strong></span> <span class='ocrx_word' id='word_1_491' title='bbox 860 4029 1184 4093; x_wconf 81' lang='lat' dir='ltr'><strong>construxit,</strong></span> <span class='ocrx_word' id='word_1_492' title='bbox 1215 4042 1245 4081; x_wconf 90' lang='lat' dir='ltr'><strong>a</strong></span> <span class='ocrx_word' id='word_1_493' title='bbox 1282 4023 1601 4102; x_wconf 81' lang='lat' dir='ltr'><strong>Gebehardo</strong></span> <span class='ocrx_word' id='word_1_494' title='bbox 1647 4017 2048 4075; x_wconf 89' lang='lat' dir='ltr'><strong>Constantiensi</strong></span> 
     </span>
    </p>
   </div>
   <div class='ocr_carea' id='block_1_73' title="bbox 485 4109 2047 4188">
    <p class='ocr_par' dir='ltr' id='par_1_73' title="bbox 485 4109 2047 4188">
     <span class='ocr_line' id='line_1_73' title="bbox 485 4109 2047 4188; baseline -0.006 -15"><span class='ocrx_word' id='word_1_495' title='bbox 485 4121 739 4188; x_wconf 87' lang='lat' dir='ltr'><strong>episcopo</strong></span> <span class='ocrx_word' id='word_1_496' title='bbox 763 4118 1056 4172; x_wconf 85' lang='lat' dir='ltr'><strong>honoriﬁce</strong></span> <span class='ocrx_word' id='word_1_497' title='bbox 1081 4119 1367 4185; x_wconf 85' lang='lat' dir='ltr'><strong>sepelitur;</strong></span> <span class='ocrx_word' id='word_1_498' title='bbox 1393 4117 1458 4182; x_wconf 63' lang='lat' dir='ltr'><strong>ad</strong></span> <span class='ocrx_word' id='word_1_499' title='bbox 1484 4113 1628 4183; x_wconf 86' lang='lat' dir='ltr'><strong>quod</strong></span> <span class='ocrx_word' id='word_1_500' title='bbox 1662 4109 2047 4165; x_wconf 89' lang='lat' dir='ltr'><strong>monasterium</strong></span> 
     </span>
    </p>
   </div>
   <div class='ocr_carea' id='block_1_74' title="bbox 489 4193 2048 4274">
    <p class='ocr_par' dir='ltr' id='par_1_74' title="bbox 489 4193 2048 4274">
     <span class='ocr_line' id='line_1_74' title="bbox 489 4193 2048 4274; baseline -0.006 -16"><span class='ocrx_word' id='word_1_501' title='bbox 489 4208 716 4259; x_wconf 88' lang='lat' dir='ltr'><strong>maritus</strong></span> <span class='ocrx_word' id='word_1_502' title='bbox 747 4209 864 4274; x_wconf 89' lang='lat' dir='ltr'><strong>ejus</strong></span> <span class='ocrx_word' id='word_1_503' title='bbox 885 4205 994 4258; x_wconf 78' lang='lat' dir='ltr'><strong>dux</strong></span> <span class='ocrx_word' id='word_1_504' title='bbox 1021 4193 1293 4273; x_wconf 82' lang='lat' dir='ltr'><strong>capellam</strong></span> <span class='ocrx_word' id='word_1_505' title='bbox 1319 4202 1499 4272; x_wconf 76' lang='grc'>(1420)</span> <span class='ocrx_word' id='word_1_506' title='bbox 1547 4199 1733 4268; x_wconf 22' lang='lat' dir='ltr'><strong>ipsius,</strong></span> <span class='ocrx_word' id='word_1_507' title='bbox 1757 4196 2048 4262; x_wconf 87' lang='lat' dir='ltr'><strong>tradididit,</strong></span> 
     </span>
    </p>
   </div>
   <div class='ocr_carea' id='block_1_75' title="bbox 491 4288 2052 4366">
    <p class='ocr_par' dir='ltr' id='par_1_75' title="bbox 491 4288 2052 4366">
     <span class='ocr_line' id='line_1_75' title="bbox 491 4288 2052 4366; baseline -0.004 -23"><span class='ocrx_word' id='word_1_508' title='bbox 491 4309 610 4360; x_wconf 64' lang='lat' dir='ltr'><strong>quae</strong></span> <span class='ocrx_word' id='word_1_509' title='bbox 635 4295 686 4346; x_wconf 92' lang='lat' dir='ltr'><strong>in</strong></span> <span class='ocrx_word' id='word_1_510' title='bbox 716 4310 847 4348; x_wconf 85' lang='lat' dir='ltr'><strong>auro</strong></span> <span class='ocrx_word' id='word_1_511' title='bbox 874 4305 926 4348; x_wconf 87' lang='lat' dir='ltr'><strong>et</strong></span> <span class='ocrx_word' id='word_1_512' title='bbox 978 4302 1201 4366; x_wconf 80' lang='lat' dir='ltr'><strong>argento</strong></span> <span class='ocrx_word' id='word_1_513' title='bbox 1241 4301 1293 4346; x_wconf 91' lang='lat' dir='ltr'><strong>ct</strong></span> <span class='ocrx_word' id='word_1_514' title='bbox 1327 4288 1741 4366; x_wconf 64' lang='lat' dir='ltr'><strong>preciosissimjs</strong></span> <span class='ocrx_word' id='word_1_515' title='bbox 1765 4299 2052 4355; x_wconf 84' lang='lat' dir='ltr'><strong>paramen-</strong></span> 
     </span>
    </p>
   </div>
   <div class='ocr_carea' id='block_1_76' title="bbox 495 4372 2053 4450">
    <p class='ocr_par' dir='ltr' id='par_1_76' title="bbox 495 4372 2053 4450">
     <span class='ocr_line' id='line_1_76' title="bbox 495 4372 2053 4450; baseline -0.005 -18"><span class='ocrx_word' id='word_1_516' title='bbox 495 4381 562 4434; x_wconf 91' lang='lat' dir='ltr'><strong>tis</strong></span> <span class='ocrx_word' id='word_1_517' title='bbox 586 4381 728 4432; x_wconf 91' lang='lat' dir='ltr'><strong>mille</strong></span> <span class='ocrx_word' id='word_1_518' title='bbox 763 4383 928 4436; x_wconf 89' lang='lat' dir='ltr'><strong>libras</strong></span> <span class='ocrx_word' id='word_1_519' title='bbox 964 4372 1099 4450; x_wconf 84' lang='lat' dir='ltr'><strong>pene</strong></span> <span class='ocrx_word' id='word_1_520' title='bbox 1128 4381 1316 4445; x_wconf 88' lang='lat' dir='ltr'><strong>valuit,</strong></span> <span class='ocrx_word' id='word_1_521' title='bbox 1370 4379 1616 4446; x_wconf 86' lang='lat' dir='ltr'><strong>idemque</strong></span> <span class='ocrx_word' id='word_1_522' title='bbox 1665 4372 2053 4428; x_wconf 74' lang='lat' dir='ltr'><strong>monasterium</strong></span> 
     </span>
    </p>
   </div>
   <div class='ocr_carea' id='block_1_77' title="bbox 493 4460 2048 4536">
    <p class='ocr_par' dir='ltr' id='par_1_77' title="bbox 493 4460 2048 4536">
     <span class='ocr_line' id='line_1_77' title="bbox 493 4460 2048 4536; baseline -0.005 -16"><span class='ocrx_word' id='word_1_523' title='bbox 493 4468 548 4521; x_wconf 92' lang='lat' dir='ltr'><strong>in</strong></span> <span class='ocrx_word' id='word_1_524' title='bbox 576 4468 1010 4535; x_wconf 87' lang='lat' dir='ltr'><strong>possessionibus</strong></span> <span class='ocrx_word' id='word_1_525' title='bbox 1034 4477 1247 4520; x_wconf 91' lang='lat' dir='ltr'><strong>centum</strong></span> <span class='ocrx_word' id='word_1_526' title='bbox 1289 4482 1424 4536; x_wconf 89' lang='lat' dir='ltr'><strong>pene</strong></span> <span class='ocrx_word' id='word_1_527' title='bbox 1466 4464 1670 4519; x_wconf 88' lang='lat' dir='ltr'><strong>mansis</strong></span> <span class='ocrx_word' id='word_1_528' title='bbox 1715 4460 2048 4526; x_wconf 83' lang='lat' dir='ltr'><strong>melioravit;</strong></span> 
     </span>
    </p>
   </div>
   <div class='ocr_carea' id='block_1_78' title="bbox 493 4552 2051 4635">
    <p class='ocr_par' dir='ltr' id='par_1_78' title="bbox 493 4552 2051 4635">
     <span class='ocr_line' id='line_1_78' title="bbox 493 4552 2051 4635; baseline -0.004 -25"><span class='ocrx_word' id='word_1_529' title='bbox 493 4557 677 4626; x_wconf 87' lang='lat' dir='ltr'><strong>sicque</strong></span> <span class='ocrx_word' id='word_1_530' title='bbox 708 4555 1047 4608; x_wconf 74' lang='lat' dir='ltr'><strong>melioratum</strong></span> <span class='ocrx_word' id='word_1_531' title='bbox 1094 4562 1149 4605; x_wconf 88' lang='lat' dir='ltr'><strong>et</strong></span> <span class='ocrx_word' id='word_1_532' title='bbox 1189 4555 1274 4618; x_wconf 51' lang='lat' dir='ltr'><strong>de.</strong></span> <span class='ocrx_word' id='word_1_533' title='bbox 1296 4570 1392 4606; x_wconf 92' lang='lat' dir='ltr'><strong>sua</strong></span> <span class='ocrx_word' id='word_1_534' title='bbox 1444 4563 1707 4622; x_wconf 82' lang='lat' dir='ltr'><strong>potestate</strong></span> <span class='ocrx_word' id='word_1_535' title='bbox 1743 4552 2051 4635; x_wconf 84' lang='lat' dir='ltr'><strong>emancipa-</strong></span> 
     </span>
    </p>
   </div>
   <div class='ocr_carea' id='block_1_79' title="bbox 492 4643 2052 4710">
    <p class='ocr_par' dir='ltr' id='par_1_79' title="bbox 492 4643 2052 4710">
     <span class='ocr_line' id='line_1_79' title="bbox 492 4643 2052 4710; baseline -0.005 -7"><span class='ocrx_word' id='word_1_536' title='bbox 492 4657 606 4703; x_wconf 91' lang='lat' dir='ltr'><strong>tum</strong></span> <span class='ocrx_word' id='word_1_537' title='bbox 637 4656 824 4703; x_wconf 89' lang='lat' dir='ltr'><strong>sancto</strong></span> <span class='ocrx_word' id='word_1_538' title='bbox 851 4645 1010 4700; x_wconf 88' lang='lat' dir='ltr'><strong>Petro</strong></span> <span class='ocrx_word' id='word_1_539' title='bbox 1031 4643 1131 4697; x_wconf 88' lang='lat' dir='ltr'><strong>sub</strong></span> <span class='ocrx_word' id='word_1_540' title='bbox 1151 4643 1273 4710; x_wconf 88' lang='lat' dir='ltr'><strong>jure</strong></span> <span class='ocrx_word' id='word_1_541' title='bbox 1288 4643 1574 4699; x_wconf 82' lang='lat' dir='ltr'><strong>tributario</strong></span> <span class='ocrx_word' id='word_1_542' title='bbox 1615 4643 1958 4708; x_wconf 63' lang='lat' dir='ltr'><strong>contradidit,</strong></span> <span class='ocrx_word' id='word_1_543' title='bbox 1991 4650 2052 4695; x_wconf 90' lang='lat' dir='ltr'><strong>ut</strong></span> 
     </span>
    </p>
   </div>
   <div class='ocr_carea' id='block_1_80' title="bbox 435 4717 2054 4819">
    <p class='ocr_par' dir='ltr' id='par_1_80' title="bbox 435 4717 2054 4819">
     <span class='ocr_line' id='line_1_80' title="bbox 435 4717 2054 4819; baseline -0.007 -24"><span class='ocrx_word' id='word_1_544' title='bbox 435 4717 440 4720; x_wconf 12' lang='lat' dir='ltr'><strong>i</strong></span> <span class='ocrx_word' id='word_1_545' title='bbox 494 4740 800 4810; x_wconf 72' lang='lat' dir='ltr'><strong>apostolica:</strong></span> <span class='ocrx_word' id='word_1_546' title='bbox 823 4737 934 4791; x_wconf 80' lang='lat' dir='ltr'><strong>sedi</strong></span> <span class='ocrx_word' id='word_1_547' title='bbox 958 4734 1210 4803; x_wconf 86' lang='lat' dir='ltr'><strong>deinceps</strong></span> <span class='ocrx_word' id='word_1_548' title='bbox 1236 4731 1604 4802; x_wconf 87' lang='lat' dir='ltr'><strong>principaliter</strong></span> <span class='ocrx_word' id='word_1_549' title='bbox 1651 4731 1973 4799; x_wconf 85' lang='lat' dir='ltr'><strong>subjaccret,</strong></span> <span class='ocrx_word' id='word_1_550' title='bbox 1999 4739 2054 4819; x_wconf 83' lang='lat' dir='ltr'><strong>et</strong></span> 
     </span>
    </p>
   </div>
   <div class='ocr_carea' id='block_1_81' title="bbox 495 4820 2055 4897">
    <p class='ocr_par' dir='ltr' id='par_1_81' title="bbox 495 4820 2055 4897">
     <span class='ocr_line' id='line_1_81' title="bbox 495 4820 2055 4897; baseline -0.007 -13"><span class='ocrx_word' id='word_1_551' title='bbox 495 4830 598 4884; x_wconf 86' lang='lat' dir='ltr'><strong>sub</strong></span> <span class='ocrx_word' id='word_1_552' title='bbox 627 4829 743 4897; x_wconf 88' lang='lat' dir='ltr'><strong>ejus</strong></span> <span class='ocrx_word' id='word_1_553' title='bbox 764 4827 1095 4889; x_wconf 82' lang='lat' dir='ltr'><strong>defensione,</strong></span> <span class='ocrx_word' id='word_1_554' title='bbox 1126 4833 1188 4878; x_wconf 91' lang='lat' dir='ltr'><strong>ut</strong></span> <span class='ocrx_word' id='word_1_555' title='bbox 1213 4823 1315 4876; x_wconf 87' lang='lat' dir='ltr'><strong>alia</strong></span> <span class='ocrx_word' id='word_1_556' title='bbox 1357 4823 1521 4876; x_wconf 89' lang='lat' dir='ltr'><strong>libera</strong></span> <span class='ocrx_word' id='word_1_557' title='bbox 1563 4820 1909 4883; x_wconf 85' lang='lat' dir='ltr'><strong>monasteria,</strong></span> <span class='ocrx_word' id='word_1_558' title='bbox 1932 4820 2055 4887; x_wconf 88' lang='lat' dir='ltr'><strong>jure</strong></span> 
     </span>
    </p>
   </div>
   <div class='ocr_carea' id='block_1_82' title="bbox 497 4908 2055 4983">
    <p class='ocr_par' dir='ltr' id='par_1_82' title="bbox 497 4908 2055 4983">
     <span class='ocr_line' id='line_1_82' title="bbox 497 4908 2055 4983; baseline -0.005 -15"><span class='ocrx_word' id='word_1_559' title='bbox 497 4923 752 4983; x_wconf 88' lang='lat' dir='ltr'><strong>perpetuo</strong></span> <span class='ocrx_word' id='word_1_560' title='bbox 793 4913 1034 4982; x_wconf 88' lang='lat' dir='ltr'><strong>polleret.</strong></span> <span class='ocrx_word' id='word_1_561' title='bbox 1063 4911 1302 4966; x_wconf 90' lang='lat' dir='ltr'><strong>Domnus</strong></span> <span class='ocrx_word' id='word_1_562' title='bbox 1324 4909 1459 4980; x_wconf 84' lang='lat' dir='ltr'><strong>papa</strong></span> <span class='ocrx_word' id='word_1_563' title='bbox 1508 4908 1692 4963; x_wconf 58' lang='lat' dir='ltr'><strong>Romae</strong></span> <span class='ocrx_word' id='word_1_564' title='bbox 1742 4922 1906 4977; x_wconf 88' lang='lat' dir='ltr'><strong>prope</strong></span> <span class='ocrx_word' id='word_1_565' title='bbox 1929 4923 2055 4961; x_wconf 90' lang='lat' dir='ltr'><strong>san-</strong></span> 
     </span>
    </p>
   </div>
   <div class='ocr_carea' id='block_1_83' title="bbox 497 4998 2056 5070">
    <p class='ocr_par' dir='ltr' id='par_1_83' title="bbox 497 4998 2056 5070">
     <span class='ocr_line' id='line_1_83' title="bbox 497 4998 2056 5070; baseline -0.003 -15"><span class='ocrx_word' id='word_1_566' title='bbox 497 5011 639 5055; x_wconf 89' lang='lat' dir='ltr'><strong>ctam</strong></span> <span class='ocrx_word' id='word_1_567' title='bbox 667 5000 889 5054; x_wconf 81' lang='lat' dir='ltr'><strong>Mariam</strong></span> <span class='ocrx_word' id='word_1_568' title='bbox 916 5015 1112 5054; x_wconf 86' lang='lat' dir='ltr'><strong>novam</strong></span> <span class='ocrx_word' id='word_1_569' title='bbox 1138 5000 1207 5031; x_wconf 85' lang='grc'><strong>⁶⁰⁰</strong></span> <span class='ocrx_word' id='word_1_570' title='bbox 1252 5000 1307 5053; x_wconf 91' lang='lat' dir='ltr'><strong>in</strong></span> <span class='ocrx_word' id='word_1_571' title='bbox 1336 5001 1568 5070; x_wconf 75' lang='lat' dir='ltr'><strong>quadam</strong></span> <span class='ocrx_word' id='word_1_572' title='bbox 1599 4998 1909 5052; x_wconf 80' lang='lat' dir='ltr'><strong>ﬁrmissima</strong></span> <span class='ocrx_word' id='word_1_573' title='bbox 1934 5013 2056 5050; x_wconf 58' lang='lat' dir='ltr'><strong>mur</strong></span> 
     </span>
    </p>
   </div>
   <div class='ocr_carea' id='block_1_84' title="bbox 2149 3298 3720 3364">
    <p class='ocr_par' dir='ltr' id='par_1_84' title="bbox 2149 3298 3720 3364">
     <span class='ocr_line' id='line_1_84' title="bbox 2149 3298 3720 3364; baseline 0.008 -13"><span class='ocrx_word' id='word_1_574' title='bbox 2149 3313 2257 3352; x_wconf 86' lang='lat' dir='ltr'><strong>non</strong></span> <span class='ocrx_word' id='word_1_575' title='bbox 2286 3298 2615 3353; x_wconf 81' lang='lat' dir='ltr'><strong>astrinxerit.</strong></span> <span class='ocrx_word' id='word_1_576' title='bbox 2648 3299 2998 3357; x_wconf 85' lang='lat' dir='ltr'><strong>Gebehardus</strong></span> <span class='ocrx_word' id='word_1_577' title='bbox 3021 3303 3460 3362; x_wconf 78' lang='lat' dir='ltr'><strong>Constantiensis</strong></span> <span class='ocrx_word' id='word_1_578' title='bbox 3489 3309 3720 3364; x_wconf 78' lang='lat' dir='ltr'><strong>:eclesizn</strong></span> 
     </span>
    </p>
   </div>
   <div class='ocr_carea' id='block_1_85' title="bbox 2146 3389 3719 3468">
    <p class='ocr_par' dir='ltr' id='par_1_85' title="bbox 2146 3389 3719 3468">
     <span class='ocr_line' id='line_1_85' title="bbox 2146 3389 3719 3468; baseline 0.008 -25"><span class='ocrx_word' id='word_1_579' title='bbox 2146 3389 2430 3458; x_wconf 84' lang='lat' dir='ltr'><strong>episcopus</strong></span> <span class='ocrx_word' id='word_1_580' title='bbox 2476 3406 2724 3462; x_wconf 81' lang='lat' dir='ltr'><strong>magnam</strong></span> <span class='ocrx_word' id='word_1_581' title='bbox 2757 3393 3006 3448; x_wconf 89' lang='lat' dir='ltr'><strong>sinodnm</strong></span> <span class='ocrx_word' id='word_1_582' title='bbox 3029 3393 3359 3462; x_wconf 69' lang='lat' dir='ltr'><strong>Constantia:</strong></span> <span class='ocrx_word' id='word_1_583' title='bbox 3387 3397 3442 3450; x_wconf 92' lang='lat' dir='ltr'><strong>in</strong></span> <span class='ocrx_word' id='word_1_584' title='bbox 3465 3400 3719 3468; x_wconf 82' lang='lat' dir='ltr'><strong>rpdoma-</strong></span> 
     </span>
    </p>
   </div>
   <div class='ocr_carea' id='block_1_86' title="bbox 2147 3479 3721 3550">
    <p class='ocr_par' dir='ltr' id='par_1_86' title="bbox 2147 3479 3721 3550">
     <span class='ocr_line' id='line_1_86' title="bbox 2147 3479 3721 3550; baseline 0.008 -18"><span class='ocrx_word' id='word_1_585' title='bbox 2147 3479 2213 3533; x_wconf 90' lang='lat' dir='ltr'><strong>da</strong></span> <span class='ocrx_word' id='word_1_586' title='bbox 2239 3479 2431 3548; x_wconf 90' lang='lat' dir='ltr'><strong>majori</strong></span> <span class='ocrx_word' id='word_1_587' title='bbox 2459 3490 2582 3534; x_wconf 89' lang='lat' dir='ltr'><strong>ante</strong></span> <span class='ocrx_word' id='word_1_588' title='bbox 2601 3482 2800 3550; x_wconf 75' lang='lat' dir='ltr'><strong>pascha</strong></span> <span class='ocrx_word' id='word_1_589' title='bbox 2822 3500 2947 3539; x_wconf 91' lang='lat' dir='ltr'><strong>cum</strong></span> <span class='ocrx_word' id='word_1_590' title='bbox 2977 3482 3264 3541; x_wconf 86' lang='lat' dir='ltr'><strong>abbatibus</strong></span> <span class='ocrx_word' id='word_1_591' title='bbox 3297 3498 3353 3541; x_wconf 91' lang='lat' dir='ltr'><strong>et</strong></span> <span class='ocrx_word' id='word_1_592' title='bbox 3393 3490 3608 3546; x_wconf 87' lang='lat' dir='ltr'><strong>clericis</strong></span> <span class='ocrx_word' id='word_1_593' title='bbox 3630 3492 3721 3545; x_wconf 86' lang='lat' dir='ltr'><strong>in-</strong></span> 
     </span>
    </p>
   </div>
   <div class='ocr_carea' id='block_1_87' title="bbox 2147 3571 3722 3650">
    <p class='ocr_par' dir='ltr' id='par_1_87' title="bbox 2147 3571 3722 3650">
     <span class='ocr_line' id='line_1_87' title="bbox 2147 3571 3722 3650; baseline 0.009 -27"><span class='ocrx_word' id='word_1_594' title='bbox 2147 3571 2594 3636; x_wconf 80' lang='lat' dir='ltr'><strong>numerabilibus,</strong></span> <span class='ocrx_word' id='word_1_595' title='bbox 2625 3582 2678 3626; x_wconf 92' lang='lat' dir='ltr'><strong>et</strong></span> <span class='ocrx_word' id='word_1_596' title='bbox 2708 3589 2829 3627; x_wconf 89' lang='lat' dir='ltr'><strong>cum</strong></span> <span class='ocrx_word' id='word_1_597' title='bbox 2863 3575 3131 3644; x_wconf 64' lang='lat' dir='ltr'><strong>praedictis</strong></span> <span class='ocrx_word' id='word_1_598' title='bbox 3158 3578 3386 3646; x_wconf 83' lang='lat' dir='ltr'><strong>ducibus</strong></span> <span class='ocrx_word' id='word_1_599' title='bbox 3417 3588 3471 3633; x_wconf 90' lang='lat' dir='ltr'><strong>et</strong></span> <span class='ocrx_word' id='word_1_600' title='bbox 3491 3581 3722 3650; x_wconf 79' lang='lat' dir='ltr'><strong>reliquis</strong></span> 
     </span>
    </p>
   </div>
   <div class='ocr_carea' id='block_1_88' title="bbox 2147 3658 3717 3738">
    <p class='ocr_par' dir='ltr' id='par_1_88' title="bbox 2147 3658 3717 3738">
     <span class='ocr_line' id='line_1_88' title="bbox 2147 3658 3717 3738; baseline 0.008 -27"><span class='ocrx_word' id='word_1_601' title='bbox 2147 3658 2478 3712; x_wconf 68' lang='lat' dir='ltr'><strong>Alemannite</strong></span> <span class='ocrx_word' id='word_1_602' title='bbox 2514 3660 2846 3728; x_wconf 91' lang='lat' dir='ltr'><strong>principibus</strong></span> <span class='ocrx_word' id='word_1_603' title='bbox 2893 3667 3152 3720; x_wconf 89' lang='lat' dir='ltr'><strong>canonice</strong></span> <span class='ocrx_word' id='word_1_604' title='bbox 3189 3666 3478 3721; x_wconf 77' lang='lat' dir='ltr'><strong>celebravit</strong></span> <span class='ocrx_word' id='word_1_605' title='bbox 3520 3668 3717 3738; x_wconf 78' lang='lat' dir='ltr'><strong>(April.</strong></span> 
     </span>
    </p>
   </div>
   <div class='ocr_carea' id='block_1_89' title="bbox 2149 3741 3717 3832">
    <p class='ocr_par' dir='ltr' id='par_1_89' title="bbox 2149 3741 3717 3832">
     <span class='ocr_line' id='line_1_89' title="bbox 2149 3741 3717 3832; baseline 0.011 -35"><span class='ocrx_word' id='word_1_606' title='bbox 2149 3747 2300 3816; x_wconf 62' lang='lat' dir='ltr'><strong>ina),</strong></span> <span class='ocrx_word' id='word_1_607' title='bbox 2327 3748 2507 3816; x_wconf 88' lang='lat' dir='ltr'><strong>ibique</strong></span> <span class='ocrx_word' id='word_1_608' title='bbox 2547 3750 2715 3804; x_wconf 91' lang='lat' dir='ltr'><strong>multa</strong></span> <span class='ocrx_word' id='word_1_609' title='bbox 2743 3767 2862 3820; x_wconf 79' lang='lat' dir='ltr'><strong>qua:</strong></span> <span class='ocrx_word' id='word_1_610' title='bbox 2897 3743 3214 3824; x_wconf 78' lang='lat' dir='ltr'><strong>corrigenda</strong></span> <span class='ocrx_word' id='word_1_611' title='bbox 3259 3741 3420 3832; x_wconf 8' lang='lat' dir='ltr'><strong>erant}</strong></span> <span class='ocrx_word' id='word_1_612' title='bbox 3458 3760 3717 3815; x_wconf 80' lang='lat' dir='ltr'><strong>correxit.</strong></span> 
     </span>
    </p>
   </div>
   <div class='ocr_carea' id='block_1_90' title="bbox 2150 3835 3718 3916">
    <p class='ocr_par' dir='ltr' id='par_1_90' title="bbox 2150 3835 3718 3916">
     <span class='ocr_line' id='line_1_90' title="bbox 2150 3835 3718 3916; baseline 0.011 -28"><span class='ocrx_word' id='word_1_613' title='bbox 2150 3835 2225 3890; x_wconf 89' lang='lat' dir='ltr'><strong>Ibi</strong></span> <span class='ocrx_word' id='word_1_614' title='bbox 2251 3837 2412 3891; x_wconf 88' lang='lat' dir='ltr'><strong>etiam</strong></span> <span class='ocrx_word' id='word_1_615' title='bbox 2441 3839 2887 3895; x_wconf 73' lang='lat' dir='ltr'><strong>incontinentiam</strong></span> <span class='ocrx_word' id='word_1_616' title='bbox 2928 3843 2997 3874; x_wconf 61' lang='grc'><strong>⁸⁸⁸</strong></span> <span class='ocrx_word' id='word_1_617' title='bbox 3025 3843 3459 3916; x_wconf 81' lang='lat' dir='ltr'><strong>presbyterorum</strong></span> <span class='ocrx_word' id='word_1_618' title='bbox 3498 3856 3555 3902; x_wconf 86' lang='lat' dir='ltr'><strong>et</strong></span> <span class='ocrx_word' id='word_1_619' title='bbox 3594 3851 3718 3906; x_wconf 83' lang='lat' dir='ltr'><strong>vio-</strong></span> 
     </span>
    </p>
   </div>
   <div class='ocr_carea' id='block_1_91' title="bbox 2148 3926 3721 4010">
    <p class='ocr_par' dir='ltr' id='par_1_91' title="bbox 2148 3926 3721 4010">
     <span class='ocr_line' id='line_1_91' title="bbox 2148 3926 3721 4010; baseline 0.01 -31"><span class='ocrx_word' id='word_1_620' title='bbox 2148 3926 2366 3980; x_wconf 87' lang='lat' dir='ltr'><strong>lentiam</strong></span> <span class='ocrx_word' id='word_1_621' title='bbox 2401 3929 2820 3984; x_wconf 84' lang='lat' dir='ltr'><strong>simoniaeornm</strong></span> <span class='ocrx_word' id='word_1_622' title='bbox 2849 3932 2983 3986; x_wconf 77' lang='lat' dir='ltr'><strong>aleo</strong></span> <span class='ocrx_word' id='word_1_623' title='bbox 3019 3934 3314 4003; x_wconf 69' lang='lat' dir='ltr'><strong>prohibuit,</strong></span> <span class='ocrx_word' id='word_1_624' title='bbox 3341 3946 3402 3992; x_wconf 90' lang='lat' dir='ltr'><strong>ut</strong></span> <span class='ocrx_word' id='word_1_625' title='bbox 3433 3940 3597 3994; x_wconf 69' lang='lat' dir='ltr'><strong>etiam</strong></span> <span class='ocrx_word' id='word_1_626' title='bbox 3619 3956 3721 4010; x_wconf 83' lang='lat' dir='ltr'><strong>po-</strong></span> 
     </span>
    </p>
   </div>
   <div class='ocr_carea' id='block_1_92' title="bbox 2151 4016 3719 4098">
    <p class='ocr_par' dir='ltr' id='par_1_92' title="bbox 2151 4016 3719 4098">
     <span class='ocr_line' id='line_1_92' title="bbox 2151 4016 3719 4098; baseline 0.01 -30"><span class='ocrx_word' id='word_1_627' title='bbox 2151 4016 2336 4086; x_wconf 86' lang='lat' dir='ltr'><strong>pulum</strong></span> <span class='ocrx_word' id='word_1_628' title='bbox 2369 4017 2437 4072; x_wconf 91' lang='lat' dir='ltr'><strong>ab</strong></span> <span class='ocrx_word' id='word_1_629' title='bbox 2457 4034 2644 4073; x_wconf 88' lang='lat' dir='ltr'><strong>eorum</strong></span> <span class='ocrx_word' id='word_1_630' title='bbox 2667 4020 2842 4074; x_wconf 82' lang='lat' dir='ltr'><strong>oliicio</strong></span> <span class='ocrx_word' id='word_1_631' title='bbox 2891 4024 3104 4092; x_wconf 84' lang='lat' dir='ltr'><strong>penitus</strong></span> <span class='ocrx_word' id='word_1_632' title='bbox 3158 4025 3477 4081; x_wconf 67' lang='lat' dir='ltr'><strong>sub&#39;banno</strong></span> <span class='ocrx_word' id='word_1_633' title='bbox 3525 4030 3719 4098; x_wconf 80' lang='lat' dir='ltr'><strong>probi-</strong></span> 
     </span>
    </p>
   </div>
   <div class='ocr_carea' id='block_1_93' title="bbox 2151 4107 3723 4184">
    <p class='ocr_par' dir='ltr' id='par_1_93' title="bbox 2151 4107 3723 4184">
     <span class='ocr_line' id='line_1_93' title="bbox 2151 4107 3723 4184; baseline 0.008 -23"><span class='ocrx_word' id='word_1_634' title='bbox 2151 4107 2376 4174; x_wconf 86' lang='lat' dir='ltr'><strong>buissct,</strong></span> <span class='ocrx_word' id='word_1_635' title='bbox 2413 4111 2460 4164; x_wconf 90' lang='lat' dir='ltr'><strong>si</strong></span> <span class='ocrx_word' id='word_1_636' title='bbox 2492 4111 2595 4179; x_wconf 89' lang='lat' dir='ltr'><strong>ipsi</strong></span> <span class='ocrx_word' id='word_1_637' title='bbox 2617 4111 2670 4164; x_wconf 93' lang='lat' dir='ltr'><strong>in</strong></span> <span class='ocrx_word' id='word_1_638' title='bbox 2691 4112 2782 4166; x_wconf 91' lang='lat' dir='ltr'><strong>tali</strong></span> <span class='ocrx_word' id='word_1_639' title='bbox 2815 4111 3059 4168; x_wconf 86' lang='lat' dir='ltr'><strong>facinore</strong></span> <span class='ocrx_word' id='word_1_640' title='bbox 3086 4116 3250 4184; x_wconf 89' lang='lat' dir='ltr'><strong>positi</strong></span> <span class='ocrx_word' id='word_1_641' title='bbox 3297 4125 3487 4172; x_wconf 89' lang='lat' dir='ltr'><strong>contra</strong></span> <span class='ocrx_word' id='word_1_642' title='bbox 3539 4118 3622 4173; x_wconf 86' lang='lat' dir='ltr'><strong>fas</strong></span> <span class='ocrx_word' id='word_1_643' title='bbox 3663 4128 3723 4174; x_wconf 87' lang='lat' dir='ltr'><strong>et</strong></span> 
     </span>
    </p>
   </div>
   <div class='ocr_carea' id='block_1_94' title="bbox 2147 4195 3720 4271">
    <p class='ocr_par' dir='ltr' id='par_1_94' title="bbox 2147 4195 3720 4271">
     <span class='ocr_line' id='line_1_94' title="bbox 2147 4195 3720 4271; baseline 0.011 -24"><span class='ocrx_word' id='word_1_644' title='bbox 2147 4195 2238 4263; x_wconf 87' lang='lat' dir='ltr'><strong>jus</strong></span> <span class='ocrx_word' id='word_1_645' title='bbox 2283 4198 2595 4263; x_wconf 82' lang='lat' dir='ltr'><strong>ministrare</strong></span> <span class='ocrx_word' id='word_1_646' title='bbox 2648 4203 3134 4271; x_wconf 74' lang='lat' dir='ltr'><strong>praesumpsissent.</strong></span> <span class='ocrx_word' id='word_1_647' title='bbox 3198 4203 3396 4259; x_wconf 82' lang='lat' dir='ltr'><strong>Statuit</strong></span> <span class='ocrx_word' id='word_1_648' title='bbox 3435 4207 3598 4262; x_wconf 88' lang='lat' dir='ltr'><strong>etiam</strong></span> <span class='ocrx_word' id='word_1_649' title='bbox 3642 4209 3720 4264; x_wconf 85' lang='lat' dir='ltr'><strong>ibi</strong></span> 
     </span>
    </p>
   </div>
   <div class='ocr_carea' id='block_1_95' title="bbox 2148 4281 3762 4363">
    <p class='ocr_par' dir='ltr' id='par_1_95' title="bbox 2148 4281 3762 4363">
     <span class='ocr_line' id='line_1_95' title="bbox 2148 4281 3762 4363; baseline 0.012 -31"><span class='ocrx_word' id='word_1_650' title='bbox 2148 4281 2299 4349; x_wconf 77' lang='lat' dir='ltr'><strong>juxta</strong></span> <span class='ocrx_word' id='word_1_651' title='bbox 2329 4291 2872 4352; x_wconf 23' lang='lat' dir='ltr'><strong>statuta-“sanctorum</strong></span> <span class='ocrx_word' id='word_1_652' title='bbox 2899 4286 3136 4358; x_wconf 77' lang='lat' dir='ltr'><strong>patrum,</strong></span> <span class='ocrx_word' id='word_1_653' title='bbox 3165 4302 3226 4347; x_wconf 91' lang='lat' dir='ltr'><strong>ut</strong></span> <span class='ocrx_word' id='word_1_654' title='bbox 3244 4293 3512 4363; x_wconf 89' lang='lat' dir='ltr'><strong>jejunium</strong></span> <span class='ocrx_word' id='word_1_655' title='bbox 3541 4291 3720 4351; x_wconf 70' lang='lat' dir='ltr'><strong>Martii</strong></span> <span class='ocrx_word' id='word_1_656' title='bbox 3757 4324 3762 4328; x_wconf 87' lang='lat'><strong>-</strong></span> 
     </span>
    </p>
   </div>
   <div class='ocr_carea' id='block_1_96' title="bbox 2153 4371 3720 4451">
    <p class='ocr_par' dir='ltr' id='par_1_96' title="bbox 2153 4371 3720 4451">
     <span class='ocr_line' id='line_1_96' title="bbox 2153 4371 3720 4451; baseline 0.011 -28"><span class='ocrx_word' id='word_1_657' title='bbox 2153 4371 2207 4423; x_wconf 91' lang='lat' dir='ltr'><strong>in</strong></span> <span class='ocrx_word' id='word_1_658' title='bbox 2238 4371 2408 4440; x_wconf 86' lang='lat' dir='ltr'><strong>prima</strong></span> <span class='ocrx_word' id='word_1_659' title='bbox 2430 4373 2724 4442; x_wconf 69' lang='lat' dir='ltr'><strong>epilomada</strong></span> <span class='ocrx_word' id='word_1_660' title='bbox 2755 4375 3201 4446; x_wconf 60' lang='lat' dir='ltr'><strong>quadragesima,</strong></span> <span class='ocrx_word' id='word_1_661' title='bbox 3247 4389 3302 4434; x_wconf 91' lang='lat' dir='ltr'><strong>et</strong></span> <span class='ocrx_word' id='word_1_662' title='bbox 3326 4383 3595 4451; x_wconf 87' lang='lat' dir='ltr'><strong>jejunium</strong></span> <span class='ocrx_word' id='word_1_663' title='bbox 3621 4385 3720 4440; x_wconf 79' lang='lat' dir='ltr'><strong>Ju-</strong></span> 
     </span>
    </p>
   </div>
   <div class='ocr_carea' id='block_1_97' title="bbox 2155 4451 3720 4537">
    <p class='ocr_par' dir='ltr' id='par_1_97' title="bbox 2155 4451 3720 4537">
     <span class='ocr_line' id='line_1_97' title="bbox 2155 4451 3720 4537; baseline 0.009 -24"><span class='ocrx_word' id='word_1_664' title='bbox 2155 4461 2230 4514; x_wconf 92' lang='lat' dir='ltr'><strong>nii</strong></span> <span class='ocrx_word' id='word_1_665' title='bbox 2252 4462 2304 4513; x_wconf 89' lang='lat' dir='ltr'><strong>iu</strong></span> <span class='ocrx_word' id='word_1_666' title='bbox 2322 4462 2616 4530; x_wconf 74' lang='lat' dir='ltr'><strong>cpdomada</strong></span> <span class='ocrx_word' id='word_1_667' title='bbox 2639 4473 2974 4533; x_wconf 84' lang='lat' dir='ltr'><strong>pentecostes</strong></span> <span class='ocrx_word' id='word_1_668' title='bbox 2990 4451 3200 4537; x_wconf 60' lang='lat' dir='ltr'><strong>semper</strong></span> <span class='ocrx_word' id='word_1_669' title='bbox 3213 4471 3572 4525; x_wconf 88' lang='lat' dir='ltr'><strong>celebrentur.</strong></span> <span class='ocrx_word' id='word_1_670' title='bbox 3586 4473 3720 4528; x_wconf 83' lang='lat' dir='ltr'><strong>Item</strong></span> 
     </span>
    </p>
   </div>
   <div class='ocr_carea' id='block_1_98' title="bbox 2156 4550 3719 4632">
    <p class='ocr_par' dir='ltr' id='par_1_98' title="bbox 2156 4550 3719 4632">
     <span class='ocr_line' id='line_1_98' title="bbox 2156 4550 3719 4632; baseline 0.01 -28"><span class='ocrx_word' id='word_1_671' title='bbox 2156 4552 2346 4606; x_wconf 87' lang='lat' dir='ltr'><strong>statuit</strong></span> <span class='ocrx_word' id='word_1_672' title='bbox 2394 4560 2453 4606; x_wconf 87' lang='lat' dir='ltr'><strong>ut</strong></span> <span class='ocrx_word' id='word_1_673' title='bbox 2509 4562 2617 4607; x_wconf 92' lang='lat' dir='ltr'><strong>tam</strong></span> <span class='ocrx_word' id='word_1_674' title='bbox 2655 4550 2708 4608; x_wconf 86' lang='lat' dir='ltr'><strong>in</strong></span> <span class='ocrx_word' id='word_1_675' title='bbox 2743 4557 3038 4625; x_wconf 86' lang='lat' dir='ltr'><strong>cpdomada</strong></span> <span class='ocrx_word' id='word_1_676' title='bbox 3082 4558 3421 4628; x_wconf 88' lang='lat' dir='ltr'><strong>pentecostes</strong></span> <span class='ocrx_word' id='word_1_677' title='bbox 3471 4576 3635 4632; x_wconf 86' lang='lat' dir='ltr'><strong>quam</strong></span> <span class='ocrx_word' id='word_1_678' title='bbox 3664 4565 3719 4619; x_wconf 89' lang='lat' dir='ltr'><strong>in</strong></span> 
     </span>
    </p>
   </div>
   <div class='ocr_carea' id='block_1_99' title="bbox 2155 4644 3724 4719">
    <p class='ocr_par' dir='ltr' id='par_1_99' title="bbox 2155 4644 3724 4719">
     <span class='ocr_line' id='line_1_99' title="bbox 2155 4644 3724 4719; baseline 0.009 -23"><span class='ocrx_word' id='word_1_679' title='bbox 2155 4644 2448 4719; x_wconf 85' lang='lat' dir='ltr'><strong>epdomada</strong></span> <span class='ocrx_word' id='word_1_680' title='bbox 2474 4646 2711 4713; x_wconf 90' lang='lat' dir='ltr'><strong>paschali</strong></span> <span class='ocrx_word' id='word_1_681' title='bbox 2745 4656 2854 4702; x_wconf 85' lang='lat' dir='ltr'><strong>tres</strong></span> <span class='ocrx_word' id='word_1_682' title='bbox 2884 4657 3092 4703; x_wconf 89' lang='lat' dir='ltr'><strong>tantum</strong></span> <span class='ocrx_word' id='word_1_683' title='bbox 3126 4650 3241 4706; x_wconf 90' lang='lat' dir='ltr'><strong>dies</strong></span> <span class='ocrx_word' id='word_1_684' title='bbox 3263 4649 3454 4707; x_wconf 87' lang='lat' dir='ltr'><strong>festive</strong></span> <span class='ocrx_word' id='word_1_685' title='bbox 3482 4654 3724 4709; x_wconf 81' lang='lat' dir='ltr'><strong>celebra-</strong></span> 
     </span>
    </p>
   </div>
   <div class='ocr_carea' id='block_1_100' title="bbox 2143 4732 3722 4808">
    <p class='ocr_par' dir='ltr' id='par_1_100' title="bbox 2143 4732 3722 4808">
     <span class='ocr_line' id='line_1_100' title="bbox 2143 4732 3722 4808; baseline 0.01 -26"><span class='ocrx_word' id='word_1_686' title='bbox 2143 4741 2359 4802; x_wconf 68' lang='lat' dir='ltr'><strong>rentur.</strong></span> <span class='ocrx_word' id='word_1_687' title='bbox 2400 4732 2531 4787; x_wconf 86' lang='lat' dir='ltr'><strong>Nam</strong></span> <span class='ocrx_word' id='word_1_688' title='bbox 2569 4738 2832 4804; x_wconf 87' lang='lat' dir='ltr'><strong>usquead</strong></span> <span class='ocrx_word' id='word_1_689' title='bbox 2875 4737 3004 4796; x_wconf 86' lang='lat' dir='ltr'><strong>illud</strong></span> <span class='ocrx_word' id='word_1_690' title='bbox 3039 4745 3248 4808; x_wconf 86' lang='lat' dir='ltr'><strong>tempus</strong></span> <span class='ocrx_word' id='word_1_691' title='bbox 3285 4739 3722 4798; x_wconf 85' lang='lat' dir='ltr'><strong>Constantiensis</strong></span> 
     </span>
    </p>
   </div>
   <div class='ocr_carea' id='block_1_101' title="bbox 2154 4822 3722 4896">
    <p class='ocr_par' dir='ltr' id='par_1_101' title="bbox 2154 4822 3722 4896">
     <span class='ocr_line' id='line_1_101' title="bbox 2154 4822 3722 4896; baseline 0.01 -22"><span class='ocrx_word' id='word_1_692' title='bbox 2154 4822 2497 4892; x_wconf 88' lang='lat' dir='ltr'><strong>episcopatus</strong></span> <span class='ocrx_word' id='word_1_693' title='bbox 2547 4841 2754 4880; x_wconf 87' lang='lat' dir='ltr'><strong>morem</strong></span> <span class='ocrx_word' id='word_1_694' title='bbox 2792 4829 3328 4896; x_wconf 85' lang='lat' dir='ltr'><strong>comprovincialium</strong></span> <span class='ocrx_word' id='word_1_695' title='bbox 3383 4846 3494 4886; x_wconf 91' lang='lat' dir='ltr'><strong>non</strong></span> <span class='ocrx_word' id='word_1_696' title='bbox 3529 4841 3616 4888; x_wconf 87' lang='lat' dir='ltr'><strong>est</strong></span> <span class='ocrx_word' id='word_1_697' title='bbox 3636 4848 3722 4889; x_wconf 85' lang='lat' dir='ltr'><strong>se-</strong></span> 
     </span>
    </p>
   </div>
   <div class='ocr_carea' id='block_1_102' title="bbox 2157 4899 3723 4992">
    <p class='ocr_par' dir='ltr' id='par_1_102' title="bbox 2157 4899 3723 4992">
     <span class='ocr_line' id='line_1_102' title="bbox 2157 4899 3723 4992; baseline 0.011 -29"><span class='ocrx_word' id='word_1_698' title='bbox 2157 4899 2350 4975; x_wconf 54' lang='lat' dir='ltr'><strong>cutus:</strong></span> <span class='ocrx_word' id='word_1_699' title='bbox 2385 4914 2632 4969; x_wconf 78' lang='lat' dir='ltr'><strong>videlicet</strong></span> <span class='ocrx_word' id='word_1_700' title='bbox 2685 4918 2946 4988; x_wconf 76' lang='lat' dir='ltr'><strong>integram</strong></span> <span class='ocrx_word' id='word_1_701' title='bbox 3001 4920 3356 4988; x_wconf 78' lang='lat' dir='ltr'><strong>septimanam</strong></span> <span class='ocrx_word' id='word_1_702' title='bbox 3397 4920 3454 4976; x_wconf 88' lang='lat' dir='ltr'><strong>in</strong></span> <span class='ocrx_word' id='word_1_703' title='bbox 3519 4924 3723 4992; x_wconf 77' lang='lat' dir='ltr'><strong>pascha</strong></span> 
     </span>
    </p>
   </div>
   <div class='ocr_carea' id='block_1_103' title="bbox 2159 4993 3735 5080">
    <p class='ocr_par' dir='ltr' id='par_1_103' title="bbox 2159 4993 3735 5080">
     <span class='ocr_line' id='line_1_103' title="bbox 2159 4993 3735 5080; baseline 0.012 -31"><span class='ocrx_word' id='word_1_704' title='bbox 2159 4995 2361 5068; x_wconf 72' lang='grc'>(1422),</span> <span class='ocrx_word' id='word_1_705' title='bbox 2396 5009 2450 5054; x_wconf 86' lang='lat' dir='ltr'><strong>et</strong></span> <span class='ocrx_word' id='word_1_706' title='bbox 2497 5019 2664 5061; x_wconf 88' lang='lat' dir='ltr'><strong>unum</strong></span> <span class='ocrx_word' id='word_1_707' title='bbox 2691 5007 2834 5062; x_wconf 77' lang='lat' dir='ltr'><strong>diem</strong></span> <span class='ocrx_word' id='word_1_708' title='bbox 2860 5017 3068 5072; x_wconf 86' lang='lat' dir='ltr'><strong>tantum</strong></span> <span class='ocrx_word' id='word_1_709' title='bbox 3091 5011 3149 5064; x_wconf 84' lang='lat' dir='ltr'><strong>in</strong></span> <span class='ocrx_word' id='word_1_710' title='bbox 3177 5019 3490 5080; x_wconf 84' lang='lat' dir='ltr'><strong>pentecoste</strong></span> <span class='ocrx_word' id='word_1_711' title='bbox 3529 4993 3735 5069; x_wconf 62' lang='lat' dir='ltr'><strong>obser:</strong></span> 
     </span>
    </p>
   </div>
   <div class='ocr_carea' id='block_1_104' title="bbox 1775 5099 2438 5182">
    <p class='ocr_par' dir='ltr' id='par_1_104' title="bbox 1775 5099 2438 5182">
     <span class='ocr_line' id='line_1_104' title="bbox 1775 5099 2438 5182; baseline -0.006 -18"><span class='ocrx_word' id='word_1_712' title='bbox 1775 5108 2005 5164; x_wconf 69' lang='lat' dir='ltr'><strong>VARUS</strong></span> <span class='ocrx_word' id='word_1_713' title='bbox 2043 5099 2438 5182; x_wconf 79' lang='lat' dir='ltr'><strong>LECTIONES.</strong></span> 
     </span>
    </p>
   </div>
   <div class='ocr_carea' id='block_1_105' title="bbox 516 5197 1999 5254">
    <p class='ocr_par' dir='ltr' id='par_1_105' title="bbox 516 5197 1999 5254">
     <span class='ocr_line' id='line_1_105' title="bbox 516 5197 1999 5254; baseline 0 0"><span class='ocrx_word' id='word_1_714' title='bbox 516 5247 520 5254; x_wconf 91' lang='lat'><strong>.</strong></span> <span class='ocrx_word' id='word_1_715' title='bbox 569 5201 636 5234; x_wconf 68' lang='grc' dir='ltr'><strong>σου</strong></span> <span class='ocrx_word' id='word_1_716' title='bbox 674 5213 771 5252; x_wconf 67' lang='lat' dir='ltr'><strong>rom</strong></span> <span class='ocrx_word' id='word_1_717' title='bbox 789 5197 979 5251; x_wconf 75' lang='lat' dir='ltr'><strong>detrita</strong></span> <span class='ocrx_word' id='word_1_718' title='bbox 1000 5205 1049 5248; x_wconf 72' lang='lat' dir='ltr'><strong>et</strong></span> <span class='ocrx_word' id='word_1_719' title='bbox 1088 5206 1378 5252; x_wconf 79' lang='lat' dir='ltr'><strong>atramento</strong></span> <span class='ocrx_word' id='word_1_720' title='bbox 1402 5201 1599 5253; x_wconf 70' lang='lat' dir='ltr'><strong>recenti</strong></span> <span class='ocrx_word' id='word_1_721' title='bbox 1626 5204 1922 5253; x_wconf 71' lang='lat' dir='ltr'><strong>rectaurata</strong></span> <span class='ocrx_word' id='word_1_722' title='bbox 1951 5201 1999 5254; x_wconf 87' lang='grc'>1.</span> 
     </span>
    </p>
   </div>
   <div class='ocr_carea' id='block_1_106' title="bbox 500 5265 1832 5346">
    <p class='ocr_par' dir='ltr' id='par_1_106' title="bbox 500 5265 1832 5346">
     <span class='ocr_line' id='line_1_106' title="bbox 500 5265 1832 5346; baseline 0.003 -21"><span class='ocrx_word' id='word_1_723' title='bbox 500 5271 571 5325; x_wconf 73' lang='grc' dir='ltr'>νίι</span> <span class='ocrx_word' id='word_1_724' title='bbox 616 5271 800 5324; x_wconf 81' lang='lat' dir='ltr'><strong>desunt</strong></span> <span class='ocrx_word' id='word_1_725' title='bbox 830 5267 882 5320; x_wconf 75' lang='grc'><strong>2.</strong></span> <span class='ocrx_word' id='word_1_726' title='bbox 960 5265 1029 5296; x_wconf 66' lang='grc'><strong>⁸⁸⁸</strong></span> <span class='ocrx_word' id='word_1_727' title='bbox 1068 5266 1338 5346; x_wconf 67' lang='lat' dir='ltr'><strong>inéuentii</strong></span> <span class='ocrx_word' id='word_1_728' title='bbox 1377 5268 1425 5322; x_wconf 87' lang='grc'>1.</span> <span class='ocrx_word' id='word_1_729' title='bbox 1821 5278 1832 5288; x_wconf 80' lang='grc'><em>’</em></span> 
     </span>
    </p>
   </div>
   <div class='ocr_carea' id='block_1_107' title="bbox 596 5491 1224 5560">
    <p class='ocr_par' dir='ltr' id='par_1_107' title="bbox 596 5491 1224 5560">
     <span class='ocr_line' id='line_1_107' title="bbox 596 5491 1224 5560; baseline -0.01 -14"><span class='ocrx_word' id='word_1_730' title='bbox 596 5491 753 5560; x_wconf 84' lang='grc'>1419)</span> <span class='ocrx_word' id='word_1_731' title='bbox 795 5491 1224 5560; x_wconf 66' lang='lat' dir='ltr'><strong>Weiugartense.</strong></span> 
     </span>
    </p>
   </div>
   <div class='ocr_carea' id='block_1_108' title="bbox 598 5555 2060 5628">
    <p class='ocr_par' dir='ltr' id='par_1_108' title="bbox 598 5555 2060 5628">
     <span class='ocr_line' id='line_1_108' title="bbox 598 5555 2060 5628; baseline 0.001 -14"><span class='ocrx_word' id='word_1_732' title='bbox 598 5555 752 5628; x_wconf 73' lang='grc'>1420)</span> <span class='ocrx_word' id='word_1_733' title='bbox 781 5555 1015 5615; x_wconf 71' lang='lat' dir='ltr'><strong>Themin</strong></span> <span class='ocrx_word' id='word_1_734' title='bbox 1048 5555 1146 5628; x_wconf 89' lang='lat' dir='ltr'><strong>SS_.</strong></span> <span class='ocrx_word' id='word_1_735' title='bbox 1189 5556 1470 5628; x_wconf 76' lang='lat' dir='ltr'><strong>sanguinis</strong></span> <span class='ocrx_word' id='word_1_736' title='bbox 1498 5556 1716 5628; x_wconf 78' lang='lat' dir='ltr'><strong>Domini</strong></span> <span class='ocrx_word' id='word_1_737' title='bbox 1740 5560 1828 5616; x_wconf 86' lang='lat' dir='ltr'><strong>hic</strong></span> <span class='ocrx_word' id='word_1_738' title='bbox 1862 5561 2060 5628; x_wconf 70' lang='lat' dir='ltr'><strong>intellio</strong></span> 
     </span>
    </p>
   </div>
   <div class='ocr_carea' id='block_1_109' title="bbox 505 5563 2060 5697">
    <p class='ocr_par' dir='ltr' id='par_1_109' title="bbox 505 5563 2060 5697">
     <span class='ocr_line' id='line_1_109' title="bbox 565 5563 2060 5681; baseline 0.001 -68"><span class='ocrx_word' id='word_1_739' title='bbox 565 5563 752 5681; x_wconf 41' lang='lat'><strong>(142;);</strong></span> <span class='ocrx_word' id='word_1_740' title='bbox 781 5563 1015 5615; x_wconf 72' lang='lat' dir='ltr'><strong>Thecam</strong></span> <span class='ocrx_word' id='word_1_741' title='bbox 1048 5563 1146 5612; x_wconf 81' lang='lat' dir='ltr'><strong>SS.</strong></span> <span class='ocrx_word' id='word_1_742' title='bbox 1189 5563 1470 5628; x_wconf 78' lang='lat' dir='ltr'><strong>sanguinis</strong></span> <span class='ocrx_word' id='word_1_743' title='bbox 1503 5563 1716 5613; x_wconf 81' lang='lat' dir='ltr'><strong>Domini</strong></span> <span class='ocrx_word' id='word_1_744' title='bbox 1740 5563 1828 5616; x_wconf 89' lang='lat' dir='ltr'><strong>hic</strong></span> <span class='ocrx_word' id='word_1_745' title='bbox 1862 5563 2060 5616; x_wconf 70' lang='lat' dir='ltr'><strong>intellio</strong></span> 
     </span>
     <span class='ocr_line' id='line_1_110' title="bbox 505 5625 2060 5697; baseline 0.004 -19"><span class='ocrx_word' id='word_1_746' title='bbox 505 5627 582 5693; x_wconf 83' lang='lat' dir='ltr'><strong>git</strong></span> <span class='ocrx_word' id='word_1_747' title='bbox 602 5627 833 5697; x_wconf 33' lang='lat' dir='ltr'><strong>Emesa</strong></span> <span class='ocrx_word' id='word_1_748' title='bbox 851 5629 1050 5697; x_wconf 58' lang='lat' dir='ltr'><strong>Prodr.</strong></span> <span class='ocrx_word' id='word_1_749' title='bbox 1087 5626 1326 5697; x_wconf 76' lang='lat' dir='ltr'><strong>Monum.</strong></span> <span class='ocrx_word' id='word_1_750' title='bbox 1371 5625 1607 5697; x_wconf 60' lang='lat' dir='ltr'><strong>guelpb.</strong></span> <span class='ocrx_word' id='word_1_751' title='bbox 1642 5643 1692 5697; x_wconf 91' lang='lat' dir='ltr'><strong>p.</strong></span> <span class='ocrx_word' id='word_1_752' title='bbox 1729 5629 1816 5682; x_wconf 87' lang='grc'><strong>47.</strong></span> <span class='ocrx_word' id='word_1_753' title='bbox 1868 5627 1927 5683; x_wconf 86' lang='grc' dir='ltr'><strong>ιιι</strong></span> <span class='ocrx_word' id='word_1_754' title='bbox 1956 5627 2060 5684; x_wconf 82' lang='lat' dir='ltr'><strong>Ne-</strong></span> 
     </span>
    </p>
   </div>
   <div class='ocr_carea' id='block_1_110' title="bbox 484 5641 2062 5784">
    <p class='ocr_par' dir='ltr' id='par_1_110' title="bbox 484 5641 2062 5784">
     <span class='ocr_line' id='line_1_111' title="bbox 505 5641 2060 5697; baseline 0.004 -19"><span class='ocrx_word' id='word_1_755' title='bbox 505 5641 582 5693; x_wconf 84' lang='lat' dir='ltr'><strong>gn</strong></span> <span class='ocrx_word' id='word_1_756' title='bbox 606 5641 662 5682; x_wconf 78' lang='grc' dir='ltr'><strong>ι’.</strong></span> <span class='ocrx_word' id='word_1_757' title='bbox 699 5641 833 5686; x_wconf 84' lang='lat' dir='ltr'><strong>uess</strong></span> <span class='ocrx_word' id='word_1_758' title='bbox 851 5641 1042 5683; x_wconf 70' lang='grc' dir='ltr'>ιιι-θαι.</span> <span class='ocrx_word' id='word_1_759' title='bbox 1087 5641 1326 5681; x_wconf 75' lang='lat' dir='ltr'><strong>menum.</strong></span> <span class='ocrx_word' id='word_1_760' title='bbox 1381 5641 1513 5681; x_wconf 73' lang='lat' dir='ltr'><strong>une:</strong></span> <span class='ocrx_word' id='word_1_761' title='bbox 1556 5641 1607 5680; x_wconf 86' lang='grc' dir='ltr'>ιι.</span> <span class='ocrx_word' id='word_1_762' title='bbox 1642 5643 1692 5697; x_wconf 91' lang='lat' dir='ltr'><strong>p.</strong></span> <span class='ocrx_word' id='word_1_763' title='bbox 1729 5641 1816 5682; x_wconf 71' lang='lat'><strong>47.</strong></span> <span class='ocrx_word' id='word_1_764' title='bbox 1868 5641 1927 5683; x_wconf 90' lang='lat' dir='ltr'><strong>In</strong></span> <span class='ocrx_word' id='word_1_765' title='bbox 1956 5641 2060 5684; x_wconf 79' lang='lat' dir='ltr'><strong>rte-</strong></span> 
     </span>
     <span class='ocr_line' id='line_1_112' title="bbox 484 5641 2062 5784; baseline 0.006 -40"><span class='ocrx_word' id='word_1_766' title='bbox 484 5695 636 5748; x_wconf 36' lang='lat' dir='ltr'><strong>.crol.</strong></span> <span class='ocrx_word' id='word_1_767' title='bbox 660 5695 955 5770; x_wconf 76' lang='lat' dir='ltr'><strong>Weingart.</strong></span> <span class='ocrx_word' id='word_1_768' title='bbox 981 5695 1158 5770; x_wconf 83' lang='lat' dir='ltr'><strong>(ﬂess.</strong></span> <span class='ocrx_word' id='word_1_769' title='bbox 1186 5694 1330 5750; x_wconf 68' lang='lat' dir='ltr'><strong>Non.</strong></span> <span class='ocrx_word' id='word_1_770' title='bbox 1359 5641 1610 5764; x_wconf 41' lang='lat' dir='ltr'><strong>Guelpgiw</strong></span> <span class='ocrx_word' id='word_1_771' title='bbox 1658 5710 1712 5765; x_wconf 75' lang='lat' dir='ltr'><strong>p.</strong></span> <span class='ocrx_word' id='word_1_772' title='bbox 1738 5697 1867 5784; x_wconf 72' lang='grc'>136)</span> <span class='ocrx_word' id='word_1_773' title='bbox 1905 5709 2062 5753; x_wconf 83' lang='lat' dir='ltr'><strong>nota-</strong></span> 
     </span>
    </p>
   </div>
   <div class='ocr_carea' id='block_1_111' title="bbox 571 5390 1499 5628">
    <p class='ocr_par' dir='ltr' id='par_1_111' title="bbox 571 5390 1499 5628">
     <span class='ocr_line' id='line_1_113' title="bbox 571 5390 1499 5628; baseline -0.005 -150"><span class='ocrx_word' id='word_1_774' title='bbox 571 5422 753 5628; x_wconf 47' lang='lat' dir='ltr'><strong>gms;</strong></span> <span class='ocrx_word' id='word_1_775' title='bbox 770 5390 773 5391; x_wconf 43' lang='grc'><strong><em>⁷</em></strong></span> <span class='ocrx_word' id='word_1_776' title='bbox 791 5421 968 5502; x_wconf 68' lang='grc' dir='ltr'><strong>ιιηεο,</strong></span> <span class='ocrx_word' id='word_1_777' title='bbox 996 5420 1089 5491; x_wconf 89' lang='lat' dir='ltr'><strong>qui</strong></span> <span class='ocrx_word' id='word_1_778' title='bbox 1112 5434 1163 5473; x_wconf 87' lang='lat' dir='ltr'><strong>a.</strong></span> <span class='ocrx_word' id='word_1_779' title='bbox 1196 5418 1331 5473; x_wconf 80' lang='lat' dir='ltr'><strong>uos</strong></span> <span class='ocrx_word' id='word_1_780' title='bbox 1349 5407 1499 5476; x_wconf 79' lang='lat' dir='ltr'><strong>obiit.</strong></span> 
     </span>
     <span class='ocr_line' id='line_1_114' title="bbox 596 5491 1224 5560; baseline -0.008 -14"><span class='ocrx_word' id='word_1_781' title='bbox 596 5493 730 5547; x_wconf 84' lang='grc'>1419</span> <span class='ocrx_word' id='word_1_782' title='bbox 795 5491 1224 5560; x_wconf 81' lang='lat' dir='ltr'><strong>Weingartense.</strong></span> 
     </span>
     <span class='ocr_line' id='line_1_115' title="bbox 598 5555 1470 5628; baseline -0.005 -13"><span class='ocrx_word' id='word_1_783' title='bbox 598 5560 752 5628; x_wconf 73' lang='grc'>1420)</span> <span class='ocrx_word' id='word_1_784' title='bbox 781 5559 1015 5615; x_wconf 70' lang='lat' dir='ltr'><strong>Thecam</strong></span> <span class='ocrx_word' id='word_1_785' title='bbox 1048 5555 1146 5628; x_wconf 89' lang='lat' dir='ltr'><strong>SS_.</strong></span> <span class='ocrx_word' id='word_1_786' title='bbox 1189 5556 1470 5628; x_wconf 76' lang='lat' dir='ltr'><strong>sanguinis</strong></span> 
     </span>
    </p>
   </div>
   <div class='ocr_carea' id='block_1_112' title="bbox 2076 5183 3704 5284">
    <p class='ocr_par' dir='ltr' id='par_1_112' title="bbox 2076 5183 3704 5284">
     <span class='ocr_line' id='line_1_116' title="bbox 2076 5183 3704 5284; baseline 0.017 -40"><span class='ocrx_word' id='word_1_787' title='bbox 2076 5183 2146 5230; x_wconf 62' lang='grc' dir='ltr'><strong>σοί</strong></span> <span class='ocrx_word' id='word_1_788' title='bbox 2194 5199 2358 5267; x_wconf 76' lang='lat' dir='ltr'><strong>pergit</strong></span> <span class='ocrx_word' id='word_1_789' title='bbox 2393 5198 2446 5252; x_wconf 73' lang='grc' dir='ltr'><strong>Ξ.</strong></span> <span class='ocrx_word' id='word_1_790' title='bbox 2524 5198 2601 5234; x_wconf 64' lang='grc' dir='ltr'><strong>⁸η</strong></span> <span class='ocrx_word' id='word_1_791' title='bbox 2707 5206 2759 5260; x_wconf 91' lang='lat' dir='ltr'><strong>d.</strong></span> <span class='ocrx_word' id='word_1_792' title='bbox 2793 5203 2979 5263; x_wconf 72' lang='lat' dir='ltr'><strong>desunt</strong></span> <span class='ocrx_word' id='word_1_793' title='bbox 3006 5209 3072 5264; x_wconf 17' lang='lat'><strong>3..</strong></span> <span class='ocrx_word' id='word_1_794' title='bbox 3112 5203 3205 5242; x_wconf 59' lang='grc'><strong>’⁸⁵³</strong></span> <span class='ocrx_word' id='word_1_795' title='bbox 3233 5199 3387 5264; x_wconf 61' lang='lat' dir='ltr'><strong>Et—</strong></span> <span class='ocrx_word' id='word_1_796' title='bbox 3414 5213 3704 5284; x_wconf 71' lang='lat' dir='ltr'><strong>complevo»</strong></span> 
     </span>
    </p>
   </div>
   <div class='ocr_carea' id='block_1_113' title="bbox 1905 5296 2998 5391">
    <p class='ocr_par' dir='ltr' id='par_1_113' title="bbox 1905 5296 2998 5391">
     <span class='ocr_line' id='line_1_117' title="bbox 1905 5296 2998 5391; baseline 0.001 -3"><span class='ocrx_word' id='word_1_797' title='bbox 1905 5300 1912 5305; x_wconf 11' lang='lat' dir='ltr'><strong>i</strong></span> <span class='ocrx_word' id='word_1_798' title='bbox 1980 5306 2205 5391; x_wconf 62' lang='lat' dir='ltr'><strong>NOTAE.</strong></span> <span class='ocrx_word' id='word_1_799' title='bbox 2859 5327 2864 5333; x_wconf 83' lang='lat'><em>‘</em></span> <span class='ocrx_word' id='word_1_800' title='bbox 2944 5296 2998 5331; x_wconf 54' lang='grc'><strong><em>’⁵</em></strong></span> 
     </span>
    </p>
   </div>
   <div class='ocr_carea' id='block_1_114' title="bbox 2161 5425 3758 5506">
    <p class='ocr_par' dir='ltr' id='par_1_114' title="bbox 2161 5425 3758 5506">
     <span class='ocr_line' id='line_1_118' title="bbox 2161 5425 3758 5506; baseline 0.015 -31"><span class='ocrx_word' id='word_1_801' title='bbox 2161 5429 2249 5506; x_wconf 73' lang='lat' dir='ltr'><strong>tur</strong></span> <span class='ocrx_word' id='word_1_802' title='bbox 2272 5425 2521 5506; x_wconf 47' lang='lat' dir='ltr'><strong>unnNon.</strong></span> <span class='ocrx_word' id='word_1_803' title='bbox 2554 5425 2712 5506; x_wconf 52' lang='lat' dir='ltr'><strong>Mart.</strong></span> <span class='ocrx_word' id='word_1_804' title='bbox 2726 5427 2844 5506; x_wconf 42' lang='lat' dir='ltr'><strong>qui.</strong></span> <span class='ocrx_word' id='word_1_805' title='bbox 2864 5427 3004 5498; x_wconf 71' lang='lat' dir='ltr'><strong>forte</strong></span> <span class='ocrx_word' id='word_1_806' title='bbox 3028 5427 3129 5506; x_wconf 58' lang='lat' dir='ltr'><strong>gn</strong></span> <span class='ocrx_word' id='word_1_807' title='bbox 3176 5430 3304 5506; x_wconf 65' lang='lat' dir='ltr'><strong>dies</strong></span> <span class='ocrx_word' id='word_1_808' title='bbox 3341 5431 3716 5506; x_wconf 66' lang='lat' dir='ltr'><strong>depositionis.</strong></span> <span class='ocrx_word' id='word_1_809' title='bbox 3755 5453 3758 5456; x_wconf 82' lang='grc'><strong>’</strong></span> 
     </span>
    </p>
   </div>
   <div class='ocr_carea' id='block_1_115' title="bbox 2160 5491 3490 5570">
    <p class='ocr_par' dir='ltr' id='par_1_115' title="bbox 2160 5491 3490 5570">
     <span class='ocr_line' id='line_1_119' title="bbox 2160 5491 3490 5570; baseline 0.011 -23"><span class='ocrx_word' id='word_1_810' title='bbox 2160 5491 2602 5570; x_wconf 54' lang='grc' dir='ltr'><strong>ϐοιιΐεριοὶεἰιιθξ</strong></span> <span class='ocrx_word' id='word_1_811' title='bbox 2620 5491 2943 5570; x_wconf 75' lang='lat' dir='ltr'><strong>Guelpbicas</strong></span> <span class='ocrx_word' id='word_1_812' title='bbox 2967 5507 3013 5570; x_wconf 63' lang='lat' dir='ltr'><strong>t.</strong></span> <span class='ocrx_word' id='word_1_813' title='bbox 3028 5496 3094 5564; x_wconf 79' lang='lat' dir='ltr'><strong>Il,</strong></span> <span class='ocrx_word' id='word_1_814' title='bbox 3117 5515 3175 5570; x_wconf 74' lang='grc' dir='ltr'><strong>ρ.</strong></span> <span class='ocrx_word' id='word_1_815' title='bbox 3194 5501 3325 5570; x_wconf 7' lang='lat'><strong>7277.</strong></span> <span class='ocrx_word' id='word_1_816' title='bbox 3354 5491 3490 5562; x_wconf 61' lang='lat' dir='ltr'><strong>Uria.</strong></span> 
     </span>
    </p>
   </div>
   <div class='ocr_carea' id='block_1_116' title="bbox 2233 5561 3312 5702">
    <p class='ocr_par' dir='ltr' id='par_1_116' title="bbox 2233 5561 3312 5702">
     <span class='ocr_line' id='line_1_120' title="bbox 2233 5561 3312 5702; baseline 0.014 -88"><span class='ocrx_word' id='word_1_817' title='bbox 2233 5561 2414 5702; x_wconf 52' lang='grc'>(1421)</span> <span class='ocrx_word' id='word_1_818' title='bbox 2447 5561 2719 5630; x_wconf 66' lang='grc' dir='ltr'><strong>Ἁύθιδθιο</strong></span> <span class='ocrx_word' id='word_1_819' title='bbox 2741 5561 2912 5636; x_wconf 82' lang='lat' dir='ltr'><strong>fuisse</strong></span> <span class='ocrx_word' id='word_1_820' title='bbox 2928 5561 3159 5624; x_wconf 68' lang='lat' dir='ltr'><strong>videtur.</strong></span> <span class='ocrx_word' id='word_1_821' title='bbox 3189 5569 3312 5629; x_wconf 89' lang='lat' dir='ltr'><strong>Uss.</strong></span> 
     </span>
     <span class='ocr_line' id='line_1_121' title="bbox 2235 5630 3312 5702; baseline 0.014 -20"><span class='ocrx_word' id='word_1_822' title='bbox 2235 5631 2282 5702; x_wconf 85' lang='grc'><strong>(1</strong></span> <span class='ocrx_word' id='word_1_823' title='bbox 2292 5631 2413 5702; x_wconf 49' lang='lat'><strong>{22</strong></span> <span class='ocrx_word' id='word_1_824' title='bbox 2440 5631 2540 5688; x_wconf 82' lang='lat' dir='ltr'><strong>Hic</strong></span> <span class='ocrx_word' id='word_1_825' title='bbox 2569 5630 2706 5702; x_wconf 87' lang='lat' dir='ltr'><strong>ritus</strong></span> <span class='ocrx_word' id='word_1_826' title='bbox 2725 5634 3136 5702; x_wconf 86' lang='lat' dir='ltr'><strong>antiquissimus</strong></span> <span class='ocrx_word' id='word_1_827' title='bbox 3154 5642 3312 5702; x_wconf 79' lang='lat' dir='ltr'><strong>collitz</strong></span> 
     </span>
    </p>
   </div>
   <div class='ocr_carea' id='block_1_117' title="bbox 2440 5609 3762 5709">
    <p class='ocr_par' dir='ltr' id='par_1_117' title="bbox 2440 5609 3716 5709">
     <span class='ocr_line' id='line_1_122' title="bbox 2440 5609 3716 5709; baseline 0.013 -24"><span class='ocrx_word' id='word_1_828' title='bbox 2440 5609 3424 5709; x_wconf 46' lang='lat' dir='ltr'><strong>asininaasasgiaagtangam.</strong></span> <span class='ocrx_word' id='word_1_829' title='bbox 3458 5634 3535 5700; x_wconf 62' lang='lat' dir='ltr'><strong>ei.</strong></span> <span class='ocrx_word' id='word_1_830' title='bbox 3553 5635 3716 5709; x_wconf 54' lang='lat' dir='ltr'><strong>em.</strong></span> 
     </span>
    </p>
   </div>
   <div class='ocr_carea' id='block_1_118' title="bbox 2125 5695 3732 5778">
    <p class='ocr_par' dir='ltr' id='par_1_118' title="bbox 2125 5695 3732 5778">
     <span class='ocr_line' id='line_1_123' title="bbox 2125 5695 3732 5778; baseline 0.013 -29"><span class='ocrx_word' id='word_1_831' title='bbox 2125 5727 2131 5734; x_wconf 58' lang='grc' dir='ltr'><strong>ς</strong></span> <span class='ocrx_word' id='word_1_832' title='bbox 2164 5695 2271 5754; x_wconf 71' lang='grc'><strong>259</strong></span> <span class='ocrx_word' id='word_1_833' title='bbox 2309 5697 2366 5754; x_wconf 84' lang='lat' dir='ltr'><strong>S.</strong></span> <span class='ocrx_word' id='word_1_834' title='bbox 2390 5695 2699 5770; x_wconf 67' lang='lat' dir='ltr'><strong>Augustini,</strong></span> <span class='ocrx_word' id='word_1_835' title='bbox 2720 5710 2775 5756; x_wconf 88' lang='lat' dir='ltr'><strong>et</strong></span> <span class='ocrx_word' id='word_1_836' title='bbox 2805 5695 3060 5762; x_wconf 68' lang='lat' dir='ltr'><strong>statuitur</strong></span> <span class='ocrx_word' id='word_1_837' title='bbox 3091 5695 3732 5778; x_wconf 54' lang='grc' dir='ltr'><strong>συνϐῧίτῖιιιὶἱιιῖ</strong></span> 
     </span>
    </p>
   </div>
   <div class='ocr_carea' id='block_1_119' title="bbox 3841 40 3897 100">
    <p class='ocr_par' dir='ltr' id='par_1_119' title="bbox 3841 40 3897 76">
     <span class='ocr_line' id='line_1_124' title="bbox 3841 40 3897 60; baseline 0 0"><span class='ocrx_word' id='word_1_838' title='bbox 3841 40 3897 60; x_wconf 66' lang='grc' dir='ltr'><strong>ι-ῆ</strong></span> 
     </span>
     <span class='ocr_line' id='line_1_125' title="bbox 3867 65 3897 76; baseline 0 0"><span class='ocrx_word' id='word_1_839' title='bbox 3867 65 3897 76; x_wconf 66' lang='grc' dir='ltr'><em>ὐ</em></span> 
     </span>
    </p>
   </div>
  </div>
