3970 6346
240 350 381 407 {ﬁl

1120 332 1409 395 spem.
1444 333 1531 389 ιιι.
1570 364 1641 374 -
1672 282 2102 389 ttoxuueu'rs
2134 280 2594 383 caenosum.

3336 325 3470 383 “2%

237 462 588 521 studuerunt,
618 463 674 512 et
699 454 767 511 ad
789 453 1189 511 confessionem
1216 461 1272 507 et
1297 448 1646 521 penitentiam
1685 461 1812 500 cur-
1836 447 1885 503 Α
1906 439 2241 511 reliquisque
2266 441 2511 497 ﬁdelibus
2533 440 2705 495 sancti
2727 432 2871 495 Petri
2901 408 3124 495 ﬁrmiter
3151 444 3472 512 coniunctus

238 562 385 618 rere,
436 564 603 619 seque
632 547 1003 604 sacerdotibus
1030 541 1411 599 commendare
1439 553 1547 595 non
1567 550 1815 592 cessave-

241 651 395 697 runt.
443 638 599 694 Unde
632 638 869 692 maxima
918 633 1207 689 multitudo
1255 631 1444 686 eadem
1488 627 1817 683 mortalitate

1914 539 2087 585 totum
2117 532 2286 587 robur
2310 531 2519 601 paterni
2554 531 2825 586 exercitus
2851 531 2904 584 in
2933 530 3305 601 Longobardia
3332 534 3475 589 obti-

1917 620 2053 674 nuit.
2078 618 2278 687 Welfo,
2314 620 2458 675 illius
2488 618 2755 676 Well‘onis
2777 620 2932 675 ducis
2964 620 3251 694 IBajoariaa,
3282 637 3312 676 a
3340 638 3474 678 con-

244 733 382 788 satis
407 730 757 800 probabiliter
770 727 971 782 obiere.
1004 725 1060 778 In
1090 710 1386 778 Galliarum
1415 718 1633 781 civitate
1650 729 1815 786 quam
1910 708 2064 800 jugio
2097 709 2311 765 domnae
2434 709 2705 764 Mathildis
2732 709 2803 741 “’
2829 725 2889 765 se
2918 711 3134 780 penitus
3164 722 3472 782 sequestra-

243 820 528 878 Ostiouem
558 818 739 890 (1427)
761 816 1057 885 vulgariter
1079 813 1295 877 dicunt,
1323 816 1708 880 congregatum
1734 814 1820 861 est

244 912 497 985 generale
524 909 815 965 concilium
850 921 882 961 a
908 904 1213 960 venerando
1243 894 1645 973 Ugone'(1428)
1674 896 1819 967 Lug-

245 1002 480 1060 dunensi
528 996 941 1067 archiepiscopo
983 1004 1038 1049 et
1076 993 1222 1049 sedis
1262 989 1573 1067 apostolicae
1619 988 1816 1058 legato,

246 1109 373 1148 eum
402 1088 861 1159 archiepiscOpis,
889 1084 1161 1155 episcopis
1182 1091 1239 1137 et
1257 1082 1549 1136 abbatibus
1574 1078 1818 1133 diversa—

247 1196 372 1236 rum
403 1179 830 1251 provinciarum,
859 1177 926 1230 17
953 1174 1070 1229 Kal.
1103 1172 1444 1227 Novembris.
1466 1170 1529 1224 'ln
1550 1184 1660 1239 quo
1686 1182 1819 1223 con-

246 1272 377 1327 cilio
398 1279 656 1325 renovata
688 1277 773 1323 est
801 1265 1294 1341 excommunicatio
1326 1263 1381 1317 in
1410 1260 1720 1315 lleinricum
1742 1273 1823 1313 re-

246 1376 370 1432 gem
393 1369 447 1416 et
469 1359 774 1415 Wibertum
804 1357 952 1413 sedis
966 1354 1289 1425 'apbstolicaa
1324 1353 1651 1415 invasorem,
1682 1358 1737 1403 et
1768 1349 1824 1401 in

248 1466 444 1505 omnes
463 1464 655 1504 eorum
686 1448 1006 1516 complices;
1037 1446 1166 1499 item
1193 1458 1288 1497 rex
1309 1442 1606 1497 Galliarum
1629 1438 1826 1506 Philip-

246 1554 353 1610 pus
382 1536 886 1592 excommunicatus
904 1542 1006 1599 cst,
1036 1547 1105 1588 eo
1129 1531 1276 1602 quod
1302 1531 1516 1584 vivente
1535 1541 1703 1582 uxore
1726 1540 1823 1581 sua

247 1628 478 1681 alteram
508 1625 977 1695 superinduxerit;
1028 1623 1157 1676 item
1184 1618 1503 1675 Simoniaca
1533 1616 1741 1671 heresis
1772 1623 1828 1669 et

238 1716 647 1785 incontinentia
704 1714 1049 1770 sacerdotum
1112 1712 1229 1778 sub,
1269 1705 1829 1764 excommunicationc

1915 799 2011 866 vit,
2054 813 2305 854 asserens
2356 799 2503 853 illam
2551 815 2582 853 a
2630 814 2690 854 se
2736 800 2958 854 omnino
3008 801 3301 855 immunem
3345 816 3503 870 per»

1918 887 2212 953 mansisse;
2242 887 2386 956 quod
2426 886 2541 955 ipsa
2571 888 2926 941 libentissime
2950 888 3005 941 in
3038 899 3356 958 perpetuum
3384 906 3475 946 re-

1916 974 2151 1040 ticuerit,
2180 973 2227 1029 si
2255 989 2364 1028 non
2404 974 2520 1043 ipse
2559 976 2706 1043 prior
2738 976 2869 1030 illud
2914 976 3048 1030 satis
3074 972 3143 1008 “'
3171 979 3479 1035 inconside-

1868 1109 1871 1111 .
1918 1073 2036 1118 rate
2062 1064 2133 1096 ⁸³³
2173 1064 2546 1134 puplicaverit.
2597 1064 2750 1120 Unde
2787 1075 2942 1135 pater
2966 1064 3137 1136 ipsius
3180 1068 3235 1122 in
3264 1068 3482 1139 Longo-

1921 1151 2167 1207 bardiam
2198 1153 2361 1209 nimis
2390 1153 2463 1186 ⁸⁸⁸
2488 1154 2626 1209 irato
2655 1156 2838 1215 animo
2877 1158 3135 1225 pervenit,
3179 1165 3233 1211 et
3278 1157 3481 1214 frustra

1920 1242 2012 1296 diu
2042 1244 2383 1313 multumque
2400 1259 2502 1314 pro
2529 1240 3296 1314 huiusmodireconciliatione
3318 1248 3473 1305 labo-

1924 1333 2082 1387 ravit.
2118 1332 2300 1403 Ipsum
2339 1336 2504 1389 etiam
2546 1334 2857 1391 lleinricum
2901 1338 3005 1391 sibi
3052 1338 3107 1393 in
3149 1339 3477 1408 adjutorium

1924 1422 2118 1478 ascivit
2145 1432 2336 1478 contra
2368 1426 2625 1481 domnam
2672 1425 3007 1494 Mathildam,
3056 1437 3117 1482 ut
3143 1429 3314 1499 ipsam
3341 1432 3495 1488 bona

1926 1526 2025 1566 sua
2072 1513 2187 1567 ﬁlio
2232 1514 2351 1583 ejus
2384 1513 2516 1568 dare
2560 1516 2924 1584 compelleret,
2959 1519 3208 1586 quamvis
3245 1521 3484 1576 nondum

1926 1600 2079 1654 illum
2108 1601 2164 1654 in
2195 1602 2431 1657 maritali
2470 1618 2640 1672 opere
2676 1614 3027 1672 cognosceret
3065 1607 3155 1672 m;
3206 1609 3348 1663 unde
3393 1609 3489 1663 diu

1927 1688 2127 1745 frustra
2155 1691 2459 1746 laboratum
2487 1701 2589 1745 ret.
2625 1692 2868 1748 Domnus
2896 1710 3055 1764 papa,
3084 1694 3197 1750 Deo
3223 1704 3277 1750 et
3298 1705 3489 1751 sancto

248 1780 509 1863 damnata
532 1816 653 1873 est;
677 1807 807 1861 item
831 1804 1115 1860 monachis
1156 1776 1501 1857 interdictum
1526 1807 1609 1854 est
1646 1798 1700 1851 in
1728 1812 1821 1851 co-

1926 1776 2083 1873 Petro
2107 1788 2482 1873 prosperante,
2508 1781 2620 1850 jam
2649 1796 2787 1851 pene
2812 1782 3011 1852 ubique
3031 1784 3330 1852 praevaluit,
3351 1793 3405 1838 et
3432 1784 3488 1838 in

248 1898 377 1955 dem
428 1897 663 1953 concilio
706 1911 776 1950 ne
802 1894 1247 1965 parmhialium
1283 1874 1624 1947 sacerdotum
1652 1886 1825 1943 ollicia

247 1987 307 2043 in
354 1986 680 2058 parrmehiis
704 1991 989 2056 usurpent.
1036 1981 1183 2049 llaec,
1228 1982 1474 2051 inquam,
1521 1978 1705 2034 omnia
1751 1976 1825 2031 ibi

248 2087 382 2136 sunt
434 2079 754 2143 constituta,
808 2084 864 2131 et
917 2072 1215 2146 apostolica
1267 2070 1535 2142 legatione
1588 2068 1822 2122 ﬁrmata.

247 2170 578 2228 Adelbertus
599 2182 785 2223 comes
806 2165 874 2222 de
905 2163 1070 2219 Calva
1092 2163 1183 2230 “‘,
1199 2160 1421 2233 juvenis
1433 2160 1588 2216 bona:
1608 2155 1824 2221 indolis,

251 2256 389 2311 obiit
432 2257 467 2310 5
510 2254 652 2311 Non.
687 2250 1029 2314 Decembris
1068 2251 1158 2303 ⁶¹⁷.
1214 2249 1270 2302 In
1319 2245 1524 2304 Alsatia
1569 2244 1830 2313 magister

252 2346 607 2416 Manegoldus
628 2345 697 2400 de
723 2342 1059 2400 Liutenbaeh
1080 2337 1402 2395 mirabiliter
1420 2335 1826 2392 :eclesiasticam

252 2437 596 2508 religionem,
619 2435 735 2504 jam
760 2433 968 2489 dudum
998 2431 1056 2487 in
1090 2428 1198 2485 illis
1216 2427 1465 2499 partibus
1484 2423 1709 2481 omnino
1728 2428 1827 2478 ex—'

252 2529 507 2593 tinctam,
543 2525 656 2583 Deo
690 2525 1004 2588 miserante,
1046 2518 1373 2577 reaccendit.
1428 2512 1568 2572 Nam
1624 2514 1828 2594 invale-

254 2610 443 2672 scente
483 2592 627 2687 apud
674 2615 799 2671 illos
842 2613 1103 2669 diuturna
1131 2609 1465 2665 mortalitate
1504 2606 1595 2674 “',
1636 2592 1828 2659 Omnes

256 2724 394 2778 pene
426 2698 666 2777 majores
687 2714 743 2761 et
765 2705 1031 2761 militares
1055 2691 1203 2758 illius
1227 2698 1524 2773 provincia
1547 2696 1619 2751 ad
1645 2694 1827 2766 ipsum

257 2768 577 2853 caiervatim
603 2809 926 2864 convenere,
962 2803 1020 2853 et
1045 2794 1113 2852 de
1147 2768 1706 2849 excommunicatione
1733 2802 1831 2857 per

259 2882 583 2958 potestatem
608 2886 710 2958 ipsi
736 2882 1000 2944 a-domno
1032 2898 1174 2960 papa
1220 2894 1541 2938 concessam
1574 2872 1829 2943 absoluti,

258 2977 423 3033 etiam
442 2977 510 3032 de
527 2976 754 3051 reliquis
779 2991 971 3051 eorum
1002 2974 1262 3048 peccatis,
1277 2977 1498 3040 accepta
1512 2967 1828 3039 peuitcntia,

260 3083 359 3138 per
376 3083 503 3125 eum
531 3050 743 3139 absolvi
770 3082 878 3123 non
912 3050 1287 3123 cessaverunt.
1316 3060 1384 3115 Hi
1416 3072 1607 3113 omnes
1626 3057 1831 3111 domno

258 3172 415 3228 papae
436 3155 658 3211 Urbano
671 3146 928 3225 deinceps
953 3154 1181 3210 ﬁdeliter
1206 3150 1427 3209 obedire
1456 3148 1829 3214 decreverunt;

258 3247 405 3303 unde
457 3255 539 3329 et,
566 3232 761 3303 cilicia“
794 3242 1233 3302 Simoniaeorum
1276 3252 1333 3301 et
1380 3239 1830 3321 inconti‘nentium

260 3314 686 3409 presbiterorum
730 3336 950 3408 penitus
996 3337 1235 3405 recipere
1272 3314 1599 3395 noluerunt.
1656 3328 1833 3398 Hujus

259 3436 446 3483 autem
504 3427 825 3484 obedientiz
880 3426 1119 3481 domnus
1181 3422 1531 3492 Hanegoldus
1596 3418 1833 3474 maxima

259 3531 429 3574 causa
448 3516 579 3584 fuit;
613 3517 756 3597 unde
775 3525 830 3573 et
855 3530 1109 3589 magnam
1133 3514 1392 3569 invidiam
1417 3511 1521 3567 sibi
1544 3508 1687 3579 apud
1710 3522 1835 3579 per-

260 3607 403 3667 ﬁdos
427 3607 707 3674 excitavit,
750 3622 919 3678 quam
946 3615 1129 3662 tamen
1156 3618 1255 3675 pro
1288 3603 1519 3658 minimo
1543 3597 1833 3671 reputavit,

259 3700 390 3769 quia
416 3713 517 3769 pro
546 3688 957 3754 Deo'contemni
991 3690 1155 3753 etiam
1202 3692 1657 3767 gloriosissimum
1714 3703 1837 3745 esse

262 3803 374 3845 non
401 3787 690 3845 dubitavit.
898 3802 907 3808 -
1377 3800 1386 3808 ·
1497 3787 1500 3790 ’

454 3906 455 3909 ~
725 3856 746 3874 “
915 3872 1129 3937 uxcv.

331 3967 580 4025 Domnus
596 3982 732 4039 papa
758 3964 1030 4033 Urbanus,
1052 3968 1169 4036 jam
1188 3964 1393 4019 dudum
1415 3962 1486 4017 dc
1511 3958 1683 4015 Roma
1710 3972 1837 4028 pro-

262 4060 460 4141 fectus,
490 4059 827 4129 nativitatem
857 4057 1070 4112 Domini
1110 4056 1164 4109 in
1206 4053 1405 4108 Tuscia
1446 4049 1838 4123 gloriosissime

262 4152 582 4218 celebravit;
612 4153 669 4206 in
695 4167 806 4221 qua
833 4151 1111 4221 provincia
1137 4148 1373 4206 Pisanus
1402 4146 1712 4217 episcopus,
1734 4158 1836 4197 no-

261 4242 413 4299 mine
454 4239 813 4312 Dagobertus,
859 4242 909 4295 ei
959 4240 1363 4296 studiosissime
1403 4235 1643 4299 servivit,
1677 4246 1839 4303 quem

265 4334 383 4403 ipse
409 4329 537 4402 jam“
572 4331 781 4388 dudum
810 4330 1259 4401 archiepiscopali
1286 4328 1454 4400 pallio
1487 4335 1541 4381 et
1576 4332 1839 4395 potestate

1927 1870 2103 1924 media
2130 1868 2506 1938 Longohardia
2534 1870 2589 1922 in
2614 1871 2834 1925 civitate
2860 1871 3169 1929 Placentina
3186 1917 3202 1941 ,
3248 1879 3391 1929 inter
3417 1876 3496 1946 ip-

1929 1973 2021 2013 sos
2050 1958 2409 2024 scismatieos,
2440 1966 2495 2013 et
2518 1966 2708 2013 contra
2736 1959 2885 2028 ipsos
2912 1956 3214 2030 generalem
3240 1965 3492 2020 sinodum

1929 2052 2113 2124 (1429)
2158 2052 2401 2110 condixi:
2447 2052 2632 2125 (Mart.
2667 2053 2752 2123 1);
2783 2054 2852 2108 ad
2877 2064 3042 2123 quam
3071 2056 3355 2125 episcopos
3380 2058 3490 2113 Ita-

1926 2141 2033 2207 lia,
2084 2141 2431 2213 Burgundiae,
2487 2142 2748 2210 Francia,
2798 2144 3158 2213 Alemannize,
3207 2146 3489 2218 Bajoariac,

1926 2229 2267 2300 aliarumque
2290 2231 2695 2300 provinciarum
2722 2234 2986 2289 canonica
3005 2244 3064 2290 et
3085 2238 3380 2294 apostolica
3401 2255 3497 2295 au-

1927 2318 2177 2374 ctoritate
2205 2319 2390 2375 missis
2414 2320 2582 2379 literis
2608 2323 2944 2377 convocavit.

1917 2427 1939 2453 ,ν
1996 2401 2160 2458 Facta
2188 2410 2273 2458 est
2301 2411 2484 2459 autem
2517 2404 2633 2461 haec
2660 2405 2887 2463 sinodus
2916 2407 3066 2463 circa
3093 2408 3326 2464 mediam
3352 2427 3493 2481 qua-

1929 2491 2290 2564 dragesimam
2309 2494 2616 2563 Placentiae,
2640 2497 2708 2552 ad
2734 2512 2901 2571 quam
2926 2498 3179 2555 sinodum
3201 2502 3493 2557 multitudo

1929 2590 2038 2639 tam
2067 2583 2480 2640 innumerabilis
2512 2586 2794 2655 conﬂuxit,
2818 2598 2881 2644 ut
2911 2605 3251 2661 nequaquam
3280 2594 3336 2647 in
3358 2609 3497 2663 qua—

1930 2675 2060 2730 libet
2078 2675 2290 2732 azclcsia
2308 2675 2457 2732 illius
2483 2676 2589 2731 loci
2609 2687 2795 2747 posset
2814 2680 3218 2749 comprehendi.
3256 2679 3410 2737 Unde
3439 2691 3497 2739 et

1929 2766 2164 2821 domnus
2190 2781 2329 2837 papa
2352 2775 2503 2822 extra
2530 2767 2718 2822 urbem
2745 2768 2800 2823 in
2828 2782 3022 2839 campo
3049 2769 3198 2825 illam
3219 2768 3497 2827 celebrare

1931 2856 2246 2937 compulsus
2282 2865 2395 2921 est;
2445 2872 2547 2912 nee
2583 2858 2691 2912 hoc
2726 2865 2911 2912 tamen
2952 2858 3157 2929 absque
3200 2860 3499 2930 probabilis

1931 2943 2164 3031 exempli
2212 2942 2557 3030 auctoritate.
2613 2944 2751 3001 Nam
2798 2947 2916 3016 ipse
2962 2948 3173 3018 primus
3224 2949 3503 3022 legislator

1931 3029 2143 3100 Moyses
2194 3031 2455 3113 populum
2510 3031 2605 3087 Dei
2657 3033 2716 3087 in
2775 3036 3201 3105 campestribus,
3237 3038 3499 3108 legalibus

1858 3106 1899 3161 ε
1932 3118 2217 3189 praeceptis
2244 3106 2598 3187 Deo‘juhente
2625 3122 2879 3187 instituit,
2903 3132 2960 3177 et
2970 3124 3085 3193 ipse
3106 3106 3366 3178 Dominus
3387 3141 3497 3179 non

1934 3210 1989 3263 in
2013 3208 2270 3264 domibus
2289 3216 2374 3264 set
2399 3208 2452 3262 in
2478 3218 2663 3264 monte
2681 3220 2736 3264 et
2764 3210 2820 3265 in
2846 3213 3243 3283 campestribus
3267 3214 3499 3284 discipu-

1936 3304 2019 3358 los
2044 3317 2179 3358 suos
2205 3301 2770 3391 cvangelieisstatutis
2795 3302 3108 3359 informavit
3136 3305 3340 3375 (1450).
3370 3305 3500 3362 Mis-

1934 3407 2025 3446 sas
2056 3407 2279 3462 quoque
2304 3396 2694 3475 nonnunquam
2728 3401 2881 3447 extra
2906 3393 3173 3448 melesiam
3216 3396 3349 3450 satis
3375 3413 3504 3466 pro-

1934 3480 2205 3547 babiliter,
2234 3482 2555 3536 necessitate
2594 3481 2825 3551 quidem
2852 3492 3096 3553 cogente,
3142 3485 3500 3553 celebramus,

1934 3572 2187 3643 quamvis
2212 3570 2455 3627 ecclesias
2480 3562 2683 3627 earum\
2695 3550 3046 3628 celebrationi
3075 3550 3379 3644 specialiusr
3414 3550 3507 3631 dc-

1933 3671 2153 3732 putatas
2180 3677 2289 3717 non
2325 3662 2658 3733 ignoremus.
2689 3660 2748 3716 In
2776 3664 2879 3718 hac
2905 3664 3099 3719 sinodo
3125 3664 3382 3721 Praxedis
3418 3682 3505 3720 rc-

1936 3744 2084 3821 giua,
2126 3752 2243 3822 jam
2285 3751 2492 3807 dudum
2529 3766 2561 3805 a
2603 3748 2974 3827 lleinrico"“
3020 3760 3286 3822 separata,
3335 3767 3503 3823 super

1938 3844 2194 3897 maritum
2243 3856 2406 3897 suum
2440 3841 2644 3895 domno
2673 3840 2972 3909 apostolico
2996 3850 3051 3895 et
3078 3851 3279 3899 sanetae
3305 3844 3503 3899 sinodo

1937 3941 2236 4003 conquesta
2284 3940 2371 3987 cst
2405 3932 2473 3986 de
2514 3930 2772 3986 inauditis
2818 3928 3239 3987 fornicationum
3291 3935 3502 4003 spurci-

1936 4027 2039 4083 ciis
2065 4027 2134 4059 “7
2172 4040 2314 4096 quas
2343 4024 2485 4095 apud.
2516 4024 2770 4078 maritum
2800 4038 2961 4094 passa
2976 4012 2985 4025 ’”
2998 4033 3117 4090 est;
3140 4025 3297 4094 cujus
3323 4027 3503 4094 queri-

1938 4121 2179 4176 moniam
2207 4120 2441 4175 domnus
2463 4132 2601 4188 papa
2637 4132 2762 4173 cum
2797 4124 2984 4173 sancta
3021 4110 3214 4185 sinodo
3238 4117 3370 4171 satis
3395 4118 3503 4173 mi-

1939 4213 2287 4270 scricorditer
2323 4210 2580 4278 suscepit,
2608 4223 2676 4263 eo
2712 4207 2857 4277 quod
2886 4208 3058 4275 ipsam
3086 4216 3264 4267 tantas
3293 4209 3504 4278 spurci:

1939 4308 2056 4362 cias
2082 4321 2190 4359 non
2217 4313 2325 4357 tam
2354 4299 2713 4362 Commisisse,
2736 4312 2902 4367 quam
2937 4298 3158 4352 invitam
3191 4300 3502 4388 pertulisse,

264 4386 603 4489 Rennuit,
644 4386 792 4488 quod
838 4386 1064 4472 eatenus
1102 4386 1315 4471 Pisaeae
1362 4414 1506 4469 sedis
1552 4386 1828 4480 episcOpus

1939 4411 2039 4466 pro
2077 4403 2228 4449 certo
2254 4389 2586 4464 cognoverit.
2619 4386 2773 4443 Unde
2812 4398 2867 4443 et
2920 4389 2987 4443 de
3037 4386 3351 4458 penittmtia,
3378 4394 3381 4399 ‘
3405 4407 3505 4460 pro

264 4509 469 4565 habere
497 4510 568 4543 “'
590 4524 701 4564 non
730 4509 800 4543 σι’
816 4508 1107 4564 consuevit
1132 4508 1223 4560 “’.
1251 4505 1541 4561 lleinricus
1559 4511 1740 4557 autem
1763 4498 1828 4530 “'

1939 4484 2252 4555 huiusmodi
2296 4482 2526 4552 nagieiis
2588 4478 2952 4551 i’njuugenda,
3002 4480 3147 4535 illam
3208 4478 3505 4536 clementer

264 4613 363 4654 rex
387 4599 567 4654 dictus
592 4592 662 4630 ⁴¹⁰
689 4614 757 4654 eo
785 4609 1026 4670 tempore
1064 4599 1120 4653 in
1159 4594 1537 4667 Longobardia
1579 4588 1832 4645 moraba-

264 4697 375 4757 ωιί
418 4704 559 4759 Ρθιιθ
584 4689 735 4745 Omni
764 4690 911 4760 regia
938 4688 1200 4760 dignitate
1232 4686 1494 4757 privatus.
1523 4680 1659 4735 Nam
1681 4675 1833 4733 illius

1939 4579 2190 4643 absolvit,
2213 4590 2334 4647 qua:
2360 4583 2416 4629 ct
2440 4581 2722 4645 peccatum
2766 4585 2925 4647 suum
2967 4578 3161 4637 sponte
3191 4578 3247 4624 et
3290 4567 3507 4640 publice

1938 4670 2186 4727 conﬁteri
2220 4683 2330 4723 non
2374 4665 2609 4720 erubuit.
2658 4661 2739 4715 Ad
2775 4660 2915 4715 banc
2942 4659 3195 4715 sinodum
3222 4660 3506 4734 Philippus

266 4750 389 4853 ejus
409 4750 757 4848 Ubonradns,
784 4750 898 4850 javm
931 4750 1135 4853 dudum
1154 4780 1211 4834 in
1235 4750 1416 4847 regem
1436 4780 1750 4835 coronatus,
1776 4784 1835 4823 se
1932 4780 2029 4819 rex
2073 4762 2378 4853 Galliarum
2409 4752 2733 4853 legationem
2767 4750 3193 4853 suam.direxit,'
3224 4766 3391 4823 seque
3432 4758 3502 4812 ad

267 4844 339 4948 ait
363 4844 479 4931 'illo
523 4844 753 4947 penitus.
784 4844 1088 4943 separdvit,
1138 4881 1193 4928 et
1225 4844 1440 4927 domum
1476 4868 1543 4902 ⁶¹¹
1590 4862 1835 4946 Mathildi

1936 4856 2083 4909 illam
2122 4848 2283 4905 itiner
2310 4847 2380 4880 “°
2411 4845 2701 4916 incepisse,
2728 4842 2821 4899 sed
2842 4840 3097 4911 legitimis
3117 4842 3290 4901 soniis
3317 4845 3501 4919 (1451)

1526 4991 1769 5056 .VARIA‘Z
1808 4982 2210 5042 LECTIONES.

324 5112 410 5152 ’⁶¹⁶
435 5121 664 5177 calcuua
694 5120 749 5175 2.
823 5120 891 5152 ⁶¹⁷
916 5117 1081 5187 reliqu

1085 5133 1117 5169 α
1146 5113 1271 5168 anni
1299 5114 1484 5169 desunt
1516 5108 1571 5162 2.
1647 5102 1716 5135 ⁸³⁸
1746 5094 2151 5169 immortalitate
2194 5108 2332 5169 corr.
2377 5088 2709 5169 mortalitate
2762 5087 2813 5169 1ἔ

2912 5087 2980 5123 ⁸⁸³
3034 5089 3090 5139 in
3130 5072 3247 5139 loco
3286 5099 3405 5137 raso
3447 5086 3501 5139 1·

435 5152 664 5177 wwuua
697 5152 749 5175 ι.
919 5152 1117 5187 ιιιιιμιι.
1146 5152 1271 5168 ιιι-η-
1299 5152 1484 5169 ..νυ-η-
1519 5152 1571 5162 --
1747 5152 1795 5154 ω
2298 5162 2309 5173 ,
2584 5158 2590 5163 ,

271 5191 342 5223 m
370 5189 513 5243 de,“
539 5192 608 5252 ε.
688 5192 754 5223 m
788 5190 926 5244 de“;
951 5188 1006 5243 2,
1080 5186 1150 5217 ⁶²²
1181 5182 1441 5238 mathidis
1478 5182 1530 5232 1.
1606 5174 1675 5206 ⁸⁸³
1703 5173 1755 5224 in
1782 5168 2038 5222 lacerato
2070 5164 2117 5217 1.
2194 5162 2263 5194 ⁸⁸⁸
2290 5171 2348 5215 ut
2368 5160 2482 5214 loco
2515 5175 2635 5213 raso
2661 5160 2711 5213 1.
2788 5156 2858 5187 ⁸³⁸
2879 5164 3158 5212 onosccret
3194 5155 3255 5205 1..
3320 5152 3389 5183 ⁶¹⁶
3433 5153 3503 5207 Η.

271 5275 399 5331 rege
420 5259 476 5313 9-
539 5250 623 5291 Ὗ⁶¹⁷⁷
646 5261 883 5329 spurciis
910 5260 959 5313 1.
1034 5256 1106 5289 ⁶²⁸
1131 5254 1325 5308 inloco
1358 5254 1477 5304 raso
1508 5250 1557 5301 1.

1784 5341 2015 5402 NOTAE.

373 5455 528 5524 “27)
558 5452 761 5524 Aulon.
790 5420 793 5421 ν
922 5516 966 5524 __
1092 5494 1095 5495 ν

376 5506 530 5592 14Ξ8)
567 5521 652 5577 Cf.
680 5521 887 5592 litteras
922 5516 1163 5592 llugonis
1202 5510 1734 5592 a_r<_:_n_1.cp._ﬁln.ugdun.
1771 5506 1840 5564 de

274 5581 655 5651 congreganda
682 5591 773 5645 illo
797 5581 1048 5650 concilio,
1072 5584 1245 5640 Mansi
1270 5581 1404 5651 xx;
1427 5581 1547 5638 799.

348 5609 380 5646 n
548 5607 655 5646 nuo
682 5607 773 5645 ttto
797 5607 1048 5650 οοηοιιιο,
1073 5607 1245 5640 unus:
1270 5607 1365 5639 AA
1437 5607 1547 5638 tua.

348 5607 545 5731 (ῗὲξῖ
569 5657 881 5724 Mansixx,
913 5655 1014 5711 804
1376 5626 1387 5651 ’
1626 5694 1629 5696 .

2017 5428 2199 5501 (1450)
2237 5424 2361 5480 llzec
2424 5410 2670 5488 exempla
2736 5430 2803 5470 ex
2844 5412 3193 5485 praefatione
3249 5384 3505 5467 Actorum

1945 5503 2360 5636 su't'i‘ig‘tf‘i?lé.
2392 5570 2564 5616 mora.
2606 5555 2714 5612 Lex
2740 5554 2915 5610 Salica
2950 5554 3042 5607 tit.
3068 5554 3117 5605 1.
3180 5530 3185 5535 ’
