3970 6408
428 476 446 526 1
463 473 567 530 HS

422 676 527 730 tias
554 673 656 729 sibi
681 686 855 741 usque
882 670 936 722 in
956 666 1311 723 Pentecosten
1327 663 1469 734 apud
1491 662 1756 718 domnum
1781 675 1999 733 papam,

423 765 616 821 sinodo
661 760 1059 826 intercedente,
1119 756 1442 826 impetravit.
1514 752 1758 808 Domuus
1820 759 2003 829 autem

373 898 379 903 η
424 856 576 927 llugo
596 854 664 887 ⁸³⁵
690 850 1067 925 Lugdunensis
1088 848 1531 918 archiepiscopus
1542 845 1611 899 ad
1633 843 1861 900 eandem
1887 840 2003 896 sini

420 934 586 1002 oduni
644 953 909 1007 vocatus,
957 941 1027 995 ah
1081 939 1260 995 ollicio
1311 935 1696 1006 suspenditur,
1744 950 1812 990 co
1853 932 2000 1003 quod

422 1037 537 1106 ipse
563 1049 673 1089 non
699 1033 929 1095 venerit,
966 1045 1065 1086 nee
1104 1030 1339 1098 legatum
1371 1042 1497 1082 cum
1533 1024 1799 1080 canonica
1829 1038 1997 1079 excu-

418 1127 633 1181 satione
659 1125 787 1179 illuc
808 1138 908 1193 pro
933 1138 994 1178 se
1014 1120 1292 1176 direxerit.
1322 1118 1455 1173 Item
1492 1117 1692 1188 legatio
1724 1116 1997 1170 Constan-

417 1212 761 1283 tinopolitani
806 1212 991 1280 (115⁸5)
1039 1208 1387 1280 imperatoris
1445 1206 1512 1260 ad
1561 1206 1701 1259 hanc
1742 1204 1998 1260 sinodum

418 1303 684 1373 pervenit,
712 1303 808 1370 qui
833 1301 1097 1355 domuum
1133 1314 1329 1369 papam
1357 1310 1657 1367 omnesque
1690 1294 1893 1350 Christi
1935 1294 1998 1369 fi-

416 1394 565 1448 deles
616 1391 933 1461 suppliciter
983 1390 1313 1460 imploravit,
1360 1397 1422 1443 ut
1464 1385 1686 1457 aliquod
1733 1386 1994 1441 auxilium

417 1484 523 1538 sibi
557 1491 748 1538 contra
769 1495 1010 1551 paganos
1044 1494 1145 1551 pro
1189 1478 1507 1533 defensione
1539 1483 1741 1531 sancta:
1771 1474 1996 1530 melesiae

416 1568 751 1633 conferrent,
788 1583 955 1638 quam
988 1568 1185 1638 pagani
1209 1566 1323 1636 jam
1353 1581 1489 1635 pene
1526 1565 1580 1618 in
1613 1564 1719 1619 illis
1749 1562 1994 1633 partibus

414 1662 742 1723 dcleverant,
764 1658 859 1729 qui
882 1669 1065 1727 partes
1087 1657 1207 1712 illas
1222 1671 1394 1725 usque
1419 1655 1486 1712 ad
1510 1670 1698 1710 muros
1730 1652 1996 1709 Constan-

416 1750 786 1821 tinopolitante
811 1749 1047 1803 civitatis
1076 1736 1443 1803 obtinuerant.
1479 1745 1561 1801 Ad
1595 1745 1699 1799 hoc
1733 1758 1865 1815 ergo
1889 1758 1990 1796 au-

414 1845 606 1903 xilium
632 1842 868 1898 domnus
894 1856 1031 1912 papa
1056 1840 1258 1894 multos
1291 1838 1554 1904 incitavit,
1578 1845 1638 1890 ut
1655 1836 1819 1891 etiam
1840 1835 1991 1905 jure-

415 1936 648 2006 jurando
678 1935 1059 2006 promitterent
1079 1946 1141 1986 se
1178 1930 1307 1985 illuc
1346 1927 1456 1983 Deo
1500 1934 1775 1981 annuente
1794 1924 1989 1990 ituros,

414 2037 471 2081 et
494 2028 683 2083 eidem.
709 2022 1024 2095 imperatori
1056 2029 1245 2077 contra
1292 2033 1536 2090 paganos
1565 2032 1665 2087 pro
1696 2031 1859 2087 posse
1890 2026 1992 2069 suo

416 2116 793 2171 ﬁdelissimum
817 2110 1152 2181 adjutorium
1177 2109 1494 2163 collaturos.
1536 2106 1661 2162 Ilaec
1693 2112 1873 2160 autem
1909 2105 1994 2159 iu-

414 2213 498 2259 ter
528 2203 634 2258 alia
679 2203 733 2256 in
766 2200 857 2254 illa
884 2198 1080 2254 sinodo
1106 2197 1405 2254 constituta
1431 2204 1581 2262 sunt,
1624 2204 1686 2250 ut
1722 2195 1790 2251 ad
1833 2195 1990 2266 peni-

416 2295 648 2349 tentiam
695 2290 846 2345 nullo
881 2287 1044 2344 modo
1097 2286 1467 2356 reciperentur
1505 2285 1600 2356 qui
1631 2285 1989 2350 concubinas,

412 2384 500 2438 vel
540 2383 727 2437 odium
756 2395 823 2435 ex
851 2379 1016 2435 corde
1056 2378 1267 2446 (1451),
1314 2376 1400 2430 vel
1440 2375 1722 2445 quodlibet
1762 2373 1992 2429 mortale

414 2482 697 2543 peccatum
727 2471 1004 2525 dimittere
1044 2468 1270 2522 nollent.
1305 2465 1437 2521 item
1472 2475 1534 2521 ut
1563 2466 1747 2521 nullus
1776 2465 1988 2536 presbi-

411 2573 496 2618 ter
523 2563 736 2632 aliquos
777 2560 846 2614 ad
887 2558 1240 2630 penitentiam
1287 2556 1571 2627 reciperet,
1605 2555 1711 2610 nisi
1741 2555 1831 2609 cui
1858 2567 1989 2624 pro-

411 2654 566 2723 prius
607 2651 896 2722 episcopus
926 2649 1069 2704 hanc
1095 2663 1285 2703 curam
1332 2645 1716 2701 commisisset.
1755 2643 1887 2701 Item
1933 2651 1992 2698 ut

411 2741 748 2812 quibuslibet
774 2739 876 2793 rite
900 2738 970 2794 ad
996 2736 1399 2793 confessionem
1430 2734 1772 2790 venientibus
1789 2734 2019 2790 eucha-'

410 2834 621 2890 ristiam
666 2847 777 2889 non
827 2832 1179 2903 denegemus,
1224 2844 1367 2900 quos
1408 2829 1528 2884 solo
1582 2842 1829 2899 corpore,
1879 2841 1990 2881 non

416 2934 617 2991 mente,
651 2924 795 2978 inter
826 2920 1333 2977 excommunicatos
1382 2932 1619 2983 manere,
1666 2932 1767 2973 nec
1808 2925 1991 2971 tamen

415 3028 609 3067 eorum
649 3009 1007 3069 sacramentis
1033 3009 1441 3065 communicare
1481 3008 1884 3079 cognoscimus.
1931 3005 1990 3061 in

411 3106 517 3159 hac
548 3118 769 3174 quoque
801 3103 998 3159 sinodo
1033 3101 1245 3156 heresis
1299 3097 1738 3155 Simoniacorum
1778 3098 1993 3168 penitus

1412 459 1503 513 Αι)
1539 456 1764 521 οιιιειιλ
1803 458 1862 513 s.
1891 409 2218 513 caecout!
2248 453 2689 512 APPEVDICES.

425 602 485 640 se
525 581 844 652 impeditum
874 577 1046 633 fuisse
1092 573 1370 629 mandavit
1398 571 1605 642 (1452).
1654 569 1809 626 Unde
1845 568 2005 624 indu-
2034 571 2078 626 Λ
2104 576 2212 621 tur.
2256 565 2388 621 Item
2419 567 2475 622 in
2498 566 2820 624 Guibertum
2849 567 3252 635 hercsiarchen,
3291 571 3438 626 sedis
3462 583 3707 643 apem».

3672 102 3921 389 Ἴ

3434 440 3438 444 ⁴
3540 463 3682 520 ttat

2104 658 2223 712 licte
2249 658 2582 724 invasorem,
2627 669 2683 712 et
2729 660 2786 713 in
2829 673 3022 714 omnes
3050 660 3173 731 ejus
3221 663 3516 733 complices
3547 678 3684 722 sen-

2058 761 2071 772 '
2104 750 2270 803 tentia
2298 749 2666 819 anathematis
2699 749 2932 804 sinodali
2962 750 3174 819 judicio
3205 766 3332 807 cum
3362 753 3686 813 ardentibus

2103 839 2343 895 candelis
2368 816 2565 923 ite'rum
2595 839 2937 912 promulgata
2965 816 3072 896 est.
3104 840 3161 895 In
3186 842 3290 896 hac
3319 842 3515 899 sinodo
3538 860 3682 914 qua-

2102 939 2229 985 tuor
2252 929 2368 985 fere
2393 930 2541 985 milia
2566 932 2892 987 clericorum
2920 941 2975 988 et
2993 933 3118 1003 plus
3138 948 3302 1003 quam
3331 933 3551 1004 triginta
3575 934 3680 989 mi-

2101 1021 2172 1075 lia
2200 1020 2467 1098 laicorpm
2497 1021 2675 1095 fuisse
2688 1022 3062 1092 perhibentur.
3094 1022 3155 1078 In
3181 1023 3285 1079 hac
3316 1022 3514 1079 sinodo
3546 1039 3685 1079 con-

2100 1114 2350 1170 stitutum
2389 1123 2475 1171 est
2512 1126 2575 1171 ut
2607 1132 2708 1186 pro
2760 1119 3041 1184 crismate,
3086 1129 3143 1175 et
3170 1120 3558 1195 baptismo,.et
3589 1138 3683 1179 se-
3714 1171 3719 1175 _

2100 1206 2318 1289 pultura
2357 1207 2528 1262 nichil
2558 1213 2801 1278 unquam
2826 1210 3076 1280 exigatur
3101 1211 3307 1282 (1457).
3343 1210 3476 1267 Item
3504 1221 3564 1268 ut
3591 1214 3681 1283 je-

2093 1295 2248 1366 junia
2295 1306 2534 1366 quatuor
2568 1306 2876 1370 temporum
2924 1301 3031 1356 hoc
3075 1300 3267 1356 ordine
3315 1302 3680 1368 celebrentur,

2098 1386 2309 1442 scilicet
2357 1387 2595 1453 primum
2624 1390 2704 1457 Jiu
2756 1390 2933 1456 prima
2982 1390 3288 1462 epdomada
3323 1392 3683 1464 quadragesi-

2096 1492 2220 1544 mae,
2271 1486 2573 1535 secundum
2604 1484 2661 1536 in
2692 1482 2991 1550 epdomada
3035 1482 3408 1549 ‘I‘cnteeostes,
3443 1485 3679 1540 tercium
3783 1478 3791 1485 ’

2095 1580 2225 1621 vero
2250 1575 2305 1620 et
2331 1576 2590 1637 quartum
2640 1568 2696 1622 in
2740 1568 3044 1638 Septembri
3096 1578 3153 1625 et
3197 1569 3478 1626 Deccmbri
3512 1572 3683 1627 solito

2094 1673 2247 1714 more
2293 1660 2424 1714 tlaut
2482 1643 2730 1731 (1458).
2799 1647 2937 1716 Huic
2991 1659 3189 1718 sinodo
3250 1661 3681 1717 reverentissimi

2093 1744 2365 1802 antistites
2413 1744 2783 1802 interfuerunt
2801 1788 2816 1814 ,
2843 1748 2912 1814 de
2940 1747 3194 1819 Baojaria
3224 1749 3446 1819 quidem
3486 1748 3683 1805 Diemo

2095 1833 2510 1907 Salcburgensis
2585 1838 2655 1870 ⁸³⁸
2726 1839 3175 1909 archiepiscopus
3197 1879 3214 1905 ,
3292 1849 3348 1894 et
3419 1839 3680 1896 Oudalri-

2092 1941 2192 1981 cus
2231 1924 2571 1982 Pataviensis
2609 1927 2931 1998 episcopus,
2972 1928 3097 1998 ejus
3147 1928 3559 2000 sullraganeus,
3608 1931 3683 1987 de

2092 2016 2411 2073 Alemannia
2432 2033 2565 2073 vero
2596 2016 2950 2094 Gebehardus
2989 2019 3433 2076 Constantiensis
3458 2021 3683 2092 episco-

2090 2121 2215 2177 pus;
2247 2108 2343 2177 qui
2369 2117 2441 2174 et_
2461 2108 2763 2165 Arnoldum
2786 2108 3268 2167 ’Dlediolanensem
3308 2111 3683 2182 archiepisco-

2089 2214 2219 2270 pum
2238 2200 2333 2256 diu
2355 2201 2577 2273 quidem
2595 2202 2826 2259 electum
2858 2201 3069 2273 (1459),
3098 2210 3185 2258 set
3210 2202 3454 2258 nondum
3482 2218 3685 2260 consc-

2089 2301 2325 2356 cratum,
2351 2290 2542 2346 eodem
2569 2300 2814 2361 tempore
2839 2307 2907 2347 ex
2936 2292 3295 2349 concessione
3322 2273 3683 2364 domni‘papa:

2088 2379 2378 2436 Mediolani
2407 2395 2819 2437 consecravere.
2857 2380 2979 2452 Ipse
3003 2382 3490 2453 quoque‘domnus
3533 2398 3679 2453 papa

2088 2466 2440 2525 Oudalricum
2468 2466 2798 2539 Augiensem
2819 2470 3070 2526 abbatem
3097 2484 3167 2526 eo
3189 2479 3434 2540 tempore
3470 2485 3677 2527 conse-

2089 2560 2283 2626 cravit,
2306 2559 2403 2629 qui
2448 2559 2635 2615 itidem
2668 2560 2941 2630 praedictae
2972 2561 3167 2618 sinodo
3199 2560 3467 2627 interfuit;
3496 2559 3589 2617 cui
3618 2562 3678 2617 in

2091 2638 2378 2719 praesentia
2402 2647 2840 2705 Constantiensis
2860 2650 3105 2720 episcopi
3131 2664 3350 2705 omnem
3386 2650 3679 2722 episcopa-

2089 2740 2197 2794 lem
2224 2748 2547 2811 potestatem
2577 2740 2645 2772 ‘“
2671 2739 2726 2794 in
2755 2740 2964 2795 clerum
2994 2747 3051 2795 et
3094 2739 3357 2810 populum
3382 2738 3680 2812 Aegiensis

2091 2831 2285 2887 insula:
2318 2830 2619 2898 interdixit,
2667 2846 2835 2902 quam
2858 2831 3064 2887 dudum
3103 2830 3513 2888 Constantiensi
3551 2832 3676 2905 epi-

2092 2935 2260 2990 scopo
2281 2921 2554 2976 concessit
2576 2919 2782 2991 (me).
2812 2920 2995 2976 Abbas
3028 2930 3213 2977 tamen
3240 2922 3329 2977 ille
3363 2936 3476 2978 non
3500 2924 3680 2978 multo

2091 3018 2217 3081 post
2237 3011 2304 3066 de
2324 3010 2415 3066 illa
2441 3019 2707 3081 potestate
2740 3025 2800 3066 se
2830 3009 3162 3077 intromisit;
3196 3011 3340 3068 unde
3382 3012 3679 3082 quarimt»

2094 3100 2184 3153 nia
2212 3099 2355 3155 facta
2384 3101 2455 3155 ab
2480 3100 2760 3170 episcopo,
2808 3100 3047 3157 domnus
3094 3096 3235 3172 papa
3290 3102 3446 3157 illum
3490 3102 3681 3159 missis

413 3196 674 3249 damnata
695 3202 798 3257 est,
836 3202 897 3248 ut
919 3192 1181 3263 quiequid
1208 3191 1291 3245 vel
1319 3191 1374 3243 in
1404 3189 1579 3244 sacris
1604 3187 1889 3243 ordinibus
1910 3187 1992 3243 vel
2018 3211 2061 3268 ρ
2092 3188 2265 3245 literis
2292 3190 2363 3245 ab
2390 3189 2704 3261 hujusmodi
2747 3190 3172 3261 praesumptione
3211 3190 3411 3246 iterum
3454 3203 3681 3262 compe-

415 3284 471 3339 in
494 3282 869 3339 :cclesiasticis
896 3283 1060 3338 rebus
1091 3281 1217 3335 data
1242 3280 1324 3348 vel
1348 3280 1613 3349 promissa
1643 3278 1871 3348 pecunia
1903 3277 1993 3332 ad-

411 3376 677 3446 quisitum
705 3373 1015 3431 Simoniace
1041 3371 1331 3436 videretur,
1358 3384 1457 3439 pro
1479 3370 1638 3424 irrito
1679 3368 1990 3434 haberetur,

414 3465 703 3534 nullasque
726 3463 873 3517 vires
894 3461 1079 3531 (1455)
1110 3459 1367 3513 habuisse
1393 3457 1476 3512 vel
1498 3456 1699 3511 habere
1713 3455 1991 3525 judicare-

411 3566 521 3612 tur.
573 3553 669 3609 Ilis
694 3563 874 3607 tamen
904 3551 999 3621 qui
1030 3564 1142 3604 non
1179 3547 1490 3604 Simoniace
1524 3556 1579 3603 et
1620 3546 1929 3604 ncscicuter
1959 3561 1991 3602 a

412 3641 742 3699 Simoniacis
774 3638 1017 3709 ordinati
1049 3646 1198 3702 sunt,
1230 3636 1603 3691 misericordia
1629 3634 1684 3687 in
1722 3628 1991 3690 servando

408 3732 603 3788 ordine
623 3744 883 3787 concessa
909 3736 1026 3796 est;
1048 3726 1144 3798 qui
1166 3740 1293 3782 vero
1317 3725 1552 3781 scienter
1580 3724 1650 3780 ab
1678 3722 1991 3793 hujusmodi

410 3822 649 3877 ordinati
675 3829 827 3887 sunt,
858 3834 985 3874 cum
1019 3818 1137 3873 suis
1167 3815 1570 3872 ordinatoribus
1592 3813 1993 3883 inrecuperabi-

409 3914 533 3969 liter
555 3911 797 3969 damnati
824 3919 952 3964 sunt
978 3908 1185 3980 (1156).
1233 3905 1365 3961 Item
1416 3904 1622 3961 heresis
1658 3902 1993 3976 \Nicholaita-

408 4018 553 4069 rum,
580 4001 634 4057 id
661 4010 746 4056 est
783 3997 1258 4062 incontinentium,
1294 3994 1778 4059 subdiaconorum,
1805 3992 1991 4048 diaco—

410 4108 612 4149 norum
661 4101 716 4147 et
767 4091 1039 4161 praecipue
1089 4087 1458 4153 sacerdotum,
1511 4083 1993 4141 inretractahiliter

409 4185 667 4240 danniata
696 4191 800 4247 est,
833 4189 894 4235 ut
914 4180 1170 4247 deinceps
1198 4175 1265 4231 de
1294 4174 1471 4231 otlicio
1494 4189 1556 4231 se
1583 4189 1695 4229 non
1715 4174 1991 4229 intromit-

410 4285 549 4345 tant,
572 4274 669 4346 qui
691 4274 749 4330 in
784 4274 874 4328 illa
909 4271 1089 4328 heresi
1114 4282 1339 4325 manere
1365 4281 1474 4323 non
1520 4265 1847 4333 formidant;
1890 4279 1993 4323 nec

413 4367 649 4439 populus
674 4379 866 4422 eorum
892 4360 1068 4418 cilicia
1102 4359 1381 4415 ullomodo
1415 4357 1667 4429 recipiat,
1690 4357 1738 4414 si
1768 4357 1872 4429 ipsi
1895 4354 1991 4413 Ni-

409 4458 661 4512 eholaitte
702 4464 894 4512 contra
937 4453 1054 4509 haec
1094 4449 1382 4506 interdicta
1424 4448 1740 4504 ministrare
1782 4463 1991 4518 pmsu-
2034 4460 2035 4463 ‘

2090 3279 2621 3336 scuit.’Chonradus
2669 3294 2763 3335 rex
2806 3280 2953 3336 filius
2998 3278 3238 3337 Heinrici
3285 3281 3491 3337 domno
3523 3296 3683 3352 papa

2093 3368 2315 3425 Urbano
2360 3367 2689 3425 Cremonam
2739 3370 2980 3426 venienti
3044 3371 3262 3427 obviam
3308 3373 3681 3444 progreditur,

2089 3460 2249 3533 eique
2301 3460 2556 3517 stratoris
2614 3459 2852 3517 cilicium
2897 3461 3149 3518 exhibuit
3194 3461 3231 3517 4
3279 3460 3407 3517 Idus
3452 3461 3681 3533 Aprilis.

2091 3550 2294 3606 Deinde
2313 3551 2382 3583 ⁸³²
2406 3549 2534 3608 feeit
2559 3551 2611 3607 ei
2633 3550 2949 3608 ﬁdelitatem
2984 3551 3302 3623 iuramento
3349 3551 3419 3608 de
3454 3553 3588 3621 vita,
3611 3553 3687 3610 de

2091 3642 2350 3697 membris
2374 3682 2391 3708 ,
2425 3643 2579 3697 etde
2619 3651 2821 3713 papatu
2872 3641 3144 3699 Romano.
3196 3640 3446 3700 Domnus
3491 3653 3685 3701 autem

2090 3748 2232 3803 papa
2283 3732 2339 3787 in
2396 3730 2570 3787 filium
2620 3743 2824 3791 sanctae
2865 3732 3131 3790 Romana
3179 3733 3409 3790 eclesia:
3464 3735 3684 3805 recepit
3758 3751 3765 3755 '

2090 3825 2265 3891 illum,
2301 3823 2463 3895 eique
2489 3823 2782 3879 consilium
2826 3833 2883 3879 et
2931 3822 3265 3894 adjutorium
3310 3822 3381 3878 ad
3424 3822 3687 3881 obtinen-

2090 3915 2221 3971 dum
2249 3929 2477 3986 regnum
2508 3923 2565 3971 et
2608 3913 2679 3970 ad
2714 3927 2981 3969 coronam
3020 3913 3237 3984 imperii
3281 3913 3681 3985 adquirendam

2091 4019 2278 4061 coram
2325 4005 2530 4073 populo
2575 4003 2890 4059 ﬁrmissime
2935 4002 3209 4074 promisit,
3249 4002 3400 4058 salva
3451 4001 3683 4074 quidem

2085 4092 2307 4164 iusticia
2320 4092 2466 4147 illius
2487 4091 2733 4157 aaclesiaa,
2754 4099 2811 4146 et
2830 4092 3050 4147 statutis
3071 4091 3406 4161 apostolicis,
3435 4083 3683 4148 maxime

2089 4185 2159 4241 de
2204 4182 2545 4240 investituris
2590 4184 2647 4239 in
2675 4182 2747 4216 ⁸³³
2792 4178 3131 4253 spiritalibus
3179 4180 3253 4214 ⁸³³
3286 4181 3358 4215 ⁸³⁸
3392 4180 3587 4239 ciliciis
3604 4183 3683 4217 ⁸⁸³

2091 4290 2124 4329 a
2150 4275 2220 4307 ⁸³³
2259 4275 2401 4333 laico
2428 4275 2499 4309 ⁵³⁸
2549 4290 2663 4344 non
2692 4274 2762 4307 ⁸³³
2809 4272 3144 4345 usurpandis
3173 4272 3264 4327 ’”.
3321 4271 3503 4330 Well‘o
3559 4275 3681 4332 dux

2091 4363 2357 4435 Bajoaria:
2375 4379 2503 4435 cum
2546 4364 2658 4419 tilio
2679 4379 2786 4419 suo
2811 4350 3063 4420 Welfone
3102 4363 3324 4419 tandem
3358 4365 3428 4421 de
3453 4364 3681 4440 Longo-

2088 4454 2280 4512 bardia
2301 4456 2357 4511 in
2378 4455 2756 4532 Alemanniam
2781 4455 2962 4529 rediit,
2985 4455 3327 4530 multumque
3350 4456 3420 4511 de
3443 4458 3681 4515 restitu-

411 4556 583 4604 mant.
632 4545 769 4600 Item
800 4543 1011 4598 heresis
1041 4540 1453 4613 Beringariana,
1644 4538 1716 4595 ab
1765 4540 1994 4610 antiquo
2022 4540 2068 4596 ι)
2092 4546 2243 4605 tione
2287 4544 2508 4602 Henrici
2559 4547 2617 4604 in
2660 4563 2912 4618 regnum,
2936 4546 3192 4618 quamvis
3218 4547 3288 4612 de
3328 4546 3684 4605 anathemate

412 4636 703 4709 sepissime
747 4631 1238 4695 anathematitata,
1288 4630 1486 4686 iterum
1515 4629 1773 4715 damnata
1803 4637 1907 4698 est,
1935 4638 1992 4684 et

412 4724 684 4783 sententia
712 4721 995 4779 catholica:
1016 4720 1141 4777 lidei
1169 4727 1363 4775 contra
1383 4720 1612 4775 eandem
1639 4719 1854 4774 ﬁrmata
1881 4724 1987 4784 est;

413 4816 666 4871 videlicet
696 4813 845 4885 quod
866 4811 1027 4884 panis
1049 4805 1105 4866 et
1134 4810 1346 4879 vinum,
1373 4824 1500 4867 cum
1526 4809 1585 4864 in
1615 4808 1775 4864 altari
1792 4824 1987 4866 conse-

413 4915 658 4972 crantur,
680 4918 791 4959 non
816 4899 1237 4973 solum‘tigurate
1270 4901 1368 4958 sed
1392 4902 1559 4957 etiam
1579 4915 1707 4957 vere
1730 4908 1786 4956 et
1802 4914 1990 4957 essea-

414 4998 614 5054 tialiter
643 4997 701 5053 in
741 5008 943 5065 corpus
984 5001 1041 5048 et
1067 4992 1389 5065 sanguinem
1420 4991 1635 5047 Domini
1662 5000 1988 5076 convertan-

2093 4635 2338 4692 nondum
2373 4636 2688 4693 absolutum
2709 4638 2800 4706 ⁸⁸³,
2833 4652 2961 4695 cum
2983 4636 3324 4711 principibus
3362 4636 3522 4710 regni
3558 4636 3683 4695 fru-

2091 4735 2207 4794 stra
2232 4726 2518 4783 laboravit.
2549 4726 2688 4785 Nam
2728 4738 2785 4784 et
2821 4727 3066 4784 fautores
3091 4725 3333 4783 Heinrici
3367 4742 3481 4784 non
3515 4727 3684 4791 facile

2090 4820 2213 4891 ejus
2258 4813 2601 4890 persuasioni
2653 4819 3039 4887 crediderunt;
3065 4817 3335 4876 Catholici
3362 4827 3547 4875 autem
3575 4833 3681 4876 ex-

2092 4906 2645 4969 communicationem
2665 4920 2722 4966 et
2737 4909 3035 4989 perjurium
3057 4910 3338 4965 incurrere
3348 4908 3681 4976 timuerunt,

2095 5001 2143 5056 ‘si
2182 5003 2487 5073 reciperent
2515 4998 2852 5069 Heinricum,
2881 5016 3043 5070 ructu
3089 5002 3195 5057 sub
3211 5001 3682 5058 excommunica-

1689 5104 1924 5163 VABIE
1962 5109 2383 5171 ιεετιοιηιεε..

489 5249 794 5321 ⁸911801.
859 5246 933 5321 “ﬁ
963 5244 1373 5321 salbburgensis
1396 5260 1534 5300 corr.
1557 5245 1962 5317 salcburgensis
1986 5247 2037 5301 1.
2114 5247 2184 5281 ⁸³⁸
2205 5248 2369 5303 deest.
2404 5249 2463 5304 2.
2540 5248 2611 5282 ⁸⁸³
2632 5247 2838 5305 Denule
2867 5249 2919 5303 1.
2998 5248 3069 5280 ⁸³³
3099 5246 3289 5300 addita
3305 5246 3681 5311 ραάεηιήα.

423 5322 472 5377 1.
542 5319 613 5353 ⁸³⁸
639 5310 884 5392 ἔρῐιιίιιιιε
911 5316 964 5371 1.
998 5310 1004 5315 ’
1039 5315 1110 5348 ⁸³³
1146 5310 1332 5372 «3.1.

488 5472 673 5543 (1452)
708 5470 831 5543 vid.
856 5467 1040 5543 [venis
1058 5466 1416 5543 Carnotensis
1443 5468 1675 5540 epistola
1703 5468 1773 5523 46
1801 5468 1871 5523 ad
1897 5484 1996 5540 pa-

418 5534 544 5611 pam
578 5534 719 5611 apud
753 5539 1047 5596 Baronium
1070 5538 1126 5593 ιι.
1149 5552 1201 5593 a.
1234 5534 1360 5595 Uss.

489 5611 675 5691 (ne)
711 5607 1302 5691 temetosiselsﬁi»

521 5679 676 5746 ttat)
714 5676 888 5734 Mahsi
914 5676 1034 5746 xx,
1071 5676 1197 5746 814.

516 5745 674 5817 1455)
714 5748 978 5817 Quicquid
1005 5777 1074 5788 -—
1099 5745 1233 5801 tiret
1280 5756 1411 5803 sunt
1445 5745 1611 5803 verba
1659 5761 1693 5802 e
1732 5745 1910 5817 capite
1953 5745 1990 5799 2

422 5817 664 5888 sumpta;
694 5817 985 5888 statuentia
1001 5830 1033 5871 e
1058 5831 1178 5888 cap.
1214 5817 1250 5870 5
1270 5826 1327 5871 et
1348 5818 1404 5888 43

491 5882 674 5961 (1456)
708 5882 1075 5947 Confomitcr
1093 5882 1202 5945 illis
1222 5900 1345 5958 qute
1372 5883 1674 5943 Bernoldus
1699 5883 1768 5939 ad
1815 5882 1986 5940 Gebe-

1909 5362 2145 5443 Νοτιε.

2101 5465 2668 5542 ιιπδιιιιι-ῦριιει²ιιπη
2710 5448 3037 5542 sermne!
3082 5465 3154 5542 ad
3188 5467 3349 5542 haec
3401 5471 3685 5542 synodi-i-

2097 5538 2320 5621 i‘turum‘
2345 5535 2519 5607 ipsius
2568 5540 2763 5606 rogatu
2810 5534 3148 5621 perscripsit.
3188 5534 3310 5595 Vid.
3340 5534 3705 5614 θνιὶεαιιῑη.

2097 5602 2235 5661 XIII.
2273 5602 2398 5664 Uss.

2190 5677 2350 5743 ηδτ)
2386 5673 2640 5743 βηλίὸ.
2696 5739 2751 5743 __
2824 5741 2835 5743 _
2886 5726 2893 5733 .

2191 5739 2348 5810 1458)
2386 5739 2563 5797 Verba
2590 5739 2784 5809 capitis
2815 5741 2903 5810 14.
3072 5761 3081 5767 ο

2191 5809 2348 5868 1459)
2386 5810 2508 5865 Vid.
2543 5811 2599 5865 in
2626 5809 2733 5865 (ine
2758 5812 2897 5866 anni
2928 5810 3117 5866 £093:

2164 5879 2347 5953 (1440)
2385 5879 2518 5937 Vide
2542 5882 2709 5950 supra
2721 5879 2797 5939 ad
2816 5894 2947 5935 ann.
2975 5879 3136 5938 1089.

2326 5677 2350 5953 ξ
