3970 6360
287 460 305 512 1
316 458 422 513 125

1159 461 1442 515 M‘I‘END.
1486 460 1569 515 ΙΙΙ.
1611 494 1675 501 ——
1715 461 2141 518 MONL’MENTA
2182 465 2621 520 GREtIOlllANA

3388 472 3521 524 H26

280 572 427 625 tione
449 573 811 627 communiter
832 575 1235 657 alijuraverunt.
1260 576 1581 629 Clionradus
1611 592 1699 630 rex
1731 593 1852 631 cum
1883 579 1929 634 Δ
1955 593 2117 646 super
2148 588 2202 631 et
2250 578 2553 647 Philippum
2603 593 2780 647 regem
2818 578 3111 632 Galliarum
3147 583 3518 633 excommuni-

282 662 429 731 regio
458 672 719 732 apparatu
758 664 811 718 in
862 665 1117 720 Tusciam
1174 664 1327 719 Pisas
1376 667 1629 735 perrexit,
1673 668 1851 737 ibique

279 767 535 820 sponsam
592 770 771 821 suam,
821 756 986 810 filiam
1051 755 1263 827 [logei-ii
1318 756 1474 812 ducis
1524 759 1591 814 de
1647 760 1851 826 Sicilia,

277 839 457 896 adhuc
488 839 779 897 adn'iodum
828 846 1130 914 parvulam,
1165 861 1291 899 eum
1344 847 1582 901 inaudita
1628 850 1854 918 pecunia

278 930 382 984 sibi
414 932 651 987 oblatam
700 936 923 1005 accepit.
957 934 1199 992 Domnus
1228 952 1385 1006 papa,
1420 940 1581 994 rebus
1616 941 1670 994 in
1713 940 1855 996 Lou-

278 1022 537 1091 gobardia
570 1024 704 1080 bene
749 1026 1052 1095 dispositis,
1094 1028 1147 1081 in
1195 1026 1398 1084 Callias
1426 1030 1637 1084 marino
1664 1031 1856 1086 itinere

276 1114 418 1193 cepit
443 1114 728 1181 divertere,
759 1125 812 1170 ct
861 1118 927 1171 ad
965 1117 1222 1172 Sanctam
1253 1118 1476 1174 Mariam
1513 1122 1581 1176 ad
1628 1120 1855 1177 Pedium

277 1198 331 1256 ³η
360 1203 745 1274 Assunptione
774 1207 955 1276 ipsius
975 1210 1131 1279 (Aug.
1160 1210 1246 1276 lii)
1275 1212 1536 1279 pervenit,
1571 1213 1855 1267 sinodum-

276 1308 381 1361 que
409 1294 476 1348 ad
512 1305 748 1351 montem
780 1296 1001 1352 Clarum
1035 1299 1089 1351 in
1126 1309 1374 1354 octavam
1418 1302 1593 1357 sancti
1642 1302 1856 1359 Martini

276 1384 573 1453 apostolica
611 1387 680 1419 ⁸³⁸
708 1389 1031 1444 auctoritate
1061 1389 1129 1421 ⁸³⁸
1166 1391 1427 1457 condixit,
1478 1394 1545 1449 ad
1572 1410 1739 1463 quam
1775 1396 1856 1449 ἀίω

275 1488 562 1529 versarum
592 1478 995 1545 provinciarum
1027 1480 1316 1555 episcopos
1344 1483 1530 1539 missis
1564 1484 1734 1540 literis
1760 1500 1854 1540 ca-

276 1566 477 1619 nonica
514 1568 810 1629 _vocatione
860 1569 1129 1624 invitavit.
1182 1571 1472 1638 Liutolfus,
1525 1575 1852 1629 sanctissimi

277 1653 477 1709 Leonis
504 1672 654 1725 papze
684 1658 815 1711 noni
842 1658 985 1713 filius
1014 1660 1197 1731 (Iul)
1235 1671 1543 1731 sanctaque
1587 1662 1855 1719 Tullensis

274 1745 517 1799 aeelesize
535 1746 795 1812 deeanus,
814 1749 1210 1804 monasterium
1237 1751 1737 1823 clericorum,quod
1758 1760 1853 1810 c'a-

276 1836 529 1890 nouicam
549 1835 780 1891 Romani
803 1840 1209 1909 cognominant,
1232 1857 1397 1912 prope
1423 1844 1649 1898 eandem
1661 1846 1850 1900 civita-

275 1934 381 1979 tem
412 1929 737 1994 construxit,
790 1929 844 1982 in
892 1946 1005 1999 quo
1048 1910 1276 1988 clericos
1320 1910 1617 1990 secundum
1673 1938 1846 1991 sancti
1884 1910 1925 1963 Β

271 2012 565 2085 Augustini
627 2019 871 2087 regulam
910 2019 1091 2076 vivere
1141 2022 1419 2092 professos
1471 2028 1841 2097 congregavit;

270 2106 473 2175 quibus
492 2115 547 2160 et
569 2109 917 2177 prmpositum
939 2111 1182 2180 ejusdem
1211 2113 1566 2184 professionis
1589 2118 1843 2187 prmfecit,

272 2211 435 2265 quem
465 2198 752 2268 episcopus
788 2200 893 2255 loci
930 2201 1094 2256 etiam
1131 2203 1188 2257 in
1222 2204 1472 2260 abbatem
1508 2208 1682 2263 eidem
1712 2224 1845 2265 con-

273 2288 574 2356 gregationi
621 2290 958 2346 sollemniter
1007 2294 1367 2349 consecravit.
1421 2294 1518 2352 Est
1544 2300 1688 2353 enim
1715 2314 1847 2354 con-

271 2378 507 2432 suetudo
554 2378 608 2432 in
638 2380 745 2436 illis
767 2383 1034 2451 partibus,
1065 2392 1126 2438 ut
1153 2386 1428 2454 praepositi
1471 2389 1844 2458 congregatio-

271 2484 403 2522 num
450 2469 766 2539 huiusmodi
810 2473 1034 2527 abbates
1063 2474 1413 2530 nominentur
1450 2486 1506 2531 et
1540 2478 1595 2532 in
1623 2478 1845 2535 abbates

272 2570 678 2626 consecrentur,
731 2561 836 2617 hoc
882 2570 1093 2618 tantum
1140 2574 1386 2635 excepto,
1430 2568 1574 2636 quod
1625 2569 1847 2625 baculus

275 2661 384 2721 non
422 2658 659 2717 portant.
694 2650 936 2707 Domnus
961 2669 1181 2724 quoque
1220 2670 1355 2730 papa
1394 2654 1648 2715 Urbanus
1672 2660 1846 2716 eidem

420 2742 762 2814 privilegium
812 2740 977 2812 fecit,
1015 2749 1070 2802 in
1106 2765 1218 2818 quo
1244 2750 1559 2808 firmissime
1606 2755 1846 2810 decrevit

274 2844 335 2888 ut
353 2836 536 2891 clerici
565 2839 711 2894 illius
739 2840 843 2896 loci
872 2842 1115 2911 regulam
1144 2844 1316 2899 sancti
1340 2845 1625 2915 Augustini
1651 2847 1707 2902 in
1731 2864 1848 2917 per-

273 2935 495 2995 petuum
524 2930 856 2998 custodiant,
906 2941 961 2986 et
986 2933 1242 3003 deinceps
1280 2934 1580 2991 libertatem
1616 2936 1846 3008 eligendi

277 3017 486 3074 abbatis
508 3035 722 3090 semper
747 3024 1047 3079 obtineant.
1073 3023 1170 3080 Est
1191 3035 1371 3080 autem
1406 3027 1537 3083 illud
1570 3040 1846 3086 monaste-

260 3108 416 3162 rium
466 3111 521 3164 in
568 3111 830 3168 honorem
884 3116 1060 3170 sancti
1110 3114 1311 3172 Leonis
1335 3137 1338 3140 ’
1362 3132 1516 3188 papa
1543 3120 1849 3188 specialiter

272 3205 670 3266 constructum,
705 3210 759 3255 et
814 3203 1028 3257 asciesia
1073 3203 1409 3281 in_ejusdem
1444 3207 1720 3274 apostolici
1748 3208 1849 3263 ho-
1875 3226 1916 3284 ο

275 3300 464 3345 norem
495 3289 810 3344 solemniter
854 3291 1121 3346 dedicata.
1157 3290 1353 3346 Datum
1392 3302 1477 3348 est
1506 3295 1609 3350 hoc
1633 3296 1849 3364 privile-

274 3374 423 3443 gium
451 3375 509 3429 in
539 3375 914 3447 Longobardia
953 3381 1246 3437 venerabili
1290 3380 1531 3446 Ljutulfo
1575 3400 1604 3439 a
1643 3385 1846 3441 domno

276 3479 413 3534 papa
442 3479 588 3520 anno
613 3466 912 3524 Dominieze
935 3469 1003 3502 "'
1032 3470 1426 3551 [netu-nationis
1452 3472 1519 3505 ⁸³⁷
1547 3473 1846 3530 i095.Liu—

275 3553 442 3609 tolqu
481 3555 782 3614 ditissimus
832 3560 1186 3616 marebio'de
1241 3560 1503 3617 Orientali
1549 3579 1736 3633 regno,
1789 3566 1846 3621 in

204 3652 233 3706 ᾖ
274 3659 441 3699 causa
467 3648 641 3702 sancti
680 3646 824 3704 Petri
847 3640 1197 3723 fidelissimus
1234 3661 1425 3708 contra
1464 3654 1533 3686 ⁸³⁸
1567 3655 1845 3711 scismati-

276 3750 393 3802 eos,
420 3736 563 3791 diem
585 3739 781 3795 clausit
799 3751 1135 3810 extremum;
1160 3744 1228 3798 de
1248 3744 1316 3776 “’
1334 3745 1491 3814 cujus
1511 3745 1662 3804 obitu
1679 3762 1849 3817 quan-

274 3833 392 3879 tum
424 3826 689 3884 Catholici
722 3831 1033 3899 doluerunt,
1062 3842 1275 3889 tantum
1318 3835 1609 3903 adversarii
1644 3847 1848 3893 sancta;

276 3914 524 3970 aeclesiaa
556 3919 726 3987 gavisi
768 3929 916 3975 sunt.
947 3920 1234 3978 Heinricus
1262 3926 1426 3980 etiam
1450 3926 1728 3985 Palatinus
1754 3911 1846 3984 co-

278 4015 417 4065 mes,
446 4004 679 4058 multum
725 4015 780 4059 et
823 4007 939 4076 ipse
974 4009 1146 4075 dives,
1180 4021 1263 4065 set
1289 4012 1359 4044 “‘
1392 4014 1701 4083 apostolica:
1730 4017 1846 4072 sedi

278 4106 387 4145 non
422 4092 557 4163 adeo
588 4094 864 4162 obedien‘s,
900 4097 1042 4153 viam
1092 4099 1358 4157 universa:
1396 4112 1553 4158 terra:
1594 4105 1844 4174 arripuit,

276 4181 611 4255 divieiasque
640 4185 706 4217 ‘“
729 4188 929 4249 multas
969 4204 1001 4242 a
1038 4191 1225 4245 multis
1272 4192 1375 4247 sibi
1405 4194 1666 4249 inutiliter
1708 4195 1846 4250 diri-

278 4270 500 4340 piendas
547 4274 851 4344 dereliquit.
903 4275 962 4331 In
999 4278 1188 4335 Galliis
1230 4281 1298 4337 ad
1342 4279 1561 4337 Clarum
1604 4292 1845 4340 montem

278 4361 544 4432 generalis
584 4364 811 4422 sinodus
841 4368 1023 4441 (1112)
1067 4385 1098 4424 a
1135 4371 1337 4427 domno
1375 4389 1511 4444 papa
1559 4375 1615 4429 in
1656 4384 1846 4432 octava

279 4453 453 4509 sancti
484 4453 700 4512 Martini
722 4470 1046 4532 congregata
1065 4472 1150 4518 est
1180 4463 1343 4534 (Non.
1369 4465 1478 4536 18),
1511 4468 1566 4521 in
1600 4484 1709 4538 qua
1735 4478 1847 4525 tre-

1951 670 2115 735 eavit,
2162 686 2227 723 co
2254 671 2421 741 quod,
2454 671 2669 740 propria
2706 686 2870 726 uxore
2916 673 3159 736 dimissa,
3210 672 3396 727 militis
3437 676 3521 727 sui

1952 777 2176 816 uxorem
2208 762 2310 817 sibi
2344 763 2397 816 in
2426 764 2737 834 conjugium
2772 764 3015 819 sociavit.
3051 763 3124 816 lli
3155 764 3317 817 etiam
3362 766 3519 818 aliam

1954 855 2203 909 sinodum
2260 855 2314 908 iu
2364 856 2585 909 terciam
2644 856 3026 925 subsequentis
3098 858 3521 925 quadragesima:

1953 943 2306 1015 epdomadam
2332 943 2566 1000 Turonis
2590 945 2966 999 celebrandam
3002 946 3365 999 denuntiavit.

2618 1036 2855 1090 MXCVI.

2024 1124 2265 1179 Domnus
2286 1140 2423 1195 papa
2442 1126 2671 1180 Arelatis
2696 1128 2712 1193 (
2726 1127 2877 1195 Hi3)
2901 1126 3041 1180 diem
3064 1124 3355 1179 Dominica:
3379 1125 3518 1177 nati—

1954 1216 2137 1271 vitatis
2158 1232 2280 1270 enm
2308 1218 2646 1271 diversarum
2684 1218 3084 1285 provinciarum
3120 1216 3386 1284 episcopis
3410 1216 3519 1284 glo-

1955 1307 2256 1362 riosissime
2286 1307 2590 1361 celebravit.
2632 1308 2686 1361 lu
2728 1308 2813 1363 bis
2854 1309 2986 1361 locis
3020 1325 3082 1361 ex
3118 1318 3267 1375 parte
3294 1307 3519 1359 scisma-

1954 1396 2188 1452 ticorum
2232 1396 2643 1469 \‘iccburgeusis
2677 1400 2963 1469 episcopus
2988 1400 3167 1466 (1-1-1-1)
3200 1400 3265 1452 ad
3302 1407 3518 1467 aposto—

1954 1487 2117 1541 licum
2168 1490 2429 1557 pervenit,
2470 1491 2695 1559 ejusque
2726 1491 3153 1544 misericordiam
3196 1500 3520 1544 consecutus

1952 1587 2072 1646 est;
2103 1580 2175 1632 ita
2201 1588 2402 1644 tamen,
2436 1590 2494 1634 ut
2515 1582 2701 1635 eadem
2732 1581 3101 1636 misericordia
3134 1596 3163 1632 a
3198 1580 3386 1651 legatis
3422 1596 3519 1649 pa-

1952 1683 2033 1737 pa:
2072 1669 2126 1723 iu
2162 1668 2474 1725 Teutonicis
2522 1671 2764 1739 partibus
2819 1671 2991 1725 eidem
3044 1672 3407 1739 perficeretur.
3458 1669 3514 1722 ln

1953 1758 2118 1811 tercia
2158 1760 2454 1827 epdomada
2489 1761 2916 1829 quadragesima:
2948 1759 3134 1830 (.llart.
3173 1760 3257 1828 Π)
3288 1760 3521 1819 domnus

1951 1863 2089 1918 papa
2109 1849 2359 1903 sinodum
2386 1851 2673 1905 celebravit
2692 1851 2875 1918 (1145)
2899 1866 3021 1903 cum
3048 1851 3385 1904 diversarum
3408 1866 3518 1918 epi-

1951 1938 2132 2006 scopis
2158 1938 2560 2006 provinciarum
2602 1939 2654 1991 in
2682 1938 2898 1992 civitate
2933 1937 3258 2001 Turonensi,
3301 1936 3390 1990 ubi
3422 1937 3518 1989 ite-

1946 2042 2067 2081 rum
2102 2042 2325 2081 suorum
2365 2028 2760 2096 praeteritorum
2800 2038 2998 2081 statuta
3050 2028 3401 2081 conciliorum
3426 2046 3516 2095 ec-

1947 2115 2146 2169 neralis
2186 2115 2362 2169 sinodi
2416 2116 2733 2169 assensione
2776 2115 3085 2179 roboravit;
3117 2126 3306 2169 etnon
3352 2117 3519 2169 multo

1945 2214 2070 2273 post
2096 2205 2409 2274 episcopum
2450 2204 2928 2275 Strazburgensem
2958 2204 3163 2270 (l-HG),
3193 2203 3259 2257 de
3289 2219 3509 2261 excom-

1947 2294 2315 2347 municatione
2348 2295 2784 2363 resipisceutem,
2834 2295 3033 2363 recepit
3083 2295 3135 2347 iu
3174 2294 3513 2348 communio-

1946 2395 2092 2447 nem,
2124 2382 2198 2435 ita
2230 2389 2431 2444 tamen,
2467 2390 2525 2435 ut
2554 2381 2622 2434 de
2650 2383 2814 2437 illatis
2843 2382 3165 2439 criminibus
3217 2397 3273 2436 se
3320 2398 3515 2451 expur—

1947 2482 2117 2541 garet.
2151 2470 2247 2527 llis
2271 2473 2605 2541 temporibus
2629 2473 2864 2526 maxima
2890 2473 3177 2527 multitudo
3206 2473 3270 2527 de
3291 2472 3438 2527 Italia
3467 2484 3519 2526 et

1947 2563 2096 2616 omni
2132 2561 2305 2616 Gallia
2352 2571 2405 2615 et
2433 2562 2720 2617 Germania
2772 2563 3151 2617 lerosolimam
3196 2574 3387 2617 contra
3422 2579 3512 2632 pa-

1948 2642 2139 2722 ganos,
2194 2661 2253 2706 ut
2300 2653 2591 2707 liberarent
2619 2653 2981 2718 Christianos,
3033 2653 3109 2707 ire
3137 2654 3296 2721 ecpit.
3346 2653 3514 2720 Cujus

1948 2744 2305 2812 expeditionis
2352 2745 2585 2797 domnus
2632 2760 2767 2812 papa
2826 2747 3095 2799 maximus
3147 2728 3336 2799 auctor
3391 2743 3511 2797 fuit.

1947 2830 2081 2887 Nam
2105 2842 2159 2887 et
2182 2834 2236 2887 in
2264 2833 2550 2901 praeteritis
2583 2834 2650 2863 ⁶³¹
2678 2834 2884 2888 sinodis
2907 2834 3301 2889 studiosissime
3325 2848 3514 2887 omnes

1947 2926 2013 2978 de
2059 2926 2161 2978 hac
2199 2924 2535 2994 expeditione
2579 2926 2903 2993 pmmtonuit
2945 2925 3033 2991 ⁸⁵³,
3062 2940 3288 2993 eamque
3330 2924 3410 2977 cis
3460 2924 3513 2975 iu

1949 3015 2324 3069 remissionem
2356 3025 2696 3084 peccatorum
2719 3015 3017 3070 faciendam
3043 3016 3353 3071 firmissime
3370 3030 3517 3069 com—

1950 3107 2242 3162 mendavit.
2273 3106 2473 3161 Omnes
2499 3122 2717 3176 quoque
2758 3108 2850 3176 qui
2886 3108 2953 3159 ad
3004 3107 3106 3161 hoc
3141 3106 3241 3160 iter
3267 3120 3326 3160 sc
3348 3106 3515 3159 devo—

1950 3206 2165 3263 verunt,
2196 3198 2353 3268 signo
2375 3199 2553 3253 erucis
2580 3213 2639 3252 se
2667 3198 2815 3267 ipsos
2847 3198 2899 3251 in
2945 3198 3185 3252 vestibus
3214 3206 3401 3250 notare
3435 3196 3515 3250 fe-

1948 3284 2039 3347 cit,
2081 3285 2226 3353 quod
2263 3286 2425 3338 etiam
2465 3286 2678 3354 signum
2731 3286 3055 3355 quilmsdam
3099 3285 3151 3337 in
3195 3284 3310 3351 ipsa
3353 3300 3516 3337 carne

1949 3380 2194 3425 notatum
2231 3371 2498 3441 apparuit.
2540 3369 2691 3426 [inde
2717 3382 2772 3425 ct
2800 3388 2830 3425 a
2858 3370 3270 3441 quampluribus
3302 3370 3393 3424 Dei
3423 3384 3513 3424 or-

1946 3461 2221 3516 dinatione
2247 3471 2302 3516 et
2331 3460 2683 3532 inspiratione
2705 3463 2881 3531 ipsum
2914 3462 3013 3515 iter
3042 3461 3313 3530 inceptum
3344 3459 3512 3515 fuisse

1946 3553 2283 3608 credebatur.
2306 3551 2542 3606 Nimium
2561 3562 2739 3607 tamen
2765 3553 3080 3623 simpliciter
3108 3551 3518 3628 innumerabilis

1947 3644 2237 3699 multitudo
2275 3645 2618 3717 pepularium
2672 3646 2803 3699 illttd
2858 3648 2960 3701 iter
3006 3646 3373 3715 arripuerunt,
3423 3646 3517 3716 qui

1946 3734 2261 3789 uullomodo
2282 3750 2342 3789 se
2363 3735 2428 3787 ad
2453 3735 2556 3788 tale
2584 3734 2880 3803 periculum
2917 3748 3220 3804 pnrparare
3251 3750 3320 3789 no
3360 3746 3522 3788 erunt

1948 3825 2032 3879 vel
2058 3833 2370 3895 potuerunt.
2414 3821 2568 3877 Unde
2610 3833 2664 3878 et
2698 3838 2888 3877 eorum
2938 3840 3043 3878 non
3080 3837 3245 3893 parva
3288 3837 3418 3891 pars
3458 3822 3515 3875 in

1950 3914 2188 3986 Ungaria
2214 3915 2487 3980 occubuit,
2506 3929 2627 3984 qua:
2652 3923 2854 3969 terram
2885 3912 3221 3983 lingarorum
3251 3912 3515 3965 satisim-

1948 4006 2241 4076 prudenter
2287 4006 2571 4059 devastare
2632 4003 2994 4072 praesumpsit.
3054 4001 3336 4070 Reliquam
3387 4018 3516 4057 vero

1947 4096 2370 4165 subsequentem
2417 4092 2817 4148 multitudinem
2863 4108 2955 4147 rex
3009 4091 3260 4164 Ungaria:
3309 4101 3511 4145 terram

1948 4185 2095 4240 illam
2131 4184 2333 4239 intrare
2362 4199 2469 4239 non
2498 4184 2771 4253 permisit;
2804 4182 2962 4253 cujus
2982 4183 3144 4237 etiam
3190 4196 3299 4235 non
3348 4196 3515 4255 parva

1949 4291 2078 4347 pars
2104 4276 2174 4331 ad
2200 4275 2482 4330 introitum
2498 4273 2748 4346 Ungarize
2768 4272 3163 4329 oceubuit.Non
3193 4282 3309 4325 erat
3331 4279 3511 4326 autem

1951 4365 2149 4419 mirum
2181 4364 2329 4434 quod
2352 4358 2697 4432 propositum
2742 4363 2843 4415 iter
2883 4362 2950 4414 ad
3003 4360 3372 4415 lerosolimam
3417 4376 3515 4415 ex-

1950 4457 2098 4526 plere
2118 4470 2226 4508 non
2256 4460 2567 4522 potuerunt,
2602 4450 2731 4518 quia
2761 4465 2870 4503 non
2896 4450 2986 4503 tali
3017 4450 3320 4505 humilitate
3339 4459 3394 4504 et
3416 4451 3514 4506 de-

277 4541 452 4601 decim
497 4548 888 4622 archiepiscopi
928 4567 1053 4607 cum
1098 4568 1288 4610 eorum
1334 4556 1690 4627 suffraganeis
1728 4556 1845 4613 me-
1876 4554 1923 4609 1)
1947 4545 2182 4610 votione,
2212 4551 2274 4596 ut
2297 4542 2573 4606 deberent,
2607 4540 2736 4594 illud
2766 4541 2868 4594 iter
2899 4540 3079 4595 adorsi
3118 4550 3264 4595 sunt.
3296 4540 3432 4594 Nam
3460 4550 3517 4595 et

262 4642 430 4699 runt,
450 4636 761 4695 etducenta:
783 4642 1025 4712 quinque
1049 4645 1347 4712 pastorales
1368 4646 1533 4716 virga:
1552 4656 1864 4703 numerata:-

278 4727 425 4820 sunt.
442 4719 501 4775 In
531 4724 848 4820 haecmodo
869 4730 1102 4785 domnus
1123 4745 1259 4801 papa
1270 4732 1456 4787 eadem
1482 4741 1684 4788 statuta
1722 4748 1845 4803 qua

190 4862 197 4867 .
279 4816 334 4862 et
360 4812 417 4863 in
444 4812 715 4879 praterita
753 4816 945 4872 sinodo
992 4817 1306 4874 Placentina
1344 4820 1719 4887 confirmavit;
1751 4820 1838 4875 in-

1946 4635 2131 4705 plures
2165 4641 2443 4702 apostatas
2483 4633 2537 4685 in
2586 4632 2845 4686 comitatu
2898 4647 3001 4685 suo
3043 4632 3368 4694 habuerunt,
3414 4631 3511 4697 qui

1948 4723 2160 4793 abjecto
2188 4723 2463 4794 religionis
2494 4723 2681 4777 habitu
2726 4735 2849 4776 cum
2899 4719 3004 4773 illis
3037 4718 3267 4771 militare
3309 4731 3512 4786 prepo-

1948 4823 2194 4871 suerunt.
2231 4812 2335 4869 Sed
2369 4820 2424 4867 et
2470 4809 2887 4864 innumerabiles
2927 4805 3156 4861 feminas
3199 4822 3385 4863 secum
3412 4806 3513 4863 has

1546 4952 1778 5011 vanu;
1814 4908 2210 5010 Lacrimas.

353 5080 425 5119 m
451 5082 506 5134 in
532 5081 645 5157 loco
672 5100 792 5157 raso
815 5086 907 5157 1η
930 5086 1010 5157 ί⁶³¹ζ
1048 5086 1247 5141 inloco
1280 5106 1399 5144 raso
1430 5092 1477 5144 1.
1552 5090 1623 5122 ⁸³⁵
1659 5106 1709 5144 c.
1753 5105 1799 5144 s.
1830 5089 2017 5141 desunt
2054 5089 2119 5157 2.
2160 5086 2258 5157 f”
2280 5086 2355 5157 de
2393 5116 2464 5157 -τ
2488 5086 2659 5157 gavisi
2694 5084 3028 5157 sntitdesuut
3056 5086 3110 5138 2.
3187 5085 3255 5115 ‘“
3290 5102 3337 5140 s.
3378 5101 3428 5141 ι.
3457 5104 3508 5157 s,

283 5165 339 5202 n.
371 5166 512 5216 a..o.
540 5152 803 5209 ἀδικηιί
874 5155 939 5187 ⁶δ¹
979 5154 1034 5209 d.
1068 5172 1140 5210 m.
1174 5173 1225 5211 a.
1252 5174 1324 5212 m.
1355 5176 1400 5215 s.
1432 5160 1468 5213 i.
1496 5160 1550 5212 (Ι.
1575 5158 1629 5213 d.
1655 5159 1839 5213 desunt
1861 5158 1916 5211 2.
1993 5157 2059 5186 ⁶δ¹
2098 5154 2250 5225 [uitis
2273 5155 2322 5208 1.

1797 5286 2023 5345 ΝΟΤΕ.

1942 5377 2064 5433 815.
2094 5374 2219 5430 Uss.

354 5362 538 5445 (1141)
565 5365 894 5445 Spiritualis,
929 5374 1031 5429 sub
1056 5373 1200 5445 illius
1226 5374 1401 5430 adhuc
1432 5374 1701 5435 Tullensis
1725 5381 1841 5445 epi-

354 5396 538 5445 μτιινιι
566 5396 894 5438 ονιηιυειιιε,
929 5396 1031 5429 sun
1057 5396 1200 5431 Iulus
1226 5396 1401 5430 aunuc
1444 5396 1701 5435 tunensts
1725 5396 1755 5435 e
1813 5410 1841 5421 -

284 5438 965 5524 299E_9“{§-‘".c'rw9
994 5444 1139 5524 ίυέιξε
1162 5443 1739 5524 ξεοιιῖεῖεε.ειεεεωεψτ
1757 5396 1841 5504 ile

285 5502 483 5583 celsi-{ri
530 5503 640 5583 hae
660 5505 747 5583 ,ξε
787 5504 984 5583 Leonis
1020 5514 1234 5569 abbatia
1273 5514 1379 5568 vid.
1418 5513 1586 5569 Gallia
1612 5502 1840 5583 citing,

286 5569 491 5644 t._)_(lll,
528 5575 906 5644 μηκωνιὼί
940 5582 1104 5638 etiam
1167 5584 1307 5641 inter
1347 5569 1840 5644 instrumenta

288 5640 394 5720 ψ
445 5639 645 5720 porcia
686 5639 882 5720 etiam
903 5647 1255 5720 _ftu_nlationis
1279 5639 1286 5641 “
1307 5639 1573 5720 habetur,
1589 5639 1842 5711 una;

288 5708 414 5766 ldus
440 5708 658 5775 Octobr.
696 5729 747 5766 a.
790 5714 945 5769 11191.
990 5708 1114 5773 Uss.

361 5779 545 5851 (1442)
566 5778 685 5836 Vid.
719 5782 880 5854 hujus
913 5787 1126 5843 concilii
1171 5790 1327 5861 Acta,
1353 5793 1526 5850 διεπιδί
1564 5804 1603 5848 t.
1646 5794 1765 5863 XX,
1786 5811 1842 5865 p.

2399 5155 2470 5188 '“
2499 5155 2774 5225 promovit
2807 5157 2858 5209 5.

2014 5444 2197 5514 (tua)
2225 5443 2359 5514 Acta
2400 5444 2616 5514 concilii
2651 5442 3050 5514 Lemovicensis
3091 5460 3280 5514 papam
3310 5443 3503 5514 Lemo-

2082 5508 2347 5639 Sssgl'emnia
2398 5513 2599 5568 Christi
2652 5512 2957 5568 celebrasse
2996 5508 3277 5569 testantur.
3330 5511 3502 5568 Hansi

2040 5652 2199 5721 HM)
2236 5648 2560 5721 ﬁnirat-dus.

2039 5717 2200 5791 1445)
2237 5734 2315 5791 gn
2337 5718 2454 5771 Kal.
2488 5718 2656 5789 April.
2685 5717 2857 5775 Mansi
2890 5729 2927 5775 t.
2951 5719 3068 5787 XX,
3089 5736 3143 5791 p.
3168 5720 3288 5773 927.

2014 5786 2196 5861 (1466)
2229 5786 2507 5847 Ottonem.
