3970 6374
475 494 493 545 1
509 493 605 546 655

1438 489 1528 545 AD
1560 492 1784 548 OPERA
1822 495 1880 548 S.
1912 492 2244 550 οιιεοοιιιι
2265 495 2702 552 APPENDICES.

3544 503 3687 562 “36

471 599 782 660 immobilis,
799 608 853 655 et
875 615 1140 669 nusquam
1168 599 1351 653 favore
1380 601 1460 654 vel
1489 603 1684 672 gratia,
1707 611 1914 658 terrore
1940 603 2024 658 vel
2052 605 2097 661 Α
2121 604 2239 674 ejus
2263 606 2438 662 adhuc
2459 623 2644 664 cereus
2667 617 2721 663 et
2748 609 2996 666 indocilis
3018 609 3344 666 formaretur
3369 613 3435 668 ad
3459 613 3683 680 similia,
3710 661 3716 665 .

468 707 693 746 munere.
720 691 1004 745 inllectiutr
1015 705 1043 743 a
1055 699 1196 744 statu
1212 692 1489 747 canonica!
1511 693 1866 748 rectitudinis.
1883 693 1994 747 Μαι
2009 722 2026 733 -

470 779 542 832 tis
570 779 750 848 itaque
782 779 988 833 rmntiis
1017 779 1140 833 hinc
1163 779 1286 833 inde
1311 780 1497 835 missis
1513 789 1568 835 et
1596 782 1868 848 remissis,
1892 783 2029 838 mul-

472 871 540 923 tis
568 884 781 938 quoque
804 870 994 924 diebus
1018 869 1143 924 huic
1201 871 1488 926 audientia:
1508 873 1788 943 delegatis,
1835 883 1890 928 et
1935 889 2041 930 co--

471 961 711 1032 gnitores
764 960 1206 1032 [cognitionibus]
1229 977 1407 1018 causa:
1426 965 1688 1034 principis
1731 975 2028 1034 occupante

471 1060 736 1120 percepto
761 1068 864 1104 non
894 1052 1144 1121 impletis,
1171 1069 1296 1107 cum
1321 1053 1562 1109 Ecclesia
1573 1054 2025 1124 Constanticnsis,

473 1153 575 1192 suo
602 1139 812 1192 viduata
841 1151 1073 1208 pastore,
1120 1141 1230 1210 jam
1271 1141 1381 1196 fere
1437 1143 1656 1197 biennio
1708 1146 2027 1200 sacerdotali

473 1235 678 1280 careret
713 1227 1109 1294 benedictione,
1145 1231 1382 1296 tandem,
1432 1231 1778 1288 miseratione
1823 1234 2026 1300 divina,

473 1318 724 1384 potestati
751 1319 1173 1387 pneponderavit
1199 1322 1513 1387 auctoritas,
1542 1318 1821 1377 ct'Christi
1845 1339 2048 1378 sacer-v

473 1407 690 1461 dotibus
709 1409 888 1461 divina
915 1409 1173 1478 aspiravit
1194 1411 1462 1466 voluntas.
1492 1411 1644 1467 Unde
1671 1428 1860 1467 eorum
1879 1429 2029 1469 com-

474 1500 622 1552 muni
657 1515 881 1554 assensu
921 1503 1194 1571 synodalis
1233 1505 1448 1558 concilii
1491 1514 1638 1559 certa
1685 1506 2028 1578 legitimoque

473 1588 589 1642 dies
621 1589 988 1654 denuntiatur,
1019 1601 1072 1644 et
1097 1592 1540 1661 coepiscoporum
1585 1596 1916 1664 unanirnitas
1960 1594 2027 1647 ad

472 1681 756 1734 c'mciliutn
787 1682 1073 1751 imitatur;
1103 1699 1334 1752 quorum
1365 1685 1478 1750 alii,
1505 1695 1564 1740 ut
1585 1687 1884 1755 oportebat,
1911 1686 2029 1740 sine

471 1771 729 1824 dilatione
751 1771 1068 1835 adfuerunt;
1095 1775 1183 1827 alii
1218 1790 1368 1839 vero,
1420 1779 1512 1846 qui
1565 1786 1709 1831 certa
1756 1777 1822 1831 de
1863 1792 2026 1831 causa

473 1862 660 1916 adesse
692 1879 797 1916 non
828 1875 1093 1933 poterant,
1124 1869 1384 1922 canonice
1435 1869 1675 1923 excusati
1730 1868 2024 1936 subparem

473 1956 809 2020 praesentium
841 1957 1038 2010 vicaria
1089 1958 1356 2025 legatione
1383 1961 1784 2027 suppleverunt.

539 2043 722 2096 Primo
776 2046 938 2114 igitur
982 2050 1194 2102 concilii
1236 2049 1341 2115 die,
1398 2066 1559 2120 quem
1613 2061 1812 2106 sancta:
1851 2052 2030 2108 Maria!

470 2133 724 2186 dormitio
763 2145 888 2188 tunc
934 2137 1342 2190 celeberrimum
1374 2140 1680 2204 exhibebat,
1711 2157 1831 2194 cum
1873 2143 2031 2210 Spiri-

472 2223 633 2275 t'tulis
662 2225 826 2277 curim
853 2235 1152 2290 senatores,
1183 2230 1555 2296 patrocinante
1585 2229 1787 2299 Spiritu
1818 2243 2026 2297 sancto,

472 2313 608 2366 int-a
637 2315 836 2383 regiam
866 2312 1084 2382 Majoris
1114 2315 1384 2382 Ecclesize,
1417 2329 1540 2372 ante
1557 2321 1825 2374 cancellos
1846 2322 2032 2376 altaris

470 2407 882 2476 protomartyris
922 2407 1200 2475 Stephani,
1253 2410 1396 2476 quod
1451 2410 1503 2462 in
1555 2411 1804 2466 orientali
1845 2411 2032 2466 abside

454 2493 772 2548 confectum
796 2504 898 2560 est,
925 2497 1302 2550 convenissent
1333 2499 1386 2554 in
1412 2515 1604 2565 unum,
1628 2502 1822 2570 primo,
1853 2512 1911 2556 ut
1933 2518 2031 2571 par

469 2593 604 2647 erat,
629 2593 830 2638 sanctzc
850 2594 902 2638 et
930 2586 1216 2639 individtne
1257 2584 1505 2640 Trinitati
1541 2588 1749 2642 debitas
1793 2587 2033 2641 referunt

473 2680 763 2748 gratiarum
792 2680 1051 2744 actiones,
1080 2688 1133 2731 et
1163 2695 1260 2750 pro
1283 2680 1538 2733 incolumi
1569 2681 1733 2734 totius
1779 2679 2032 2735 Ecclesite

472 2779 612 2823 statu
631 2769 897 2838 supplices
919 2767 1027 2822 Deo
1048 2769 1278 2823 offerunt
1310 2785 1529 2839 preces;
1551 2768 1742 2824 deinde
1769 2781 1887 2840 post
1911 2787 2032 2826 tnu-

473 2871 618 2913 tuam
650 2858 875 2912 fratrum
906 2859 1306 2924 salutationcn'.,
1344 2869 1396 2913 et
1437 2859 1668 2914 debitam
1695 2861 1904 2914 sedium
1946 2876 2032 2914 re-

472 2949 854 3017 cognitionem,
880 2949 1032 3016 juxta
1058 2950 1422 3004 authenticam
1453 2958 1690 3017 paternae
1725 2949 2032 3005 traditionis

473 3039 758 3111 synodum,
789 3038 1071 3093 conferunt
1100 3040 1165 3093 ad
1201 3040 1427 3095 invicem
1468 3042 1533 3096 de
1581 3043 1804 3096 veritate
1846 3042 2032 3097 catho-

473 3131 589 3184 Ιίοιυ
615 3129 754 3193 fidei,
786 3129 1104 3182 damnantcs
1135 3128 1190 3182 Si
1217 3146 1410 3184 azoncm
1440 3141 1492 3184 ct
1521 3147 1710 3186 omnes
1747 3132 2032 3186 haeresiar-

472 3219 605 3273 chas
623 3234 744 3272 eum
769 3219 1109 3288 dogmatibus
1130 3221 1245 3273 suis
1265 3229 1319 3273 et
1352 3222 1675 3294 sequacibus
1705 3222 1839 3286 suis,
1863 3235 2032 3290 pauca

475 3324 572 3376 pro
601 3317 839 3377 tempore
862 3317 1092 3362 tractant
1121 3309 1186 3362 de
1219 3310 1478 3384 qualitate
1513 3311 1764 3367 instantis
1799 3312 2028 3382 negotii;

476 3416 538 3452 ac
565 3399 641 3453 sic
663 3399 902 3463 demum,
933 3408 1148 3467 propter
1166 3400 1485 3454 celebranda
1506 3404 2044 3457 tant-.csolemnitatis'

478 3489 668 3552 ollicia,
701 3489 917 3542 solvunt
952 3489 1264 3556 concilium,
1314 3491 1555 3546 crastino
1605 3492 1874 3547 maturius
1912 3494 2034 3548 red-

480 3580 604 3632 ituri
637 3580 687 3632 in
721 3579 972 3649 idipsum.
1472 3625 1479 3632 .

547 3667 766 3720 Postera
794 3681 920 3719 vero
943 3667 1048 3730 die,
1081 3675 1224 3720 certa
1247 3666 1462 3720 concilii
1501 3667 1654 3733 hora,
1694 3685 1816 3724 eum
1842 3671 2034 3724 iterum

479 3758 757 3826 apostolici
786 3758 1092 3812 sacerdotes
1119 3758 1170 3812 in
1187 3773 1370 3826 unum
1406 3761 1804 3826 convenissent,
1828 3772 1882 3816 et
1902 3777 2038 3832 pra:-

481 3847 662 3900 missis
692 3845 801 3898 Deo
829 3846 1078 3900 laudibus
1122 3854 1175 3898 et
1226 3847 1496 3915 precibus.
1541 3857 1595 3901 et
1641 3850 1863 3907 salutari
1914 3852 2040 3904 sede

482 3934 848 3988 consedissent
871 3932 1072 4003 (1460),
1106 3935 1250 4002 quod
1277 3935 1474 4003 cuique
1517 3936 1791 3991 sacerdoti
1824 3937 1878 3990 in
1942 3953 2040 3992 sua

482 4024 700 4080 (Πωρρεί
733 4025 1226 4091 venitindnbium,
1258 4028 1565 4082 rationabili
1613 4028 1896 4098 disciplina
1942 4029 2040 4085 de-

482 4117 684 4171 ducunt
713 4117 779 4170 ad
810 4117 1334 4186 medium,et,prout
1369 4135 1456 4172 res
1483 4119 1807 4188 postulabat,
1838 4137 2039 4175 unum-

482 4210 733 4278 quodque
757 4217 1039 4263 tractatum
1070 4217 1163 4262 aut
1190 4210 1545 4285 terminatum.
1566 4221 1650 4265 est
1683 4212 1924 4282 synodali
1947 4213 2040 4282 ju-

481 4300 641 4355 dicio.

552 4391 684 4445 Illud
713 4406 842 4445 vero
867 4391 1009 4460 quod
1035 4392 1264 4446 maxime
1289 4393 1343 4447 in
1369 4410 1532 4450 causa
1553 4393 1672 4460 fuit,
1697 4395 1764 4450 de
1784 4393 2046 4450 Constan-

481 4482 639 4536 tiensi
667 4484 934 4551 apposito,
965 4484 1101 4538 inter
1129 4482 1323 4540 fratres
1344 4487 1591 4564 studiose.
1607 4488 1925 4553 ventilatur;
1950 4483 2042 4540 sed

482 4573 870 4626 interveniente
897 4573 1154 4642 principis
1183 4577 1456 4643 mandato,
1485 4576 1542 4631 in
1569 4585 1883 4646 sequentem
1898 4577 2040 4631 diem

481 4663 927 4732 procrastinatur,
957 4665 1237 4735 agentibus
1264 4666 1611 4724 internuntiis
1634 4679 1694 4723 ut
1735 4668 2041 4724 sacerdotes

483 4751 694 4821 Domini
718 4770 751 4806 a
772 4756 1090 4810 constantia:
1114 4771 1227 4812 sua:
1255 4759 1430 4827 rigore
1458 4757 1525 4812 ad
1553 4759 1754 4828 regiam
1794 4775 1852 4813 se
1887 4758 2041 4814 inﬂe-

480 4852 688 4899 cterent
713 4846 1073 4910 voluntatem;
1120 4848 1242 4902 aliis
1291 4849 1618 4903 instantibus
1643 4857 1701 4904 ut
1733 4849 2044 4918 designatus

483 4933 569 4988 ille
596 4935 734 4989 male
762 4945 1086 5006 usurpatum
1110 4947 1299 5006 sponte
1317 4940 1606 4995 dimitteret
1620 4939 2046 4996 honorem.Ter—

483 5021 556 5075 tia
583 5038 710 5077 vero
735 5023 841 5089 die,
871 5023 1073 5079 Christi
1106 5026 1431 5090 sacerdotes,
1460 5027 1620 5095 hujus
1662 5029 1860 5098 negotii
1887 5031 2044 5100 longa

483 5115 882 5181 exspectatione
918 5117 1191 5182 suspensi,
1214 5125 1263 5169 et
1311 5117 1478 5171 libera
1513 5118 1746 5186 quadam
1797 5119 2044 5189 indigna-

485 5203 648 5266 tione,
683 5204 790 5258 imo
817 5203 930 5258 zelo
952 5204 1176 5272 justitiae
1192 5208 1426 5273 accensi,
1451 5209 1768 5267 sacerdotali
1787 5219 2043 5264 constan-

487 5295 560 5348 tia
583 5294 879 5363 principem
905 5311 1062 5349 suum
1088 5295 1312 5378 adeunt,
1337 5313 1572 5366 eumque
1598 5300 1668 5354 de
1703 5300 1876 5355 salute
1922 5282 2043 5352 ani-

487 5401 587 5439 nne
617 5400 750 5448 sum,
773 5385 840 5437 de
862 5399 992 5453 pace
1017 5385 1401 5450 Ecclesiarum,
1427 5387 1603 5456 dcquc
1624 5398 1767 5442 statu
1788 5390 1901 5457 regi
1930 5387 2043 5460 [re-

488 5474 602 5544 gni]
631 5475 899 5543 spiritualt
952 5475 1236 5543 disciplina
1297 5476 1650 5543 conveniunt,
1687 5485 2047 5546 proponentcs

487 5564 536 5617 ei
565 5564 630 5617 dc
657 5563 948 5633 Scripturis
972 5574 1026 5620 ct
1050 5565 1216 5635 gestis
1236 5563 1444 5630 Veteris
1465 5582 1541 5623 ac.
1559 5565 1693 5620 Novi
1721 5564 2050 5620 Testatncnti

489 5665 726 5719 congrua
753 5650 1010 5709 doctrinm
1033 5652 1288 5708 salutaris
1315 5655 1556 5724 exempla
1589 5642 1790 5724 quibus
1833 5652 2049 5707 animus

550 5826 742 5898 (“90)
783 5805 896 5918 ω’.
932 5831 1034 5887 loc.
1063 5833 1242 5887 mend.

2121 695 2363 750 dicentes
2398 706 2451 750 et
2489 696 2746 754 docentes
2772 701 2967 755 solium
3004 704 3156 774 regni
3199 706 3319 774 ejus
3370 705 3719 774 nullatenus;

2123 798 2283 853 posse
2305 787 2554 864 stabiliri,
2583 789 2686 844 nisi
2717 789 2959 846 firmetur
2972 792 3269 862 justitia-ct
3307 795 3688 855 observatione

2125 877 2499 932 mandatorum
2524 876 2637 934 Dei.

2199 965 2456 1022 Summus
2493 961 2671 1023 autem
2727 971 2816 1026 ille
2858 971 3202 1029 dominorum
3247 974 3529 1043 Dominus,
3583 978 3687 1048 qui

2126 1058 2272 1111 omni
2303 1060 2601 1128 potentatui
2625 1061 2955 1128 dominatur,
2983 1064 3057 1118 ita
3083 1065 3400 1134 temperavit
3436 1068 3698 1123 animum-

2126 1148 2404 1216 prineipis,
2432 1149 2503 1204 ita
2530 1150 2795 1220 mitigavit
2811 1167 2934 1206 eum
2963 1153 3029 1207 ad
3051 1150 3215 1208 verba
3253 1165 3454 1212 sancta:
3479 1157 3694 1213 exhor-

2127 1237 2346 1291 tationis
2372 1247 2431 1293 ut
2460 1238 2605 1292 nulla
2643 1240 2864 1309 juvenili
2913 1252 3218 1298 moveretur
3265 1244 3574 1311 acerbitate,
3603 1255 3688 1312 et,

2126 1329 2270 1397 quod
2300 1330 2352 1383 in
2385 1332 2739 1402 potestatibus
2783 1333 2997 1390 dillicile
3025 1345 3128 1402 est,
3185 1338 3331 1392 nulla
3374 1339 3692 1395 sacerdotes

2127 1391 2619 1474 insolenti-lueret
2656 1391 3038 1491 rcbponsione;
3063 1426 3291 1481 multum
3309 1436 3488 1484 tamen
3517 1443 3576 1482 se
3594 1443 3694 1481 cx-

2128 1524 2346 1575 cusans,
2385 1510 2436 1563 in
2464 1511 2566 1566 hoc
2598 1529 2709 1567 sua:
2726 1517 3004 1582 potestatis
3025 1517 3168 1570 dono
3197 1518 3405 1572 nullam
3429 1535 3488 1573 se
3528 1534 3692 1573 exer-

2127 1598 2306 1652 cuisse
2333 1601 2692 1668 venalitatcm,
2730 1604 2928 1658 nullam
2960 1621 3122 1675 super
3151 1606 3253 1661 hac
3280 1623 3334 1662 re
3351 1622 3474 1662 cum
3493 1608 3711 1663 eodem.

2127 1687 2321 1742 Carolo
2346 1705 2402 1744 se
2432 1691 2698 1762 pepigisse
2744 1697 3172 1751 comentionem.
3231 1694 3288 1752 Si
3329 1698 3456 1768 quid
3502 1707 3693 1753 autem

2129 1794 2250 1831 cum
2274 1779 2586 1836 domesticis
2615 1791 2666 1836 et
2703 1783 3056 1840 familiaribus
3080 1787 3217 1852 suis,
3260 1796 3479 1858 propter
3525 1803 3691 1857 opem

2130 1869 2554 1937 intercessionis,
2592 1873 2708 1942 ipso
2736 1875 3034 1944 ignorante,
3063 1876 3344 1946 pepigerit,
3386 1893 3545 1931 suum
3576 1893 3694 1937 non

2067 1961 2107 2013 Β
2133 1973 2251 2013 esse
2271 1975 2543 2028 accusare,
2572 1963 2654 2016 vel
2668 1980 2945 2019 excusare.
2972 1964 3084 2020 lloc
3106 1967 3218 2035 ipse
3239 1966 3450 2021 viderit.
3466 1966 3540 2022 De
3556 1967 3696 2022 dex-

2133 2057 2240 2102 tera
2274 2065 2400 2105 vero
2431 2069 2548 2118 sua,
2576 2070 2737 2124 quam
2767 2056 2838 2109 illi
2867 2066 3082 2125 ptopter
3105 2059 3382 2127 antiquam
3410 2059 3462 2112 in
3485 2074 3700 2130 prmpo-

2131 2139 2299 2193 situra
2333 2139 2758 2198 benevolentiam
2807 2147 2992 2214 gratiae
3029 2163 3142 2202 sua:
3180 2148 3381 2203 donum
3427 2152 3732 2219 porrexit,.

2131 2245 2345 2283 onmem
2376 2233 2613 2287 avaritia:
2635 2234 2808 2305 labem
2832 2236 2970 2290 dixit
3005 2251 3064 2292 se
3098 2246 3383 2304 excutere,
3435 2249 3486 2294 et
3537 2241 3698 2310 quod

2131 2319 2244 2388 ipse
2271 2319 2586 2389 simpliciter
2614 2320 2738 2376 fecit
2765 2324 2810 2376 si
2845 2325 2931 2378 ille
2962 2342 3171 2380 veneno
3194 2326 3427 2394 alicujus
3468 2329 3703 2382 malitia:

2131 2418 2452 2479 corruperat,
2483 2427 2542 2467 se
2567 2412 2639 2468 ob
2660 2412 2713 2468 id
2742 2413 2936 2468 divinae
2956 2415 3184 2483 iustitia:
3214 2415 3355 2471 nolle
3397 2417 3699 2472 contraire.

2200 2499 2309 2555 Hac
2338 2511 2516 2556 autem
2544 2503 2746 2558 salubri
2775 2506 3227 2560 sermocinatione
3267 2523 3392 2561 cum
3440 2508 3704 2562 sacerdo-

2132 2590 2275 2644 tibus
2299 2591 2504 2656 habita,
2530 2606 2652 2646 cum
2674 2591 2754 2646 eis
2767 2592 2914 2647 venit
2929 2592 2984 2647 in
3007 2593 3318 2648 concilium.
3345 2593 3414 2649 Et
3432 2595 3520 2650 ille
3539 2595 3699 2650 Con-

2131 2680 2442 2735 stanticnsis
2463 2680 2775 2751 designatus
2821 2683 3198 2737 intromittitur
3238 2685 3306 2738 ad
3343 2685 3700 2739 audiendum.

2131 2767 2341 2822 Adsunt
2386 2769 2548 2824 etiam
2592 2786 2689 2840 pro
2738 2768 2950 2825 foribus
2991 2758 3442 2826 ‘Constantienses
3487 2772 3702 2835 clerici,

2131 2860 2465 2928 postulantes
2485 2877 2580 2931 per
2612 2862 2818 2932 legatos
2864 2871 2922 2916 ut
2970 2871 3024 2916 et
3067 2862 3169 2931 ipsi
3215 2869 3548 2916 mererentur
3597 2862 3706 2915 ad-

2132 2948 2292 3003 mitti.
2324 2945 2476 3004 Tunc
2495 2967 2624 3004 vero
2653 2952 2863 3006 videres
2893 2951 3167 3006 lzetissima
3194 2959 3397 3010 sanctae
3437 2948 3707 3006 Ecclesia

2132 3039 2324 3109 gaudia
2355 3049 2406 3094 et
2435 3056 2560 3094 vera
2587 3041 2774 3096 mundi
2799 3041 3116 3096 convenisse
3144 3041 3452 3106 luminaria,
3476 3040 3706 3110 quando

2133 3131 2580 3203 circumfulgebat
2622 3133 2820 3188 nobilis
2855 3147 3058 3188 corona
3103 3147 3383 3187 sacrorum
3420 3131 3703 3197 ordinum,
3756 3193 3760 3195 ἒ

2133 3223 2269 3277 vivis
2290 3230 2556 3292 gemmata
2581 3221 2850 3291 lapidibus
2888 3219 3090 3275 Christi
3147 3217 3507 3284 sacerdotum,
3551 3219 3710 3272 velut

2135 3309 2434 3380 fulgoribus
2449 3310 2760 3363 micantium
2784 3316 3080 3369 astrorum.
3104 3305 3258 3362 Tunc
3269 3305 3712 3361 cmlinarrabam

2135 3397 2360 3466 gloriam
2373 3395 2485 3463 Dei,
2497 3405 2548 3450 ct
2559 3397 2776 3451 verbum
2791 3395 3196 3452 eructabatdies
3208 3395 3312 3449 diei
3331 3395 3501 3464 (Psal.
3517 3396 3704 3466 xvm).

2137 3487 2353 3557 quando
2375 3487 2627 3542 sacerdos
2673 3486 2938 3542 sacerdoti
2977 3485 3300 3554 sententiam
3333 3485 3560 3555 justitia:
3599 3501 3711 3539 er-

2137 3577 2390 3646 ponebat,
2418 3585 2471 3630 et
2499 3585 2742 3630 sanctam
2764 3575 3060 3630 Ecclesiam
3089 3574 3342 3629 salutaris
3387 3589 3575 3629 eorum
3603 3573 3744 3641 (ΞΟ--⁵

2139 3668 2310 3722 ctrina
2323 3668 2641 3721 instruebat.
2654 3666 2733 3721 Tu
2741 3682 2806 3721 nc
2822 3682 2950 3721 vasa
2962 3665 3239 3721 electionis
3255 3664 3716 3734 supereﬂluebant

2139 3758 2473 3813 ambrosiam
2501 3759 2764 3826 liquorem
2794 3758 2966 3811 sancti
2995 3755 3252 3825 Spiritus,
3282 3766 3336 3810 et
3370 3756 3502 3824 justi
3529 3754 3756 3824 fulgo-9

2141 3849 2272 3903 bant
2295 3847 2434 3902 sicut
2474 3847 2726 3916 splendor
2769 3845 3092 3929 firmamenti
3145 3843 3306 3914 (Dan.
3335 3844 3434 3913 xu)
3483 3845 3729 3914 quando-

2141 3939 2445 3994 sacerdotes
2496 3937 2706 3991 Domini
2758 3937 2919 3992 verba
2977 3935 3274 4005 sapientize,
3328 3934 3478 3989 velut
3527 3933 3716 3994 nubes

2143 4029 2415 4098 pluebant,
2447 4037 2500 4083 et
2525 4029 2688 4082 corda
2723 4026 3056 4080 audientium
3090 4026 3236 4079 velut
3266 4033 3465 4080 terram
3492 4023 3741 4094 fructi--

2144 4117 2312 4174 feram
2339 4118 2403 4173 ad
2430 4115 2839 4189 germinandum
2871 4113 3246 4168 infundebant.

2216 4210 2310 4264 His
2335 4224 2464 4279 ergo
2489 4209 2563 4262 ita
2589 4206 2867 4276 dispositis
2889 4214 2943 4260 et
2969 4204 3140 4276 digito
3163 4203 3259 4258 Dei
3289 4203 3571 4258 ordinante
3594 4201 3724 4258 dis-

2146 4298 2348 4364 tinctis,
2385 4298 2599 4366 utrique
2628 4297 3005 4361 admittuntur,
3035 4295 3326 4365 praedictus
3373 4294 3583 4349 scilicet
3611 4291 3722 4348 Ca-

2145 4370 2317 4456 rolus,
2345 4397 2398 4444 et
2420 4383 2476 4443 hi
2509 4388 2602 4458 qui
2631 4385 3066 4442 accusationibus
3091 4385 3377 4454 pulsabant
3393 4379 3714 4452 personam.

2144 4483 2327 4537 Prima
2366 4479 2848 4550 actioneregularis
2866 4478 3118 4550 prmlatus
3163 4472 3721 4530 ConstantiensisEee

2146 4573 2325 4628 clesize
2338 4571 2558 4641 protulit
2582 4562 2820 4624 libellum
2851 4567 3232 4644 accusationis,
3255 4567 3310 4621 in
3339 4561 3447 4636 quo
3467 4564 3725 4620 contine-

2140 4663 2338 4718 bantur
2359 4663 2537 4715 Causae
2553 4660 2748 4729 quibus
2789 4658 3359 4738 indignushabcretur,
3375 4664 3428 4710 et
3434 4655 3721 4725 judicare-

2145 4759 2580 4819 tur-sacramento
2592 4752 2902 4820 apostolica
2910 4748 3322 4805 benedictionis.
3336 4745 3578 4812 Quarum
3589 4747 3718 4815 pri-

2145 4861 2232 4902 ma
2265 4855 2319 4903 et
2338 4844 2574 4900 maxima
2599 4851 2736 4923 erat,
2768 4843 2915 4914 quod
2940 4840 3186 4911 exemplo
3221 4840 3467 4910 magistri
3489 4840 3577 4893 sui
3597 4913 3602 4916 _
3621 4837 3719 4893 Si-

2147 4938 2326 4991 monis
2354 4934 2616 5006 pestiferi,
2648 4951 2744 5005 per
2771 4931 3056 5004 pecuniam
3077 4927 3554 4984 invasissetsedcm
3571 4944 3587 4993 ;
3605 4941 3721 4982 ca-

2145 5037 2261 5083 tcra
2289 5027 2492 5088 omnia,
2523 5041 2645 5094 qua:
2665 5026 2739 5078 ibi
2767 5023 3101 5094 legebantur,
3153 5017 3559 5090 proclamabam
3584 5017 3718 5072 vio-

2146 5119 2346 5172 lentam
2373 5115 2612 5184 ejusdem
2644 5113 2896 5170 Ecclesiae
2940 5109 3385 5167 devastationern.
3434 5105 3527 5161 llle
3562 5105 3716 5159 idem

2148 5213 2401 5278 prmtatu‘s
2433 5215 2483 5260 et
2522 5205 2716 5260 fratres
2739 5205 2859 5276 ejus
2886 5203 2979 5273 qui
3028 5200 3252 5256 aderant
3303 5199 3432 5252 item
3471 5195 3717 5260 oderunt
3773 5268 3783 5279 _

2148 5313 2260 5354 sua:
2290 5295 2685 5351 testificationis
2711 5294 2944 5357 libellos,
2967 5291 3022 5346 in
3045 5290 3248 5360 quibus
3265 5285 3486 5356 singuli,
3509 5299 3716 5349 nomen

2147 5398 2200 5442 et
2227 5388 2460 5441 ofﬁcium
2495 5401 2653 5442 suum
2679 5385 3046 5462 designantes,
3074 5375 3351 5449 quidquid
3398 5374 3734 5462 accusando

2097 5467 2100 5470 ’
2150 5478 2233 5531 vel
2264 5476 2600 5532 testificando
2626 5477 3040 5545 proposuerant,
3067 5474 3319 5523 asserunt
3342 5481 3403 5522 se
3441 5461 3724 5521 canonico

2150 5564 2495 5638 probaturos.
2516 5559 2518 5563 ’
3218 5630 3227 5638 ο

2219 5653 2446 5710 Carolus
2469 5662 2687 5710 econtra
2713 5651 2902 5706 nititur
2945 5648 3252 5736 improbare
3291 5658 3575 5715 personal,
3621 5643 3726 5699 di-
