3970 6404
285 481 432 538 1157

1165 477 1450 534 APPEND.
1478 477 1579 541 111.
1617 506 1680 517 ——
1723 471 2155 530 MONUMENTA
2190 470 2652 528 GREGORIANA.

3393 473 3532 529 1438

283 589 421 629 cens
440 571 584 643 quod
607 572 726 641 ejus
753 569 990 626 infamia:
1017 579 1146 625 nota
1185 580 1373 626 essent
1417 568 1673 640 respersi,
1716 567 1862 638 quod
1889 569 1934 624 Α
1961 581 2058 636 gos
2080 579 2270 619 eorum
2298 565 2510 618 labores
2544 574 2653 618 tam
2685 564 2909 633 inepino
2936 565 3245 619 terminavit
3273 581 3530 634 compen-

287 679 390 718 nec
416 677 498 730 se,
527 678 628 717 nec
653 656 982 737 quemquam
1005 661 1173 736 alium
1201 670 1428 733 possent
1475 659 1732 715 canonice
1767 674 1861 713 ac-

285 767 503 809 cusare.
533 751 793 824 Adjungit
828 766 1120 824 quoquese.
1149 751 1332 806 omnia
1361 749 1571 820 objecta
1613 749 1858 820 synodali

281 843 495 914 judicio
519 852 906 914 purgaturum;
931 854 985 898 et
1009 842 1063 900 in
1085 832 1342 898 Omnibus
1371 839 1572 910 quibus
1595 855 1719 893 eum
1755 839 1858 892 im-

286 935 543 1004 petebant
567 950 627 990 se
647 950 770 990 esse
794 933 1094 988 innoxium.
1127 932 1305 1005 Longa
1321 933 1485 1004 igitur
1510 931 1857 987 altercatione

285 1025 417 1082 hinc
444 1024 572 1080 inde
598 1024 959 1094 disceptatum
989 1032 1090 1089 est,
1113 1033 1169 1078 et
1198 1022 1382 1078 multis
1413 1033 1524 1078 tota
1559 1023 1645 1077 die
1668 1023 1723 1076 in
1760 1021 1849 1076 ad—

285 1129 506 1170 versum
557 1113 876 1182 nitentibus,
924 1128 1098 1185 usque
1141 1113 1197 1168 in
1267 1112 1588 1184 profundam
1641 1122 1854 1167 noctem

285 1204 582 1262 concilium
608 1213 939 1276 pertractum
975 1213 1077 1271 est,
1114 1203 1243 1260 dum
1279 1203 1420 1258 inter
1449 1203 1648 1258 multos
1681 1201 1855 1257 ambi-

284 1297 434 1367 gitur
459 1295 526 1350 de
549 1310 778 1352 numero
804 1305 1185 1352 accusatorum
1216 1304 1270 1350 et
1304 1295 1543 1360 testium,
1573 1295 1702 1348 dum
1727 1294 1852 1346 lon-

283 1400 349 1456 ga
378 1384 764 1441 deliberatione
789 1385 1051 1456 quaeritur
1069 1386 1337 1456 judicium
1362 1384 1672 1451 utrum,isti
1696 1385 1856 1440 liceat
1894 1404 1902 1410 ·

282 1489 344 1531 se
367 1490 632 1531 excusare
656 1477 919 1532 adversus
963 1477 1366 1532 accusationem
1414 1475 1680 1530 istorum..
1714 1474 1850 1529 Dum

281 1579 374 1620 res
425 1565 567 1621 inter
610 1565 804 1622 fratres
846 1566 1152 1622 diutissime
1190 1566 1496 1631 disseritur,
1539 1566 1850 1632 concilium,

282 1665 505 1726 propter
529 1657 907 1727 intempestam
941 1667 1153 1713 noctem
1179 1657 1356 1712 adhuc
1373 1657 1492 1712 sine
1517 1670 1698 1725 opere,
1723 1671 1848 1725 pre-

280 1745 360 1802 tio
391 1746 687 1803 dirimitur.

349 1836 491 1903 Quid
521 1847 701 1892 autem
727 1839 840 1908 ipse
861 1839 1096 1896 Carolus
1128 1854 1311 1896 secum
1339 1839 1426 1894 illa
1458 1848 1615 1893 nocte
1656 1837 1846 1909 egerit,

1953 657 2067 719 dio,
2098 663 2318 709 orantes
2341 665 2394 709 et
2421 657 2773 734 deprecantes
2801 665 2860 709 ut
2886 655 2954 709 de
2974 671 3141 726 regno
3157 671 3258 710 suo
3287 656 3530 711 eliminet

1955 761 2169 802 onmem
2217 748 2548 817 apostasiam
2602 756 2657 802 et
2703 748 2886 802 omnia
2941 747 3218 813 scandala,
3253 763 3352 801 nec
3387 748 3528 802 ultra

1956 840 2210 893 Satanam
2236 838 2463 909 ejusque
2487 840 2759 909 apostolos
2782 841 2834 892 in
2856 855 2953 894 sua
2977 847 3163 893 saneta
3202 839 3428 908 regnare
3452 838 3527 891 si-

1953 942 2047 985 nat
2081 931 2322 985 Ecclesia
2349 949 2364 997 ;
2391 931 2483 985 sed
2514 931 2566 984 in
2591 931 2846 986 omnibus
2894 928 3136 984 consiliis
3184 937 3239 983 ct
3270 929 3526 999 operibus

1952 1039 2141 1078 eorum
2173 1023 2425 1093 dignetur
2449 1037 2634 1088 servos
2662 1037 2794 1077 suos
2817 1021 3126 1084 consolari,’
3139 1028 3193 1073 et
3233 1019 3527 1072 clementer

1953 1115 2175 1185 implere
2195 1115 2352 1184 quod
2375 1113 2630 1169 Ecclesiae
2677 1105 2879 1167 suaese
2918 1111 3165 1181 prmuisit
3208 1109 3520 1185 adfuturum

1952 1207 2206 1262 ouiuibns
2233 1205 2426 1261 diebus
2449 1221 2622 1276 usque
2656 1207 2721 1260 ad
2771 1203 3292 1260 consummationem
3339 1180 3578 1269 satcul‘k

1953 1297 2408 1368 (_llattlt.,vxvtu).

2022 1389 2309 1446 Communi
2347 1399 2525 1444 autent
2554 1389 2770 1442 decreto
2807 1387 3127 1456 pneeipiunt
3169 1373 3292 1454 qua:
3331 1385 3383 1437 in
3423 1385 3524 1438 Irae,

1951 1482 2155 1552 synotlo
2180 1489 2328 1553 gesta
2364 1489 2490 1533 sunt
2508 1477 2889 1533 ecclesiasticis
2915 1475 3079 1530 inseri
3110 1475 3297 1545 gestis,
3355 1481 3407 1527 et
3466 1475 3519 1526 in

1949 1573 2184 1628 art-bivis
2209 1582 2412 1646 sancta!
2438 1570 2766 1640 Moguntina:
2791 1567 3045 1622 Ecelesim
3067 1567 3270 1621 servari
3299 1566 3364 1619 ad
3404 1581 3522 1634 per-

1949 1675 2163 1734 petuam
2193 1664 2510 1717 memoriam
2541 1671 2590 1715 et
2624 1661 2981 1716 eruditimnnu
3023 1667 3263 1712 venturae
3292 1656 3524 1726 posteri-

1949 1756 2097 1820 tatis,
2145 1740 2205 1808 dt
2245 1755 2348 1809 bcc
2382 1753 2650 1820 majorum
2685 1753 2932 1822 exemplo
2985 1751 3224 1805 minores
3270 1749 3518 1804 instructi

1948 1862 2055 1898 non
2094 1843 2321 1898 timeant
2346 1843 2617 1905 resistere,
2660 1843 2704 1894 si
2744 1841 2797 1893 in
2846 1840 3155 1908 bujusmodi
3205 1839 3420 1906 negotio
3463 1855 3520 1894 se

276 1923 480 1994 quibus
508 1927 948 1982 retractatiouum
965 1929 1279 1987 verberibus
1296 1945 1439 1984 ream
1460 1929 1847 1984 conscientiam
1883 1934 1924 1988 Β
1950 1932 2180 1986 viderint
2209 1931 2555 2000 prmgravari,
2586 1930 2887 1984 certissime
2913 1929 3146 1981 scientes
3192 1922 3519 1980 nullomoglo

275 2013 644 2085 flagellaverit,
668 2031 903 2086 sequens
929 2018 1117 2089 utique
1138 2019 1256 2074 dies
1281 2019 1592 2075 declaravit.
1619 2017 1849 2082 Nammt

273 2118 343 2158 ex
375 2104 496 2174 ipso
515 2104 708 2161 etl‘eetu
735 2117 898 2178 gestae
919 2109 996 2162 rei
1025 2109 1237 2178 probari
1262 2121 1456 2179 potest,
1495 2125 1621 2166 vere
1668 2111 1848 2176 credi-

273 2208 403 2249 mus
430 2195 574 2264 quod
606 2195 749 2252 Deus
781 2199 1130 2255 conscientia:
1176 2199 1340 2270 judcx
1363 2201 1654 2256 ettestisin
1685 2201 1848 2256 corde

275 2294 383 2335 suo
411 2281 612 2337 sederit
639 2299 738 2353 pro
769 2285 1048 2354 tribunali,
1080 2297 1276 2343 etcum
1306 2303 1372 2343 eo
1392 2281 1694 2352 cichucrit
1714 2304 1847 2343 cen-

273 2385 463 2429 suram
483 2374 674 2446 judicii
701 2379 806 2446 sui,
836 2381 926 2435 ubi
953 2382 1154 2450 peccati
1184 2383 1538 2448 conscientia,
1561 2373 1846 2453 cogitatio-

270 2477 408 2516 num
438 2466 812 2520 accusantium
835 2482 943 2521 non
972 2470 1350 2527 excusantium
1392 2472 1726 2538 testimonio,
1777 2488 1846 2528 ne

268 2553 488 2608 veritati
510 2563 564 2608 et
591 2555 833 2637 :equitati
861 2558 1158 2627 resisteret,
1195 2561 1449 2624 damnata
1490 2573 1576 2619 est
1613 2573 1669 2618 et
1709 2579 1842 2620 eon-

271 2642 485 2699 stricta.
517 2642 576 2698 In
599 2647 900 2703 crastinum
931 2665 1187 2724 namque,
1227 2654 1447 2727 quando
1488 2656 1844 2724 sperabamus

272 2727 394 2797 qui,
413 2728 569 2798 juxta
607 2734 935 2800 promissum
977 2752 1159 2804 suum,
1212 2739 1420 2809 objecta
1468 2751 1742 2812 purgaret,
1788 2751 1844 2797 ct

199 2843 203 2848 ε
272 2817 687 2875 consecratione
705 2820 929 2892 dignum
953 2823 1316 2882 innocentiam
1345 2844 1498 2884 suam
1538 2839 1843 2885 monstran-

269 2903 716 2976 doseprobaret,
740 2911 828 2967 ille
847 2914 960 2982 jam
1000 2926 1179 2972 mente
1229 2919 1511 2986 confusus,
1552 2937 1661 2976 non
1700 2924 1840 2979 ultra

271 2993 450 3051 ferens
477 3008 754 3066 aspectum
780 3005 1017 3071 concilii,
1045 3015 1100 3061 et
1120 3007 1346 3070 interius
1377 3013 1379 3017 ’
1387 3009 1684 3079 judicatus,
1730 3029 1840 3070 non

268 3091 425 3138 extra
439 3087 717 3144 sustinens
738 3093 954 3161 pondus
981 3095 1540 3168 imminentis‘judieii,
1562 3102 1839 3169 ultraneus

266 3168 387 3240 ipse.
431 3173 504 3265 in_
527 3190 586 3240 se
611 3181 931 3265 sententiam
953 3184 1119 3249 ,tulit,
1140 3193 1195 3238 et
1235 3187 1496 3265 annulum
1533 3198 1587 3243 et
1609 3180 1841 3246 ferulam.

1949 2021 2174 2091 gratiam
2205 2019 2440 2089 Spiritus
2487 2020 2656 2072 sancti
2689 2018 2934 2072 fidelibus
2987 2016 3318 2082 defuturam,
3361 2017 3410 2070 si
3463 2017 3517 2071 in

1949 2113 2231 2167 sanctitate
2261 2120 2313 2165 et
2339 2110 2546 2180 jnstitia
2578 2098 2869 2163 restiterim
2922 2109 3200 2178 iujustitiae
3247 2122 3420 2177 usque
3450 2109 3519 2162 ad

1949 2203 2361 2273 perseverantia:
2388 2216 2670 2256 coronam.

2016 2337 2324 2390 Decernunt
2349 2333 2607 2404 praeterea
2631 2348 2696 2389 ex
2720 2334 2943 2402 antiqua
2965 2333 3187 2388 Patrum
3229 2333 3520 2387 traditione

1943 2435 1997 2480 et
2023 2426 2334 2480 autbcntica
2362 2408 2664 2494 priscorum
2696 2425 3053 2481 conciliorum
3094 2425 3418 2478 rectitudine
3461 2432 3524 2480 nt

1945 2520 2059 2574 haec
2087 2503 2267 2571 omnia
2291 2516 2536 2570 Romano
2564 2515 2804 2586 pontifici
2837 2515 3077 2569 serintim
3096 2513 3290 2569 litteris
3315 2513 3519 2569 inserta

1944 2607 2282 2672 nuntientur,
2309 2614 2368 2660 ut
2392 2606 2551 2675 cujus
2596 2605 2852 2659 mandato
2879 2613 2935 2658 et
2975 2604 3192 2658 hortatu
3235 2613 3411 2672 co-pta
3463 2613 3522 2658 et

1943 2695 2176 2765 perfecta
2205 2706 2354 2756 sunt.
2382 2696 2503 2765 ejus
2546 2695 2844 2764 apostolica
2897 2692 3218 2746 auctoritate
3265 2691 3518 2745 roborata

1942 2787 2242 2849 ﬁrmentur,
2266 2785 2688 2855 etonmipotcnti
2709 2782 2843 2850 Deo,
2867 2784 2959 2853 qui
2984 2783 3230 2835 omnium
3249 2781 3517 2834 bonorum

1941 2884 2132 2929 auctor
2155 2883 2260 2938 est,
2293 2873 2476 2929 Roma:
2506 2884 2562 2929 et
2583 2873 2891 2944 Moguntize,
2921 2881 2975 2926 et
3004 2871 3312 2937 ubicunque
3341 2877 3517 2924 terra-

1941 2952 2062 3018 rum
2091 2965 2204 3018 b:ee
2226 2965 2360 3018 lecta
2383 2965 2466 3018 vel
2507 2964 2692 3018 audita
2743 2963 2962 3026 fuerint,
2994 2960 3187 3016 debitae.
3210 2960 3513 3031 gratiarum

1942 3056 2186 3110 actiones
2215 3054 2358 3108 lideli
2395 3055 2685 3110 devotione
2713 3055 3015 3110 solvantur.

2015 3187 2146 3241 Acta
2168 3195 2296 3241 sunt
2321 3186 2632 3240 antemluec
2658 3185 2798 3254 apud
2815 3182 3146 3253 Mogun‘tiam
3172 3181 3513 3251 metropoliu:

265 3261 596 3353 pastoralem
616 3264 666 3316 ei
691 3281 722 3318 a
746 3281 857 3335 quo
884 3268 1083 3336 injuste
1109 3261 1718 3344 acceperatresignans,
1749 3294 1838 3353 sa-i
1865 3274 1906 3328 C
1937 3273 2534 3353 OrientalisFraneim,
2577 3290 2721 3329 anno
2759 3275 2829 3329 ab
2871 3273 3250 3330 lucarnatione
3297 3272 3514 3326 Domini

268 3347 548 3436 cerdotum
576 3366 725 3420 spem
751 3362 806 3408 et
828 3365 1054 3425 metum,
1088 3375 1250 3432 quem
1298 3376 1398 3436 pro
1447 3377 1514 3416 eo
1556 3366 1832 3433 gerebant,

266 3434 450 3492 labore
472 3438 733 3511 longioris
765 3447 1082 3513 quaestionis
1119 3434 1377 3523 absolvit,
1405 3453 1629 3523 culpant
1675 3470 1832 3509 suam

268 3541 381 3582 uno
407 3537 591 3599 tegens
611 3532 774 3601 pallio
795 3532 1182 3604 excusationis,
1209 3540 1373 3608 quod,
1396 3540 1547 3608 juxta
1593 3543 1836 3598 decreta-

196 3633 206 3641 ·
265 3612 638 3714 liaftnlestini
663 3636 831 3691 papae,
858 3627 1127 3714 episcoplzts
1161 3611 1465 3681 dariiuollet
1489 3631 1688 3683 inritis.

339 3702 590 3764 Videntes
622 3721 801 3767 autem
851 3702 1180 3787 sanctissimi
1227 3720 1532 3776 sacerdotes
1566 3722 1832 3791 magnalia

263 3800 388 3864 qua.
415 3794 541 3853 fecit
565 3798 913 3870 Dominus,et
938 3807 1080 3861 ﬁdeli
1103 3809 1460 3865 admiratione
1482 3797 1833 3868 retractantes

265 3899 430 3970 quam
461 3888 1021 3969 incomprehensibilia
1047 3900 1156 3953 sint
1173 3900 1376 3968 judicia
1399 3901 1597 3970 ejus‘et
1619 3902 1835 3957 investi-

265 3969 470 4060 gabiles
497 3977 599 4031 via:
628 3976 748 4049 ejus
777 3983 948 4052 (Rom.
981 3985 1080 4055 ιι),
1105 3989 1268 4042 corde
1304 3997 1358 4044 et
1401 4005 1516 4055 ore,
1552 3989 1606 4044 et
1648 3992 1828 4045 omni-

265 4061 423 4149 moda
451 4064 734 4125 devotione
758 4071 1080 4130 benedicunt
1107 4076 1216 4131 Deo
1247 4079 1534 4146 altissimo,
1555 4074 1672 4150 ’,ιιιιί
1706 4081 1828 4134 lon-

280 4206 1580 4256 Wr—

1349 4243 1622 4253 -—_—

1938 3366 2095 3431 lO7l,
2135 3351 2428 3419 indictione
2455 3381 2573 3432 vui,
2605 3381 2736 3419 xvm
2766 3364 3065 3437 Sept_emb.,
3121 3371 3380 3433 regnante
3425 3376 3514 3416 sc-

1936 3448 2227 3512 renissimo
2281 3455 2536 3510 lleinrieo
2584 3471 2711 3526 rege
2753 3452 2918 3522 hujus
2942 3453 3182 3508 nominis
3219 3451 3309 3518 IV,
3356 3451 3511 3505 anno

1934 3547 2082 3617 regni
2123 3545 2243 3616 ejus
2269 3561 2387 3610 xm,
2415 3543 2776 3600 ordinationis
2820 3557 2947 3596 vero
2973 3542 3343 3610 cjusdemxvu
3365 3541 3509 3610 apud

1935 3636 2288 3707 Moguntiam,
2319 3651 2448 3690 vero
2472 3635 2797 3705 praesulante
2821 3632 3261 3688 reverentissimo
3282 3631 3512 3707 primate

1938 3726 2159 3791 Sil‘rido,
2189 3742 2332 3781 anno
2363 3725 2723 3781 ordinationis
2751 3724 2872 3792 ejus
2902 3738 2998 3801 su,
3029 3737 3190 3790 super
3212 3720 3393 3774 omnia
3410 3705 3512 3773 \au-

1887 3822 1891 3826 ’
1935 3825 2046 3872 tem
2080 3825 2335 3886 regnante
2359 3815 2590 3870 Domino
2615 3822 2810 3869 nostro
2829 3812 2956 3868 Jesu
2995 3812 3235 3876 Christo,
3266 3811 3354 3866 cui
3399 3826 3509 3863 non

1935 3904 2142 3958 accedit
2161 3919 2283 3957 cras
2311 3902 2578 3978 futurum,
2609 3919 2710 3958 nec
2761 3901 2970 3964 recedit
3007 3901 3122 3955 beri
3149 3898 3508 3973 prater-itum,

1933 3993 2024 4046 sed
2048 3985 2327 4060 permanet
2346 3991 2735 4060 sempiternum
2770 3991 2949 4057 hodie,
2963 4001 3016 4046 et
3050 3991 3106 4045 in‘
3155 3987 3355 4045 saecula
3401 4001 3509 4063 εξιξέ

1914 4075 2208 4143 ‘culorum,
2238 4077 2431 4132 Amen.

1585 4218 3497 4257 Μ

1012 4482 1015 4483 ξ
1106 4323 1839 4456 .EPISTOLIE

1950 4344 2634 4519 SIGEFBIDI
2706 4289 2710 4292 ’
2811 4315 2817 4321 ’

1509 4522 1816 4624 EPISCOPI
1851 4535 2228 4593 MOGUNTINI

651 4660 800 4749 AD
867 4662 1684 4754 ALEXANDRUM
1761 4667 1839 4752 Il

1950 4668 2074 4754 ET
2141 4655 2846 4763 GREGORI'UM
2891 4675 3094 4803 ,νη

1474 4808 1878 4867 PONTIFICES
1912 4803 2243 4886 MAXIMOS.
2605 4831 2613 4840 '

675 4916 696 4987 (
711 4888 837 4972 Vide
860 4917 1183 4990 Patralogiae
1213 4930 1339 4976 tom.
1373 4921 1624 4990 CXLVI,
1677 4917 2058 5003 in,Alcxandro
2088 4925 2138 4991 Ι,
2162 4933 2211 4978 et
2233 4897 2415 5006 supra,
2441 4925 2597 4996 hujus
2622 4929 2751 4982 tanti
2777 4929 2878 4983 col.
2907 4928 3070 5000 735.)?

276 5035 3477 5077 -—-—-—————-————-—.————___—_———_.____________-_____‘___‘

595 5148 1197 5255 EPISTOLA
1266 5153 1608 5267 CLERI
1682 5155 1833 5241 ET
1900 5151 2340 5288 POPULI
2418 5157 3133 5263 MOGUNTINI“

562 5351 567 5360 ι
819 5377 826 5384 ο
1151 5301 1277 5364 ΑΙ),
1300 5301 1526 5362 SIGEF
1530 5302 1610 5360 Rl
1617 5301 1786 5362 DUM
1826 5300 2537 5380 ARCHIEPISCOPUM.
2606 5345 2608 5348 ν

321 5473 469 5532 Patri
491 5490 557 5532 ac
573 5482 784 5550 pastori
808 5498 929 5552 suo,
955 5500 1116 5556 quam
1139 5485 1432 5542 venerabili
1458 5473 1568 5542 tam
1594 5488 1808 5544 deside—
1911 5489 2044 5544 nimi
2070 5489 2356 5544 devotione
2377 5466 2593 5545 sedulas
2616 5491 2909 5556 orationes,
2934 5503 3135 5558 easque
3154 5504 3278 5544 cum
3300 5488 3480 5563 ιω)-

252 5565 431 5633 rabili,
468 5565 689 5630 Summo
720 5571 1112 5643 archiprcsuli,
1139 5592 1270 5634 oves
1293 5593 1509 5648 pascuae
1525 5579 1665 5649 ejus,
1693 5581 1826 5644 sci-.

251 5655 378 5711 licet
405 5655 694 5726 universus
723 5657 1048 5731 Moguntina!
1076 5668 1222 5724 sedis
1269 5669 1448 5724 clerus
1476 5676 1531 5722 et
1554 5671 1803 5740 populus,

249 5761 408 5806 senes
431 5761 555 5805 cum
577 5747 909 5820 junioribus,
931 5753 1127 5812 divites
1147 5747 1272 5814 cum
1318 5760 1646 5830 pauperibus
1668 5777 1806 5816 una-

1913 5580 2020 5635 mis
2054 5569 2215 5635 solito
2243 5579 2615 5651 impensiores.

1987 5668 2358 5726 Obsecramus
2397 5679 2470 5738 te,
2495 5672 2812 5754 venerande
2833 5669 3010 5733 Pater,
3037 5677 3093 5724 et
3144 5670 3398 5725 obtestarr
3413 5689 3478 5728 vr

1913 5777 2008 5833 per
2052 5776 2175 5818 eum
2231 5763 2393 5832 cujus
2445 5763 2682 5835 pretioso
2729 5759 2992 5835 sanguine
3038 5777 3229 5819 sumus
3265 5763 3475 5826 redem-
