3970 6378
427 437 558 492 me
1243 497 1248 500 η
1375 427 1463 480 Al)
1498 424 1726 481 OPERA
1767 426 1824 482 s.
1863 427 2007 484 cae

2108 425 2187 480 ειη
2224 401 2663 480 Appianorum.
3513 423 3659 478 mo

423 551 520 621 pti,
548 566 643 620 per
680 546 1006 618 pastoralem
1036 515 1220 598 curam
1258 557 1367 612 qua
1394 541 1490 596 tibi
1513 557 1703 596 sumus
1727 542 1986 596 commis-
2019 544 2061 599 Α
2088 557 2182 611 pra
2211 541 2383 594 multa
2411 539 2778 604 constituitur,
2801 545 2855 592 et
2881 535 3188 592 beatiﬁcum
3223 538 3450 592 audiens
3482 535 3657 606 Euge,

425 643 472 696 si
513 639 719 710 (1461),
745 654 840 708 per
868 635 1209 691 tremendum
1260 634 1480 703 superni
1520 633 1666 704 regis
1697 634 1986 703 judicium,

426 746 626 800 perque
649 730 780 784 illud
807 728 1044 783 terribile
1063 726 1297 782 tribunal
1318 726 1406 780 cui
1434 726 1489 780 in
1511 725 1598 780 die
1615 725 1804 796 judieii
1829 727 1990 782 debes

426 830 622 888 astare,
651 830 704 875 et
727 821 792 874 de
815 820 970 875 nobis
993 817 1230 886 Principi
1267 824 1546 887 pastorum
1583 817 1843 872 rationem
1869 818 1992 871 red-

425 913 572 978 dere,
609 921 667 965 ut
708 911 1020 964 memineris
1051 908 1155 964 diei
1185 909 1330 962 illius
1352 909 1407 963 in
1444 923 1551 977 qua
1577 909 1771 962 divina:
1801 924 1992 962 conse-

426 1004 685 1058 erationis
713 1004 831 1057 oleo
855 1003 1127 1057 delibutus
1152 1000 1440 1074 suscepisti
1469 1016 1657 1056 curam
1683 1000 1992 1054 animarum

427 1102 760 1159 nostrarum,
787 1103 840 1148 et
879 1095 934 1147 in
964 1093 1317 1164 apostolicam
1346 1101 1627 1163 promotus
1663 1093 1993 1148 benedictio-

424 1201 570 1252 nem,
613 1184 729 1240 vice
754 1185 977 1251 Christi,
1010 1186 1191 1244 factus
1224 1202 1284 1240 es
1314 1195 1498 1256 pastor
1540 1186 1744 1252 ovium,
1790 1186 1995 1241 scilicet

424 1279 642 1345 quando
670 1278 828 1333 datus
850 1287 934 1333 est
955 1278 1051 1333 tibi
1077 1279 1311 1332 annulus
1351 1278 1788 1348 desponsationis
1811 1277 1994 1333 Eccle-

422 1369 523 1424 sia:
543 1379 597 1424 et
620 1370 846 1425 baculus
862 1369 1153 1452 pastoralis
1179 1385 1342 1437 curae,
1365 1371 1621 1441 accepisti
1647 1385 1865 1440 quoque
1885 1372 2014 1426 cla-~

427 1475 520 1515 ves
561 1461 711 1531 regni
739 1463 1020 1528 cmlorum,
1053 1471 1106 1516 et
1144 1461 1491 1532 judiciariam
1535 1463 1714 1517 sedem
1741 1462 1794 1516 in
1825 1463 1993 1519 choro

428 1554 814 1622 apostolorum.
870 1553 1195 1620 Recordare,
1249 1569 1455 1624 quaeso,
1499 1555 1644 1609 illius
1696 1554 1995 1608 dulcissimi

430 1645 600 1711 verbi,
644 1647 790 1714 quod
827 1645 925 1700 tibi
964 1646 1152 1700 eadem
1197 1646 1284 1700 die
1310 1646 1515 1700 dictum
1551 1655 1654 1712 est,
1701 1653 1760 1699 ut
1786 1659 1996 1714 semper

431 1737 747 1792 memineris
799 1737 891 1792 Dei
914 1745 966 1792 et
997 1737 1237 1808 ejusdem
1287 1738 1413 1793 diei.
1451 1737 1495 1792 Ο
1530 1746 1701 1808 pater,
1757 1752 1855 1791 cur
1896 1752 1996 1792 nos

432 1827 678 1884 deseris?
699 1838 792 1884 aut
827 1831 914 1884 cui
943 1845 1040 1884 nos
1077 1830 1352 1886 desolatos
1374 1830 1668 1899 relinquis?
1697 1827 1884 1884 Nonne
1906 1843 1998 1883 ae-

2091 633 2343 703 gaudium
2370 631 2583 685 Domini
2607 631 2690 684 sui
2718 628 3155 698 intrarcjubetur
3176 628 3326 696 (Luc.
3344 627 3482 700 xu)?
3500 627 3660 683 Nun-

2090 722 2220 790 quid
2262 720 2455 774 Petrus
2503 730 2556 774 et
2576 719 2776 773 Paulus
2815 727 2872 773 et
2913 718 3089 773 czeteri
3125 719 3376 787 apostoli,
3414 733 3657 788 quorum

2090 811 2263 868 cilicio
2286 811 2545 883 iungeris,
2580 811 2652 865 ita
2689 824 2903 864 crucem
2934 825 3087 864 suam
3123 809 3427 877 bajulantes
3450 824 3656 877 seque-

2091 904 2288 957 bantur
2329 902 2618 956 Dominum
2650 908 2730 967 ut,
2760 901 3017 955 szeculum
3065 899 3451 970 relinquentes,
3485 899 3661 954 relin-

2092 1004 2318 1065 querent
2341 996 2502 1049 etiam
2528 1010 2717 1050 curam
2747 993 3090 1048 animarum?
3114 990 3304 1046 Nonne
3334 990 3528 1047 Petrus
3550 1005 3662 1060 pro

2093 1087 2366 1142 lucrandis
2395 1087 2698 1151 animabus,
2726 1085 2972 1154 exemplo
2992 1083 3253 1154 Magistri,
3277 1096 3493 1138 crucem
3519 1081 3662 1137 sub-

2094 1178 2190 1232 iit?
2215 1177 2281 1232 Et
2309 1176 2510 1232 Paulus
2531 1175 2707 1248 gladio
2734 1175 2996 1230 cervicem
3033 1173 3292 1242 praebuit?
3310 1169 3500 1226 Nonne
3534 1170 3662 1240 ipse

2093 1267 2363 1334 Christus,
2399 1268 2505 1320 vita
2540 1276 2594 1320 et
2639 1264 2787 1321 salus
2816 1272 3024 1328 nostra,
3059 1268 3437 1317 coacternus‘et
3458 1275 3670 1320 coom-x

2094 1361 2344 1428 nipotens
2376 1357 2429 1409 in
2458 1356 2576 1410 sinu
2604 1352 2781 1407 Patris
2815 1353 2921 1416 sui,
2963 1351 3226 1407 charitate
3273 1349 3512 1406 salvandi
3551 1349 3661 1401 ho-

2095 1449 2257 1504 minis
2307 1448 2469 1501 homo
2513 1442 2978 1500 mortalis‘i'actus
3011 1452 3094 1498 est
3131 1442 3185 1496 in
3242 1441 3366 1495 sinu
3413 1437 3660 1509 Virginis

2098 1537 2320 1593 matris?
2347 1535 2537 1590 Omnis
2564 1535 2719 1600 ordo,
2754 1532 2932 1587 omnis
2961 1531 3214 1602 dignitas,
3242 1529 3420 1583 omnis
3437 1526 3660 1598 profes-

2096 1632 2177 1686 sio
2203 1628 2510 1700 apostolica:
2537 1621 2784 1682 Subditur
2822 1622 3090 1694 dignitati,
3127 1636 3226 1676 nec
3249 1621 3540 1689 quidquam
3568 1628 3664 1672 est

2097 1721 2153 1775 in
2203 1721 2402 1775 mundo
2426 1717 2750 1774 eminentius
2777 1717 2858 1770 vel
2887 1715 3114 1768 vicinius
3161 1712 3269 1767 Deo
3295 1711 3405 1765 vita
3443 1709 3665 1780 cpisco-

2099 1811 2236 1879 pali,
2265 1810 2353 1864 cui
2381 1807 2719 1864 ceditomnis
2753 1805 3072 1867 monachus,
3106 1803 3188 1856 vel
3225 1802 3420 1868 minor,
3455 1800 3540 1856 vel
3565 1813 3671 1883 re-_

431 1922 622 1990 cepisti
673 1924 958 1988 annulum,
995 1933 1055 1977 ut
1091 1923 1386 1987 Ecclesiam
1441 1932 1611 1988 tuam,
1642 1925 1790 1978 velut
1833 1938 1998 1992 spon-
2031 1898 2072 1951 Β
2099 1902 2303 1992 “mgis:
2329 1899 2508 1954 omnis
2537 1897 2827 1992 αξδηφίία»
2858 1896 2938 1950 νει
2968 1894 3214 1949 "cmm-

433 2027 572 2076 sam,
594 2013 879 2082 diligeres?
906 2013 1156 2068 baculum
1188 2029 1426 2084 quoque,
1462 2022 1521 2067 ut
1545 2029 1663 2068 eam
1688 2031 1717 2068 a
1747 2015 1998 2084 luporum

435 2102 746 2157 incursione
794 2103 1146 2159 defenderes?
1195 2103 1299 2158 Ubi
1335 2114 1418 2160 est
1467 2106 1705 2163 charitas
1757 2107 1844 2160 illa
1893 2121 2000 2176 qua

433 2191 686 2250 Christus
723 2210 821 2264 pro
868 2195 1062 2250 ovibus
1092 2195 1208 2249 suis
1235 2195 1473 2249 animam
1507 2211 1661 2250 suam
1711 2197 1926 2266 posuit?
1949 2207 2003 2252 et

434 2284 620 2338 eadem
651 2285 913 2340 charitate
941 2286 1038 2341 tibi
1068 2285 1327 2356 regendas
1357 2287 1664 2359 commisit?
1684 2288 1861 2354 Quare
1878 2305 2004 2358 pro-

431 2374 558 2443 jicis
586 2392 616 2429 a
640 2378 893 2457 manibus
940 2378 1047 2438 tuis
1082 2378 1260 2434 claves
1313 2378 1465 2450 regni
1500 2379 1801 2434 cmlorum?
1825 2379 2005 2446 Quare

438 2475 488 2518 te
515 2464 693 2532 ipsum
735 2467 981 2525 detrudis
1017 2469 1084 2524 de
1117 2468 1265 2535 sede,
1298 2469 1406 2524 imo
1431 2470 1498 2524 de
1520 2471 1689 2524 choro
1733 2471 2009 2539 apostolo-

439 2554 942 2625 rum?0ptaremus
983 2559 1200 2629 quidem
1237 2569 1345 2614 tum
1385 2561 1698 2630 paternitati
1728 2569 1789 2615 ut
1811 2577 2002 2617 ascen-

440 2645 598 2702 deres
620 2648 686 2702 ad
728 2665 790 2702 ea
818 2649 862 2703 si
891 2665 1011 2720 qua.
1043 2659 1225 2706 essent
1246 2652 1455 2718 altiora,
1479 2667 1587 2706 non
1619 2662 1668 2707 te
1693 2653 2006 2709 detrudercs

441 2738 508 2792 de
542 2741 770 2795 summis
806 2742 881 2808 ad
902 2742 1174 2798 inferiora.
1209 2743 1485 2811 Fatemur,
1517 2743 1695 2812 Pater,
1745 2761 1841 2800 eos
1871 2746 2006 2800 bene

440 2828 619 2885 facere
644 2832 736 2900 qui
765 2834 1022 2888 saeculum
1052 2826 1385 2905 relinquunt,
1416 2836 1639 2905 quique,
1666 2837 1875 2905 seipsos
1903 2837 2007 2890 sibi

445 2922 776 2989 abnegantes
808 2932 862 2976 et
890 2940 1106 2978 crucem
1135 2941 1291 2980 suam
1333 2926 1656 2993 bajulantes,
1700 2935 1820 2992 post
1847 2924 2007 2978 Chri-

446 3019 589 3075 stum
615 3011 845 3079 vadunt;
889 3014 984 3082 qui
1011 3015 1066 3068 in
1093 3014 1249 3068 vinea
1271 3013 1486 3068 Domini
1525 3013 1763 3069 Sabaoth
1806 3016 2008 3068 nullam

446 3100 656 3154 colendi
679 3116 866 3155 curam
897 3110 1248 3171 acceperunt;
1273 3103 1473 3172 quibus
1510 3103 1643 3157 satis
1673 3111 1775 3167 est,
1805 3102 1850 3156 si
1885 3112 2009 3158 tan-

448 3203 564 3244 tum
592 3190 805 3260 possint
826 3207 884 3246 se
909 3191 1135 3256 salvare,
1170 3191 1328 3261 quia,
1369 3193 1434 3246 de
1463 3193 1611 3246 nullo
1660 3193 1877 3259 habent,
1907 3194 2011 3248 nisi

447 3283 514 3337 de
541 3297 619 3348 se,
649 3282 914 3337 rationem
950 3283 1192 3338 reddere.
1225 3282 1305 3337 Tu
1343 3292 1544 3348 autem,
1590 3283 1768 3349 Pater,
1817 3284 2012 3340 melius
2055 3282 2093 3337 ί

380 3414 387 3422 .
449 3364 590 3443 regis
631 3374 887 3429 saeculum
918 3390 1081 3444 quam
1107 3373 1401 3446 relinquis;
1432 3374 1772 3444 ,propensius
1816 3389 2013 3443 seque-

448 3464 528 3519 ris
567 3473 622 3521 et
669 3465 849 3536 diligis
905 3465 1206 3532 Christum,
1253 3465 1300 3520 si
1323 3481 1451 3537 oves
1483 3467 1600 3533 ejus
1637 3465 1834 3534 pascis.
1875 3464 2013 3532 Quia

451 3555 566 3622 ipse
603 3555 982 3623 probationem
1012 3553 1328 3610 dilectionis
1365 3571 1478 3610 suae
1505 3557 1557 3609 in
1587 3556 1872 3626 pascendis
1894 3555 2013 3610 ovi-

453 3638 556 3699 bus
590 3644 704 3699 suis
733 3643 1015 3700 constituit
1047 3645 1234 3700 dicens
1261 3661 1274 3696 :
1311 3643 1370 3699 Si
1390 3644 1572 3714 diligis
1595 3661 1694 3710 me,
1718 3661 1872 3713 pasce
1901 3640 2016 3700 ore:

458 3752 601 3800 mea;
626 3735 806 3804 (Joan.
841 3737 975 3807 XXI).
1720 3734 1730 3740 ’

530 3822 599 3878 Ut
625 3840 774 3895 ergo,
819 3825 962 3880 salva
991 3814 1312 3892 reverentia,
1343 3825 1662 3892 dixerimus,
1709 3833 1860 3879 tanto
1889 3821 2021 3879 con-

455 3914 688 3970 vinceris
717 3915 898 3970 minus
924 3914 1202 3971 Christum
1243 3916 1464 3986 diligere
1497 3924 1703 3986 quanto
1735 3924 1782 3970 te
1803 3915 2019 3970 subtra-

457 4005 542 4060 his
575 4022 604 4059 a
626 4006 828 4061 credita
851 4007 949 4061 tibi
975 4007 1157 4062 ovium
1175 4008 1295 4077 ejus
1319 4007 1582 4078 pastione.
1608 4005 1860 4076 Nunquid
1895 4022 2018 4060 nam

456 4097 662 4166 gratior
689 4099 739 4152 ei
767 4098 872 4152 erit
898 4099 992 4168 qui
1014 4099 1164 4153 s‘olus
1193 4107 1248 4152 et
1267 4114 1472 4152 vacuus
1493 4114 1525 4151 a
1550 4113 1726 4172 messe
1749 4098 1815 4151 ad
1838 4112 2021 4151 aream

2170 1990 2214 2046 Ο
2234 1990 2392 2046 Pater
2429 1988 2788 2053 sanctissime,
2819 2001 3038 2042 oramus
3067 1992 3117 2038 te
3145 1999 3242 2053 per
3263 1981 3430 2036 Deum
3454 1993 3668 2050 perque

2101 2081 2328 2137 salutem
2369 2079 2562 2134 animae
2607 2087 2731 2142 tuae,
2765 2084 2823 2130 ut
2863 2087 3050 2129 eorum
3098 2087 3220 2142 qua:
3267 2069 3504 2126 diximus
3523 2067 3669 2124 velis

2103 2171 2394 2237 recordari,
2425 2177 2479 2224 ct
2499 2169 2782 2240 vigilanter
2806 2176 2930 2220 ante
2965 2164 3152 2219 oculos
3193 2161 3393 2216 habeas
3421 2159 3674 2212 tribunal

2102 2261 2324 2325 Christi,
2354 2275 2454 2314 nec
2491 2260 2712 2313 deseras
2761 2271 2860 2310 nos
2894 2269 3022 2309 oves
3043 2254 3164 2323 ejus
3189 2267 3328 2324 quas
3374 2247 3674 2318 suscepisti

2103 2349 2352 2415 tuendas,
2383 2358 2439 2402 ut
2463 2347 2531 2402 ab
2557 2362 2622 2402 eo
2652 2361 2762 2400 non
2784 2358 2997 2414 pugnam
3030 2339 3384 2412 negligentiae,
3405 2338 3497 2392 sed
3520 2351 3676 2391 mer-

2105 2442 2288 2497 cedem
2335 2439 2651 2495 obedientiae
2677 2434 2931 2505 accipias.
2973 2431 3188 2486 Festina
3217 2430 3282 2484 ad
3312 2429 3493 2485 sedem
3513 2437 3674 2482 tuam

2105 2531 2436 2602 quantocius
2476 2529 2652 2583 redire
2704 2537 2759 2582 et
2790 2540 2905 2590 eos,
2955 2522 3047 2592 qui
3081 2523 3136 2576 in
3164 2522 3311 2576 luctu
3355 2527 3410 2575 et
3432 2531 3676 2572 mmmre

2107 2631 2255 2691 sunt,
2281 2631 2507 2692 paterno
2533 2618 2725 2673 atl‘ectu
2768 2614 3069 2670 consolare.
3102 2610 3221 2666 Jam
3260 2609 3406 2665 enim
3427 2623 3516 2662 res
3545 2605 3674 2676 epi-

2107 2713 2274 2784 scopii
2312 2712 2392 2766 tui
2413 2711 2516 2766 hac
2550 2709 2674 2764 illae
2693 2707 3043 2775 diripiuntur,
3071 2709 3127 2757 et
3160 2699 3329 2755 multa
3358 2697 3463 2754 alia
3491 2696 3561 2752 ab
3583 2693 3678 2750 of-

2107 2804 2371 2860 ﬁcialibus
2399 2801 2544 2872 regis
2591 2797 2948 2861 invaduntur;
2982 2809 3078 2865 per
3107 2791 3370 2862 plurimas
3414 2787 3678 2860 regiones

2108 2906 2231 2952 tuas
2266 2894 2438 2948 multa
2475 2892 2533 2945 lit
2562 2888 2930 2959 perturbatio;
2957 2885 3024 2939 de
3051 2883 3330 2938 inrasione
3357 2880 3500 2936 sedis
3536 2887 3678 2942 tua.

2111 2987 2253 3040 inter
2273 2983 2473 3038 multos
2500 2979 2797 3035 contentio.
2829 2975 2972 3040 llaec,
2998 2974 3178 3039 Pater,
3211 2981 3362 3027 tuum
3386 2985 3556 3028 unum
3575 2984 3681 3024 cn-

2111 3084 2208 3146 put
2261 3073 2443 3128 omnia
2484 3069 2713 3128 sedabit.
2767 3067 2876 3122 Has
2915 3081 3105 3121 omnes
3153 3062 3590 3134 perturbationes
3617 3068 3683 3113 et

2113 3165 2485 3223 contentiones
2515 3162 2629 3218 sola
2669 3158 2954 3230 praesentia
2989 3165 3078 3211 tua
3107 3155 3163 3209 in
3193 3168 3380 3224 pacem
3399 3149 3679 3205 reforma-

2111 3241 2209 3314 bit.
2231 3256 2482 3326 Denique
2503 3253 2562 3321 lsi
2589 3250 2844 3319 Ecclesiae
2859 3249 2997 3305 scita
3018 3257 3073 3302 et
3099 3258 3370 3322 canonum
3385 3241 3512 3312 jura
3541 3252 3676 3309 per-

2111 3349 2330 3405 mittant
2374 3354 2427 3400 te
2463 3344 2646 3400 sedem
2688 3351 2837 3397 tuam
2872 3339 3194 3408 relinquere,
3219 3343 3277 3402 et
3301 3331 3524 3407 alterius
3551 3343 3686 3399 pro-

2113 3438 2368 3494 fessionis
2387 3437 2553 3490 vitam
2587 3433 2888 3496 instituere,
2928 3438 2986 3484 tu
3021 3438 3200 3482 tamen
3228 3423 3399 3480 nihilo
3427 3434 3683 3507 unquam

2113 3529 2227 3585 Deo
2254 3542 2444 3598 posses
2493 3523 2688 3579 melius
2715 3521 2924 3585 servire.
2945 3533 3112 3589 quam
3141 3515 3196 3576 si
3231 3508 3692 3576 intentionem-il-

2093 3615 2223 3684 iam
2256 3631 2505 3680 exuercs,
2529 3622 2585 3668 et
2615 3613 2798 3668 sedem
2825 3618 2882 3665 et
2905 3609 3274 3679 episcopatum
3304 3613 3461 3658 tuum
3483 3598 3554 3655 ab
3589 3598 3689 3655 his

2119 3711 2214 3780 qui
2247 3708 2501 3763 invadere
2525 3706 2718 3760 volunt
2741 3703 3076 3759 defenderes.
3144 3760 3149 3764 ,

2190 3820 2344 3876 Nunc
2362 3833 2492 3889 ergo
2530 3825 2579 3873 te
2618 3816 2832 3872 Patrem
2857 3825 3112 3885 regamus
3140 3824 3242 3864 nos
3274 3807 3390 3874 ﬁlii,
3421 3813 3474 3860 te
3493 3809 3688 3875 pasto-

2119 3927 2234 3968 rem
2257 3925 2386 3966 oves
2415 3909 2592 3981 gregis
2630 3908 2710 3962 tui
2742 3914 2804 3962 ut
2838 3902 3161 3976 quantocius
3189 3900 3256 3956 ad
3277 3913 3379 3954 nos
3405 3895 3598 3951 redeas
3627 3902 3688 3950 et

2119 4003 2356 4058 dolorem
2387 4010 2443 4057 et
2474 3999 2785 4054 intestinam
2845 3994 3024 4051 cordis'
3054 3991 3228 4047 nostri
3279 3986 3570 4045 serenitate
3599 3985 3687 4068 tui

2123 4093 2303 4147 vultus
2354 4091 2620 4160 detcrgas.
2667 4087 2761 4141 Sin
2811 4092 3012 4149 autem,
3076 4079 3254 4156 primo
3305 4072 3691 4160 invocabimm

460 4157 672 4252 redibit,
704 4179 800 4240 aut
839 4157 933 4255 qui
985 4187 1188 4241 multos
1237 4187 1545 4240 animarum
1596 4166 1922 4254 manipulos,
1943 4249 1945 4252 ,
1969 4194 2026 4239 et
2125 4181 2295 4258 Deum
2316 4157 2530 4232 Patrem
2563 4175 2836 4252 omnium,
2866 4168 3248 4225 inclinabimur
3268 4162 3490 4258 Christo
3513 4157 3690 4258 Prin-

460 4269 746 4342 purgatum
776 4273 1001 4329 zizaniis
1042 4274 1281 4329 triticum
1313 4274 1380 4328 ad
1411 4272 1666 4328 horreum
1700 4272 1910 4327 Domini
1939 4272 2024 4326 sui

2123 4255 2230 4340 cipi
2261 4277 2564 4347 pastorem,
2590 4264 2962 4333 Apostolicum
3001 4261 3290 4343 adversum
3315 4264 3368 4311 te
3385 4252 3693 4347 adibimus,

462 4363 791 4428 reportabit?
809 4365 921 4420 Cur
949 4381 1057 4419 non
1088 4367 1388 4420 recordaris
1417 4365 1713 4437 evangelici
1744 4365 1890 4418 illius
1912 4363 2027 4418 dis-
2055 4412 2060 4416 .
2127 4364 2183 4418 in
2215 4341 2544 4432 adjutorium
2571 4365 2817 4412 nostrum
2866 4341 3241 4408 invocabimus
3285 4359 3501 4402 omnem
3531 4343 3694 4399 ordi-

461 4452 764 4519 pensaturis
787 4492 801 4516 ,
838 4454 931 4521 qui
957 4494 972 4518 ,
1005 4471 1128 4508 cum
1167 4456 1340 4511 ﬁdelis
1379 4467 1432 4512 et
1476 4457 1713 4527 prudens
1748 4455 2028 4511 distribuit
2126 4469 2251 4510 nem
2280 4462 2334 4509 et
2359 4450 2697 4521 dignitatem,
2730 4445 2934 4500 nullum
2964 4443 3019 4496 in
3047 4448 3162 4495 toto
3185 4451 3359 4527 regno
3389 4449 3553 4505 quem
3572 4447 3714 4487 ιιοιιν

461 4541 682 4596 familia:
709 4541 924 4596 Domini
947 4542 1030 4597 sui
1062 4544 1227 4598 tritici
1259 4526 1592 4613 mensuram,
1622 4556 1676 4603 et
1722 4548 1914 4602 crediti
1953 4557 2029 4600 ta-
2059 4547 2103 4600 D
2130 4559 2380 4616 rogemus
2409 4540 2771 4604 dimittemus;
2819 4532 3154 4605 episcopum,
3187 4535 3248 4600 te
3271 4526 3508 4587 vivente.
3546 4535 3701 4576 nun-

460 4633 591 4690 lenti
623 4630 831 4689 felicem
870 4650 1092 4690 usuram
1118 4641 1380 4705 reportat,
1409 4635 1464 4690 in
1499 4638 1714 4692 modico
1738 4638 1912 4693 ﬁdelis
1935 4653 2028 4694 su—
2124 4653 2287 4709 quam
2326 4650 2425 4707 pro
2448 4641 2666 4704 pastore
2696 4627 3022 4700 recipiemus
3051 4616 3472 4679 mercenarium.

511 4823 725 4904 ,(1461)
761 4824 917 4881 Anno
967 4827 1104 4904 1072
1142 4835 1437 4904 recesserat
1469 4826 1769 4904 Sigeiridus
1810 4826 1864 4880 in
1895 4825 2025 4880 Clu-

466 4898 725 4947 niaceuse
769 4898 1187 4968 miniasterium;
1239 4899 1500 4968 reliquam
1535 4898 1552 4942 ῗ
1555 4899 1664 4953 illic
1691 4899 2025 4968 vitamcon-

466 4969 806 5030 sumpturus.
841 4962 944 5018 Sed
967 4980 997 5018 a
1034 4962 1180 5021 clero
1202 4976 1256 5022 et
1294 4962 1492 5037 po'pulo
1519 4965 1835 5040 Moguntino
1865 4981 2022 5021 revo-

2131 4837 2304 4909 catus,
2332 4829 2514 4909 sedem
2545 4843 2700 4909 suam
2720 4825 2938 4906 recepit.
2967 4821 3042 4878 De
3063 4835 3175 4893 quo
3199 4819 3323 4876 vide
3342 4806 3708 4909 Lambertun

2131 4906 2186 4950 et
2212 4894 2517 4975 Marianum
2546 4899 2601 4953 in
2623 4894 2930 4953 Chronicis.

3627 5703 3636 5710 ,
3933 5637 3950 5702 Ι

3513 5766 3532 5776 ι

3843 5929 3856 5940 τι

3479 6085 3526 6096 κ
3815 6097 3818 6102 _

3621 6171 3722 6192 -_-

3555 6215 3564 6222 .
3679 6199 3692 6202 -
3968 6177 3970 6222 Ι

3505 6329 3566 6340 .5—

3486 6343 3566 6354 __-
