  <div class='ocr_page' id='page_1' title='image "/cluster/home/n/w/nwhite01/storage/ocr_20150623/148/uva.x000829792/725.png"; bbox 0 0 3970 6380; ppageno 0'>
   <div class='ocr_carea' id='block_1_1' title="bbox 455 364 594 419">
    <p class='ocr_par' dir='ltr' id='par_1_1' title="bbox 455 364 594 419">
     <span class='ocr_line' id='line_1_1' title="bbox 455 364 594 419; baseline -0.014 0"><span class='ocrx_word' id='word_1_1' title='bbox 455 367 515 419; x_wconf 74' lang='grc' dir='ltr'>Η</span> <span class='ocrx_word' id='word_1_2' title='bbox 534 364 594 419; x_wconf 69' lang='lat' dir='ltr'><strong>i5</strong></span> 
     </span>
    </p>
   </div>
   <div class='ocr_carea' id='block_1_2' title="bbox 1437 355 2760 414">
    <p class='ocr_par' dir='ltr' id='par_1_2' title="bbox 1437 355 2760 414">
     <span class='ocr_line' id='line_1_2' title="bbox 1437 355 2760 414; baseline 0.002 -2"><span class='ocrx_word' id='word_1_3' title='bbox 1437 359 1528 413; x_wconf 77' lang='lat' dir='ltr'><strong>AD</strong></span> <span class='ocrx_word' id='word_1_4' title='bbox 1561 357 1786 414; x_wconf 68' lang='lat' dir='ltr'><strong>OPERA</strong></span> <span class='ocrx_word' id='word_1_5' title='bbox 1827 358 1885 414; x_wconf 90' lang='lat' dir='ltr'><strong>S.</strong></span> <span class='ocrx_word' id='word_1_6' title='bbox 1914 355 2238 414; x_wconf 75' lang='lat' dir='ltr'><strong>GREGORII</strong></span> <span class='ocrx_word' id='word_1_7' title='bbox 2274 356 2717 414; x_wconf 71' lang='lat' dir='ltr'><strong>APPENDICES.</strong></span> <span class='ocrx_word' id='word_1_8' title='bbox 2755 392 2760 398; x_wconf 69' lang='grc' dir='ltr'><em>ο</em></span> 
     </span>
    </p>
   </div>
   <div class='ocr_carea' id='block_1_3' title="bbox 3569 365 3712 423">
    <p class='ocr_par' dir='ltr' id='par_1_3' title="bbox 3569 365 3712 423">
     <span class='ocr_line' id='line_1_3' title="bbox 3569 365 3712 423; baseline 0.014 -2"><span class='ocrx_word' id='word_1_9' title='bbox 3569 365 3712 423; x_wconf 68' lang='grc' dir='ltr'>ιω</span> 
     </span>
    </p>
   </div>
   <div class='ocr_carea' id='block_1_4' title="bbox 449 468 3706 544">
    <p class='ocr_par' dir='ltr' id='par_1_4' title="bbox 449 468 3706 544">
     <span class='ocr_line' id='line_1_4' title="bbox 449 468 3706 544; baseline -0.001 -11"><span class='ocrx_word' id='word_1_10' title='bbox 449 493 558 533; x_wconf 83' lang='lat' dir='ltr'><strong>tem</strong></span> <span class='ocrx_word' id='word_1_11' title='bbox 607 474 702 529; x_wconf 86' lang='lat' dir='ltr'><strong>Dei</strong></span> <span class='ocrx_word' id='word_1_12' title='bbox 731 472 904 542; x_wconf 84' lang='lat' dir='ltr'><strong>(Psal.</strong></span> <span class='ocrx_word' id='word_1_13' title='bbox 948 468 1090 541; x_wconf 67' lang='lat' dir='ltr'><strong>xix).</strong></span> <span class='ocrx_word' id='word_1_14' title='bbox 1138 470 1246 528; x_wconf 84' lang='lat' dir='ltr'><strong>Sed</strong></span> <span class='ocrx_word' id='word_1_15' title='bbox 1285 471 1374 525; x_wconf 82' lang='lat' dir='ltr'><strong>ille</strong></span> <span class='ocrx_word' id='word_1_16' title='bbox 1419 470 1528 526; x_wconf 71' lang='lat' dir='ltr'><strong>Vas</strong></span> <span class='ocrx_word' id='word_1_17' title='bbox 1572 472 1888 536; x_wconf 91' lang='lat' dir='ltr'><strong>electionis,</strong></span> <span class='ocrx_word' id='word_1_18' title='bbox 1925 472 2018 541; x_wconf 84' lang='lat' dir='ltr'><strong>qui</strong></span> <span class='ocrx_word' id='word_1_19' title='bbox 2052 478 2095 531; x_wconf 79' lang='grc' dir='ltr'>Α</span> <span class='ocrx_word' id='word_1_20' title='bbox 2125 469 2268 538; x_wconf 82' lang='lat' dir='ltr'><strong>(Gal.</strong></span> <span class='ocrx_word' id='word_1_21' title='bbox 2319 473 2380 539; x_wconf 83' lang='grc' dir='ltr'><strong>ι).</strong></span> <span class='ocrx_word' id='word_1_22' title='bbox 2419 468 2532 525; x_wconf 85' lang='lat' dir='ltr'><strong>Hoc</strong></span> <span class='ocrx_word' id='word_1_23' title='bbox 2561 471 2849 525; x_wconf 92' lang='lat' dir='ltr'><strong>anathema</strong></span> <span class='ocrx_word' id='word_1_24' title='bbox 2891 484 3004 526; x_wconf 89' lang='lat' dir='ltr'><strong>non</strong></span> <span class='ocrx_word' id='word_1_25' title='bbox 3049 471 3118 528; x_wconf 89' lang='lat' dir='ltr'><strong>de</strong></span> <span class='ocrx_word' id='word_1_26' title='bbox 3160 474 3406 544; x_wconf 72' lang='lat' dir='ltr'><strong>profante</strong></span> <span class='ocrx_word' id='word_1_27' title='bbox 3449 475 3706 533; x_wconf 71' lang='lat' dir='ltr'><strong>novitatis</strong></span> 
     </span>
    </p>
   </div>
   <div class='ocr_carea' id='block_1_5' title="bbox 449 558 2019 634">
    <p class='ocr_par' dir='ltr' id='par_1_5' title="bbox 449 558 2019 634">
     <span class='ocr_line' id='line_1_5' title="bbox 449 558 2019 634; baseline -0.002 -16"><span class='ocrx_word' id='word_1_28' title='bbox 449 578 623 634; x_wconf 88' lang='lat' dir='ltr'><strong>usque</strong></span> <span class='ocrx_word' id='word_1_29' title='bbox 658 568 727 617; x_wconf 78' lang='lat' dir='ltr'><strong>ad</strong></span> <span class='ocrx_word' id='word_1_30' title='bbox 763 561 978 614; x_wconf 89' lang='lat' dir='ltr'><strong>tertium</strong></span> <span class='ocrx_word' id='word_1_31' title='bbox 1010 560 1209 614; x_wconf 65' lang='lat' dir='ltr'><strong>caelum</strong></span> <span class='ocrx_word' id='word_1_32' title='bbox 1239 567 1427 628; x_wconf 86' lang='lat' dir='ltr'><strong>raptus</strong></span> <span class='ocrx_word' id='word_1_33' title='bbox 1461 558 1551 629; x_wconf 86' lang='lat' dir='ltr'><strong>(Il</strong></span> <span class='ocrx_word' id='word_1_34' title='bbox 1583 560 1706 613; x_wconf 83' lang='lat' dir='ltr'><strong>Cor.</strong></span> <span class='ocrx_word' id='word_1_35' title='bbox 1749 560 1873 630; x_wconf 87' lang='lat' dir='ltr'><strong>xu),</strong></span> <span class='ocrx_word' id='word_1_36' title='bbox 1910 576 2019 615; x_wconf 92' lang='lat' dir='ltr'><strong>non</strong></span> 
     </span>
    </p>
   </div>
   <div class='ocr_carea' id='block_1_6' title="bbox 449 651 2018 720">
    <p class='ocr_par' dir='ltr' id='par_1_6' title="bbox 449 651 2018 720">
     <span class='ocr_line' id='line_1_6' title="bbox 449 651 2018 720; baseline -0.001 -10"><span class='ocrx_word' id='word_1_37' title='bbox 449 655 748 710; x_wconf 81' lang='lat' dir='ltr'><strong>secundum</strong></span> <span class='ocrx_word' id='word_1_38' title='bbox 799 651 1074 706; x_wconf 82' lang='lat' dir='ltr'><strong>hominem</strong></span> <span class='ocrx_word' id='word_1_39' title='bbox 1102 692 1118 716; x_wconf 95' lang='lat'><strong>,</strong></span> <span class='ocrx_word' id='word_1_40' title='bbox 1171 651 1264 705; x_wconf 85' lang='lat' dir='ltr'><strong>sed</strong></span> <span class='ocrx_word' id='word_1_41' title='bbox 1293 666 1411 720; x_wconf 87' lang='lat' dir='ltr'><strong>per</strong></span> <span class='ocrx_word' id='word_1_42' title='bbox 1449 652 1835 708; x_wconf 86' lang='lat' dir='ltr'><strong>revelationem</strong></span> <span class='ocrx_word' id='word_1_43' title='bbox 1890 652 2018 708; x_wconf 86' lang='lat' dir='ltr'><strong>Jesu</strong></span> 
     </span>
    </p>
   </div>
   <div class='ocr_carea' id='block_1_7' title="bbox 447 741 2018 813">
    <p class='ocr_par' dir='ltr' id='par_1_7' title="bbox 447 741 2018 813">
     <span class='ocr_line' id='line_1_7' title="bbox 447 741 2018 813; baseline -0.003 -12"><span class='ocrx_word' id='word_1_44' title='bbox 447 745 653 801; x_wconf 76' lang='lat' dir='ltr'><strong>Christi</strong></span> <span class='ocrx_word' id='word_1_45' title='bbox 694 742 1047 813; x_wconf 82' lang='lat' dir='ltr'><strong>Evangelium</strong></span> <span class='ocrx_word' id='word_1_46' title='bbox 1085 757 1244 795; x_wconf 78' lang='lat' dir='ltr'><strong>suum</strong></span> <span class='ocrx_word' id='word_1_47' title='bbox 1274 742 1464 796; x_wconf 77' lang='lat' dir='ltr'><strong>didicit</strong></span> <span class='ocrx_word' id='word_1_48' title='bbox 1507 741 1651 812; x_wconf 78' lang='lat' dir='ltr'><strong>(Gal.</strong></span> <span class='ocrx_word' id='word_1_49' title='bbox 1683 743 1764 811; x_wconf 88' lang='lat' dir='ltr'><strong>I);</strong></span> <span class='ocrx_word' id='word_1_50' title='bbox 1812 742 2018 808; x_wconf 86' lang='lat' dir='ltr'><strong>Omnis,</strong></span> 
     </span>
    </p>
   </div>
   <div class='ocr_carea' id='block_1_8' title="bbox 448 830 2015 901">
    <p class='ocr_par' dir='ltr' id='par_1_8' title="bbox 448 830 2015 901">
     <span class='ocr_line' id='line_1_8' title="bbox 448 830 2015 901; baseline 0.001 -16"><span class='ocrx_word' id='word_1_51' title='bbox 448 832 644 901; x_wconf 81' lang='lat' dir='ltr'><strong>inquit,</strong></span> <span class='ocrx_word' id='word_1_52' title='bbox 685 832 865 884; x_wconf 82' lang='lat' dir='ltr'><strong>auium</strong></span> <span class='ocrx_word' id='word_1_53' title='bbox 884 831 1226 900; x_wconf 81' lang='lat' dir='ltr'><strong>potestatibus</strong></span> <span class='ocrx_word' id='word_1_54' title='bbox 1254 830 1652 884; x_wconf 79' lang='lat' dir='ltr'><strong>sublimioribus</strong></span> <span class='ocrx_word' id='word_1_55' title='bbox 1686 832 1899 885; x_wconf 79' lang='lat' dir='ltr'><strong>subdita</strong></span> <span class='ocrx_word' id='word_1_56' title='bbox 1926 834 2015 886; x_wconf 86' lang='lat' dir='ltr'><strong>sit.</strong></span> 
     </span>
    </p>
   </div>
   <div class='ocr_carea' id='block_1_9' title="bbox 450 919 2018 992">
    <p class='ocr_par' dir='ltr' id='par_1_9' title="bbox 450 919 2018 992">
     <span class='ocr_line' id='line_1_9' title="bbox 450 919 2018 992; baseline -0.001 -14"><span class='ocrx_word' id='word_1_57' title='bbox 450 923 572 978; x_wconf 67' lang='lat' dir='ltr'><strong>Non</strong></span> <span class='ocrx_word' id='word_1_58' title='bbox 606 925 745 977; x_wconf 83' lang='lat' dir='ltr'><strong>enim</strong></span> <span class='ocrx_word' id='word_1_59' title='bbox 790 932 870 976; x_wconf 79' lang='lat' dir='ltr'><strong>est</strong></span> <span class='ocrx_word' id='word_1_60' title='bbox 918 931 1185 992; x_wconf 70' lang='lat' dir='ltr'><strong>potestas,</strong></span> <span class='ocrx_word' id='word_1_61' title='bbox 1221 921 1327 974; x_wconf 88' lang='lat' dir='ltr'><strong>nisi</strong></span> <span class='ocrx_word' id='word_1_62' title='bbox 1352 938 1384 974; x_wconf 80' lang='grc' dir='ltr'><strong>ιι</strong></span> <span class='ocrx_word' id='word_1_63' title='bbox 1412 919 1540 975; x_wconf 85' lang='lat' dir='ltr'><strong>Deo.</strong></span> <span class='ocrx_word' id='word_1_64' title='bbox 1573 921 1675 986; x_wconf 77' lang='lat' dir='ltr'><strong>Qui</strong></span> <span class='ocrx_word' id='word_1_65' title='bbox 1720 932 1898 976; x_wconf 79' lang='lat' dir='ltr'><strong>autent</strong></span> <span class='ocrx_word' id='word_1_66' title='bbox 1931 940 2018 977; x_wconf 85' lang='lat' dir='ltr'><strong>rc-</strong></span> 
     </span>
    </p>
   </div>
   <div class='ocr_carea' id='block_1_10' title="bbox 443 1009 2015 1082">
    <p class='ocr_par' dir='ltr' id='par_1_10' title="bbox 443 1009 2015 1082">
     <span class='ocr_line' id='line_1_10' title="bbox 443 1009 2015 1082; baseline 0 -16"><span class='ocrx_word' id='word_1_67' title='bbox 443 1013 587 1066; x_wconf 71' lang='lat' dir='ltr'><strong>sistit</strong></span> <span class='ocrx_word' id='word_1_68' title='bbox 625 1012 894 1081; x_wconf 75' lang='lat' dir='ltr'><strong>potestati,</strong></span> <span class='ocrx_word' id='word_1_69' title='bbox 930 1010 1022 1063; x_wconf 78' lang='lat' dir='ltr'><strong>Dei</strong></span> <span class='ocrx_word' id='word_1_70' title='bbox 1061 1010 1389 1063; x_wconf 85' lang='lat' dir='ltr'><strong>ordinationi</strong></span> <span class='ocrx_word' id='word_1_71' title='bbox 1428 1011 1624 1063; x_wconf 73' lang='lat' dir='ltr'><strong>resistit</strong></span> <span class='ocrx_word' id='word_1_72' title='bbox 1667 1009 1840 1081; x_wconf 79' lang='lat' dir='ltr'><strong>(Rom.</strong></span> <span class='ocrx_word' id='word_1_73' title='bbox 1872 1011 2015 1082; x_wconf 87' lang='lat' dir='ltr'><strong>xm).</strong></span> 
     </span>
    </p>
   </div>
   <div class='ocr_carea' id='block_1_11' title="bbox 445 1091 2020 1170">
    <p class='ocr_par' dir='ltr' id='par_1_11' title="bbox 445 1091 2020 1170">
     <span class='ocr_line' id='line_1_11' title="bbox 445 1091 2020 1170; baseline 0 -14"><span class='ocrx_word' id='word_1_74' title='bbox 445 1101 598 1156; x_wconf 84' lang='lat' dir='ltr'><strong>Sicut</strong></span> <span class='ocrx_word' id='word_1_75' title='bbox 619 1101 779 1155; x_wconf 81' lang='lat' dir='ltr'><strong>amici</strong></span> <span class='ocrx_word' id='word_1_76' title='bbox 810 1099 984 1155; x_wconf 87' lang='lat' dir='ltr'><strong>nostri</strong></span> <span class='ocrx_word' id='word_1_77' title='bbox 1021 1101 1161 1154; x_wconf 90' lang='lat' dir='ltr'><strong>inter</strong></span> <span class='ocrx_word' id='word_1_78' title='bbox 1184 1100 1534 1155; x_wconf 79' lang='lat' dir='ltr'><strong>mulierculas</strong></span> <span class='ocrx_word' id='word_1_79' title='bbox 1563 1110 1618 1155; x_wconf 90' lang='lat' dir='ltr'><strong>ct</strong></span> <span class='ocrx_word' id='word_1_80' title='bbox 1643 1091 1873 1170; x_wconf 80' lang='lat' dir='ltr'><strong>simplex</strong></span> <span class='ocrx_word' id='word_1_81' title='bbox 1897 1103 2020 1156; x_wconf 85' lang='lat' dir='ltr'><strong>vul-</strong></span> 
     </span>
    </p>
   </div>
   <div class='ocr_carea' id='block_1_12' title="bbox 443 1191 2018 1265">
    <p class='ocr_par' dir='ltr' id='par_1_12' title="bbox 443 1191 2018 1265">
     <span class='ocr_line' id='line_1_12' title="bbox 443 1191 2018 1265; baseline 0.002 -21"><span class='ocrx_word' id='word_1_82' title='bbox 443 1208 544 1262; x_wconf 75' lang='lat' dir='ltr'><strong>gus</strong></span> <span class='ocrx_word' id='word_1_83' title='bbox 577 1191 872 1256; x_wconf 86' lang='lat' dir='ltr'><strong>somniant,</strong></span> <span class='ocrx_word' id='word_1_84' title='bbox 917 1191 1078 1261; x_wconf 63' lang='lat' dir='ltr'><strong>regiae</strong></span> <span class='ocrx_word' id='word_1_85' title='bbox 1121 1191 1370 1260; x_wconf 85' lang='lat' dir='ltr'><strong>potestati</strong></span> <span class='ocrx_word' id='word_1_86' title='bbox 1399 1191 1568 1245; x_wconf 78' lang='lat' dir='ltr'><strong>subdi</strong></span> <span class='ocrx_word' id='word_1_87' title='bbox 1609 1207 1718 1246; x_wconf 91' lang='lat' dir='ltr'><strong>non</strong></span> <span class='ocrx_word' id='word_1_88' title='bbox 1749 1203 2018 1265; x_wconf 79' lang='lat' dir='ltr'><strong>oportere,</strong></span> 
     </span>
    </p>
   </div>
   <div class='ocr_carea' id='block_1_13' title="bbox 441 1277 2019 1349">
    <p class='ocr_par' dir='ltr' id='par_1_13' title="bbox 441 1277 2019 1349">
     <span class='ocr_line' id='line_1_13' title="bbox 441 1277 2019 1349; baseline 0.001 -15"><span class='ocrx_word' id='word_1_89' title='bbox 441 1280 638 1334; x_wconf 85' lang='lat' dir='ltr'><strong>falsum</strong></span> <span class='ocrx_word' id='word_1_90' title='bbox 680 1294 801 1334; x_wconf 80' lang='lat' dir='ltr'><strong>esse</strong></span> <span class='ocrx_word' id='word_1_91' title='bbox 841 1293 970 1348; x_wconf 75' lang='lat' dir='ltr'><strong>ergo</strong></span> <span class='ocrx_word' id='word_1_92' title='bbox 1010 1277 1154 1346; x_wconf 87' lang='lat' dir='ltr'><strong>quod</strong></span> <span class='ocrx_word' id='word_1_93' title='bbox 1211 1293 1428 1332; x_wconf 86' lang='lat' dir='ltr'><strong>onmem</strong></span> <span class='ocrx_word' id='word_1_94' title='bbox 1478 1278 1719 1334; x_wconf 86' lang='lat' dir='ltr'><strong>animam</strong></span> <span class='ocrx_word' id='word_1_95' title='bbox 1765 1281 2019 1349; x_wconf 88' lang='lat' dir='ltr'><strong>potestati</strong></span> 
     </span>
    </p>
   </div>
   <div class='ocr_carea' id='block_1_14' title="bbox 441 1365 2020 1438">
    <p class='ocr_par' dir='ltr' id='par_1_14' title="bbox 441 1365 2020 1438">
     <span class='ocr_line' id='line_1_14' title="bbox 441 1365 2020 1438; baseline 0.003 -16"><span class='ocrx_word' id='word_1_96' title='bbox 441 1370 600 1423; x_wconf 78' lang='lat' dir='ltr'><strong>subdi</strong></span> <span class='ocrx_word' id='word_1_97' title='bbox 644 1376 910 1438; x_wconf 88' lang='lat' dir='ltr'><strong>oporteat.</strong></span> <span class='ocrx_word' id='word_1_98' title='bbox 960 1365 1066 1422; x_wconf 87' lang='lat' dir='ltr'><strong>Sed</strong></span> <span class='ocrx_word' id='word_1_99' title='bbox 1099 1368 1344 1437; x_wconf 87' lang='lat' dir='ltr'><strong>nunquid</strong></span> <span class='ocrx_word' id='word_1_100' title='bbox 1379 1366 1594 1424; x_wconf 76' lang='lat' dir='ltr'><strong>Veritas</strong></span> <span class='ocrx_word' id='word_1_101' title='bbox 1638 1370 1904 1426; x_wconf 89' lang='lat' dir='ltr'><strong>mendacii</strong></span> <span class='ocrx_word' id='word_1_102' title='bbox 1930 1387 2020 1426; x_wconf 85' lang='lat' dir='ltr'><strong>ar-</strong></span> 
     </span>
    </p>
   </div>
   <div class='ocr_carea' id='block_1_15' title="bbox 439 1459 2018 1531">
    <p class='ocr_par' dir='ltr' id='par_1_15' title="bbox 439 1459 2018 1531">
     <span class='ocr_line' id='line_1_15' title="bbox 439 1459 2018 1531; baseline 0.001 -19"><span class='ocrx_word' id='word_1_103' title='bbox 439 1461 649 1528; x_wconf 65' lang='lat' dir='ltr'><strong>guenda</strong></span> <span class='ocrx_word' id='word_1_104' title='bbox 677 1459 794 1514; x_wconf 82' lang='lat' dir='ltr'><strong>est?</strong></span> <span class='ocrx_word' id='word_1_105' title='bbox 834 1460 918 1513; x_wconf 83' lang='lat' dir='ltr'><strong>An</strong></span> <span class='ocrx_word' id='word_1_106' title='bbox 959 1460 1392 1529; x_wconf 80' lang='lat' dir='ltr'><strong>experimentum</strong></span> <span class='ocrx_word' id='word_1_107' title='bbox 1435 1475 1746 1529; x_wconf 65' lang='lat' dir='ltr'><strong>quaeramus</strong></span> <span class='ocrx_word' id='word_1_108' title='bbox 1779 1461 1899 1531; x_wconf 85' lang='lat' dir='ltr'><strong>ejus</strong></span> <span class='ocrx_word' id='word_1_109' title='bbox 1924 1461 2018 1530; x_wconf 88' lang='lat' dir='ltr'><strong>qui</strong></span> 
     </span>
    </p>
   </div>
   <div class='ocr_carea' id='block_1_16' title="bbox 437 1548 2016 1620">
    <p class='ocr_par' dir='ltr' id='par_1_16' title="bbox 437 1548 2016 1620">
     <span class='ocr_line' id='line_1_16' title="bbox 437 1548 2016 1620; baseline 0.001 -16"><span class='ocrx_word' id='word_1_110' title='bbox 437 1550 495 1604; x_wconf 88' lang='lat' dir='ltr'><strong>in</strong></span> <span class='ocrx_word' id='word_1_111' title='bbox 520 1549 781 1620; x_wconf 71' lang='lat' dir='ltr'><strong>Aposlolo</strong></span> <span class='ocrx_word' id='word_1_112' title='bbox 806 1550 1148 1619; x_wconf 86' lang='lat' dir='ltr'><strong>loquebatur,</strong></span> <span class='ocrx_word' id='word_1_113' title='bbox 1173 1548 1467 1608; x_wconf 80' lang='lat' dir='ltr'><strong>Christus?</strong></span> <span class='ocrx_word' id='word_1_114' title='bbox 1493 1549 1582 1620; x_wconf 84' lang='lat' dir='ltr'><strong>(II</strong></span> <span class='ocrx_word' id='word_1_115' title='bbox 1611 1549 1736 1606; x_wconf 86' lang='lat' dir='ltr'><strong>Cor.</strong></span> <span class='ocrx_word' id='word_1_116' title='bbox 1763 1552 1908 1620; x_wconf 78' lang='lat' dir='ltr'><strong>xm.)</strong></span> <span class='ocrx_word' id='word_1_117' title='bbox 1933 1549 2016 1606; x_wconf 73' lang='lat' dir='ltr'><strong>An</strong></span> 
     </span>
    </p>
   </div>
   <div class='ocr_carea' id='block_1_17' title="bbox 435 1637 2019 1710">
    <p class='ocr_par' dir='ltr' id='par_1_17' title="bbox 435 1637 2019 1710">
     <span class='ocr_line' id='line_1_17' title="bbox 435 1637 2019 1710; baseline -0.001 -16"><span class='ocrx_word' id='word_1_118' title='bbox 435 1641 757 1694; x_wconf 69' lang='lat' dir='ltr'><strong>mmuletnur</strong></span> <span class='ocrx_word' id='word_1_119' title='bbox 781 1639 1108 1693; x_wconf 81' lang='lat' dir='ltr'><strong>Dominum?</strong></span> <span class='ocrx_word' id='word_1_120' title='bbox 1125 1637 1378 1710; x_wconf 78' lang='lat' dir='ltr'><strong>Nunquid</strong></span> <span class='ocrx_word' id='word_1_121' title='bbox 1403 1639 1660 1695; x_wconf 80' lang='lat' dir='ltr'><strong>fortiores</strong></span> <span class='ocrx_word' id='word_1_122' title='bbox 1681 1640 1773 1693; x_wconf 86' lang='lat' dir='ltr'><strong>illo</strong></span> <span class='ocrx_word' id='word_1_123' title='bbox 1796 1641 2019 1695; x_wconf 83' lang='lat' dir='ltr'><strong>sumus?</strong></span> 
     </span>
    </p>
   </div>
   <div class='ocr_carea' id='block_1_18' title="bbox 437 1727 2012 1801">
    <p class='ocr_par' dir='ltr' id='par_1_18' title="bbox 437 1727 2012 1801">
     <span class='ocr_line' id='line_1_18' title="bbox 437 1727 2012 1801; baseline 0.003 -19"><span class='ocrx_word' id='word_1_124' title='bbox 437 1727 740 1784; x_wconf 81' lang='lat' dir='ltr'><strong>Fortiorem</strong></span> <span class='ocrx_word' id='word_1_125' title='bbox 771 1745 829 1784; x_wconf 90' lang='lat' dir='ltr'><strong>se</strong></span> <span class='ocrx_word' id='word_1_126' title='bbox 866 1731 1090 1785; x_wconf 86' lang='lat' dir='ltr'><strong>conlidit</strong></span> <span class='ocrx_word' id='word_1_127' title='bbox 1133 1731 1227 1801; x_wconf 88' lang='lat' dir='ltr'><strong>qui</strong></span> <span class='ocrx_word' id='word_1_128' title='bbox 1265 1730 1358 1785; x_wconf 87' lang='lat' dir='ltr'><strong>Dei</strong></span> <span class='ocrx_word' id='word_1_129' title='bbox 1402 1731 1732 1786; x_wconf 87' lang='lat' dir='ltr'><strong>ordinationi</strong></span> <span class='ocrx_word' id='word_1_130' title='bbox 1780 1732 2012 1798; x_wconf 88' lang='lat' dir='ltr'><strong>resistit,</strong></span> 
     </span>
    </p>
   </div>
   <div class='ocr_carea' id='block_1_19' title="bbox 2123 550 3710 625">
    <p class='ocr_par' dir='ltr' id='par_1_19' title="bbox 2123 550 3710 625">
     <span class='ocr_line' id='line_1_19' title="bbox 2123 550 3710 625; baseline 0.006 -11"><span class='ocrx_word' id='word_1_131' title='bbox 2123 561 2367 625; x_wconf 88' lang='lat' dir='ltr'><strong>usuario,</strong></span> <span class='ocrx_word' id='word_1_132' title='bbox 2412 560 2507 614; x_wconf 88' lang='lat' dir='ltr'><strong>sed</strong></span> <span class='ocrx_word' id='word_1_133' title='bbox 2544 560 2614 615; x_wconf 89' lang='lat' dir='ltr'><strong>de</strong></span> <span class='ocrx_word' id='word_1_134' title='bbox 2654 561 2819 615; x_wconf 84' lang='lat' dir='ltr'><strong>tertio</strong></span> <span class='ocrx_word' id='word_1_135' title='bbox 2858 561 3097 616; x_wconf 88' lang='lat' dir='ltr'><strong>intonuit</strong></span> <span class='ocrx_word' id='word_1_136' title='bbox 3143 563 3302 618; x_wconf 66' lang='lat' dir='ltr'><strong>caelo.</strong></span> <span class='ocrx_word' id='word_1_137' title='bbox 3332 562 3415 618; x_wconf 86' lang='lat' dir='ltr'><strong>De</strong></span> <span class='ocrx_word' id='word_1_138' title='bbox 3441 550 3566 622; x_wconf 77' lang='lat' dir='ltr'><strong>istis</strong></span> <span class='ocrx_word' id='word_1_139' title='bbox 3602 583 3710 624; x_wconf 80' lang='lat' dir='ltr'><strong>an-</strong></span> 
     </span>
    </p>
   </div>
   <div class='ocr_carea' id='block_1_20' title="bbox 2122 648 3708 726">
    <p class='ocr_par' dir='ltr' id='par_1_20' title="bbox 2122 648 3708 726">
     <span class='ocr_line' id='line_1_20' title="bbox 2122 648 3708 726; baseline 0.005 -21"><span class='ocrx_word' id='word_1_140' title='bbox 2122 648 2250 720; x_wconf 24' lang='lat' dir='ltr'><strong>tein-</strong></span> <span class='ocrx_word' id='word_1_141' title='bbox 2275 653 2367 722; x_wconf 83' lang='lat' dir='ltr'><strong>qui</strong></span> <span class='ocrx_word' id='word_1_142' title='bbox 2392 652 2692 722; x_wconf 76' lang='lat' dir='ltr'><strong>ignorantes</strong></span> <span class='ocrx_word' id='word_1_143' title='bbox 2721 651 2820 706; x_wconf 88' lang='lat' dir='ltr'><strong>Dei</strong></span> <span class='ocrx_word' id='word_1_144' title='bbox 2837 653 3132 725; x_wconf 72' lang='lat' dir='ltr'><strong>justitiam,</strong></span> <span class='ocrx_word' id='word_1_145' title='bbox 3154 664 3205 708; x_wconf 86' lang='lat' dir='ltr'><strong>et</strong></span> <span class='ocrx_word' id='word_1_146' title='bbox 3230 667 3520 726; x_wconf 69' lang='lat' dir='ltr'><strong>querentes</strong></span> <span class='ocrx_word' id='word_1_147' title='bbox 3545 673 3708 712; x_wconf 69' lang='lat' dir='ltr'><strong>sitan:</strong></span> 
     </span>
    </p>
   </div>
   <div class='ocr_carea' id='block_1_21' title="bbox 2110 743 3704 834">
    <p class='ocr_par' dir='ltr' id='par_1_21' title="bbox 2110 743 3704 834">
     <span class='ocr_line' id='line_1_21' title="bbox 2110 743 3704 834; baseline 0.007 -38"><span class='ocrx_word' id='word_1_148' title='bbox 2110 747 2391 831; x_wconf 68' lang='lat' dir='ltr'><strong>statuere,</strong></span> <span class='ocrx_word' id='word_1_149' title='bbox 2412 743 2639 813; x_wconf 71' lang='lat' dir='ltr'><strong>iustitia:</strong></span> <span class='ocrx_word' id='word_1_150' title='bbox 2684 743 2785 797; x_wconf 89' lang='lat' dir='ltr'><strong>Dei</strong></span> <span class='ocrx_word' id='word_1_151' title='bbox 2829 758 2934 798; x_wconf 85' lang='lat' dir='ltr'><strong>non</strong></span> <span class='ocrx_word' id='word_1_152' title='bbox 2970 755 3093 799; x_wconf 87' lang='lat' dir='ltr'><strong>sunt</strong></span> <span class='ocrx_word' id='word_1_153' title='bbox 3121 747 3357 816; x_wconf 65' lang='lat' dir='ltr'><strong>subjecti</strong></span> <span class='ocrx_word' id='word_1_154' title='bbox 3387 749 3561 818; x_wconf 83' lang='lat' dir='ltr'><strong>(Rom.</strong></span> <span class='ocrx_word' id='word_1_155' title='bbox 3605 752 3704 834; x_wconf 80' lang='lat' dir='ltr'><strong>x),</strong></span> 
     </span>
    </p>
   </div>
   <div class='ocr_carea' id='block_1_22' title="bbox 2121 825 3702 912">
    <p class='ocr_par' dir='ltr' id='par_1_22' title="bbox 2121 825 3702 912">
     <span class='ocr_line' id='line_1_22' title="bbox 2121 825 3702 912; baseline 0.003 -25"><span class='ocrx_word' id='word_1_156' title='bbox 2121 825 2441 888; x_wconf 74' lang='lat' dir='ltr'><strong>li-lucialitér</strong></span> <span class='ocrx_word' id='word_1_157' title='bbox 2463 834 2723 888; x_wconf 84' lang='lat' dir='ltr'><strong>dixerim:</strong></span> <span class='ocrx_word' id='word_1_158' title='bbox 2759 833 3143 890; x_wconf 74' lang='lat' dir='ltr'><strong>Maledicentttr</strong></span> <span class='ocrx_word' id='word_1_159' title='bbox 3170 833 3334 908; x_wconf 82' lang='lat' dir='ltr'><strong>[forte</strong></span> <span class='ocrx_word' id='word_1_160' title='bbox 3361 825 3702 912; x_wconf 69' lang='lat' dir='ltr'><strong>maiedicent]</strong></span> 
     </span>
    </p>
   </div>
   <div class='ocr_carea' id='block_1_23' title="bbox 2120 923 3707 998">
    <p class='ocr_par' dir='ltr' id='par_1_23' title="bbox 2120 923 3707 998">
     <span class='ocr_line' id='line_1_23' title="bbox 2120 923 3707 998; baseline 0.004 -22"><span class='ocrx_word' id='word_1_161' title='bbox 2120 923 2226 989; x_wconf 82' lang='lat' dir='ltr'><strong>illi,</strong></span> <span class='ocrx_word' id='word_1_162' title='bbox 2246 932 2297 977; x_wconf 84' lang='lat' dir='ltr'><strong>et</strong></span> <span class='ocrx_word' id='word_1_163' title='bbox 2327 933 2382 976; x_wconf 79' lang='lat' dir='ltr'><strong>tu</strong></span> <span class='ocrx_word' id='word_1_164' title='bbox 2421 923 2718 989; x_wconf 81' lang='lat' dir='ltr'><strong>benedices;</strong></span> <span class='ocrx_word' id='word_1_165' title='bbox 2746 924 2837 994; x_wconf 79' lang='lat' dir='ltr'><strong>qui</strong></span> <span class='ocrx_word' id='word_1_166' title='bbox 2883 925 3168 995; x_wconf 71' lang='lat' dir='ltr'><strong>insurgunt</strong></span> <span class='ocrx_word' id='word_1_167' title='bbox 3212 927 3272 980; x_wconf 85' lang='lat' dir='ltr'><strong>in</strong></span> <span class='ocrx_word' id='word_1_168' title='bbox 3316 943 3433 993; x_wconf 78' lang='lat' dir='ltr'><strong>nte,</strong></span> <span class='ocrx_word' id='word_1_169' title='bbox 3474 928 3707 998; x_wconf 73' lang='lat' dir='ltr'><strong>confun-</strong></span> 
     </span>
    </p>
   </div>
   <div class='ocr_carea' id='block_1_24' title="bbox 2120 1001 3700 1091">
    <p class='ocr_par' dir='ltr' id='par_1_24' title="bbox 2120 1001 3700 1091">
     <span class='ocr_line' id='line_1_24' title="bbox 2120 1001 3700 1091; baseline 0.005 -23"><span class='ocrx_word' id='word_1_170' title='bbox 2120 1005 2344 1082; x_wconf 71' lang='lat' dir='ltr'><strong>dantur,</strong></span> <span class='ocrx_word' id='word_1_171' title='bbox 2387 1001 2565 1070; x_wconf 65' lang='lat' dir='ltr'><strong>senius</strong></span> <span class='ocrx_word' id='word_1_172' title='bbox 2593 1024 2770 1069; x_wconf 82' lang='lat' dir='ltr'><strong>autem</strong></span> <span class='ocrx_word' id='word_1_173' title='bbox 2816 1023 2936 1070; x_wconf 75' lang='lat' dir='ltr'><strong>tum</strong></span> <span class='ocrx_word' id='word_1_174' title='bbox 2983 1016 3254 1071; x_wconf 68' lang='lat' dir='ltr'><strong>(celabitur</strong></span> <span class='ocrx_word' id='word_1_175' title='bbox 3287 1017 3466 1089; x_wconf 83' lang='lat' dir='ltr'><strong>(Psal.</strong></span> <span class='ocrx_word' id='word_1_176' title='bbox 3496 1019 3652 1091; x_wconf 87' lang='lat' dir='ltr'><strong>cvm)</strong></span> <span class='ocrx_word' id='word_1_177' title='bbox 3680 1037 3700 1088; x_wconf 87' lang='lat'><strong>;</strong></span> 
     </span>
    </p>
   </div>
   <div class='ocr_carea' id='block_1_25' title="bbox 2121 1106 3706 1185">
    <p class='ocr_par' dir='ltr' id='par_1_25' title="bbox 2121 1106 3706 1185">
     <span class='ocr_line' id='line_1_25' title="bbox 2121 1106 3706 1185; baseline 0.004 -23"><span class='ocrx_word' id='word_1_178' title='bbox 2121 1109 2380 1178; x_wconf 88' lang='lat' dir='ltr'><strong>quoniam</strong></span> <span class='ocrx_word' id='word_1_179' title='bbox 2419 1108 2501 1180; x_wconf 92' lang='lat' dir='ltr'><strong>(ut</strong></span> <span class='ocrx_word' id='word_1_180' title='bbox 2529 1107 2637 1176; x_wconf 88' lang='lat' dir='ltr'><strong>ais,</strong></span> <span class='ocrx_word' id='word_1_181' title='bbox 2669 1106 2922 1179; x_wconf 85' lang='lat' dir='ltr'><strong>Domine)</strong></span> <span class='ocrx_word' id='word_1_182' title='bbox 2957 1110 3071 1164; x_wconf 85' lang='lat' dir='ltr'><strong>sine</strong></span> <span class='ocrx_word' id='word_1_183' title='bbox 3099 1126 3180 1164; x_wconf 83' lang='lat' dir='ltr'><strong>me</strong></span> <span class='ocrx_word' id='word_1_184' title='bbox 3205 1111 3340 1170; x_wconf 77' lang='lat' dir='ltr'><strong>nihil</strong></span> <span class='ocrx_word' id='word_1_185' title='bbox 3374 1115 3590 1182; x_wconf 79' lang='lat' dir='ltr'><strong>potestis</strong></span> <span class='ocrx_word' id='word_1_186' title='bbox 3617 1115 3706 1185; x_wconf 81' lang='lat' dir='ltr'><strong>fa-</strong></span> 
     </span>
    </p>
   </div>
   <div class='ocr_carea' id='block_1_26' title="bbox 2121 1197 3708 1271">
    <p class='ocr_par' dir='ltr' id='par_1_26' title="bbox 2121 1197 3708 1271">
     <span class='ocr_line' id='line_1_26' title="bbox 2121 1197 3708 1271; baseline 0.005 -21"><span class='ocrx_word' id='word_1_187' title='bbox 2121 1214 2233 1252; x_wconf 81' lang='lat' dir='ltr'><strong>cere</strong></span> <span class='ocrx_word' id='word_1_188' title='bbox 2261 1197 2440 1267; x_wconf 81' lang='lat' dir='ltr'><strong>(Joan.</strong></span> <span class='ocrx_word' id='word_1_189' title='bbox 2463 1198 2590 1267; x_wconf 86' lang='lat' dir='ltr'><strong>xv):</strong></span> <span class='ocrx_word' id='word_1_190' title='bbox 2620 1215 2711 1252; x_wconf 84' lang='lat' dir='ltr'><strong>nec</strong></span> <span class='ocrx_word' id='word_1_191' title='bbox 2735 1199 2960 1253; x_wconf 81' lang='lat' dir='ltr'><strong>damnas</strong></span> <span class='ocrx_word' id='word_1_192' title='bbox 2978 1201 3211 1269; x_wconf 77' lang='lat' dir='ltr'><strong>justum,</strong></span> <span class='ocrx_word' id='word_1_193' title='bbox 3234 1202 3708 1271; x_wconf 72' lang='lat' dir='ltr'><strong>cuntjitdicabitar</strong></span> 
     </span>
    </p>
   </div>
   <div class='ocr_carea' id='block_1_27' title="bbox 2120 1288 3703 1362">
    <p class='ocr_par' dir='ltr' id='par_1_27' title="bbox 2120 1288 3703 1362">
     <span class='ocr_line' id='line_1_27' title="bbox 2120 1288 3703 1362; baseline 0.004 -20"><span class='ocrx_word' id='word_1_194' title='bbox 2120 1288 2204 1343; x_wconf 85' lang='lat' dir='ltr'><strong>illi</strong></span> <span class='ocrx_word' id='word_1_195' title='bbox 2253 1289 2428 1359; x_wconf 86' lang='lat' dir='ltr'><strong>(Psnl.</strong></span> <span class='ocrx_word' id='word_1_196' title='bbox 2474 1289 2686 1360; x_wconf 77' lang='lat' dir='ltr'><strong>xxxvr).|</strong></span> <span class='ocrx_word' id='word_1_197' title='bbox 2721 1289 2800 1346; x_wconf 79' lang='lat' dir='ltr'><strong>Tu</strong></span> <span class='ocrx_word' id='word_1_198' title='bbox 2839 1291 2959 1360; x_wconf 80' lang='lat' dir='ltr'><strong>quis</strong></span> <span class='ocrx_word' id='word_1_199' title='bbox 3005 1308 3060 1346; x_wconf 89' lang='lat' dir='ltr'><strong>es</strong></span> <span class='ocrx_word' id='word_1_200' title='bbox 3089 1293 3179 1362; x_wconf 82' lang='lat' dir='ltr'><strong>qui</strong></span> <span class='ocrx_word' id='word_1_201' title='bbox 3214 1293 3430 1361; x_wconf 71' lang='lat' dir='ltr'><strong>judich</strong></span> <span class='ocrx_word' id='word_1_202' title='bbox 3462 1293 3703 1349; x_wconf 63' lang='lat' dir='ltr'><strong>alienius</strong></span> 
     </span>
    </p>
   </div>
   <div class='ocr_carea' id='block_1_28' title="bbox 2119 1377 3550 1452">
    <p class='ocr_par' dir='ltr' id='par_1_28' title="bbox 2119 1377 3550 1452">
     <span class='ocr_line' id='line_1_28' title="bbox 2119 1377 3550 1452; baseline 0.005 -22"><span class='ocrx_word' id='word_1_203' title='bbox 2119 1394 2321 1432; x_wconf 75' lang='lat' dir='ltr'><strong>seruum</strong></span> <span class='ocrx_word' id='word_1_204' title='bbox 2339 1381 2365 1433; x_wconf 79' lang='lat'><strong><em>?</em></strong></span> <span class='ocrx_word' id='word_1_205' title='bbox 2387 1395 2482 1434; x_wconf 77' lang='lat' dir='ltr'><strong>suo</strong></span> <span class='ocrx_word' id='word_1_206' title='bbox 2509 1380 2722 1434; x_wconf 81' lang='lat' dir='ltr'><strong>domino</strong></span> <span class='ocrx_word' id='word_1_207' title='bbox 2749 1388 2880 1446; x_wconf 85' lang='lat' dir='ltr'><strong>stat,</strong></span> <span class='ocrx_word' id='word_1_208' title='bbox 2904 1389 2996 1433; x_wconf 79' lang='lat' dir='ltr'><strong>aut</strong></span> <span class='ocrx_word' id='word_1_209' title='bbox 3025 1381 3169 1434; x_wconf 83' lang='lat' dir='ltr'><strong>cadit</strong></span> <span class='ocrx_word' id='word_1_210' title='bbox 3205 1380 3376 1452; x_wconf 73' lang='lat' dir='ltr'><strong>(Raris.</strong></span> <span class='ocrx_word' id='word_1_211' title='bbox 3413 1377 3550 1452; x_wconf 77' lang='lat' dir='ltr'><strong>xiv).</strong></span> 
     </span>
    </p>
   </div>
   <div class='ocr_carea' id='block_1_29' title="bbox 2511 1508 3293 1581">
    <p class='ocr_par' dir='ltr' id='par_1_29' title="bbox 2511 1508 3293 1581">
     <span class='ocr_line' id='line_1_29' title="bbox 2511 1508 3293 1581; baseline 0.001 -16"><span class='ocrx_word' id='word_1_212' title='bbox 2511 1510 2664 1566; x_wconf 84' lang='lat' dir='ltr'><strong>Finis</strong></span> <span class='ocrx_word' id='word_1_213' title='bbox 2700 1509 2958 1581; x_wconf 63' lang='lat' dir='ltr'><strong>Epistolis</strong></span> <span class='ocrx_word' id='word_1_214' title='bbox 2987 1508 3293 1566; x_wconf 81' lang='lat' dir='ltr'><strong>Waltrami.</strong></span> 
     </span>
    </p>
   </div>
   <div class='ocr_carea' id='block_1_30' title="bbox 2187 1638 3701 1726">
    <p class='ocr_par' dir='ltr' id='par_1_30' title="bbox 2187 1638 3701 1726">
     <span class='ocr_line' id='line_1_30' title="bbox 2187 1638 3701 1726; baseline 0.005 -31"><span class='ocrx_word' id='word_1_215' title='bbox 2187 1639 2300 1726; x_wconf 81' lang='lat' dir='ltr'><strong>llas</strong></span> <span class='ocrx_word' id='word_1_216' title='bbox 2321 1657 2452 1697; x_wconf 86' lang='lat' dir='ltr'><strong>sane</strong></span> <span class='ocrx_word' id='word_1_217' title='bbox 2479 1642 2686 1698; x_wconf 82' lang='lat' dir='ltr'><strong>litteras</strong></span> <span class='ocrx_word' id='word_1_218' title='bbox 2708 1643 2998 1714; x_wconf 68' lang='lat' dir='ltr'><strong>praedictus</strong></span> <span class='ocrx_word' id='word_1_219' title='bbox 3023 1638 3208 1700; x_wconf 83' lang='lat' dir='ltr'><strong>comes</strong></span> <span class='ocrx_word' id='word_1_220' title='bbox 3231 1643 3540 1701; x_wconf 79' lang='lat' dir='ltr'><strong>Ludovicus</strong></span> <span class='ocrx_word' id='word_1_221' title='bbox 3567 1661 3701 1702; x_wconf 85' lang='lat' dir='ltr'><strong>sus-</strong></span> 
     </span>
    </p>
   </div>
   <div class='ocr_carea' id='block_1_31' title="bbox 2119 1731 3702 1806">
    <p class='ocr_par' dir='ltr' id='par_1_31' title="bbox 2119 1731 3702 1806">
     <span class='ocr_line' id='line_1_31' title="bbox 2119 1731 3702 1806; baseline 0.005 -24"><span class='ocrx_word' id='word_1_222' title='bbox 2119 1731 2326 1799; x_wconf 90' lang='lat' dir='ltr'><strong>cipiens</strong></span> <span class='ocrx_word' id='word_1_223' title='bbox 2348 1773 2363 1796; x_wconf 93' lang='lat'><strong>,</strong></span> <span class='ocrx_word' id='word_1_224' title='bbox 2403 1741 2598 1788; x_wconf 86' lang='lat' dir='ltr'><strong>vocato</strong></span> <span class='ocrx_word' id='word_1_225' title='bbox 2626 1733 2694 1787; x_wconf 90' lang='lat' dir='ltr'><strong>ad</strong></span> <span class='ocrx_word' id='word_1_226' title='bbox 2733 1749 2792 1788; x_wconf 87' lang='lat' dir='ltr'><strong>se</strong></span> <span class='ocrx_word' id='word_1_227' title='bbox 2833 1734 3126 1790; x_wconf 78' lang='lat' dir='ltr'><strong>venerabili</strong></span> <span class='ocrx_word' id='word_1_228' title='bbox 3163 1733 3437 1804; x_wconf 79' lang='lat' dir='ltr'><strong>Stephano</strong></span> <span class='ocrx_word' id='word_1_229' title='bbox 3461 1777 3479 1799; x_wconf 84' lang='grc'>,</span> <span class='ocrx_word' id='word_1_230' title='bbox 3505 1737 3602 1806; x_wconf 90' lang='lat' dir='ltr'><strong>qui</strong></span> <span class='ocrx_word' id='word_1_231' title='bbox 3637 1743 3702 1790; x_wconf 87' lang='lat' dir='ltr'><strong>et</strong></span> 
     </span>
    </p>
   </div>
   <div class='ocr_carea' id='block_1_32' title="bbox 435 1807 3697 1894">
    <p class='ocr_par' dir='ltr' id='par_1_32' title="bbox 435 1807 3697 1894">
     <span class='ocr_line' id='line_1_32' title="bbox 435 1807 3697 1894; baseline 0.002 -22"><span class='ocrx_word' id='word_1_232' title='bbox 435 1822 694 1888; x_wconf 84' lang='lat' dir='ltr'><strong>quoniam</strong></span> <span class='ocrx_word' id='word_1_233' title='bbox 740 1837 842 1874; x_wconf 92' lang='lat' dir='ltr'><strong>non</strong></span> <span class='ocrx_word' id='word_1_234' title='bbox 869 1831 944 1874; x_wconf 81' lang='lat' dir='ltr'><strong>est</strong></span> <span class='ocrx_word' id='word_1_235' title='bbox 973 1831 1225 1890; x_wconf 79' lang='lat' dir='ltr'><strong>potestas,</strong></span> <span class='ocrx_word' id='word_1_236' title='bbox 1257 1822 1360 1873; x_wconf 88' lang='lat' dir='ltr'><strong>nisi</strong></span> <span class='ocrx_word' id='word_1_237' title='bbox 1391 1839 1423 1874; x_wconf 80' lang='grc' dir='ltr'><em>α</em></span> <span class='ocrx_word' id='word_1_238' title='bbox 1452 1821 1582 1875; x_wconf 84' lang='lat' dir='ltr'><strong>Deo.</strong></span> <span class='ocrx_word' id='word_1_239' title='bbox 1620 1821 1747 1884; x_wconf 90' lang='lat' dir='ltr'><strong>Sed,</strong></span> <span class='ocrx_word' id='word_1_240' title='bbox 1778 1823 1909 1890; x_wconf 88' lang='lat' dir='ltr'><strong>quid</strong></span> <span class='ocrx_word' id='word_1_241' title='bbox 1939 1824 2016 1877; x_wconf 86' lang='lat' dir='ltr'><strong>ait</strong></span> <span class='ocrx_word' id='word_1_242' title='bbox 2046 1807 2090 1860; x_wconf 78' lang='grc' dir='ltr'><strong>Β</strong></span> <span class='ocrx_word' id='word_1_243' title='bbox 2115 1817 2448 1887; x_wconf 82' lang='lat' dir='ltr'><strong>Herrandus,</strong></span> <span class='ocrx_word' id='word_1_244' title='bbox 2473 1821 2912 1878; x_wconf 83' lang='lat' dir='ltr'><strong>Halverstadensi</strong></span> <span class='ocrx_word' id='word_1_245' title='bbox 2939 1824 3217 1894; x_wconf 87' lang='lat' dir='ltr'><strong>episcopo,</strong></span> <span class='ocrx_word' id='word_1_246' title='bbox 3243 1839 3340 1879; x_wconf 85' lang='lat' dir='ltr'><strong>eas</strong></span> <span class='ocrx_word' id='word_1_247' title='bbox 3365 1825 3585 1881; x_wconf 81' lang='lat' dir='ltr'><strong>tradidit</strong></span> <span class='ocrx_word' id='word_1_248' title='bbox 3605 1826 3697 1880; x_wconf 85' lang='lat' dir='ltr'><strong>le-</strong></span> 
     </span>
    </p>
   </div>
   <div class='ocr_carea' id='block_1_33' title="bbox 434 1902 2014 1983">
    <p class='ocr_par' dir='ltr' id='par_1_33' title="bbox 434 1902 2014 1983">
     <span class='ocr_line' id='line_1_33' title="bbox 434 1902 2014 1983; baseline 0 -17"><span class='ocrx_word' id='word_1_249' title='bbox 434 1902 729 1982; x_wconf 77' lang='lat' dir='ltr'><strong>proplieta?</strong></span> <span class='ocrx_word' id='word_1_250' title='bbox 759 1912 1172 1980; x_wconf 79' lang='lat' dir='ltr'><strong>Confunduntnr</strong></span> <span class='ocrx_word' id='word_1_251' title='bbox 1209 1927 1386 1964; x_wconf 80' lang='lat' dir='ltr'><strong>omnes</strong></span> <span class='ocrx_word' id='word_1_252' title='bbox 1428 1913 1520 1981; x_wconf 85' lang='lat' dir='ltr'><strong>qui</strong></span> <span class='ocrx_word' id='word_1_253' title='bbox 1553 1921 1787 1983; x_wconf 79' lang='lat' dir='ltr'><strong>pugnant</strong></span> <span class='ocrx_word' id='word_1_254' title='bbox 1829 1912 2014 1966; x_wconf 83' lang='lat' dir='ltr'><strong>adrer-</strong></span> 
     </span>
    </p>
   </div>
   <div class='ocr_carea' id='block_1_34' title="bbox 432 2001 2011 2066">
    <p class='ocr_par' dir='ltr' id='par_1_34' title="bbox 432 2001 2011 2066">
     <span class='ocr_line' id='line_1_34' title="bbox 432 2001 2011 2066; baseline 0.003 -13"><span class='ocrx_word' id='word_1_255' title='bbox 432 2018 550 2054; x_wconf 81' lang='lat' dir='ltr'><strong>snnt</strong></span> <span class='ocrx_word' id='word_1_256' title='bbox 581 2011 647 2066; x_wconf 80' lang='lat' dir='ltr'><strong>te,</strong></span> <span class='ocrx_word' id='word_1_257' title='bbox 700 2001 947 2065; x_wconf 86' lang='lat' dir='ltr'><strong>Domine;</strong></span> <span class='ocrx_word' id='word_1_258' title='bbox 985 2011 1037 2054; x_wconf 89' lang='lat' dir='ltr'><strong>et</strong></span> <span class='ocrx_word' id='word_1_259' title='bbox 1064 2002 1305 2066; x_wconf 79' lang='lat' dir='ltr'><strong>peribunt</strong></span> <span class='ocrx_word' id='word_1_260' title='bbox 1347 2002 1448 2055; x_wconf 84' lang='lat' dir='ltr'><strong>riri</strong></span> <span class='ocrx_word' id='word_1_261' title='bbox 1492 2004 1583 2064; x_wconf 85' lang='lat' dir='ltr'><strong>qui</strong></span> <span class='ocrx_word' id='word_1_262' title='bbox 1623 2004 1874 2057; x_wconf 69' lang='lat' dir='ltr'><strong>resistunt</strong></span> <span class='ocrx_word' id='word_1_263' title='bbox 1915 2006 2011 2058; x_wconf 84' lang='lat' dir='ltr'><strong>tibi</strong></span> 
     </span>
    </p>
   </div>
   <div class='ocr_carea' id='block_1_35' title="bbox 434 2088 761 2155">
    <p class='ocr_par' dir='ltr' id='par_1_35' title="bbox 434 2088 761 2155">
     <span class='ocr_line' id='line_1_35' title="bbox 434 2088 761 2155; baseline 0 -13"><span class='ocrx_word' id='word_1_264' title='bbox 434 2089 594 2153; x_wconf 72' lang='lat' dir='ltr'><strong>(latri.</strong></span> <span class='ocrx_word' id='word_1_265' title='bbox 629 2088 761 2155; x_wconf 82' lang='lat' dir='ltr'><strong>xu).</strong></span> 
     </span>
    </p>
   </div>
   <div class='ocr_carea' id='block_1_36' title="bbox 503 2179 2011 2252">
    <p class='ocr_par' dir='ltr' id='par_1_36' title="bbox 503 2179 2011 2252">
     <span class='ocr_line' id='line_1_36' title="bbox 503 2179 2011 2252; baseline 0.001 -17"><span class='ocrx_word' id='word_1_266' title='bbox 503 2180 855 2252; x_wconf 85' lang='lat' dir='ltr'><strong>llodolphus,</strong></span> <span class='ocrx_word' id='word_1_267' title='bbox 899 2179 1332 2247; x_wconf 76' lang='lat' dir='ltr'><strong>Hildebrandus,</strong></span> <span class='ocrx_word' id='word_1_268' title='bbox 1359 2179 1729 2252; x_wconf 76' lang='lat' dir='ltr'><strong>Eggebertus,</strong></span> <span class='ocrx_word' id='word_1_269' title='bbox 1755 2192 1810 2237; x_wconf 88' lang='lat' dir='ltr'><strong>et</strong></span> <span class='ocrx_word' id='word_1_270' title='bbox 1850 2183 2011 2237; x_wconf 87' lang='lat' dir='ltr'><strong>inmt-</strong></span> 
     </span>
    </p>
   </div>
   <div class='ocr_carea' id='block_1_37' title="bbox 431 2271 2012 2344">
    <p class='ocr_par' dir='ltr' id='par_1_37' title="bbox 431 2271 2012 2344">
     <span class='ocr_line' id='line_1_37' title="bbox 431 2271 2012 2344; baseline 0.001 -18"><span class='ocrx_word' id='word_1_271' title='bbox 431 2272 567 2326; x_wconf 71' lang='lat' dir='ltr'><strong>meri</strong></span> <span class='ocrx_word' id='word_1_272' title='bbox 601 2272 894 2342; x_wconf 87' lang='lat' dir='ltr'><strong>principes,</strong></span> <span class='ocrx_word' id='word_1_273' title='bbox 927 2271 1022 2335; x_wconf 78' lang='lat' dir='ltr'><strong>Dei</strong></span> <span class='ocrx_word' id='word_1_274' title='bbox 1053 2272 1387 2326; x_wconf 88' lang='lat' dir='ltr'><strong>ordinationi</strong></span> <span class='ocrx_word' id='word_1_275' title='bbox 1419 2273 1476 2325; x_wconf 90' lang='lat' dir='ltr'><strong>in</strong></span> <span class='ocrx_word' id='word_1_276' title='bbox 1522 2271 1756 2327; x_wconf 89' lang='lat' dir='ltr'><strong>llenrieo</strong></span> <span class='ocrx_word' id='word_1_277' title='bbox 1777 2273 2012 2344; x_wconf 88' lang='lat' dir='ltr'><strong>impera-</strong></span> 
     </span>
    </p>
   </div>
   <div class='ocr_carea' id='block_1_38' title="bbox 429 2361 2010 2434">
    <p class='ocr_par' dir='ltr' id='par_1_38' title="bbox 429 2361 2010 2434">
     <span class='ocr_line' id='line_1_38' title="bbox 429 2361 2010 2434; baseline 0 -16"><span class='ocrx_word' id='word_1_278' title='bbox 429 2375 548 2418; x_wconf 86' lang='lat' dir='ltr'><strong>tore</strong></span> <span class='ocrx_word' id='word_1_279' title='bbox 577 2363 916 2419; x_wconf 88' lang='lat' dir='ltr'><strong>restiterunt.</strong></span> <span class='ocrx_word' id='word_1_280' title='bbox 947 2361 1015 2415; x_wconf 76' lang='lat' dir='ltr'><strong>Et</strong></span> <span class='ocrx_word' id='word_1_281' title='bbox 1052 2376 1200 2427; x_wconf 87' lang='lat' dir='ltr'><strong>ecce,</strong></span> <span class='ocrx_word' id='word_1_282' title='bbox 1237 2362 1396 2431; x_wconf 89' lang='lat' dir='ltr'><strong>quasi</strong></span> <span class='ocrx_word' id='word_1_283' title='bbox 1425 2377 1534 2415; x_wconf 92' lang='lat' dir='ltr'><strong>non</strong></span> <span class='ocrx_word' id='word_1_284' title='bbox 1565 2361 1800 2430; x_wconf 89' lang='lat' dir='ltr'><strong>fuerint,</strong></span> <span class='ocrx_word' id='word_1_285' title='bbox 1835 2364 2010 2434; x_wconf 82' lang='lat' dir='ltr'><strong>perie-</strong></span> 
     </span>
    </p>
   </div>
   <div class='ocr_carea' id='block_1_39' title="bbox 429 2451 2012 2525">
    <p class='ocr_par' dir='ltr' id='par_1_39' title="bbox 429 2451 2012 2525">
     <span class='ocr_line' id='line_1_39' title="bbox 429 2451 2012 2525; baseline 0.001 -19"><span class='ocrx_word' id='word_1_286' title='bbox 429 2462 575 2518; x_wconf 86' lang='lat' dir='ltr'><strong>runt,</strong></span> <span class='ocrx_word' id='word_1_287' title='bbox 601 2453 730 2522; x_wconf 88' lang='lat' dir='ltr'><strong>quia</strong></span> <span class='ocrx_word' id='word_1_288' title='bbox 759 2451 1002 2520; x_wconf 87' lang='lat' dir='ltr'><strong>profecto</strong></span> <span class='ocrx_word' id='word_1_289' title='bbox 1027 2467 1250 2508; x_wconf 86' lang='lat' dir='ltr'><strong>necesse</strong></span> <span class='ocrx_word' id='word_1_290' title='bbox 1271 2460 1356 2508; x_wconf 88' lang='lat' dir='ltr'><strong>est</strong></span> <span class='ocrx_word' id='word_1_291' title='bbox 1385 2454 1588 2508; x_wconf 87' lang='lat' dir='ltr'><strong>malum</strong></span> <span class='ocrx_word' id='word_1_292' title='bbox 1617 2454 1785 2510; x_wconf 88' lang='lat' dir='ltr'><strong>fuisse</strong></span> <span class='ocrx_word' id='word_1_293' title='bbox 1814 2455 2012 2525; x_wconf 69' lang='lat' dir='ltr'><strong>princi~</strong></span> 
     </span>
    </p>
   </div>
   <div class='ocr_carea' id='block_1_40' title="bbox 429 2540 2010 2612">
    <p class='ocr_par' dir='ltr' id='par_1_40' title="bbox 429 2540 2010 2612">
     <span class='ocr_line' id='line_1_40' title="bbox 429 2540 2010 2612; baseline 0.003 -18"><span class='ocrx_word' id='word_1_294' title='bbox 429 2543 600 2609; x_wconf 89' lang='lat' dir='ltr'><strong>pium,</strong></span> <span class='ocrx_word' id='word_1_295' title='bbox 633 2557 871 2611; x_wconf 87' lang='lat' dir='ltr'><strong>quorum</strong></span> <span class='ocrx_word' id='word_1_296' title='bbox 900 2540 1026 2596; x_wconf 83' lang='lat' dir='ltr'><strong>finis</strong></span> <span class='ocrx_word' id='word_1_297' title='bbox 1059 2543 1331 2612; x_wconf 80' lang='lat' dir='ltr'><strong>pessimus</strong></span> <span class='ocrx_word' id='word_1_298' title='bbox 1359 2544 1688 2599; x_wconf 85' lang='lat' dir='ltr'><strong>subsecutus</strong></span> <span class='ocrx_word' id='word_1_299' title='bbox 1717 2554 1822 2598; x_wconf 84' lang='lat' dir='ltr'><strong>est.</strong></span> <span class='ocrx_word' id='word_1_300' title='bbox 1854 2541 2010 2600; x_wconf 80' lang='lat' dir='ltr'><strong>Nunc</strong></span> 
     </span>
    </p>
   </div>
   <div class='ocr_carea' id='block_1_41' title="bbox 425 2631 2008 2701">
    <p class='ocr_par' dir='ltr' id='par_1_41' title="bbox 425 2631 2008 2701">
     <span class='ocr_line' id='line_1_41' title="bbox 425 2631 2008 2701; baseline 0.003 -17"><span class='ocrx_word' id='word_1_301' title='bbox 425 2644 576 2701; x_wconf 76' lang='lat' dir='ltr'><strong>ergo,</strong></span> <span class='ocrx_word' id='word_1_302' title='bbox 605 2631 865 2701; x_wconf 87' lang='lat' dir='ltr'><strong>quoniam</strong></span> <span class='ocrx_word' id='word_1_303' title='bbox 892 2632 985 2700; x_wconf 90' lang='lat' dir='ltr'><strong>qui</strong></span> <span class='ocrx_word' id='word_1_304' title='bbox 1023 2647 1090 2686; x_wconf 81' lang='lat' dir='ltr'><strong>ex</strong></span> <span class='ocrx_word' id='word_1_305' title='bbox 1120 2631 1350 2686; x_wconf 87' lang='lat' dir='ltr'><strong>adverso</strong></span> <span class='ocrx_word' id='word_1_306' title='bbox 1391 2642 1543 2698; x_wconf 89' lang='lat' dir='ltr'><strong>sunt,</strong></span> <span class='ocrx_word' id='word_1_307' title='bbox 1572 2633 1688 2689; x_wconf 88' lang='lat' dir='ltr'><strong>suis</strong></span> <span class='ocrx_word' id='word_1_308' title='bbox 1717 2633 2008 2688; x_wconf 70' lang='lat' dir='ltr'><strong>adversum</strong></span> 
     </span>
    </p>
   </div>
   <div class='ocr_carea' id='block_1_42' title="bbox 427 2723 2008 2794">
    <p class='ocr_par' dir='ltr' id='par_1_42' title="bbox 427 2723 2008 2794">
     <span class='ocr_line' id='line_1_42' title="bbox 427 2723 2008 2794; baseline 0 -18"><span class='ocrx_word' id='word_1_309' title='bbox 427 2738 527 2776; x_wconf 78' lang='lat' dir='ltr'><strong>nos</strong></span> <span class='ocrx_word' id='word_1_310' title='bbox 573 2723 790 2779; x_wconf 87' lang='lat' dir='ltr'><strong>eminus</strong></span> <span class='ocrx_word' id='word_1_311' title='bbox 828 2723 1198 2794; x_wconf 77' lang='lat' dir='ltr'><strong>digladiantur</strong></span> <span class='ocrx_word' id='word_1_312' title='bbox 1239 2723 1780 2789; x_wconf 82' lang='lat' dir='ltr'><strong>ratiocinationibus;</strong></span> <span class='ocrx_word' id='word_1_313' title='bbox 1822 2733 2008 2778; x_wconf 82' lang='lat' dir='ltr'><strong>vestro</strong></span> 
     </span>
    </p>
   </div>
   <div class='ocr_carea' id='block_1_43' title="bbox 419 2811 2032 2882">
    <p class='ocr_par' dir='ltr' id='par_1_43' title="bbox 419 2811 2032 2882">
     <span class='ocr_line' id='line_1_43' title="bbox 419 2811 2032 2882; baseline 0.002 -19"><span class='ocrx_word' id='word_1_314' title='bbox 419 2811 648 2880; x_wconf 86' lang='lat' dir='ltr'><strong>judicio,</strong></span> <span class='ocrx_word' id='word_1_315' title='bbox 675 2811 765 2865; x_wconf 89' lang='lat' dir='ltr'><strong>ubi</strong></span> <span class='ocrx_word' id='word_1_316' title='bbox 783 2811 898 2882; x_wconf 90' lang='lat' dir='ltr'><strong>jus,</strong></span> <span class='ocrx_word' id='word_1_317' title='bbox 927 2812 1008 2866; x_wconf 89' lang='lat' dir='ltr'><strong>vel</strong></span> <span class='ocrx_word' id='word_1_318' title='bbox 1037 2813 1200 2866; x_wconf 91' lang='lat' dir='ltr'><strong>etiam</strong></span> <span class='ocrx_word' id='word_1_319' title='bbox 1226 2813 1280 2865; x_wconf 92' lang='lat' dir='ltr'><strong>in</strong></span> <span class='ocrx_word' id='word_1_320' title='bbox 1310 2820 1496 2866; x_wconf 87' lang='lat' dir='ltr'><strong>vestro</strong></span> <span class='ocrx_word' id='word_1_321' title='bbox 1514 2811 1724 2879; x_wconf 85' lang='lat' dir='ltr'><strong>judicio</strong></span> <span class='ocrx_word' id='word_1_322' title='bbox 1754 2825 2032 2866; x_wconf 38' lang='lat' dir='ltr'><strong>conserat</strong></span> 
     </span>
    </p>
   </div>
   <div class='ocr_carea' id='block_1_44' title="bbox 425 2899 2005 2967">
    <p class='ocr_par' dir='ltr' id='par_1_44' title="bbox 425 2899 2005 2967">
     <span class='ocr_line' id='line_1_44' title="bbox 425 2899 2005 2967; baseline 0 -13"><span class='ocrx_word' id='word_1_323' title='bbox 425 2916 572 2966; x_wconf 88' lang='lat' dir='ltr'><strong>mus,</strong></span> <span class='ocrx_word' id='word_1_324' title='bbox 596 2901 876 2955; x_wconf 90' lang='lat' dir='ltr'><strong>domicilio</strong></span> <span class='ocrx_word' id='word_1_325' title='bbox 905 2910 1118 2954; x_wconf 90' lang='lat' dir='ltr'><strong>tantum</strong></span> <span class='ocrx_word' id='word_1_326' title='bbox 1143 2915 1252 2954; x_wconf 90' lang='lat' dir='ltr'><strong>non</strong></span> <span class='ocrx_word' id='word_1_327' title='bbox 1287 2915 1391 2954; x_wconf 89' lang='lat' dir='ltr'><strong>suo</strong></span> <span class='ocrx_word' id='word_1_328' title='bbox 1420 2899 1692 2967; x_wconf 85' lang='lat' dir='ltr'><strong>usurario,</strong></span> <span class='ocrx_word' id='word_1_329' title='bbox 1721 2900 1815 2956; x_wconf 87' lang='lat' dir='ltr'><strong>sed</strong></span> <span class='ocrx_word' id='word_1_330' title='bbox 1841 2899 2005 2956; x_wconf 82' lang='lat' dir='ltr'><strong>Citri-</strong></span> 
     </span>
    </p>
   </div>
   <div class='ocr_carea' id='block_1_45' title="bbox 424 2985 2007 3059">
    <p class='ocr_par' dir='ltr' id='par_1_45' title="bbox 424 2985 2007 3059">
     <span class='ocr_line' id='line_1_45' title="bbox 424 2985 2007 3059; baseline -0.001 -14"><span class='ocrx_word' id='word_1_331' title='bbox 424 2991 496 3045; x_wconf 86' lang='lat' dir='ltr'><strong>sti</strong></span> <span class='ocrx_word' id='word_1_332' title='bbox 523 2998 576 3044; x_wconf 90' lang='lat' dir='ltr'><strong>et</strong></span> <span class='ocrx_word' id='word_1_333' title='bbox 603 2989 954 3059; x_wconf 88' lang='lat' dir='ltr'><strong>antiquorum</strong></span> <span class='ocrx_word' id='word_1_334' title='bbox 978 2985 1201 3044; x_wconf 85' lang='lat' dir='ltr'><strong>Patrum</strong></span> <span class='ocrx_word' id='word_1_335' title='bbox 1224 2996 1443 3042; x_wconf 90' lang='lat' dir='ltr'><strong>utamur</strong></span> <span class='ocrx_word' id='word_1_336' title='bbox 1477 2989 1804 3043; x_wconf 85' lang='lat' dir='ltr'><strong>testimonio.</strong></span> <span class='ocrx_word' id='word_1_337' title='bbox 1831 2987 1910 3044; x_wconf 80' lang='lat' dir='ltr'><strong>Ac</strong></span> <span class='ocrx_word' id='word_1_338' title='bbox 1937 3004 2007 3044; x_wconf 89' lang='lat' dir='ltr'><strong>nc</strong></span> 
     </span>
    </p>
   </div>
   <div class='ocr_carea' id='block_1_46' title="bbox 422 3079 2004 3148">
    <p class='ocr_par' dir='ltr' id='par_1_46' title="bbox 422 3079 2004 3148">
     <span class='ocr_line' id='line_1_46' title="bbox 422 3079 2004 3148; baseline 0 -15"><span class='ocrx_word' id='word_1_339' title='bbox 422 3079 563 3134; x_wconf 87' lang='lat' dir='ltr'><strong>forte</strong></span> <span class='ocrx_word' id='word_1_340' title='bbox 587 3089 894 3144; x_wconf 87' lang='lat' dir='ltr'><strong>recusetur,</strong></span> <span class='ocrx_word' id='word_1_341' title='bbox 928 3080 1018 3132; x_wconf 82' lang='lat' dir='ltr'><strong>lex</strong></span> <span class='ocrx_word' id='word_1_342' title='bbox 1063 3079 1230 3148; x_wconf 85' lang='lat' dir='ltr'><strong>hujus</strong></span> <span class='ocrx_word' id='word_1_343' title='bbox 1265 3087 1386 3133; x_wconf 85' lang='lat' dir='ltr'><strong>esto</strong></span> <span class='ocrx_word' id='word_1_344' title='bbox 1425 3079 1772 3144; x_wconf 82' lang='lat' dir='ltr'><strong>certaminis,</strong></span> <span class='ocrx_word' id='word_1_345' title='bbox 1801 3079 1887 3134; x_wconf 92' lang='lat' dir='ltr'><strong>vel</strong></span> <span class='ocrx_word' id='word_1_346' title='bbox 1916 3095 2004 3133; x_wconf 91' lang='lat' dir='ltr'><strong>me</strong></span> 
     </span>
    </p>
   </div>
   <div class='ocr_carea' id='block_1_47' title="bbox 422 3167 2000 3237">
    <p class='ocr_par' dir='ltr' id='par_1_47' title="bbox 422 3167 2000 3237">
     <span class='ocr_line' id='line_1_47' title="bbox 422 3167 2000 3237; baseline -0.001 -15"><span class='ocrx_word' id='word_1_347' title='bbox 422 3168 479 3222; x_wconf 89' lang='lat' dir='ltr'><strong>in</strong></span> <span class='ocrx_word' id='word_1_348' title='bbox 522 3167 848 3237; x_wconf 89' lang='lat' dir='ltr'><strong>populorum</strong></span> <span class='ocrx_word' id='word_1_349' title='bbox 899 3167 1136 3221; x_wconf 90' lang='lat' dir='ltr'><strong>transire</strong></span> <span class='ocrx_word' id='word_1_350' title='bbox 1179 3167 1541 3231; x_wconf 89' lang='lat' dir='ltr'><strong>sententiam,</strong></span> <span class='ocrx_word' id='word_1_351' title='bbox 1585 3167 1670 3221; x_wconf 85' lang='lat' dir='ltr'><strong>vel</strong></span> <span class='ocrx_word' id='word_1_352' title='bbox 1700 3182 1767 3221; x_wconf 81' lang='lat' dir='ltr'><strong>ex</strong></span> <span class='ocrx_word' id='word_1_353' title='bbox 1808 3175 2000 3221; x_wconf 77' lang='lat' dir='ltr'><strong>nostro</strong></span> 
     </span>
    </p>
   </div>
   <div class='ocr_carea' id='block_1_48' title="bbox 421 3255 1999 3329">
    <p class='ocr_par' dir='ltr' id='par_1_48' title="bbox 421 3255 1999 3329">
     <span class='ocr_line' id='line_1_48' title="bbox 421 3255 1999 3329; baseline -0.001 -17"><span class='ocrx_word' id='word_1_354' title='bbox 421 3257 701 3328; x_wconf 88' lang='lat' dir='ltr'><strong>triumpho</strong></span> <span class='ocrx_word' id='word_1_355' title='bbox 731 3271 831 3313; x_wconf 83' lang='lat' dir='ltr'><strong>vos</strong></span> <span class='ocrx_word' id='word_1_356' title='bbox 865 3255 1098 3329; x_wconf 87' lang='lat' dir='ltr'><strong>Domino</strong></span> <span class='ocrx_word' id='word_1_357' title='bbox 1138 3265 1327 3312; x_wconf 90' lang='lat' dir='ltr'><strong>nostro</strong></span> <span class='ocrx_word' id='word_1_358' title='bbox 1353 3255 1666 3327; x_wconf 85' lang='lat' dir='ltr'><strong>imperatori</strong></span> <span class='ocrx_word' id='word_1_359' title='bbox 1690 3255 1999 3312; x_wconf 87' lang='lat' dir='ltr'><strong>lucrifacia-</strong></span> 
     </span>
    </p>
   </div>
   <div class='ocr_carea' id='block_1_49' title="bbox 421 3343 1997 3414">
    <p class='ocr_par' dir='ltr' id='par_1_49' title="bbox 421 3343 1997 3414">
     <span class='ocr_line' id='line_1_49' title="bbox 421 3343 1997 3414; baseline -0.004 -12"><span class='ocrx_word' id='word_1_360' title='bbox 421 3363 566 3402; x_wconf 88' lang='lat' dir='ltr'><strong>mus.</strong></span> <span class='ocrx_word' id='word_1_361' title='bbox 596 3347 922 3400; x_wconf 84' lang='lat' dir='ltr'><strong>Attendatur</strong></span> <span class='ocrx_word' id='word_1_362' title='bbox 942 3356 999 3401; x_wconf 85' lang='lat' dir='ltr'><strong>et</strong></span> <span class='ocrx_word' id='word_1_363' title='bbox 1021 3345 1192 3400; x_wconf 90' lang='lat' dir='ltr'><strong>illud:</strong></span> <span class='ocrx_word' id='word_1_364' title='bbox 1232 3343 1293 3398; x_wconf 88' lang='lat' dir='ltr'><strong>Si</strong></span> <span class='ocrx_word' id='word_1_365' title='bbox 1319 3347 1438 3414; x_wconf 70' lang='lat' dir='ltr'><strong>quis</strong></span> <span class='ocrx_word' id='word_1_366' title='bbox 1467 3345 1626 3398; x_wconf 84' lang='lat' dir='ltr'><strong>aliter</strong></span> <span class='ocrx_word' id='word_1_367' title='bbox 1672 3344 1997 3414; x_wconf 74' lang='lat' dir='ltr'><strong>euangelizat</strong></span> 
     </span>
    </p>
   </div>
   <div class='ocr_carea' id='block_1_50' title="bbox 418 3421 1995 3506">
    <p class='ocr_par' dir='ltr' id='par_1_50' title="bbox 418 3421 1995 3506">
     <span class='ocr_line' id='line_1_50' title="bbox 418 3421 1995 3506; baseline -0.001 -18"><span class='ocrx_word' id='word_1_368' title='bbox 418 3421 611 3504; x_wconf 75' lang='lat' dir='ltr'><strong>prmtcr</strong></span> <span class='ocrx_word' id='word_1_369' title='bbox 633 3434 773 3506; x_wconf 79' lang='lat' dir='ltr'><strong>quod</strong></span> <span class='ocrx_word' id='word_1_370' title='bbox 799 3433 1214 3506; x_wconf 74' lang='lat' dir='ltr'><strong>eeangelisatnm</strong></span> <span class='ocrx_word' id='word_1_371' title='bbox 1259 3443 1338 3487; x_wconf 81' lang='lat' dir='ltr'><strong>est</strong></span> <span class='ocrx_word' id='word_1_372' title='bbox 1389 3434 1560 3497; x_wconf 83' lang='lat' dir='ltr'><strong>vobis,</strong></span> <span class='ocrx_word' id='word_1_373' title='bbox 1585 3434 1871 3488; x_wconf 74' lang='lat' dir='ltr'><strong>anathema</strong></span> <span class='ocrx_word' id='word_1_374' title='bbox 1919 3436 1995 3486; x_wconf 85' lang='lat' dir='ltr'><strong>sit</strong></span> 
     </span>
    </p>
   </div>
   <div class='ocr_carea' id='block_1_51' title="bbox 2113 1912 3699 1986">
    <p class='ocr_par' dir='ltr' id='par_1_51' title="bbox 2113 1912 3699 1986">
     <span class='ocr_line' id='line_1_51' title="bbox 2113 1912 3699 1986; baseline 0.003 -21"><span class='ocrx_word' id='word_1_375' title='bbox 2113 1912 2336 1983; x_wconf 77' lang='lat' dir='ltr'><strong>gendas,</strong></span> <span class='ocrx_word' id='word_1_376' title='bbox 2369 1914 2685 1984; x_wconf 78' lang='lat' dir='ltr'><strong>rogavitque</strong></span> <span class='ocrx_word' id='word_1_377' title='bbox 2705 1928 2831 1969; x_wconf 91' lang='lat' dir='ltr'><strong>eum</strong></span> <span class='ocrx_word' id='word_1_378' title='bbox 2854 1925 3144 1984; x_wconf 85' lang='lat' dir='ltr'><strong>quatenus,</strong></span> <span class='ocrx_word' id='word_1_379' title='bbox 3176 1915 3263 1970; x_wconf 89' lang='lat' dir='ltr'><strong>his</strong></span> <span class='ocrx_word' id='word_1_380' title='bbox 3291 1915 3534 1986; x_wconf 82' lang='lat' dir='ltr'><strong>diligenti</strong></span> <span class='ocrx_word' id='word_1_381' title='bbox 3559 1930 3699 1971; x_wconf 85' lang='lat' dir='ltr'><strong>exa-</strong></span> 
     </span>
    </p>
   </div>
   <div class='ocr_carea' id='block_1_52' title="bbox 2113 2001 3697 2073">
    <p class='ocr_par' dir='ltr' id='par_1_52' title="bbox 2113 2001 3697 2073">
     <span class='ocr_line' id='line_1_52' title="bbox 2113 2001 3697 2073; baseline 0.003 -18"><span class='ocrx_word' id='word_1_382' title='bbox 2113 2001 2412 2056; x_wconf 89' lang='lat' dir='ltr'><strong>minatione</strong></span> <span class='ocrx_word' id='word_1_383' title='bbox 2434 2003 2752 2073; x_wconf 58' lang='lat' dir='ltr'><strong>perswctis,</strong></span> <span class='ocrx_word' id='word_1_384' title='bbox 2780 2005 2937 2072; x_wconf 84' lang='lat' dir='ltr'><strong>juxta</strong></span> <span class='ocrx_word' id='word_1_385' title='bbox 2974 2005 3242 2060; x_wconf 87' lang='lat' dir='ltr'><strong>rationem</strong></span> <span class='ocrx_word' id='word_1_386' title='bbox 3272 2005 3518 2062; x_wconf 79' lang='lat' dir='ltr'><strong>veritatis</strong></span> <span class='ocrx_word' id='word_1_387' title='bbox 3549 2019 3697 2060; x_wconf 81' lang='lat' dir='ltr'><strong>con-</strong></span> 
     </span>
    </p>
   </div>
   <div class='ocr_carea' id='block_1_53' title="bbox 2111 2085 3785 2166">
    <p class='ocr_par' dir='ltr' id='par_1_53' title="bbox 2111 2085 3785 2166">
     <span class='ocr_line' id='line_1_53' title="bbox 2111 2085 3785 2166; baseline 0 -19"><span class='ocrx_word' id='word_1_388' title='bbox 2111 2108 2248 2162; x_wconf 71' lang='lat' dir='ltr'><strong>grua</strong></span> <span class='ocrx_word' id='word_1_389' title='bbox 2272 2093 2514 2150; x_wconf 86' lang='lat' dir='ltr'><strong>obviaret</strong></span> <span class='ocrx_word' id='word_1_390' title='bbox 2543 2095 2919 2165; x_wconf 85' lang='lat' dir='ltr'><strong>responsione,</strong></span> <span class='ocrx_word' id='word_1_391' title='bbox 2941 2103 2999 2149; x_wconf 91' lang='lat' dir='ltr'><strong>ct</strong></span> <span class='ocrx_word' id='word_1_392' title='bbox 3027 2095 3270 2166; x_wconf 74' lang='lat' dir='ltr'><strong>linguam</strong></span> <span class='ocrx_word' id='word_1_393' title='bbox 3300 2095 3698 2166; x_wconf 88' lang='lat' dir='ltr'><strong>blaspheman-</strong></span> <span class='ocrx_word' id='word_1_394' title='bbox 3743 2085 3746 2088; x_wconf 66' lang='grc'><strong>’</strong></span> <span class='ocrx_word' id='word_1_395' title='bbox 3777 2097 3785 2100; x_wconf 70' lang='grc'><em>”</em></span> 
     </span>
    </p>
   </div>
   <div class='ocr_carea' id='block_1_54' title="bbox 2111 2173 3696 2256">
    <p class='ocr_par' dir='ltr' id='par_1_54' title="bbox 2111 2173 3696 2256">
     <span class='ocr_line' id='line_1_54' title="bbox 2111 2173 3696 2256; baseline 0.003 -20"><span class='ocrx_word' id='word_1_396' title='bbox 2111 2185 2204 2250; x_wconf 89' lang='lat' dir='ltr'><strong>tis,</strong></span> <span class='ocrx_word' id='word_1_397' title='bbox 2231 2200 2296 2240; x_wconf 87' lang='lat' dir='ltr'><strong>os</strong></span> <span class='ocrx_word' id='word_1_398' title='bbox 2327 2200 2546 2254; x_wconf 84' lang='lat' dir='ltr'><strong>quoque</strong></span> <span class='ocrx_word' id='word_1_399' title='bbox 2579 2186 2765 2255; x_wconf 88' lang='lat' dir='ltr'><strong>iniqua</strong></span> <span class='ocrx_word' id='word_1_400' title='bbox 2799 2184 3124 2256; x_wconf 90' lang='lat' dir='ltr'><strong>profcrentis</strong></span> <span class='ocrx_word' id='word_1_401' title='bbox 3149 2195 3341 2241; x_wconf 87' lang='lat' dir='ltr'><strong>contra</strong></span> <span class='ocrx_word' id='word_1_402' title='bbox 3369 2173 3645 2255; x_wconf 74' lang='lat' dir='ltr'><strong>justitiam</strong></span> <span class='ocrx_word' id='word_1_403' title='bbox 3675 2227 3696 2252; x_wconf 83' lang='lat'><strong>,</strong></span> 
     </span>
    </p>
   </div>
   <div class='ocr_carea' id='block_1_55' title="bbox 2112 2273 3699 2343">
    <p class='ocr_par' dir='ltr' id='par_1_55' title="bbox 2112 2273 3699 2343">
     <span class='ocr_line' id='line_1_55' title="bbox 2112 2273 3699 2343; baseline 0 -17"><span class='ocrx_word' id='word_1_404' title='bbox 2112 2274 2438 2330; x_wconf 87' lang='lat' dir='ltr'><strong>auctoritate</strong></span> <span class='ocrx_word' id='word_1_405' title='bbox 2467 2275 2644 2330; x_wconf 87' lang='lat' dir='ltr'><strong>sancti</strong></span> <span class='ocrx_word' id='word_1_406' title='bbox 2681 2273 2920 2343; x_wconf 88' lang='lat' dir='ltr'><strong>Spiritus</strong></span> <span class='ocrx_word' id='word_1_407' title='bbox 2947 2315 2964 2340; x_wconf 90' lang='lat'><strong>,</strong></span> <span class='ocrx_word' id='word_1_408' title='bbox 2998 2283 3054 2330; x_wconf 90' lang='lat' dir='ltr'><strong>et</strong></span> <span class='ocrx_word' id='word_1_409' title='bbox 3082 2273 3394 2330; x_wconf 88' lang='lat' dir='ltr'><strong>testimonio</strong></span> <span class='ocrx_word' id='word_1_410' title='bbox 3441 2273 3699 2343; x_wconf 83' lang='lat' dir='ltr'><strong>Scriptu-</strong></span> 
     </span>
    </p>
   </div>
   <div class='ocr_carea' id='block_1_56' title="bbox 2109 2351 3695 2434">
    <p class='ocr_par' dir='ltr' id='par_1_56' title="bbox 2109 2351 3695 2434">
     <span class='ocr_line' id='line_1_56' title="bbox 2109 2351 3695 2434; baseline 0 -16"><span class='ocrx_word' id='word_1_411' title='bbox 2109 2379 2300 2420; x_wconf 86' lang='lat' dir='ltr'><strong>rarum</strong></span> <span class='ocrx_word' id='word_1_412' title='bbox 2321 2351 2652 2432; x_wconf 76' lang='lat' dir='ltr'><strong>Obstrueret,</strong></span> <span class='ocrx_word' id='word_1_413' title='bbox 2685 2380 2754 2418; x_wconf 88' lang='lat' dir='ltr'><strong>ne</strong></span> <span class='ocrx_word' id='word_1_414' title='bbox 2782 2364 3019 2434; x_wconf 84' lang='lat' dir='ltr'><strong>amplius</strong></span> <span class='ocrx_word' id='word_1_415' title='bbox 3049 2372 3242 2420; x_wconf 87' lang='lat' dir='ltr'><strong>contra</strong></span> <span class='ocrx_word' id='word_1_416' title='bbox 3268 2362 3695 2419; x_wconf 17' lang='lat' dir='ltr'><strong>EcclesiameDei</strong></span> 
     </span>
    </p>
   </div>
   <div class='ocr_carea' id='block_1_57' title="bbox 2110 2451 3696 2525">
    <p class='ocr_par' dir='ltr' id='par_1_57' title="bbox 2110 2451 3696 2525">
     <span class='ocr_line' id='line_1_57' title="bbox 2110 2451 3696 2525; baseline 0.002 -18"><span class='ocrx_word' id='word_1_417' title='bbox 2110 2453 2341 2510; x_wconf 87' lang='lat' dir='ltr'><strong>latratus</strong></span> <span class='ocrx_word' id='word_1_418' title='bbox 2377 2455 2647 2525; x_wconf 83' lang='lat' dir='ltr'><strong>proferret</strong></span> <span class='ocrx_word' id='word_1_419' title='bbox 2683 2454 2910 2510; x_wconf 86' lang='lat' dir='ltr'><strong>insanos</strong></span> <span class='ocrx_word' id='word_1_420' title='bbox 2932 2493 2950 2519; x_wconf 94' lang='lat'><strong>,</strong></span> <span class='ocrx_word' id='word_1_421' title='bbox 2993 2463 3049 2508; x_wconf 86' lang='lat' dir='ltr'><strong>et</strong></span> <span class='ocrx_word' id='word_1_422' title='bbox 3079 2452 3304 2508; x_wconf 78' lang='lat' dir='ltr'><strong>fureret.</strong></span> <span class='ocrx_word' id='word_1_423' title='bbox 3347 2451 3696 2510; x_wconf 81' lang='lat' dir='ltr'><strong>Venerabilis</strong></span> 
     </span>
    </p>
   </div>
   <div class='ocr_carea' id='block_1_58' title="bbox 2109 2542 3699 2615">
    <p class='ocr_par' dir='ltr' id='par_1_58' title="bbox 2109 2542 3699 2615">
     <span class='ocr_line' id='line_1_58' title="bbox 2109 2542 3699 2615; baseline 0.002 -19"><span class='ocrx_word' id='word_1_424' title='bbox 2109 2553 2291 2600; x_wconf 84' lang='lat' dir='ltr'><strong>autem</strong></span> <span class='ocrx_word' id='word_1_425' title='bbox 2317 2549 2629 2615; x_wconf 83' lang='lat' dir='ltr'><strong>cpiscopus,</strong></span> <span class='ocrx_word' id='word_1_426' title='bbox 2658 2543 2958 2600; x_wconf 84' lang='lat' dir='ltr'><strong>secundum</strong></span> <span class='ocrx_word' id='word_1_427' title='bbox 2983 2543 3297 2613; x_wconf 82' lang='lat' dir='ltr'><strong>petitionem</strong></span> <span class='ocrx_word' id='word_1_428' title='bbox 3316 2542 3532 2599; x_wconf 83' lang='lat' dir='ltr'><strong>comitis</strong></span> <span class='ocrx_word' id='word_1_429' title='bbox 3561 2559 3699 2599; x_wconf 82' lang='lat' dir='ltr'><strong>sus-</strong></span> 
     </span>
    </p>
   </div>
   <div class='ocr_carea' id='block_1_59' title="bbox 2109 2630 3695 2703">
    <p class='ocr_par' dir='ltr' id='par_1_59' title="bbox 2109 2630 3695 2703">
     <span class='ocr_line' id='line_1_59' title="bbox 2109 2630 3695 2703; baseline 0.002 -18"><span class='ocrx_word' id='word_1_430' title='bbox 2109 2631 2282 2700; x_wconf 84' lang='lat' dir='ltr'><strong>ceptis</strong></span> <span class='ocrx_word' id='word_1_431' title='bbox 2308 2630 2527 2698; x_wconf 81' lang='lat' dir='ltr'><strong>litteris,</strong></span> <span class='ocrx_word' id='word_1_432' title='bbox 2556 2646 2623 2686; x_wconf 88' lang='lat' dir='ltr'><strong>ac</strong></span> <span class='ocrx_word' id='word_1_433' title='bbox 2653 2630 2897 2703; x_wconf 71' lang='lat' dir='ltr'><strong>diligenti</strong></span> <span class='ocrx_word' id='word_1_434' title='bbox 2930 2631 3334 2687; x_wconf 85' lang='lat' dir='ltr'><strong>examinatione</strong></span> <span class='ocrx_word' id='word_1_435' title='bbox 3362 2632 3695 2702; x_wconf 82' lang='lat' dir='ltr'><strong>perspectis,</strong></span> 
     </span>
    </p>
   </div>
   <div class='ocr_carea' id='block_1_60' title="bbox 2107 2721 3692 2794">
    <p class='ocr_par' dir='ltr' id='par_1_60' title="bbox 2107 2721 3692 2794">
     <span class='ocr_line' id='line_1_60' title="bbox 2107 2721 3692 2794; baseline 0.002 -19"><span class='ocrx_word' id='word_1_436' title='bbox 2107 2730 2304 2776; x_wconf 82' lang='lat' dir='ltr'><strong>vocato</strong></span> <span class='ocrx_word' id='word_1_437' title='bbox 2328 2723 2566 2789; x_wconf 87' lang='lat' dir='ltr'><strong>notario,</strong></span> <span class='ocrx_word' id='word_1_438' title='bbox 2595 2721 2886 2792; x_wconf 85' lang='lat' dir='ltr'><strong>epistolam</strong></span> <span class='ocrx_word' id='word_1_439' title='bbox 2923 2721 3172 2788; x_wconf 85' lang='lat' dir='ltr'><strong>dictavit,</strong></span> <span class='ocrx_word' id='word_1_440' title='bbox 3202 2721 3258 2776; x_wconf 92' lang='lat' dir='ltr'><strong>in</strong></span> <span class='ocrx_word' id='word_1_441' title='bbox 3303 2737 3412 2794; x_wconf 88' lang='lat' dir='ltr'><strong>qua</strong></span> <span class='ocrx_word' id='word_1_442' title='bbox 3443 2721 3692 2791; x_wconf 81' lang='lat' dir='ltr'><strong>primum</strong></span> 
     </span>
    </p>
   </div>
   <div class='ocr_carea' id='block_1_61' title="bbox 2107 2808 3694 2880">
    <p class='ocr_par' dir='ltr' id='par_1_61' title="bbox 2107 2808 3694 2880">
     <span class='ocr_line' id='line_1_61' title="bbox 2107 2808 3694 2880; baseline 0.003 -21"><span class='ocrx_word' id='word_1_443' title='bbox 2107 2810 2485 2877; x_wconf 71' lang='lat' dir='ltr'><strong>prmseriptum</strong></span> <span class='ocrx_word' id='word_1_444' title='bbox 2520 2808 2861 2872; x_wconf 70' lang='lat' dir='ltr'><strong>Yaltramum</strong></span> <span class='ocrx_word' id='word_1_445' title='bbox 2885 2809 3204 2880; x_wconf 86' lang='lat' dir='ltr'><strong>episcopum</strong></span> <span class='ocrx_word' id='word_1_446' title='bbox 3238 2808 3553 2864; x_wconf 72' lang='lat' dir='ltr'><strong>haereticnm</strong></span> <span class='ocrx_word' id='word_1_447' title='bbox 3596 2808 3694 2864; x_wconf 86' lang='lat' dir='ltr'><strong>Si-</strong></span> 
     </span>
    </p>
   </div>
   <div class='ocr_carea' id='block_1_62' title="bbox 2107 2893 3689 2969">
    <p class='ocr_par' dir='ltr' id='par_1_62' title="bbox 2107 2893 3689 2969">
     <span class='ocr_line' id='line_1_62' title="bbox 2107 2893 3689 2969; baseline 0.003 -21"><span class='ocrx_word' id='word_1_448' title='bbox 2107 2895 2419 2956; x_wconf 83' lang='lat' dir='ltr'><strong>moniacttm</strong></span> <span class='ocrx_word' id='word_1_449' title='bbox 2443 2897 2740 2969; x_wconf 79' lang='lat' dir='ltr'><strong>redarguit;</strong></span> <span class='ocrx_word' id='word_1_450' title='bbox 2781 2911 2966 2968; x_wconf 75' lang='lat' dir='ltr'><strong>regem</strong></span> <span class='ocrx_word' id='word_1_451' title='bbox 2993 2895 3160 2950; x_wconf 87' lang='lat' dir='ltr'><strong>etiam</strong></span> <span class='ocrx_word' id='word_1_452' title='bbox 3180 2893 3475 2953; x_wconf 74' lang='lat' dir='ltr'><strong>Hernicum</strong></span> <span class='ocrx_word' id='word_1_453' title='bbox 3505 2897 3689 2952; x_wconf 66' lang='lat' dir='ltr'><strong>hare-</strong></span> 
     </span>
    </p>
   </div>
   <div class='ocr_carea' id='block_1_63' title="bbox 2107 2985 3691 3064">
    <p class='ocr_par' dir='ltr' id='par_1_63' title="bbox 2107 2985 3691 3064">
     <span class='ocr_line' id='line_1_63' title="bbox 2107 2985 3691 3064; baseline 0.008 -26"><span class='ocrx_word' id='word_1_454' title='bbox 2107 2985 2276 3040; x_wconf 84' lang='lat' dir='ltr'><strong>ticum</strong></span> <span class='ocrx_word' id='word_1_455' title='bbox 2311 2997 2368 3041; x_wconf 83' lang='lat' dir='ltr'><strong>et</strong></span> <span class='ocrx_word' id='word_1_456' title='bbox 2396 2989 2954 3054; x_wconf 83' lang='lat' dir='ltr'><strong>excommunicatum,</strong></span> <span class='ocrx_word' id='word_1_457' title='bbox 2991 2987 3220 3057; x_wconf 88' lang='lat' dir='ltr'><strong>ideoque</strong></span> <span class='ocrx_word' id='word_1_458' title='bbox 3253 3003 3355 3043; x_wconf 85' lang='lat' dir='ltr'><strong>nec</strong></span> <span class='ocrx_word' id='word_1_459' title='bbox 3386 3001 3571 3064; x_wconf 65' lang='lat' dir='ltr'><strong>regem</strong></span> <span class='ocrx_word' id='word_1_460' title='bbox 3597 2987 3691 3041; x_wconf 78' lang='lat' dir='ltr'><strong>di-</strong></span> 
     </span>
    </p>
   </div>
   <div class='ocr_carea' id='block_1_64' title="bbox 2107 3059 3691 3150">
    <p class='ocr_par' dir='ltr' id='par_1_64' title="bbox 2107 3059 3691 3150">
     <span class='ocr_line' id='line_1_64' title="bbox 2107 3059 3691 3150; baseline 0.003 -24"><span class='ocrx_word' id='word_1_461' title='bbox 2107 3075 2340 3130; x_wconf 86' lang='lat' dir='ltr'><strong>cendum</strong></span> <span class='ocrx_word' id='word_1_462' title='bbox 2367 3077 2758 3146; x_wconf 86' lang='lat' dir='ltr'><strong>comprobavit;</strong></span> <span class='ocrx_word' id='word_1_463' title='bbox 2791 3076 3138 3150; x_wconf 85' lang='lat' dir='ltr'><strong>episcopatus</strong></span> <span class='ocrx_word' id='word_1_464' title='bbox 3166 3091 3268 3146; x_wconf 91' lang='lat' dir='ltr'><strong>pro</strong></span> <span class='ocrx_word' id='word_1_465' title='bbox 3296 3059 3548 3146; x_wconf 80' lang='lat' dir='ltr'><strong>pecunia,</strong></span> <span class='ocrx_word' id='word_1_466' title='bbox 3583 3091 3691 3145; x_wconf 80' lang='lat' dir='ltr'><strong>pro</strong></span> 
     </span>
    </p>
   </div>
   <div class='ocr_carea' id='block_1_65' title="bbox 2100 3155 3690 3236">
    <p class='ocr_par' dir='ltr' id='par_1_65' title="bbox 2100 3155 3690 3236">
     <span class='ocr_line' id='line_1_65' title="bbox 2100 3155 3690 3236; baseline 0.003 -19"><span class='ocrx_word' id='word_1_467' title='bbox 2100 3164 2318 3234; x_wconf 77' lang='lat' dir='ltr'><strong>gladio,</strong></span> <span class='ocrx_word' id='word_1_468' title='bbox 2349 3180 2447 3235; x_wconf 87' lang='lat' dir='ltr'><strong>pro</strong></span> <span class='ocrx_word' id='word_1_469' title='bbox 2490 3166 2795 3234; x_wconf 84' lang='lat' dir='ltr'><strong>adulterio,</strong></span> <span class='ocrx_word' id='word_1_470' title='bbox 2821 3181 2922 3236; x_wconf 78' lang='lat' dir='ltr'><strong>ps0</strong></span> <span class='ocrx_word' id='word_1_471' title='bbox 2961 3155 3292 3223; x_wconf 86' lang='lat' dir='ltr'><strong>Sodomitica</strong></span> <span class='ocrx_word' id='word_1_472' title='bbox 3335 3165 3690 3222; x_wconf 83' lang='lat' dir='ltr'><strong>immunditia</strong></span> 
     </span>
    </p>
   </div>
   <div class='ocr_carea' id='block_1_66' title="bbox 2099 3254 3690 3328">
    <p class='ocr_par' dir='ltr' id='par_1_66' title="bbox 2099 3254 3690 3328">
     <span class='ocr_line' id='line_1_66' title="bbox 2099 3254 3690 3328; baseline 0.002 -20"><span class='ocrx_word' id='word_1_473' title='bbox 2099 3254 2421 3310; x_wconf 85' lang='lat' dir='ltr'><strong>vendentem</strong></span> <span class='ocrx_word' id='word_1_474' title='bbox 2451 3256 2764 3312; x_wconf 86' lang='lat' dir='ltr'><strong>declaravit.</strong></span> <span class='ocrx_word' id='word_1_475' title='bbox 2798 3254 2910 3311; x_wconf 83' lang='lat' dir='ltr'><strong>Sed</strong></span> <span class='ocrx_word' id='word_1_476' title='bbox 2940 3257 3112 3328; x_wconf 85' lang='lat' dir='ltr'><strong>ipsius</strong></span> <span class='ocrx_word' id='word_1_477' title='bbox 3133 3257 3252 3325; x_wconf 85' lang='lat' dir='ltr'><strong>jam</strong></span> <span class='ocrx_word' id='word_1_478' title='bbox 3292 3257 3534 3327; x_wconf 69' lang='lat' dir='ltr'><strong>epistola:</strong></span> <span class='ocrx_word' id='word_1_479' title='bbox 3562 3265 3690 3311; x_wconf 75' lang='lat' dir='ltr'><strong>tex-</strong></span> 
     </span>
    </p>
   </div>
   <div class='ocr_carea' id='block_1_67' title="bbox 2103 3343 3687 3414">
    <p class='ocr_par' dir='ltr' id='par_1_67' title="bbox 2103 3343 3687 3414">
     <span class='ocr_line' id='line_1_67' title="bbox 2103 3343 3687 3414; baseline 0.003 -17"><span class='ocrx_word' id='word_1_480' title='bbox 2103 3349 2194 3398; x_wconf 88' lang='lat' dir='ltr'><strong>tus</strong></span> <span class='ocrx_word' id='word_1_481' title='bbox 2241 3354 2569 3414; x_wconf 71' lang='lat' dir='ltr'><strong>experiatur,</strong></span> <span class='ocrx_word' id='word_1_482' title='bbox 2601 3355 2661 3401; x_wconf 93' lang='lat' dir='ltr'><strong>ut</strong></span> <span class='ocrx_word' id='word_1_483' title='bbox 2695 3345 2842 3402; x_wconf 83' lang='lat' dir='ltr'><strong>illius</strong></span> <span class='ocrx_word' id='word_1_484' title='bbox 2873 3345 3203 3403; x_wconf 74' lang='lat' dir='ltr'><strong>venerabilis</strong></span> <span class='ocrx_word' id='word_1_485' title='bbox 3246 3345 3352 3400; x_wconf 86' lang='lat' dir='ltr'><strong>viri</strong></span> <span class='ocrx_word' id='word_1_486' title='bbox 3389 3343 3575 3401; x_wconf 90' lang='lat' dir='ltr'><strong>fervor</strong></span> <span class='ocrx_word' id='word_1_487' title='bbox 3623 3347 3687 3402; x_wconf 83' lang='lat' dir='ltr'><strong>in</strong></span> 
     </span>
    </p>
   </div>
   <div class='ocr_carea' id='block_1_68' title="bbox 2101 3435 2902 3507">
    <p class='ocr_par' dir='ltr' id='par_1_68' title="bbox 2101 3435 2902 3507">
     <span class='ocr_line' id='line_1_68' title="bbox 2101 3435 2902 3507; baseline 0.005 -19"><span class='ocrx_word' id='word_1_488' title='bbox 2101 3443 2287 3490; x_wconf 89' lang='lat' dir='ltr'><strong>tenore</strong></span> <span class='ocrx_word' id='word_1_489' title='bbox 2304 3435 2532 3506; x_wconf 72' lang='lat' dir='ltr'><strong>justitia:</strong></span> <span class='ocrx_word' id='word_1_490' title='bbox 2555 3445 2902 3507; x_wconf 81' lang='lat' dir='ltr'><strong>agnoscatur.</strong></span> 
     </span>
    </p>
   </div>
   <div class='ocr_carea' id='block_1_69' title="bbox 1355 3567 3674 3608">
    <p class='ocr_par' dir='ltr' id='par_1_69' title="bbox 1355 3567 3674 3608">
     <span class='ocr_line' id='line_1_69' title="bbox 1355 3567 3674 3608; baseline 0.001 -10"><span class='ocrx_word' id='word_1_491' title='bbox 1355 3567 3674 3608; x_wconf 43' lang='grc' dir='ltr'>Ἤ</span> 
     </span>
    </p>
   </div>
   <div class='ocr_carea' id='block_1_70' title="bbox 1147 3665 2941 3868">
    <p class='ocr_par' dir='ltr' id='par_1_70' title="bbox 1147 3665 2941 3868">
     <span class='ocr_line' id='line_1_70' title="bbox 1147 3665 2941 3868; baseline 0.003 -54"><span class='ocrx_word' id='word_1_492' title='bbox 1147 3718 1729 3868; x_wconf 60' lang='grc' dir='ltr'><strong>Εριετοιᾼ</strong></span> <span class='ocrx_word' id='word_1_493' title='bbox 1795 3723 2374 3859; x_wconf 84' lang='lat' dir='ltr'><strong>LUDOVICI</strong></span> <span class='ocrx_word' id='word_1_494' title='bbox 2451 3727 2941 3835; x_wconf 79' lang='lat' dir='ltr'><strong>coums</strong></span> 
     </span>
    </p>
   </div>
   <div class='ocr_carea' id='block_1_71' title="bbox 1566 4032 2518 4185">
    <p class='ocr_par' dir='ltr' id='par_1_71' title="bbox 1566 4032 2518 4185">
     <span class='ocr_line' id='line_1_71' title="bbox 1566 4032 2518 4185; baseline 0 -33"><span class='ocrx_word' id='word_1_495' title='bbox 1566 4032 2518 4185; x_wconf 65' lang='lat' dir='ltr'><strong>uernam</strong></span> 
     </span>
    </p>
   </div>
   <div class='ocr_carea' id='block_1_72' title="bbox 1443 4247 2618 4328">
    <p class='ocr_par' dir='ltr' id='par_1_72' title="bbox 1443 4247 2618 4328">
     <span class='ocr_line' id='line_1_72' title="bbox 1443 4247 2618 4328; baseline -0.001 -18"><span class='ocrx_word' id='word_1_496' title='bbox 1443 4247 2198 4310; x_wconf 77' lang='lat' dir='ltr'><strong>dALBERSTADENSIS</strong></span> <span class='ocrx_word' id='word_1_497' title='bbox 2241 4247 2618 4328; x_wconf 84' lang='lat' dir='ltr'><strong>EPISCOPI.</strong></span> 
     </span>
    </p>
   </div>
   <div class='ocr_carea' id='block_1_73' title="bbox 477 4501 3675 4588">
    <p class='ocr_par' dir='ltr' id='par_1_73' title="bbox 477 4501 3675 4588">
     <span class='ocr_line' id='line_1_73' title="bbox 477 4501 3675 4588; baseline -0.003 -18"><span class='ocrx_word' id='word_1_498' title='bbox 477 4513 670 4570; x_wconf 71' lang='lat' dir='ltr'><strong>Cautes</strong></span> <span class='ocrx_word' id='word_1_499' title='bbox 719 4511 1023 4565; x_wconf 78' lang='lat' dir='ltr'><strong>Lroovtcus</strong></span> <span class='ocrx_word' id='word_1_500' title='bbox 1068 4505 1287 4561; x_wconf 88' lang='lat' dir='ltr'><strong>domino</strong></span> <span class='ocrx_word' id='word_1_501' title='bbox 1327 4503 1624 4559; x_wconf 66' lang='lat' dir='ltr'><strong>Vscrnauo</strong></span> <span class='ocrx_word' id='word_1_502' title='bbox 1655 4543 1672 4568; x_wconf 95' lang='lat'><strong>,</strong></span> <span class='ocrx_word' id='word_1_503' title='bbox 1719 4501 1982 4572; x_wconf 86' lang='lat' dir='ltr'><strong>quidquid</strong></span> <span class='ocrx_word' id='word_1_504' title='bbox 2004 4509 2059 4588; x_wconf 12' lang='lat' dir='ltr'><strong>VD</strong></span> <span class='ocrx_word' id='word_1_505' title='bbox 2085 4501 2338 4570; x_wconf 86' lang='lat' dir='ltr'><strong>telligere,</strong></span> <span class='ocrx_word' id='word_1_506' title='bbox 2363 4512 2423 4557; x_wconf 85' lang='lat' dir='ltr'><strong>ut</strong></span> <span class='ocrx_word' id='word_1_507' title='bbox 2445 4503 2570 4558; x_wconf 82' lang='lat' dir='ltr'><strong>bene</strong></span> <span class='ocrx_word' id='word_1_508' title='bbox 2595 4513 2800 4588; x_wconf 77' lang='lat' dir='ltr'><strong>ageret;</strong></span> <span class='ocrx_word' id='word_1_509' title='bbox 2826 4505 3166 4576; x_wconf 82' lang='lat' dir='ltr'><strong>iniquitatem</strong></span> <span class='ocrx_word' id='word_1_510' title='bbox 3195 4505 3482 4558; x_wconf 73' lang='lat' dir='ltr'><strong>meditatus</strong></span> <span class='ocrx_word' id='word_1_511' title='bbox 3501 4514 3588 4560; x_wconf 80' lang='lat' dir='ltr'><strong>est</strong></span> <span class='ocrx_word' id='word_1_512' title='bbox 3611 4504 3675 4561; x_wconf 77' lang='lat' dir='ltr'><strong>iis</strong></span> 
     </span>
    </p>
   </div>
   <div class='ocr_carea' id='block_1_74' title="bbox 408 4601 1173 4670">
    <p class='ocr_par' dir='ltr' id='par_1_74' title="bbox 408 4601 1173 4670">
     <span class='ocr_line' id='line_1_74' title="bbox 408 4601 1173 4670; baseline -0.014 -9"><span class='ocrx_word' id='word_1_513' title='bbox 408 4607 499 4662; x_wconf 79' lang='lat' dir='ltr'><strong>tali</strong></span> <span class='ocrx_word' id='word_1_514' title='bbox 534 4602 800 4659; x_wconf 87' lang='lat' dir='ltr'><strong>vocabulo</strong></span> <span class='ocrx_word' id='word_1_515' title='bbox 820 4601 1046 4670; x_wconf 76' lang='lat' dir='ltr'><strong>dignum</strong></span> <span class='ocrx_word' id='word_1_516' title='bbox 1070 4604 1173 4652; x_wconf 89' lang='lat' dir='ltr'><strong>est.</strong></span> 
     </span>
    </p>
   </div>
   <div class='ocr_carea' id='block_1_75' title="bbox 480 4682 1986 4750">
    <p class='ocr_par' dir='ltr' id='par_1_75' title="bbox 480 4682 1986 4750">
     <span class='ocr_line' id='line_1_75' title="bbox 480 4682 1986 4750; baseline -0.009 0"><span class='ocrx_word' id='word_1_517' title='bbox 480 4693 629 4750; x_wconf 85' lang='lat' dir='ltr'><strong>Sicut</strong></span> <span class='ocrx_word' id='word_1_518' title='bbox 664 4695 842 4746; x_wconf 86' lang='lat' dir='ltr'><strong>bonus</strong></span> <span class='ocrx_word' id='word_1_519' title='bbox 881 4691 1045 4743; x_wconf 89' lang='lat' dir='ltr'><strong>homo</strong></span> <span class='ocrx_word' id='word_1_520' title='bbox 1071 4688 1139 4742; x_wconf 89' lang='lat' dir='ltr'><strong>de</strong></span> <span class='ocrx_word' id='word_1_521' title='bbox 1193 4685 1338 4748; x_wconf 87' lang='lat' dir='ltr'><strong>bono</strong></span> <span class='ocrx_word' id='word_1_522' title='bbox 1393 4683 1652 4739; x_wconf 88' lang='lat' dir='ltr'><strong>thesauro</strong></span> <span class='ocrx_word' id='word_1_523' title='bbox 1684 4682 1866 4738; x_wconf 85' lang='lat' dir='ltr'><strong>cordis</strong></span> <span class='ocrx_word' id='word_1_524' title='bbox 1899 4683 1986 4737; x_wconf 89' lang='lat' dir='ltr'><strong>sui</strong></span> 
     </span>
    </p>
   </div>
   <div class='ocr_carea' id='block_1_76' title="bbox 404 4772 1988 4855">
    <p class='ocr_par' dir='ltr' id='par_1_76' title="bbox 404 4772 1988 4855">
     <span class='ocr_line' id='line_1_76' title="bbox 404 4772 1988 4855; baseline -0.006 -20"><span class='ocrx_word' id='word_1_525' title='bbox 404 4785 605 4855; x_wconf 78' lang='lat' dir='ltr'><strong>profert</strong></span> <span class='ocrx_word' id='word_1_526' title='bbox 636 4783 859 4845; x_wconf 89' lang='lat' dir='ltr'><strong>bonum,</strong></span> <span class='ocrx_word' id='word_1_527' title='bbox 912 4779 987 4833; x_wconf 89' lang='lat' dir='ltr'><strong>ita</strong></span> <span class='ocrx_word' id='word_1_528' title='bbox 1031 4778 1208 4832; x_wconf 89' lang='lat' dir='ltr'><strong>malus</strong></span> <span class='ocrx_word' id='word_1_529' title='bbox 1239 4776 1405 4830; x_wconf 90' lang='lat' dir='ltr'><strong>homo</strong></span> <span class='ocrx_word' id='word_1_530' title='bbox 1449 4774 1518 4829; x_wconf 89' lang='lat' dir='ltr'><strong>de</strong></span> <span class='ocrx_word' id='word_1_531' title='bbox 1551 4773 1696 4828; x_wconf 89' lang='lat' dir='ltr'><strong>malo</strong></span> <span class='ocrx_word' id='word_1_532' title='bbox 1732 4772 1988 4826; x_wconf 88' lang='lat' dir='ltr'><strong>thesauro</strong></span> 
     </span>
    </p>
   </div>
   <div class='ocr_carea' id='block_1_77' title="bbox 404 4863 1985 4945">
    <p class='ocr_par' dir='ltr' id='par_1_77' title="bbox 404 4863 1985 4945">
     <span class='ocr_line' id='line_1_77' title="bbox 404 4863 1985 4945; baseline -0.008 -16"><span class='ocrx_word' id='word_1_533' title='bbox 404 4875 608 4945; x_wconf 83' lang='lat' dir='ltr'><strong>profert</strong></span> <span class='ocrx_word' id='word_1_534' title='bbox 632 4875 833 4930; x_wconf 89' lang='lat' dir='ltr'><strong>malum</strong></span> <span class='ocrx_word' id='word_1_535' title='bbox 863 4870 1080 4944; x_wconf 80' lang='lat' dir='ltr'><strong>(Matth.</strong></span> <span class='ocrx_word' id='word_1_536' title='bbox 1115 4885 1215 4934; x_wconf 84' lang='lat' dir='ltr'><strong>xu;</strong></span> <span class='ocrx_word' id='word_1_537' title='bbox 1249 4866 1494 4936; x_wconf 84' lang='lat' dir='ltr'><strong>Luc.vt).</strong></span> <span class='ocrx_word' id='word_1_538' title='bbox 1524 4863 1678 4919; x_wconf 88' lang='lat' dir='ltr'><strong>Unde</strong></span> <span class='ocrx_word' id='word_1_539' title='bbox 1708 4863 1804 4918; x_wconf 90' lang='lat' dir='ltr'><strong>tibi</strong></span> <span class='ocrx_word' id='word_1_540' title='bbox 1833 4871 1985 4917; x_wconf 89' lang='lat' dir='ltr'><strong>tanta</strong></span> 
     </span>
    </p>
   </div>
   <div class='ocr_carea' id='block_1_78' title="bbox 319 4954 1983 5038">
    <p class='ocr_par' dir='ltr' id='par_1_78' title="bbox 319 4954 1983 5038">
     <span class='ocr_line' id='line_1_78' title="bbox 319 4954 1983 5038; baseline -0.008 -15"><span class='ocrx_word' id='word_1_541' title='bbox 319 5005 329 5012; x_wconf 77' lang='lat'><strong>-</strong></span> <span class='ocrx_word' id='word_1_542' title='bbox 403 4968 713 5038; x_wconf 82' lang='lat' dir='ltr'><strong>arrogantia</strong></span> <span class='ocrx_word' id='word_1_543' title='bbox 752 4965 812 5020; x_wconf 86' lang='lat' dir='ltr'><strong>ut</strong></span> <span class='ocrx_word' id='word_1_544' title='bbox 844 4979 932 5019; x_wconf 88' lang='lat' dir='ltr'><strong>me</strong></span> <span class='ocrx_word' id='word_1_545' title='bbox 967 4963 1035 5018; x_wconf 92' lang='lat' dir='ltr'><strong>ad</strong></span> <span class='ocrx_word' id='word_1_546' title='bbox 1085 4958 1510 5030; x_wconf 78' lang='lat' dir='ltr'><strong>indignationem</strong></span> <span class='ocrx_word' id='word_1_547' title='bbox 1548 4964 1660 5010; x_wconf 88' lang='lat' dir='ltr'><strong>tam</strong></span> <span class='ocrx_word' id='word_1_548' title='bbox 1703 4954 1983 5024; x_wconf 83' lang='lat' dir='ltr'><strong>injuriosis</strong></span> 
     </span>
    </p>
   </div>
   <div class='ocr_carea' id='block_1_79' title="bbox 403 5044 1984 5128">
    <p class='ocr_par' dir='ltr' id='par_1_79' title="bbox 403 5044 1984 5128">
     <span class='ocr_line' id='line_1_79' title="bbox 403 5044 1984 5128; baseline -0.006 -18"><span class='ocrx_word' id='word_1_549' title='bbox 403 5057 618 5128; x_wconf 86' lang='lat' dir='ltr'><strong>injuriis</strong></span> <span class='ocrx_word' id='word_1_550' title='bbox 671 5055 1033 5127; x_wconf 85' lang='lat' dir='ltr'><strong>provocares?</strong></span> <span class='ocrx_word' id='word_1_551' title='bbox 1104 5052 1318 5106; x_wconf 82' lang='lat' dir='ltr'><strong>Etenim</strong></span> <span class='ocrx_word' id='word_1_552' title='bbox 1384 5047 1639 5104; x_wconf 88' lang='lat' dir='ltr'><strong>dominos</strong></span> <span class='ocrx_word' id='word_1_553' title='bbox 1683 5053 1736 5100; x_wconf 90' lang='lat' dir='ltr'><strong>et</strong></span> <span class='ocrx_word' id='word_1_554' title='bbox 1787 5044 1984 5100; x_wconf 85' lang='lat' dir='ltr'><strong>Patres</strong></span> 
     </span>
    </p>
   </div>
   <div class='ocr_carea' id='block_1_80' title="bbox 404 5136 1977 5219">
    <p class='ocr_par' dir='ltr' id='par_1_80' title="bbox 404 5136 1977 5219">
     <span class='ocr_line' id='line_1_80' title="bbox 404 5136 1977 5219; baseline -0.007 -18"><span class='ocrx_word' id='word_1_555' title='bbox 404 5165 576 5211; x_wconf 87' lang='lat' dir='ltr'><strong>meos,</strong></span> <span class='ocrx_word' id='word_1_556' title='bbox 605 5149 700 5219; x_wconf 87' lang='lat' dir='ltr'><strong>qui</strong></span> <span class='ocrx_word' id='word_1_557' title='bbox 731 5163 818 5202; x_wconf 89' lang='lat' dir='ltr'><strong>me</strong></span> <span class='ocrx_word' id='word_1_558' title='bbox 851 5146 906 5200; x_wconf 89' lang='lat' dir='ltr'><strong>in</strong></span> <span class='ocrx_word' id='word_1_559' title='bbox 936 5145 1022 5197; x_wconf 87' lang='lat' dir='ltr'><strong>via</strong></span> <span class='ocrx_word' id='word_1_560' title='bbox 1040 5142 1276 5212; x_wconf 30' lang='lat' dir='ltr'><strong>,justitia:</strong></span> <span class='ocrx_word' id='word_1_561' title='bbox 1305 5139 1636 5206; x_wconf 87' lang='lat' dir='ltr'><strong>confortant,</strong></span> <span class='ocrx_word' id='word_1_562' title='bbox 1668 5136 1816 5191; x_wconf 81' lang='lat' dir='ltr'><strong>viros</strong></span> <span class='ocrx_word' id='word_1_563' title='bbox 1845 5151 1977 5193; x_wconf 85' lang='lat' dir='ltr'><strong>san-</strong></span> 
     </span>
    </p>
   </div>
   <div class='ocr_carea' id='block_1_81' title="bbox 401 5227 1976 5308">
    <p class='ocr_par' dir='ltr' id='par_1_81' title="bbox 401 5227 1976 5308">
     <span class='ocr_line' id='line_1_81' title="bbox 401 5227 1976 5308; baseline -0.006 -17"><span class='ocrx_word' id='word_1_564' title='bbox 401 5239 647 5308; x_wconf 80' lang='lat' dir='ltr'><strong>guinum,</strong></span> <span class='ocrx_word' id='word_1_565' title='bbox 673 5232 881 5293; x_wconf 80' lang='lat' dir='ltr'><strong>similes</strong></span> <span class='ocrx_word' id='word_1_566' title='bbox 905 5235 1142 5300; x_wconf 62' lang='lat' dir='ltr'><strong>Satanae,</strong></span> <span class='ocrx_word' id='word_1_567' title='bbox 1167 5232 1386 5302; x_wconf 88' lang='lat' dir='ltr'><strong>oblique</strong></span> <span class='ocrx_word' id='word_1_568' title='bbox 1408 5231 1668 5301; x_wconf 87' lang='lat' dir='ltr'><strong>appellas;</strong></span> <span class='ocrx_word' id='word_1_569' title='bbox 1691 5237 1745 5284; x_wconf 86' lang='lat' dir='ltr'><strong>et</strong></span> <span class='ocrx_word' id='word_1_570' title='bbox 1769 5227 1976 5284; x_wconf 89' lang='lat' dir='ltr'><strong>monita</strong></span> 
     </span>
    </p>
   </div>
   <div class='ocr_carea' id='block_1_82' title="bbox 401 5322 1976 5401">
    <p class='ocr_par' dir='ltr' id='par_1_82' title="bbox 401 5322 1976 5401">
     <span class='ocr_line' id='line_1_82' title="bbox 401 5322 1976 5401; baseline -0.005 -18"><span class='ocrx_word' id='word_1_571' title='bbox 401 5331 594 5385; x_wconf 85' lang='lat' dir='ltr'><strong>salutis</strong></span> <span class='ocrx_word' id='word_1_572' title='bbox 618 5373 633 5396; x_wconf 94' lang='lat'><strong>,</strong></span> <span class='ocrx_word' id='word_1_573' title='bbox 666 5345 788 5401; x_wconf 74' lang='lat' dir='ltr'><strong>quze</strong></span> <span class='ocrx_word' id='word_1_574' title='bbox 821 5335 1158 5398; x_wconf 78' lang='lat' dir='ltr'><strong>suggerunt,</strong></span> <span class='ocrx_word' id='word_1_575' title='bbox 1194 5325 1336 5380; x_wconf 78' lang='lat' dir='ltr'><strong>inter</strong></span> <span class='ocrx_word' id='word_1_576' title='bbox 1364 5323 1712 5378; x_wconf 87' lang='lat' dir='ltr'><strong>mulierculas</strong></span> <span class='ocrx_word' id='word_1_577' title='bbox 1755 5331 1809 5377; x_wconf 89' lang='lat' dir='ltr'><strong>et</strong></span> <span class='ocrx_word' id='word_1_578' title='bbox 1843 5322 1976 5376; x_wconf 87' lang='lat' dir='ltr'><strong>sim-</strong></span> 
     </span>
    </p>
   </div>
   <div class='ocr_carea' id='block_1_83' title="bbox 401 5411 1977 5491">
    <p class='ocr_par' dir='ltr' id='par_1_83' title="bbox 401 5411 1977 5491">
     <span class='ocr_line' id='line_1_83' title="bbox 401 5411 1977 5491; baseline -0.005 -18"><span class='ocrx_word' id='word_1_579' title='bbox 401 5421 517 5488; x_wconf 86' lang='lat' dir='ltr'><strong>plex</strong></span> <span class='ocrx_word' id='word_1_580' title='bbox 568 5422 763 5490; x_wconf 80' lang='lat' dir='ltr'><strong>vulgus</strong></span> <span class='ocrx_word' id='word_1_581' title='bbox 803 5418 1076 5491; x_wconf 84' lang='lat' dir='ltr'><strong>somniare</strong></span> <span class='ocrx_word' id='word_1_582' title='bbox 1104 5417 1259 5472; x_wconf 87' lang='lat' dir='ltr'><strong>dicis.</strong></span> <span class='ocrx_word' id='word_1_583' title='bbox 1298 5413 1553 5485; x_wconf 87' lang='lat' dir='ltr'><strong>Nunquid</strong></span> <span class='ocrx_word' id='word_1_584' title='bbox 1589 5413 1732 5468; x_wconf 89' lang='lat' dir='ltr'><strong>Deus</strong></span> <span class='ocrx_word' id='word_1_585' title='bbox 1775 5411 1977 5481; x_wconf 83' lang='lat' dir='ltr'><strong>indiget</strong></span> 
     </span>
    </p>
   </div>
   <div class='ocr_carea' id='block_1_84' title="bbox 402 5501 1976 5582">
    <p class='ocr_par' dir='ltr' id='par_1_84' title="bbox 402 5501 1976 5582">
     <span class='ocr_line' id='line_1_84' title="bbox 402 5501 1976 5582; baseline -0.003 -21"><span class='ocrx_word' id='word_1_586' title='bbox 402 5521 494 5565; x_wconf 86' lang='lat' dir='ltr'><strong>tuo</strong></span> <span class='ocrx_word' id='word_1_587' title='bbox 514 5512 721 5582; x_wconf 87' lang='lat' dir='ltr'><strong>judicio</strong></span> <span class='ocrx_word' id='word_1_588' title='bbox 745 5553 761 5575; x_wconf 93' lang='lat'><strong>,</strong></span> <span class='ocrx_word' id='word_1_589' title='bbox 809 5520 867 5564; x_wconf 87' lang='lat' dir='ltr'><strong>ut</strong></span> <span class='ocrx_word' id='word_1_590' title='bbox 905 5525 1006 5581; x_wconf 91' lang='lat' dir='ltr'><strong>pro</strong></span> <span class='ocrx_word' id='word_1_591' title='bbox 1037 5508 1128 5562; x_wconf 92' lang='lat' dir='ltr'><strong>illo</strong></span> <span class='ocrx_word' id='word_1_592' title='bbox 1156 5508 1400 5577; x_wconf 88' lang='lat' dir='ltr'><strong>loquaris</strong></span> <span class='ocrx_word' id='word_1_593' title='bbox 1436 5505 1624 5563; x_wconf 88' lang='lat' dir='ltr'><strong>dolos?</strong></span> <span class='ocrx_word' id='word_1_594' title='bbox 1653 5503 1849 5558; x_wconf 88' lang='lat' dir='ltr'><strong>Docuit</strong></span> <span class='ocrx_word' id='word_1_595' title='bbox 1874 5501 1976 5557; x_wconf 90' lang='lat' dir='ltr'><strong>ini—</strong></span> 
     </span>
    </p>
   </div>
   <div class='ocr_carea' id='block_1_85' title="bbox 398 5594 1973 5680">
    <p class='ocr_par' dir='ltr' id='par_1_85' title="bbox 398 5594 1973 5680">
     <span class='ocr_line' id='line_1_85' title="bbox 398 5594 1973 5680; baseline -0.001 -31"><span class='ocrx_word' id='word_1_596' title='bbox 398 5618 428 5667; x_wconf 71' lang='lat' dir='ltr'><strong>t,</strong></span> <span class='ocrx_word' id='word_1_597' title='bbox 457 5604 575 5656; x_wconf 72' lang='lat' dir='ltr'><strong>nitas</strong></span> <span class='ocrx_word' id='word_1_598' title='bbox 618 5619 682 5658; x_wconf 89' lang='lat' dir='ltr'><strong>os</strong></span> <span class='ocrx_word' id='word_1_599' title='bbox 726 5610 877 5657; x_wconf 90' lang='lat' dir='ltr'><strong>tuum</strong></span> <span class='ocrx_word' id='word_1_600' title='bbox 904 5643 917 5667; x_wconf 90' lang='lat'><strong>,</strong></span> <span class='ocrx_word' id='word_1_601' title='bbox 957 5609 1010 5655; x_wconf 89' lang='lat' dir='ltr'><strong>et</strong></span> <span class='ocrx_word' id='word_1_602' title='bbox 1052 5599 1284 5654; x_wconf 88' lang='lat' dir='ltr'><strong>imitaris</strong></span> <span class='ocrx_word' id='word_1_603' title='bbox 1321 5599 1562 5668; x_wconf 79' lang='lat' dir='ltr'><strong>linguam</strong></span> <span class='ocrx_word' id='word_1_604' title='bbox 1589 5594 1973 5680; x_wconf 66' lang='lat' dir='ltr'><strong>blaspheman-</strong></span> 
     </span>
    </p>
   </div>
   <div class='ocr_carea' id='block_1_86' title="bbox 399 5684 1972 5758">
    <p class='ocr_par' dir='ltr' id='par_1_86' title="bbox 399 5684 1972 5758">
     <span class='ocr_line' id='line_1_86' title="bbox 399 5684 1972 5758; baseline -0.002 -19"><span class='ocrx_word' id='word_1_605' title='bbox 399 5690 552 5751; x_wconf 66' lang='lat' dir='ltr'><strong>tium.</strong></span> <span class='ocrx_word' id='word_1_606' title='bbox 587 5695 654 5746; x_wconf 85' lang='lat' dir='ltr'><strong>ita</strong></span> <span class='ocrx_word' id='word_1_607' title='bbox 693 5702 750 5750; x_wconf 87' lang='lat' dir='ltr'><strong>ut</strong></span> <span class='ocrx_word' id='word_1_608' title='bbox 786 5701 930 5748; x_wconf 86' lang='lat' dir='ltr'><strong>recte</strong></span> <span class='ocrx_word' id='word_1_609' title='bbox 965 5692 1031 5747; x_wconf 88' lang='lat' dir='ltr'><strong>de</strong></span> <span class='ocrx_word' id='word_1_610' title='bbox 1063 5700 1113 5747; x_wconf 90' lang='lat' dir='ltr'><strong>te</strong></span> <span class='ocrx_word' id='word_1_611' title='bbox 1146 5689 1291 5745; x_wconf 85' lang='lat' dir='ltr'><strong>dicat</strong></span> <span class='ocrx_word' id='word_1_612' title='bbox 1326 5687 1628 5758; x_wconf 85' lang='lat' dir='ltr'><strong>Propheta:</strong></span> <span class='ocrx_word' id='word_1_613' title='bbox 1658 5684 1847 5740; x_wconf 79' lang='lat' dir='ltr'><strong>Noluit</strong></span> <span class='ocrx_word' id='word_1_614' title='bbox 1887 5685 1972 5737; x_wconf 87' lang='lat' dir='ltr'><strong>in—</strong></span> 
     </span>
    </p>
   </div>
   <div class='ocr_carea' id='block_1_87' title="bbox 2085 4583 3672 4666">
    <p class='ocr_par' dir='ltr' id='par_1_87' title="bbox 2085 4583 3672 4666">
     <span class='ocr_line' id='line_1_87' title="bbox 2085 4583 3672 4666; baseline 0.004 -22"><span class='ocrx_word' id='word_1_615' title='bbox 2085 4591 2249 4644; x_wconf 80' lang='lat' dir='ltr'><strong>cubili</strong></span> <span class='ocrx_word' id='word_1_616' title='bbox 2274 4608 2370 4646; x_wconf 76' lang='lat' dir='ltr'><strong>suo</strong></span> <span class='ocrx_word' id='word_1_617' title='bbox 2397 4592 2572 4661; x_wconf 82' lang='lat' dir='ltr'><strong>(Psal.</strong></span> <span class='ocrx_word' id='word_1_618' title='bbox 2605 4583 2800 4666; x_wconf 62' lang='lat' dir='ltr'><strong>xxxv).</strong></span> <span class='ocrx_word' id='word_1_619' title='bbox 2813 4595 3074 4663; x_wconf 83' lang='lat' dir='ltr'><strong>Quamvis</strong></span> <span class='ocrx_word' id='word_1_620' title='bbox 3093 4609 3224 4663; x_wconf 72' lang='lat' dir='ltr'><strong>ergo</strong></span> <span class='ocrx_word' id='word_1_621' title='bbox 3246 4603 3514 4664; x_wconf 87' lang='lat' dir='ltr'><strong>quantum</strong></span> <span class='ocrx_word' id='word_1_622' title='bbox 3535 4611 3672 4666; x_wconf 85' lang='lat' dir='ltr'><strong>per-</strong></span> 
     </span>
    </p>
   </div>
   <div class='ocr_carea' id='block_1_88' title="bbox 2086 4683 3666 4756">
    <p class='ocr_par' dir='ltr' id='par_1_88' title="bbox 2086 4683 3666 4756">
     <span class='ocr_line' id='line_1_88' title="bbox 2086 4683 3666 4756; baseline 0.003 -19"><span class='ocrx_word' id='word_1_623' title='bbox 2086 4697 2276 4739; x_wconf 84' lang='lat' dir='ltr'><strong>versus</strong></span> <span class='ocrx_word' id='word_1_624' title='bbox 2298 4726 2314 4750; x_wconf 89' lang='lat'><strong>,</strong></span> <span class='ocrx_word' id='word_1_625' title='bbox 2363 4693 2574 4740; x_wconf 84' lang='lat' dir='ltr'><strong>tantum</strong></span> <span class='ocrx_word' id='word_1_626' title='bbox 2621 4701 2874 4756; x_wconf 89' lang='lat' dir='ltr'><strong>perversa</strong></span> <span class='ocrx_word' id='word_1_627' title='bbox 2906 4683 3124 4741; x_wconf 78' lang='lat' dir='ltr'><strong>locutus</strong></span> <span class='ocrx_word' id='word_1_628' title='bbox 3165 4683 3242 4742; x_wconf 89' lang='lat' dir='ltr'><strong>sis</strong></span> <span class='ocrx_word' id='word_1_629' title='bbox 3264 4726 3280 4751; x_wconf 91' lang='lat'><strong>,</strong></span> <span class='ocrx_word' id='word_1_630' title='bbox 3331 4700 3436 4740; x_wconf 84' lang='lat' dir='ltr'><strong>nos</strong></span> <span class='ocrx_word' id='word_1_631' title='bbox 3476 4694 3666 4742; x_wconf 80' lang='lat' dir='ltr'><strong>tamen</strong></span> 
     </span>
    </p>
   </div>
   <div class='ocr_carea' id='block_1_89' title="bbox 2084 4775 3668 4854">
    <p class='ocr_par' dir='ltr' id='par_1_89' title="bbox 2084 4775 3668 4854">
     <span class='ocr_line' id='line_1_89' title="bbox 2084 4775 3668 4854; baseline 0 -14"><span class='ocrx_word' id='word_1_632' title='bbox 2084 4787 2168 4840; x_wconf 88' lang='lat' dir='ltr'><strong>ori</strong></span> <span class='ocrx_word' id='word_1_633' title='bbox 2202 4793 2391 4842; x_wconf 80' lang='lat' dir='ltr'><strong>uestro</strong></span> <span class='ocrx_word' id='word_1_634' title='bbox 2430 4784 2730 4841; x_wconf 82' lang='lat' dir='ltr'><strong>custodiam</strong></span> <span class='ocrx_word' id='word_1_635' title='bbox 2767 4799 2972 4854; x_wconf 88' lang='lat' dir='ltr'><strong>ponere</strong></span> <span class='ocrx_word' id='word_1_636' title='bbox 2993 4783 3332 4842; x_wconf 78' lang='lat' dir='ltr'><strong>decrevimus</strong></span> <span class='ocrx_word' id='word_1_637' title='bbox 3358 4825 3375 4849; x_wconf 91' lang='lat'><strong>,</strong></span> <span class='ocrx_word' id='word_1_638' title='bbox 3412 4792 3468 4838; x_wconf 89' lang='lat' dir='ltr'><strong>et</strong></span> <span class='ocrx_word' id='word_1_639' title='bbox 3501 4775 3668 4840; x_wconf 60' lang='lat' dir='ltr'><strong>siliti-</strong></span> 
     </span>
    </p>
   </div>
   <div class='ocr_carea' id='block_1_90' title="bbox 2084 4881 3660 4954">
    <p class='ocr_par' dir='ltr' id='par_1_90' title="bbox 2084 4881 3660 4954">
     <span class='ocr_line' id='line_1_90' title="bbox 2084 4881 3660 4954; baseline -0.001 -16"><span class='ocrx_word' id='word_1_640' title='bbox 2084 4900 2228 4952; x_wconf 86' lang='lat' dir='ltr'><strong>mus,</strong></span> <span class='ocrx_word' id='word_1_641' title='bbox 2260 4901 2384 4940; x_wconf 88' lang='lat' dir='ltr'><strong>cum</strong></span> <span class='ocrx_word' id='word_1_642' title='bbox 2405 4885 2725 4943; x_wconf 83' lang='lat' dir='ltr'><strong>consisteret</strong></span> <span class='ocrx_word' id='word_1_643' title='bbox 2750 4893 3003 4954; x_wconf 82' lang='lat' dir='ltr'><strong>peccator</strong></span> <span class='ocrx_word' id='word_1_644' title='bbox 3030 4883 3317 4939; x_wconf 84' lang='lat' dir='ltr'><strong>adversum</strong></span> <span class='ocrx_word' id='word_1_645' title='bbox 3349 4898 3448 4938; x_wconf 93' lang='lat' dir='ltr'><strong>nos</strong></span> <span class='ocrx_word' id='word_1_646' title='bbox 3475 4881 3660 4951; x_wconf 69' lang='lat' dir='ltr'><strong>(Psal.</strong></span> 
     </span>
    </p>
   </div>
   <div class='ocr_carea' id='block_1_91' title="bbox 2082 4983 3686 5057">
    <p class='ocr_par' dir='ltr' id='par_1_91' title="bbox 2082 4983 3686 5057">
     <span class='ocr_line' id='line_1_91' title="bbox 2082 4983 3686 5057; baseline -0.001 -16"><span class='ocrx_word' id='word_1_647' title='bbox 2082 4985 2340 5057; x_wconf 79' lang='lat' dir='ltr'><strong>xxxvm).</strong></span> <span class='ocrx_word' id='word_1_648' title='bbox 2393 4983 2498 5040; x_wconf 85' lang='lat' dir='ltr'><strong>Sed</strong></span> <span class='ocrx_word' id='word_1_649' title='bbox 2544 4986 2746 5040; x_wconf 81' lang='lat' dir='ltr'><strong>excitat</strong></span> <span class='ocrx_word' id='word_1_650' title='bbox 2777 5002 2881 5042; x_wconf 91' lang='lat' dir='ltr'><strong>nos</strong></span> <span class='ocrx_word' id='word_1_651' title='bbox 2912 5001 3091 5043; x_wconf 86' lang='lat' dir='ltr'><strong>sermo</strong></span> <span class='ocrx_word' id='word_1_652' title='bbox 3122 4985 3341 5043; x_wconf 86' lang='lat' dir='ltr'><strong>divinus</strong></span> <span class='ocrx_word' id='word_1_653' title='bbox 3367 5027 3384 5053; x_wconf 91' lang='lat'><strong>,</strong></span> <span class='ocrx_word' id='word_1_654' title='bbox 3413 4985 3607 5041; x_wconf 83' lang='lat' dir='ltr'><strong>dicens</strong></span> <span class='ocrx_word' id='word_1_655' title='bbox 3642 5003 3686 5040; x_wconf 87' lang='lat'><strong>:.</strong></span> 
     </span>
    </p>
   </div>
   <div class='ocr_carea' id='block_1_92' title="bbox 2080 5081 3664 5155">
    <p class='ocr_par' dir='ltr' id='par_1_92' title="bbox 2080 5081 3664 5155">
     <span class='ocr_line' id='line_1_92' title="bbox 2080 5081 3664 5155; baseline 0 -17"><span class='ocrx_word' id='word_1_656' title='bbox 2080 5085 2358 5155; x_wconf 75' lang='lat' dir='ltr'><strong>Responde.</strong></span> <span class='ocrx_word' id='word_1_657' title='bbox 2391 5083 2556 5138; x_wconf 77' lang='lat' dir='ltr'><strong>stulto</strong></span> <span class='ocrx_word' id='word_1_658' title='bbox 2583 5084 2744 5153; x_wconf 72' lang='lat' dir='ltr'><strong>juxta</strong></span> <span class='ocrx_word' id='word_1_659' title='bbox 2789 5085 3075 5138; x_wconf 77' lang='lat' dir='ltr'><strong>stultitiam</strong></span> <span class='ocrx_word' id='word_1_660' title='bbox 3107 5101 3260 5139; x_wconf 73' lang='lat' dir='ltr'><strong>suam</strong></span> <span class='ocrx_word' id='word_1_661' title='bbox 3283 5125 3302 5151; x_wconf 88' lang='lat'><strong>,</strong></span> <span class='ocrx_word' id='word_1_662' title='bbox 3335 5100 3398 5138; x_wconf 77' lang='lat' dir='ltr'><strong>ne</strong></span> <span class='ocrx_word' id='word_1_663' title='bbox 3427 5081 3532 5138; x_wconf 76' lang='lat' dir='ltr'><strong>sibi</strong></span> <span class='ocrx_word' id='word_1_664' title='bbox 3565 5099 3664 5138; x_wconf 79' lang='lat' dir='ltr'><strong>sa-</strong></span> 
     </span>
    </p>
   </div>
   <div class='ocr_carea' id='block_1_93' title="bbox 2078 5171 3660 5260">
    <p class='ocr_par' dir='ltr' id='par_1_93' title="bbox 2078 5171 3660 5260">
     <span class='ocr_line' id='line_1_93' title="bbox 2078 5171 3660 5260; baseline -0.001 -20"><span class='ocrx_word' id='word_1_665' title='bbox 2078 5188 2226 5256; x_wconf 83' lang='lat' dir='ltr'><strong>piens</strong></span> <span class='ocrx_word' id='word_1_666' title='bbox 2264 5185 2504 5239; x_wconf 75' lang='lat' dir='ltr'><strong>videatur</strong></span> <span class='ocrx_word' id='word_1_667' title='bbox 2537 5181 2720 5253; x_wconf 84' lang='lat' dir='ltr'><strong>(Prov.</strong></span> <span class='ocrx_word' id='word_1_668' title='bbox 2754 5184 2922 5255; x_wconf 75' lang='lat' dir='ltr'><strong>xxvi).</strong></span> <span class='ocrx_word' id='word_1_669' title='bbox 2960 5181 3219 5253; x_wconf 89' lang='lat' dir='ltr'><strong>Nunquid</strong></span> <span class='ocrx_word' id='word_1_670' title='bbox 3240 5181 3387 5236; x_wconf 89' lang='lat' dir='ltr'><strong>enim</strong></span> <span class='ocrx_word' id='word_1_671' title='bbox 3427 5171 3660 5260; x_wconf 73' lang='lat' dir='ltr'><strong>fatuitas</strong></span> 
     </span>
    </p>
   </div>
   <div class='ocr_carea' id='block_1_94' title="bbox 2078 5278 3660 5356">
    <p class='ocr_par' dir='ltr' id='par_1_94' title="bbox 2078 5278 3660 5356">
     <span class='ocr_line' id='line_1_94' title="bbox 2078 5278 3660 5356; baseline -0.003 -14"><span class='ocrx_word' id='word_1_672' title='bbox 2078 5283 2393 5356; x_wconf 84' lang='lat' dir='ltr'><strong>personabit</strong></span> <span class='ocrx_word' id='word_1_673' title='bbox 2416 5324 2431 5348; x_wconf 92' lang='lat'><strong>,</strong></span> <span class='ocrx_word' id='word_1_674' title='bbox 2480 5293 2536 5339; x_wconf 89' lang='lat' dir='ltr'><strong>et</strong></span> <span class='ocrx_word' id='word_1_675' title='bbox 2563 5282 2829 5356; x_wconf 86' lang='lat' dir='ltr'><strong>sapientia</strong></span> <span class='ocrx_word' id='word_1_676' title='bbox 2869 5279 3238 5344; x_wconf 85' lang='lat' dir='ltr'><strong>obmutescet?</strong></span> <span class='ocrx_word' id='word_1_677' title='bbox 3280 5278 3537 5352; x_wconf 81' lang='lat' dir='ltr'><strong>Nunquid</strong></span> <span class='ocrx_word' id='word_1_678' title='bbox 3569 5282 3660 5336; x_wconf 83' lang='lat' dir='ltr'><strong>lo—</strong></span> 
     </span>
    </p>
   </div>
   <div class='ocr_carea' id='block_1_95' title="bbox 2077 5359 3660 5456">
    <p class='ocr_par' dir='ltr' id='par_1_95' title="bbox 2077 5359 3660 5456">
     <span class='ocr_line' id='line_1_95' title="bbox 2077 5359 3660 5456; baseline -0.005 -16"><span class='ocrx_word' id='word_1_679' title='bbox 2077 5396 2274 5456; x_wconf 91' lang='lat' dir='ltr'><strong>quetur</strong></span> <span class='ocrx_word' id='word_1_680' title='bbox 2299 5382 2640 5438; x_wconf 86' lang='lat' dir='ltr'><strong>mendacium</strong></span> <span class='ocrx_word' id='word_1_681' title='bbox 2667 5423 2684 5450; x_wconf 94' lang='lat'><strong>,</strong></span> <span class='ocrx_word' id='word_1_682' title='bbox 2719 5389 2774 5437; x_wconf 91' lang='lat' dir='ltr'><strong>et</strong></span> <span class='ocrx_word' id='word_1_683' title='bbox 2799 5380 3000 5435; x_wconf 84' lang='lat' dir='ltr'><strong>veritas</strong></span> <span class='ocrx_word' id='word_1_684' title='bbox 3035 5359 3246 5433; x_wconf 83' lang='lat' dir='ltr'><strong>silebit?</strong></span> <span class='ocrx_word' id='word_1_685' title='bbox 3282 5376 3542 5447; x_wconf 88' lang='lat' dir='ltr'><strong>Nunquid</strong></span> <span class='ocrx_word' id='word_1_686' title='bbox 3572 5385 3660 5432; x_wconf 84' lang='lat' dir='ltr'><strong>te-</strong></span> 
     </span>
    </p>
   </div>
   <div class='ocr_carea' id='block_1_96' title="bbox 2075 5466 3664 5551">
    <p class='ocr_par' dir='ltr' id='par_1_96' title="bbox 2075 5466 3664 5551">
     <span class='ocr_line' id='line_1_96' title="bbox 2075 5466 3664 5551; baseline -0.005 -13"><span class='ocrx_word' id='word_1_687' title='bbox 2075 5483 2259 5538; x_wconf 79' lang='lat' dir='ltr'><strong>nebra:</strong></span> <span class='ocrx_word' id='word_1_688' title='bbox 2281 5466 2524 5551; x_wconf 88' lang='lat' dir='ltr'><strong>operient</strong></span> <span class='ocrx_word' id='word_1_689' title='bbox 2545 5489 2770 5547; x_wconf 86' lang='lat' dir='ltr'><strong>terram,</strong></span> <span class='ocrx_word' id='word_1_690' title='bbox 2791 5487 2847 5536; x_wconf 92' lang='lat' dir='ltr'><strong>et</strong></span> <span class='ocrx_word' id='word_1_691' title='bbox 2866 5477 3128 5532; x_wconf 86' lang='lat' dir='ltr'><strong>Dominus</strong></span> <span class='ocrx_word' id='word_1_692' title='bbox 3150 5492 3258 5532; x_wconf 89' lang='lat' dir='ltr'><strong>non</strong></span> <span class='ocrx_word' id='word_1_693' title='bbox 3279 5474 3512 5530; x_wconf 74' lang='lat' dir='ltr'><strong>orietur?</strong></span> <span class='ocrx_word' id='word_1_694' title='bbox 3534 5471 3664 5531; x_wconf 77' lang='lat' dir='ltr'><strong>luto</strong></span> 
     </span>
    </p>
   </div>
   <div class='ocr_carea' id='block_1_97' title="bbox 2073 5572 3664 5644">
    <p class='ocr_par' dir='ltr' id='par_1_97' title="bbox 2073 5572 3664 5644">
     <span class='ocr_line' id='line_1_97' title="bbox 2073 5572 3664 5644; baseline -0.005 -8"><span class='ocrx_word' id='word_1_695' title='bbox 2073 5584 2168 5636; x_wconf 70' lang='lat' dir='ltr'><strong>lux</strong></span> <span class='ocrx_word' id='word_1_696' title='bbox 2187 5583 2242 5636; x_wconf 89' lang='lat' dir='ltr'><strong>in</strong></span> <span class='ocrx_word' id='word_1_697' title='bbox 2271 5581 2493 5637; x_wconf 83' lang='lat' dir='ltr'><strong>tenebris</strong></span> <span class='ocrx_word' id='word_1_698' title='bbox 2527 5581 2684 5644; x_wconf 85' lang='lat' dir='ltr'><strong>lucet,</strong></span> <span class='ocrx_word' id='word_1_699' title='bbox 2711 5589 2762 5633; x_wconf 92' lang='lat' dir='ltr'><strong>et</strong></span> <span class='ocrx_word' id='word_1_700' title='bbox 2791 5577 3013 5632; x_wconf 67' lang='lat' dir='ltr'><strong>tenebras</strong></span> <span class='ocrx_word' id='word_1_701' title='bbox 3042 5592 3160 5631; x_wconf 85' lang='lat' dir='ltr'><strong>eam</strong></span> <span class='ocrx_word' id='word_1_702' title='bbox 3187 5590 3290 5628; x_wconf 89' lang='lat' dir='ltr'><strong>non</strong></span> <span class='ocrx_word' id='word_1_703' title='bbox 3314 5572 3664 5642; x_wconf 66' lang='lat' dir='ltr'><strong>comprehen-</strong></span> 
     </span>
    </p>
   </div>
   <div class='ocr_carea' id='block_1_98' title="bbox 2074 5668 3663 5752">
    <p class='ocr_par' dir='ltr' id='par_1_98' title="bbox 2074 5668 3663 5752">
     <span class='ocr_line' id='line_1_98' title="bbox 2074 5668 3663 5752; baseline -0.004 -15"><span class='ocrx_word' id='word_1_704' title='bbox 2074 5685 2261 5738; x_wconf 85' lang='lat' dir='ltr'><strong>derunt</strong></span> <span class='ocrx_word' id='word_1_705' title='bbox 2299 5681 2478 5752; x_wconf 84' lang='lat' dir='ltr'><strong>(Joan.</strong></span> <span class='ocrx_word' id='word_1_706' title='bbox 2519 5680 2582 5750; x_wconf 87' lang='grc' dir='ltr'><strong>ι).</strong></span> <span class='ocrx_word' id='word_1_707' title='bbox 2623 5679 2739 5746; x_wconf 83' lang='lat' dir='ltr'><strong>Qua</strong></span> <span class='ocrx_word' id='word_1_708' title='bbox 2785 5677 3216 5736; x_wconf 87' lang='lat' dir='ltr'><strong>consideratione</strong></span> <span class='ocrx_word' id='word_1_709' title='bbox 3244 5668 3521 5731; x_wconf 82' lang='lat' dir='ltr'><strong>concaluit</strong></span> <span class='ocrx_word' id='word_1_710' title='bbox 3557 5688 3663 5731; x_wconf 76' lang='lat' dir='ltr'><strong>(os</strong></span> 
     </span>
    </p>
   </div>
  </div>
