3970 6362
239 331 385 386 1445

1078 323 1405 378 .APPEND.
1447 322 1535 376 ΙΙΙ.
1576 353 1645 362 ———
1683 320 2114 383 MONUMENTA
2153 320 2622 376 Glll-IGORIANA.

3358 328 3492 383 “56

238 451 538 508 nostrum,
584 448 640 495 et
684 442 744 495 in
787 437 1134 493 meditatione
1187 444 1375 489 nostra
1426 432 1627 488 exarsit
1678 433 1818 503 ignis
1848 437 1997 493 Acie
2070 432 2315 501 pecunia:
2376 432 2657 488 fraudator
2722 434 2778 486 in
2834 433 3072 490 medium
3131 437 3489 505 produceris=

239 530 421 603 (Psat.
449 526 697 597 xxxviii).

311 617 617 688 Loquimur
642 615 808 685 igitur
833 624 890 668 et
916 613 1217 667 clamamus
1243 652 1258 676 ,
1285 610 1583 679 vulpesque
1619 624 1820 679 parvu-

236 711 324 766 las
349 751 366 774 ,
404 724 528 779 quze
552 708 739 761 vineas
783 702 994 759 Domini
1046 703 1415 757 demoliuutur
1464 701 1661 771 (Cant.
1694 700 1814 769 ιι),

236 809 508 870 quantum
540 810 853 867 possumus,
890 808 1170 859 arcemus,
1197 791 1818 861 timentesprophetiam

238 889 387 944 illam
412 888 829 957 exprobrantetn
856 881 1010 938 :Non
1038 884 1352 937 ostendistis
1374 898 1441 936 ea:
1464 883 1701 947 adverso,
1726 898 1818 934 nec

240 979 561 1048 opposuistis
604 992 813 1029 murum
841 992 937 1043 pro
960 975 1117 1027 domo
1152 962 1364 1039 Israel,
1415 982 1471 1026 stt
1515 973 1726 1026 staretis
1762 974 1817 1026 in

237 1069 428 1137 pretio
454 1069 512 1131 in
536 1068 623 1121 die
650 1066 863 1119 Domini
888 1064 1103 1136 (Ezech.
1136 1066 1277 1134 sui).
1314 1064 1570 1129 Audiam,
1600 1078 1707 1117 non
1735 1071 1814 1128 tu,

239 1159 338 1229 qui
367 1172 533 1213 aures
560 1158 749 1221 habes,
774 1165 831 1211 et
858 1171 966 1209 non
994 1155 1172 1220 audis;
1206 1156 1301 1223 qui
1333 1154 1523 1209 oculos
1545 1154 1733 1219 babes,
1763 1162 1817 1207 ct

239 1263 350 1303 non
375 1249 524 1303 vides
555 1247 731 1317 (Psat.
757 1247 933 1315 exui);
969 1246 1063 1315 qui
1108 1246 1313 1310 lumen,
1339 1246 1483 1314 quod
1520 1246 1575 1298 in
1607 1254 1657 1299 te
1689 1251 1773 1298 est
1798 1285 1813 1310 ,

238 1338 494 1393 tenebras
522 1337 698 1393 fecisti
731 1335 882 1407 (Luc.
908 1336 1010 1405 ιι);
1040 1335 1303 1401 audiant,
1335 1334 1559 1404 inquam
1579 1376 1594 1401 ,
1625 1350 1817 1389 omnes

239 1421 449 1483 cordati
492 1426 589 1497 qui
622 1440 785 1482 aures
813 1426 1068 1480 audiendi
1099 1425 1303 1478 habent
1324 1466 1340 1491 ,
1376 1440 1541 1494 quam
1579 1425 1687 1478 alte
1722 1433 1818 1478 aut

239 1534 347 1573 non
378 1518 647 1588 intelligas
683 1528 777 1571 aut
811 1516 1108 1586 intelligere
1137 1514 1450 1569 dissimules
1478 1529 1653 1583 neque
1685 1514 1817 1583 quid

238 1606 507 1675 loquaris,
535 1620 711 1674 neque
749 1606 817 1660 de
853 1605 1054 1674 quibus
1078 1603 1317 1658 allirmcs
1359 1602 1418 1675 (l
1452 1603 1587 1658 Tim.
1616 1604 1687 1673 ι).
1734 1602 1815 1656 Ad

239 1696 632 1764 subjectionem
657 1696 865 1750 domini
904 1694 1142 1750 lleinriei
1165 1736 1183 1763 ,
1227 1710 1389 1765 quem
1435 1692 1813 1766 imperatorem

238 1786 450 1852 dicunt,
481 1802 582 1842 nos
609 1786 828 1852 invitas,
852 1796 906 1841 ct
937 1787 990 1839 in
1016 1795 1283 1855 quantum
1312 1788 1610 1856 intelligere
1632 1788 1813 1852 datur,
1850 1768 1890 1821 Β

236 1865 301 1928 ut
325 1889 423 1945 per
449 1875 633 1930 omnia
668 1873 870 1928 subditi
913 1874 1106 1940 simus,
1146 1874 1303 1943 quasi
1330 1874 1629 1943 apostolico
1653 1889 1814 1944 argu-

238 1975 426 2020 mento
459 1965 842 2020 necessitatem
865 1965 1125 2033 imponis,
1152 1965 1339 2019 dicens
1372 1982 1385 2017 :
1423 1963 1609 2019 Omnis
1634 1965 1816 2017 anima

235 2055 588 2125 potestatibus
637 2055 993 2125 superioribus
1036 2053 1250 2107 subdita
1300 2055 1402 2115 sit;
1435 2069 1537 2107 non
1570 2063 1647 2106 est
1675 2054 1815 2106 enim
1854 2046 1857 2047 ⁷

232 2153 502 2214 mtas,
526 2146 632 2199 nisi
672 2161 708 2198 α
746 2144 873 2198 Deo.
898 2142 1003 2208 Qui
1025 2160 1147 2213 ergo
1175 2145 1421 2211 potestati
1448 2143 1645 2195 resistit
1670 2182 1686 2205 ,
1716 2140 1815 2194 Dei

234 2234 561 2288 ordinationi
588 2235 785 2288 resistit
810 2233 984 2303 (nam.
1024 2236 1165 2303 xui).
1205 2232 1378 2297 Quam
1407 2232 1652 2300 Apostoli
1690 2246 1815 2286 sen-

236 2324 467 2379 tentiam
504 2332 556 2378 te
593 2324 735 2379 male
769 2322 1086 2391 intelligere,
1118 2321 1275 2389 pejus
1304 2320 1645 2389 interpretari
1679 2319 1815 2375 dici-

234 2426 382 2466 mnis.
413 2410 471 2465 Si
500 2412 647 2465 enim
678 2410 861 2464 omnis
887 2417 1128 2477 potestas
1153 2424 1184 2462 a
1218 2407 1330 2463 Deo
1355 2418 1457 2474 est,
1484 2418 1545 2463 ut
1574 2419 1631 2463 tu
1657 2409 1815 2462 intel-

236 2502 363 2571 ligis
385 2500 415 2569 ,'
448 2501 578 2570 quid
625 2508 710 2554 est
751 2499 898 2568 quod
929 2500 996 2553 de
1028 2499 1354 2569 quibusdam
1387 2501 1520 2554 dicit
1550 2500 1815 2555 Dominus

233 2602 334 2658 per
373 2589 687 2658 prophetam
720 2605 733 2641 :
771 2586 882 2656 Ipsi
918 2598 1257 2659 regnarunt
1281 2627 1298 2651 ,
1338 2599 1391 2643 et
1431 2604 1536 2641 non
1576 2604 1641 2642 ex
1690 2604 1813 2654 me;

236 2678 500 2747 principes
524 2678 861 2741 exstiterunt,
901 2686 953 2730 et
990 2691 1095 2729 non
1118 2679 1330 2745 cognori
1370 2691 1458 2730 eos
1499 2676 1645 2742 (Ose.
1670 2678 1809 2744 vin).

240 2766 514 2821 Siomnis
554 2774 796 2835 potestas
823 2780 855 2819 a
895 2763 1007 2819 Deo
1037 2773 1120 2820 est
1144 2803 1160 2828 ,
1195 2776 1253 2817 ut
1280 2774 1336 2817 tu
1369 2765 1651 2834 intelligis,
1679 2767 1813 2834 quid

237 2865 328 2913 cst
354 2857 503 2927 quod
531 2857 610 2911 ait
634 2855 899 2911 Dominus
931 2874 945 2908 :
986 2853 1045 2909 Si
1094 2854 1277 2907 oculus
1313 2864 1433 2909 tuus
1454 2853 1813 2927 ,swndatimt

241 2959 330 3015 te,
378 2962 503 3002 om
552 2963 673 3001 eum
726 2955 776 3000 et
819 2946 1018 3015 projice
1045 2945 1138 2998 obs
1174 2947 1258 2997 te?
1291 2930 1509 3013 citauit.
1559 2945 1638 3013 v.)
1674 2943 1814 3011 Quid

1919 522 2137 593 (Matth.
2173 521 2530 590 xxv.)'Quare
2555 524 2951 592 nonjudieium
2993 535 3047 578 et
3072 524 3323 594 laqueum
3366 543 3496 596 pro-

1916 612 2109 667 ditoris
2148 612 2399 677 timuisti,
2444 628 2512 667 ne
2535 612 2768 667 similem
2800 624 3010 668 reatum
3041 614 3235 668 similis
3260 616 3495 672 vindicta

1917 703 2273 773 sequeretur?
2316 702 2624 757 Prmvidens
2649 719 2745 772 per
2771 704 3030 773 Spiritum
3058 715 3305 759 sanctum
3346 710 3495 776 Apo—

1916 794 2088 849 stolus
2118 802 2169 847 te
2199 794 2385 863 tuique
2413 793 2619 847 similes
2644 793 2927 848 luereticos
2960 795 3012 847 iu
3044 794 3284 850 Ecclesia
3313 812 3493 851 curer-

1916 899 2097 949 suros,
2134 884 2229 954 qui
2269 885 2473 938 bonum
2511 886 2734 947 malum,
2764 886 2967 938 malum
3005 886 3205 939 bonum
3230 886 3491 947 dicereut,

1914 974 2009 1045 qui
2054 975 2305 1029 tenebras
2334 975 2509 1029 lucem
2536 1016 2551 1040 ,
2600 983 2654 1028 et
2702 976 2878 1030 lucem
2929 976 3207 1029 tenebras
3234 987 3496 1045 ponerent

1916 1062 2075 1131 (Isai.
2112 1062 2191 1133 ν),
2230 1064 2327 1133 qui
2356 1064 2423 1119 de
2451 1065 2734 1120 sententiis
2762 1066 3007 1119 veritatis
3038 1067 3381 1121 occasionem
3409 1069 3492 1121 in-

1914 1154 2149 1209 ducendi
2189 1154 2393 1209 erroris
2426 1163 2719 1223 captarent
2744 1196 2757 1219 ,
2786 1171 2911 1209 cum
2942 1157 3292 1223 pnemisisset
3321 1175 3333 1210 :
3370 1156 3491 1210 Non

1913 1255 1992 1301 est
2014 1255 2246 1315 potestas
2271 1287 2287 1311 ,
2316 1246 2420 1298 nisi
2444 1263 2476 1297 a
2508 1244 2613 1298 Deo
2636 1286 2653 1310 ,
2681 1255 2741 1300 ut
2769 1246 3136 1314 conjecturam
3165 1248 3376 1315 reprobi
3404 1248 3488 1300 in-

1914 1336 2160 1390 tellectus
2185 1343 2508 1405 amputaret,
2535 1352 2653 1403 qua:
2686 1345 2861 1388 autem
2892 1346 3033 1398 sunt,
3072 1338 3268 1406 inquit,
3306 1355 3338 1389 tt
3382 1337 3490 1390 Deo

1915 1426 2160 1478 ordinato
2188 1435 2329 1478 sunt.
2365 1423 2440 1477 Da
2478 1425 2639 1494 igitur
2676 1433 2996 1492 potestatein
3045 1426 3351 1480 ordinatam
3375 1468 3392 1491 ,
3436 1436 3493 1481 et

1916 1531 2024 1569 non
2054 1516 2381 1581 resistimus,
2414 1516 2524 1569 imo
2551 1515 2805 1569 dabimus
2843 1516 2988 1569 illico
3018 1530 3233 1569 manus.

1985 1609 2153 1664 Miror
2187 1619 2403 1675 autem,
2437 1608 2483 1665 si
2530 1611 2585 1663 in
2634 1618 2686 1664 te
2731 1611 2811 1664 vel
2851 1619 3000 1679 gutta
3037 1610 3317 1681 sanguinis
3366 1621 3447 1666 est
3472 1652 3489 1677 ,

1917 1701 2061 1770 quod
2091 1716 2199 1755 non
2228 1701 2502 1756 erubescis
2537 1700 2819 1754 dominum
2865 1700 3157 1754 llcuricum
3189 1716 3369 1769 regem
3407 1702 3493 1756 (Ii-

1918 1807 2040 1846 cere
2064 1832 2080 1855 ,
2116 1792 2197 1845 vel
2226 1790 2470 1846 ordinem
2499 1791 2713 1846 habere.
2763 1790 2843 1843 An
2878 1790 3013 1845 ordo
3042 1790 3137 1843 tibi
3164 1791 3373 1844 videtur
3396 1791 3490 1859 jus

1918 1882 2046 1936 dare
2070 1874 2260 1936 sceleri
2310 1881 2391 1938 fas
2424 1888 2690 1952 nefasque
2720 1882 2900 1937 divina
2923 1890 2976 1935 et
3000 1881 3239 1934 humana
3260 1878 3489 1934 confun-

1916 1973 2075 2028 dere?
2106 1974 2190 2026 An
2215 1972 2336 2025 ordo
2369 1966 2581 2027 videtur
2611 1968 2712 2025 tibi
2751 1969 2806 2025 in
2835 1986 3035 2040 corpus
3058 1985 3217 2025 suum
3240 1984 3488 2038 peccare,

1920 2064 2161 2119 videlicet
2182 2063 2329 2133 (proh
2369 2060 2560 2134 pudor!
2596 2059 2942 2133 proh'ncfas!)
2966 2074 3190 2113 uxorem
3216 2050 3487 2129 propriam

1917 2154 2121 2209 scelere
2140 2154 2376 2207 omnibus
2404 2154 2616 2208 suculis
2688 2143 3137 2214 mundi'inaudito,
3163 2151 3393 2221 lupanar
3416 2151 3493 2205 fa-

1916 2242 2071 2298 cere?
2103 2241 2183 2294 An
2229 2243 2356 2297 ordo
2422 2240 2511 2294 tibi
2549 2244 2753 2298 videtur
2781 2259 2823 2305 ·.
2865 2256 2990 2293 eum
3032 2238 3295 2293 Dominus
3346 2241 3492 2294 dicat

1916 2332 2190 2400 Defendite
2221 2333 2439 2386 vidum
2466 2339 2619 2396 «(una
2656 2342 2721 2402 ι),
2756 2328 3142 2396 .iduasjudieii
3179 2329 3487 2397 aequitatem

1916 2421 2252 2492 postulantes
2315 2421 2552 2476 nefanda
2603 2419 3058 2475 etmtaminatione
3122 2419 3491 2486 prostituere?

1916 2511 2041 2567 Haec
2067 2512 2162 2582 qui
2187 2512 2457 2575 ordinata,
2486 2510 2581 2579 qui
2606 2525 2737 2564 sana
2760 2509 2974 2572 dixerit,
3015 2509 3159 2563 lnme
3196 2509 3372 2563 insani
3392 2525 3486 2563 cas

1914 2602 2043 2672 pilis
2074 2618 2195 2657 esse
2232 2603 2459 2656 insanus
2480 2601 2628 2669 jurct
2650 2598 2886 2653 Orestes.
2931 2598 3110 2667 Usque
3136 2599 3203 2652 ad
3238 2599 3352 2652 haec
3387 2600 3489 2652 mi-

1914 2690 2140 2747 scrrima
2164 2699 2403 2758 tempora
2432 2699 2625 2742 natura
2662 2697 2930 2743 secretum
2981 2688 3184 2766 amavit
3205 2728 3220 2751 ,
3253 2688 3347 2741 sed
3376 2697 3487 2741 Ira-

1914 2780 2061 2835 ditus
2092 2780 2146 2833 in
2183 2779 2473 2849 reprobum
2522 2793 2745 2832 sensum
2785 2793 2879 2832 rex
2920 2785 3115 2842 vester,
3163 2785 3370 2831 natura:
3403 2778 3485 2831 in-

1913 2871 2196 2923 volucrum
2217 2867 2440 2934 detexit,
2463 2869 2557 2938 qui
2585 2882 2803 2922 omnem
2827 2868 3088 2938 pudorem
3112 2868 3273 2936 ponit
3290 2867 3343 2921 in
3369 2882 3488 2936 pro-

1915 2961 2118 3029 patulo.

238 3043 387 3097 enim
416 3051 502 3101 εει
520 3048 780 3112 Ροιεεαθν
807 3039 914 3095 ιιίεί
945 3039 1179 3093 οειιιιιεῗν
1201 3038 1361 3137 (ξθτω
1391 3037 1729 3137 inﬁmiin?
1758 3037 1811 3090 3"
1843 3083 1885 3137 α
1988 3045 2058 3103 Ut
2089 3056 2269 3101 autem
2304 3048 2417 3106 illa.
2455 3062 2578 3116 qna‘
2610 3047 2729 3102 sine
2754 3060 2981 3101 numero
3006 3055 3155 3111 sunt,
3186 3055 3487 3114 taceamus,

237 3133 580 3203 expositione
634 3130 959 3201 Apostolica:
1007 3126 1339 3203 sententiae:
1394 3126 1578 3181 Omnis
1634 3126 1816 3178 anima

236 3202 589 3289 potestatibus
634 3216 1029 3272 sublimioribus
1062 3202 1276 3270 subdita
1319 3216 1391 3269 sit
1439 3214 1611 3284 (Rom.
1650 3215 1770 3281 χιιι)
1799 3233 1811 3244 ·

248 3326 271 3359 σ
312 3306 470 3379 ριιού
520 3307 569 3362 si
610 3315 852 3377 potestas
879 3346 895 3371 ,
926 3306 1144 3374 inquit,
1174 3302 1381 3373 aliquid
1428 3303 1617 3372 jubcat
1670 3303 1817 3372 quod

239 3407 429 3455 contra
458 3397 639 3453 Deum
654 3398 747 3462 sit,
775 3397 864 3452 hic
890 3396 1177 3451 contemne
1204 3402 1549 3465 potestatem,
1577 3393 1817 3447 timendo

183 3539 192 3546 .
236 3494 586 3558 potestatem.
634 3505 653 3539 ι
696 3484 953 3554 Nunquid
994 3484 1252 3553 iniquitas
1297 3482 1439 3554 apud
1484 3481 1819 3536 Dominum?

239 3576 498 3648 Nunquid
525 3578 779 3633 Christus
802 3576 1005 3646 peccati
1035 3575 1281 3630 minister
1307 3573 1424 3629 est?
1451 3572 1631 3627 Absit!
1676 3572 1817 3639 Quid

241 3684 375 3740 ergo
394 3671 671 3726 dicemus?
703 3668 955 3740 Nunquid
986 3668 1058 3723 ab
1080 3667 1341 3737 Apostelo
1358 3667 1569 3722 diversa
1601 3676 1817 3721 senten-

243 3736 331 3813 ui
348 3762 647 3830 prophetia:
665 3736 982 3831 eiulgatur?
1007 3736 1343 3828 Augustinus
1376 3777 1389 3812 ι
1433 3777 1453 3809 ι
1486 3758 1708 3812 Minime
1734 3759 1817 3813 di-

241 3863 435 3903 versas
462 3850 625 3902 tibias
661 3848 813 3901 intlat
846 3820 1073 3915 spiritus
1103 3862 1266 3901 unus.
1312 3866 1331 3904 ι
1390 3846 1575 3915 Itaque
1624 3848 1815 3901 audia-

242 3950 371 3993 mus
394 3938 711 4007 Apostolum
737 3937 1179 4002 concordantem,
1200 3946 1256 3992 et
1278 3937 1518 4005 seipsum
1542 3952 1817 4004 exponen-

242 4036 391 4094 tem,
418 4037 475 4084 et
503 4028 785 4083 inimicum
826 4028 1165 4096 ultoremque
1209 4042 1370 4082 suum
1413 4027 1810 4090 destructilem,

245 4116 369 4171 Non
387 4129 486 4183 est,
510 4118 707 4187 inquit,
733 4108 964 4185 potestas
992 4118 1096 4171 nisi
1122 4135 1155 4171 a
1181 4116 1311 4171 Deo.
1341 4116 1483 4183 Quid
1524 4117 1771 4186 sequitur
1796 4135 1809 4170 :

244 4207 350 4273 Qui
377 4224 520 4278 ergo,
553 4198 748 4277 inquis,
783 4209 1031 4276 potestati
1066 4209 1287 4274 resistit,
1321 4218 1378 4277 et
1419 4207 1648 4277 reliqua.
1704 4208 1813 4261 Ab-

244 4299 351 4368 sit?
378 4297 497 4354 Non
530 4299 633 4353 hoc
659 4298 924 4368 sequitur;
959 4299 1053 4353 sed
1088 4299 1218 4368 quid
1253 4300 1541 4368 sequitur?
1570 4298 1701 4363 Qua:
1722 4316 1813 4351 tm-

1921 3135 2165 3189 videlicet
2197 3134 2665 3189 concremationes
2708 3134 3102 3199 ecclesiarum,
3136 3133 3488 3202 deprtedatio~

1917 3240 2034 3289 nes,
2061 3223 2389 3287 homicidia,
2419 3224 2688 3287 incendia,
2722 3225 3094 3299 truncationes
3120 3232 3176 3276 et
3209 3223 3295 3276 his
3334 3225 3487 3277 simi-

1917 3315 2008 3378 lia,
2035 3329 2157 3384 qua:
2185 3314 2272 3366 iile
2298 3321 2493 3381 potest,
2526 3313 2649 3374 nos,
2674 3324 2993 3365 enumerare
3016 3323 3125 3364 non
3153 3326 3443 3379 possumus
3467 3353 3485 3379 ,

1914 3418 1977 3457 ea
2003 3416 2123 3471 qua:
2150 3400 2385 3455 nissime
2422 3397 2713 3453 Ecclesium
2754 3396 2846 3451 Dei
2892 3405 3139 3467 gravant,
3176 3398 3483 3467 loquamur.

1916 3492 2054 3546 Audi
2080 3505 2209 3560 ergo
2234 3504 2382 3553 vera,
2410 3502 2518 3542 non
2552 3487 2753 3541 fucata.
2787 3485 2926 3540 Audi
2948 3485 3132 3551 fortia,
3160 3502 3268 3540 non
3291 3487 3485 3544 faceta.

1913 3582 2105 3658 Omnis
2142 3581 2235 3650 qui
2272 3580 2564 3650 dignitates
2623 3578 2934 3647 spirituales
2986 3578 3171 3632 vendit
3205 3577 3489 3633 lueretit’us

1913 3685 2015 3729 est.
2055 3672 2316 3726 Dominus
2345 3681 2526 3747 autem
2553 3668 2840 3732 Henricus,
2871 3678 3032 3737 qnem
3068 3682 3249 3737 regem
3277 3667 3485 3731 dicunt,

1913 3756 2254 3834 episcopatus
2276 3771 2330 3816 et
2370 3761 2614 3815 abbatias
2638 3759 2842 3823 vendit;
2862 3758 3067 3821 etenim
3108 3756 3488 3812 Constantiam

1914 3870 2028 3909 sem
2053 3894 2070 3919 ,
2096 3836 2598 3918 DabenbergeiiScm
2623 3888 2640 3912 ,
2672 3846 3139 3916 Moguntincnsem
3164 3887 3181 3910 ,
3206 3855 3277 3899 et
3308 3846 3489 3915 plures

1912 3944 2067 4004 alios.
2108 3953 2207 4009 pro
2242 3938 2513 4008 pecunia;
2552 3936 3027 4004 Ratisponcnsem,
3066 3936 3485 4004 Augustensem,

1914 4028 2393 4101 S‘trasburgcnsem
2420 4070 2434 4093 ,
2476 4042 2574 4097 pro
2605 4027 2823 4097 gladio;
2862 4026 3137 4080 abbatlam
3167 4024 3486 4080 Fuldensem

1911 4140 2010 4195 pro
2038 4121 2343 4185 adulterio;
2375 4117 2853 4173 Monasteriensem
2906 4117 3276 4185 episcopatum
3316 4117 3484 4183 (quod

1909 4217 2090 4271 dicere
2109 4222 2164 4268 et
2187 4212 2378 4266 audire
2406 4203 2560 4264 nefas
2584 4209 2687 4275 est)
2713 4221 2813 4275 pro
2839 4205 3168 4259 Sodomitica
3191 4204 3484 4257 immundi-

1910 4307 1985 4360 tia
2024 4302 2284 4358 vendidit.
2316 4299 2480 4366 Quae,
2528 4297 2575 4351 si
2606 4295 2943 4363 impudenter
2968 4308 3165 4363 negare
3203 4294 3439 4351 volueris
3466 4336 3481 4357 ,

244 4398 347 4445 tem
373 4407 406 4443 o
429 4389 559 4454 Deo,
586 4389 834 4443 ordinata
856 4396 1001 4453 sunt,
1031 4402 1223 4456 nempe
1247 4389 1351 4443 hoc
1368 4398 1472 4453 est,
1496 4384 1643 4456 quod
1663 4404 1810 4456 qua:-

1915 4405 2044 4451 teste
2080 4393 2220 4447 coelo
2242 4431 2259 4455 ,
2296 4397 2431 4443 teste
2462 4395 2605 4441 terra
2630 4424 2646 4451 ,
2682 4398 2872 4437 omnes
2905 4384 3068 4437 etiam
3101 4396 3132 4437 a
3157 4378 3319 4438 furno
3357 4385 3483 4439 red-

241 4481 435 4537 rimus.
464 4478 509 4536 Ο
532 4481 715 4552 lingua
743 4479 929 4536 dolosa
953 4521 969 4545 ,
1001 4493 1036 4531 ο
1072 4493 1169 4533 cor
1202 4479 1523 4533 machinans
1562 4480 1763 4533 malum
1790 4481 1803 4530 !

220 4569 478 4640 'Spiritus
504 4566 707 4628 vadens
728 4613 744 4637 ,
769 4580 823 4626 et
850 4586 956 4625 non
991 4570 1205 4628 rediens
1234 4569 1408 4639 (Psat.
1450 4569 1652 4639 Lxxvi).
1698 4568 1827 4622 Cur'

242 4661 502 4715 mentitus
541 4675 602 4715 es
644 4660 871 4730 Spiritui
916 4661 1138 4717 sancto?
1181 4660 1321 4727 (Act.
1356 4659 1463 4730 ιιι.)
1492 4643 1711 4731 Ἀι-ςιιειι
1756 4669 1809 4714 te

241 4750 573 4807 conscientia
601 4759 735 4805 ‘tua.
783 4751 918 4805 Ecce
952 4754 1091 4823 fugit
1137 4752 1330 4821 impius
1377 4752 1578 4805 nemine
1630 4766 1807 4820 perse-

240 4852 426 4913 quente
448 4840 628 4910 (Prov.
659 4838 869 4910 xxviii).
895 4838 1027 4906 Cur,
1057 4851 1116 4895 ut
1148 4842 1441 4911 decipercs,
1474 4842 1810 4910 supprimere

220 4927 523 4987 veritatem
543 4930 797 4985 voluisti?
828 4929 942 4984 Cur
969 4932 1281 4997 medullam,
1307 4948 1406 4987 cur
1434 4931 1672 4985 animam
1704 4932 1807 4983 hu-

236 5022 331 5090 jus
360 5022 641 5078 sententia:
668 5020 880 5075 furatus
903 5021 997 5075 es?
1016 5019 1175 5086 Nam,
1205 5022 1264 5089 si
1281 5022 1399 5075 haec
1418 5022 1581 5075 verba
1606 5021 1673 5074 de
1695 5034 1809 5072 me-

240 5110 334 5162 dio
359 5111 636 5166 sententia;
673 5110 981 5181 apostolica:
1023 5111 1302 5175 tollantur,
1349 5117 1534 5164 contra
1578 5109 1681 5164 sibi
1724 5108 1811 5161 in-

242 5199 570 5263 conveniens
596 5212 650 5256 et
674 5202 940 5257 exanimis
959 5200 1177 5270 jacebit.

312 5282 787 5367 Ιωυιεωξμεαιιιο
826 5292 1044 5347 divinus
1069 5332 1085 5355 ,
1116 5289 1220 5355 Qui
1242 5294 1396 5359 parat
1438 5290 1675 5357 proximo
1712 5305 1806 5342 suo

244 5366 469 5443 foveam,
506 5349 703 5432 ititiidet
726 5382 782 5433 in
807 5399 924 5435 eam
954 5376 1135 5453 (Prov.
1163 5381 1333 5451 xxvi).
1380 5374 1541 5434 Certe
1567 5395 1665 5434 nec
1692 5380 1807 5434 cul-

241 5475 371 5533 pam
403 5460 532 5516 furti
556 5503 573 5526 ,
618 5480 959 5535 necpuanam
983 5471 1210 5526 evadere
1234 5469 1453 5539 poteris.
1499 5467 1638 5534 Quid
1665 5468 1803 5522 infe-

243 5555 316 5608 lix
340 5595 354 5617 ,
380 5553 510 5623 quid
537 5552 713 5610 Judici
739 5568 966 5613 venturo
991 5602 1006 5623 ,
1049 5559 1171 5615 cum
1200 5577 1229 5615 a
1259 5556 1429 5615 servis
1455 5560 1804 5630 negotiatori-

242 5645 345 5700 bus
383 5645 592 5700 luerunt
618 5648 875 5717 requiret,
906 5652 1266 5719 responsurus
1307 5668 1388 5723 es,
1437 5652 1530 5721 qui
1565 5650 1805 5706 Domini-

1912 4495 2106 4542 euntcs
2127 4482 2281 4539 scioli
2310 4477 2636 4535 concludent
2672 4494 2685 4528 :
2740 4474 2882 4545 Ergo
2923 4460 3177 4529 dominus
3213 4474 3484 4530 Henricus

1913 4573 2199 4629 lmrcticus
2222 4579 2322 4624 est.
2358 4567 2462 4621 Pro
2488 4565 2687 4635 quibus
2713 4544 2962 4618 nefandis
2992 4562 3150 4615 malis
3171 4562 3241 4614 ab
3264 4544 3484 4639 aposto»
3510 4588 3511 4591 η

1908 4665 2012 4720 lica
2038 4663 2162 4719 sede
2186 4657 2703 4715 excommunicatus,
2728 4666 2827 4704 nec
2848 4664 3093 4718 regnum,
3121 4640 3228 4703 neci
3244 4660 3482 4724 potestaf-

1913 4766 2020 4821 tem
2056 4754 2291 4820 aliquam
2323 4759 2486 4813 super
2516 4756 2639 4804 nos.
2672 4740 2800 4809 quia
2834 4738 3098 4793 Catholici
3132 4755 3343 4807 sumus,
3377 4756 3481 4812 po-
3540 4750 3543 4753 ‘

1910 4846 2034 4901 terit
2059 4840 2319 4895 obtinere.
2360 4833 2521 4896 Sane,
2560 4831 2686 4901 quia
2718 4832 2945 4885 fratrum
2971 4844 3071 4884 nos
3096 4830 3236 4885 odiis
3260 4831 3477 4903 fatigas,

1911 4931 2146 4999 intelligo
2173 4926 2306 4981 nulli
2338 4939 2437 4979 nos
2471 4923 2655 4977 odium
2684 4922 2751 4979 de
2782 4920 3143 4985 inatl‘ectione,
3168 4920 3262 4975 sed
3286 4922 3351 4975 de
3370 4925 3478 4990 pic-

1914 5031 2021 5076 tate
2046 5018 2342 5073 intendere.
2379 5015 2533 5069 Absit
2553 5023 2614 5067 ut
2642 5009 3189 5067 'licamus:Henricus
3213 5011 3350 5065 inter
3372 5010 3478 5065 fra—
3541 4999 3543 5002 l

1908 5121 2021 5166 tres
2042 5117 2137 5164 aut
2155 5107 2496 5162 Christianos
2522 5106 2821 5174 reputc'urr,
2848 5100 2962 5169 qui,
2992 5101 3153 5154 toties
3182 5100 3478 5169 corripien-

1812 5226 1816 5230 ·
1911 5210 2019 5256 tem
2050 5198 2347 5253 Ecelesiam
2370 5212 2480 5251 non
2506 5194 2753 5257 audiens,
2782 5192 2922 5246 sicut
2950 5191 3201 5245 ethnicus
3222 5200 3275 5243 et
3300 5190 3475 5257 publi-

1913 5305 2083 5346 canus
2125 5289 2355 5343 habctur
2398 5288 2418 5353 ί
2441 5286 2633 5341 Matth.
2681 5281 2873 5351 xviii).
2928 5280 3097 5349 Cujus
3148 5279 3331 5332 odium
3376 5294 3474 5348 pro

1913 5395 2110 5450 magno
2135 5380 2401 5435 sacriﬁcio
2438 5377 2547 5431 Deo
2575 5366 2874 5438 offerimus,
2901 5371 3137 5425 dicentes
3162 5382 3284 5421 cum
3316 5366 3470 5422 Psal-

1912 5472 2071 5526 mista
2103 5490 2115 5523 :
2154 5469 2356 5535 Nonne,
2386 5470 2474 5539 qui
2509 5468 2727 5520 oderunt
2764 5474 2833 5528 te,
2872 5461 3106 5522 Domine,
3143 5459 3384 5521 oderam,
3422 5470 3469 5511 et

1909 5578 2064 5631 super
2101 5562 2339 5615 inimicos
2376 5570 2490 5614 tuos
2526 5554 2889 5612 tabescebam?
2922 5551 3162 5618 Perfecto
3194 5550 3312 5602 odio
3344 5550 3467 5601 ode-

1918 5669 2031 5705 ram
2056 5652 2197 5718 illos,
2227 5661 2274 5705 et
2302 5652 2503 5706 inimici
2533 5650 2664 5719 {acti
2690 5656 2809 5701 sunt
2835 5643 3139 5717 mihi(Psal.
3166 5658 3424 5710 cum")
3451 5666 3463 5697 .
