3970 6390
429 451 563 508 ΙΝἹ

1383 441 1469 496 AD
1508 438 1737 496 OPERA
1778 438 1834 492 S.
1877 435 2205 493 GREGORII
2243 431 2686 488 APPENDIGES.

3536 428 3566 484 l
3581 428 3692 485 “8

427 562 601 632 Cttjtls
626 512 737 613 odii
763 557 1076 628 dignitatem
1109 523 1744 629 {Veritas'eommendans
1775 553 1853 606 ait
1882 569 1895 606 :
1934 550 1993 606 Si
2024 562 2069 616 Α
2160 547 2317 613 Quod
2342 562 2471 602 vero
2499 560 2695 616 papam
2721 543 3068 615 Gregorium,
3095 557 3277 615 regem
3302 535 3687 612 Bodoiplium,

430 651 549 722 quis
581 665 683 703 non
715 648 827 702 odit
861 656 1066 718 patrem
1098 655 1148 715 et
1179 653 1419 710 matrem,
1457 644 1648 713 fratres
1681 651 1965 720 et.,sorores
1988 682 2004 706 ,

432 740 604 795 adhuc
632 746 809 795 autent
828 747 877 791 et
906 737 1138 805 animum
1161 750 1349 801 suam,
1381 750 1483 788 non
1516 741 1686 803 potest
1724 746 1866 785 meus
1898 746 2007 784 esse

433 825 729 896 discipulus
760 822 911 895 (Luc.
941 822 1076 891 xw).
1104 819 1224 894 Non
1255 835 1385 891 ergo
1418 820 1485 876 de
1510 820 1634 876 odio
1656 820 1800 890 juste
1824 832 2007 888 repre-

434 920 744 975 henduntur
780 918 873 988 qui
911 916 1148 972 animam
1196 924 1439 980 nostram
1466 956 1482 979 ,
1530 927 1656 977 cum
1704 927 1735 965 a
1782 910 1868 964 via
1911 909 2006 965 Dei

431 1009 827 1073 exorbitamus,
877 1006 971 1077 qui
996 1013 1204 1077 patrem
1233 1015 1287 1059 et
1328 1012 1579 1069 matrem,
1611 1010 1667 1057 et
1691 1015 1906 1056 omnem
1933 993 2009 1053 af—

318 1132 334 1149 ..
434 1095 659 1162 fectum,
688 1095 967 1165 qui-nobis
998 1096 1051 1148 in
1080 1095 1165 1148 via
1202 1092 1295 1147 Dei
1330 1092 1528 1156 obstat,
1556 1090 1738 1145 odisse
1764 1088 2009 1159 praecipi—

436 1200 583 1239 mur.
621 1184 747 1239 Inde
772 1193 857 1240 est
882 1184 1028 1254 quod
1059 1183 1209 1238 omni
1233 1182 1432 1246 studio,
1459 1179 1609 1234 omni
1631 1187 1828 1233 conatu
1859 1177 2010 1231 labo-

439 1290 625 1330 ramus
665 1283 726 1328 ut
758 1274 947 1330 hostes
972 1273 1228 1329 Ecclesiae
1250 1314 1265 1338 ,
1294 1287 1395 1326 nos
1420 1285 1636 1341 quoque
1664 1278 1726 1323 ιιι
1757 1269 2011 1323 adversa-

439 1363 550 1418 rios
571 1377 860 1418 caveamus
885 1402 900 1428 ,
945 1370 1000 1415 et
1032 1377 1141 1416 non
1169 1403 1183 1427 ,
1222 1361 1349 1430 quia
1386 1359 1599 1424 nostri,
1636 1357 1729 1413 sed
1758 1357 1884 1428 quia
1913 1354 2007 1409 Dei

438 1448 648 1505 inimici
672 1458 819 1516 sunt,
846 1434 973 1505 odio
1001 1450 1318 1504 habeamus.

507 1537 695 1605 Porro,
721 1539 866 1608 quod
893 1539 960 1593 de
988 1554 1121 1608 pace
1142 1554 1267 1593 cum
1298 1538 1556 1593 omnibus
1577 1535 1895 1591 hominibus
1920 1535 2013 1589 lia-

442 1630 617 1684 benda
659 1630 955 1699 persuades
980 1670 995 1697 ,
1023 1629 1335 1684 meminisse
1361 1630 1525 1685 debes
1550 1629 1677 1699 quia
1702 1670 1717 1694 ,
1753 1627 2012 1697 pra-misit

441 1717 769 1789 Apostolus:
811 1718 870 1773 Si
908 1721 1026 1789 [ieri
1060 1730 1228 1790 potest
1260 1720 1431 1790 (Rom.
1471 1719 1592 1789 xu).
1644 1718 1783 1774 Fieri
1829 1725 2046 1772 autctn‘

442 1823 552 1861 non
582 1816 761 1883 potest
790 1816 851 1862 ut
883 1824 1008 1863 cum
1033 1809 1101 1864 iis
1121 1810 1213 1879 qui
1246 1809 1355 1864 Deo
1382 1803 1638 1864 contrarii
1668 1817 1793 1863 sunt
1820 1822 2009 1877 pacem

2109 638 2481 693 marchionem
2518 634 2874 706 Eggebertum
2903 635 3127 704 pessimi
3152 633 3404 689 interitus
3423 633 3687 699 damnas,

2050 787 2055 792 ,
2103 736 2158 783 et
2179 728 2460 784 dominum
2488 736 2663 795 tuum,
2689 725 2814 797 quia
2841 725 2949 781 illis
2968 734 3244 793 superstes
3260 734 3363 791 est,
3388 723 3684 789 boniﬁcas;

2104 819 2272 888 liquet
2298 819 2542 889 profecto
2564 860 2580 883 ,
2607 819 2676 873 ab
2698 817 2848 874 omni
2874 817 3141 886 spirituali
3167 826 3219 873 te
3244 816 3689 873 consideratione

2103 927 2323 967 manere
2354 926 2605 967 vacuum.
2634 908 2825 965 Nonne
2846 910 3054 964 beatius
3078 917 3160 964 est
3185 910 3322 964 bene
3348 909 3487 962 mori
3510 922 3689 977 quam

2105 1003 2244 1059 male
2273 1002 2489 1059 vivere?
2519 1002 2674 1056 Beati
2702 1001 2868 1067 enim,
2897 1002 2987 1070 qui
3024 1001 3432 1075 persecutionem
3460 1001 3688 1069 patiun-

2106 1102 2194 1145 tur
2220 1102 2431 1162 prapter
2450 1092 2722 1160 justitiam
2756 1090 2974 1159 (Matth.
3006 1091 3080 1161 v).
3124 1089 3246 1145 Jam
3290 1099 3346 1145 et
3386 1087 3688 1153 Neronem,

2104 1183 2232 1252 quia
2260 1184 2521 1253 apostolis
2552 1182 2712 1238 Petro
2731 1190 2783 1237 et
2803 1182 2995 1248 Paulo,
3014 1182 3128 1251 jam
3150 1190 3198 1235 et
3234 1179 3519 1244 Herodem,
3550 1178 3693 1249 quia

2105 1272 2308 1329 Jaeobo
2337 1275 2606 1345 apostolo,
2626 1274 2739 1343 jam
2764 1282 2819 1327 et
2841 1272 3095 1335 Pilatum,
3139 1271 3267 1342 quia
3296 1269 3528 1324 Domino
3550 1267 3693 1323 Jesn

2107 1362 2324 1419 Christo
2346 1346 2764 1434 supervixerint,
2790 1363 2979 1418 beatos
2993 1364 3258 1419 instituas.
3288 1361 3402 1428 Qua
3426 1360 3694 1431 opinione

2011 1480 2018 1487 -
2106 1454 2236 1522 quid
2266 1454 2513 1521 insanius
2541 1463 2635 1509 aut
2673 1453 2940 1509 infelicius
2974 1453 3081 1508 dici
3109 1452 3319 1522 potest?
3343 1449 3697 1520 Quapropter

2106 1553 2160 1598 et
2183 1545 2252 1598 ab
2286 1544 2396 1599 hac
2430 1544 2764 1615 blasphemia
2802 1545 3040 1616 linguam
3082 1543 3485 1615 magniloquam
3532 1556 3695 1595 como

2107 1649 2304 1704 pesce,
2345 1636 2450 1691 nisi
2497 1636 2635 1693 forte
2672 1639 2728 1693 in
2770 1652 2995 1692 numero
3026 1636 3241 1690 illorum
3293 1644 3345 1689 te
3392 1633 3695 1690 constituis

2108 1725 2223 1793 qni,
2255 1725 2309 1778 in
2342 1725 2447 1781 line
2469 1726 2747 1796 justorum
2774 1727 3019 1782 videntes
3046 1726 3297 1797 gloriam,
3326 1740 3503 1779 seram
3530 1732 3586 1778 et
3613 1725 3697 1777 in-

2108 1812 2445 1870 fructuosam
2473 1826 2694 1889 agentes
2717 1817 3112 1888 pleniteutiam,
3147 1831 3260 1884 prae
3292 1816 3543 1886 angustia
3574 1813 3699 1882 spi-

443 1896 762 1952 habeamus.
794 1898 928 1964 Quis
957 1909 1138 1954 autem
1184 1900 1391 1953 nesciat
1432 1897 1721 1952 Dominum
1762 1896 2008 1951 Salvato-
2042 1900 2084 1954 B
2108 1905 2249 1959 ritus
2273 1912 2549 1975 gementes
2581 1908 2805 1962 dicent:
2839 1906 2913 1960 Hi
2950 1915 3070 1958 sunt
3105 1921 3231 1975 quos
3268 1903 3556 1974 aliquandu
3593 1902 3700 1954 Im;

443 2001 557 2040 rem
584 2003 693 2042 non
713 1989 890 2043 solum
913 2003 1101 2058 pacem
1126 1988 1522 2052 commendare,
1550 2002 1675 2042 cum
1700 1986 1866 2041 dicit:
1904 1985 2011 2038 Pa-

444 2094 555 2131 cem
587 2094 754 2132 meam
809 2078 877 2132 do
926 2079 1089 2147 vobis,
1134 2096 1313 2149 pacem
1368 2095 1538 2133 nteant
1584 2078 1822 2147 relinquo
1870 2077 2012 2130 vobis

446 2166 630 2236 (flaua.
659 2168 770 2239 xiv)
795 2209 811 2235 ,
844 2168 939 2224 sed
965 2168 1129 2225 etiam
1157 2170 1330 2239 ipsam
1365 2182 1550 2237 pacem
1583 2168 1848 2231 existere,
1875 2166 2016 2221 sicut

446 2255 523 2309 ait
543 2255 835 2334 Apostolus
863 2275 877 2310 :
906 2256 1029 2326 Ipse
1055 2267 1133 2311 est
1161 2274 1267 2327 pax
1293 2265 1492 2321 nostra,
1527 2258 1616 2325 qui
1644 2257 1767 2325 fecit
1794 2266 2014 2325 utraque

446 2348 649 2400 unum?
669 2347 882 2418 (Eplies.
913 2349 999 2418 tt.)
1025 2347 1166 2415 Quid
1193 2364 1323 2420 ergo
1353 2350 1430 2404 ait
1456 2367 1469 2403 :
1498 2348 1619 2401 Pax
1645 2356 1845 2413 nostra,
1874 2362 2017 2403 com-

445 2437 707 2494 mendans
734 2440 958 2508 pacem?
985 2439 1188 2505 Nolite,
1218 2441 1426 2511 inquit,
1454 2440 1708 2493 arbitrari
1734 2440 1861 2509 quia
1901 2439 2014 2492 veni

448 2529 651 2582 mittere
670 2546 847 2598 pacem
874 2532 929 2583 in
953 2540 1170 2595 terram;
1203 2547 1304 2584 non
1332 2531 1442 2584 veni
1468 2546 1647 2599 pacem
1676 2533 1898 2594 mittere,
1926 2531 2016 2583 sed

450 2615 686 2684 gladium
716 2616 933 2687 (Matth.
974 2620 1051 2688 χ).
1089 2618 1231 2684 Quid
1259 2618 1509 2673 esthoc?
1537 2615 1716 2681 Quare
1752 2632 1876 2686 pax,
1905 2617 2019 2685 gla-

450 2706 634 2759 dium?
658 2705 836 2773 Quare
876 2724 979 2777 pax
1014 2693 1221 2763 bellum
1252 2709 1472 2764 indicit?
1500 2707 1764 2763 Nimirum
1791 2750 1807 2774 ,
1843 2718 1901 2762 ut
1924 2708 2020 2763 de-

410 2858 413 2861 ,
450 2807 692 2854 struatur
723 2814 827 2868 pax
865 2800 1087 2856 diaboli.
1137 2800 1308 2856 liabet
1349 2802 1495 2857 enim
1538 2800 1786 2879 diabolus
1831 2815 2017 2869 pacem

2113 1997 2319 2050 buimus
2355 1996 2411 2049 in
2447 1996 2681 2051 derisum
2725 2007 2773 2051 et
2817 1998 2875 2050 in
2911 1995 3315 2050 similitudinem
3358 1992 3695 2061 iuiproperii.

2115 2086 2227 2141 Nos
2261 2072 2535 2155 inseusati,
2566 2090 2727 2143 vitam
2756 2089 2971 2143 illorum
2994 2089 3389 2144 wstimabamus
3419 2085 3696 2139 insaniam

2110 2188 2161 2232 et
2205 2179 2359 2247 linem
2389 2179 2603 2233 illorum
2636 2181 2748 2234 sine
2785 2180 2995 2235 honore.
3042 2178 3177 2233 Ecce
3202 2218 3218 2246 ,
3248 2177 3509 2249 quomodo
3543 2188 3699 2230 cont-

2111 2270 2285 2337 putati
2313 2278 2433 2320 sunt
2469 2270 2607 2321 inter
2635 2269 2928 2338 filios'Dei,
2967 2277 3017 2322 et
3053 2269 3191 2321 inter
3222 2276 3433 2320 sanctos
3466 2281 3583 2319 sors
3619 2262 3698 2319 il—

2112 2359 2284 2413 lorum
2303 2370 2399 2413 est.
2426 2359 2566 2429 Ergo
2589 2361 2881 2414 erravimus
2904 2376 2936 2412 a
2961 2360 3046 2412 ria
3070 2346 3331 2423 ueritatis,
3348 2364 3398 2409 et
3418 2355 3500 2409 sol
3519 2356 3699 2425 justi~

2116 2450 2205 2502 tia:
2233 2464 2335 2503 non
2361 2448 2502 2502 luxit
2527 2450 2694 2504 nobis.
2730 2448 2872 2514 Quid
2905 2449 3052 2502 nobis
3080 2447 3280 2517 profuit
3322 2445 3566 2516 superbia
3586 2445 3615 2500 2
3642 2452 3699 2497 et

2116 2538 2420 2598 divitiarum
2433 2539 2702 2607 jactantia
2735 2538 2863 2608 quid
2894 2537 3118 2592 contulit
3147 2538 3295 2591 nobis
3315 2538 3340 2590 .9
3366 2537 3698 2591 transierunt

2118 2629 2295 2682 omnia
2332 2628 2468 2681 velut
2505 2629 2691 2683 umbra
2715 2628 2866 2698 (Sap.
2896 2632 2973 2700 v).
2998 2628 3130 2696 Qua:
3154 2644 3253 2685 nos
3278 2629 3441 2684 verba
3484 2627 3537 2682 in
3575 2642 3698 2682 mc-

2118 2717 2291 2772 moria
2312 2717 2657 2773 adamantina
2686 2719 3006 2786 scribentes,
3034 2734 3251 2773 omnem
3280 2717 3696 2774 similitudinem

2118 2807 2461 2882 extollentem
2484 2824 2541 2864 se
2562 2809 2823 2865 adversus
2849 2810 3125 2865 veritatem
3151 2809 3247 2865 Dei
3268 2809 3699 2878 contemnimus;

451 2904 628 2954 suam,
674 2888 741 2944 de
786 2906 893 2961 qua
925 2891 1190 2948 Dominus
1212 2892 1345 2949 dicit
1376 2910 1390 2946 :
1437 2890 1571 2946 Cum
1601 2890 1753 2960 [ortis
1784 2899 2020 2944 armatus
2102 2877 2174 2953 ὧι
2195 2900 2485 2968 gloriantes
2507 2900 2563 2953 in
2585 2901 3046 2971 tribulationibus,
3068 2877 3699 2972 calumniari,proscrili
3786 2888 3793 2891 ’

453 2981 681 3033 custodit
725 2983 922 3035 atrium
945 3000 1119 3049 suum,
1162 2986 1219 3037 in
1256 2998 1382 3053 pace
1408 2976 1528 3036 sunt
1566 2997 1628 3035 eu
1652 2996 1767 3050 qua:
1794 2981 2023 3049 possidet

456 3068 607 3132 (Luc.
637 3068 736 3140 XI).
780 3069 826 3124 0
848 3087 1034 3143 ,ψιῖιιιι
1079 3081 1336 3141 potenter.
1350 3086 1447 3142 per
1466 3085 1565 3126 vos
1599 3071 1856 3125 satellites
1894 3084 2024 3125 suos

455 3160 653 3214 atrium
698 3174 860 3215 suum
891 3161 995 3217 hoc
1033 3170 1274 3232 tempore
1308 3162 1558 3217 diabolus
1603 3160 1858 3225 custodit,
1906 3160 2020 3230 qui,

455 3262 611 3309 scuto
636 3251 888 3309 falsitatis
908 3262 963 3307 et
985 3255 1135 3324 galea
1156 3254 1398 3324 perfidiae
1428 3253 1676 3325 protecti,
1704 3253 1850 3307 nulla
1878 3255 2022 3308 veri-

456 3346 585 3401 tatis
604 3340 808 3415 jacula,
838 3345 986 3399 nulla
1011 3346 1134 3401 tidei
1164 3347 1373 3417 spicula
1397 3347 1709 3402 admittitis!
1734 3344 1918 3401 Potest
1943 3354 2029 3400 ta-

430 3454 431 3457 η
456 3452 580 3490 men
606 3435 869 3491 Dominus
902 3445 1109 3503 noster,
1142 3446 1325 3508 utpote
1354 3436 1546 3493 fortior
1575 3424 1818 3491 armatus
1841 3452 2027 3506 super-

456 3526 699 3592 veniens,
729 3526 921 3600 fortem
941 3537 1191 3584 vestrum
1204 3530 1419 3585 vincere
1458 3536 1512 3585 et
1551 3518 1703 3583 arma
1736 3527 1790 3591 in
1826 3528 2024 3598 quibus

456 3612 682 3668 conﬁdit
718 3612 930 3671 auferre
970 3616 1169 3689 (ibid.).
1214 3616 1333 3673 Non
1372 3633 1502 3689 ergo
1541 3625 1686 3672 recte
1721 3617 2022 3687 culpantur,

458 3701 717 3772 si‘pacem
754 3703 902 3758 illam
945 3706 1094 3761 omni
1127 3709 1267 3763 bello
1293 3710 1649 3764 crudeliorem
1675 3708 2028 3774 detestamur,

458 3809 624 3864 quam
692 3793 808 3864 ipsa
865 3793 1077 3853 Veritas
1122 3815 1285 3867 super
1329 3798 1667 3853 Hierusalem
1714 3797 1892 3851 ﬂendo
1943 3812 2032 3852 re-

459 3887 653 3955 probat
698 3886 885 3942 dicens
912 3904 926 3941 :
956 3886 1027 3940 Et
1058 3889 1269 3957 quidem
1297 3890 1353 3940 in
1371 3888 1480 3941 ‘Iiac
1512 3888 1597 3941 die
1637 3896 1728 3941 tua
1752 3928 1769 3955 ,
1806 3904 1923 3957 qua:
1960 3886 2030 3941 ad

459 3993 638 4046 pacem
677 3976 771 4032 tibi
810 3976 961 4048 (Luc.
1008 3978 1123 4048 xix)
1156 3996 1170 4043 ;
1212 3987 1267 4033 et
1299 3993 1466 4048 quam
1488 3977 1738 4033 Psalmus
1772 3977 1966 4049 (Lxxn)
2001 3995 2015 4031 :

462 4066 630 4136 Super
667 4067 872 4138 iniquos
917 4068 1082 4123 zelari
1105 4109 1121 4135 ,
1171 4084 1351 4137 pacem
1394 4079 1723 4138 peccatorum
1756 4070 1955 4125 videns.

2121 2996 2177 3042 et
2198 2989 2545 3043 exterminari
2572 3030 2587 3056 ,
2618 2991 2851 3061 denique
2875 2992 3049 3047 occidi
3075 3007 3368 3061 possumus
3393 3012 3409 3059 ;
3441 2993 3584 3068 flecti
3611 2993 3700 3045 vel

2121 3080 2264 3135 vinci
2294 3096 2399 3136 non
2425 3097 2736 3151 possumus.
2770 3082 2838 3137 Et
2869 3074 2993 3137 cum
3032 3090 3230 3155 magno
3264 3084 3505 3154 tripudio
3534 3082 3695 3147 illud,

2124 3171 2268 3241 quod
2318 3180 2372 3226 tu
2420 3187 2554 3242 puer
2597 3173 2950 3239 adolescens,
2999 3172 3217 3244 juvenis
3274 3172 3652 3243 frequentatus
3682 3213 3700 3232 .

2127 3263 2366 3329 nondum
2410 3264 2572 3319 corde
2619 3279 2784 3343 senex
2829 3264 3167 3337 concepisti,
3212 3263 3280 3319 de
3322 3263 3569 3335 patribus
3600 3278 3706 3316 no~

2128 3353 2257 3426 stris
2285 3352 2643 3421 exsultamus,
2670 3354 2762 3425 qui
2787 3363 3195 3411 contemnentes
3212 3354 3365 3426 jussa
3390 3352 3707 3425 principum

2126 3454 2443 3499 meruerunt
2467 3446 2691 3515 praemia
2720 3454 2942 3507 interna.

2193 3535 2364 3591 Porro
2401 3537 2698 3605 sententias
2743 3545 2866 3593 tuas
2899 3535 3140 3608 diligenti
3184 3534 3498 3608 curiositate
3541 3533 3710 3587 truti-

2066 3694 2069 3698 ι
2128 3633 2339 3694 battles,
2360 3631 2517 3698 quasi
2543 3629 2843 3699 spiritualia
2866 3629 3242 3699 spiritualibus
3266 3639 3588 3697 comparare
3614 3640 3711 3679 vo—

2125 3718 2328 3773 lumus.
2362 3717 2469 3772 Sed
2492 3719 2746 3773 sicut.....

2584 3823 2651 3905 Et
2679 3850 2884 3921 reliqua
2910 3866 3018 3907 non
3043 3866 3239 3923 pauca.

2130 3982 2334 4037 Cretera
2374 3983 2582 4050 desunt;
2608 4002 2725 4055 quae
2752 3986 2918 4040 multa
2961 3987 3122 4057 fuisse
3148 3994 3373 4042 testatur
3393 3987 3505 4043 [nec
3531 3986 3716 4042 Dorie-

2340 4074 2481 4128 cliini
2518 4075 2758 4129 clausula
2792 4093 2809 4129 :
2836 4076 2901 4131 Et
2928 4078 3133 4146 reliqua
3163 4093 3270 4134 non
3298 4093 3493 4148 pauca.

471 4162 3713 4205 Μ

1285 4231 1964 4373 EPISTOLA
2045 4260 2165 4370 s.
2259 4216 2873 4379 ANSELMI

1528 4430 2045 4489 ARCHIEPISCOPI
2081 4431 2653 4505 CANTUARIENSIS,

1350 4544 1447 4606 Ad
1472 4543 1900 4607 Wilhelmum
1938 4545 2230 4605 abbatem
2260 4543 2787 4625 Hirsaugiensem

791 4641 953 4696 Docet
986 4640 1113 4707 quid
1136 4639 1394 4709 agendum
1418 4643 1491 4694 sit
1518 4658 1639 4695 cum
1657 4632 1845 4714 comite
1866 4642 2115 4712 quodam!
2132 4645 2223 4714 qui
2246 4645 2427 4698 dicina
2457 4645 2838 4701 celebrantibus
2861 4662 2969 4701 sese
2990 4627 3383 4708 immiscuerat;

1078 4740 1079 4745 η
1606 4719 1655 4761 et
1681 4711 1745 4762 de
1772 4711 2082 4779 presbyteris
2104 4711 2567 4767 incontinentibus.

464 4773 487 4883 ⁸.
540 4802 770 4858 Domino
792 4809 847 4855 et
861 4799 1012 4854 Patri
1031 4797 1326 4853 reverendo
1350 4797 1532 4852 abbati
1568 4773 1903 4863 Germano,
1924 4773 2041 4852 ira-

471 4901 555 4946 ter
576 4890 875 4952 Amemus,
916 4888 970 4940 in
1000 4888 1106 4942 hac
1129 4888 1236 4941 vita
1262 4889 1575 4943 diuturnam
1601 4887 2041 4958 prosperitatum.

475 4979 529 5034 in
560 4978 739 5036 futura
770 4985 1026 5030 :eternam
1058 4975 1384 5034 felicitatem.
1848 4972 1851 4983 ἦ

2211 4801 2292 4856 Ex
2329 4817 2440 4871 quo
2468 4790 2645 4857 vestra
2670 4803 2975 4871 probitas...
3006 4801 3229 4874 Reliqua
3253 4803 3370 4858 vide
3396 4804 3453 4859 in
3480 4808 3728 4877 epistolis

2145 4892 2400 4957 Assem",
2420 4892 2599 4961 infra,
2633 4892 2701 4945 ad
2726 4909 2923 4947 annum
2944 4894 3101 4950 1109.
3672 4889 3683 4895 “

1230 5170 2342 5269 COMMENTARIOLUSl
2403 5140 2979 5265 HESSONIS

1165 5336 1171 5344 '
1518 5311 2681 5427 SCHOLASTICI

551 5465 645 5532 De
670 5461 1041 5533 tractatione
1067 5458 1241 5546 pacis
1267 5457 1439 5546 inter
1473 5456 1803 5546 Callistum
1822 5459 2095 5546 Δῌρᾼροςιῑ.
2127 5459 2510 5546 Romanum,
2541 5460 2603 5546 et
2638 5449 2989 5540 Henricum
3037 5441 3096 5511 γ
3127 5448 3425 5531 imperat,
3470 5469 3659 5523 anno
3748 5504 3759 5509 -

1298 5534 1742 5618 Redemptoris
1773 5533 1959 5610 1119';
1984 5536 2199 5620 deque
2231 5533 2518 5595 Concilio
2545 5533 2869 5592 Remensi.

1296 5642 1480 5705 Nunc
1508 5639 1785 5719 primum
1816 5654 1897 5703 es:
1942 5634 2209 5696 tenebris
2238 5633 2307 5694 in
2343 5632 2541 5700 lucem
2569 5627 2885 5721 prolatus.

653 5741 776 5801 Vide
799 5746 942 5819 infra
961 5749 1018 5802 in
1046 5745 1276 5805 Callisto
1297 5741 1327 5799 Ι
1332 5741 1384 5809 1,
1409 5740 1478 5795 ad
1501 5755 1697 5795 annum
1727 5739 1881 5805 ιω,
1903 5735 1995 5794 uti
2021 5732 2330 5794 opusculum
2361 5730 2612 5786 Hessonis
2640 5729 3081 5786 locumobtincbit
3104 5730 3594 5805 opportuniorem.)

475 5076 2424 5109 mw

2426 5076 3711 5106 rm

3658 6136 3891 6287 Ἡ
