3970 6384
423 492 553 547 ἷόῖὶῧ

1397 480 1488 534 AD
1524 478 1748 533 OPERA
1788 480 1845 533 S.
1882 478 2210 535 CREGORII
2243 476 2687 535 APPENDICES.

3527 470 3667 525 1431.

356 584 359 593 ’
416 616 524 660 tate
554 616 836 659 succ"ssor
860 600 915 654 S.
950 599 1144 653 Leonis
1169 613 1339 669 papte.
1364 606 1533 652 mtsso
1566 598 1740 663 legato
1775 597 1828 649 in
1864 596 1989 648 Gal-
2020 604 2061 659 Α
2090 598 2133 651 si
2155 613 2255 666 ego
2278 597 2389 666 ipse
2411 593 2702 665 aliquando
2720 600 2908 646 contra
2930 590 3043 643 lucc
3063 588 3262 641 sentire
3288 601 3353 639 ac
3372 576 3672 654 praedicare.

420 699 541 755 lias,
568 694 1100 763 vcnerahiliinqnam
1144 689 1505 744 Hildebrando
1552 696 1681 743 tunc
1723 686 1991 740 archidia-

423 800 590 850 t-ono,
601 784 690 841 sed
715 786 881 841 nostri
897 782 1455 853 lemporlsapostolieo
1470 780 1673 849 (1480),
1686 779 1989 847 generalem

426 881 696 945 synodum
724 878 955 935 Turonis
976 871 1355 946 congregavit:
1384 871 1436 926 in
1459 886 1567 940 qua
1599 870 1712 940 ipse
1741 870 1993 939 lleringe-

427 967 547 1031 rius
569 981 784 1037 accepta
814 970 1027 1036 Optione
1049 962 1366 1021 defendendi
1395 978 1474 1028 se,
1502 978 1625 1015 cum
1676 977 1733 1015 se
1779 963 1993 1030 penitus

430 1053 718 1109 defendere
747 1071 853 1112 non
903 1062 1103 1124 posset,
1158 1053 1260 1108 sub
1310 1051 1665 1121 jurejurando
1720 1052 1992 1121 prepriam

431 1143 681 1199 hmmim
719 1144 1271 1207 anathematizavit,et
1299 1158 1644 1197 communem
1672 1151 1871 1197 sanctte
1901 1142 1996 1195 Ec-

430 1232 607 1286 clesia:
629 1231 785 1286 fidem
808 1232 871 1285 de
888 1232 1107 1286 veritate
1129 1232 1372 1301 corporis
1394 1241 1447 1285 et
1474 1233 1753 1302 sanguinis
1779 1232 1995 1287 Domini

428 1339 489 1376 se
516 1323 771 1393 deinceps
794 1333 1134 1379 servaturum
1165 1324 1266 1377 sub
1290 1324 1477 1377 eodem
1513 1324 1827 1393 juramento
1870 1340 1995 1394 pro—

427 1412 606 1477 misit;
648 1414 771 1467 licet
795 1423 978 1482 postea
1007 1415 1074 1468 ad
1102 1414 1345 1468 eamdem
1375 1414 1622 1469 haeresim
1649 1415 1884 1468 redierit.
1962 1404 1968 1410 ’

493 1502 584 1557 l\'.
625 1502 877 1560 Nieolaus
897 1515 1075 1561 autem
1106 1521 1242 1576 papa
1265 1505 1438 1559 eidem
1468 1503 1780 1574 Beringerio
1812 1504 1997 1561 Romae

424 1594 481 1647 ia
509 1594 745 1663 generali
764 1596 970 1665 synodo
993 1596 1172 1665 (H8l)
1199 1593 1529 1648 audientiam
1550 1595 1837 1659 concessit,
1867 1610 1996 1648 cau-

424 1698 654 1754 samque
687 1686 805 1753 ejus
843 1690 982 1740 cum'
1005 1698 1221 1741 centum
1258 1685 1517 1740 tredecim
1564 1687 1833 1756 episcopis
1864 1703 1994 1756 syn-

424 1775 568 1828 odali
594 1774 803 1844 judicio
828 1776 1124 1830 ventilavit.
1159 1774 1263 1829 Sed
1293 1774 1618 1843 illegiterum,
1645 1791 1768 1829 cum
1793 1784 1996 1830 sectam

426 1881 581 1920 suam
608 1865 895 1920 defendere
916 1883 1023 1921 non
1058 1867 1279 1931 valeret,
1300 1866 1515 1919 tandem
1538 1865 1695 1935 quasi
1717 1874 1998 1935 correptus

425 1956 596 2010 libros
619 1956 850 2025 promite
871 1958 1139 2011 hatreseos
1169 1956 1223 2009 in
1244 1963 1537 2023 conspectu
1558 1953 1743 2007 domni
1782 1964 2001 2023 aposto-

426 2047 519 2101 lici
545 2056 599 2100 et
625 2048 792 2101 totius
823 2048 1012 2119 synodi
1053 2063 1216 2101 manu
1264 2045 1484 2115 propria
1528 2046 1913 2106 concremavit.
1946 2052 2001 2097 et

426 2152 613 2191 errore
642 2137 906 2207 abnegato
926 2137 1247 2192 catholicam
1283 2132 1697 2204 professionem,
1729 2148 1893 2202 quam
1944 2134 1999 2187 in

427 2227 471 2279 Τ
477 2226 734 2283 nronensi
758 2228 990 2281 concilio
1018 2226 1237 2290 fecerat,
1261 2225 1364 2279 sub
1405 2222 1779 2292 jurejurando
1803 2223 1999 2276 iterum

429 2318 728 2380 renovavit,
758 2318 831 2371 ita
862 2316 1222 2387 pronuntians
1250 2335 1262 2369 :

502 2408 563 2461 ν.
611 2429 629 2461 ι
676 2408 789 2479 Ego
818 2407 1159 2477 Beringerius
1189 2406 1442 2475 indignus
1470 2405 1734 2459 diaconus
1760 2404 2001 2459 ecclesiae

432 2496 488 2550 S.
516 2495 758 2550 Mauritii
785 2497 1209 2567 Andegavensis,
1236 2509 1571 2565 cognoscens
1600 2510 1784 2548 veram
1810 2494 2000 2549 catho-

429 2587 591 2640 licam
634 2595 686 2640 et
711 2586 1064 2656 apostolicam
1092 2585 1281 2650 fidem,
1325 2584 1727 2639 anathematizo
1783 2588 2001 2637 omnem

431 2675 701 2741 hmresim,
728 2675 993 2745 prrecipoe
1019 2675 1165 2730 illam
1195 2675 1262 2729 de
1288 2689 1395 2744 qua
1424 2674 1690 2727 hactenus
1708 2671 2003 2728 infamatus

429 2758 573 2826 stim.
597 2781 719 2835 qua!
746 2774 989 2820 astruere
1010 2773 1239 2820 conatur
1278 2778 1471 2833 panem
1500 2771 1555 2816 et
1577 2745 1782 2828 vinum,
1803 2770 1925 2833 qlia:
1949 2763 2001 2816 in

430 2856 587 2910 altari
628 2864 923 2927 ponuntur,
970 2864 1093 2925 post
1144 2853 1609 2911 consecrationem
1662 2852 2004 2927 solummodo

430 2954 854 3009 sacramentum,
877 2955 931 3001 et
964 2962 1069 3000 non
1104 2960 1293 2999 verum
1336 2959 1537 3013 corpus
1589 2950 1644 2995 et
1685 2942 2003 3010 sanguinem

361 3052 367 3059 '
433 3034 648 3090 Domini
670 3037 839 3091 nostri
866 3035 992 3091 Jesu
1005 3036 1206 3091 Christi
1227 3050 1368 3099 esse,
1383 3049 1482 3088 nec
1505 3048 1665 3104 posse
1686 3031 2007 3087 scnsnaliter

429 3124 537 3181 nisi
560 3125 614 3180 in
629 3126 747 3181 solo
766 3135 1107 3182 sacramento
1142 3126 1394 3181 manibus
1417 3116 1758 3180 Sacerdoturti
1783 3110 2004 3179 tractari

429 3216 517 3269 vel
537 3214 732 3285 frangi,
748 3223 843 3270 aut
862 3216 1097 3270 fidelium
1120 3216 1371 3270 dentibus
1390 3213 1567 3267 atteri.
1583 3212 1876 3293 Consentio
1902 3226 1972 3263 au
1991 3238 2003 3248 -

433 3316 539 3362 tem
564 3316 766 3363 sanctce
793 3307 1051 3362 Romanzc
1073 3306 1328 3361 Ecclesiae
1353 3314 1407 3360 et
1430 3305 1738 3376 apostolica:
1761 3304 1874 3359 sedi
1905 3323 1917 3357 :
1951 3313 2007 3358 et

386 3470 392 3475 .
430 3414 526 3453 ore
555 3408 609 3452 et
655 3399 818 3459 corde
862 3398 1137 3468 profiteor,
1179 3398 1244 3452 de
1306 3397 1665 3453 sacramentis
1713 3394 2007 3475 Dominiea:

431 3504 635 3544 mensa:
686 3505 809 3544 eam
845 3480 1004 3545 fidem
1050 3489 1180 3557 (me)
1236 3498 1419 3543 tenere
1458 3502 1622 3557 quam
1679 3486 1913 3541 domnus
1953 3494 2009 3539 et

432 3582 757 3639 venerabilis
780 3598 919 3654 papa
950 3581 1235 3647 Nicolans,
1272 3590 1328 3637 et
1372 3581 1489 3637 hrec
1531 3574 1719 3636 sancta
1765 3578 2007 3653 synodus

431 3674 754 3728 auctoritate
774 3674 1081 3743 evangelica
1116 3683 1172 3727 et
1200 3671 1493 3741 apostolica
1522 3671 1810 3724 tenendam
1839 3670 2007 3724 tradi-

430 3761 533 3827 dit,
561 3762 802 3833 mihique
828 3761 1063 3818 firmavit
1088 3781 1100 3816 :
1130 3762 1337 3817 scilicet
1362 3775 1555 3831 panem
1581 3768 1637 3813 et
1656 3758 1865 3823 vinum,
1885 3770 2008 3827 qum

431 3853 488 3907 in
518 3854 675 3908 altari
703 3863 999 3924 ponuntur,
1029 3864 1157 3924 post
1190 3851 1659 3908 consecrationem
1691 3867 1800 3906 non
1829 3850 2005 3906 solum

431 3954 854 4007 sacramentum,
882 3942 975 3998 sed
999 3954 1055 3997 et
1092 3957 1280 3996 verum
1335 3955 1534 4010 corpus
1583 3948 1640 3993 et
1688 3938 2006 4011 sanguinem

432 4031 651 4090 Domini
690 4034 864 4090 nostri
887 4033 1017 4089 Jesu
1038 4032 1244 4088 Christi
1279 4047 1418 4099 esse,
1448 4042 1502 4087 et
1530 4031 1857 4101 sensualitcr
1890 4031 2007 4085 non

430 4125 609 4183 solum
648 4127 699 4180 in
734 4133 1096 4189 sacramento,
1116 4125 1208 4180 sed
1230 4124 1286 4179 in
1310 4124 1534 4179 veritate
1554 4123 1807 4178 manibus
1827 4137 2008 4178 sacer-

434 4218 621 4269 dotum
652 4215 893 4281 tractari,
926 4214 1121 4285 frangi,
1153 4223 1208 4269 et
1236 4215 1475 4270 fidelium
1522 4215 1776 4269 dentibus
1827 4213 2004 4274 atteri.

428 4308 623 4377 jnrans
646 4322 741 4376 pcr
761 4316 1004 4363 sanctam
1030 4308 1275 4379 ὁμούσιον
1300 4288 1640 4370 Trinitatem,
1663 4313 1717 4359 et
1757 4319 1853 4375 per
1894 4304 2009 4358 hac

434 4407 785 4453 sacrosancta
812 4390 1014 4453 Christi
1037 4398 1345 4468 Evangelia.
1378 4397 1484 4452 Eos
1508 4410 1639 4451 vero
1682 4395 1777 4467 qui
1820 4403 2009 4451 contra

435 4488 576 4542 hanc
602 4489 759 4543 fidem
782 4489 1048 4555 venerint,
1061 4504 1185 4544 cum
1211 4489 1553 4557 dogmatibus
1574 4470 1627 4543 et
1652 4488 2009 4543 sectatoribus

2030 3263 2076 3323 C

2093 701 2507 756 praesumpscro,
2537 698 2806 739 canonum
2840 678 3111 735 severitati
3136 677 3466 745 subjaceam.
3503 671 3672 729 Lecto

2092 788 2144 831 et
2168 777 2404 845 perlecto
2428 784 2618 846 sponte
2629 770 2925 842 subscripsi
2949 761 3192 840 (l482).'i
3208 766 3460 821 Formam
3486 772 3671 818 autem

2094 869 2258 937 hujus
2277 866 2570 937 juramenti
2596 873 2649 919 et
2672 861 3034 918 anathematis
3061 860 3132 913 ita
3162 866 3349 913 sancta
3395 854 3673 925 Ephesina

2094 958 2334 1027 synodus
2360 955 2693 1024 quibuslibet
2705 951 3017 1008 abdicandis
3038 944 3584 1015 ltmresihuscapitulo
3604 941 3675 994 15

2095 1047 2441 1117 prtescripsit,
2478 1046 2619 1100 etde
2645 1044 2838 1099 ltazrcsi
2869 1041 3158 1096 infamatos
3190 1037 3408 1092 nonnisi
3435 1050 3530 1105 per
3557 1034 3670 1088 hu-

2090 1139 2328 1207 jusmodi
2350 1136 2745 1191 abdicationem
2776 1133 2997 1187 haeresis
3030 1128 3317 1201 expurgari
3344 1126 3537 1183 debere
3568 1125 3669 1178 de—

2094 1231 2264 1285 crevit
2297 1248 2311 1282 :
2344 1228 2484 1283 unde
2507 1238 2561 1283 et
2581 1243 2612 1282 a
2638 1224 2949 1296 Beringerio
2972 1222 3131 1277 talem
3157 1226 3476 1289 receperunt
3503 1215 3671 1271 satis-

2096 1319 2407 1375 factionem.
2712 1322 2715 1325 ’

2165 1408 2253 1463 Ἣ.
2318 1408 2469 1463 Hanc
2525 1407 2849 1497 juratoriam
2913 1404 3305 1481 professionem
3372 1396 3673 1467 Beringerii

2062 1556 2065 1561 ,
2094 1500 2330 1575 domnus
2364 1516 2500 1569 papa
2534 1489 2789 1553 Nicolaus
2812 1499 2993 1553 statim
3032 1512 3129 1567 per
3162 1496 3375 1549 diversa
3408 1489 3671 1544 transmi-

2098 1590 2168 1643 sit
2192 1604 2372 1659 regna,
2390 1597 2451 1642 ut
2473 1581 2661 1643 omnes
2683 1587 2795 1642 Deo
2816 1588 3017 1659 gratias
3039 1592 3259 1657 agerent
3277 1598 3377 1653 pro
3402 1581 3519 1649 ejus
3539 1593 3675 1643 con-

2096 1682 2365 1746 versione,
2393 1680 2652 1750 quoniam
2684 1680 2892 1750 pridem
2924 1679 3154 1733 multum
3176 1672 3526 1731 scandalizati
3544 1678 3675 1725 sunt

2097 1774 2162 1827 de
2188 1774 2309 1842 ejus
2338 1772 2639 1827 aversione.
2685 1772 2791 1825 Sed
2839 1770 3188 1840 Beringerius
3240 1780 3393 1822 more
3448 1778 3549 1818 suo
3604 1762 3674 1816 ad

2100 1863 2379 1932 proprium
2402 1863 2664 1917 vomitum
2690 1863 2867 1916 redire
2891 1876 2999 1915 non
3028 1860 3227 1922 timuit,
3240 1866 3297 1911 et
3317 1856 3457 1909 ultra
3482 1868 3676 1907 omnes

2032 1931 2074 1983 Β
2101 1931 2401 2016 haereticos,
2426 1951 2701 2007 Romanos
2721 1950 3002 2021 pontifices
3019 1957 3074 2004 et
3098 1956 3341 2003 sanctam
3372 1943 3673 1997 Romanam

2101 2045 2396 2101 Ecclesiam
2428 2044 2608 2099 verbis
2642 2053 2695 2097 et
2724 2042 2942 2114 scriptis
2983 2030 3358 2110 blasphemare
3406 2047 3676 2105 praesum-

2099 2138 2225 2207 psit.
2263 2135 2465 2207 Nempe
2496 2133 2553 2189 S.
2586 2134 2823 2189 Leonem
2847 2148 3044 2204 papam
3072 2147 3180 2185 non
3227 2126 3557 2201 pontificem,
3580 2122 3678 2180 sed
3773 2128 3784 2145 ’

2099 2229 2440 2298 pompilicem
2474 2226 2856 2296 etpulpificem
2894 2222 3210 2294 appellavit;
3263 2228 3512 2283 sanctam
3565 2214 3676 2268 Ro-
3700 2213 3713 2221 ’

2100 2335 2317 2373 manam
2343 2317 2639 2373 Ecclesium
2679 2316 2936 2371 vanitatis
2958 2314 3249 2369 concilium
3295 2319 3349 2365 et
3376 2308 3675 2365 Ecclesiam

2101 2409 2542 2480 malignantinm;
2583 2407 2885 2461 Romanam
2919 2405 3100 2459 sedem
3145 2417 3264 2457 non.
3299 2398 3677 2471 apostolicam,

2101 2498 2194 2552 sed
2226 2498 2409 2551 sedem
2432 2495 2648 2551 Satanae
2677 2494 2836 2549 dictis
2862 2502 2915 2547 et
2940 2490 3159 2561 scriptis
3194 2504 3301 2544 non
3349 2486 3531 2543 timuit
3578 2500 3678 2555 apo

2100 2588 2301 2657 pellare
2324 2575 2528 2658 (H85).
2562 2587 2666 2641 Sed
2696 2584 2944 2640 hazresim
2965 2598 3119 2638 suam
3150 2590 3273 2652 post
3293 2589 3373 2635 tot
3390 2578 3681 2651 synodicas

2102 2679 2478 2734 damnationes
2504 2685 2559 2731 et
2578 2676 2949 2746 abjurationes
2970 2674 3220 2728 clanculo
3248 2688 3344 2741 per
3381 2670 3679 2740 discipulos

2102 2786 2233 2825 suos
2254 2783 2642 2839 usquequaque
2662 2782 2773 2821 non
2792 2765 3028 2822 cessavit
3052 2764 3430 2827 disseminare,
3443 2771 3498 2816 et
3520 2776 3686 2830 quos-

2104 2860 2233 2914 libet
2255 2860 2738 2913 incantameneno
2761 2872 2873 2911 sum
2893 2851 3165 2909 haereseos
3193 2852 3429 2908 inlicere.

2176 2948 2287 3002 \‘ll.
2332 2947 2483 3003 Unde
2506 2947 2831 3003 venerabilis
2855 2962 2993 3016 papa
3033 2928 3705 3011 Alexatuler,'succcssor'

2104 3037 2313 3094 Nicolai
2358 3054 2529 3110 papa,
2563 3038 2758 3093 litteris
2791 3052 2918 3091 eum
2965 3036 3101 3091 satis
3139 3035 3313 3089 amice
3356 3033 3684 3104 prmmonuit

2108 3139 2217 3185 uta
2241 3138 2386 3185 secta
2415 3145 2510 3185 sua
2536 3136 2795 3195 cessaret,
2823 3142 2923 3182 nec
2960 3126 3194 3195 amplius
3219 3133 3462 3180 sanctam
3491 3123 3680 3199 Eccle—

2108 3223 2246 3279 siam
2276 3221 2688 3277 scandalizaret.
2717 3218 2811 3275 llle
2844 3229 3027 3274 autem
3059 3218 3128 3272 ab
3172 3216 3388 3285 incepto
3418 3214 3683 3269 desistere

2108 3313 2301 3379 noluit,
2331 3314 2543 3382 hocque
2567 3312 2746 3381 ipsum
2780 3311 2957 3365 eidem
2985 3308 3283 3380 apostolico
3324 3306 3531 3361 litteris
3565 3306 3683 3361 suis

2108 3404 2428 3459 remandare
2449 3419 2555 3458 non
2590 3402 2773 3457 timuit
2798 3399 3004 3473 (1184).

2179 3494 2312 3549 γιιι.
2334 3492 2676 3565 Quapropter
2698 3491 3172 3548 reverentissimus
3200 3504 3335 3559 papa
3360 3488 3678 3560 Gregorius,

2108 3603 2392 3647 successor
2420 3586 2729 3652 Alexandri,
2754 3570 2950 3639 iterum
2996 3582 3169 3637 eidem
3219 3579 3530 3651 Beringerio
3576 3596 3685 3635 an-

2106 3678 2365 3732 dicntiam
2394 3678 2448 3731 in
2468 3665 2684 3732 duabus
2698 3675 2919 3749 synodis
2929 3672 3270 3745 generalibus
3289 3670 3472 3727 Romae
3491 3670 3681 3741 (N85)

2107 3768 2397 3823 concessit.
2451 3766 2557 3823 Sed
2596 3783 2722 3822 cum
2764 3767 2881 3837 ipse
2929 3750 3133 3822 sectam
3193 3779 3349 3819 suam
3392 3762 3681 3818 catholica:

2108 3861 2231 3917 fidei
2274 3859 2606 3915 contrariam
2654 3858 2919 3927 denegare
2949 3870 3057 3909 non
3090 3862 3294 3924 posset,
3330 3852 3684 3917 iterum‘sub

2102 3952 2416 4020 iuramento
2453 3949 2699 4005 eamdem
2741 3947 3027 4012 abdicare,»
3060 3955 3114 3999 et
3147 3943 3307 3999 fidem
3353 3942 3680 3999 catholicam

2107 4041 2347 4111 profiteri
2371 4040 2589 4110 delegit,
2631 4039 2773 4094 sicut
2801 4039 2856 4093 in
2884 4036 3258 4108 superioribus
3304 4034 3554 4109 conciliis
3592 4033 3682 4091 fc»

2108 4133 2202 4189 cit.
2397 4146 2407 4157 ’
2779 4132 2790 4141 ’

2179 4224 2271 4278 IX.
2312 4223 2416 4279 Tot
2456 4223 2623 4294 igitur
2655 4221 2903 4277 conciliis
2945 4218 3383 4290 Beringerianam
3422 4216 3680 4272 heresim

2109 4314 2420 4369 damnatam
2452 4312 2796 4383 percepimus
2814 4320 2929 4366 tum
2949 4326 3017 4366 ex
3043 4310 3279 4365 fidelium
3304 4308 3569 4365 relatione
3596 4308 3683 4362 vi-

2109 4420 2320 4470 rorum,
2366 4404 2475 4479 qui
2502 4400 2990 4458 eisdemconciliis
3030 4398 3414 4465 interfuerunt,
3448 4407 3562 4453 tum
3610 4414 3683 4455 ex
3728 4389 3739 4397 ’

2110 4495 2329 4565 scriptis
2370 4490 2751 4565 religiosdrum
2789 4492 3053 4558 virOrum,
3097 4490 3192 4561 qui
3238 4489 3306 4544 de
3349 4488 3437 4543 his
3472 4487 3680 4543 fidelis-

436 4580 551 4633 suis
575 4590 776 4634 aeterno
796 4581 1137 4636 anathemate
1163 4581 1356 4651 dignos
1377 4594 1498 4636 esse
1518 4580 1831 4651 pronuntio.
1855 4578 2009 4646 Quod
2041 4592 2088 4652 υ
2114 4588 2252 4642 sime
2285 4586 2640 4657 scripserunt,
2680 4582 2816 4640 Nam
2836 4584 3024 4639 eadem
3051 4581 3279 4638 concilia
3312 4579 3515 4635 nostris
3537 4586 3681 4634 ιω-

508 4798 692 4871 (1480)
733 4797 1003 4871 ξοάέιηηο
1030 4798 1165 4854 1088
1203 4815 1313 4871 quo
1339 4800 1454 4871 hzcc
1494 4801 1694 4871 scripta
1724 4811 1871 4867 sunt,
1893 4802 2006 4871 jam

434 4865 710 4925 defuncto.
738 4865 815 4921 De
835 4865 1137 4923 Turoncasi
1159 4865 1267 4925 hoc
1282 4870 1511 4926 concilio
1528 4865 1635 4926 vid.
1660 4870 1828 4925 Labb.
1852 4865 2006 4936 ιίχ,

436 4956 557 5009 pag.
586 4938 706 5003 108,
733 4953 799 5011 ex
826 4936 1157 4993 Guitmundo
1186 4949 1240 5011 et
1268 4938 1594 5011 Lanfranco,
1627 4942 1829 5011 aliique
1874 4942 2011 4997 scri—

436 5008 878 5130 ptoresupagsim;
908 5024 1009 5063 nec
1036 5024 1145 5064 non
1190 5008 1492 5064 Bernoldus
1524 5008 1580 5079 in
1629 5008 1892 5066 Chronico
1941 5011 2010 5067 ad

438 5095 565 5131 amt.
672 5098 719 5131 ὼ
746 5118 759 5130 .

438 5096 565 5133 ann.
603 5096 626 5130 ‘l
636 5096 759 5131 υύἕ).

479 5146 691 5227 λίψ)
732 5145 860 5227 Scil:
876 5162 972 5227 an
989 5147 1145 5227 1059,
1174 5150 1424 5227 quamvis
1444 5148 1743 5227 ﬁernoldns
1766 5150 1819 5203 in
1844 5150 2014 5227 ριποτ

438 5217 563 5271 nico
590 5217 641 5287 id
669 5231 813 5287 anno
840 5217 976 5271 1000
987 5218 1221 5287 primum
1243 5218 1436 5287 iisdem
1452 5218 1575 5287 fere,
1592 5220 1769 5273 verbis
1791 5218 2021 5273 referat.’

510 5286 694 5367 (“82)
729 5283 1273 5367 loramenttrm_istud
1303 5286 1731 5367 etianlrefertttr
1774 5290 1828 5342 in
1858 5289 2011 5367 _a_c_tis

438 5352 601 5426 hujus
624 5352 841 5426 concilii
864 5356 1007 5425 apud
1039 5352 1311 5411 Labbeum
1345 5366 1383 5411 t.
1421 5356 1490 5410 lx
1516 5356 1749 5419 Concil.,
1772 5373 1825 5426 p.
1852 5358 2009 5422 1112,

436 5424 1081 5498 ctapud_Lan_francum,
1121 5426 1271 5498 good
1313 5426 1639 5498 Bemng‘ario
1687 5424 2013 5481 firmandum

439 5490 635 5567 obtulit
656 5494 988 5567 “umber-tus
1015 5490 1306 5567 cardinalis
1342 5490 1514 5567 jus“;
1527 5512 1681 5567 papa
1710 5512 1741 5550 a
1770 5511 1829 5551 se
1876 5512 2011 5551 con-

440 5565 721 5635 scriptum.
738 5562 927 5635 liocjn
946 5563 1167 5635 literesis
1189 5562 1861 5635 abjur'atiottefaciendum
1876 5582 2013 5635 prte-

436 5632 637 5703 eipitur
661 5634 719 5687 in
754 5632 812 5687 S.
835 5632 1022 5703 Cyrilli
1055 5632 1404 5689 Alexandrini
1430 5633 1667 5703 epistola
1714 5635 1781 5688 ad
1820 5632 2013 5690 Nesto-

439 5704 687 5829 Liuzmgain
714 5704 851 5827 atatis
872 5702 1089 5758 concilii
1129 5704 1385 5774 Ephesini
1425 5702 1591 5758 Lam}.
1624 5703 1817 5758 concil.
1852 5714 1891 5759 t.
1922 5704 2010 5770 Ill,

481 5814 491 5824 .
635 5816 648 5829 .
675 5790 729 5828 η.
805 5814 819 5826 .
1350 5815 1354 5821 .
1936 5815 1942 5821 .

440 5788 491 5840 p.
526 5788 648 5833 aut.
675 5790 729 5828 n.
765 5788 819 5841 τι.
1350 5815 1355 5841 ς
1552 5832 1553 5837 η
1936 5815 1942 5821 .

508 5842 689 5912 (H83)
748 5840 942 5897 Omnia
986 5843 1097 5897 haec
1150 5859 1215 5897 cx
1270 5841 1577 5929 Lanfmnco
1619 5844 1829 5899 abunde
1877 5860 2013 5898 con-

2112 4784 2289 4867 είειηις
2347 4818 2517 4878 esse:
2568 4788 2713 4878 et!!!
2738 4800 3049 4878 Βοςθιιειεὲί
3080 4799 3282 4878 seriae
3308 4800 3375 4856 ad
3406 4816 3509 4878 eos
3541 4816 3680 4878 err-

2110 4868 2394 4927 venerunt.
2428 4871 2663 4927 Lecendi
2681 4872 2783 4926 hac
2805 4872 2873 4927 de
2898 4868 2958 4926 r'e
2978 4869 3183 4927 Natalis
3193 4868 3506 4925 llexander
3538 4868 3679 4924 Hist.

2109 4944 2305 4997 cceles.
2330 4958 2457 4997 stec.
2480 4939 2575 5007 X1,
2599 4942 2815 4997 dissert.
2840 4957 2880 5005 ι,
2906 4940 3122 4997 Bulaaus
3146 4942 3202 4993 in
3236 4940 3373 4994 hist;
3392 4939 3678 5007 universit.

2111 5011 2286 5066 Paris.
2320 5022 2358 5065 t.
2378 5010 2424 5077 l,
2448 5027 2479 5066 a
2508 5005 2792 5080 pag._405,
2825 5026 2890 5067 ac
2922 5009 3150 5064 Rivetus
3172 5005 3681 5079 Maurianusrﬂist.

2113 5027 2286 5094 rjarts.
2320 5027 2358 5065 t.
2381 5027 2424 5077 ι,
2448 5027 2479 5066 a
2508 5027 2722 5133 mw

2111 5082 2274 5138 litter.
2298 5080 2493 5134 Franc.
2522 5090 2561 5133 t.
2707 5120 2722 5133 .

2184 5149 2655 5232 (liftijExcerpto
2676 5148 2941 5232 ﬁernaldo
2964 5148 3147 5232 n_ul_lus
3168 5147 3336 5232 hujus
3454 5148 3687 5232 mentio-

2114 5217 2238 5277 nem
2267 5217 2425 5285 fecit,
2458 5217 2579 5280 nec:
2599 5218 2895 5289 quidquam
2919 5219 3022 5289 sub
3052 5220 3155 5273 hoc
3191 5217 3446 5289 pontifice

2114 5292 2260 5353 hunc
2287 5284 2597 5355 haereticum
2618 5284 2809 5359 actum
2832 5288 3056 5359 legitur,
3082 5284 3368 5359 nisi'quod
3397 5284 3685 5359 lauribus

2114 5359 2565 5441 liothomagensis
2607 5355 3046 5482 arclai‘gpisogus
3079 5355 3377 5437 concilium
3406 5355 3689 5438 adversus

2114 5445 2233 5482 eius
2267 5442 2480 5482 errores
2508 5444 2636 5482 ann.
2671 5428 2695 5482 1
2832 5426 2915 5482 cel
2985 5434 3138 5482 rant.
3168 5433 3229 5481 ut
3259 5426 3451 5480 scribit
3492 5424 3688 5481 ιιιικι-

2112 5430 2233 5499 ejus
2267 5424 2480 5499 errores
2508 5444 2636 5483 ann.
2671 5424 2811 5499 1965
2832 5424 3138 5499 celebrarit,
3168 5433 3229 5481 ut
3259 5426 3451 5499 scribit
3492 5424 3688 5496 uanu—

2114 5494 2296 5555 lonius
2323 5497 2566 5553 Analect.
2594 5513 2649 5567 p.
2696 5497 2837 5561 5M;
2864 5494 3007 5564 quod
3052 5503 3252 5551 tamen.
3278 5495 3369 5549 alii
3404 5494 3521 5564 jam
3546 5508 3685 5550 ann.

2114 5568 2255 5623 i055
2278 5567 2479 5637 factum
2510 5567 2750 5637 volunt,
2822 5631 2855 5637 Α
3186 5635 3199 5637 _
3222 5632 3308 5637 Αμ
3422 5631 3436 5637 ,
3460 5633 3474 5637 _
3654 5636 3657 5637 ν

2124 5684 2143 5708 ._
2188 5637 2371 5708 (1485)
2594 5653 2627 5691 x
2658 5635 2774 5708 Kal.
2994 5648 3123 5708 ann.
3166 5632 3341 5708 _l(l_78,
3383 5631 3501 5698 ubi,

2114 5700 2383 5762 Bernoldo
2409 5708 2477 5774 i'n.
2495 5705 2787 5767 Chronico,
2810 5700 3125 5830 Βαίτιξέιὲ
3158 5704 3387 5758 induci:
3419 5718 3587 5774 usque
3613 5704 3692 5758 ad

2114 5778 2352 5830 proxim
2394 5778 2633 5830 futuram
2672 5774 2931 5830 synodum
3151 5779 3298 5830 sunt.
3326 5786 3452 5830 quae
3494 5787 3692 5830 mam

2101 5774 3468 5925 ,tznmil'xszsaz'm1":deum:
3494 5787 3695 5901 ¹¹³¹³³ῗ⁴⁷
