3970 6340
303 437 438 492 “37

1169 439 1453 495 APPEND.
1495 441 1580 496 Ill.
1619 472 1687 481 --
1725 441 2150 498 MONUMENTA
2189 442 2650 499 GRE‘EORIANA.

3399 444 3530 494 Hi2

303 552 525 619 poribus
555 551 693 606 infra
722 553 1072 622 quadraginta
1096 571 1268 609 annos
1295 557 1559 611 celebrata
1587 558 1862 626 reperiur-
1896 565 1934 617 Λ
1967 562 2092 629 quia
2109 561 2260 628 juxta
2289 562 2642 614 assertionem
2675 560 2729 613 S.
2769 563 3056 629 Augustini
3079 563 3258 615 omnis
3287 561 3528 614 tlatliuit-

302 654 410 706 tur,
441 643 585 711 quod
616 643 741 696 anni
785 644 853 696 ab
899 646 1120 698 exordio
1165 648 1508 714 pontiﬁcatus
1566 647 1620 700 S.
1669 647 1862 700 Leonis

304 730 418 798 (IX)
451 747 600 800 papa:
633 747 804 800 usque
843 735 895 786 in
923 744 1239 801 pz'mscntem
1262 751 1461 790 annum
1501 737 1680 807 (H86)
1709 753 1860 791 com-

303 829 580 887 putantur,
637 823 850 890 qui‘est
897 824 966 876 ab
1011 823 1381 893 lncarnatione
1438 825 1648 879 Domini
1703 827 1856 880 {088.

305 907 456 964 [nde
512 919 566 964 et
629 913 805 965 adhuc
864 913 1016 966 multi
1067 914 1254 968 vivunt
1309 916 1399 984 qui
1456 916 1659 969 eisdem
1725 932 1859 970 con-

302 1001 446 1053 ciliis
487 1001 867 1068 interfucrunt,
911 1005 1005 1073 qui
1039 1015 1091 1058 et
1113 1005 1267 1059 nobis
1293 1006 1358 1059 de
1383 1006 1588 1060 eisdem
1615 1007 1860 1060 conciliis

303 1089 612 1144 fidelissime
639 1093 901 1146 testiﬁcati
942 1103 1086 1148 sunt.
1127 1091 1336 1149 Ultimae
1379 1112 1594 1166 quoque
1623 1097 1858 1165 generali

303 1182 510 1250 synodo
533 1182 635 1236 sub
665 1181 922 1252 Gregorio
951 1200 1084 1253 papa
1127 1187 1357 1254 septimo
1385 1203 1528 1240 anno
1569 1186 1861 1240 Dominica:

305 1270 692 1327 incarnationis
729 1274 884 1340 1089,
920 1290 1018 1328 nos
1061 1276 1161 1344 ipsi
1193 1276 1533 1330 interfuimus
1575 1277 1777 1344 (H87),
1809 1284 1863 1330 et

302 1363 558 1429 vidimus,
587 1365 802 1433 quando
849 1365 1192 1434 Beringerius
1222 1366 1275 1419 in
1307 1367 1479 1420 media
1507 1367 1709 1436 synodo
1732 1383 1860 1419 con-

301 1453 461 1518 stitit,
482 1461 536 1508 et
579 1455 828 1508 hmresim
859 1457 925 1510 dc
966 1471 1191 1525 corpore
1240 1457 1469 1520 Domini,
1514 1457 1652 1510 sicut
1697 1472 1859 1524 supra

301 1544 558 1608 diximus,
581 1560 762 1600 coram
791 1547 1042 1601 omnibus
1056 1548 1283 1616 propriae
1307 1563 1498 1601 manus
1522 1556 1861 1601 sacramento

303 1635 571 1690 abdicavit
603 1654 615 1689 :
650 1637 895 1690 viJelicet
931 1637 1034 1691 sub
1079 1639 1360 1705 praesentia
1408 1638 1648 1708 Gregorii
1690 1653 1857 1706 papzc,

303 1724 542 1781 lleiurici
561 1728 880 1797 patriarcha:
899 1727 1278 1796 Aquileiensis,
1307 1739 1356 1783 et
1393 1730 1858 1783 reverentissimo-

300 1831 423 1870 rum
435 1819 806 1888 episcoporum
820 1818 962 1874 Petri
981 1818 1319 1884 Albanensis,
1334 1820 1390 1872 Β.
1408 1821 1642 1875 Anselmi
1660 1819 1860 1874 Lucen-

1964 667 2061 704 cus
2091 663 2314 704 securus
2361 668 2476 704 eam
2505 652 2822 715 detestatur,
2853 653 2938 706 cui
2980 652 3272 706 Ecclesium
3311 653 3516 705 univcr-

1964 741 2130 793 salem
2162 742 2215 794 in
2251 743 2560 810 apostolicis
2595 741 2812 794 sedibus
2859 743 3165 795 roboratam
3214 758 3320 794 non
3377 759 3531 795 com-

1963 830 2240 884 municare
2290 833 2582 900 cognoscit.
2645 829 2772 884 Item
2823 833 3157 900 Augustinus
3216 833 3272 894 (Ι.
3325 847 3397 883 vn
3457 831 3530 882 De

1963 918 2233 986 baptism,
2265 937 2384 989 cap.
2411 921 2500 987 55)
2526 939 2539 973 ;
2568 919 2632 972 Id
2654 930 2847 982 autem,
2888 921 3080 988 inquit,
3110 921 3307 988 ﬁducia
3332 935 3532 971 securae

1962 1011 2099 1061 cocis
2130 1027 2357 1063 asserere
2385 1027 2619 1063 securum
2647 1020 2744 1073 est,
2776 1011 2911 1078 quod
2944 1012 2997 1062 in
3025 1010 3392 1078 gubernatione
3425 1006 3528 1060 Do-

1963 1099 2089 1150 mini
2114 1098 2209 1152 Dei
2238 1102 2402 1152 nostri
2435 1110 2484 1152 et
2525 1099 2816 1153 Suft'atoris
2840 1099 2965 1152 Jesu
2992 1101 3189 1152 Clitiin
3223 1101 3526 1152 anirersclis

1964 1185 2213 1242 Ecclesia:
2243 1191 2575 1242 consensione
2604 1191 2685 1242 τοι
2717 1200 2900 1242 mlum
2937 1201 3031 1242 est.
3062 1189 3171 1242 Hoc
3201 1191 3383 1258 utique
3407 1191 3527 1258 qui—

1963 1278 2411 1332 libctCatholicus
2433 1279 2700 1347 simplicito
2725 1296 2748 1330 r
2777 1279 2991 1347 sapiens
3017 1288 3069 1330 ct
3094 1279 3363 1345 sapienter
3393 1279 3526 1330 sim-

1962 1367 2081 1434 plex
2109 1369 2238 1422 dum
2285 1369 2508 1423 ﬁdeliter
2536 1369 2782 1431 attendit,
2831 1369 3202 1422 cavillationes
3247 1367 3527 1422 litel'etico-

1962 1473 2104 1521 rum,
2140 1474 2373 1526 quorum
2406 1475 2584 1512 sermo
2615 1468 2672 1513 ut
2701 1474 2894 1512 cancer
2928 1459 3114 1526 serpit,
3143 1459 3306 1511 etiam
3340 1458 3526 1511 audire

1961 1549 2285 1613 contemnit;
2333 1549 2461 1601 dum
2495 1559 2702 1602 tantum
2745 1564 2968 1602 securus
3018 1549 3087 1601 sit
3137 1549 3264 1617 quid
3309 1548 3527 1600 credere

1961 1637 2152 1689 debeat
2171 1639 2324 1705 juxta
2362 1638 2459 1691 SS.
2493 1638 2711 1694 Patrum
2737 1641 3132 1692 attestatiouem
3174 1649 3225 1692 et
3252 1638 3525 1692 universa-

1961 1725 2065 1778 lem
2097 1725 2352 1782 Ecclesia:
2391 1729 2824 1783 consensionem.

2033 1815 2120 1869 XI.
2166 1815 2227 1870 Et
2251 1832 2349 1872 nos
2372 1835 2587 1887 quoque
2636 1818 2942 1887 hujusmodi
2984 1818 3320 1886 simplicibus
3344 1819 3397 1872 in
3424 1818 3525 1872 hac

300 1898 1292 1982 sis,LaridulﬁdePisa,Reginheriitlc
1314 1911 1856 1982 FlorentiaJlugonis
1891 1911 1928 1967 Β
1960 1905 2212 1960 schedula
2237 1907 2548 1962 satisfacere
2580 1911 2979 1977 proposuimus,
3013 1909 3255 1962 videlicet
3279 1909 3522 1962 testiino-

303 1997 536 2065 Diensis,
574 2001 846 2055 Altmanni
885 2001 1238 2067 Pataviensis,
1266 2012 1320 2056 et
1360 2005 1690 2072 reliquorum
1733 2020 1859 2058 ceu-

301 2099 416 2162 tum
445 2093 831 2162 quinquaginta
856 2095 1231 2162 episcoporum
1253 2102 1305 2147 et
1325 2095 1601 2162 abbatum,
1628 2105 1680 2150 ct
1702 2097 1861 2149 innu-

297 2179 640 2239 merabilium
666 2185 1008 2238 clericorum.

371 2273 439 2328 Χ.
483 2273 687 2328 Horum
717 2275 880 2343 igitur
923 2275 1276 2330 conciliorum
1311 2284 1416 2329 tam
1450 2277 1779 2346 generalium
1808 2285 1862 2330 et

300 2365 597 2434 apostolica
634 2365 952 2418 auctoritate
979 2374 1087 2418 tam
1132 2365 1499 2434 principaliter
1525 2367 1860 2420 tlrmatorum

301 2455 612 2509 sanctiones
634 2464 820 2509 contra
842 2453 1275 2523 Beringerianam
1299 2455 1546 2509 haeresim
1571 2456 1725 2509 nobis
1747 2455 1858 2510 suf-

306 2542 699 2608 ticere'debent,
724 2557 846 2596 cum
880 2541 978 2595 SS.
1007 2541 1192 2597 Patres
1225 2544 1387 2597 etiam
1411 2545 1572 2597 unius
1597 2547 1861 2614 generalis

304 2633 517 2691 concilii
579 2633 950 2687 auctoritatem
1011 2642 1199 2687 contra
1263 2635 1558 2704 quamlibet
1615 2637 1860 2691 haeresim

305 2723 550 2777 sufﬁcere
586 2730 887 2786 censerent,
915 2723 1061 2790 quod
1105 2731 1283 2776 tamen
1325 2725 1612 2777 concilium
1662 2723 1862 2779 Roma-

307 2829 409 2867 nus
446 2811 681 2880 pontifex
712 2826 818 2865 non
854 2827 950 2880 per
977 2827 1054 2882 se,
1090 2813 1181 2866 sed
1214 2826 1308 2880 per
1354 2827 1486 2866 suos
1523 2813 1725 2883 legatos
1767 2815 1859 2868 ﬁr-

305 2911 524 2956 masset.
558 2901 646 2957 Sic
669 2903 813 2957 enim
851 2901 1128 2957 Niczenum
1147 2903 1434 2957 concilium
1476 2912 1660 2957 contra
1704 2903 1862 2958 Aria-

305 3009 425 3058 nos,
461 2992 1120 3062 Constantinopolitanum
1170 3002 1358 3068 contra
1406 2994 1819 3052 Macedonianos
1844 3039 1859 3061 ,

307 3079 632 3149 Ephesinum
660 3089 848 3135 contra
870 3079 1232 3147 Nestorianos,
1271 3082 1704 3138 Chalcedonense
1729 3088 1860 3139 co'n-

303 3177 385 3224 tra
435 3167 868 3240 Eutychianistas
925 3171 1167 3225 sutIicere
1212 3180 1564 3225 statuerunt:
1628 3189 1858 3242 quorum

306 3258 510 3311 nullum
538 3258 766 3312 Romani
788 3259 1081 3328 pontiﬁces.
1112 3268 1207 3333 per
1235 3276 1293 3316 se
1319 3261 1413 3316 sed
1444 3277 1538 3330 per
1563 3278 1690 3317 suos
1711 3265 1858 3334 lega-

300 3355 387 3400 tos
410 3347 880 3402 canonizaverunt.
924 3348 1093 3404 Multo
1119 3351 1291 3420 magis
1317 3366 1446 3422 ergo
1477 3352 1631 3405 nobis
1679 3355 1860 3421 plures

301 3437 489 3506 synodi
523 3438 798 3506 generales
825 3447 1013 3493 contra
1035 3440 1394 3494 unam-solam
1423 3441 1669 3495 harresiin
1709 3443 1858 3496 suill-

259 3567 273 3583 ._
299 3527 424 3579 ‘cere
456 3524 671 3591 debent,
712 3525 909 3594 quibus
947 3527 1049 3595 ipsi
1092 3515 1322 3600 Romani
1369 3529 1648 3598 pontiﬁces
1696 3530 1860 3583 inter-

259 3600 558 3681 'faerunt,
598 3622 654 3670 et
717 3615 864 3685 ipsas
923 3619 1332 3686 praesentialiter
1394 3620 1688 3688 apostolica
1762 3637 1860 3675 au-

300 3705 980 3761 ctoritateﬁrmaverunt:
1023 3709 1322 3777 praesertim
1377 3725 1502 3764 cum
1538 3709 1643 3780 ipsi
1697 3709 1752 3764 in
1782 3719 1860 3765 tot

300 3794 520 3863 synodis
550 3796 618 3850 ab
645 3796 874 3851 invicem
915 3813 1024 3852 non
1055 3799 1502 3868 diserepaverint,
1542 3800 1636 3855 sed
1671 3815 1858 3857 omnes

299 3883 626 3938 unanimiter
652 3883 1086 3954 Beringerianam
1115 3888 1362 3942 haeresim
1399 3889 1452 3941 in
1477 3889 1705 3944 diversis
1726 3905 1859 3945 con-

299 3973 439 4050 ciliis
492 3971 593 4026 sub
645 3973 986 4029 anathemate
1038 3975 1432 4051 dpmnaverint.
1491 3977 1859 4034 lndubitanter

301 4048 432 4118 sane
455 4063 677 4117 cuilibet
704 4062 1008 4130 Catholica,
1034 4048 1126 4134 qui
1157 4079 1274 4119 non
1293 4079 1453 4120 omne
1491 4067 1634 4136 quod
1687 4069 1858 4123 credit

299 4153 600 4208 rationibus
637 4154 1087 4222 comprehendere
1143 4157 1452 4225 quzerit,,ut
1485 4157 1616 4212 ﬁdes
1661 4159 1858 4214 habeat

300 4244 574 4310 meritum,
597 4245 684 4298 cui
706 4243 938 4298 humana
971 4246 1108 4300 ratio
1150 4261 1260 4301 non
1284 4247 1374 4301 dat
1406 4249 1854 4318 experimentum,

300 4335 390 4389 illa
424 4333 644 4404 inquam
685 4335 947 4390 catholica
989 4343 1069 4390 tot
1107 4338 1376 4407 generalia
1418 4341 1725 4407 apostolicae
1761 4357 1858 4396 au-

299 4425 566 4480 ctoritatis
603 4425 829 4480 concilia
869 4426 1239 4482 contra'banc
1280 4428 1528 4484 haeresim
1569 4429 1853 4497 sufﬁciant,

399 4657 551 4728 ιιδρ)
588 4656 708 4728 Quo
729 4659 932 4715 scilicet
952 4659 1067 4714 haec
1095 4659 1294 4728 scripta
1321 4668 1465 4715 sunt.

395 4725 551 4788 1487)
589 4725 744 4781 Patet
779 4728 910 4781 hinc.
943 4729 1083 4782 ratio
1123 4725 1222 4783 cur
1249 4729 1544 4784 Bernoldus
1587 4731 1643 4786 in
1679 4732 1852 4788 Chros

299 4795 422 4877 nico
450 4795 688 4848 auctiore
713 4795 781 4876 de
813 4797 1146 4877 igua-synodo
1171 4798 1299 4877 anni
1323 4798 1457 4852 1079
1492 4799 1617 4877 talia
1652 4803 1849 4857 retule-

296 4865 388 4930 rit,
419 4879 546 4934 quazi
583 4863 830 4932 nuspiam
870 4863 998 4921 alibi
1021 4865 1292 4934 leguntur,
1321 4881 1385 4920 ac
1414 4868 1697 4924 manifeste
1721 4887 1854 4928 ocu-

297 4933 464 5003 larem
502 4933 658 5003 eique
676 4943 995 5000 praesentem
1023 4933 1213 4987 testem
1244 4936 1492 5003 produnt.
1518 4938 1849 4996 Cretiderim

297 5000 618 5080 Bernalduin
647 5016 1036 5080 ceu_eanonum
1061 5000 1450 5080 peritissimqm
1479 5005 1706 5080 Romam
1730 5027 1852 5080 per-

296 5072 508 5148 venisse
541 5071 594 5148 in
628 5071 882 5148 comitatu
923 5069 1343 5148 siveﬁltmanni
1365 5073 1703 5148 Pataviensis
1730 5069 1852 5148 'epi-

296 5139 449 5208 scopi
479 5149 533 5194 et
575 5140 732 5215 legati
774 5139 1075 5215 apostdlici,
1133 5141 1246 5215 sive
1295 5142 1502 5198 abbatis
1532 5139 1848 5215 Augiens'is,

297 5220 458 5280 quem
482 5209 682 5280 pariter
737 5209 809 5280 ad
848 5210 998 5280 illam
1041 5210 1308 5280 synodum
1334 5209 1851 5280 perrexisse'scribit

298 5272 354 5348 in
387 5272 646 5348 Chronico
670 5278 908 5332 auctiore
937 5278 1002 5332 ad
1029 5272 1088 5331 εἶ
1111 5294 1162 5330 a.
1207 5272 1382 5348 Atque
1425 5281 1527 5335 hac
1568 5284 1850 5339 occasione

299 5340 557 5422 Gregorio
583 5359 733 5412 papa:
754 5347 1055 5422 innotuisse
1071 5340 1308 5422 _videtur:
1339 5348 1657 5415 Bernaldus,
1692 5354 1848 5422 cujus

297 5410 604 5491 deinojussu
635 5410 760 5490 ann.
805 5416 1032 5491 {0843b
1061 5416 1255 5491 Ottone
1292 5418 1465 5491 legato
1492 5410 1776 5491 presbyter:
1795 5432 1850 5476 et

299 5486 725 5561 pmnitentiarius
761 5487 1085 5561 apostolicus
1108 5486 1208 5540 fuit
1228 5486 1526 5556 ordinatus,
1560 5500 1614 5544 ut
1646 5486 1760 5561 ipse
1781 5493 1847 5546 de

297 5545 438 5600 sein
461 5546 728 5602 Chronico
765 5545 976 5607 fatetur.
1053 5595 1057 5601 .

369 5614 549 5696 (M8?)
573 5611 862 5696 Praecessit
886 5621 1217 5696 igitur‘aliud
1252 5624 1497 5681 Bcrnaldi
1525 5630 1844 5696 opusculum

299 5683 375 5736 De
395 5683 618 5763 veritate
643 5688 885 5753 corporls
910 5683 1187 5763 ἶ)οωὶῃὶρὶ
1224 5711 1288 5749 ex
1332 5696 1428 5749 SS.
1456 5683 1670 5751 Patrum
1697 5683 1846 5752 testi-

299 5760 496 5806 montis
524 5768 621 5822 pro
651 5771 798 5809 more
824 5767 923 5810 suo
966 5760 1365 5831 concinnatum,
1415 5768 1568 5837 cujus
1609 5769 1694 5822 hic
1739 5777 1848 5822 tra-

1883 4528 1933 4587 ο

1961 1997 2047 2049 nia
2083 1996 2180 2051 SS.
2207 1997 2426 2052 Patrum
2452 1999 2517 2052 de
2543 1999 2770 2052 veritate
2804 2001 3049 2068 corporis
3087 1998 3350 2054 Dominiei
3393 2000 3524 2054 sim-

1961 2086 2169 2154 pliciter
2202 2098 2582 2157 proponentes,
2615 2097 2665 2142 et
2695 2090 2978 2156 synodalcs
3003 2089 3395 2160 Beringerianze
3419 2091 3522 2142 hzc-

1962 2192 2143 2233 reseos
2194 2178 2569 2232 damnationes
2618 2180 2845 2232 ﬁdeliter
2893 2181 3270 2233 subnectentes
3317 2180 3518 2245 (H882.

1960 2266 2068 2323 Nec
2096 2271 2462 2323 necessarium
2490 2270 2646 2324 nobis
2673 2270 2974 2336 videbatur,
3000 2281 3059 2324 ut
3084 2271 3385 2341 singulares
3425 2270 3520 2323 iic—

1958 2357 2176 2428 ringcrii
2225 2359 2426 2414 nenias
2465 2373 2926 2424 enumeraremus,
2955 2371 3009 2414 et
3033 2370 3376 2416 enumeratos
3415 2363 3495 2413 sit:

1961 2449 2218 2518 gulariter
2264 2449 2702 2503 annullaretnus:
2741 2451 3040 2518 pnesertim
3091 2467 3214 2504 cum
3270 2451 3523 2505 eruditis—

1962 2537 2084 2589 simi
2108 2537 2376 2602 doctores,
2409 2536 2766 2601 Laufrancus,
2809 2539 3051 2607 inquam,
3081 2548 3136 2593 et
3159 2539 3522 2596 Christianus.

1963 2628 2124 2680 ambo
2160 2628 2421 2698 religione
2460 2637 2514 2683 et
2555 2629 2859 2683 eruditione
2915 2631 3367 2685 Christianissimi
3417 2648 3524 2684 non

1963 2717 2134 2770 multo
2171 2726 2293 2784 post
2329 2719 2569 2787 episcopi
2614 2719 2819 2788 (“89),
2843 2721 2910 2774 de
2959 2721 3044 2776 his
3091 2720 3524 2776 enueleatissimte

1963 2805 2300 2874 scripserint,
2343 2817 2395 2862 et
2431 2809 2675 2879 singulas
2711 2811 3038 2866 authenticis
3072 2811 3526 2864 rationibusinvi-

1963 2897 2206 2952 ctissime
2242 2899 2678 2969 proscripserint.
2713 2899 2931 2954 Illorum
2972 2903 3174 2970 quippe
3211 2901 3332 2954 libri
3360 2902 3522 2955 etiam

1962 2988 2349 3044 curiosissimis
2396 2991 2848 3059 perquisitorilnts
2891 2993 3135 3047 sullicere
3183 3001 3429 3062 possunt,
3469 3003 3526 3046 ut

1963 3079 2205 3148 singulas
2249 3081 2719 3150 tergiversationes
2760 3065 3053 3151 Beriugerii
3101 3083 3521 3151 deprehendant,

1961 3173 2015 3220 et
2038 3166 2237 3235 quibus
2285 3167 2583 3222 rationibus
2627 3169 2916 3224 annullata:
2958 3170 3086 3236 sint,
3133 3181 3527 3240 consequenter

1962 3265 2275 3327 agnoscant.
2309 3257 2426 3312 Non
2470 3274 2597 3330 ergo
2641 3260 3006 3314 necessarium
3056 3260 3158 3314 fuit
3192 3269 3252 3314 ut
3282 3276 3382 3315 nos
3408 3263 3526 3316 illas

1955 3348 2067 3417 jam
2091 3349 2487 3418 aliquantulum
2531 3351 2735 3418 sepitas
2758 3359 2812 3404 et
2853 3351 2904 3404 in
2928 3348 3195 3405 teter-num
3238 3351 3524 3420 sapientius

1958 3439 2330 3492 enumerando
2404 3439 2794 3493 suscitaremus
2827 3479 2842 3503 ,
2916 3447 2970 3492 et
3048 3447 3172 3506 post
3239 3440 3524 3508 synodicas

1957 3524 2331 3580 damnationes
2369 3526 2564 3580 iterum
2614 3540 2740 3580 cum
2790 3526 2870 3581 eis
2919 3527 3310 3581 catholicorum
3364 3544 3524 3584 ames

1958 3614 2374 3670 otl‘enderemus.
2833 3639 2836 3641 λ
3199 3615 3202 3618 ’

2031 3703 2143 3758 XII.
2185 3705 2309 3761 ilzec
2348 3719 2528 3762 autem
2572 3708 2626 3762 in
2657 3709 2760 3763 ﬁde
2799 3710 3070 3765 schedula:
3103 3712 3530 3780 simplicioribus

1959 3793 2235 3870 fratribus,
2269 3798 2439 3852 nostri
2489 3800 2708 3868 inquam
2748 3801 3018 3855 similibus
3058 3802 3240 3870 (H90)
3288 3801 3524 3855 fraterna

1956 3869 2367 3952 praemonitione
2395 3889 2760 3957 wggerimus,
2801 3899 2861 3942 ut
2889 3869 3301 3959 diligentissime
3330 3891 3523 3959 prteri-

1956 3973 2118 4025 deant
2137 3987 2204 4026 ne
2230 3974 2440 4041 uspiam
2466 3975 2732 4029 haeretica:
2753 3979 3096 4045 persuasioni
3125 3989 3314 4035 contra
3343 3982 3506 4036 catho

1955 4060 2115 4114 licam
2154 4070 2208 4116 et
2240 4064 2589 4132 apostolicam
2633 4065 2791 4119 ﬁdem
2834 4069 3169 4136 assentiant;
3205 4085 3331 4124 nam
3368 4072 3524 4140 juxta

1955 4151 2278 4221 Apostolum
2301 4154 2558 4210 facientes
2575 4165 2626 4210 et
2650 4159 3051 4214 consentientes
3070 4175 3165 4230 par
3185 4176 3344 4230 paena
3368 4177 3522 4214 com-

1957 4243 2229 4311 plectitur,
2258 4253 2313 4300 et
2333 4245 2486 4315 juxta
2527 4245 2590 4300 Β.
2637 4247 2914 4302 GelasiJm
2962 4263 3156 4305 omnes
3206 4252 3518 4321 complices,

1957 4344 2251 4406 sectatores
2281 4347 2335 4392 et
2363 4338 2852 4392 communicatores
2894 4339 3166 4396 damnatas
3202 4343 3368 4396 semel
3394 4359 3520 4412 pra-

1956 4426 2136 4480 vitatis
2159 4429 2278 4502 pari
2313 4436 2457 4482 sorte
2484 4439 2802 4494 censentur;
2827 4437 2880 4482 et
2903 4428 3066 4499 juxta
3091 4431 3148 4486 S.
3173 4432 3521 4490 Ambrosium

1957 4665 2191 4720 ctatulus
2212 4665 2276 4720 de
2298 4665 2594 4738 Bermgarii
2622 4667 2968 4738 damnatione
2992 4666 3227 4738 nonnisi
3252 4669 3518 4737 appendix

1955 4745 2189 4817 erat-aut
2212 4735 2485 4817 praefatio:
2513 4735 2784 4817 {ac-turam
2814 4735 2958 4817 illius
2991 4735 3045 4787 in
3071 4735 3520 4817 praevio’niouito

1963 4803 2372 4873 ‘leploravimus,
2403 4804 2548 4873 quod
2582 4803 2998 4873 deprehendisse
3039 4804 3175 4858 mihi
3207 4806 3357 4861 visus
3397 4824 3518 4864 sum

1958 4870 2447 4945 i__u"eoder_n_cod_ice
2477 4870 2894 4945 Weingartensi,
2934 4874 2986 4926 in
3004 4889 3124 4945 quo
3165 4875 3283 4929 alia:
3321 4879 3516 4945 pariter

1959 4941 2203 4994 Bernaldi
2231 4941 2636 5011 lucubrationes
2673 4945 2924 5009 superius
2952 4941 3110 4997 edita}
3153 4941 3516 5011 continentur,

1957 5011 2049 5083 ubi
2071 5011 2179 5062 duo
2193 5010 2431 5083 ejusdem
2460 5014 2759 5083 argumenti
2785 5021 3044 5083 tractatus
3065 5015 3258 5082 reperi,
3284 5010 3514 5083 quorum

1957 5078 2163 5146 primus
2193 5079 2336 5150 sine,
2365 5078 2782 5150 titulo'incipit:
2822 5081 2897 5133 De
2937 5078 3148 5150 corpore
3192 5078 3401 5135 Domini
3441 5084 3515 5136 sic

1957 5156 2258 5220 opportune__
2290 5148 2809 5220 videturuagendum,
2859 5160 2998 5215 etc.;
3028 5148 3109 5203 'in
3167 5168 3276 5220 quo
3329 5153 3514 5207 eadem

1954 5214 2172 5287 quaque
2224 5214 2531 5287 Bereugarii
2571 5214 2860 5287 'abjuratio
2917 5214 3130 5274 exstat:
3186 5214 3320 5273 alter
3362 5235 3514 5286 vero,

1953 5299 2049 5338 seu
2081 5283 2503 5358 Quaestiones'de
2553 5283 2764 5358 corpore
2803 5289 3032 5353 Domini,
3073 5290 3266 5358 prioris
3298 5283 3514 5344 nonnisi

1953 5354 2289 5407 continuatio
2319 5363 2419 5408 est.
2465 5354 2600 5410 Cum
2643 5354 2777 5412 vero
2819 5369 3003 5413 neuter
3046 5354 3239 5410 nomen
3275 5359 3513 5413 auctoris

1953 5420 2222 5542 praeferat,
2274 5438 2339 5476 ac
2383 5425 2603 5494 insuper
2642 5443 2671 5480 a
2727 5429 2866 5498 stylo
2909 5427 3153 5506 Bernaldi
3200 5426 3509 5507 abhorreat,

1972 5507 2042 5542 uc
2067 5494 2382 5542 Inserendos
2420 5495 2561 5542 haud
2589 5496 2863 5542 duximus-
2900 5504 3001 5542 ets:
3033 5495 3150 5542 luce
3187 5495 3400 5542 publica
3431 5497 3509 5542 ὼ.

1972 5491 2042 5543 iie
2067 5491 2382 5547 inserendos
2419 5491 2562 5549 haud
2589 5491 2864 5561 duximus,
2900 5496 3001 5548 etsi
3033 5495 3150 5547 luce
3187 5495 3400 5562 publica
3431 5491 3513 5550 di-l

1947 5574 2098 5628 gnos.

2021 5627 2203 5700 (H89)
2245 5629 2318 5700 De
2349 5632 2435 5687 his
2464 5633 2619 5700 plura
2661 5641 2842 5686 notata
2867 5647 3029 5700 supra
3059 5642 3170 5686 not.
3207 5633 3362 5686 ΗΠ.

2020 5696 2202 5772 ((490)
2245 5696 2485 5772 Similem
2520 5701 2759 5772 phrasim
2807 5696 3053 5756 Bern—aldi
3086 5702 3263 5757 videre
3305 5706 3506 5772 passim

1949 5775 2026 5821 est
2057 5767 2108 5819 in
2139 5769 2346 5823 caeteris
2375 5772 2493 5842 ejus
2516 5767 2808 5839 opusculis.
