4214 6450
302 395 654 408 “*‘—‘
682 388 1293 403 *‘ﬁ—ﬂ-
1999 374 2823 389 ————-—-———-o—‘—m-._--_-
2864 373 2885 379 _.
2926 372 2953 377 μγ
2978 372 2987 375 -
3016 370 3034 375 _
3099 369 3224 376 ____
3316 367 3345 377 .-

1200 434 1255 437 ν.
1328 434 1341 437 ι
1432 431 1465 436 ..
1584 428 1689 435 _.__——
1736 427 1899 431 7,7,...
1970 425 2057 429 .f-
2126 424 2229 430 --ι
2278 422 2389 427 -ηνο
2584 422 2595 425 η
2718 420 2731 425 ,.,
2965 416 2971 420 .
3030 415 3037 418 ν
3108 414 3113 418 -
3222 412 3391 419 ,-.-η-...ν

758 593 1359 713 JOANNIS
1451 588 2010 708 BOlVlNl
2098 582 2520 698 DEDIC
2546 579 2927 694 ATiO.

1461 1006 1687 1069 LUDO
1702 1004 1892 1066 VICO
1938 1002 2261 1066 MAGNO.

306 1234 423 1297 Res
451 1248 677 1312 gerere
704 1236 769 1293 et
810 1227 982 1309 leges
1014 1226 1167 1288 dare
1212 1222 1469 1302 papulis
1519 1222 1771 1300 regium
1804 1224 1921 1284 est.
1962 1218 2038 1277 At
2069 1232 2195 1277 non
2242 1224 2465 1278 cmtera
2509 1214 2748 1287 omnia,
2784 1214 3035 1275 tametsi
3071 1210 3291 1273 minus
3326 1208 3488 1272 illu-

230 1336 373 1397 stria
433 1342 611 1407 sunt,
672 1332 769 1393 sic
826 1326 1150 1409 principes
1212 1316 1479 1405 magnos
1541 1322 1875 1393 dedecent,
1924 1328 1993 1382 ut
2055 1322 2293 1383 artium
2356 1336 2621 1400 quoque
2679 1325 2740 1380 et
2790 1315 3207 1379 scientiarum
3269 1325 3489 1373 coram

235 1439 573 1517 negligere,
613 1436 988 1512 litterasque
1021 1439 1082 1492 et
1118 1428 1317 1489 libros
1348 1424 1679 1507 aSpernari
1733 1422 2028 1485 debeant.
2081 1423 2217 1485 Hoc
2268 1432 2437 1486 certe
2474 1420 2644 1500 apud
2686 1436 2913 1481 omnes
2962 1420 3231 1489 constat,
3272 1414 3490 1517 Histo-

236 1515 462 1600 riarum
501 1535 846 1597 lectionem
878 1532 1099 1594 utilem
1133 1530 1482 1595 admodum
1515 1523 1981 1603 otfrugifcram
2015 1540 2158 1584 esse
2187 1521 2676 1601 imperantibus.
2705 1520 2951 1595 itaque,
2988 1516 3121 1577 Rex
3151 1515 3500 1594 Augustis-

232 1642 405 1713 sime,
439 1639 553 1718 qui
591 1637 786 1716 hujus
825 1633 1081 1713 generis
1144 1633 1343 1691 libros
1399 1627 1687 1693 oblatum
1760 1627 1907 1688 Tibi
1970 1626 2265 1694 veniunt,
2328 1624 2410 1685 iis
2462 1622 2633 1702 justa
2692 1620 2853 1682 ratio
2913 1636 3040 1680 non
3104 1618 3309 1691 deest,
3370 1633 3497 1695 qua

233 1742 555 1802 audaciam
587 1755 767 1799 suam
803 1741 1147 1805 excusent;
1186 1749 1401 1812 neque
1438 1730 1600 1791 adeo
1655 1727 1890 1789 mirum
1946 1728 2251 1807 cuiquam
2284 1742 2427 1787 esse
2458 1725 2673 1796 debet,
2713 1722 2885 1802 quod
2941 1737 3062 1797 ego
3111 1718 3227 1780 hos
3280 1734 3499 1780 rerum

238 1841 724 1921 liyzantinarum
760 1834 1272 1898 Commentarios
1304 1832 1620 1911 Majestati
1659 1833 1814 1892 Tum
1860 1830 2065 1892 ausim
2108 1828 2365 1890 offerre.
2402 1826 2749 1889 Enimvero
2807 1841 2928 1895 me,
2976 1822 3038 1883 id
3088 1829 3155 1883 ut
3194 1820 3501 1883 faceremv

237 1945 482 2022 primum
517 1942 710 2002 etiam
747 1938 1055 2008 rationes,
1089 1951 1158 1995 ac
1195 1951 1288 1996 em
1318 1933 1581 2012 quidem
1618 1949 1863 2011 graves,
1919 1931 2219 1995 timidum
2260 1928 2736 2007 ancipitemque
2796 1924 3245 2005 perpulerunt.
3310 1924 3504 1987 Eccui

235 2044 397 2106 enim
463 2043 703 2104 laboris
745 2041 867 2102 mei
908 2038 1189 2101 fructum
1252 2037 1421 2097 hunc
1480 2044 1540 2098 et
1602 2034 1715 2096 has
1756 2036 1927 2096 velut
1982 2034 2346 2096 studiorum
2387 2030 2703 2111 primitias
2772 2028 2987 2106 potius
3021 2042 3503 2088 consecrassem

234 2166 412 2226 quam
450 2148 618 2219 Tibi,
652 2164 685 2207 a
731 2162 862 2225 quo
894 2144 957 2206 id
992 2161 1183 2205 omne
1222 2142 1413 2203 habui
1448 2142 1619 2218 quod
1655 2140 1903 2202 ail‘ero?
1934 2143 2028 2201 Tu
2062 2140 2297 2211 otium,
2333 2139 2428 2199 Τιι
2464 2135 2687 2209 libros,
2721 2135 2814 2195 Tu
2866 2133 3207 2195 facultates
3263 2148 3508 2210 suppec

233 2255 469 2316 ditasti.
505 2252 726 2330 Regiis
760 2252 956 2330 typis,
992 2250 1209 2325 Regiis
1242 2247 1613 2327 sumptibus
1646 2250 1775 2309 tuis
1811 2245 2087 2324 perfecta
2144 2244 2278 2306 hmo
2333 2242 2562 2305 editio.
2618 2244 2799 2324 Opus
2854 2242 3064 2320 ipsum
3125 2255 3352 2320 magna
3403 2238 3508 2301 sui

240 2370 400 2437 parte
432 2378 512 2421 ex
546 2358 943 2420 Bibliotheca
976 2357 1106 2416 Tua
1142 2356 1373 2433 prodit.
1408 2354 1593 2427 Quod
1627 2354 1701 2414 ad
1738 2353 2089 2415 Historiam
2150 2350 2249 2412 his
2300 2350 2484 2413 libris
2544 2348 3075 2428 comprehensam
3134 2347 3387 2415 attinet,
3438 2362 3513 2405 ea

236 2470 324 2521 est
352 2463 703 2536 ejusmodi,
741 2472 807 2518 ιιι
844 2458 1134 2519 Froncici
1185 2458 1469 2516 nominis
1525 2476 1650 2520 non
1706 2458 2024 2520 liaaredem
2084 2459 2278 2519 modo
2339 2474 2409 2518 ac
2472 2456 2813 2526 vindicem,
2873 2453 2983 2514 sed
3044 2468 3513 2531 quemcunque

238 2571 605 2629 amatorem,
657 2558 752 2617 vel
823 2558 1033 2635 primo
1090 2555 1478 2617 narrationis
1539 2555 1809 2617 exordio
1864 2560 2078 2619 statim
2137 2558 2413 2618 allectet.
2482 2556 2749 2617 initium
2784 2556 3026 2635 quippe
3075 2563 3191 2628 est,
3242 2562 3422 2633 capta
3480 2572 3516 2617 a

240 2664 473 2722 nostris
504 2659 1145 2737 ConstantinOpolis:
1183 2659 1470 2717 divisum
1513 2658 1865 2736 gentilibus
1898 2659 2077 2727 Tuis,
2108 2658 2419 2719 Balduino
2445 2658 2724 2718 Flandro
2757 2667 2818 2717 et
2842 2659 3165 2718 Ludovico
3197 2657 3514 2731 Blesensi,

242 2768 718 2829 nobilissimum
763 2764 1114 2844 imperium
1159 2780 1173 2823 :
1211 2766 1691 2827 Comnenoruin
1742 2779 1897 2840 opes
1951 2764 2207 2835 arcism;
2268 2763 2433 2822 vires
2483 2762 2712 2822 attritm
2772 2778 2843 2822 ac
2891 2762 3220 2840 dispersm.
3286 2764 3519 2841 Magna

242 2870 361 2930 haec
392 2876 458 2929 et
494 2868 813 2946 praeclara.
848 2865 971 2927 Sed
1008 2865 1287 2927 ulterius
1321 2864 1556 2925 deinde
1587 2865 1942 2944 progressis
1980 2882 2104 2925 non
2145 2864 2390 2926 minora
2424 2872 2815 2926 occurrunt:
2850 2866 3244 2924 Francorum
3280 2862 3516 2943 ingens

236 2977 580 3047 exercitus,
639 2975 761 3035 sub
811 2970 1049 3035 Christi
1102 2969 1310 3049 signis
1371 2969 1707 3040 militans”,
1773 2969 1918 3030 Asia
1981 2971 2265 3043 subacta,
2310 2986 2410 3031 res
2456 2977 2619 3031 terra
2678 2976 2737 3030 ct
2775 2970 2933 3030 mari
2993 2985 3025 3030 a
3086 2969 3335 3042 Carolo,
3383 2966 3520 3030 divi

241 3076 537 3138 Ludovici
609 3074 829 3149 fratre,
898 3082 1118 3135 contra
1175 3072 1556 3134 Michaelem
1622 3073 2053 3150 Palmologum
2113 3067 2366 3135 fortiter
2417 3082 2612 3152 gestas
2658 3090 2672 3132 :
2723 3073 3172 3135 Catalanorum
3206 3070 3518 3151 "deniqun

238 3190 404 3240 tnam
441 3187 504 3238 et
544 3179 773 3238 horum
808 3176 1008 3257 gloria
1042 3176 1118 3236 ad
1156 3192 1270 3236 nos
1306 3175 1608 3256 pertinet)
1666 3174 1949 3237 victoria:
1994 3175 2414 3238 incredibiles
2460 3176 2538 3237 de
2590 3174 2843 3245 Turcis,
2894 3174 2973 3237 de
3030 3170 3381 3253 Byzantiis,
3435 3174 3516 3235 de

236 3275 503 3335 Achmis.
541 3274 681 3347 His,
716 3256 849 3335 Rc:
878 3276 1182 3345 Maxime,
1215 3276 1614 3336 ornamentis
1673 3275 2022 3355 insignem,
2083 3285 2146 3339 et
2193 3278 2457 3339 virtutis
2510 3277 2835 3339 Francicm
2887 3256 3275 3355 quibusdam
3331 3269 3517 3354 quasi

239 3372 595 3437 luminibus
630 3373 1038 3443 iliustratam,
1080 3372 1423 3450 Nicephori
1457 3376 1757 3452 Gregorm
1808 3375 2158 3438 Historiam
2211 3376 2527 3455 benigne,
2580 3384 2646 3437 ut
2697 3392 2913 3454 spero,
2969 3382 3360 3455 excepturus
3421 3392 3516 3438 es.

234 3468 437 3533 Habet
474 3489 623 3533 vero
656 3472 1005 3535 historicus
1045 3474 1182 3553 ipse
1223 3475 1446 3535 laudes
1478 3477 1793 3553 prOprias,
1848 3493 2117 3554 quarum
2178 3476 2744 3538 commendatione
2797 3476 3117 3554 optimum
3154 3476 3518 3556 principem

234 3568 418 3630 facile
455 3574 581 3633 sibi
625 3575 970 3646 conciliet;
1017 3575 1236 3635 nobile
1265 3576 1443 3659 apud!
1478 3592 1632 3636 suos
1672 3576 2045 3654 Philosophi
2083 3593 2347 3649 nomen,
2380 3578 2674 3638 omnium
2706 3577 2841 3638 fere
2886 3576 3324 3639 doctrinarum
3360 3593 3516 3658 pro—

237 3673 589 3735 fessionem
629 3676 979 3754 publicam,
1014 3677 1483 3754 imperatorum
1521 3677 2025 3739 familiaritatem
2069 3697 2081 3740 :
2122 3694 2444 3757 suprema;
2475 3678 2537 3740 in
2582 3678 2865 3741 Ecclesia
2918 3680 3135 3742 Grmca
3183 3679 3519 3758 dignitatis

236 3779 518 3857 insignia
558 3781 888 3858 repudiata
928 3789 1035 3841 :et
1078 3786 1235 3860 (quo
1288 3783 1450 3843 nihil
1511 3784 1680 3860 apud
1710 3784 1839 3857 Te,
1873 3784 2208 3859 religionis
2250 3800 2416 3846 verm
2472 3783 2876 3845 defensore”
2960 3785 3164 3866 majus
3218 3785 3517 3849 futurum

234 3881 351 3956 est)
397 3881 653 3942 labores
692 3897 808 3959 pro
858 3892 1029 3944 recta
1061 3882 1208 3943 ﬁdei
1237 3884 1528 3943 doctrina
1564 3884 1639 3944 ad
1678 3894 2041 3945 extremum
2095 3884 2399 3963 spiritum
2442 3883 2814 3947 exhaustos.
2878 3884 2996 3945 Sed
3027 3882 3185 3963 quid
3223 3901 3341 3965 ego
3384 3884 3522 3948 hac

228 3989 497 4059 Tecum,
539 3988 672 4048 Rex
712 3987 1213 4068 Augustissime,
1268 3988 1485 4051 alieno
1523 3990 1711 4069 plane
1758 3988 2094 4069 tempore?
2140 4009 2283 4053 cum
2349 4006 2578 4054 omnes
2620 3991 3047 4069 cogitationes
3088 3993 3259 4053 Tuas
3318 3998 3411 4054 tot
3455 4004 3519 4057 et

234 4100 401 4151 tanta
466 4094 725 4166 negotia
788 4092 915 4152 sibi
975 4090 1342 4164 vindicant;
1402 4111 1550 4153 cum
1614 4098 1922 4171 cogenda:
1982 4098 2418 4174 undecunque
2491 4094 2803 4172 legiones,
2869 4095 3107 4156 classes
3170 4097 3513 4169 armandae,

235 4196 583 4255 munienda
618 4196 893 4275 Oppida;
931 4199 1148 4260 hostes
1183 4214 1310 4258 non
1345 4198 1588 4259 nostris
1626 4199 1866 4272 solum,
1912 4201 2022 4261 sed
2069 4208 2131 4260 et
2177 4200 2507 4260 so«:iorum
2569 4197 2809 4260 ﬁnibus
2856 4197 3156 4272 arcendi;
3202 4215 3348 4261 cum
3400 4200 3515 4262 de-

233 4300 432 4377 nique
465 4306 525 4359 et
562 4300 948 4376 pepulorum
995 4302 1197 4371 salus,
1258 4308 1320 4362 et
1368 4317 1591 4379 regum
1652 4303 1875 4372 tutela,
1929 4313 1992 4364 et
2046 4302 2238 4364 totius
2302 4319 2463 4377 pene
2498 4302 2677 4361 orbis
2729 4310 3045 4364 terrarum
3102 4319 3258 4365 cura
3302 4304 3514 4380 provi-

230 4402 519 4460 dentiam
559 4405 761 4461 'l'uam
794 4402 871 4462 ad
921 4419 990 4463 se
1034 4409 1355 4463 revocant.
1408 4402 1597 4463 Plura
1654 4404 1909 4465 desino.
1970 4408 2045 4465 At
2098 4406 2217 4474 Tu,
2272 4421 2494 4481 regum
2558 4406 2860 4478 Maxime,
2918 4413 3050 4465 tum
3108 4407 3510 4484 sapientibus

230 4501 562 4574 consiliis,
599 4510 733 4562 tum
779 4502 979 4562 armis
1025 4500 1396 4563 victricibus
1431 4503 1597 4563 bella
1628 4519 1986 4580 compone;
2030 4513 2119 4574 ut,
2160 4520 2308 4581 pace
2369 4503 2661 4565 hostibus
2720 4503 3052 4581 imperata,
3080 4504 3217 4565 Tibi
3255 4491 3517 4565 et'Tuis

231 4606 495 4683 longqu
531 4604 733 4667 vivas.
770 4607 919 4667 Bmc
950 4613 1101 4667 sunt
1138 4614 1279 4667 vota
1320 4605 1600 4684 publica.
1657 4608 1792 4668 Hoc
1833 4608 2088 4685 religio,
2150 4608 2271 4669 hoc
2323 4608 2603 4669 nlumnm
2640 4618 2788 4677 tum,
2829 4616 2996 4669 artes
3047 4617 3108 4668 et
3172 4607 3501 4676 scientiae;

232 4710 348 4770 hoc
383 4711 576 4770 novis
636 4711 929 4789 quotidie
971 4728 1084 4787 per
1131 4712 1216 4771 Te
1250 4710 1485 4788 Opibus
1532 4709 1861 4785 ﬂorentes,
1913 4712 2301 4773 Bibliotheca
2354 4713 2550 4791 Regia
2614 4718 2672 4775 et
2709 4714 3014 4791 Luparzea
3058 4712 3508 4793 Typographia

234 4832 491 4875 mecum
534 4821 793 4877 vovent.

240 5026 375 5042 -;_

738 5030 1134 5044 ———*—

929 5186 1450 5278 JOANNIS
1545 5184 2029 5279 BOIVINI
2134 5184 2823 5278 PREFATIO.

296 5527 485 5581 Aunus
514 5526 604 5580 hic
647 5526 698 5580 ιι.
718 5524 895 5581 cimus
923 5537 1152 5597 quartus
1200 5538 1303 5590 est,
1339 5541 1402 5581 ex
1440 5541 1547 5595 quo
1582 5528 1808 5582 Carolus
1916 5528 2078 5589 rivos,
2116 5526 2206 5595 qui
2250 5524 2304 5578 in
2364 5524 2691 5579 bibliotheca
2743 5521 2907 5592 Regia
2949 5516 3305 5587 manuscripti
3337 5527 3523 5581 exsta-

226 5616 487 5690 bzieiuigp
533 5652 558 5682 «ι
593 5624 673 5673 vir
728 5621 796 5674 de
853 5622 1049 5674 litteris
1100 5622 1357 5689 praeclare
1402 5621 1650 5686 meritus,
1676 5619 1812 5675 mihi
1923 5627 2064 5679 rent,
2105 5617 2296 5671 Latine
2326 5626 2635 5679 verterem;
2675 5623 2735 5667 ut
2776 5624 3060 5683 postquam
3091 5610 3337 5664 absoluta
3364 5615 3517 5662 esset.

223 5723 423 5764 auczor
461 5715 584 5776 iuit,
616 5724 677 5767 ut
705 5712 999 5782 Nicepliori
1036 5712 1294 5783 (ἔνθεοι-ω
1325 5713 1490 5771 libros
1523 5729 1615 5770 sex
1648 5714 1817 5769 histo-
1926 5713 2095 5767 editio
2126 5711 2380 5766 Chronici
2421 5709 2714 5773 Paschalis,
2746 5705 2831 5761 cui
2856 5704 2945 5760 ille
2969 5717 3187 5758 manum
3216 5711 3519 5757 extremam

475 5808 759 5869 ΡΑτιιοι.
812 5810 933 5869 GR.
991 5808 1087 5868 CX
1103 5810 1308 5870 LVlll.
