4214 6450
777 384 838 449 li
2076 387 2403 449 JOANNIS
2441 389 2742 456 BUlVlNI
3965 414 4028 475 ιε

773 502 1105 572 imponebat,
1132 499 1170 554 ii
1200 515 1297 556 sex
1329 501 1473 565 libri,
1501 501 1567 556 ad
1608 516 1701 556 eos
1743 516 1881 571 quos
1909 500 2138 555 Woltius
2170 503 2429 572 vnlga-,A
2462 513 2776 581 accuratum
2828 506 3091 563 librorum
3151 529 3264 579 ut,
3309 515 3360 569 in
3416 533 3527 572 uno
3558 520 3742 575 codice
3787 524 4041 583 Vaticano

775 595 938 647 visset
985 592 1252 662 adjuncti,
1299 591 1483 664 Regiis
1523 594 1664 665 typis
1725 593 2136 647 mandarentur.
2197 592 2355 646 Eram

774 696 886 740 tum
919 701 1019 756 ego
1063 685 1383 756 colligendis
1425 685 1637 742 Libanii
1681 685 1938 756 Epistolis
1983 686 2260 749 intentus,
2299 695 2357 741 et

775 778 997 831 Latinas
1029 776 1138 846 jam
1181 792 1212 831 e
1242 777 1446 832 Graecis
1495 777 1730 832 feceram
1772 795 1879 833 non
1932 793 2153 848 paucas.
2195 777 2354 831 Senis

771 869 1075 925 doctissimi
1113 869 1344 923 c0nsilio
1387 870 1644 935 juvenem
1679 885 1765 923 me
1808 880 1864 924 et
1895 870 2161 924 novitium
2199 883 2354 938 pare-

771 980 828 1018 re
862 978 1075 1032 a'quum
1119 961 1242 1016 fuit.
1266 961 1505 1015 Tametsi
1537 962 1698 1032 igitur
1728 963 2132 1017 ammnitatibus
2162 972 2217 1016 et
2240 963 2352 1017 ele-

769 1054 966 1124 gantiis
1005 1051 1320 1106 Libanianis
1365 1053 1503 1105 mire
1557 1053 1885 1116 delectabar,
1922 1060 1977 1106 et
2015 1055 2084 1107 ab
2122 1051 2187 1106 iis
2210 1065 2351 1122 aegre

766 1143 1140 1206 discedebam,
1175 1153 1357 1197 tamen
1408 1143 1483 1197 illi
1523 1159 1642 1197 sum
1687 1145 2019 1222 obsecutus;
2058 1143 2220 1212 idque
2286 1157 2352 1197 eo

770 1237 1029 1302 maxime,
1067 1236 1213 1303 quod
1265 1235 1331 1290 ad
1369 1236 1540 1305 ipsius
1591 1235 2002 1290 adhortationes
2056 1235 2354 1289 accedebat

771 1329 1022 1384 voluntas
1070 1328 1420 1383 illustrissimi
1472 1328 1696 1383 Abbatis
1723 1327 1932 1383 Camilli
1960 1326 2200 1390 Tellerii,
2235 1327 2350 1381 exi-

769 1421 875 1476 mia
906 1421 1090 1476 indole
1134 1421 1444 1491 praestantis
1474 1427 1532 1475 et
1578 1435 1718 1490 supa
1785 1431 1999 1475 atatem
2036 1421 2178 1474 docti
2221 1419 2351 1474 ado-

768 1513 1050 1576 lescentis,
1097 1514 1184 1567 cui
1237 1528 1324 1567 me
1374 1521 1429 1567 et
1473 1527 1591 1566 mea
1624 1512 1806 1565 omnia
1857 1512 2037 1565 studia
2067 1526 2348 1575 voveram,

765 1604 1111 1660 bibliothecae
1145 1604 1330 1676 Regia:
1380 1603 1657 1674 praefecto,
1692 1616 1856 1672 atque
1885 1619 1953 1657 eo
1987 1620 2209 1656 munere
2235 1604 2346 1671 jam

765 1708 879 1752 tum
907 1713 1030 1752 sese
1062 1697 1284 1768 dignum
1324 1697 1595 1766 probanti.
1623 1696 1722 1750 llic
1748 1705 1808 1750 ut
1848 1695 2088 1750 laborem
2122 1696 2347 1765 imposi-

764 1800 879 1846 tum
910 1791 1175 1846 alacriore
1221 1789 1406 1842 animo
1441 1789 1798 1858 susciperem,
1831 1788 1994 1841 etiam
2028 1788 2219 1857 patris,
2248 1788 2345 1842 viri

2460 596 2832 663 exstantium;
2863 614 3097 669 quorum
3134 605 3345 673 primus
3366 619 3512 663 esset
3533 611 3789 679 δευτέρου
3834 615 4038 685 ﬁumich

2460 687 2617 756 λόγος
2659 691 2725 754 ζ’,
2753 693 2806 748 id
2838 693 3230 761 est,~Secund¢e
3279 700 3455 756 Partis
3481 704 3614 757 liber
3643 707 3915 776 septimus,
3943 727 4039 766 seu

2461 781 2626 835 totius
2686 783 2927 841 historiae
2989 787 3239 845 decimus
3305 805 3564 860 octavus;
3622 797 3847 854 ultimus
3909 820 4040 858 vero

2458 872 2875 964 inspriberetur,
2911 881 3226 952 Ῥωμαῖκῆς
3283 889 3522 959 ἱστορίας
3563 888 3664 959 λη’,
3696 906 3791 946 seu
3825 892 4040 964 Byzan-

2457 963 2582 1016 tina:
2613 967 2866 1022 Historia:
2900 970 3029 1024 liber
3061 972 3371 1031 XXXVIII.

2525 1056 2937 1128 Per0pportune
2994 1077 3178 1120 autem
3240 1071 3460 1134 accidit.
3502 1085 3559 1130 ut
3599 1075 3784 1135 Romae
3835 1097 3932 1150 per
3986 1083 4039 1136 id

2457 1157 2678 1217 tempus
2736 1165 3171 1211 commoraretur
3238 1160 3322 1213 vir
3381 1163 3721 1224 humanitate
3777 1173 4038 1244 singulari

2452 1240 2712 1332 praeditus
2756 1242 2799 1296 Ι.
2848 1242 3156 1311 Vivantius.
3216 1252 3274 1306 S.
3333 1254 3396 1307 T.
3447 1255 3647 1314 Doctor
3685 1240 4038 1332 Parisiensis,

2454 1331 2710 1403 idemque
2743 1336 2936 1393 Socius
2982 1340 3338 1400 Sorbouicus.
3365 1346 3536 1420 Hujus
3559 1367 3689 1407 cura
3721 1364 3776 1409 et
3803 1356 4038 1413 oﬂlciosa

2452 1423 2518 1514 Β.
2549 1425 2604 1479 l’.
2659 1425 2718 1480 υ.
2770 1429 3114 1501 Stephanotii
3171 1439 3484 1506 sedulitate,
3514 1446 3824 1514 sumptibus
3853 1459 4038 1503 autem

2453 1513 2534 1570 Ill.
2569 1518 2790 1577 Abbatis
2813 1526 3020 1579 Camilli
3054 1527 3294 1595 Tellerii,
3327 1531 3496 1588 libros
3531 1513 3724 1590 novem
3743 1552 3808 1591 ex
3847 1541 4039 1594 codice

2455 1604 2717 1668 Vaticano
2769 1616 3074 1680 descriptos
3135 1631 3191 1676 et
3246 1623 3417 1678 Roma
3458 1627 3525 1680 ad
3577 1643 3668 1683 me
3694 1630 3879 1684 allatos
3911 1647 4039 1688 cunt

2451 1701 2609 1755 avide
2680 1705 2980 1778 legissem,
3035 1712 3396 1769 animadverti
3469 1733 3588 1772 eam
3667 1721 3837 1789 ipsam
3914 1738 4039 1778 esse

2452 1789 2741 1850 Historiam
2798 1801 3228 1870 ecclesiasticam,
3258 1806 3415 1874 cujus
3451 1811 3660 1864 utentio
3712 1810 3849 1866 facta
3887 1823 4039 1868 esset

762 1883 984 1946 summi,
1013 1882 1394 1936 auctoritatem
1453 1881 1802 1951 interposuit,
1832 1897 1939 1935 non
1977 1882 2100 1936 belli
2147 1884 2347 1948 solum,
2381 1856 2423 1912 Β
2452 1901 2482 1940 a
2518 1887 2817 1945 Possevino
2851 1890 2907 1944 in
2939 1894 3212 1961 Apparaiu
3244 1913 3415 1950 sacro.
3454 1897 3515 1952 lli
3562 1917 3756 1956 novem
3788 1904 3931 1974 libri,
3965 1906 4035 1961 ad

761 1976 857 2031 sed
913 1985 968 2030 et
1001 1975 1358 2030 scientiarum
1388 1975 1762 2044 bonarumque
1792 1975 1988 2030 artium
2037 1989 2223 2029 curam
2255 1975 2349 2030 de-

759 2067 1068 2124 mandatam
1104 2083 1135 2122 a
1167 2066 1314 2137 Rege
1347 2075 1474 2120 tunc
1503 2067 1850 2121 suStinentis.

831 2157 928 2214 llis
977 2157 1241 2228 auspiciis
1289 2157 1355 2211 ad
1411 2157 1579 2211 libros
1607 2156 1859 2228 Gregorae
1896 2157 2342 2228 interpretandos

769 2265 1059 2323 aggressus
1106 2237 1226 2303 laeta
1281 2258 1338 2303 et
1376 2248 1549 2304 fausta
1578 2250 1760 2304 omnia
1793 2251 1925 2304 mihi
1966 2252 2295 2318 spondebant
2329 2271 2343 2308 :

759 2344 856 2406 sed
911 2357 997 2397 res
1066 2342 1183 2412 ipsa
1239 2341 1552 2412 opinionem
1612 2358 1786 2395 meam
1841 2342 2071 2396 ntnltutn
2135 2344 2343 2400 fefellit.

760 2437 975 2492 Etenim
1024 2435 1215 2506 paucis
1247 2445 1367 2506 post
1400 2436 1592 2491 diebus
1624 2435 1759 2489 obiit
1786 2436 1830 2489 is
1861 2438 1949 2505 qui
1976 2437 2108 2490 mihi
2142 2453 2344 2492 novum

758 2533 863 2587 iter
918 2529 1165 2602 ingresso
1212 2527 1406 2598 praeire
1455 2544 1517 2582 ac
1567 2530 1868 2598 prmlucere
1921 2546 2060 2583 unus
2110 2533 2344 2585 maxime

759 2623 1005 2680 omnium
1043 2630 1276 2692 poterat,
1313 2621 1553 2690 optimus
1602 2631 1657 2674 et
1687 2622 2091 2674 eruditissimus
2127 2622 2340 2674 Ducau-

759 2716 899 2787 gius.
920 2713 1030 2769 llac
1045 2712 1355 2783 Byzantina:
1383 2712 1622 2765 historiae
1654 2711 1772 2765 face
1794 2712 2086 2770 exstincta.
2114 2712 2212 2765 via:
2235 2726 2342 2765 non

762 2810 896 2863 satis
923 2821 1128 2878 gnarus
1162 2805 1404 2859 laborem
1450 2817 1513 2856 ac
1562 2802 1900 2873 diligentiam
1932 2803 2178 2858 subsidio
2211 2803 2342 2856 mihi

762 2897 1114 2967 comparavi;
1153 2906 1210 2950 et
1248 2910 1446 2951 eorum
1499 2909 1592 2949 sex
1652 2894 1935 2957 librorum,
1982 2909 2212 2962 quorum
2256 2896 2343 2950 ille

760 2991 848 3045 vix
885 3004 1051 3043 unum
1074 2988 1265 3042 Latine
1285 3001 1505 3042 versum
1542 2985 1824 3055 proximus
1863 2986 2023 3039 morti
2057 2987 2342 3056 reiegerat,

761 3078 1273 3150 interpretationem
1307 3079 1571 3149 integrann
1605 3086 1724 3146 post
1757 3078 1964 3131 obitum
1996 3080 2112 3145 ejus
2145 3089 2337 3132 utcun-

2453 1977 2706 2031 undecim
2737 1976 3041 2035 Wolﬁanos
3097 1992 3152 2037 et
3206 1990 3273 2038 ad
3332 1985 3450 2040 illos
3477 2000 3596 2050 Sex,
3626 1993 3718 2056 qui
3751 2005 3916 2059 penes
3947 2009 4037 2048 me

2449 2075 2627 2130 erant,
2666 2067 2896 2137 adjecti,
2942 2069 3202 2126 librorum
3237 2073 3425 2143 viginti
3473 2090 3566 2129 sex
3595 2093 3878 2133 numerum
3914 2080 4032 2134 cni-

2449 2157 2689 2213 ciebant.
2750 2159 2880 2217 POSt
2937 2163 3258 2219 vicesimum
3311 2177 3523 2220 sextum
3595 2169 3782 2223 deerat
3853 2171 4036 2228 adhuc

2447 2252 2607 2307 nobis
2637 2253 2928 2310 vicesimus
2977 2257 3261 2326 septimus.
3301 2256 3539 2312 Caeteros
3596 2260 3650 2313 in
3699 2261 4035 2322 bibliotheca

2449 2343 2613 2416 Regia
2656 2345 3012 2411 habebamus,
3059 2348 3299 2419 exceptis
3332 2349 3578 2422 quinque
3618 2351 3843 2414 animis.
3887 2358 4033 2414 Tan-

2447 2437 2568 2490 dem
2600 2447 2654 2492 et
2679 2439 2733 2493 hi
2757 2456 2990 2510 qroque,
3011 2458 3113 2496 una
3132 2459 3252 2497 cum
3286 2446 3544 2500 vicesimo
3560 2450 3810 2514 septimo,
3832 2452 4029 2521 integri

2446 2529 2510 2580 ad
2545 2543 2646 2581 nos
2689 2537 3080 2596 pervenerunt,
3138 2527 3398 2584 Friderici
3435 2532 3778 2600 Rostgaardii
3827 2539 4030 2593 nobilis

2449 2618 2580 2669 Dani
2613 2634 2776 2686 opera
2829 2627 2885 2670 et
2916 2620 3265 2688 sumptibus;
3304 2636 3404 2690 qua
3437 2623 3653 2692 quidem
3689 2626 3756 2681 de
3789 2643 3847 2683 re
3883 2629 4030 2686 infra

2447 2708 2638 2762 fusius.

2517 2808 2663 2859 lnter
2714 2806 2830 2860 haec
2863 2808 3116 2876 aequitate
3153 2821 3207 2862 et
3263 2811 3636 2870 moderatione
3671 2818 3890 2873 victoris
3921 2819 4032 2874 Lu-

2446 2897 2622 2953 dovici
2683 2897 2857 2968 Magni
2915 2913 3018 2968 pax
3068 2897 3300 2969 Europae
3355 2905 3603 2958 restituta
3663 2917 3767 2961 cst.
3803 2910 4031 2966 Solutus

2440 2995 2550 3064 jam
2601 2992 2922 3062 urgentibus
2970 2991 3273 3047 diﬂicilium
3310 3003 3612 3065 temporum
3671 3000 3818 3054 curis
3867 3005 4023 3072 regni

2446 3084 2772 3151 administer
2803 3085 2973 3152 (nunc
3026 3084 3269 3140 Francia:
3299 3088 3683 3159 cancellarins)
3713 3089 4025 3149 Ludovicus

759 3188 866 3243 que
893 3170 1122 3226 absolvi.
1170 3168 1319 3225 Bello
1369 3170 1588 3224 demum
1643 3168 1813 3223 atroci
1891 3158 1987 3238 per
2035 3169 2342 3223 universam
2374 3169 2927 3247 C'Poncliartrwnius
2957 3176 3027 3229 ad
3051 3191 3116 3230 ea
3145 3193 3266 3245 qua:
3299 3180 3400 3232 sibi
3434 3158 3808 3236 commendata
3837 3201 3867 3238 a
3898 3201 4029 3254 rege

761 3264 1039 3335 EurOpam
1093 3262 1348 3317 saeviente
1404 3253 1709 3331 interrupta
1745 3261 1892 3331 pacis
1934 3276 2118 3330 opera.
2153 3260 2338 3331 Itaque

759 3366 816 3411 et
847 3354 1098 3425 Gregora:
1132 3354 1303 3408 nostri
1354 3353 1522 3407 editio
1575 3355 1629 3406 ni
1674 3353 1821 3407 aliud
1878 3360 2094 3420 tempus
2127 3352 2289 3407 dilata
2328 3373 2341 3408 :

763 3446 855 3502 cui
889 3446 1086 3501 deinde
1115 3459 1267 3500 mora
1298 3444 1399 3498 alia
1431 3442 1798 3499 funestissima
1829 3443 2050 3508 accidit,
2072 3444 2344 3498 marcliio-

769 3538 860 3593 nis
891 3537 1116 3593 Tellerii
1140 3536 1378 3591 Luvoisii
1401 3551 1550 3589 mors
1573 3537 1856 3604 repentina
1878 3552 1893 3600 ;
1913 3551 2032 3605 qua:
2065 3537 2348 3605 praeclaras

765 3629 888 3684 illas
962 3627 1351 3698 cogitationum
1429 3640 1670 3680 mearum
1743 3639 1868 3694 spes
1939 3625 2164 3678 omnino
2235 3624 2345 3677 fere

767 3719 987 3776 evertit.

833 3810 1110 3867 Ceterum
1161 3823 1228 3864 ex
1283 3808 1352 3862 iis
1406 3807 1538 3877 ipsis
1569 3806 1802 3877 publicis
1834 3806 2169 3876 privatisque
2199 3804 2344 3862 cala-

764 3905 1047 3960 mitatibus
1072 3883 1306 3957 fructum
1345 3901 1490 3954 hunc
1516 3900 1662 3968 cepi,
1691 3898 1836 3968 quod
1862 3898 1992 3953 mihi
2025 3915 2121 3968 per
2153 3898 2341 3952 decem

763 4013 1032 4054 annos-ea
1068 4011 1188 4065 qua:
1223 3992 1563 4063 scripsissem
1598 3993 1874 4063 corrigere
1901 4001 1954 4045 et
1979 4006 2254 4056 accurare,
2279 4007 2344 4047 ac

766 4103 1027 4164 prteterea
1064 4090 1197 4143 alios
1221 4087 1476 4156 Grcgora:
1525 4085 1695 4138 libros
1732 4099 1926 4138 eruere
1956 4099 1985 4138 e
2012 4085 2255 4139 tenebris
2281 4079 2345 4142 et

768 4184 838 4238 ad
875 4181 1000 4236 illos
1037 4193 1177 4249 quos
1216 4177 1452 4247 primum
1490 4174 1804 4229 habuissem
1858 4175 2054 4230 addere
2108 4179 2338 4232 vacavit.

767 4272 946 4329 Variis
1001 4283 1198 4340 nempe
1240 4267 1490 4322 codicum
1539 4264 2033 4334 nanuscriptorum
2089 4267 2344 4337 catalogis

773 4364 1030 4438 perlectis
1080 4359 1347 4422 intellexi,
1373 4358 1550 4411 editos
1597 4355 1764 4411 fuisse
1808 4375 1835 4410 a
1868 4357 2177 4426 Nicephoro
2206 4357 2340 4413 Gre-

769 4472 897 4531 gora
929 4455 1180 4511 Historia:
1209 4453 1515 4522 Byzantina:
1552 4454 1720 4507 libros
1749 4454 1921 4507 multo
1953 4454 2154 4521 plures,
2178 4469 2340 4522 quam

2446 3275 2624 3327 erant,
2665 3267 2812 3334 pacis
2848 3278 3171 3321 ornamenta
3205 3267 3584 3337 ampliﬁcanda
3615 3280 3784 3326 totum
3814 3288 3874 3328 se
3900 3277 4028 3330 ani-

2448 3373 2537 3409 mo
2569 3368 2622 3410 et
2652 3356 2983 3426 cogitatione
3014 3359 3301 3410 convertit.

2519 3443 2798 3512 Lupanea:
2845 3444 3075 3496 (IﬂiCin-‘B
3130 3451 3286 3512 typos
3336 3443 3595 3511 Graecos,
3641 3463 3882 3502 (mnium
3933 3450 4029 3518 qui

2447 3549 2688 3604 unquam
2732 3533 2952 3588 fuerunt
2993 3535 3448 3604 elegantissimos,
3480 3537 3703 3592 inutiles
3732 3553 3781 3593 ei
3819 3540 4030 3594 otiosos

2444 3641 2639 3680 vacare
2696 3641 2840 3695 a-gre
2890 3625 3102 3680 ferebat
3161 3624 3401 3680 Joannes
3457 3626 3658 3682 Paulus
3703 3629 4026 3699 Biguonius,

2449 3718 2615 3772 abbas
2659 3718 3050 3782 nobilissimus,
3097 3734 3283 3773 comes
3337 3721 3495 3774 hodie
3544 3724 4029 3778 consistorianus:

2449 3810 2541 3877 qui
2583 3809 2702 3878 ipso
2758 3809 2882 3862 belli
2943 3819 3209 3876 tempore,
3239 3826 3363 3864 cum
3398 3813 3701 3866 avunculus
3747 3814 4032 3868 Poncbar-

2447 3903 2670 3954 traenius
2729 3901 2961 3954 intinitis
3021 3902 3253 3971 negotiis
3296 3903 3734 3972 distringeretur,
3771 3907 3910 3976 reip.
3938 3908 4031 3960 lit-

2451 3994 2664 4048 terarite
2695 4003 2748 4047 et
2799 3992 3197 4047 academiarum
3235 3999 3361 4064 jura
3387 3999 3466 4049 sic
3500 4006 3704 4051 tutatus
3735 3997 3938 4059 fuerat.
3971 4011 4034 4054 ut

2445 4095 2500 4139 et
2524 4101 2655 4139 suus
2687 4084 2884 4139 litteris
2930 4085 3107 4138 honos
3153 4097 3421 4154 perpetuo
3457 4097 3568 4139 tum
3608 4090 3944 4154 constiterit,
3973 4102 4033 4144 et

2445 4179 2574 4230 viris
2623 4177 2946 4230 academicis
2997 4179 3214 4246 prazmia
3262 4178 3329 4231 de
3380 4192 3531 4231 more
3564 4179 3837 4247 persoluta
3890 4183 4028 4237 sint.

2445 4270 2504 4321 Ei
2559 4268 2739 4339 igitur,
2789 4267 2993 4336 pacatis
3049 4269 3159 4336 jam
3214 4277 3271 4321 et
3330 4271 3637 4338 tranquillis
3671 4270 3858 4337 rebus,
3898 4289 4031 4326 cura

2449 4363 2568 4416 ltmc
2615 4362 2716 4414 init
2773 4377 2881 4414 non
2941 4371 3234 4429 postrema,
3291 4360 3724 4416 ercos'libt'os
3781 4373 4031 4432 typorum

2459 4455 2746 4522 lii-giorunt
2781 4453 2900 4505 luce
2953 4452 3243 4504 illustrare.
3273 4449 3427 4504 Unde
3459 4461 3514 4504 et
3542 4468 3648 4514 me,
3681 4453 3842 4523 longo
3869 4455 4032 4509 iami-

735 4553 903 4616 .quot
951 4544 1071 4599 sive
1116 4540 1368 4610 impressi
1419 4541 1534 4594 sive
1581 4555 1743 4593 manu
1802 4541 1987 4608 scripti
2044 4541 2095 4593 in
2147 4541 2345 4609 pluteis
2381 4543 2422 4597 D
2458 4540 2712 4592 liaritatis
2772 4555 2871 4591 usu
2920 4542 3293 4606 conjunctum,
3351 4539 3595 4592 hortatus
3642 4551 3747 4604 est,
3780 4551 3836 4594 ut
3868 4540 4032 4595 Nice—

777 4633 961 4702 ltegiis
1007 4638 1306 4685 exstarent.
1358 4627 1554 4681 Docuit
1610 4642 1696 4681 me
1751 4626 2020 4689 Labbeus,
2083 4629 2345 4698 repositos

776 4727 944 4780 latere
979 4724 1034 4776 in
1070 4723 1398 4777 bibliotheca
1431 4719 1760 4774 Scorialensi
1814 4721 1979 4775 libros
2012 4721 2129 4789 ejus
2156 4731 2345 4773 aucto-

777 4828 852 4867 rts
898 4810 1184 4866 historicos
1253 4807 1620 4876 undetriginta
1679 4826 1691 4860 :
1749 4823 1848 4860 nec
1909 4809 2079 4861 inulto
2128 4816 2248 4876 post
2293 4809 2344 4859 in

776 4906 1019 4960 codicem
1049 4901 1275 4973 Regium
1331 4900 1515 4963 incidi,
1543 4899 1632 4967 qui
1673 4899 1988 4951 vicesimum
2019 4915 2067 4950 οι
2089 4908 2265 4951 tavun
2296 4907 2346 4950 et

781 4996 1098 5051 vicesimum
1141 5007 1347 5046 nonum
1406 4991 1699 5043 historicos
1734 4989 1984 5051 habebat,
2035 5006 2159 5042 cum
2217 5005 2350 5058 qua-

781 5101 901 5142 tuor
933 5084 1253 5156 dogmaticis
1279 5081 1624 5151 coniunctos.
1663 5081 1834 5134 Didici
1867 5097 1930 5133 ex
1962 5085 2239 5148 Apparam
2265 5098 2351 5132 sa-

779 5197 864 5233 rro
903 5178 1122 5232 Antonii
1175 5174 1452 5229 Possevini
1510 5182 1566 5227 et
1612 5189 1678 5226 ex
1732 5172 1899 5225 veteri
1952 5173 2196 5241 catalogo
2225 5188 2347 5235 ms.,

778 5268 1048 5325 asservari
1101 5268 1159 5321 in
1210 5265 1538 5320 bibliotheca
1594 5261 1850 5316 Vaticana
1880 5259 2169 5314 Historiam
2204 5261 2350 5328 ejus-

780 5363 904 5417 dem
978 5358 1230 5428 Gregora:
1303 5354 1748 5418 ecclesiasticam,
1804 5363 1859 5406 et
1910 5355 2040 5406 Acta
2106 5353 2349 5416 concilii,

781 5469 878 5509 seu
922 5453 1004 5522 (ut
1053 5451 1257 5505 ibidem
1304 5453 1549 5516 vocatur)
1580 5445 1977 5516 ΛῌΣΤΡΙΚΙΙΣ
2014 5442 2276 5496 ΣΥΝΟΔΟ
2293 5445 2350 5510 1',

783 5562 849 5602 ac
881 5545 1248 5600 narrationem
1286 5541 1683 5613 persecutionis
1735 5540 1789 5592 in
1829 5537 2166 5592 orthodoxos
2199 5549 2354 5589 moue

783 5654 814 5692 a
843 5637 1142 5691 Palamitis.
1183 5633 1412 5687 Demum
1446 5630 1514 5684 li.
1541 5629 1601 5684 Ρ.
1629 5629 1690 5683 ι).
1716 5629 1954 5683 Joannes
1989 5627 2353 5689 Mabillonius,

783 5729 876 5798 qui
910 5737 1097 5782 nostra
1145 5725 1260 5779 inec
1314 5721 1494 5778 studia
1535 5718 1825 5790 adjuvandi
1857 5718 2062 5772 nullam
2114 5719 2356 5772 occasio-

782 5840 910 5881 nem
961 5819 1343 5894 prietermittit,
1396 5813 1817 5873 communicavit
1851 5827 2064 5868 mecum
2110 5812 2350 5867 indicem

2453 4631 2610 4700 phori
2648 4631 2899 4697 Grcgora:
2928 4629 3148 4697 scripta,
3182 4643 3302 4697 quae
3346 4638 3536 4697 parata
3577 4631 3778 4684 habere
3809 4647 3897 4684 me
3931 4647 4032 4684 ste-

2451 4721 2574 4786 pius
2598 4717 2890 4780 dixissem,
2922 4716 3075 4785 ltein
3109 4716 3460 4785 typographei
3505 4718 3684 4784 proelis
3715 4720 4034 4770 committe-

2453 4825 2564 4863 rem
2597 4810 3018 4876 quamprimum.
3076 4807 3188 4878 Ego
3223 4824 3354 4862 vero
3395 4810 3860 4878 permittentibus,
3922 4814 4034 4864 into

2447 4900 2772 4972 jttlictitjbiis
2801 4900 2864 4952 iis
2898 4914 3134 4967 quorum
3184 4915 3394 4953 summa
3442 4911 3525 4954 est
3555 4906 3695 4969 apud
3726 4919 3811 4954 me
3844 4915 4033 4955 auito-

2454 5000 2606 5055 mtas,
2639 4990 2879 5042 oblatam
2911 4989 3250 5042 occasionem
3277 4990 3456 5043 statim
3484 4992 3725 5059 arripui;
3759 5003 3812 5044 et
3844 4993 4034 5060 paucis

2455 5093 2572 5149 post
2605 5082 2801 5134 diebus
2861 5081 2989 5134 tomi
3047 5081 3206 5147 primi
3241 5081 3408 5134 editio
3455 5072 3628 5149 coepta
3678 5097 3779 5137 est.
3827 5086 3944 5147 Qua
3979 5084 4034 5135 in

2455 5179 2629 5238 parte,
2665 5169 2922 5237 quoniam
2979 5167 3210 5222 Woltius
3249 5170 3381 5223 mibi
3440 5171 3668 5238 prictvil,
3693 5172 3818 5240 quid
3858 5175 4032 5240 priva-

2457 5265 2548 5315 tim
2587 5266 2697 5331 ipse
2728 5263 3070 5330 praestiterim
3105 5277 3392 5332 exponam.

2528 5355 2674 5407 lntcr
2719 5354 2936 5408 codices
2985 5357 3388 5424 manuscriptos
3453 5357 3799 5411 bibliotheca:
3851 5355 4033 5425 Regia».

2457 5461 2600 5501 unus
2633 5445 2976 5511 cltartaetus,
3005 5447 3090 5499 cui
3127 5447 3423 5516 inscriptus
3455 5459 3538 5503 est
3584 5465 3844 5503 numerus
3868 5450 4032 5508 2.358,

2459 5549 2652 5609 pra-ter
2693 5539 2972 5592 bistoiiam
3030 5553 3250 5593 onmem
3292 5541 3809 5612 Pacbymerianam,
3866 5541 4032 5594 libros

2457 5633 2707 5701 Gregnra:
2743 5633 3032 5687 historicos
3083 5635 3338 5688 undecim
3389 5635 3789 5704 complectiur,
3820 5652 3918 5688 eos
3958 5635 4031 5685 vi-

2459 5725 2656 5778 delicet
2674 5725 2763 5792 qui
2789 5724 3028 5780 aWoliio
3057 5728 3291 5795 printqu
3314 5727 3443 5781 editi
3472 5739 3622 5780 sunt.
3656 5725 3709 5778 Iit
3739 5744 3806 5780 eo
3823 5727 4029 5788 codice,

2460 5817 2612 5872 bona:
2643 5817 2844 5886 alioqui
2902 5830 3038 5873 notae
3080 5827 3133 5874 ct
3185 5820 3316 5874 satis
3347 5821 3570 5889 antiquo
3603 5823 3746 5887 (nant
3798 5822 4033 5874 scriptus
