4214 6450
273 391 334 451 :3
1687 377 2101 440 rniamrto.
3444 369 3502 438 lt

260 518 336 559 i-st
371 516 495 559 ante
541 513 757 571 captam
804 520 833 555 a
881 499 1072 554 'l‘mcis
1124 495 1690 566 Cunstanlittopoiitt),
1733 497 1832 548 hoc
1865 502 1906 555 Α
1940 493 2098 562 hujus
2131 491 2418 547 voluminis
2476 491 2875 561 appendicibus
2921 492 3289 548 nonet-lendas
3330 510 3506 550 reser-

261 601 533 668 singulare
595 607 700 661 est,
755 597 897 663 quod
957 610 1078 662 qttze
1127 595 1180 647 in
1227 593 1377 646 libris
1430 593 1593 644 editis
1645 604 1832 641 manca

261 701 486 744 suntet
547 687 890 756 imperfecta,
943 706 1002 738 ea
1068 686 1138 738 ibi
1210 686 1414 753 integra
1468 681 1831 750 reperiantur.

267 791 498 837 Deerant
521 791 703 835 autem
747 782 797 834 in
837 780 988 834 libris
1032 779 1195 831 editis
1233 777 1330 830 tria
1383 776 1472 828 illa
1512 775 1834 844 fragmenta,

264 891 380 944 qu.c
437 875 690 928 Petavius
731 889 760 926 a
819 872 1091 926 Frontone
1146 871 1336 922 Ducam
1373 876 1592 936 accepta
1629 867 1836 936 primus

266 967 517 1036 vulgavit.
546 973 602 1018 et
633 963 922 1032 Nicephori
970 962 1290 1032 patriarchze
1345 959 1618 1013 Breviario
1671 959 1838 1010 histo-

266 1060 379 1112 rico
412 1057 725 1125 subiunxit.
765 1055 998 1108 Deerant
1032 1063 1089 1107 et
1116 1055 1222 1107 alia
1261 1069 1366 1108 non
1402 1051 1652 1116 minora;
1679 1049 1840 1118 quale

263 1161 344 1203 est
375 1150 590 1219 insigne
651 1147 781 1201 illud
820 1147 888 1200 de
936 1145 1212 1198 Athanasii
1265 1145 1590 1213 patriarcha:
1638 1141 1841 1197 severi-

265 1253 394 1304 tate,
427 1253 485 1294 et
513 1241 582 1293 de
623 1241 1016 1293 monachorum
1069 1238 1313 1291 moribus
1351 1237 1685 1299 emendatis;
1711 1236 1840 1290 item

263 1351 381 1401 qua:
416 1333 689 1401 pertinent
710 1331 777 1384 ad
807 1330 1050 1398 ejusdem
1085 1330 1206 1384 libri
1247 1341 1407 1398 Caput
1440 1329 1748 1398 septimum.
1773 1328 1840 1382 ad

267 1426 387 1479 libri
431 1425 560 1478 noni
613 1431 782 1492 caput
824 1420 1145 1483 secundum,
1189 1433 1240 1474 et
1273 1423 1338 1474 ad
1392 1421 1512 1474 libri
1568 1417 1841 1473 undet-imi

267 1528 436 1586 caput
488 1517 618 1569 item
686 1515 1009 1568 secundum.
1070 1514 1310 1581 lleniquc
1353 1514 1406 1564 in
1450 1511 1677 1582 singulis
1733 1510 1845 1564 fere

267 1610 482 1678 paginis
537 1609 705 1662 dictio
757 1608 934 1675 aliqua
988 1619 1080 1660 aut
1117 1617 1281 1661 etiam
1332 1607 1514 1673 plures
1567 1605 1842 1659 desidera-

269 1705 482 1756 bantur.
534 1700 639 1754 Eos
671 1717 864 1759 omnes
914 1701 1159 1754 defectus
1211 1717 1276 1752 ex
1303 1701 1487 1754 codice
1533 1699 1625 1752 illo
1680 1697 1844 1767 Reg‘o

1939 591 2203 642 vavimus.
2238 588 2463 641 Constat
2501 603 2565 641 ex
2628 587 2966 640 bibliotheca:
3017 587 3382 656 Seguicriana:
3417 603 3508 640 ca-

1941 683 2137 750 talogo,
2183 694 2395 735 exstare
2452 680 2792 744 illie,._inter
2838 680 3052 733 codices
3109 681 3510 748 manuscriptos

1938 774 2177 836 Grmcos,
2215 770 2496 838 Nirephori
2531 771 2792 842 Syntaat'n
2818 771 3054 825 historia:
3087 770 3362 836 Romamn,
3386 787 3509 825 cum

1940 867 2197 920 Chronico
2256 864 2484 919 Zonarie
2547 866 2914 934 coniunctam.
2957 863 3094 917 Eum
3149 864 3414 930 codicem,
3455 863 3510 917 in

1941 976 2050 1028 quo
2101 961 2270 1014 libros
2325 957 2619 1027 Nicephori
2675 956 2926 1027 Gregom
2986 956 3240 1012 undecim
3305 957 3514 1026 priores

1943 1054 2134 1108 titulus
2160 1053 2273 1122 ipse
2304 1051 2573 1106 contineri
2609 1050 2812 1114 innuit,
2837 1065 3014 1120 opera:
3043 1049 3236 1106 fuisset
3262 1051 3515 1110 conlerre

1941 1160 2064 1198 cum
2095 1144 2390 1213 impressis.
2419 1142 2527 1197 Sed
2571 1143 2700 1197 mihi
2736 1143 2805 1198 ad
2837 1157 2958 1197 eam
2988 1141 3370 1199 bibliothecam
3400 1143 3517 1199 adi—

1944 1244 2032 1290 tus
2061 1237 2301 1290 nondum
2336 1239 2528 1306 patuit.

2014 1420 2264 1474 Latinam
2321 1419 2854 1488 interpretationem,
2912 1421 3066 1488 cujus
3125 1429 3316 1475 auctor
3371 1428 3518 1475 esset

1951 1513 2314 1580 Hieronymus
2365 1510 2613 1572 Wollius.
2658 1528 2910 1582 magnum
2943 1511 3085 1580 apud
3133 1511 3376 1566 eruditos
3423 1526 3518 1566 no-

1947 1618 2096 1668 men,
2127 1605 2400 1658 sinceram
2433 1615 2484 1657 ct
2516 1605 2774 1661 intactam
2827 1621 3043 1661 summa
3076 1606 3180 1661 [ide
3214 1621 3515 1674 repraesen-

1951 1705 2064 1748 tare
2111 1696 2266 1749 initio
2297 1699 2644 1750 decreveram
2678 1699 2932 1752 :consilii
2978 1699 3174 1752 deinde
3208 1698 3372 1767 hujus
3402 1712 3519 1751 mu-

267 1794 640 1862 supplevimus
669 1794 721 1846 in
759 1795 858 1847 hac
908 1793 1171 1847 editione.
1213 1792 1410 1860 Majora
1467 1792 1841 1861 suppletnenta
1877 1833 1921 1888 Β
1952 1787 2102 1841 laudi
2159 1802 2340 1843 causa:
2385 1790 2568 1859 plures
2615 1789 2853 1845 fuerunt.
2905 1789 3172 1861 Gregoras
3224 1791 3518 1860 multijugae

270 1888 321 1938 iu
372 1886 708 1954 marginibus
751 1885 987 1939 indicata
1031 1901 1046 1938 :
1101 1886 1305 1939 minora
1363 1885 1618 1938 t-anCcllis
1671 1884 1843 1936 inclu-

269 1995 364 2038 sa:
412 1977 623 2032 mendzc
679 1989 961 2046 praeterea.
998 1995 1116 2047 quae
1168 1980 1466 2033 innumera:
1521 1987 1695 2041 erant,
1740 1991 1844 2046 ope

269 2070 516 2138 ejusdem
552 2069 757 2123 codicis
788 2069 1034 2122 sublatae.

341 2251 556 2305 Rursus
595 2252 648 2304 in
703 2265 770 2306 eo
819 2251 940 2320 ipso
987 2251 1176 2305 codice
1225 2251 1328 2307 hoc
1372 2261 1564 2306 notatu
1591 2251 1846 2323 dignissi-

272 2361 418 2393 mum
449 2353 557 2404 est,
577 2344 721 2410 quod
756 2360 873 2411 qua!
895 2343 1163 2412 Gregoras
1196 2345 1347 2398 libris
1373 2354 1607 2413 quatuor
1637 2355 1846 2415 postre-

271 2433 374 2483 mis
413 2431 647 2498 plurima
708 2431 956 2493 inseruit,
989 2432 1152 2485 variis
1207 2434 1540 2501 temporibus
1583 2451 1614 2489 a
1649 2451 1707 2490 se
1733 2436 1849 2491 elu-

273 2522 524 2583 i-ubrata.
569 2536 632 2574 ea
665 2520 776 2575 fere
824 2523 1011 2576 omnia
1061 2522 1262 2576 ibidem
1297 2523 1512 2589 desint;
1548 2525 1627 2580 sic
1665 2537 1846 2580 autem

274 2615 390 2665 suis
419 2627 653 2680 quaeque
679 2613 813 2666 iocis
837 2613 1014 2665 recisa
1043 2612 1264 2675 iuerint,
1290 2626 1348 2667 ct
1371 2616 1699 2670 narrationis
1721 2632 1850 2671 con-

274 2715 458 2758 textus
507 2704 654 2757 nullo
689 2703 838 2756 hiatu
871 2706 1138 2773 abruptus
1185 2705 1277 2766 sit,
1307 2707 1402 2760 sed
1431 2709 1687 2762 onmibus
1721 2724 1848 2777 par-

279 2797 425 2850 tbus
477 2804 604 2862 apte
645 2795 1046 2848 cohaerentibus
1082 2796 1289 2866 integer
1317 2806 1372 2849 et
1399 2799 1693 2853 continuus
1722 2816 1849 2870 pro-

274 2889 456 2943 cedat.
511 2888 566 2942 ld
615 2887 866 2958 Gri-gora:
926 2888 1093 2957 ipsius
1141 2888 1348 2957 judicio
1399 2890 1596 2945 factum
1632 2893 1789 2947 velim
1831 2913 1846 2948 :

280 2996 459 3050 neque
493 2997 522 3032 a
555 2994 684 3033 vero
704 2981 983 3043 abhorret,
1009 2995 1134 3033 eum
1166 2983 1354 3050 primae
1383 2983 1639 3038 editionis
1665 3001 1849 3041 amore

278 3072 602 3142 τεῦξε-,ττιιο
655 3087 812 3126 suum
865 3085 1005 3142 opus
1050 3075 1453 3144 recogtwvisse,
1503 3089 1566 3128 ac
1617 3089 1678 3129 ea
1729 3092 1850 3145 qua:

1949 1879 2269 1934 eruditionis
2297 1889 2352 1936 et
2377 1883 2508 1935 artis
2540 1883 2826 1938 rhetorica:
2859 1892 3164 1938 ostentator
3193 1897 3332 1952 saepe
3361 1881 3516 1936 aber-

1950 1980 2090 2025 rata
2126 1976 2424 2043 proposito,
2469 1985 2524 2029 et
2577 1976 2642 2029 ad
2682 1992 2744 2030 ea
2774 1992 2890 2045 qua:
2921 1991 3109 2046 parum
3153 1985 3244 2030 aut
3277 1975 3412 2028 nihil
3449 1975 3518 2029 ad

1950 2078 2064 2118 rem
2098 2065 2378 2133 pertinent
2435 2065 2753 2135 digreditur.
2785 2066 2840 2120 ln
2874 2066 2939 2121 iis
2987 2067 3288 2136 παρέργοις
3320 2066 3517 2119 mirum

1950 2167 2225 2228 estquam
2279 2158 2350 2212 sit
2395 2159 2675 2213 verbosus.
2735 2158 2808 2212 Ea
2862 2157 3108 2220 Wolfius,
3158 2157 3317 2211 rebus
3352 2158 3521 2227 magis

1949 2265 2112 2317 quam
2177 2250 2358 2303 verbis
2409 2250 2695 2313 intentus,
2743 2251 2992 2305 breviora
3051 2250 3231 2305 facere
3289 2249 3517 2305 studuit.

1951 2343 2137 2412 Itaque
2176 2353 2230 2397 et
2279 2342 2610 2396 luxuriantia
2661 2344 3016 2411 compescuit,
3045 2353 3100 2398 et
3145 2357 3266 2413 quae
3293 2344 3521 2397 omnino

1952 2435 2326 2489 redundabant
2386 2435 2706 2505 suppressit.
2771 2434 2880 2506 Ego
2931 2450 3060 2490 vero
3114 2436 3381 2491 facturum
3433 2450 3522 2489 me

1951 2543 2132 2594 Operae
2173 2528 2403 2594 pretium
2463 2529 2668 2597 putavi,
2697 2527 2742 2582 si
2800 2530 3037 2582 auctoris
3065 2527 3236 2583 ϐιωρί
3281 2527 3522 2598 vestigiis

1955 2617 2300 2679 inhaererent,
2330 2628 2489 2686 atquc
2549 2618 2668 2686 ejus
2709 2619 2870 2671 verba
2926 2618 3242 2682 lectoribus,
3271 2619 3315 2672 si
3343 2619 3523 2672 minus

1953 2707 2390 2769 adnumerarem,
2448 2708 2636 2760 saltem
2688 2706 2941 2777 religiose
2966 2717 3020 2760 et
3066 2707 3295 2760 tidelitcr
3325 2722 3528 2776 appen-

1951 2797 2173 2859 dcrem;
2211 2806 2443 2863 qme.~ut
2472 2796 2686 2864 opinor,
2722 2797 2925 2865 optima
2963 2807 3046 2851 est
3075 2796 3212 2849 ratio
3254 2798 3526 2865 interpre-

1955 2889 2121 2942 tandi.
2157 2888 2213 2941 ln
2251 2889 2576 2957 quibusdam
2613 2888 2778 2941 etiam
2828 2905 2855 2940 a
2892 2904 3019 2942 vero
3048 2904 3212 2942 sensu
3239 2889 3527 2944 deﬂexisse

1956 2982 2088 3036 mihi
2129 2981 2272 3036 visits
2322 2990 2405 3034 est
2460 2981 2728 3050 interpres
2767 2982 3144 3047 doctissimus;
3176 2993 3269 3036 aut
3305 2994 3527 3037 senten-

1958 3074 2086 3126 tiam
2152 3074 2388 3130 auitoris
2444 3079 2674 3127 obscure
2732 3087 2787 3129 et
2861 3083 3110 3131 contos-te
3163 3077 3522 3143 expressisse.

277 3163 589 3216 ostentandi
648 3165 847 3233 ingenii
880 3181 1040 3220 causa
1095 3177 1355 3229 assuerat,
1400 3167 1699 3236 rnonodias,
1727 3186 1850 3226 ora-
1882 3195 1924 3256 ο
1961 3167 2103 3223 Nihil
2135 3169 2253 3223 dico
2285 3169 2350 3223 de
2384 3167 2685 3223 nn‘noribus
2717 3168 2878 3234 vitiis,
2904 3169 3098 3240 quibus
3134 3167 3338 3224 nulium
3362 3183 3523 3237 opus,

282 3257 477 3314 tiones.
504 3255 713 3323 aliaque
744 3256 794 3309 id
851 3271 1020 3323 genus
1070 3260 1387 3315 resecuisse.
1415 3262 1616 3316 Vereor
1651 3275 1852 3330 tamen,

284 3360 347 3397 ne
379 3352 434 3395 et
465 3344 650 3412 gloria:
704 3346 865 3412 paulo
907 3347 1116 3401 avidior
1153 3365 1246 3404 eos
1299 3367 1526 3420 pannos.
1573 3354 1625 3406 in
1680 3355 1853 3424 prima

279 3436 580 3504 scriptione
631 3438 885 3497 omissos.
944 3445 1176 3508 repetito
1229 3443 1429 3498 deinde
1480 3445 1628 3514 operi
1684 3447 1853 3500 inter-

286 3527 542 3578 texuerit.
605 3524 732 3581 Haec
795 3528 912 3596 ipsa
962 3537 1130 3594 certe,
1169 3547 1290 3600 quae
1343 3549 1373 3586 a
1434 3536 1622 3594 codice
1686 3535 1854 3607 llegio

284 3615 477 3669 abesse
503 3618 758 3684 dicimus,
784 3619 920 3672 nihil
965 3621 1031 3674 ad
1079 3623 1361 3677 historiam
1394 3629 1661 3693 pertinent
1698 3646 1710 3680 :
1747 3631 1855 3682 imo

286 3707 602 3760 historic-ain
637 3725 818 3762 rerum
871 3713 1068 3766 seriem
1115 3715 1538 3786 interrumpunt,
1565 3729 1619 3773 et
1665 3719 1851 3772 lectori

282 3801 348 3849 ad
391 3800 595 3866 majora
627 3800 898 3856 festinanti
944 3818 1148 3857 moram
1175 3807 1462 3877 objiciunt.
1495 3811 1698 3864 Tamen
1726 3811 1852 3881 quia

283 3891 335 3941 in
370 3893 483 3954 illo,
525 3909 633 3960 quo
669 3909 799 3947 usus
838 3903 922 3948 est
958 3895 1210 3964 Woltlus,
1253 3902 1438 3956 codice
1480 3904 1854 3973 manuscripto

282 4002 405 4037 cum
439 3986 614 4039 locum
649 3989 970 4042 obtinebant
991 4006 1150 4059 quem
1179 3993 1230 4045 in
1260 3993 1413 4048 libris
1439 3995 1598 4050 editis
1627 3996 1848 4060 habent,

283 4093 389 4127 non
421 4075 540 4128 ausi
593 4093 784 4131 sumus
835 4093 897 4132 ea
929 4079 1047 4133 loco
1107 4098 1322 4138 movere
1346 4095 1400 4138 et
1430 4087 1536 4139 alio
1562 4090 1800 4159 relegare
1835 4109 1847 4143 :

283 4169 374 4222 sed
437 4169 650 4232 eadem,
703 4179 758 4224 et
810 4171 913 4225 alia
953 4175 1198 4241 quzcdam
1245 4179 1399 4232 uncis
1441 4181 1680 4244 inclusa,
1743 4201 1846 4236 non

278 4274 600 4325 i-utltparcre
630 4260 683 4312 in
709 4260 896 4315 codice
925 4261 1110 4333 Regio,
1155 4266 1408 4324 lectorem
1451 4272 1728 4328 admoneri
1767 4290 1851 4328 sa-

281 4351 348 4402 tis
367 4365 487 4402 esse
517 4351 845 4418 putavimus.

358 4506 547 4559 Varias
609 4508 872 4562 lectiones
933 4512 1217 4584 plerasque
1281 4523 1645 4588 suppeditavit
1709 4527 1848 4578 Idem
1889 4541 1927 4592 υ

282 4598 626 4653 lnbliothccze
679 4598 858 4668 Regia:
921 4607 1126 4671 Codex;
1186 4625 1382 4676 paucas
1446 4630 1569 4666 vero
1612 4615 1658 4666 is
1702 4620 1854 4685 cujus

283 4704 549 4741 numerus
583 4699 666 4743 est
696 4691 856 4755 2078,
886 4709 1075 4762 parum
1114 4698 1183 4749 ab
1228 4701 1386 4753 editis
1429 4703 1674 4759 diversus
1696 4743 1710 4767 ,
1748 4709 1847 4759 nisi

278 4778 422 4846 quod
452 4779 505 4830 in
545 4779 806 4834 librorum
845 4791 900 4836 et
946 4786 1181 4853 capitum
1235 4790 1506 4845 divisione
1541 4795 1850 4865 discrepat:

279 4872 448 4922 libros
481 4878 665 4922 autem
713 4886 820 4924 non
886 4873 1067 4941 plures
1114 4878 1356 4932 continet
1387 4896 1548 4947 quant
1598 4895 1850 4951 quatuor,

281 4960 496 5014 tametsi
531 4961 781 5029 praefixos
811 4973 894 5017 est
927 4965 1086 5020 index
1124 4967 1380 5023 librorum
1413 4986 1530 5027 sex.
1584 4973 1848 5030 Monodia:

277 5053 420 5113 duae,
452 5067 530 5103 ea:
565 5052 775 5105 scilicet
801 5068 922 5122 qua:
978 5057 1191 5111 initium
1246 5061 1367 5114 libri
1413 5063 1608 5117 decimi
1639 5069 1845 5120 consti-

282 5150 460 5200 tuunt.
495 5140 767 5209 castigatae
822 5155 876 5196 et
934 5145 1136 5214 aliquot
1192 5149 1514 5207 lectionibus
1570 5155 1843 5210 illustratus

281 5233 502 5283 luerunt
552 5246 617 5284 ex
667 5234 852 5288 codice
904 5237 1216 5293 Colliertino
1270 5243 1444 5308 49.30;
1485 5247 1637 5314 cujus
1688 5250 1847 5304 nobis

278 5323 489 5389 copiam
530 5323 658 5378 fecit
698 5324 786 5377 Vir
833 5343 994 5396 quam
1051 5331 1241 5385 doetus
1282 5342 1386 5387 tam
1419 5338 1684 5400 amabilis,
1721 5340 1848 5394 Ste-

281 5415 491 5479 piian-is
556 5414 828 5471 Batonius.
903 5418 1203 5474 llabuimus
1277 5436 1532 5491 praeterea
1591 5430 1849 5486 lectiones

279 5506 583 5566 nonnullas,
623 5524 685 5560 ex
720 5509 975 5563 Vaticano
1010 5513 1192 5565 codice
1229 5514 1530 5584 descriptas
1583 5519 1843 5575 Friderii-i

281 5593 616 5664 ltostgaardii
653 5600 831 5653 studio
863 5611 916 5654 et
944 5604 1245 5674 diligentia.
1285 5607 1388 5660 Sed
1423 5628 1537 5673 cas,
1564 5613 1686 5678 quia
1721 5630 1844 5667 Set'd

277 5688 451 5740 allata
497 5699 645 5752 sunt,
714 5693 969 5760 perfectis
1024 5712 1220 5766 nempe
1270 5708 1323 5751 et
1376 5701 1480 5768 jam
1537 5703 1638 5756 sub
1682 5707 1846 5771 pra-lo

281 5778 649 5849 multiplicatis
679 5783 744 5838 iis
775 5786 984 5856 paginis
1004 5790 1067 5842 ad
1089 5805 1221 5854 quas
1252 5794 1612 5860 pertinebant,
1640 5796 1652 5846 i
1679 5796 1842 5851 fcit-co

1960 3262 2312 3331 quantmmis
2367 3270 2566 3316 tersum
2624 3271 2680 3316 et
2730 3263 3014 3327 limatum,
3059 3278 3249 3317 carere
3301 3264 3526 3316 omnino

1959 3363 2176 3424 potest:
2222 3369 2347 3421 qua:
2396 3355 2616 3423 quidem
2661 3355 2789 3410 vitia
2849 3362 2910 3408 ut
2964 3356 3275 3425 plerumque
3321 3370 3421 3408 nos
3465 3355 3523 3408 in

1958 3447 2432 3502 lucubrationibus
2481 3447 2685 3503 nostris
2729 3445 2942 3511 fallunt,
2970 3448 3043 3500 ita
3101 3447 3152 3500 in
3203 3447 3395 3501 alienis
3438 3449 3522 3498 vix

1959 3556 2198 3608 unquam
2259 3541 2490 3612 fugiunt.
2551 3540 2815 3611 Equidem
2881 3555 2975 3596 eos
3032 3556 3253 3606 naevos,
3307 3540 3522 3609 corpori

1958 3635 2201 3702 alioquin
2257 3638 2477 3704 egregio
2530 3635 2831 3704 inspersos,
2884 3643 2942 3688 ut
2993 3635 3291 3687 eximet-eiu
3329 3634 3524 3688 sedqu

1957 3743 2176 3795 operam
2232 3727 2354 3780 dedi
2391 3744 2402 3779 :
2445 3741 2545 3781 nec
2582 3741 2667 3781 me
2717 3742 2780 3782 ea
2833 3742 2890 3781 re
2927 3727 3177 3796 injuriam
3210 3723 3407 3780 Wolﬁo
3441 3726 3524 3780 [ο-

1956 3823 2096 3873 cisse
2154 3819 2410 3882 arbitror,
2457 3819 2549 3873 sed
2607 3819 2674 3872 de
2723 3834 2790 3872 eo
2841 3819 2979 3873 bene
3029 3819 3296 3873 meruisse
3331 3819 3416 3871 aio
3467 3828 3522 3871 et

1953 3911 2245 3966 contendo.
2295 3911 2403 3965 Nec
2452 3912 2595 3965 enim
2632 3911 2754 3980 quia
2798 3909 2948 3964 illum
2979 3911 3272 3966 identidem
3311 3912 3520 3982 lapsum

1955 4003 2188 4070 corrigo,
2234 4001 2435 4055 idcirco
2474 4016 2558 4055 me.
2608 4001 2688 4055 vel
2734 4002 3031 4058 doctiorem
3070 4012 3248 4059 statuo
3285 4003 3367 4060 vel
3394 4003 3521 4059 dili~

1955 4097 2284 4164 gentiurcm;
2325 4110 2500 4162 neque
2538 4095 2587 4148 ei
2623 4103 2914 4166 prepterea

2479 4278 2764 4331 detrahere
2815 4279 2988 4332 ausim

2063 4345 2362 4399 lla-rentetu
2391 4360 2549 4416 capiti
2583 4355 2745 4400 multa
2784 4364 2904 4401 cum
2939 4351 3094 4406 laude
3128 4365 3408 4409 coronam.

2027 4523 2084 4576 ln
2125 4524 2268 4577 hunc
2298 4526 2515 4579 modum
2551 4536 2655 4580 tam
2686 4527 2869 4582 Graeca
2898 4544 3060 4599 quam
3089 4532 3276 4587 Latina
3309 4549 3337 4587 a
3363 4535 3520 4592 nobis

1957 4628 2114 4668 aneta
2145 4626 2198 4668 et
2240 4617 2510 4684 recognita
2566 4618 2804 4672 luerunt.
2835 4621 2913 4674 Ad
2949 4622 3060 4676 hac
3109 4624 3227 4678 libri
3261 4642 3396 4679 nova
3431 4642 3520 4680 ra-

1964 4710 2112 4762 tione
2139 4709 2318 4773 divisi;
2339 4711 2592 4777 quoniam
2619 4713 2669 4764 in
2701 4713 2972 4782 prioribus
3000 4717 3333 4773 editionibus
3366 4721 3520 4789 capi-

1957 4812 2027 4858 ta.
2055 4807 2260 4853 tcmrre
2287 4810 2341 4853 ct
2374 4802 2695 4856 inconcinne
2726 4820 2948 4873 prorsus
2970 4807 3195 4878 digesta,
3226 4811 3387 4864 etiam
3416 4827 3520 4866 nu-

1955 4888 2118 4940 meris
2167 4889 2447 4942 carebant.
2471 4889 2682 4944 Addita:
2716 4893 2953 4948 minores
2971 4896 3260 4952 sectiones.
3293 4899 3396 4952 l’ra
3415 4900 3516 4955 lixa

1957 4979 2184 5046 singulis
2209 4979 2478 5048 capitibus
2495 4995 2837 5051 argumenta,
2869 5002 2961 5041 seu
2981 4987 3268 5058 breviaria,
3295 4994 3520 5064 vulgatis

1953 5069 2284 5125 accuratiora
2314 5079 2368 5124 et
2396 5072 2461 5126 ad
2485 5073 2790 5129 sectionum
2817 5092 3072 5134 numeros
3092 5067 3517 5139 accommodata.

1953 5160 2111 5221 Anni.
2146 5177 2382 5226 menses,
2405 5163 2542 5226 dies.
2571 5165 2808 5221 siderum
2824 5179 2970 5224 ortus
2999 5180 3053 5225 et
3075 5174 3274 5240 obitus,
3309 5177 3437 5232 solis
3471 5187 3524 5232 et

1961 5255 2098 5305 lctnc
2125 5252 2450 5316 defectus,et
2477 5257 2605 5311 varii
2635 5270 2935 5326 temporum
2963 5263 3306 5323 characteres
3335 5270 3518 5326 subiu-

1955 5350 2019 5394 de
2057 5343 2325 5398 adnotati.
2352 5344 2684 5408 Seuteutias.
2718 5359 2771 5403 et
2799 5351 2988 5406 crebra
3011 5354 3078 5407 de
3105 5358 3344 5412 moribus
3376 5361 3520 5429 judi-

1956 5437 2059 5494 cia,
2093 5435 2219 5489 item
2258 5437 2360 5491 alia
2413 5441 2654 5506 quaedam
2683 5440 2900 5497 levioris
2941 5449 3219 5514 momenii,
3254 5467 3320 5504 ne
3365 5457 3516 5509 oiieri

1956 5537 2134 5579 0~>Cttl
2161 5530 2512 5595 marginibus,
2539 5533 2790 5588 omittere
2808 5537 2980 5589 visum
3005 5549 3104 5591 est.
3126 5541 3271 5594 Noun
3301 5543 3516 5611 breves,

1958 5620 2044 5671 ubi
2077 5636 2212 5688 opus
2259 5623 2608 5694 luit,adjcct:e
2640 5629 2959 5685 :uberiorcs
2978 5633 3190 5701 rejecta:
3221 5637 3286 5689 ad
3313 5640 3516 5695 calcem

1956 5712 2082 5763 tomi
2121 5715 2363 5768 secundi.
2385 5715 2558 5772 Porro
2589 5720 2640 5773 in
2676 5721 2761 5776 bis
2789 5723 2991 5791 primas
3010 5737 3196 5782 tenent
3219 5729 3521 5789 doctissimi

1955 5803 2208 5875 Ducangii
2237 5805 2386 5862 Neue
2404 5811 2730 5880 pOS'ltllmIB;
2749 5829 2881 5884 quas
2905 5822 3062 5886 paulo
3085 5820 3360 5890 postillius
3382 5841 3527 5884 mor-
