4214 6450
735 353 798 414 15
2044 367 2363 430 JUANNIS

2306 371 2363 430 {S
2406 373 2698 436 BOIVINI
3905 393 3970 457 16

729 480 836 526 tem
873 486 1005 526 mea:
1039 474 1160 530 lidei
1208 478 1688 534 commendaverat
1723 481 2106 553 optimipatris
2162 487 2304 543 lilius
2328 494 2381 556 Α
2412 493 2590 547 tribus
2626 508 2734 548 non
2767 495 2894 550 totis
2919 501 3180 567 exceptis,
3215 501 3459 572 castigati
3487 518 3552 558 ex
3582 504 3843 564 Vaticano
3874 527 3972 565 ex-

720 561 1075 633 dignissimus
1104 565 1393 638 Philippus
1432 569 1760 640 Dueangius,
1794 574 2035 629 Francia:
2059 587 2294 644 qiuestor

719 655 866 721 apud
893 655 1160 711 Pictavos.
1190 658 1288 714 His
1333 661 1582 729 partibus
1615 679 1677 716 ac
1711 665 1956 719 numeris
1983 666 2152 721 editio
2179 667 2296 724 haec

722 744 886 816 ltegia
937 745 1120 802 diﬂ’ert
1170 764 1199 803 a
1247 751 1477 822 vulgatis
1510 771 1523 807 :
1553 769 1690 823 quas
1739 771 1842 824 ego
1870 757 1937 810 ad
1967 758 2114 814 hunc
2147 759 2292 814 diem

720 852 892 906 usque
942 854 1050 893 non
1104 842 1287 910 plures
1338 845 1446 899 vidi
1480 861 1640 915 quam
1690 861 1952 918 quatuor;
1985 866 2079 905 sex
2109 860 2294 916 tamen

720 930 1058 998 prodierunt,
1088 946 1183 988 aut
1204 935 1394 990 saltem
1414 937 1677 1007 quinque.
1699 939 1932 995 Primam
1961 957 2106 998 anno
2153 942 2294 999 1559

719 1021 902 1078 (ἰταιοε
935 1032 990 1096 et
1020 1024 1210 1082 Latine
1257 1029 1312 1082 in
1345 1027 1644 1085 Germania
1679 1034 1950 1101 prodiisse
1982 1034 2294 1092 Fridericus

721 1113 1113 1185 llostgaardius
1164 1107 1454 1189 colligebat
1513 1137 1576 1177 ex
1623 1123 1891 1179 Wolﬁana
1948 1126 2290 1196 Praefatione,

717 1221 812 1260 seu
867 1207 1051 1276 potius
1102 1209 1345 1279 Epistola
1395 1214 1815 1283 prosphonetica
1864 1208 1939 1272 'ad
1995 1218 2291 1274 Antonium

716 1298 1047 1369 Fuggerum,
1091 1301 1181 1356 illo
1232 1302 1348 1373 ipso
1371 1321 1515 1359 anno
1546 1307 1690 1362 data.
1719 1306 1832 1363 Hoc
1864 1312 2042 1378 posito
2068 1312 2166 1383 (ὁ),
2202 1327 2289 1368 se-

713 1391 886 1446 cunda
918 1393 1086 1447 fuerit
1111 1409 1173 1448 ea
1203 1411 1323 1465 qua:
1351 1395 1542 1453 Latine
1576 1400 1779 1469 prodiit
1806 1401 2028 1470 Basileae
2052 1419 2102 1460 a.
2129 1406 2287 1460 1562.

712 1480 915 1548 Tertia,
970 1500 1088 1553 quae
1149 1484 1267 1540 Lat.
1330 1486 1502 1544 Paris.
1562 1506 1615 1545 a.
1671 1493 1829 1548 1567.
1889 1493 2114 1562 Quarta,
2169 1513 2289 1567 qua:

711 1573 914 1640 ltalice,
945 1576 1242 1646 interprete
1281 1578 1419 1634 Lud.
1466 1579 1638 1646 Dulci,
1663 1593 1957 1638 accurante
1986 1588 2288 1658 Augustino

710 1665 1011 1733 Ferentilli,
1045 1666 1240 1725 Venet.
1276 1686 1328 1725 a.
1366 1671 1502 1725 1569
1560 1671 1698 1728 ἰηιιι.
1724 1675 1947 1740 Quinta,
1985 1693 2105 1747 quze
2162 1680 2285 1735 Lat.

2402 585 2669 652 emplari;
2703 600 2825 640 cum
2853 603 2963 657 quo
2996 590 3260 647 lectiones
3293 594 3486 648 dubias
3515 599 3847 656 contulimus
3870 620 3970 672 per

2401 675 2545 728 viros
2578 677 3000 746 eruditissimos,
3036 698 3172 750 quos
3206 684 3408 740 laboris
3456 688 3620 757 hujus
3653 707 3751 759 per
3778 709 3839 748 se
3880 696 3967 748 in-

2398 760 2536 830 grati
2572 761 2790 816 taedium
2822 779 2884 820 ac
2931 766 3206 824 fastidium
3240 784 3427 827 nostra
3469 785 3522 830 et
3551 780 3780 845 publica:
3814 784 3966 837 utili-

2400 853 2524 906 tatis
2556 869 2717 908 causa
2751 854 2895 911 ferre
2926 873 3034 912 non
3070 862 3260 931 piguit.
3296 862 3482 934 Itaque
3514 867 3579 922 iis
3610 870 3714 925 hoc
3742 873 3881 938 loco,
3917 877 3963 928 si

2398 942 2555 998 facile
2588 955 2926 1015 paterentur,
2974 966 3196 1022 magnas
3230 958 3432 1026 gratias
3470 974 3752 1029 ageremus
3774 982 3965 1035 ;ipraa-

2398 1035 2586 1090 sertim
2621 1038 2908 1094 abbatibus
2940 1041 3346 1110 illustrissimis,
3397 1048 3691 1106 Laurentio
3724 1056 3964 1110 Alexan-

2395 1127 2493 1182 dro
2538 1128 2857 1202 Zaccagnio,
2907 1144 2960 1189 et
2992 1134 3056 1189 li.
3101 1135 3161 1192 P.
3211 1139 3575 1208 D.Delmiro;
3628 1147 3718 1214 qui
3769 1147 3966 1203 biblio-

2396 1218 2565 1273 theca:
2594 1219 2865 1278 Vaticana:
2903 1225 3142 1294 praefecti
3173 1231 3441 1285 creditum
3473 1234 3575 1288 sibi
3633 1241 3967 1304 pretiosissi-

2395 1325 2544 1363 mum
2577 1311 2892 1368 thesaurum
2925 1333 2988 1371 ea
3023 1319 3127 1373 fide
3175 1321 3444 1389 integrum
3484 1338 3535 1380 et
3570 1327 3832 1384 ilhb‘atu-n
3861 1349 3962 1385 cn-

2393 1403 2660 1469 stodiunt,
2715 1415 2774 1459 ut
2824 1415 3004 1462 tamen
3051 1427 3303 1482 magnum
3337 1429 3404 1466 ex
3441 1431 3508 1469 eo
3557 1424 3962 1478 communicato

2394 1493 2628 1548 fructum
2661 1513 2853 1552 omnes
2881 1501 3081 1555 eruditi
3115 1505 3441 1574 percipiant,
3475 1518 3635 1577 atque
3659 1528 3722 1566 ex
3752 1513 3840 1568 illa
3874 1528 3961 1568 to-

2392 1584 2499 1636 tius
2551 1586 2774 1642 litterati
2810 1591 2957 1644 orbis
2993 1592 3113 1646 luce
3163 1597 3458 1665 conspicua
3490 1600 3694 1654 clarum
3747 1606 3847 1659 sibi
3895 1624 3960 1660 ac

2387 1673 2505 1728 suis
2540 1674 2720 1730 lumen
2752 1681 3076 1736 accendant.
3114 1683 3186 1738 Ex
3215 1685 3306 1739 illo
3340 1689 3458 1758 ipso
3494 1691 3750 1745 Vaticano
3778 1711 3964 1748 exem-

707 1756 1052 1813 Francofurii
1123 1761 1190 1814 ad
1254 1760 1492 1817 Μωηυιῃ
1519 1803 1533 1829 ,
1594 1780 1646 1820 a,
1703 1766 1860 1821 1587,
1917 1767 2102 1834 sexta,
2164 1787 2286 1838 quae
2322 1843 2358 1853 _
2392 1766 2530 1834 piari
2565 1769 2754 1832 libros,
2787 1782 2845 1826 ut
2869 1773 2978 1843 jam
3017 1776 3147 1841 dixi,
3179 1756 3418 1849 quinque
3453 1784 3692 1853 integros
3719 1787 3960 1842 Frideri-

705 1849 888 1906 Grzece
947 1862 1002 1906 ct
1047 1851 1262 1918 Latine,
1320 1854 1560 1910 Colonia:
1599 1859 1966 1927 Allobrogum,
2015 1876 2066 1916 a.
2123 1864 2279 1932 1615,
2322 1843 2361 1898 Β
2389 1873 2486 1912 cus
2519 1858 2909 1932 Rostgaardius
2949 1883 3044 1936 per
3081 1843 3357 1926 hominem
3391 1843 3689 1952 eruditum,
3730 1881 3957 1948 popula-

705 1941 946 1997 Hankius
993 1943 1242 2014 Gregora:
1297 1945 1587 2000 Historiam
1647 1945 1886 2001 Coloniae
1953 1949 2285 2007 Planiciante

702 2036 864 2091 etiam
927 2051 978 2089 a.
1034 2035 1097 2091 C.
1154 2036 1292 2091 1616
1351 2039 1551 2093 editam
1603 2039 1891 2106 observat;
1950 2040 2286 2099 Wartlionus

703 2127 836 2182 duas
873 2126 1358 2184 Francofurlenses
1404 2140 1696 2196 numerat;
1747 2131 1974 2202 primam
2027 2148 2079 2186 a.
2117 2135 2278 2202 1568,

701 2217 993 2274 secundam
1027 2235 1077 2272 a.
1105 2219 1272 2274 1587.

768 2354 828 2413 In
863 2361 1013 2409 tomo
1040 2353 1279 2414 secundo
1311 2355 1393 2409 usi
1445 2371 1634 2414 sumus
1682 2358 1897 2416 duobus
1929 2365 2274 2436 apographis,

701 2453 934 2514 utroque
989 2460 1057 2500 ex
1129 2444 1408 2502 veteribus
1479 2448 1880 2520 exemplaribus
1935 2451 2120 2507 Roma:
2176 2457 2273 2508 de-

701 2537 927 2608 scripto.

768 2671 1011 2726 Primum
1045 2673 1439 2745 apographum,
1476 2672 1620 2742 quod
1654 2673 1709 2727 in
1741 2673 2068 2728 bibliotheca
2104 2675 2270 2746 Regia

699 2775 875 2823 exstat
901 2782 1134 2823 numero
1157 2768 1319 2834 2079,
1346 2768 1506 2837 docta
1548 2777 1602 2824 et
1653 2769 1886 2840 eleganti
1944 2785 2107 2825 manu
2142 2781 2269 2826 ante

697 2875 873 2915 annos
904 2861 1031 2930 plus
1058 2868 1279 2916 centum
1323 2869 1379 2914 et
1408 2861 1798 2932 quinquaginta
1828 2871 2104 2919 exaratum
2146 2864 2269 2928 fuit,

699 2961 760 3007 ut
796 2960 956 3022 patet
985 2968 1052 3007 ex
1112 2951 1284 3023 ipsius
1336 2952 1542 3007 librarii
1572 2954 1905 3020 testimonio,
1929 2955 2018 3025 qui
2051 2964 2270 3024 peracto

696 3059 860 3116 opere
891 3048 1005 3100 hinc
1042 3043 1362 3114 subscripsit
1393 3059 1407 3097 :
1444 3045 1607 3108 Τέλος
1633 3045 1828 3098 ἔλαϐεν
1855 3046 2013 3100 τοῦτο
2044 3047 2105 3099 τὸ
2145 3049 2270 3101 σύν-

2389 1966 2501 2005 rem
2532 1967 2712 2019 suum,
2753 1960 3113 2041 transcriptos
3145 1964 3488 2022 bibliotheca
3523 1969 3704 2040 Regia:
3731 1972 3956 2041 dicavit,

2387 2057 2658 2114 suumque
2696 2046 2824 2103 illud
2867 2027 3055 2106 vbtutn
3101 2055 3336 2124 praeﬁxis
3377 2062 3716 2134 elegantibus
3760 2066 3958 2120 heroe-

2385 2134 2518 2204 legis
2552 2139 2917 2209 consignavit.
2973 2144 3077 2200 Sed
3113 2149 3180 2202 de
3220 2149 3287 2204 iis
3337 2151 3492 2209 libris
3525 2155 3658 2210 alias
3688 2161 3957 2226 opportu-

2381 2227 2528 2281 nius.
2572 2228 2858 2286 Pertinent
2887 2235 3030 2290 cnim
3060 2238 3125 2292 ad
3153 2242 3372 2295 tertium
3408 2251 3636 2297 tomum.

2453 2318 2630 2375 Variae
2678 2322 2942 2382 lectiones
2974 2329 3133 2384 nulla:
3162 2330 3278 2387 fere
3323 2334 3376 2387 in
3404 2334 3568 2405 hujus
3607 2338 3780 2408 partis
3809 2354 3955 2392 mar-

2379 2411 2595 2481 ginibus
2628 2414 2902 2470 adnotata!
2936 2427 3104 2482 sunt;
3156 2424 3413 2489 quoniam
3443 2439 3633 2479 eorum
3659 2427 3949 2491 librorum,

2377 2502 2576 2568 quibus
2610 2515 2827 2560 constat
2851 2506 2939 2561 hic
2973 2517 3173 2574 tomus,
3208 2512 3426 2567 unicum
3455 2517 3731 2585 exemplar
3761 2534 3952 2588 possc-

2376 2591 2575 2648 dimus.
2635 2591 2866 2651 Unicum
2919 2599 3074 2655 dico:
3126 2618 3251 2657 nam
3306 2603 3567 2662 Vaticana
3611 2612 3948 2680 exemplaria

2377 2699 2473 2738 nec
2501 2701 2668 2755 penes
2709 2703 2810 2743 nos
2846 2689 3089 2758 fuerunt,
3125 2711 3223 2750 nec
3253 2713 3352 2767 pro
3384 2699 3614 2755 diversis
3643 2705 3946 2772 reputanda

2375 2785 2527 2841 sunt,
2562 2793 2686 2834 eum
2719 2791 2902 2836 nostra
2933 2800 2996 2839 ex
3029 2786 3096 2840 iis
3125 2788 3392 2860 descripta
3422 2793 3552 2846 sint.
3584 2793 3730 2860 Quas
3761 2807 3946 2852 autem

2374 2884 2437 2922 ex
2472 2869 2540 2924 iis
2579 2871 2841 2928 lectiones
2876 2890 2906 2929 a
2940 2877 3073 2931 viris
3115 2878 3288 2935 doctis
3332 2885 3705 2952 suppeditatas
3749 2888 3945 2943 habui-

2375 2977 2514 3022 mus.
2548 2978 2665 3029 eas,
2726 2974 2784 3019 ut
2814 2982 2997 3020 veram
3029 2979 3085 3022 et
3115 2971 3409 3038 genuinam
3445 2976 3792 3044 scripturam,
3830 2995 3943 3034 non

2373 3051 2426 3104 in
2463 3053 2758 3122 margines,
2803 3058 2900 3110 sed
2930 3060 2985 3113 in
3020 3062 3252 3115 mediam
3276 3065 3537 3134 paginam
3578 3079 3633 3122 et
3679 3070 3733 3122 in
3761 3070 3944 3143 ipsum

695 3153 880 3206 ταγμα
922 3139 988 3207 τῇ
1033 3135 1476 3211 ὀκτωκαιδεκάτῃ
1524 3137 1619 3190 τοῦ
1665 3137 1987 3209 ὀκτωϐρίου,
2029 3139 2139 3191 ἔτει
2182 3157 2266 3232 χι-
2293 3173 2337 3232 C

2293 3173 2337 3232 ο
2374 3143 2454 3214 (ut
2503 3144 2682 3216 aiunt)
2741 3159 3055 3204 contextum
3120 3157 3534 3222 transtulimus;
3594 3135 3837 3230 exceptis
3876 3163 3943 3216 iis

695 3228 893 3296 λιοστῷ
922 3227 1359 3297 πεντακοσιοστῷ
1393 3229 1815 3299 τεσσαρακοστῷ
1844 3229 2033 3300 τρίτῳ,
2060 3231 2262 3299 σπουδῇ

694 3322 788 3375 καὶ
816 3321 1104 3391 φιλοπονίᾳ
1141 3320 1513 3392 Χριστοφόρου
1550 3320 1644 3374 τοῦ
1689 3321 1944 3392 Ἀουέρου
1978 3323 2262 3393 Γερμανσῦ

697 3413 1218 3484 μεταγεγραμμένον
1243 3428 1258 3445 ·
1290 3412 1540 3483 δαψιλείᾳ
1566 3413 1623 3466 δὲ
1646 3413 1744 3466 καὶ
1762 3413 2010 3484 φλογερῷ
2041 3415 2174 3485 πρὸς
2199 3417 2264 3468 τὰ

698 3503 999 3574 μαθήματα
1029 3503 1196 3573 -πόθῳ
1245 3503 1519 3573 Γεωργίου
1571 3503 1665 3557 τοῦ
1726 3504 2119 3576 Ἀρμηνιακοῦ,
2171 3508 2262 3560 τοῦ

709 3593 1004 3646 Ῥουθένων
1030 3591 1125 3645 καὶ
1157 3591 1380 3662 Βάὸρων
1412 3592 1728 3655 ἐπισκόπου,
1763 3593 1899 3660 πρὸς
1941 3594 2148 3647 Παῦλον
2173 3597 2264 3648 τὸν

692 3687 894 3754 τριτον,
931 3683 998 3736 τὰ
1026 3684 1122 3752 τῆς
1165 3682 1461 3753 ἱερωσύνης
1493 3685 1904 3753 οἱκονομοῦντα,
1937 3686 2088 3756 παρὰ
2123 3687 2264 3738 Κελα-

693 3777 802 3830 τῶν
844 3775 1108 3846 βασιλέωί
1159 3776 1219 3828 ὲν
1265 3778 1333 3847 τῇ
1375 3775 1562 3847 Ῥώμη
1599 3779 1667 3846 τῇ
1707 3776 1846 3829 πάνυ
1893 3778 2266 3846 πρεσϐεύσαν-

693 3883 802 3928 τος.
825 3865 878 3920 id
904 3873 992 3920 est
1021 3882 1034 3894 ·
1066 3864 1373 3918 Absolutum
1399 3872 1475 3916 est
1523 3863 1612 3916 'toc
1645 3881 1773 3932 opus
1805 3864 2040 3919 Octobris
2064 3869 2146 3920 die
2178 3868 2262 3932 18,

693 3972 831 4012 anno
884 3954 1024 4011 1545
1071 3955 1429 4024 ChristOphori
1479 3955 1646 4008 Aweri
1705 3954 1954 4011 Germani
2000 3973 2154 4025 opera
2203 3976 2264 4013 ac

692 4049 964 4120 diligentia
996 4048 1412 4115 transcriptum;
1440 4047 1796 4116 muniﬁcentia
1822 4061 1993 4103 autem
2026 4063 2070 4104 et
2091 4053 2264 4105 studio

693 4142 748 4191 in
779 4139 981 4192 litteras
1039 4136 1408 4190 ardentissimo
1470 4135 1680 4207 Georgii
1740 4139 2042 4191 Armeniaci
2077 4139 2264 4206 (D’Ar-

695 4230 939 4300 magnae)
967 4229 1290 4282 Rutenorum
1320 4237 1368 4281 et
1414 4226 1707 4281 Vabrorum
1743 4229 1992 4298 episcopi,
2017 4247 2048 4282 a
2080 4230 2262 4285 Gallo-

695 4339 810 4374 rum
840 4336 956 4391 rege
981 4324 1048 4373 ad
1081 4335 1347 4402 summum
1371 4319 1668 4388 pontiﬁcem
1704 4318 1933 4373 Paulum
1974 4320 2063 4374 III
2107 4321 2263 4392 legati

698 4413 910 4465 Romam
957 4413 1123 4464 missi.
1184 4411 1262 4465 Ex
1301 4412 1404 4465 hoc
1436 4413 1554 4465 cod.
1590 4411 1755 4465 libros
1799 4411 1954 4465 Tomi
1983 4412 2138 4466 isxius
2172 4429 2260 4466 se-

2368 3250 2504 3303 quas
2544 3237 2612 3291 ab
2639 3240 2812 3294 amico
2847 3241 3170 3297 charissima
3214 3244 3487 3301 Ludovico
3533 3247 3733 3304 Tarnio
3764 3267 3943 3322 nuper

2369 3325 2560 3382 allatas
2588 3329 2656 3383 ad
2694 3330 2898 3385 calcem
2934 3334 3062 3387 torni
3095 3337 3322 3391 secundi
3354 3338 3406 3391 in
3439 3347 3597 3393 notas
3629 3343 3939 3397 retulimus.

2401 3454 2403 3456 -
2440 3419 2704 3489 Equidem
2751 3421 2854 3478 hoc
2888 3422 3008 3479 loco
3047 3433 3351 3494 temperare
3384 3429 3514 3482 mihi
3547 3444 3655 3484 non
3690 3446 3941 3501 possunt,

2367 3511 2499 3579 quin
2547 3521 2603 3566 et
2628 3528 2746 3567 mea
2777 3523 2832 3568 et
2862 3514 3156 3585 Nicephori
3185 3517 3440 3589 Grc-gora:
3472 3535 3634 3575 causa
3688 3523 3897 3577 doleam
3923 3542 3938 3588 ;

2368 3601 2510 3672 quod
2563 3619 2685 3658 cum
2719 3605 2805 3660 hic
2833 3621 2930 3676 per
2975 3623 3075 3662 nos
3120 3620 3324 3677 posset,
3356 3626 3464 3664 non
3515 3612 3676 3666 modo
3703 3613 3939 3683 integer,

2367 3694 2463 3746 sed
2519 3695 2682 3748 etiam
2725 3708 2904 3751 tersus
2947 3708 3004 3753 et
3044 3699 3280 3763 limatus,
3332 3700 3387 3753 in
3422 3702 3698 3770 publicum
3737 3707 3940 3770 emitti,

2368 3785 2511 3839 idem
2541 3795 2723 3842 tamen
2760 3789 3005 3858 pluribus
3035 3792 3270 3846 fortasse
3304 3793 3533 3848 maculis
3560 3810 3841 3863 respersus
3873 3813 3941 3852 ac

2365 3877 2629 3933 deformis
2659 3880 2834 3934 lucem
2867 3882 3086 3935 demum
3138 3882 3390 3951 aSpiciat.
3431 3884 3574 3939 Fieri
3604 3887 3749 3939 enim
3791 3889 3938 3942 haud

2368 3968 2568 4035 potuit,
2609 3979 2668 4023 ut
2711 3986 2819 4024 non
2866 3973 3033 4025 multa
3073 3973 3122 4024 in
3173 3977 3484 4043 apngraplto
3516 3977 3938 4032 mendosissitno

2367 4059 2556 4114 oculos
2595 4076 2743 4115 meos
2791 4061 3049 4133 fugerint,
3110 4076 3164 4117 et
3214 4066 3512 4119 incorrecta
3548 4071 3933 4123 remanserint.

2366 4147 2587 4203 Poterat
2619 4163 2803 4205 autem
2837 4153 2923 4206 hic
2949 4154 3190 4220 scriptor
3225 4155 3385 4224 longe
3413 4158 3722 4228 castigatior
3752 4161 3869 4213 dari
3901 4181 3932 4214 a

2365 4238 2542 4302 nobis,
2595 4240 2640 4292 si
2688 4257 2808 4309 quae
2840 4243 2893 4295 in
2945 4243 3146 4310 piuteis
3186 4239 3460 4298 Vaticanis
3492 4257 3674 4301 vetera
3715 4260 3938 4303 exstant

2367 4329 2722 4396 exemplaria,
2771 4346 2832 4383 ea
2867 4347 3037 4399 penes
3087 4349 3184 4387 nos
3233 4334 3482 4387 fuissent.
3533 4338 3639 4390 Sed
3673 4339 3931 4392 nimirum

2369 4419 2459 4471 uni
2493 4434 2600 4472 non
2643 4423 2821 4474 omnia
2855 4422 2979 4475 data
3033 4435 3181 4479 sunt.
3212 4425 3365 4489 Quod
3397 4437 3575 4480 autem
3621 4429 3797 4482 facere
3831 4446 3933 4498 ego

695 4504 856 4558 cundi
888 4519 982 4559 sex
1036 4503 1248 4573 priores
1299 4511 1550 4558 accurate
1598 4503 1900 4571 descriptos
1931 4506 2076 4572 (nam
2111 4494 2259 4558 codi-
2293 4501 2337 4552 ῐ)
2367 4523 2476 4560 non
2525 4511 2695 4577 potui,
2743 4510 2794 4564 id
2843 4513 3112 4581 quondam
3157 4514 3408 4578 fortasse,
3439 4517 3483 4570 si
3524 4518 3655 4569 tanti
3697 4532 3785 4571 res
3810 4535 3933 4572 esse

695 4612 810 4650 cem
839 4595 1013 4662 ipsum
1060 4595 1350 4664 quominus
1400 4592 1747 4664 typographis
1795 4596 2259 4648 committeremus

697 4688 882 4758 religio
917 4687 1071 4741 nobis
1103 4687 1249 4756 fuit),
1277 4687 1417 4757 typis
1448 4685 1830 4754 exprimendus
1858 4686 2185 4738 curavimus.

759 4781 1002 4833 Alterum
1036 4782 1428 4849 apographum,
1481 4787 1605 4830 ante
1637 4777 1737 4831 hos
1787 4777 2026 4846 quinque
2078 4792 2253 4829 annos

697 4869 880 4924 Roma:
930 4870 1195 4939 scriptum
1234 4877 1290 4922 et
1336 4883 1365 4921 a
1415 4855 1717 4922 clarissimo
1767 4867 1883 4919 viro
1926 4866 1963 4918 Ι.
2003 4865 2253 4918 Vivantio

694 4960 959 5014 Lutetiam
988 4962 1228 5023 allatum,
1271 4958 1424 5012 valde
1461 4957 1782 5011 mendosum
1817 4963 1952 5010 erat.
1986 4955 2252 5009 N'mirum

695 5061 751 5103 ut
783 5051 923 5119 apud
957 5065 1078 5114 nos,
1133 5052 1203 5102 ita
1252 5050 1415 5103 etiam
1447 5046 1633 5099 Romae
1673 5060 1866 5113 magna
1901 5054 1984 5098 est
2011 5044 2254 5113 paucitas

693 5162 879 5198 corum
908 5145 1383 5216 calligraphorutn,
1410 5144 1501 5212 qui
1534 5157 1756 5196 manum
1791 5142 1845 5194 in
1872 5141 2073 5194 Graecis
2099 5157 2254 5194 exer-

691 5237 906 5289 citatam
943 5237 1215 5301 habeant;
1263 5236 1506 5304 adeoque
1536 5247 1760 5287 necesse
1799 5241 1881 5286 est
1907 5233 1974 5285 ad
2002 5232 2254 5286 librarios

691 5327 852 5381 rudes
883 5338 938 5381 et
963 5328 1247 5396 imperitos
1278 5340 1579 5386 recurrere,
1614 5325 2045 5393 quotiescunque
2079 5325 2255 5394 agitur

687 5418 753 5469 de
780 5415 1146 5471 exscribendis
1176 5417 1453 5471 codicibus
1493 5413 1716 5468 Graecis.
1749 5413 1825 5466 Ex
1851 5429 1916 5467 eo
1945 5415 2254 5483 apOgrapho

687 5509 958 5577 prodeunt
985 5510 1147 5564 hodie
1170 5510 1222 5564 in
1260 5511 1438 5563 lucem
1465 5507 1589 5561 libri
1616 5517 1845 5576 septem,
1870 5506 1959 5575 qui
1990 5508 2251 5576 reliquam

687 5604 848 5672 hujus
883 5605 1011 5657 tomi
1049 5603 1274 5658 secundi
1307 5610 1516 5673 partem
1547 5600 1806 5670 explent;
1847 5599 2016 5671 iique,
2049 5600 2252 5656 ultimis

758 5766 828 5836 (b)
872 5764 991 5819 Vid.
1027 5761 1358 5829 Fabricium,
1389 5761 1525 5816 infra
1569 5760 1677 5816 col:
1709 5761 1776 5816 99
1801 5761 1863 5815 C.

2366 4600 2658 4665 videbitur,
2685 4601 2893 4655 felicior
2919 4604 3144 4675 alterius
3172 4608 3435 4660 industria
3468 4607 3764 4676 praestabit.

2432 4691 2512 4744 Ad
2544 4691 2792 4746 Latinam
2847 4695 3350 4762 interpretationem
3384 4709 3625 4750 nostram
3671 4699 3818 4765 quod
3850 4711 3933 4752 at-

2365 4782 2520 4842 tinet,
2564 4784 2848 4851 scriptoris
2876 4783 3052 4838 (ἔτωυὶ
3086 4796 3324 4839 trientem
3362 4789 3404 4840 si
3439 4803 3523 4840 me
3554 4788 3753 4857 ubique
3782 4806 3928 4842 asse-

2362 4881 2546 4924 cutum
2583 4874 2752 4926 fuisse.
2801 4874 3082 4938 aﬂirtnem,
3141 4891 3405 4946 arrogans
3453 4893 3593 4931 san:
3633 4885 3932 4946 praesertim

2363 4978 2486 5014 cum
2517 4979 2615 5015 nec
2637 4962 2829 5017 Wollio
2861 4966 2984 5033 ipsi,
3014 4975 3269 5018 veterano
3290 4979 3346 5019 et
3370 4971 3600 5020 emerito
3625 4969 3931 5037 interpreti.

2363 5054 2416 5105 id
2447 5056 2758 5122 contigerit.
2809 5053 3108 5109 Possumus
3139 5073 3267 5110 vero
3309 5045 3542 5126 uterque
3589 5060 3690 5112 hac
3719 5061 3934 5112 ratione

2364 5160 2462 5198 nos
2487 5145 2804 5208 defendere,
2833 5148 2974 5213 quod
3003 5147 3094 5214 qui
3127 5147 3266 5199 viam
3301 5150 3500 5200 nullius
3529 5164 3714 5217 gressu
3740 5150 3922 5200 tritam

2363 5235 2717 5303 ingrediatur,
2762 5236 2808 5288 ei
2849 5234 3222 5288 difﬁcillimum
3260 5237 3328 5289 si:
3374 5253 3479 5289 non
3524 5239 3663 5299 labi;
3701 5254 3810 5305 pra:
3845 5254 3935 5290 er-

2361 5335 2455 5379 tim
2486 5329 2530 5378 si
2559 5342 2621 5380 ea
2656 5327 2862 5382 lubrica
2888 5330 2959 5382 sit
2987 5336 3040 5382 et
3065 5330 3382 5398 confragosa
3412 5341 3468 5383 et
3490 5329 3716 5383 salebris
3741 5330 3927 5398 plena,

2359 5418 2546 5487 quales
2577 5422 2775 5488 passim
2807 5407 2996 5490 objicit
3029 5420 3368 5491 Nicepltorus
3400 5432 3621 5489 noster;
3666 5424 3756 5490 qui
3786 5437 3931 5489 quo-

2359 5512 2459 5564 ties
2488 5515 2701 5581 evagari
2729 5513 2885 5567 libuit
2916 5514 3065 5584 (libet
3086 5523 3264 5568 autent
3292 5516 3455 5568 nimis
3476 5517 3664 5582 Saepe),
3689 5525 3802 5567 tum
3835 5516 3932 5566 ilc-

2357 5617 2504 5657 mum
2534 5603 2799 5659 disertum
2829 5619 2886 5660 se
2911 5615 2965 5659 et
2991 5605 3291 5674 elegantem
3320 5606 3514 5671 credit,
3549 5618 3671 5658 cum
3704 5614 3930 5658 senten-
