4214 6450
266 370 326 421 n
1702 364 2125 425 PREFATIO.
3440 355 3506 419 18

264 477 391 526 tiztm
422 487 575 526 suam
612 474 896 528 verborum
926 474 1245 547 ambagibus
1272 492 1432 546 quam
1463 480 1693 533 maxime
1719 498 1839 551 per-
1871 486 1911 540 Α
1945 481 2234 535 barbarum
2277 480 2343 534 de
2376 478 2514 533 bello
2544 492 2721 541 sacro,
2755 476 2882 531 itent
2912 475 2978 529 de
3010 472 3509 541 ConstantinOpett-

265 566 435 633 plexis
482 568 763 624 involvere
799 569 999 640 potuit.

337 657 494 713 Tomi
523 662 686 730 primi
720 662 947 733 singulis
972 666 1213 736 paginis.
1243 668 1500 737 quoniam
1533 680 1839 740 temporum

269 753 409 807 ratio
439 752 496 806 in
525 767 590 808 ea
624 754 865 810 historiae
894 767 1048 827 parte
1067 774 1176 813 non
1206 759 1338 814 satis
1366 770 1513 817 certa
1550 776 1671 817 esse
1696 763 1843 817 vide-

270 843 451 906 batur,
506 858 713 899 annum
758 848 1116 915 praescribere
1161 865 1271 904 non
1307 852 1607 921 potuimus.
1656 855 1843 924 Itaque

270 935 380 990 illic
417 952 521 1006 pro
572 938 734 994 annis
784 939 1037 1011 imperia,
1070 957 1166 999 seu
1224 947 1566 1017 regnantium
1598 946 1844 1018 Impera-

270 1038 465 1079 torum-
486 1028 732 1094 nomina,
774 1031 953 1101 posita
986 1041 1137 1088 sunt.
1170 1034 1231 1090 In
1265 1045 1413 1092 tomo
1446 1039 1709 1102 secundo,
1744 1055 1845 1094 an-

272 1133 371 1170 nos
403 1119 577 1186 ipsos,
609 1122 868 1185 quoniam
900 1121 969 1178 de
1000 1123 1070 1182 iis
1115 1129 1420 1193 constabat,
1455 1129 1808 1198 apposuiinus
1830 1172 1845 1195 ,

273 1208 671 1276 imperatorum
728 1219 915 1265 autem
985 1214 1213 1268 nomina
1272 1214 1580 1270 omisimus.
1634 1212 1847 1286 Quippe

270 1313 395 1351 cum
430 1314 530 1366 per
558 1314 735 1355 annos
765 1301 953 1358 decem
985 1315 1305 1374 perpetuos,
1332 1320 1470 1376 quos
1494 1308 1736 1362 continet
1760 1308 1849 1364 hic

270 1397 475 1451 tomus,
528 1398 770 1458 potestas
816 1393 1165 1464 imperatoria
1205 1410 1375 1466 penes
1403 1396 1541 1453 duos
1579 1398 1850 1468 principes

274 1477 460 1543 fuerit,
511 1479 877 1553 Palzeologum
917 1493 973 1538 et
1002 1484 1470 1551 Cantacuzenum,
1507 1488 1699 1543 inutile
1731 1505 1850 1545 esse

273 1566 541 1623 duximus
571 1580 823 1640 repetere
857 1572 911 1627 in
963 1575 1195 1646 singulis
1238 1577 1451 1648 paginis
1483 1578 1561 1643 id,
1591 1580 1734 1648 quod
1762 1594 1848 1633 se-

275 1657 381 1710 ntel
432 1659 715 1715 monuisse
747 1663 882 1717 satis
914 1662 1077 1720 foret.
1122 1665 1315 1722 Libros
1347 1667 1400 1722 in
1439 1672 1639 1739 capita,
1673 1672 1849 1741 capita

276 1748 328 1800 in
364 1749 641 1805 sectiones
665 1754 856 1808 eadem
882 1757 1138 1813 methodo
1167 1758 1473 1826 divisimus,
1498 1776 1603 1828 qua
1627 1762 1677 1814 in
1705 1771 1851 1817 tome

275 1841 475 1907 primo.
515 1841 575 1896 In
624 1843 916 1902 breviariis
955 1864 1173 1918 quoque
1221 1860 1278 1905 et
1324 1852 1378 1905 in
1419 1854 1563 1908 notis
1603 1856 1849 1909 eamdem

278 1948 508 2000 prorsus
540 1937 811 1992 rationem
843 1940 1017 1995 secuti
1051 1957 1263 1998 sumus.

352 2025 795 2095 Disputationem
846 2047 972 2087 cum
1027 2033 1296 2099 Cabasila,
1334 2036 1487 2091 libris
1519 2038 1692 2094 tribus
1744 2058 1851 2095 non

278 2116 405 2170 totis
428 2120 878 2189 comprehensam
900 2121 1047 2192 (nam
1070 2139 1130 2179 ea
1156 2140 1184 2177 a
1203 2124 1461 2180 vicesimo
1497 2130 1737 2182 secundo
1770 2132 1854 2184 in-

277 2206 478 2261 choato
533 2210 600 2265 ad
654 2212 972 2268 vicesintum
1005 2227 1257 2285 quartum
1296 2216 1410 2271 fere
1462 2221 1698 2274 nn-dium
1757 2239 1852 2276 ex-

278 2305 498 2371 enrrit),
537 2307 681 2375 quod
708 2310 775 2363 ad
807 2310 1092 2365 historiam
1124 2313 1268 2368 haud
1305 2320 1434 2368 satis
1466 2322 1744 2384 pertinere
1780 2322 1855 2373 vi-

278 2395 530 2460 deretur,
562 2399 632 2455 ad
654 2402 884 2457 secundi
918 2402 1210 2460 voluminis
1243 2407 1446 2459 calcem
1482 2408 1707 2478 rejicere
1737 2413 1856 2464 ani-

280 2503 404 2541 mus
456 2490 694 2558 printum
724 2492 848 2551 fuit.
896 2492 1144 2560 Demum,
1192 2511 1261 2550 ne
1290 2499 1547 2552 continua
1597 2500 1854 2555 librorum

280 2578 458 2632 series
505 2579 944 2651 abrumperetur,
1001 2585 1200 2640 rectius
1230 2585 1500 2641 facturum
1558 2605 1643 2644 me
1671 2593 1830 2645 existi

281 2670 450 2733 mavi,
480 2672 528 2725 si
556 2687 715 2726 suum
739 2673 787 2727 ei
810 2690 874 2729 ac
901 2676 1178 2746 proprium
1205 2677 1380 2732 locum
1413 2696 1709 2737 servarent.
1739 2682 1857 2737 Una

284 2776 369 2811 me
408 2775 497 2814 res
525 2763 875 2830 morabatur;
928 2768 1069 2834 quod
1101 2784 1222 2821 eam
1254 2770 1672 2838 disputationem
1717 2788 1857 2827 non-

281 2852 413 2905 dum
458 2851 650 2907 Latine
696 2855 1013 2921 vertissem,
1046 2874 1145 2912 nec
1176 2860 1306 2912 mihi
1341 2861 1513 2914 otium
1548 2873 1859 2932 superesset

281 2943 349 2994 ad
387 2944 535 2996 istud
568 2959 785 3014 quoque
834 2962 1062 3016 pensum
1112 2950 1522 3005 absolvendum.
1578 2954 1718 3007 Inter
1748 2955 1859 3008 hzec

281 3037 639 3091 commodum
665 3054 819 3092 suam
855 3040 989 3094 milti
1025 3056 1245 3110 operam
1279 3043 1474 3097 obtulit
1502 3044 1567 3097 il.
1600 3046 1860 3101 Claudius

1946 574 2110 638 tanis,
2150 570 2619 641 Peloponnesiacis
2658 573 2714 623 et
2758 566 3130 636 Neapolitanis
3176 564 3507 618 Francorum

1945 664 2410 734 expeditionibus,
2439 663 2637 717 selceta
2667 661 2939 718 rariorum
2972 656 3231 729 epuscttlzi
3263 655 3509 710 contine-

1946 756 2061 819 bit;
2089 770 2153 811 ea
2190 756 2423 819 scilicet,
2452 768 2575 825 quae
2604 751 2900 824 Nicephori
2935 750 3191 822 Gregora:
3222 748 3510 805 Historiam

1945 856 2176 918 possunt
2200 847 2494 901 illustrare.
2526 847 2581 899 In
2614 846 2679 900 iis
2713 854 2907 899 erunt:

2017 937 2058 992 Ι.
2087 938 2335 993 Narratio
2370 938 2570 991 Niccta:
2598 937 2876 991 Chonlata:
2911 934 2979 989 de
3026 932 3221 988 statuis
3248 931 3514 986 Constan—

1949 1030 2355 1102 tinopolitanis,
2399 1045 2535 1098 quas
2566 1028 2765 1091 Latini,
2817 1035 2971 1096 capta
3008 1025 3174 1090 Urbe,
3209 1022 3514 1077 contractas

1949 1123 2002 1177 in
2031 1131 2304 1176 monetam
2330 1119 2727 1174 conﬂaverant.
2756 1117 2924 1187 Cujus
2954 1112 3304 1176 narrationis,
3337 1126 3403 1165 ex
3424 1125 3517 1164 co-

1948 1214 2069 1268 dice
2100 1213 2393 1265 Bodleiano
2426 1211 2736 1279 descriptae,
2768 1209 2921 1278 copia
2958 1207 3088 1261 mihi
3115 1220 3146 1260 ι
3181 1204 3299 1258 viro
3327 1201 3519 1257 claris-

1951 1306 2087 1361 simo
2116 1302 2327 1358 Joanne
2364 1301 2592 1356 Ernesto
2619 1300 2818 1354 Grabio
2848 1298 2986 1351 facta
3010 1302 3113 1351 est.

2023 1397 2088 1452 ll.
2121 1395 2389 1450 Theodori
2426 1393 2673 1446 Lascaris
2722 1390 2996 1446 orationes
3028 1388 3168 1443 dum.
3216 1385 3301 1439 la.
3332 1383 3517 1439 Enco-

1951 1488 2120 1540 tninm
2159 1487 2328 1556 patris
2357 1485 2494 1552 ejus,
2529 1482 2758 1538 Joannis
2787 1483 2943 1537 DthIB
2968 1481 3099 1551 imp.
3128 1479 3215 1533 2'1.
3257 1476 3402 1532 Laus
3430 1490 3519 1530 ur-

1954 1580 2037 1634 bis
2074 1577 2287 1640 Nicaeae,
2321 1590 2385 1626 cx
2418 1574 2539 1627 cnd.
2572 1574 2705 1639 Reg.

2024 1672 2115 1725 Ill.
2157 1669 2569 1723 Testamentum
2605 1664 2820 1720 Arsenii
2872 1660 3218 1736 patriarchae,
3247 1657 3455 1714 editum
3490 1672 3517 1710 a

1953 1763 2245 1818 Cetelerio.

2032 1856 2118 1911 IV.
2166 1856 2451 1912 Athanasii
2490 1851 2811 1924 patriarcha:
2845 1848 2912 1903 ad
2953 1847 3225 1902 seniorem
3252 1843 3521 1900 Androni-

1955 1965 2076 2003 cnnt
2112 1948 2353 2017 epismlae
2387 1957 2437 2000 et
2472 1946 2763 2000 relationes
2809 1940 3050 2003 selectae,
3090 1955 3152 1993 ex
3186 1937 3373 1991 codice
3404 1935 3522 1989 sin-

1957 2041 2153 2109 gulari,
2194 2054 2353 2108 quem
2388 2036 2730 2090 Bibliotheca:
2769 2031 2949 2101 Regia:
2997 2044 3120 2083 cum
3168 2028 3288 2081 aliis
3337 2025 3538 2078 multis.

1957 2147 2129 2201 nuper
2159 2132 2378 2184 donavit
2426 2130 2488 2184 C.
2522 2127 2692 2181 Manr.
2739 2123 3027 2186 Tellerius,
3074 2119 3525 2189 archiepiscopus

1955 2224 2061 2277 dux
2090 2221 2435 2276 Rhctnensis.

2029 2316 2089 2370 V.
2122 2314 2387 2370 Manuelis
2408 2313 2572 2369 Philm
2605 2325 2794 2383 poema
2818 2307 3134 2363 historicum
3160 2305 3225 2358 dc
3252 2300 3527 2358 Michaelis

1956 2408 2137 2463 Glabm
2172 2409 2335 2463 rebus
2364 2410 2553 2477 gestis,
2588 2422 2650 2460 ex
2704 2405 2810 2459 alio
2853 2401 2974 2457 cod.
3012 2398 3180 2470 Regio
3212 2397 3362 2467 (olim
3399 2392 3524 2449 Tel-

1960 2499 2187 2569 Ieriano)
2227 2499 2585 2565 descriptum.

2030 2589 2120 2644 Vl.
2169 2590 2373 2644 Tomus
2430 2586 2831 2660 pseudosynodi
2886 2582 3232 2644 Palamiticze,
3268 2578 3447 2634 editus
3499 2591 3530 2631 a

1959 2682 2307 2739 Combetisio.

2033 2774 2416 2843 \’ll.Excerpta
2430 2790 2495 2827 ex
2514 2773 2731 2841 scriptis
2748 2771 3029 2842 Nicephori
3049 2764 3534 2839 Bleunnydmﬁm-

1961 2866 2093 2936 gerii
2122 2866 2321 2936 Cyprii,
2344 2864 2609 2919 Theoduli
2643 2863 2918 2927 Rhetoris,
2946 2858 3234 2929 Nic-ephori
3265 2853 3531 2914 Cltutuni,

1962 2959 2248 3025 Barlaami,
2309 2959 2596 3029 Aeindyui,
2665 2958 2916 3018 Palamm,
2983 2953 3185 3009 Nicolai
3249 2948 3533 3012 Cabas‘liﬁ.

1964 3051 2227 3106 Philutltei
2272 3051 2614 3121 patriarcha,
2668 3049 2859 3104 Medici
2909 3046 3202 3109 Taronitze,
3265 3044 3536 3097 Cantacu-

282 3124 793 3195 Cappcronnerius,
835 3130 1172 3186 Licentiatus
1197 3135 1480 3205 theologus
1511 3134 1858 3192 Parisiensis.
1890 3150 1935 3211 ε
1969 3147 2107 3209 zeni,
2141 3145 2397 3201 Demetrii
2422 3143 2670 3216 Cydonii,
2699 3143 2868 3212 ipsius
2902 3140 3176 3211 Grcgnra‘,
3207 3149 3257 3192 et
3280 3135 3536 3198 aliorum,

286 3218 433 3271 Huic
461 3233 582 3288 ego,
615 3219 803 3276 Graece
830 3233 885 3276 et
918 3221 1109 3277 Latine
1141 3224 1480 3288 doctissimo,
1512 3228 1670 3281 facile
1704 3230 1863 3295 equi-

293 3313 413 3359 :em
441 3308 711 3363 adductus
736 3325 883 3376 sum,
910 3323 969 3366 ut
990 3328 1082 3366 eas
1106 3323 1287 3381 partes
1312 3315 1580 3369 traderem
1605 3333 1617 3379 ;
1646 3332 1711 3370 eo
1733 3332 1866 3386 prse-

287 3400 505 3463 sertim,
562 3404 707 3468 quod
749 3416 869 3470 qum
928 3403 1015 3458 ille
1051 3404 1461 3474 interpretanda
1515 3418 1867 3477 suscepturus

287 3489 455 3554 foret,
484 3506 547 3545 ea
571 3503 754 3547 essent
776 3493 889 3550 fere
918 3496 1243 3575 dogmatica,
1270 3500 1512 3567 adeoque
1534 3500 1617 3552 vix
1646 3509 1869 3568 possent.

289 3582 476 3634 verbis
515 3585 751 3653 propriis
790 3600 852 3638 ac
901 3587 1208 3655 perspicuis
1246 3604 1274 3639 a
1305 3603 1577 3657 quoquam
1615 3590 1866 3659 exprimi,

290 3676 399 3731 nisi
449 3677 543 3748 qui
596 3678 652 3732 in
686 3679 848 3732 rebus
883 3680 1205 3751 lheologicis
1251 3684 1478 3736 nmltum
1520 3694 1767 3737 versatus
1816 3693 1872 3737 et

290 3770 618 3839 quotidiano
646 3772 959 3826 sebolarutn
995 3790 1093 3827 usu
1123 3775 1382 3828 subactus
1417 3775 1591 3829 foret:
1626 3776 1674 3828 id
1703 3777 1867 3845 quod,

294 3862 339 3914 si
376 3861 463 3915 cui
496 3877 755 3935 unquam,
791 3864 1287 3918 cumulatissintum
1327 3875 1475 3919 certe
1504 3865 1587 3919 isli
1618 3867 1863 3934 contigit.

369 3951 602 4005 Tomum
638 3955 857 4008 tertium
895 3957 1230 4009 conStituent
1264 3958 1381 4010 libri
1421 3958 1870 4026 qttntuordccim;

302 4043 545 4099 historici
589 4047 810 4116 quidem
843 4057 985 4111 octo,
1015 4050 1299 4119 dogtnatiri
1336 4066 1462 4103 vero
1494 4068 1621 4115 sex;
1659 4052 1723 4104 de
1754 4054 1875 4121 qui-

303 4137 404 4193 bus
439 4140 518 4193 nil
549 4155 776 4195 necesse
808 4152 892 4195 est
930 4142 1143 4211 praefari
1178 4143 1333 4196 initio
1368 4144 1526 4212 hujus
1556 4143 1869 4200 voltuninis.

372 4228 577 4286 Tomus
627 4242 874 4300 quartus,
933 4244 1125 4302 pra-ter
1176 4250 1366 4298 poema
1421 4236 1608 4305 ingens
1656 4236 1870 4289 Grmcoo

1966 3236 2170 3297 omnia,
2211 3234 2552 3305 paucissimis
2582 3234 2841 3303 exceptis,
2874 3233 3160 3285 anecdota.

2038 3325 2113 3381 Ita
2146 3338 2381 3392 quatuor
2418 3325 2578 3380 tomis
2632 3326 2699 3393 (c)
2746 3324 3013 3393 integrant
3060 3335 3197 3390 opus
3232 3314 3538 3373 constabit:

1969 3419 2113 3489 quod
2170 3419 2337 3481 brevi,
2390 3426 2447 3471 nt
2501 3431 2681 3486 spero,
2739 3416 3069 3478 absolvetur,
3126 3412 3341 3466 favente
3388 3408 3541 3463 ltiStze

1971 3507 2167 3561 studiis
2197 3506 2399 3560 nostris
2429 3504 2796 3558 illustrissimo
2816 3504 3033 3565 comite,
3070 3498 3373 3555 caneellarii
3406 3496 3540 3558 tilio,

1972 3598 2301 3667 Hieronymo
2347 3596 2808 3651 Ponchartrrcnio.
2861 3594 3067 3663 Nempe
3115 3594 3203 3647 hic
3242 3591 3307 3645 ad
3358 3604 3542 3645 secre-
3612 3611 3622 3649 c,

1973 3691 2109 3743 tiort
2143 3688 2306 3757 Regis
2349 3687 2576 3741 consilia
2607 3686 2898 3748 admissus,
2933 3694 3095 3753 atque
3128 3682 3299 3754 ipsius
3330 3682 3407 3736 rei
3446 3696 3543 3735 na-
3620 3669 3623 3672 ’

1971 3781 2108 3834 valis
2160 3778 2617 3833 administrationi
2666 3777 2974 3846 praefectus,
3025 3775 3227 3829 artium
3283 3779 3543 3842 praetcrea

1976 3881 2031 3924 et
2068 3870 2480 3923 Academiarum
2536 3867 2700 3921 rebus
2732 3865 3049 3920 ordinandis
3097 3863 3381 3925 incumbit,
3425 3876 3544 3917 suc-

1977 3976 2160 4014 cessor
2185 3960 2327 4015 idem
2360 3968 2414 4015 et
2444 3960 2674 4013 annulus
2694 3958 2901 4029 patris;
2949 3972 3110 4027 quem
3140 3957 3446 4011 litterarum
3481 3967 3546 4008 ac

1978 4052 2341 4106 litteratorum
2379 4066 2567 4106 amore
2611 4059 2665 4104 et
2704 4048 2918 4105 exculto
2952 4048 3271 4103 liberalibus
3300 4045 3546 4117 discipli-

1978 4146 2063 4198 nis
2095 4144 2311 4215 ingenio
2342 4144 2419 4198 sic
2449 4143 2636 4204 refert.
2670 4154 2730 4199 ut
2755 4144 2805 4197 ei
2838 4158 2947 4198 non
2980 4141 3167 4196 tamin
3195 4154 3355 4195 curas
3383 4153 3544 4209 quam

1979 4238 2033 4292 iu
2065 4238 2276 4291 laudem
2309 4237 2639 4293 successisse
2681 4236 2948 4311 videatur.

360 4436 428 4509 (ς)
473 4436 614 4509 Tomi
661 4436 905 4509 ltl_et.__lV
930 4436 1092 4509 iuC‘rn
1129 4450 1221 4509 non
1267 4436 1510 4507 \iiit‘rztttl.
1552 4440 1617 4487 lix
1648 4438 1744 4509 his
1785 4446 1945 4488 autem
1972 4438 2182 4509 quaehis
2220 4439 2635 4509 promittebatttur
2674 4441 2915 4503 pleraque
2955 4444 3127 4504 postea
3163 4434 3459 4501 prodierunt
3496 4437 3550 4486 et

299 4506 502 4547 exstant
522 4499 570 4547 iu
582 4499 923 4561 superioribus
944 4500 1086 4549 tomis
1110 4499 1183 4547 vel
1209 4500 1432 4560 proxime
1446 4502 1771 4561 sequentibus
1790 4510 1969 4552 nostrae
1991 4499 2318 4553 colieetiouis.
2345 4502 2484 4553 Eutr.
2511 4502 2661 4552 Pun.
