4214 6450
684 341 754 405 19
1776 354 2196 417 NICEPHORI
2237 357 2348 420 GR.

2263 358 2618 425 :REGOBIE
2660 359 2857 423 VITA.
3851 363 3927 426 20

690 537 3914 578 .._____________________________________________

1232 727 2267 889 NICEPHORI
2400 736 3372 896 GBEGOBXE

1571 1037 1901 1128 VITA.

2006 1032 2441 1128 OPERA.
2547 1036 3027 1129 ELOGIA.

681 1220 776 1286 Ad
834 1223 935 1288 ΙΙΙ.
987 1225 1285 1289 Αὸὐαιειη
1343 1231 1674 1293 (familiam
1741 1233 2109 1308 Trllcrium,
2172 1232 2340 1296 Βίῡῑὶ

2262 1232 2573 1298 ῡιὶοιιιεσω
2625 1237 2829 1316 Regii:
2893 1237 3287 1314 Prw/actum,
3345 1237 3596 1318 scripsit
3646 1236 3926 1298 Joannes

2133 1342 2466 1403 Rowinus.

2144 1648 2473 1735 VITA.

746 1956 1000 2029 Cregora:
1018 1957 1223 2023 vitam.
1251 1972 1507 2017 accurate
1535 1972 1858 2026 enamtam,
1886 1977 1994 2018 non
2024 1961 2097 2016 ita
2123 1961 2238 2032 pri-
2268 1965 2312 2023 Α
2339 1961 2492 2017 Asia.
2531 1960 2933 2033 Paphlagonem
2994 1975 3119 2016 eum
3178 1960 3307 2016 facit
3365 1957 3676 2029 patriarcha
3740 1958 3930 2016 Philo-

679 2054 801 2108 dem
816 2053 1054 2122 vulgavit
1071 2052 1335 2109 Martinus
1361 2053 1622 2122 Hanltius,
1659 2056 1745 2112 vir
1762 2057 1956 2113 doetus
1977 2068 2034 2113 et
2057 2057 2109 2112 in
2139 2057 2252 2112 his-

685 2145 843 2199 toriis
877 2144 1080 2200 Graecis
1104 2144 1422 2216 Latinisque
1447 2146 1590 2202 haud
1616 2147 1966 2203 mediocriter
1978 2157 2252 2204 versatus.

680 2233 789 2289 Sed
823 2236 870 2290 is
892 2235 1060 2291 libros
1079 2235 1335 2309 Gregom
1363 2237 1498 2294 alios
1531 2254 1639 2292 non
1672 2239 1901 2306 viderat,
1946 2239 2053 2294 nisi
2079 2241 2252 2297 unde-

677 2327 1042 2396 cimgpriores.
1075 2328 1145 2384 ab
1181 2327 1514 2402 Hieronymo
1547 2331 1744 2388 Wolfio
1791 2333 1990 2391 editos.
2031 2335 2162 2404 Ego,
2194 2344 2255 2390 ut

679 2427 805 2474 urbe
851 2419 979 2486 seis,
1009 2420 1195 2476 Abhas
1246 2421 1606 2490 nobilissime,
1645 2425 1886 2497 integros
1935 2426 2254 2496 duodequa-

678 2510 928 2580 draginta
954 2511 1152 2572 habui;
1179 2511 1308 2566 item
1333 2511 1440 2566 alia
1461 2513 1712 2582 quaedam
1739 2515 1981 2572 eiusdem
2011 2513 2252 2571 auctoris

677 2602 964 2664 anecdota,
1003 2617 1066 2657 ac
1099 2601 1153 2655 in
1190 2603 1258 2659 iis
1303 2603 1576 2674 dialogum
1621 2605 1694 2658 De
1729 2605 2029 2676 Sapiertia,
2065 2608 2158 2678 qui
2198 2615 2253 2663 et

681 2694 987 2749 Florentius
1016 2696 1349 2751 inscribitur.
1387 2695 1484 2752 llis
1525 2697 1799 2763 omnibus,
1832 2708 1888 2754 et
1936 2700 2058 2754 aliis
2112 2716 2249 2771 prae-

681 2798 828 2841 tcrea
852 2788 1141 2857 aequalium
1167 2788 1421 2858 Qregnra'.
1438 2788 1765 2857 scriptorum
1788 2789 1943 2846 libris
1970 2791 2248 2862 perlectis,

681 2879 916 2946 plurima
945 2880 1011 2935 ad
1041 2884 1186 2935 hunc
1239 2879 1384 2935 diem
1430 2879 1623 2950 paucis
1672 2881 1998 2952 investigata
2047 2881 2249 2950 didici;

679 2985 906 3040 remque
953 2971 1021 3025 ab
1053 2965 1279 3027 homine
1309 2971 1547 3036 erudito.
1605 2971 1699 3027 sed
1756 2972 1862 3025 illis
1911 2971 2046 3042 ipsis
2090 2971 2252 3042 adju-

681 3061 883 3116 tnentis
911 3062 1197 3127 destituto,
1219 3061 1330 3130 jam
1365 3063 1451 3132 (ut
1506 3063 1768 3132 diximus)
1817 3071 2128 3127 tractatam,
2180 3064 2251 3119 de

682 3170 824 3211 novo
854 3155 1127 3224 explicare
1161 3155 1401 3212 institui.
1440 3155 1707 3212 Ceterum
1747 3157 1792 3210 si
1832 3154 2022 3211 llenkii
2062 3172 2244 3211 exem-

685 3248 797 3317 plo,
855 3248 1157 3304 alienorum
1212 3264 1438 3320 operum
1483 3248 1681 3320 pannis
1725 3248 1968 3316 undique
2012 3248 2245 3316 collatis,

683 3340 974 3408 quemdam
1011 3340 1176 3395 veluti
1211 3350 1498 3396 centonem
1526 3341 1843 3406 texuissem,
1872 3340 2078 3394 veritus
2106 3355 2247 3406 sum,

684 3447 755 3487 ne
785 3449 1014 3503 parvum
1047 3449 1146 3505 per
1171 3449 1230 3489 se
1263 3451 1290 3487 a
1311 3451 1320 3456 ·
1342 3435 1730 3489 “amentum-in
1762 3449 2015 3504 magnum
2047 3432 2251 3488 sensim

682 3527 940 3581 volumen
973 3534 1338 3582 excresceret.
1373 3526 1532 3581 llatai
1570 3526 1753 3595 itaque
1791 3527 1926 3580 meis
1965 3525 2163 3588 verbis,
2198 3537 2254 3578 et

683 3620 990 3674 continenti
1051 3619 1163 3674 fere
1213 3620 1549 3682 narratione,
1610 3617 1883 3689 sigillatim
1917 3633 2145 3687 quaeque
2197 3624 2253 3670 et

684 3710 925 3764 breviter
945 3725 1419 3773 commemorare;
1450 3710 1708 3786 nimirum
1735 3717 1794 3762 ut
1818 3709 1978 3777 cujus
2004 3706 2252 3760 historici

686 3803 876 3866 libros,
907 3817 1004 3871 per
1031 3802 1209 3857 varias
1231 3801 1596 3856 bibliothecas
1619 3811 1779 3854 antea
1818 3799 2115 3868 dispersos,
2147 3798 2254 3852 tuis

683 3896 991 3968 sumptibus
1009 3881 1242 3966 tuaque,
1275 3895 1457 3950 Abhas
1487 3893 1880 3955 illustrissime,
1928 3891 2253 3947 auctoritate

683 3990 1114 4060 eollegissemus,
1142 3991 1263 4059 ejus
1295 3997 1353 4041 tu
1392 3987 1538 4042 dicta
1573 3996 1630 4038 οἱ
1669 3986 1808 4041 facta
1852 3986 2000 4040 brevi
2031 4003 2127 4057 per
2151 4000 2253 4041 nos

686 4084 869 4138 libello
892 4082 1290 4152 comprehensa
1322 4083 1590 4146 haberes;
1622 4091 1677 4136 et
1719 4081 1848 4136 hinc
1880 4092 2082 4151 quanta
2109 4081 2252 4150 apud

685 4192 817 4231 suos
846 4176 1165 4231 celebritate
1196 4175 1464 4245 Gregoras
1495 4185 1679 4230 noster
1705 4176 1999 4236 ﬂoruisset,
2041 4173 2253 4228 facilius

689 4265 1064 4333 intelligeres;
1105 4281 1202 4320 nec
1238 4275 1290 4319 te
1331 4273 1540 4320 navatae
1591 4265 1718 4319 huic
1767 4265 2024 4335 scriptori
2071 4279 2253 4333 operae

687 4368 887 4412 nostra:
910 4360 1224 4428 paeniteret.
1261 4357 1377 4412 Non
1427 4374 1546 4413 sum
1599 4369 1781 4412 autem
1822 4359 1960 4414 adeo
2007 4357 2248 4427 iniquus,

688 4463 748 4507 ut
783 4453 883 4506 hac
915 4452 1447 4522 qualicunquegrati
1471 4452 1638 4506 animi
1665 4452 2072 4521 significatione
2118 4451 2251 4505 satis

687 4561 771 4599 me
821 4544 912 4599 tibi
951 4559 1076 4626 _pro
1105 4543 1280 4599 oliicio
1325 4557 1448 4597 meo
1507 4542 1702 4597 fecisse
1747 4542 2054 4597 existimem
2094 4560 2109 4596 :
2151 4557 2254 4597 nec

2357 2054 2515 2110 tbeus
2570 2054 2624 2108 in
2683 2053 3070 2108 Antirrbeticis
3119 2051 3221 2123 (l).
3283 2050 3400 2121 Ipse
3457 2050 3512 2105 in
3580 2052 3790 2124 dialogo
3851 2051 3931 2105 De

2354 2145 2629 2216 Sapientia
2662 2155 2821 2201 vocat
2850 2161 2910 2201 se
2938 2143 3336 2200 Heracleotam.
3381 2143 3724 2200 Avunculum
3772 2155 3927 2200 certe

2354 2237 2544 2293 habuit
2593 2236 2858 2294 Joannem
2915 2236 2994 2307 (2)
3066 2236 3354 2292 Heraclea:
3421 2237 3927 2307 metropolitanum.

2352 2331 2472 2402 ejus
2497 2329 2725 2396 scilicet,
2762 2344 2883 2399 qua:
2905 2327 3166 2384 Heraclea
3191 2329 3354 2383 Ponti
3382 2327 3585 2383 dicitur
3627 2336 3684 2384 et
3709 2328 3811 2383 sita
3845 2338 3930 2382 est

2353 2421 2408 2479 in
2468 2422 2667 2477 finibus
2717 2421 3122 2493 Paphlagoniae.
3184 2421 3260 2477 De
3311 2421 3633 2491 parentibus
3687 2420 3926 2490 aliisque

2353 2515 2599 2584 cognatis
2629 2514 2766 2570 nihil
2797 2514 3075 2569 memoriae
3118 2513 3390 2584 proditum
3422 2523 3527 2567 est.

2427 2605 2486 2661 In
2546 2621 2610 2662 ea
2667 2605 2803 2660 urbe
2850 2605 3120 2660 educatus
3169 2608 3345 2676 prima
3391 2605 3618 2675 puerilis
3662 2605 3928 2660 doctrinae

2351 2699 2659 2754 rudimenta
2681 2701 2784 2753 sub
2815 2698 3059 2753 antiStite
3080 2699 3348 2752 avunculo
3368 2699 3570 2767 posuit.
3592 2697 3720 2752 Inde
3745 2709 3932 2751 trans-

2352 2792 2516 2860 latus:
2539 2790 2848 2862 Byzantium
2878 2789 2956 2860 (3)
3000 2790 3221 2845 tradidit
3259 2805 3318 2845 se
3343 2791 3398 2844 in
3426 2790 3770 2859 disciplinam
3823 2806 3924 2858 pa-

2351 2883 2610 2939 triarcha:
2634 2882 2862 2938 Joannis
2895 2883 3145 2955 Glyccos,
3178 2883 3270 2952 qui
3298 2883 3442 2953 apud
3487 2884 3631 2938 illius
3681 2883 3804 2937 aevi°
3831 2883 3931 2937 ho-

2351 2977 2532 3032 mines
2552 2975 2952 3032 disertissimus
2981 2984 3036 3030 et
3068 2975 3242 3030 Attici
3265 2976 3532 3030 sermonis
3558 2976 3929 3046 peritissimus

2353 3069 2660 3134 habebatur
2688 3068 2788 3139 (ιι).
2828 3067 2959 3137 Ejus
2987 3078 3166 3124 autem
3205 3050 3482 3138 pontificis
3525 3069 3929 3121 consuetudine

2351 3160 2634 3214 studiosus
2682 3159 2902 3228 juvenis
2939 3159 3018 3229 (ὃ)
3070 3168 3360 3227 ιιιιιιυί·ει·θ
3409 3158 3808 3220 delectabatur,
3870 3168 3931 3210 ut

2353 3249 2446 3306 diu
2473 3260 2744 3316 noctuque
2773 3248 2841 3302 ab
2865 3247 3014 3303 illius
3040 3264 3136 3302 ore
3161 3249 3448 3318 penderet.
3513 3245 3768 3304 Vicissim
3823 3247 3927 3316 ipsi

2354 3341 2680 3412 patriarchae
2743 3341 2823 3396 sic
2874 3341 3128 3410 discipuli
3179 3340 3335 3395 stilus
3378 3341 3650 3411 placebat,
3684 3350 3744 3394 ut
3772 3356 3928 3402 eum,

2354 3435 2516 3504 longo
2585 3435 2778 3489 morbo
2828 3434 3146 3490 debilitatus
3191 3433 3306 3501 (6),
3368 3442 3755 3488 testamentum
3816 3431 3926 3487 sibi

2354 3528 2595 3581 serihere
2618 3536 2673 3580 ct
2703 3540 3030 3596 componere
3049 3525 3280 3592 jusserit
3301 3523 3400 3594 (Ἰ).

2428 3618 2499 3673 Ut
2530 3618 2584 3672 in
2612 3619 2902 3672 rhetoricis
2931 3617 3317 3687 patriarcbam,
3350 3616 3425 3670 ita
3462 3617 3515 3670 in
3543 3615 3932 3671 astronomicis

2355 3725 2612 3781 magnum
2636 3710 2967 3779 Iogothetam
2993 3710 3311 3779 magistrum
3329 3709 3684 3764 excellentem
3710 3709 3928 3763 habuit.

2357 3802 2551 3857 Eratis
2575 3800 2896 3856 Theodorus
2933 3800 3257 3856 Metochites
3288 3819 3303 3856 :
3335 3803 3428 3871 qui
3462 3802 3682 3873 quidem
3738 3800 3924 3864 initio,

2354 3897 2473 3951 sive
2507 3895 2764 3964 Gregorze
2797 3895 3161 3951 adolescentis
3190 3894 3473 3966 ingenium
3525 3893 3767 3949 nondum
3795 3908 3930 3964 pcr-

2353 3999 2606 4054 noverat,
2633 3989 2749 4043 sive
2775 4004 2976 4043 arcana
3010 3987 3362 4043 scientiarum
3397 3996 3604 4042 temere
3651 3988 3928 4060 divulgari

2353 4084 2511 4139 nefas
2537 4085 2784 4154 putabat.
2814 4083 3031 4153 parcius
3073 4097 3198 4138 cum
3235 4099 3301 4138 eo
3333 4084 3771 4153 colloquebatur,
3821 4102 3930 4142 nec

2356 4190 2540 4229 rerum
2588 4175 2956 4246 cognitionem
3006 4174 3269 4245 integram
3343 4175 3394 4228 ei
3463 4176 3927 4232 communicabat.

2359 4267 2563 4321 Deinde
2593 4267 2771 4321 enixis
2806 4267 3058 4336 precibus
3095 4277 3150 4322 et
3177 4268 3242 4322 ad
3284 4270 3722 4335 persuadendum
3767 4285 3924 4324 com-

2355 4359 2531 4430 posita
2559 4359 2804 4429 ejusdem
2825 4359 3077 4413 oratione
3105 4360 3281 4414 victus
3302 4360 3540 4430 perfecte
3563 4370 3620 4417 et
3650 4363 3929 4418 cumulate

2355 4453 2405 4506 ei
2450 4451 2636 4506 omnia
2695 4451 2990 4505 recondita!
3041 4451 3180 4504 artis
3226 4462 3496 4520 precepta
3552 4453 3774 4506 tradidit
3818 4454 3925 4523 (8).

2355 4542 2497 4609 Quin
2545 4552 2752 4597 etcum
2789 4541 3053 4597 doctrinm
3097 4542 3372 4596 lueredem
3420 4559 3447 4595 a
3495 4557 3556 4596 se
3609 4527 3924 4596 institutum

687 4647 906 4692 tuorum
979 4652 1104 4707 erga
1161 4651 1248 4691 nte
1300 4636 1618 4691 meritorum
1678 4636 2105 4703 magnitudinem
2174 4636 2253 4691 sic
2281 4651 2323 4708 ο
2355 4635 2668 4705 prmdicavit
2708 4649 2814 4687 non
2871 4633 3040 4686 semel
3072 4634 3183 4702 (9);
3248 4635 3410 4702 idque
3444 4634 3497 4687 in
3536 4634 3602 4688 iis
3647 4636 3923 4699 versibus,

686 4730 897 4800 ignoro,
931 4738 991 4782 ut
1023 4743 1184 4798 pares
1219 4742 1456 4798 unquam
1489 4726 1771 4782 beneficiis
1819 4727 2022 4797 gratias
2053 4726 2256 4782 relatu-

688 4840 811 4879 rum
858 4837 946 4877 me
983 4837 1104 4878 esse
1140 4823 1430 4876 confidam.

757 4915 987 4971 Circiter
1020 4930 1224 4969 annum
1259 4914 1465 4969 Christi
1503 4913 1661 4977 1295,
1702 4913 2008 4982 imperante
2037 4915 2251 4968 Andro-

687 5009 812 5064 nico
841 5007 1082 5071 seniore,
1139 5006 1480 5076 Nicepborus
1528 5005 1799 5076 Grcgoras
1846 5017 2008 5061 natus
2060 5014 2148 5060 est
2194 5007 2251 5060 in

761 5166 840 5232 (Ι)
879 5167 1000 5220 Lib.
1026 5178 1122 5227 xu,
1149 5163 1274 5217 cod.
1313 5177 1425 5231 reg.
1453 5161 1614 5229 1996,
1649 5162 1739 5217 fol.
1769 5164 1896 5219 285.

758 5238 838 5302 (Ξ)
881 5235 1148 5300 Gregoras
1171 5233 1310 5286 Hist.
1341 5234 1433 5287 lib.
1460 5247 1534 5298 Ix,
1563 5247 1611 5286 c.
1653 5236 1707 5288 7.

785 5308 838 5368 3)
877 5307 1036 5359 Anno
1062 5304 1262 5358 Christi
1287 5303 1444 5358 1516.

785 5309 838 5368 3)
877 5309 1036 5359 Anno
1062 5309 1262 5358 Christi
1287 5309 1444 5358 1516.

759 5309 838 5446 (4)
880 5377 958 5430 Eo
995 5374 1325 5446 patriarcha,
1361 5392 1411 5430 κ.
1444 5377 1505 5431 C.
1542 5377 1700 5434 1517.
1747 5390 1868 5428 cum
1903 5374 2246 5446 Andronicus

689 5444 987 5514 imperator
1015 5444 1305 5498 Justiniarii
1330 5456 1558 5501 statuam
1589 5455 1918 5512 equestrem,
1957 5445 2101 5497 venti
2145 5447 2245 5496 imo

689 5531 818 5587 ιιριιι
843 5524 1177 5587 quassatam.
1216 5515 1392 5570 fulciri
1421 5529 1477 5571 et
1504 5520 1810 5572 columnam
1849 5517 2015 5583 ipsam
2046 5530 2252 5587 suppo-

690 5584 874 5642 sum
910 5584 1161 5640 resarciri
1219 5589 1538 5652 curavisset,
1580 5588 1845 5655 Cregoras
1893 5599 1990 5652 per
2042 5585 2250 5655 ligneos

694 5658 919 5728 gradus,
951 5671 978 5708 ιι
1003 5655 1170 5708 fabris
1194 5657 1533 5711 extrinsecus
1577 5654 1999 5728 circumductos,
2037 5654 2247 5707 facilem

696 5725 980 5780 ascensum
1009 5736 1198 5779 nactus
1224 5735 1456 5779 statuam
1485 5729 1698 5782 curiose
1729 5725 2119 5792 coutrmplatus
2145 5733 2246 5784 cst,

697 5805 859 5868 atque
887 5814 948 5852 ex
979 5810 1232 5851 mensura
1265 5799 1620 5866 quarumdam
1670 5796 1903 5867 [artium
1950 5796 2119 5850 totius’
2155 5810 2246 5848 co-

2353 4742 2492 4795 quos
2544 4725 2696 4780 exsul
2742 4725 2980 4793 scripsit,
3035 4725 3277 4794 apertius
3300 4725 3581 4794 professus
3613 4725 3920 4784 cst._'l‘anti

2353 4820 2588 4886 denique
2617 4819 2792 4886 ipsum
2827 4817 2979 4882 fecit,
3003 4826 3061 4871 ut
3086 4818 3268 4873 liberis
3293 4820 3408 4874 suis
3435 4835 3572 4890 pene
3599 4822 3927 4890 exmquarit.

2354 4913 2541 4982 itaque
2590 4909 2928 4965 monasterio
2977 4909 3168 4964 Chorae
3219 4911 3426 4981 magnis
3472 4913 3784 4982 sumptibus
3837 4915 3924 4967 in-

2355 5014 2624 5068 staurato,
2656 5004 2868 5058 socium
2899 5003 3010 5056 illic
3033 5011 3088 5055 et
3116 5003 3420 5071 adjutorcm
3462 5009 3586 5057 eum
3615 5004 3684 5058 ad
3733 5007 3922 5060 omnia

2362 5163 2486 5218 Iussi
2547 5162 2974 5227 magnitudinem
3019 5160 3306 5212 aestimavit
3351 5177 3365 5212 :
3403 5176 3464 5214 ea
3520 5162 3729 5215 scilicet
3755 5177 3924 5230 opera

2359 5249 2472 5284 rem
2507 5235 2829 5296 antiquariis
2855 5239 3061 5297 gratam
3119 5231 3296 5282 facere
3339 5245 3396 5284 se
3440 5232 3756 5286 arbitratus.
3794 5233 3928 5287 Vide

2355 5302 2490 5355 Hist.
2520 5305 2612 5355 lib.
2652 5319 2742 5366 ιιι,
2774 5318 2822 5355 c.
2864 5302 2949 5354 12.

2425 5374 2502 5441 (5)
2542 5375 2728 5439 Annos
2756 5383 2912 5426 natus
2947 5371 3166 5426 circiter
3193 5370 3282 5422 9.1.
3323 5367 3456 5425 Vide
3483 5372 3580 5426 lib.
3613 5389 3710 5436 vn,
3744 5388 3796 5428 c.
3834 5373 3921 5432 ll.

2352 5446 2478 5496 5.1.

2415 5512 2880 5594 (Chrestmuenti
2933 5511 3140 5564 scilicet
3190 5509 3472 5564 exordium
3549 5512 3692 5580 quod
3747 5522 3925 5567 exstat

2357 5581 2491 5635 "ist.
2521 5583 2614 5636 lib.
2647 5600 2759 5635 tm.

2427 5655 2504 5718 (7)
2545 5654 2701 5706 Anno
2733 5651 2930 5703 Christi
2966 5652 3120 5705 {320.

2428 5726 2504 5790 (8)
2545 5723 2660 5774 I.ib.
2689 5739 2808 5784 \‘lll,
2835 5737 2884 5773 c.
2914 5721 2964 5771 7.

2427 5795 2502 5863 (9)
2548 5792 2663 5846 Lib.
2703 5809 2812 5857 \‘lll,
2842 5808 2890 5845 c.
