4214 6450
244 428 307 493 ΞῙ
1335 426 1515 487 NICE
1526 423 1757 486 PIIORI
1801 424 1846 483 G
1860 425 2002 485 ΠΕΟ
2013 424 2184 484 01le
2225 425 2419 486 VlTA.
3428 410 3497 471 ‘2?

247 545 356 598 fere
385 543 582 598 habuit
614 542 729 615 (I0)
760 560 775 597 :
810 556 995 597 rerum
1049 540 1251 596 ibidem
1304 540 1821 610 pretiosissimarum
1854 544 1895 598 Α
1926 537 2202 607 sapientes
2259 546 2312 589 et
2361 533 2529 591 docti.
2565 540 2727 600 atque
2776 526 2883 581 illic
2913 523 3159 580 certatim
3212 522 3280 576 de.
3338 524 3413 575 rel
3438 538 3477 571 u:

246 636 690 704 procurationem
736 636 785 690 ei
817 635 973 688 vivus
1026 631 1332 699 commisit;
1383 632 1627 685 moriens
1673 643 1827 683 suam

247 727 659 789 quodammodo
692 728 867 783 vicem
916 740 1190 795 suumque
1235 728 1289 780 in
1318 739 1382 779 ea
1422 723 1585 779 domo
1632 734 1830 777 munus

244 823 427 877 eidem
466 823 964 878 administrandum
1009 821 1209 893 legavit
1239 821 1373 890 (11).

306 931 517 986 Contra
550 930 825 1001 Gregoras
852 930 1164 986 Metochitte
1190 931 1412 992 liberos,
1439 928 1607 981 ﬁlium
1635 940 1831 994 nempe

242 1034 299 1079 et
327 1023 523 1084 tiliam,
554 1024 779 1087 erudiit,
812 1032 868 1076 et
898 1022 1289 1076 obscurissima
1319 1034 1550 1089 qumque
1586 1027 1829 1071 veterum

244 1127 538 1169 auctorum
593 1115 801 1182 scripta
858 1114 924 1167 iis
963 1112 1210 1184 pradegit
1238 1120 1405 1179 atque
1442 1111 1833 1177 interpretatus

244 1218 326 1263 est
354 1208 498 1276 (I2).
542 1206 894 1262 Hetocbitam
949 1207 1132 1277 ipsum
1204 1205 1353 1258 omni
1405 1217 1620 1272 semper
1674 1202 1832 1255 cilicii

247 1313 453 1367 genere
506 1297 728 1352 coluit:
764 1297 1108 1351 imminentis
1154 1294 1477 1351 calamitatis
1519 1303 1665 1348 metu
1716 1307 1837 1363 per-

250 1390 464 1443 culsum
500 1398 559 1443 ct
577 1389 835 1444 aﬂlictum
889 1388 1072 1444 verbis
1101 1388 1451 1443 confirmavit
1492 1388 1603 1455 (I5)
1644 1403 1659 1439 :
1690 1400 1836 1440 mor—

252 1490 404 1534 tutttn
439 1481 659 1536 funebri
682 1483 928 1535 oratione
956 1481 1177 1549 publice
1207 1478 1427 1534 deﬂevit
1450 1480 1588 1550 (14).
1625 1478 1835 1534 Scitum

249 1582 332 1625 est
365 1574 489 1643 ejus
519 1574 589 1627 de
633 1574 729 1627 illo
752 1573 980 1629 dictum.
1026 1572 1247 1651 .Nempe
1278 1574 1345 1627 ab
1387 1571 1700 1627 Andronico
1748 1586 1836 1626 se-

251 1666 405 1717 niore
440 1666 836 1732 interrogatus,
867 1681 976 1735 quo
1001 1677 1162 1736 pacto
1212 1666 1553 1732 Metochites,
1589 1680 1619 1719 a
1662 1663 1839 1718 tenui-

254 1758 354 1810 bus
387 1758 564 1811 initiis
590 1757 870 1826 profectus
901 1759 1050 1826 (nam
1082 1774 1148 1813 ex
1199 1759 1471 1827 Bryenuio
1504 1766 1839 1829 praeceptore

254 1865 529 1918 perpauca
553 1850 865 1921 didicerat),
896 1866 1147 1907 summus
1179 1862 1527 1906 astrmiomus
1553 1852 1836 1917 evasisset,

260 1942 409 1997 Nihil
463 1944 677 2007 mirum,
728 1943 905 2013 inquit
935 1943 1225 2015 GregOras,
1273 1962 1337 1998 ea:
1380 1961 1543 2014 parva
1597 1944 1844 2016 lampade

256 2051 514 2100 tamquam
568 2035 739 2104 facem
790 2038 1027 2090 accendi.
1080 2037 1509 2092 Cantacuzenus
1564 2038 1841 2091 laudatum

260 2128 332 2178 ait
360 2125 478 2194 (15)
521 2126 590 2179 ab
636 2126 966 2197 imperatore
1017 2144 1250 2183 acumen
1297 2129 1702 2198 respondentis,
1751 2130 1843 2198 qui

261 2218 501 2288 imagine
529 2217 693 2272 obvia
722 2233 785 2273 ac
828 2218 1084 2274 familiari
1139 2230 1388 2275 naturam
1439 2220 1515 2274 rei
1545 2221 1615 2275 ob
1655 2220 1846 2274 oculos

263 2319 568 2377 posuisset.

334 2438 594 2495 Florebat
621 2442 745 2496 aula
778 2441 1072 2514 Byzantina
1103 2444 1303 2499 studiis
1326 2445 1591 2499 bonarum
1623 2446 1845 2512 artium,

265 2534 487 2589 favente
514 2536 648 2591 viris
682 2536 861 2592 doctis
895 2538 1210 2593 Andronico
1257 2539 1620 2610 imperatore,
1674 2539 1753 2593 sic
1790 2548 1850 2593 ut

263 2628 382 2697 ejus
412 2628 613 2682 domus
645 2645 756 2684 non
789 2629 951 2685 modo
981 2630 1287 2685 honestatis
1330 2640 1383 2684 et
1420 2630 1600 2685 omnis
1632 2631 1849 2686 virtutis

262 2717 507 2779 ofﬁcina,
546 2719 644 2773 sed
674 2728 729 2774 ct
754 2720 1039 2775 litterariae
1073 2721 1399 2778 eruditionis
1428 2723 1764 2794 gymnasium
1797 2733 1852 2778 et

263 2809 486 2864 dicendi
542 2811 941 2866 certaminibus
989 2814 1261 2881 quoddam
1311 2814 1475 2868 veluti
1520 2814 1850 2869 curriculum

265 2914 524 2972 apertum
572 2920 698 2961 esse
752 2908 1031 2963 videretur
1076 2907 1208 2978 (I6).
1263 2908 1445 2977 Itaque
1498 2923 1564 2963 eo
1608 2921 1852 2978 tempore

271 2997 557 3053 maximus
586 2998 689 3054 fuit
712 3001 857 3071 apud
888 3000 1106 3056 Graecos
1150 3009 1451 3064 oratorum,
1502 3002 1853 3072 philosopho-

272 3103 418 3152 rum,
446 3089 796 3160 aliorumque
835 3092 1176 3147 eruditorum
1216 3104 1534 3163 proventus.
1589 3093 1855 3165 Gregoras

1929 626 2264 697 quibuslibet
2291 625 2431 680 scitu
2474 624 2649 693 dignis
2684 634 2867 677 coram
2922 614 3233 670 Amlronico
3283 614 3497 666 seniore

1930 719 2304 789 disputabant.
2337 716 2473 770 Cum
2506 714 2671 785 igitur
2717 711 3032 778 lrequentes
3084 705 3157 761 ibi
3212 704 3495 771 aliquando

1932 813 2185 867 adessent
2215 809 2350 879 (2|),
2388 806 2754 869 Andronicus,
2786 811 2845 857 ut
2876 798 3185 869 Nitephoro
3217 795 3497 864 GregOrae,

1932 918 2093 974 quem
2129 900 2283 955 valde
2301 899 2560 969 diligebat
2590 894 2726 964 (2'2),
2750 891 2962 947 dicendi
2990 887 3331 943 occasionem
3362 898 3500 951 prac-

1933 996 2123 1058 beret,
2176 992 2510 1047 mentionem
2573 986 2756 1056 injecit
2818 984 2882 1038 de
2959 978 3310 1036 astronomia.
3364 972 3503 1026 Tum

1933 1087 2219 1158 Gregoras,
2250 1084 2342 1154 qui
2380 1083 2447 1136 de
2487 1080 2749 1137 Paschate
2784 1076 2848 1129 ad
2886 1076 3265 1143 imperatorem
3300 1064 3506 1119 referre

1934 1156 2188 1248 cupiebat
2214 1174 2560 1247 jampridem.
2599 1165 3011 1224 astronomiam
3070 1164 3241 1230 ipsam
3274 1156 3507 1228 primum

1936 1269 2103 1339 coapit
2141 1244 2402 1321 laudare:
2468 1261 2663 1317 deinde
2722 1270 2877 1312 usum
2929 1256 3048 1321 ejus
3095 1250 3259 1305 etiam
3296 1247 3363 1301 ad
3412 1244 3505 1298 Pa-

1937 1338 2141 1416 schalis
2163 1356 2556 1412 correctionem
2600 1350 2872 1420 pertinere
2900 1344 3058 1399 dixit.
3096 1341 3169 1396 Ita
3219 1338 3421 1395 sensim
3456 1345 3509 1390 et

1939 1453 2060 1509 sine
2085 1466 2251 1505 sensu
2284 1446 2545 1518 producta
2578 1444 2630 1497 in
2667 1441 2905 1495 medium
2934 1452 2998 1492 ea
3025 1449 3189 1504 quam
3227 1440 3346 1485 erat
3375 1442 3510 1499 pra:-

1940 1540 2236 1597 meditatus
2289 1535 2612 1606 quaestione,
2667 1545 2819 1586 suam
2875 1529 2943 1581 de
2995 1526 3081 1580 die.
3111 1518 3352 1594 paschali
3384 1532 3513 1571 con-

1938 1631 2216 1689 stituendo
2240 1627 2561 1684 sententiam
2611 1622 2913 1677 luculenter
2944 1616 3201 1686 explicuit
3236 1632 3249 1668 2
3290 1607 3512 1665 investi-

1940 1723 2101 1793 gandi
2133 1717 2440 1791 a-quinoctii
2472 1714 2647 1780 verni,
2689 1714 2816 1768 item
2850 1707 3135 1780 plenilunii
3186 1701 3511 1761 observandi

1945 1817 2206 1871 rationem
2246 1811 2466 1868 tradidit
2498 1828 2513 1864 :
2545 1811 2610 1863 ad
2635 1807 2750 1863 dies
2774 1805 2900 1869 565,
2925 1803 3015 1873 qui
3045 1814 3247 1855 annum
3280 1797 3512 1852 solarem

1948 1909 2374 1971 constituerent,
2437 1903 2707 1973 integrum
2768 1898 2933 1953 unius
2989 1894 3095 1950 diei
3159 1891 3513 1961 quadrantem

1946 2016 2054 2057 non
2113 1999 2313 2055 debere
2366 1993 2490 2049 addi
2538 1988 2796 2052 ostendit,
2844 1987 2939 2042 sed
2985 1984 3357 2041 deducendam
3389 1980 3517 2033 inde

1949 2103 2156 2165 partem
2182 2089 2291 2145 dici
2338 2083 2739 2145 brevissimam,
2794 2094 2901 2133 non
2956 2087 3135 2132 tamen
3195 2069 3517 2129 trecentesi-

1950 2201 2090 2239 mam
2148 2182 2318 2252 ipsam
2368 2192 2612 2248 prorsus,
2676 2183 2734 2227 ut
2790 2172 3096 2227 censuisset
3150 2168 3515 2222 Ptolemzeus:

1948 2280 2051 2333 alia
2082 2275 2316 2345 denique
2376 2271 2544 2325 multa
2605 2268 2658 2322 in
2724 2281 2841 2321 eam
2909 2279 3021 2318 rem
3098 2256 3392 2330 congessit.
3452 2270 3516 2309 er

1950 2372 2150 2441 quibus
2181 2368 2232 2422 id
2265 2366 2622 2427 elﬁciebatur,
2675 2361 2742 2415 ab
2773 2371 2919 2413 anno
2966 2352 3151 2408 mundi
3198 2351 3310 2406 fere
3356 2346 3518 2409 6300,

1949 2466 2042 2535 qui
2074 2465 2172 2519 fuit
2198 2460 2398 2518 Christi
2432 2458 2555 2521 792,
2587 2466 2826 2512 erratmn
2859 2466 2979 2507 esse
3023 2450 3075 2502 in
3112 2445 3360 2517 ponenda
3386 2452 3521 2497 tem-

1952 2572 2142 2628 porum
2182 2556 2409 2618 ratione,
2439 2558 2602 2620 atque
2631 2549 2684 2602 in
2714 2543 2993 2602 Paschalis
3027 2541 3116 2595 die
3146 2535 3521 2599 observando;

1952 2665 2076 2705 cum
2121 2661 2250 2701 vero
2281 2656 2521 2698 errorem
2568 2640 2642 2695 ita
2679 2650 2839 2708 posse
2878 2630 3098 2701 corrigi,
3134 2628 3180 2681 si
3215 2627 3281 2680 de
3311 2625 3521 2680 dierum

1952 2750 2163 2794 summa
2195 2733 2355 2805 paulo
2390 2731 2509 2801 plus
2556 2727 2725 2783 biduo
2778 2726 2987 2792 integro
3034 2717 3438 2778 detraheretur,
3472 2723 3521 2766 et

1953 2803 2234 2883 Paschatis
2293 2822 2602 2879 observatio
2661 2816 2906 2889 proxime
2957 2820 3082 2866 ante
3131 2809 3272 2864 diem
3347 2803 3524 2860 Martii

1955 2919 2272 2973 vicesimum
2309 2916 2707 2974 institueretur,
2743 2924 2861 2979 quae
2912 2923 2949 2966 υ,
2999 2903 3254 2959 vicesimo
3288 2896 3526 2955 secundo

1957 3024 2241 3082 perperam
2275 3004 2487 3061 institui
2543 3003 2765 3059 soleret.
2806 3001 3106 3072 [inperator
3137 2994 3425 3051 consilium
3457 2991 3526 3046 de

1960 3102 2223 3156 Paschate
2259 3096 2588 3169 corrigendo
2628 3095 2908 3164 probavit;
2948 3106 3061 3146 rem
3101 3090 3271 3159 ipsam
3308 3083 3525 3156 aggredi

270 3180 456 3250 tuagni
511 3181 828 3251 Logothetze
869 3187 1268 3241 consuetudine
1314 3185 1567 3251 catinius.
1593 3185 1854 3255 θιρεάἰτε
1882 3212 1925 3272 c
1960 3194 2153 3258 noluit,
2184 3192 2327 3263 quod
2359 3197 2581 3262 negaret
2615 3186 2770 3242 facile
2808 3199 2927 3239 esse
2962 3181 3204 3239 omnium
3242 3179 3524 3233 nationum

273 3274 381 3326 sibi
413 3274 667 3341 credidit,
697 3277 807 3347 jam
844 3293 1019 3334 annos
1045 3278 1113 3332 27
1158 3289 1305 3343 nato,
1359 3297 1517 3336 usum
1561 3281 1626 3335 ad
1655 3280 1856 3336 doctri-

270 3380 397 3417 nam
432 3365 732 3437 adjungere
757 3380 812 3422 et
844 3385 911 3423 ex
939 3370 1132 3423 umbra
1166 3373 1216 3423 in
1258 3372 1431 3425 Iutem
1478 3371 1695 3440 prodire
1722 3371 1853 3441 (l7).

268 3456 645 3521 Quamobrem
692 3462 1000 3517 studiorum
1052 3480 1278 3518 suorum
1334 3464 1530 3519 fiducia
1580 3465 1756 3520 fretus
1790 3465 1856 3520 ad

272 3551 662 3617 imperatorem
700 3552 879 3622 ipsum
909 3570 967 3610 se
1024 3556 1277 3621 contulit,
1331 3567 1387 3611 ut
1419 3572 1499 3615 se.
1552 3558 1595 3611 si
1651 3567 1855 3627 posset,

274 3643 328 3694 in
380 3642 503 3712 ejus
548 3643 972 3701 familiaritatem
1024 3648 1354 3703 insinuaret.
1412 3649 1761 3703 Peranianter
1804 3659 1858 3703 et

273 3734 416 3787 ultra
446 3751 610 3804 quam
643 3749 957 3806 speraverat
990 3741 1223 3809 benigne
1250 3750 1512 3809 exceptus
1553 3740 1853 3795 orationem

274 3826 423 3895 apud
448 3841 575 3881 eum
606 3828 816 3892 habuit,
844 3831 1087 3899 duasque
1115 3832 1168 3884 in
1196 3832 1316 3900 ipso
1358 3832 1607 3893 virtutes,
1635 3832 1857 3901 sapien-

275 3918 408 3971 tiam
441 3927 497 3972 ct
523 3920 916 3990 eloquentiam,
967 3922 1213 3977 laudavit
1255 3922 1389 3995 (18).
1420 3922 1687 3993 Tempore
1735 3938 1860 3993 pro-

274 4011 508 4065 cedente
558 4012 631 4065 ita
681 4013 1003 4067 benevolum
1057 4015 1307 4069 eumdem
1346 4024 1609 4084 expertus
1650 4027 1753 4077 est.
1799 4021 1857 4068 ut

275 4103 445 4172 aliqui
476 4103 890 4175 indignarentur
910 4106 1192 4175 juvenem.
1222 4106 1367 4160 nulla
1393 4107 1678 4175 dignitate,
1709 4108 1858 4163 nullo

276 4195 588 4249 sacerdotio
637 4198 1099 4260 commendatum,
1155 4208 1302 4251 tanta
1355 4199 1499 4267 apud
1553 4198 1856 4269 principem

276 4288 453 4358 gratia
482 4290 687 4344 valere.
716 4291 1085 4355 Andronicus,
1118 4300 1174 4344 ut
1225 4307 1287 4345 os
1330 4292 1642 4346 Obstrueret
1678 4292 1860 4345 obtre-

277 4380 605 4442 ctatoribus,
660 4380 863 4448 primos
920 4380 1179 4437 Ecclesia!
1227 4381 1469 4435 honores
1511 4381 1763 4436 conferre
1808 4381 1857 4435 ei

275 4471 463 4540 juveni
492 4473 704 4533 statuit,
732 4483 787 4527 et
834 4472 1277 4543 chartophylacis
1327 4472 1667 4542 dignitatem,
1712 4471 1860 4526 velut

1958 3288 2210 3359 sullragia
2270 3285 2546 3356 colligere,
2604 3290 2657 3336 et
2695 3287 2971 3349 receptum
3028 3284 3141 3330 toto
3194 3272 3328 3329 orbe
3368 3283 3525 3324 usum

1957 3380 2196 3437 abolere.
2229 3378 2480 3448 Gregorce
2512 3371 2840 3429 sententiam
2887 3368 2977 3424 alii
3010 3376 3195 3439 postea
3226 3360 3527 3420 astronomi

1958 3472 2378 3541 chronologique
2416 3467 2800 3528 defenderunt,
2849 3473 3010 3532 atque
3040 3460 3094 3514 in
3130 3456 3321 3528 primis
3382 3454 3529 3509 Isaac

1958 3566 2213 3634 Argyrus.
2239 3558 2445 3614 Seeculo
2472 3557 2690 3613 demum
2714 3552 2924 3608 decimo
2942 3558 3114 3611 sexto,
3146 3562 3207 3601 ea
3229 3543 3528 3615 qureSlionc

1958 3632 2101 3726 apud
2158 3653 2382 3708 Latinos
2441 3663 2656 3718 quoque
2713 3632 2951 3716 agitata,
3014 3637 3395 3695 Kalendarium
3461 3650 3530 3689 ex

1958 3744 2287 3800 auctoritate
2345 3739 2591 3810 Gregorii
2654 3736 2795 3799 XIII,
2856 3749 2922 3789 eo
2963 3731 3075 3787 fere
3128 3728 3311 3795 modo,
3367 3740 3527 3794 quem

1958 3836 2225 3907 Gregoras
2250 3834 2651 3903 designaverat,
2692 3829 3043 3882 reformatum
3089 3822 3209 3875 fuit.

2030 3928 2188 3983 Anno
2219 3925 2373 3988 1526,
2435 3924 2645 3995 legatus
2680 3920 2775 3973 ivit
2832 3918 2897 3973 ad
2956 3916 3163 3972 Cralem
3218 3912 3351 3983 (25).
3402 3908 3532 3979 Ejus

1958 4018 2248 4091 legationis
2285 4030 2445 4072 causa
2481 4016 2596 4069 hch
2628 4011 2750 4066 fuit.
2786 4008 3057 4064 Theodori
3090 4002 3393 4059 Metochita:
3423 4001 3530 4056 [ilia

1962 4113 2135 4176 Irene,
2169 4116 2382 4162 mortuo
2430 4104 2656 4175 conjuge
2708 4102 2914 4157 Joanne
2948 4096 3271 4167 Palmologo,
3325 4094 3416 4164 qui
3465 4107 3531 4145 ex

1961 4199 2468 4272 Panhypersebasto
2493 4197 2673 4251 Caesar
2717 4202 2932 4249 creatus
2981 4192 3279 4247 novissime
3331 4188 3528 4250 fuerat,

1960 4295 2105 4367 apud
2136 4292 2348 4348 Cralem
2385 4304 2644 4362 generum
2702 4285 3037 4348 morabatur,
3094 4297 3159 4337 ac
3194 4283 3415 4336 domum
3451 4293 3536 4331 re-

1962 4388 2076 4441 dire
2102 4385 2170 4440 ad
2205 4392 2414 4455 patrem
2441 4379 2746 4435 recusabat.
2787 4374 2971 4444 Itaque
3021 4372 3342 4427 Meterhitcs
3380 4378 3535 4438 pater

1963 4487 2152 4532 auctor
2185 4473 2284 4528 fuit
2315 4470 2651 4542 imperatori,
2704 4479 2764 4523 ut
2802 4482 2919 4520 eam
2971 4464 3150 4520 redire
3178 4469 3415 4532 cogeret.
3460 4458 3535 4511 De

282 4566 502 4635 Pisum.
544 4565 728 4620 Slatim
775 4564 1023 4621 Oblulil:
1070 4580 1133 4620 ac
1178 4565 1292 4635 jam
1338 4564 1542 4627 eidem,
1602 4572 1855 4633 tanquam
1893 4556 1933 4610 ἰ)
1966 4586 2026 4623 ea
2068 4583 2125 4622 re
2176 4566 2325 4620 missi
2385 4564 2451 4618 ad
2482 4561 2694 4617 Cralem
2745 4559 2925 4629 legati,
2962 4571 3194 4626 quorum
3258 4567 3398 4606 unus
3438 4550 3539 4603 fuit

283 4656 425 4710 haud
454 4656 621 4711 dubie
647 4664 961 4725 accepturo,
990 4663 1168 4710 vestes
1217 4664 1275 4710 et
1312 4654 1543 4725 insignia
1582 4653 1863 4724 dignitatis

281 4749 530 4819 parabat.
567 4749 857 4818 Gregoras,
893 4748 1239 4801 immaturam
1284 4754 1500 4800 tet-atem
1547 4756 1602 4800 et
1644 4745 1859 4798 studio-

284 4860 403 4896 rum
426 4858 656 4896 suorum
699 4842 965 4895 rationem
1040 4849 1316 4903 causatus,
1367 4838 1555 4907 gratiis
1595 4837 1750 4900 aclis,
1804 4846 1861 4890 et

285 4936 513 4990 laudato
542 4935 892 5002 imperatore,
932 4934 1175 4987 oblatum
1225 4932 1486 4985 honorem
1532 4928 1858 4999 repudiavit.

289 5024 620 5096 Ilepudianti
655 5025 735 5078 vis
760 5040 899 5095 pene
928 5024 1074 5079 illata
1096 5022 1230 5092 (I9).

359 5139 654 5207 Aliquanto
700 5146 823 5208 post
850 5138 962 5208 (ΞΟ)
1013 5145 1130 5190 orta
1178 5136 1322 5189 inter
1370 5131 1612 5187 eruditos
1663 5127 1863 5183 nobilis

288 5233 681 5287 controversia.
713 5231 1122 5286 Conveniebant
1149 5228 1342 5283 crebro
1382 5226 1434 5280 in
1465 5223 1722 5296 palatium
1761 5221 1860 5275 viri

360 5380 475 5449 (ιο)
521 5377 640 5436 Lib.
675 5393 749 5440 ιι,
785 5392 833 5432 c.
865 5379 953 5432 ιδ.

364 5452 475 5521 (11)
523 5450 643 5521 Lib.
674 5463 808 5513 xm,
853 5449 994 5521 c.__‘2.

362 5518 480 5589 (19.)
527 5520 644 5575 Lib.
681 5533 799 5581 vin,
830 5535 879 5571 c.
910 5518 965 5572 5.

367 5593 481 5659 (15)
525 5590 643 5644 Ltb.
670 5605 788 5654 vm,
815 5604 864 5644 c.
896 5590 951 5642 5.

370 5663 487 5731 (Ii)
532 5661 647 5715 Lib.
684 5676 739 5723 κ,
771 5660 910 5731 «Le.

371 5727 484 5797 (15)
524 5731 747 5782 Calliae.
794 5728 931 5783 "ist.
964 5729 1060 5784 lib.
1089 5745 1124 5794 I,
1153 5743 1199 5782 C.
1240 5727 1324 5783 il.

375 5804 487 5869 (Ili)
531 5801 647 5855 Lib.
683 5816 801 5857 \‘ttt.
830 5820 841 5846 ι
868 5841 879 5852 .
914 5804 967 5853 3.

380 5888 393 5935 (
412 5873 493 5939 17)
536 5877 690 5926 Anno
712 5871 913 5924 Christi
955 5869 1108 5924 123'le.

1968 4663 2255 4731 Gregoras,
2292 4671 2474 4713 comes
2506 4656 2662 4709 datus
2716 4651 2865 4705 fratri
2918 4648 3090 4719 ipsius
3139 4647 3341 4700 lreues.
3378 4643 3432 4697 In
3474 4658 3534 4695 ea

1971 4752 2255 4821 legatione,
2281 4763 2400 4818 quae
2431 4745 2531 4800 sibi
2560 4753 2614 4799 et
2639 4743 2802 4798 sociis
2837 4740 2951 4797 suis
2994 4740 3048 4794 in
3094 4738 3292 4792 itinere
3326 4736 3537 4791 acrideo

1972 4846 2098 4907 rint,
2132 4858 2367 4905 errores,
2408 4838 2670 4909 pericula,
2720 4845 2775 4891 et
2809 4835 2943 4887 alios
2971 4846 3128 4887 casus
3172 4831 3290 4884 fuse
3329 4828 3537 4883 descri-

1970 4940 2048 4993 bit
2096 4937 2151 4990 in
2210 4933 2469 4988 Historia.
2524 4929 2709 4984 Cralcs
2760 4926 2946 4981 audita
2999 4922 3269 4993 legatione
3322 4936 3538 4974 socrum

1969 5032 2164 5086 lrenen
2231 5026 2459 5081 dimisit.
2516 5022 2663 5084 Ilaec,
2717 5031 2774 5075 ut
2823 5020 2939 5073 viro
2986 5017 3127 5087 justa
3183 5015 3539 5083 persolveret.

1972 5120 2410 5178 Thessalonicam
2474 5117 2599 5170 inde
2649 5112 2889 5184 profecta
2915 5118 3018 5166 est.
3071 5109 3337 5178 Gregoras
3388 5121 3539 5171 vero,

1976 5214 2211 5283 acceptis
2243 5212 2310 5265 ab
2341 5226 2403 5263 ea
2434 5206 2719 5271 mandatis,
2788 5204 3101 5275 Byzantium
3150 5200 3328 5254 rediit.

2044 5368 2156 5437 (I8)
2199 5364 2313 5437 Lib.
2351 5378 2468 5423 \‘Ill,
2508 5378 2557 5417 c.
2586 5364 2644 5437 r7.

2046 5436 2154 5503 (19)
2200 5436 2314 5488 Lib.
2349 5448 2467 5499 vm,
2502 5448 2550 5494 C,
2579 5436 2632 5485 9.

2047 5500 2160 5580 (29)
2302 5504 2615 5580 C._c_ircitcr
2651 5500 2806 5580 I52};

2044 5571 2159 5646 (21)
2204 5575 2337 5627 Hist.
2379 5574 2470 5626 lib.
2510 5589 2630 5646 vni,
2651 5587 2699 5625 c.
2744 5571 2826 5624 15.

2048 5633 2161 5718 (22)
2199 5646 2549 5718 Quantopere
2594 5643 2892 5718 Gregoram
2935 5633 3331 5718 .dilexeritn‘vel
3364 5651 3453 5718 ex.
3477 5648 3544 5689 eo

1975 5704 2389 5788 apparetrquod
2423 5704 2802 5788 aegrotantem
2847 5710 3171 5765 visitaverit.
3223 5706 3409 5788 Exstat
3444 5704 3542 5758 hac

1976 5776 2128 5843 Ilii-r0.
2153 5776 2213 5838 itt
2244 5776 2427 5837 codice
2457 5776 2717 5836 Vaticano
2749 5783 2902 5849 ὶ-όγος
2939 5776 3411 5852 πρθπῗωνητίκόθ

2071 5858 2162 5927 ‘23)
2198 5858 2333 5909 Uiat.
2370 5856 2464 5907 lib.
2500 5871 2616 5913 \‘III,
2645 5867 2690 5910 e.
2729 5853 2812 5906 1-1.
