4214 6450
698 437 764 502 3i
1788 437 2217 498 NICEI‘IIORI
2257 434 2646 496 GREGORE
2683 437 2873 498 VITA.
3901 442 3974 501 3'2

694 547 930 614 lberins
973 559 1115 608 hune
1165 573 1393 626 arguere
1444 557 1700 620 instituit,
1737 568 1794 615 ut
1836 557 1916 607 vel
1964 557 2275 612 convictum
2313 569 2349 623 Λ
2383 566 2589 626 partem
2628 555 2884 620 indoctis,
2918 554 3185 624 judicium
3238 555 3599 625 permitteret,
3631 555 3791 610 enixe
3841 571 3974 609 con-

700 651 906 718 pndore
936 651 1191 714 alliceret,
1216 653 1298 705 vel
1333 654 1446 720 ipse
1485 651 1741 722 Byzantio
1770 659 1994 704 exactus
2027 650 2278 702 Eeclcs'ae

698 755 975 808 "PPN'SS-T
1010 751 1306 811 conspectu
1352 743 1542 796 saltem
1581 752 1814 798 careret.
1866 741 1930 794 At
1978 741 2068 795 ille
2121 749 2277 793 tenax

703 835 992 901 propositi.
1035 850 1136 888 nec
1185 834 1421 888 hominis
1456 836 1574 888 irati
1618 829 1801 888 verbis
1849 833 2115 896 oﬂ'ensus,
2167 834 2280 901 pari

708 939 878 991 usque
919 925 1039 993 jure
1074 926 1373 994 imperator
1417 942 1539 980 cmn
1577 929 1788 993 privato
1832 926 2179 992 disputabat:
2227 934 2282 978 ut

707 1011 853 1066 illius
880 1013 1247 1077 clementiam,
1282 1008 1454 1084 magis
1496 1031 1656 1083 quam
1700 1015 1860 1083 hujus
1891 1016 2086 1077 zelum,
2121 1015 2285 1082 pleri-

707 1117 811 1162 que
840 1103 1260 1159 admirarentur.
1293 1104 1533 1157 Tandem
1567 1105 1854 1175 Grcgoras.
1885 1107 2138 1172 quoniam
2188 1107 2286 1158 hac

709 1193 890 1245 minus
923 1195 1266 1250 succedebat.
1299 1196 1457 1246 aliam
1485 1197 1624 1248 viam
1664 1198 1987 1266 ingreditur.
2013 1197 2198 1249 Canlu'
2222 1213 2278 1248 u-

709 1300 845 1336 zeno
879 1284 1309 1354 Didymotichum
1343 1288 1585 1354 profecto
1616 1288 1748 1356 (7'2).
1779 1289 1965 1340 Irencn
1999 1289 2062 1341 ad
2092 1299 2110 1341 t
2143 1289 2288 1341 illius

711 1391 954 1436 uxorem,
999 1379 1204 1429 recenti
1253 1378 1344 1429 lilii
1392 1387 1563 1430 morte
1597 1377 1868 1431 afIIictam.
1905 1379 2034 1432 Eam
2079 1379 2287 1431 cladem

710 1469 911 1520 erroris
954 1483 1049 1536 per
1079 1469 1517 1521 Cantacuzcnuru
1555 1471 1852 1536 grassantis
1895 1470 2132 1523 fructum
2169 1485 2289 1522 esse

710 1559 961 1619 afﬁrmat,
1016 1572 1068 1612 et
1122 1561 1279 1614 fidem
1325 1561 1470 1613 facit.
1520 1562 1592 1614 Ita
1642 1577 1768 1615 snas
1815 1573 1995 1630 partes
2038 1564 2292 1628 Augusta:

714 1651 1020 1716 patrocinio
1055 1651 1298 1704 roborat.
1339 1652 1410 1703 Ea
1453 1667 1510 1703 re
1557 1653 1737 1704 audita
1783 1651 2075 1716 Palamitm,
2120 1666 2183 1705 ac
2237 1651 2289 1703 in

715 1743 902 1806 primis
955 1744 1197 1796 Isidorus
1262 1745 1591 1814 patriarcha,
1643 1747 1708 1798 ad
1765 1745 1951 1799 lrenen
2004 1750 2296 1808 accedunt,

715 1835 896 1902 eique,
936 1845 994 1887 ut
1024 1837 1090 1888 ab
1133 1836 1280 1889 omni
1316 1851 1436 1889 cum
1471 1835 1704 1904 Gregora
1747 1836 2140 1889 consuetudine
2167 1835 2293 1888 abs-

717 1927 910 1985 tineat.
947 1929 1273 1995 persuadere
1339 1929 1694 1982 contendunt.
1743 1927 1961 1996 Repulsi
2021 1927 2293 1981 Cantacu-
2323 1913 2371 1971 Β

719 2034 911 2072 aenum
952 2019 1325 2091 Didymoticho
1353 2032 1604 2076 evocant.
1639 2019 1736 2074 llic.
1768 2021 2058 2074 tumultum
2090 2018 2295 2073 veritus

723 2114 1036 2183 Byzantium
1070 2114 1286 2166 advolat
1333 2124 1388 2168 et
1437 2115 1713 2183 litigantes
1749 2114 1991 2174 arcessit,
2030 2112 2294 2166 lsidorurn

723 2223 917 2274 nempe
946 2216 999 2258 ct
1042 2206 1357 2276 Gregoram.
1392 2207 1569 2260 Multis
1619 2208 1760 2260 ultro
1802 2208 2046 2275 citroque
2087 2221 2297 2260 sermo-

722 2299 882 2353 nibus
907 2299 1120 2360 habitis,
1143 2299 1365 2366 pervicit
1397 2298 1685 2368 Gregoras,
1719 2309 1775 2353 ut
1806 2299 1994 2352 Isidori
2020 2298 2294 2362 Canoncs,

725 2408 817 2444 seu
870 2391 1204 2462 IIytnuodire.
1257 2391 1378 2461 igne
1424 2392 1761 2454 delerentur,
1814 2408 1876 2445 ac
1929 2403 1987 2445 ιιι
2041 2390 2296 2459 loquendi

723 2484 738 2535 I
767 2485 1027 2537 bertatem
1067 2484 1098 2536 ii
1136 2484 1460 2553 reciperent,
1493 2485 1693 2550 quibus
1723 2486 1969 2552 adempta
2003 2493 2168 2537 esset.
2208 2483 2299 2537 llis

724 2577 1128 2629 conditionibus
1176 2579 1227 2628 in
1274 2576 1621 2630 concordiam
1658 2576 1888 2629 reditum
1923 2585 2025 2636 est.
2063 2586 2116 2629 et
2151 2592 2298 2628 sum-

730 2679 921 2736 ptuoso
953 2669 1204 2722 convivio
1225 2667 1432 2721 sancita
1469 2683 1588 2735 pax.
1626 2667 1729 2720 Sed
1755 2683 1832 2718 ea:
1859 2666 2076 2734 quidem
2109 2668 2301 2721 breves

731 2763 955 2813 induebe
1002 2761 1236 2814 fuerunt.
1273 2761 1402 2812 Nam
1436 2760 1701 2817 Palatnas.
1743 2759 1886 2825 quod
1923 2758 1995 2810 illi
2029 2759 2301 2825 colloquio

731 2872 967 2922 puesetts
997 2855 1135 2906 haud
1170 2854 1524 2908 interfuisset.
1559 2850 1930 2920 llidymoticho
1959 2851 2299 2916 postmodum

730 2951 954 3008 accitus,
1004 2947 1128 3000 lites
1182 2945 1480 2998 renovavit.
1538 2945 1872 3011 Disputattun
1919 2957 2107 2994 rursus
2158 2942 2302 3010 apud

732 3045 1114 3109 imperatorem
1149 3041 1256 3092 aeri
1284 3038 1654 3099 contentione,
1693 3035 1845 3088 nullo
1875 3045 2052 3086 autem
2085 3049 2304 3087 succes-

731 3151 815 3185 su.
850 3135 919 3185 Ile
955 3144 1066 3186 toto
1099 3133 1192 3184 illo
1221 3132 1439 3200 negotio
1476 3131 1628 3197 plura
1661 3129 1801 3180 scire
1826 3127 1915 3195 qui
1954 3126 2241 3186 voluerint,
2269 3124 2301 3177 ii

729 3227 1024 3290 Gregoram
1060 3226 1234 3291 ipsum
1269 3225 1484 3284 adeant,
1517 3223 1768 3275 Ilium-iu:
1805 3221 1940 3302 librp
1976 3236 2063 3283 xv,
2095 3234 2212 3287 cap.
2248 3217 2301 3271 5.
2332 3252 2373 3308 ε

805 3319 1028 3370 Biennio
1062 3318 1175 3370 fere
1208 3327 1492 3385 postquam
1538 3316 1649 3366 haec:
1684 3321 1830 3382 gesta
1866 3320 2011 3374 sunt,
2048 3310 2149 3362 sub
2182 3309 2300 3362 exi-

733 3423 846 3465 tum
881 3412 1007 3464 aaui
1051 3410 1200 3470 15-19,
1237 3409 1370 3461 obiit
1405 3406 2047 3475 Conslantinopolitanns
2075 3403 2305 3472 patriar-

732 3510 833 3559 cha
895 3505 1150 3557 Isidorus.
1207 3503 1622 3557 (Iantacuzcnus
1686 3501 1981 3567 imperator
2039 3505 2093 3549 et
2155 3496 2306 3547 lrene

736 3603 973 3665 Augusta
1031 3595 1281 3666 Grcgora:
1349 3594 1590 3646 animum
1648 3591 1943 3648 blanditiis.
2000 3587 2304 3657 promissis,

735 3689 1133 3758 largitionibus,
1171 3688 1398 3755 aliisque
1449 3686 1656 3738 artibus
1699 3685 1804 3752 jam
1841 3698 1982 3749 sepe
2021 3690 2305 3740 lentatum,

737 3809 746 3831 ι
773 3787 897 3836 tiam
931 3781 1276 3851 patriarchali
1303 3780 1560 3847 dignitate
1590 3786 1854 3830 ostentata
1884 3775 2098 3828 ﬂectere
2129 3784 2183 3826 ct
2206 3773 2308 3825 sibi

739 3877 1051 3944 mancipare
1109 3872 1289 3926 conati
1358 3883 1502 3924 sunt.
1550 3869 1816 3936 Gregoras
1875 3876 1932 3920 ut
1985 3866 2308 3920 sententiain

741 3979 972 4021 mniaret
1001 3967 1190 4019 adduci
1220 3981 1326 4017 non
1361 3962 1534 4032 potuit
1560 3979 1574 4015 :
1601 3962 1694 4014 sed
1726 3970 1778 4013 et
1803 3961 1922 4012 illos
1951 3959 2128 4012 Verbis
2154 3957 2313 4010 casti-

740 4073 892 4132 gatos
923 4060 1078 4113 ofﬁcii
1111 4057 1414 4118 admonuil,
1449 4065 1502 4108 et
1551 4055 1788 4107 oblatum
1835 4054 2097 4107 honorem
2148 4066 2314 4118 repu-

741 4157 925 4206 diavit.
961 4153 1141 4218 Itaque
1174 4159 1385 4202 creatus
1431 4148 1736 4216 patriarcha
1779 4149 2077 4198 monachus
2115 4148 2316 4200 montis

745 4249 903 4305 Atto,
928 4247 1143 4297 nomine
1167 4243 1441 4299 Callistus.
1476 4241 1553 4292 vir
1577 4240 1883 4292 illitteratus
1902 4250 1951 4292 et
1985 4239 2318 4309 Acindyuia-

749 4358 940 4393 norum
992 4338 1162 4389 hostis
1205 4337 1522 4388 acerrimus.
1564 4333 1720 4384 Anno
1752 4333 1967 4384 demum
2014 4332 2142 4383 1351
2183 4333 2321 4382 (lan-

747 4426 1062 4490 tn-uzcnns,
1095 4439 1150 4482 ut
1182 4426 1568 4495 Acindyuianis
1605 4425 1949 4478 turbantibus
1975 4435 2026 4477 ct
2058 4424 2324 4476 Constan-

750 4527 1158 4594 tnopolitatiatn
1223 4520 1518 4574 Ecclesiam
1578 4518 1992 4570 criminantibus
2044 4516 2316 4570 silentium

2385 650 2594 702 tetulit:
2638 660 2749 702 tum
2805 665 2871 701 ne
2904 647 3077 702 errori
3126 646 3539 718 suifragaretur,
3577 650 3762 703 multis
3807 649 3977 702 ratio-

2385 744 2544 795 nibus
2591 743 2869 796 deterrere
2920 742 3098 810 ipsum
3145 755 3376 795 conatus
3427 751 3530 796 est.
3566 742 3671 795 Sed
3708 743 3866 811 longa
3919 745 3976 795 et

2385 851 2575 903 aspera
2609 835 2984 888 admonitione
3011 835 3124 902 (71)
3169 835 3304 887 nihil
3342 835 3610 903 profecit:
3647 835 3758 888 imo
3800 836 3976 888 homi-

2387 943 2510 979 nem
2564 927 2733 995 magis
2785 943 2812 978 a
2862 942 2919 979 se
2967 927 3245 980 alienavit.
3281 926 3549 979 C:cternm
3601 942 3668 978 ne
3725 926 3972 996 religioni

2390 1020 2714 1087 periclitanti
2767 1021 2819 1072 in
2872 1021 2989 1088 ipso
3021 1021 3250 1074 articulo
3288 1021 3529 1081 deesset,
3578 1022 3758 1073 statim
3799 1036 3856 1072 se
3910 1019 3973 1072 ad

2389 1125 2664 1163 certamen
2699 1113 2954 1175 actinxit,
2989 1123 3041 1165 et
3074 1112 3121 1164 ei
3161 1113 3252 1179 qui
3296 1129 3392 1181 pro
3426 1111 3549 1165 fidei
3598 1113 3827 1165 veritate
3876 1127 3979 1178 pu-

2389 1215 2653 1271 gnaturus
2709 1205 2844 1257 foret
2908 1205 3326 1257 convenientem
3382 1213 3713 1256 armaturam
3773 1203 3974 1267 indu't,

2393 1297 2634 1349 habitum
2667 1297 2917 1350 videlicet
2946 1297 3333 1350 monasticum.
3365 1297 3420 1351 Id
3449 1312 3576 1350 vero
3607 1297 3808 1349 factum
3838 1297 3971 1349 citra

2394 1389 2555 1441 ullam
2602 1390 3011 1447 ca‘remoniam.
3063 1391 3227 1442 unius
3261 1389 3559 1443 sacerdotis
3607 1387 3838 1454 religiosi
3891 1387 3979 1439 it:-

2394 1488 2676 1544 tervcntu;
2705 1495 2734 1534 e
2765 1481 2920 1548 cujus
2947 1497 3107 1533 manu
3141 1491 3340 1533 vcsteru
3369 1480 3490 1532 cuiu
3521 1478 3814 1548 acciperet.
3847 1494 3972 1547 pro-

2395 1569 2572 1622 fessus
2607 1582 2710 1632 est,
2749 1586 2805 1624 se
2843 1581 3050 1622 mutato
3082 1571 3341 1639 deinceps
3374 1571 3586 1624 vivendi
3624 1585 3822 1641 genere
3851 1571 3977 1624 vitae

2395 1660 2585 1714 aulica:
2623 1677 2846 1729 prorsus
2881 1664 3319 1715 t'enuntiaturntu
3345 1664 3479 1727 (72L

2469 1753 2574 1808 Ubi
2621 1753 2858 1807 indictus
2899 1755 3015 1808 dies
3068 1755 3306 1816 advenit,
3348 1770 3652 1809 convenere
3703 1756 3756 1809 in
3799 1755 3975 1808 aulam

2399 1860 2589 1898 omnes
2619 1845 2871 1900 factionis
2915 1846 3242 1902 Palantitica:
3285 1848 3530 1916 cpisc0pi
3585 1849 3717 1917 (75).
3769 1849 3974 1902 Eodem

2398 1953 2613 2006 quoque
2660 1936 2928 2008 Gregoms
2973 1955 3095 1993 cum
3149 1940 3312 1993 sociis
3345 1949 3394 1993 et
3447 1940 3728 2008 discipulis
3776 1939 3974 1993 adfuit.

2398 2029 2544 2084 Inter
2591 2030 2752 2098 hujus
2793 2031 2973 2085 socios
3015 2033 3327 2086 eminebant
3361 2045 3468 2088 tres
3516 2036 3830 2104 pontifices:
3869 2035 3979 2102 pri-

2397 2134 2520 2172 mus
2569 2117 2792 2189 Ephesi,
2839 2120 2977 2173 alter
3021 2121 3156 2174 Gani
3205 2122 3580 2191 nietropolita;
3624 2125 3817 2178 tertius
3850 2123 3976 2194 Tyri

2396 2208 2707 2278 episcopus,
2761 2208 3010 2279 idemque
3053 2210 3375 2266 Antiocheni
3431 2215 3753 2282 patriarcha»
3809 2217 3978 2268 vicem

2397 2314 2620 2368 gerens;
2657 2316 2759 2354 nec
2807 2317 2914 2355 non
2965 2303 3061 2356 viri
3113 2304 3221 2357 duo
3275 2305 3583 2360 eruditione
3636 2317 3978 2375 priestantes,

2400 2393 2597 2446 Dexius
2636 2403 2687 2447 et
2723 2396 3055 2450 Athanasius
3089 2397 3220 2465 ('14).
3254 2400 3390 2452 Cum
3429 2399 3512 2452 his
3546 2400 3833 2469 Gregoras.
3873 2402 3978 2454 cir-

2399 2486 2537 2539 citer
2585 2486 2771 2538 horam
2818 2487 2923 2540 diei
2980 2490 3301 2552 secundam,
3354 2491 3619 2560 palatium
3679 2494 3981 2562 ingressus,

2399 2589 2562 2648 atque
2588 2579 2655 2632 ab
2681 2581 2961 2633 interioris
2993 2582 3128 2636 aulze
3151 2584 3301 2636 aditu
3332 2599 3429 2654 per
3462 2586 3678 2640 lictores
3703 2591 3983 2652 exclusus,

2401 2669 2493 2722 ditt
2539 2669 2737 2722 mansit
2779 2669 2830 2722 in
2864 2671 3154 2732 vestibulo,
3202 2673 3547 2739 epulantibus
3585 2676 3791 2730 interea
3839 2678 3984 2747 apud.

2404 2755 2789 2821 imperatorem
2838 2757 3135 2815 Palamitis.
3183 2760 3392 2823 Quibus
3434 2773 3558 2830 post
3605 2767 3895 2832 prandium
3931 2773 3984 2821 in

2402 2847 2576 2900 Alcxii
2624 2847 2944 2901 Triclinium
2982 2850 3093 2919 (75)
3133 2852 3264 2906 hora
3319 2855 3432 2923 ipsa
3467 2857 3764 2910 meridiana
3815 2859 3990 2912 intro-

2404 2941 2600 3002 ductis,
2650 2949 2700 2993 et
2743 2956 2869 2995 eum
2909 2941 3298 2998 Cantacuzcno
3345 2948 3472 3015 quid
3520 2949 3790 3017 agendum
3835 2962 3988 3005 eSsct

2405 3031 2807 3100 przemeditatis,
2849 3035 3061 3087 tandem
3087 3046 3143 3088 et
3179 3037 3534 3106 Acindyniani
3564 3039 3821 3106 impransi
3845 3042 3987 3109 jussi

2407 3133 2534 3176 sunt
2566 3123 2796 3177 intrare.
2828 3126 3048 3194 Singula
3088 3128 3248 3195 hujus
3298 3129 3702 3199 pseudosynodi
3737 3141 3857 3184 acta
3905 3149 3989 3187 re-

2407 3229 2630 3269 censere
2670 3216 2886 3286 longum
2927 3217 3119 3283 fuerit;
3156 3235 3255 3272 nec
3300 3235 3428 3273 vero
3472 3238 3698 3277 necesse
3731 3234 3833 3287 est,
3861 3241 3986 3278 cunt

2407 3319 2469 3357 ea
2505 3307 2683 3374 quivis
2716 3307 2887 3374 possit
2918 3324 2980 3360 ex
3017 3308 3190 3376 ipsius
3223 3307 3474 3379 Gregora:
3506 3313 3658 3365 libris
3697 3313 3806 3381 (76)
3837 3326 3887 3367 et
3919 3331 3986 3368 ex

2407 3398 2577 3451 Tomo
2605 3399 2919 3452 Palamitico
2950 3401 3167 3455 abunde
3199 3418 3549 3469 cognoscere.
3577 3403 3767 3457 Totius
3798 3407 3989 3474 dispu-

2409 3495 2650 3558 tationis,
2684 3512 2806 3564 quae
2841 3496 2981 3549 intra
3017 3499 3324 3564 quindecim
3356 3501 3470 3553 dies
3495 3503 3830 3556 sessionibus
3863 3521 3992 3572 qna-

2410 3595 2533 3640 tuor
2593 3588 2838 3641 absoluta
2901 3599 3017 3653 es,
3070 3590 3251 3644 exitus
3327 3592 3413 3644 hic
3473 3591 3592 3645 fuit.
3658 3594 3990 3649 Confirmata

2409 3678 2639 3732 Palama:
2693 3681 2958 3735 doctrina.
3016 3681 3071 3734 In
3143 3682 3481 3736 Barlaamum
3541 3695 3595 3736 et
3653 3687 3989 3755 Acindynunt

2412 3783 2657 3826 mortuos
2687 3773 2942 3826 horrendi
2978 3775 3238 3827 carminis
3271 3779 3378 3844 (77)
3419 3778 3708 3830 anathema
3748 3796 3994 3848 proruun—

2415 3866 2615 3918 tiatum"
2645 3868 2776 3934 (73).
2817 3865 3012 3934 Ephesi
3056 3877 3112 3919 et
3157 3853 3292 3919 Cani
3347 3870 3706 3935 metropolitis
3736 3872 3989 3939 adempta

2416 3973 2512 4025 per
2559 3957 2662 4008 vim
2722 3956 2950 4026 insignia
3001 3957 3316 4026 dignitatis;
3379 3975 3486 4011 non
3547 3961 3675 4012 item
3733 3963 3993 4030 episcopo

2416 4051 2561 4118 Tyri,
2608 4049 2698 4118 qui
2733 4050 2930 4102 ultimm
2969 4051 3196 4102 sessioui
3234 4052 3374 4103 haud
3430 4052 3695 4105 interfuit.
3741 4052 3994 4124 Gr'cgora-

2418 4142 2666 4210 discipuli
2705 4142 2792 4193 alii
2837 4141 2891 4195 in
2939 4143 3214 4195 custodias
3272 4144 3402 4204 dati,
3461 4145 3550 4198 alii
3598 4161 3814 4198 omnem
3873 4165 3994 4201 cum

2421 4236 2677 4304 magistro
2720 4235 3172 4288 consuetudinem
3234 4238 3402 4288 coacti
3458 4243 3694 4305 cjnrare.
3727 4239 3998 4310 Grcgoras

2424 4339 2600 4380 tamen
2636 4327 2750 4394 ipse
2778 4327 2924 4380 nullo
2956 4328 3101 4381 dicto
3132 4329 3396 4392 violatus;
3433 4331 3526 4384 scd
3566 4333 3614 4383 ei
3644 4341 3697 4385 et
3731 4333 3852 4386 aliis
3882 4335 4002 4402 qni-

2423 4421 2646 4473 busdam
2697 4419 2850 4472 facile
2890 4421 3218 4486 permissum
3253 4431 3354 4484 est,
3399 4422 3622 4476 domum
3653 4435 3709 4477 ιιι
3759 4426 3996 4477 abirent.

2425 4511 2628 4563 Tomus
2673 4511 2960 4579 synodicus
3009 4512 3119 4580 (79)
3159 4527 3266 4564 non
3317 4513 3522 4572 statim,
3555 4515 3647 4567 St'd
3703 4527 3824 4582 post
3861 4517 4002 4568 duos

750 4619 1073 4683 inponeret.
1114 4613 1378 4682 synodum
1410 4624 1708 4662 convocare
1735 4606 1924 4660 statuit
1956 4607 2085 4677 (70),
2124 4617 2177 4659 at
2209 4622 2316 4659 non
2353 4594 2392 4647 ί)
2425 4621 2640 4658 menses
2678 4605 3049 4674 promulgatas
3089 4606 3220 4674 (80).
3281 4605 3666 4674 Subscripsere
3701 4606 4004 4675 imperato-

750 4706 1164 4766 .ccuun-nicam,
1226 4711 1286 4756 ut
1334 4716 1477 4769 smpe
1521 4711 1573 4752 et
1621 4699 1731 4766 jam
1784 4698 1996 4767 pridem
2047 4697 2320 4766 pollicitus

752 4807 945 4856 fuerat.
984 4800 1273 4867 Gregoras,
1308 4810 1370 4849 ea
1409 4809 1466 4848 re
1491 4793 1696 4857 audita,
1730 4791 1988 4861 privatim
2014 4791 2160 4843 illum
2186 4805 2316 4842 con-

752 4898 922 4959 venit,
943 4904 1103 4962 atque
1129 4901 1184 4944 ut
1217 4905 1283 4943 ne
1317 4885 1586 4957 episcopis
1610 4884 1816 4954 paucis,
1837 4882 2010 4953 iisque
2031 4882 2319 4936 maximam

825 5035 935 5100 (7‘2)
983 5033 1040 5084 Α.
1072 5030 1131 5085 C.
1159 5030 1606 5100 13i7,_antttrn_no
1642 5031 1896 5100 exeunte.

829 5091 939 5173 (70)
981 5104 1272 5154 Cautacuz.
1327 5097 1465 5149 Hist.
1514 5095 1607 5148 lib.
1657 5111 1728 5158 tv,
1765 5109 1813 5148 c.
1845 5093 1934 5146 25.
1986 5091 2142 5163 Greg.
2180 5091 2317 5146 "ist.

755 5177 851 5231 Iib.
887 5189 1037 5232 xvttt,
1069 5189 1115 5226 c.
1157 5173 1209 5226 3.

829 5247 939 5312 (71)
984 5244 1168 5296 Exstat
1202 5239 1377 5292 oratio
1409 5237 1501 5290 lib.
1539 5251 1690 5299 xvm,
1729 5250 1778 5289 c.
1812 5234 1866 5289 4.

831 5316 939 5382 (72)
975 5314 1108 5368 Ibid.
1140 5312 1354 5382 socci.

835 5377 944 5452 ('73)
989 5389 1048 5437 Α.
1080 5384 1141 5437 C.
1179 5379 1486 5452 manuari
1521 5378 1606 5432 die
1631 5377 1727 5452 g7.

835 5447 944 5526 (7-1)
981 5455 1139 5510 Joan.
1176 5451 1572 5526 Cyparissiotes
1625 5447 2320 5526 (fatentur.-lransgressiau.

766 5519 907 5582 libro
939 5527 1200 5587 secundo,
1223 5519 1346 5589 cap.
1380 5519 1474 5571 ult.
1509 5529 1612 5571 tres
1639 5519 2038 5589 Acindynianos
2068 5525 2330 5570 memorat

769 5613 818 5653 ιιι
859 5597 1114 5656 illum-es,
1152 5587 1385 5652 Burdi-n,
1425 5587 1825 5652 Polerianitam,
1851 5603 1896 5641 et
1932 5587 2224 5657 Lybdicen.

841 5669 953 5733 (75)
989 5667 1141 5732 Quod
1177 5673 1292 5719 erat
1329 5663 1382 5713 in
1422 5661 1801 5712 lilachernensi
1840 5661 2056 5728 palatio.

839 5740 950 5805 (753)
994 5755 1144 5798 xuii,
1175 5751 1283 5797 Iuv,
1316 5750 1407 5792 xx,
1451 5747 1558 5783 XXI.

841 5799 948 5877 (77)
991 5809 1286 5873 Μεγίστης
1321 5805 1411 5854 καὶ
1446 5799 1905 5866 ’.ερ-κιιιδεστάταις
1935 5799 2090 5868 ἀραῖς
2125 5799 2334 5877 cia-.0271-

777 5869 1098 5954 ρυῇβέντσεξ
1127 5877 1295 5944 inquit
1327 5872 1642 5926 I’luiolhetts
1692 5871 2015 5939 patriarcha.
2043 5869 2175 5922 Cod.
2224 5887 2332 5937 reg.

2427 4713 2536 4761 res,
2569 4695 2805 4751 Joannes
2835 4698 3274 4760 Cantacttzenus,
3319 4707 3373 4751 et
3402 4699 3522 4766 ejus
3554 4714 3714 4768 gener
3759 4701 4003 4754 Joannes

2427 4789 2791 4852 Palmologus;
2823 4797 2934 4841 tum
2962 4788 3217 4841 Callistus
3249 4787 3583 4856 patriarcha,
3610 4796 3664 4840 et
3692 4787 3781 4840 alii
3815 4790 4003 4856 ponti-

2432 4882 2558 4933 lices
2601 4880 2735 4947 (81).
2772 4878 2939 4932 Paulo
2989 4891 3105 4948 post
3154 4879 3264 4947 (Si)
3296 4877 3728 4940 Cantacuzenus,
3781 4891 4003 4949 sump'o

2434 5023 2585 5082 I996,
2629 5022 2720 5075 fol.
2754 5021 2875 5074 5I9.

2501 5094 2611 5156 (78)
2656 5093 2725 5146 Ut
2753 5092 2804 5144 in
2835 5105 2927 5143 eos
2953 5108 3182 5156 quorum
3216 5092 3360 5144 salus
3390 5101 3531 5144 esset
3560 5091 3870 5156 desperata.

2503 5165 2615 5230 (79)
2658 5164 2899 5234 Ειιῖιιιξξι
2925 5160 3251 5218 Combelisio
3275 5162 3513 5216 Auctarii
3541 5163 3822 5216 novissmi
3851 5179 4007 5234 parte.

2433 5235 2596 5289 altera
2635 5251 2753 5303 pag.
2795 5232 2915 5284 I70.

2503 5307 2609 5366 (80)
2649 5307 2711 5356 Λ.
2748 5305 2806 5354 (ἰ.
2849 5304 3003 5367 1551,
3062 5319 3247 5358 mense
3301 5305 3565 5372 Augusto,
3615 5312 3740 5358 ante
3803 5303 4005 5359 festum

2433 5374 2851 5441 Assutuptionis.

2505 5445 2614 5511 (8|)
2649 5444 3100 5509 Subscripscrunt
3122 5444 3520 5511 metropolitani
3548 5446 3761 5512 propria
3787 5447 4006 5514 quidem

2436 5533 2598 5569 manu
2653 5515 2835 5577 viginti
2897 5515 3173 5580 quinque;
3221 5515 3329 5566 duo
3380 5525 3560 5566 autem
3615 5516 3700 5566 διὰ
3753 5519 4006 5582 γνωμῶν,

2442 5587 2748 5639 Adfuerunt
2780 5594 3036 5650 przeterca
3066 5585 3305 5653 episcopi
3341 5595 3571 5648 septem,
3607 5596 3658 5635 ut
3703 5595 3912 5638 constat
3949 5604 4008 5637 ev

2443 5655 2934 5724 subscriptionibus
2968 5656 3368 5720 pseudosvuotii
3407 5656 3751 5714 I’alatniticm.
3787 5671 3813 5707 a
3852 5658 4015 5707 (Zom-

2444 5729 2634 5781 ltc‘isio
2687 5725 2862 5778 editre.
2921 5725 3124 5776 Tamen
3187 5727 3454 5794 Gregoras
3510 5727 3645 5777 duos
3704 5736 3912 5779 tantum
3963 5735 4014 5777 ct

2446 5799 2628 5865 viginti
2663 5796 2950 5848 arcessitos
2982 5796 3228 5847 allirntat.

2516 5869 2623 5934 (δὲ)
2666 5869 2717 5919 in
2749 5868 2884 5924 festo
2920 5866 3335 5929 Assnmplionrs.
