4214 6450
695 385 767 446 35
1793 384 2213 445 NICEPHORI
2254 383 2645 445 Gnaeum
2682 385 2881 446 VITA.
3475 362 3478 366 ’
3882 390 3951 450 36

693 521 816 572 gum
863 513 1108 568 inritata;
1144 518 1208 556 co
1236 503 1447 556 scilicet
1471 503 1716 566 cons'lio,
1757 514 1813 557 ut
1844 516 2024 571 posset
2053 504 2278 557 alterius
2306 510 2352 565 Α
2379 505 2429 557 ei
2470 503 2750 574 scriptioni
2789 501 3112 572 impenderit
3145 500 3280 570 (93).
3319 501 3356 554 li
3392 510 3520 554 sunt
3554 502 3684 554 liber
3711 501 3952 556 decium.

695 594 872 648 verbis
918 603 1030 647 tutn
1084 593 1426 647 adversarios
1481 611 1710 663 arguere
1754 595 1997 658 liberius,
2051 604 2163 648 tum
2217 610 2274 647 se

696 686 874 752 ipsum
908 687 1121 738 minore
1149 685 1350 738 invidia
1383 686 1622 749 laudare,
1669 685 1756 738 ubi
1806 701 1892 738 res
1924 687 2223 754 postularet
2258 702 2272 738 :

696 779 747 831 id
797 779 939 845 quod
995 777 1195 846 alioqui
1246 788 1405 847 turpe
1451 788 1506 832 et
1541 779 1878 839 indecorum.
1927 778 2157 832 fortasse
2190 778 2274 831 isti

694 871 1117 923 condonandum
1156 881 1262 932 est,
1298 871 1556 939 Optimam
1592 887 1811 925 causam
1852 870 2186 930 defendenti.
2222 879 2278 924 et

696 980 818 1015 cum
874 961 1148 1016 luereticis
1195 961 1513 1016 decertanti.
1560 961 1690 1015 Mihi
1731 961 1949 1031 quidem
1983 960 2277 1015 verisimile

698 1056 777 1120 fit,
812 1064 983 1108 toturn
1017 1055 1148 1108 illud
1181 1053 1536 1124 Agathangi-li
1567 1054 1798 1108 subinde
1829 1053 2011 1107 euntis
2045 1054 2278 1107 redeun-

699 1147 875 1214 tisqne
918 1145 1218 1214 episodinm
1276 1145 1567 1199 conflctum
1620 1160 1741 1199 esse
1788 1145 1856 1198 ab
1909 1144 2169 1197 historico
2215 1159 2277 1197 ea

701 1239 942 1299 licentia.
972 1255 1075 1308 qua
1107 1239 1415 1307 philosophi
1443 1249 1499 1292 et
1522 1248 1767 1294 oratores
1798 1238 2038 1306 plerique
2078 1238 2128 1290 in
2159 1237 2279 1289 dia-

702 1331 837 1400 logis
883 1334 955 1383 uti
988 1332 1204 1384 solent:
1239 1347 1544 1400 quanquam
1595 1334 1696 1384 hoc
1749 1340 1878 1384 satis
1910 1343 2142 1390 constat.
2178 1329 2277 1383 flo-

702 1422 878 1474 ruisse
924 1423 1014 1475 illo
1064 1438 1181 1476 aevo
1229 1423 1518 1490 quemdam
1563 1423 1784 1476 nomine
1823 1422 2275 1492 Agathangelum,

701 1515 791 1580 qni
830 1523 883 1566 et
927 1515 1192 1568 adversus
1247 1515 1538 1585 Grcgoram
1593 1516 1791 1569 librum
1838 1531 1938 1585 pro
1985 1515 2277 1569 Aristotele

703 1605 1094 1672 apologeticmn
1123 1608 1232 1672 (90)
1267 1606 1566 1674 scripserit.

777 1712 856 1763 Ab
879 1711 970 1764 illo
1001 1724 1266 1780 tempore,
1292 1729 1401 1780 quo
1433 1723 1614 1765 tomus
1645 1712 1992 1765 l'alamitiens
2027 1711 2276 1779 promul-

706 1812 867 1869 gatus
895 1814 1000 1866 cst,
1034 1804 1097 1856 ad
1133 1804 1281 1855 illum
1318 1805 1485 1865 diem,
1511 1820 1619 1871 quo
1649 1803 1886 1856 Joannes
1925 1802 2275 1872 Pala-ologns.

2379 605 2607 649 octavus
2639 604 2696 648 et
2728 609 2925 646 novem
2956 594 3228 665 deinceps
3262 593 3547 654 continui;
3600 592 3798 660 quibus
3841 603 3950 646 tum

2378 687 2481 739 alia
2526 688 2693 739 tnulta
2725 686 3099 747 continentur,
3164 694 3276 736 tum
3311 686 3442 736 Acta
3485 685 3673 751 synodi
3717 683 3948 736 Pal-nni-

2380 781 2519 842 ticaa,
2571 788 2624 832 et
2651 778 2830 832 habita
2857 793 2980 831 cum
3012 775 3259 830 Cabasila
3300 775 3630 842 disputatio;
3694 792 3790 829 ttcc
3845 792 3947 828 non

2378 869 2576 937 triplex
2608 884 2731 922 cum
2755 868 3126 939 Agatltangelo
3164 866 3516 934 colloquium.
3583 865 3751 917 Porro
3778 869 3829 918 in
3867 867 3949 918 his

2378 962 2650 1031 praecipua
2716 961 3101 1015 observatione
3144 959 3369 1027 dignum
3404 958 3618 1010 videtur
3653 967 3952 1030 testantem

2379 1061 2492 1105 tum
2530 1054 2702 1123 ipsum
2731 1053 2973 1106 auctoris
3005 1051 3116 1121 (96)
3145 1069 3157 1102 :
3201 1051 3360 1115 cujus
3389 1048 3608 1117 quidem
3645 1058 3925 1100 testatnen'

2378 1146 2478 1198 tria
2514 1157 2642 1198 sunt
2676 1145 2877 1212 capita.
2912 1144 3097 1196 Primo
3121 1141 3278 1210 jubet
3308 1140 3576 1209 Cregoras
3604 1138 3820 1191 illorum
3855 1139 3950 1189 dc-

2377 1253 2494 1291 cetn
2531 1237 2793 1290 librorum
2840 1235 3171 1302 exemplaria
3226 1231 3681 1301 quam‘plurinia
3743 1245 3948 1282 summa

2379 1333 2634 1387 cautione
2663 1328 2923 1388 tiescribi,
2957 1340 3012 1382 et
3046 1327 3237 1379 amicis
3299 1325 3494 1391 ubique
3528 1333 3796 1375 terrarum
3854 1322 3950 1371 de-

2380 1423 2635 1492 gentibus
2665 1419 2942 1473 distribui.
3006 1418 3195 1471 Altero
3245 1416 3403 1469 fidem
3436 1414 3682 1482 exponit,
3716 1412 3782 1464 dc
3820 1410 3946 1462 Bar-

2380 1519 2556 1570 laamo
2581 1525 2636 1569 et
2663 1514 2945 1582 Acindyno
2972 1510 3223 1564 Ecclesia:
3255 1510 3469 1562 decreta
3503 1505 3790 1576 approbat,
3824 1504 3949 1558 etin

2380 1619 2724 1664 sacramento
2756 1606 3115 1659 Eucharistiaa
3151 1619 3337 1656 verttm
3382 1601 3585 1654 Christi
3636 1613 3834 1665 Corpus
3899 1607 3950 1648 et

2380 1705 2700 1771 sanguinem
2738 1689 3004 1766 agnoscit.
3056 1696 3245 1750 Tertio
3281 1695 3511 1748 cadaver
3559 1707 3740 1749 suum,
3809 1690 3949 1757 quod

2383 1793 2656 1846 Palamitaa
2689 1790 3019 1858 insepultum
3051 1789 3344 1857 projectnri
3379 1785 3512 1841 sint.
3542 1782 3760 1851 sepeliri
3787 1792 3922 1833 vetat

708 1893 1022 1963 Byzantium
1052 1907 1276 1961 repente
1307 1897 1605 1965 ingressus,
1641 1911 1906 1948 summam
1950 1904 2273 1964 potestatem

2333 1869 2348 1919 ³
2382 1882 2502 1934 Han:
2533 1896 2664 1934 vero
2699 1884 2885 1933 omnia
2916 1880 3076 1932 docet
3102 1878 3390 1944 scripsisse
3419 1892 3476 1928 se
3511 1875 3705 1939 raptim
3749 1888 3808 1924 ac
3840 1869 3950 1923 fur-

709 1990 933 2057 recepit,
966 1989 1234 2058 tiregmas
1270 1989 1432 2041 domo
1471 1998 1729 2057 tanquam
1767 2003 1986 2041 carcere
2035 1988 2276 2041 inclusus

708 2083 877 2136 inulta
934 2082 1274 2134 incommoda
1307 2082 1549 2149 pertulit.
1612 2079 1728 2150 Ipse
1782 2081 1848 2134 ad
1880 2096 1997 2133 eam
2037 2081 2274 2150 inopiam

710 2176 984 2227 redactum
1026 2190 1082 2228 se
1111 2179 1376 2243 queritur,
1405 2183 1463 2228 ut
1491 2189 1615 2227 curn
1647 2173 1842 2226 hietnis
1878 2171 2046 2241 frigus
2079 2179 2278 2226 acetis-

707 2266 902 2319 sixntnn
935 2275 1100 2328 esset,
1132 2266 1318 2336 gi-l'dae
1352 2281 1504 2334 aqua:
1544 2265 1734 2333 pocula
1781 2264 1938 2318 aliter
1970 2264 2279 2332 tepefacere

712 2361 853 2415 haud
887 2371 1141 2430 potuerit,
1181 2360 1281 2412 nisi
1308 2360 1440 2413 solis
1468 2359 1630 2412 radiis
1656 2373 1748 2426 per
1779 2358 2070 2412 fet-estram
2102 2357 2153 2408 in
2184 2374 2279 2409 cn-

711 2455 949 2508 bicnlnm
1001 2451 1481 2520 introntissiswl).
1518 2451 1660 2503 ldetn
1695 2461 2185 2519 tnctnorat,aquant
2222 2463 2280 2502 se

707 2561 769 2598 ex
790 2555 953 2615 puteo
975 2555 1220 2598 coactum
1247 2543 1463 2596 haurire
1490 2542 1556 2594 ad
1577 2557 1763 2594 saxum
1783 2551 1945 2594 noctu
1970 2541 2281 2601 oflendisse,

709 2651 870 2708 atque
906 2639 1029 2691 hinc
1063 2637 1246 2688 mu'tis
1281 2636 1472 2688 diebus
1543 2634 1676 2699 pede
1711 2643 2008 2700 :cgrotante
2053 2647 2278 2685 necesse

710 2733 810 2786 sibi
849 2731 1018 2783 fuisse
1058 2744 1253 2796 aquam
1289 2730 1497 2795 pigram
1532 2737 1585 2778 et
1635 2726 1901 2793 putridatn
1941 2734 2146 2792 putare,
2189 2726 2284 2776 do-

711 2840 812 2876 nec
858 2819 1210 2892 Agatbangcli
1254 2818 1554 2870 ministerio
1617 2818 1775 2868 aliam
1835 2813 2284 2881 tat-avisset(92).

714 2912 914 2966 Basilio
946 2910 1137 2978 Magno
1199 2919 1249 2961 et
1308 2907 1427 2959 aliis
1456 2905 1829 2974 compluribus
1883 2903 2013 2955 \iris
2061 2905 2284 2964 sanctis,

710 3005 802 3074 qui
838 3001 1235 3072 persecutionis
1266 3010 1412 3052 metu
1442 3001 1496 3050 in
1529 3000 1822 3066 Speluncas
1856 3011 1909 3050 et
1952 2998 2003 3048 in
2042 2997 2289 3050 solitudi-

713 3114 812 3150 nes
842 3095 1126 3166 fugissent,
1165 3094 1489 3162 pertnissum
1532 3093 1658 3144 olim
1713 3090 1832 3154 fuit,
1888 3090 1976 3142 ubi
2040 3091 2290 3143 sacerdos

2381 1978 2474 2030 tim
2506 1977 2557 2028 in
2583 1975 2770 2028 charta
2807 1972 3087 2031 vilissima,
3138 1985 3239 2022 nec
3275 1979 3368 2020 ant
3420 1966 3693 2035 corrigere
3726 1974 3817 2015 aut
3863 1979 3890 2012 (ι

2383 2069 2552 2139 poiit'e
2589 2066 2854 2136 potuisse,
2885 2065 3107 2117 anxium
3149 2059 3424 2122 videlicet,
3462 2073 3523 2111 ac
3558 2071 3625 2108 ne
3661 2057 3728 2108 ab
3768 2053 3898 2106 inim

2380 2161 2457 2212 cis
2475 2159 2978 2227 deprehenderetur
2999 2165 3263 2224 perpetuo
3288 2150 3597 2204 sollicitum.
3618 2148 3734 2201 Non
3760 2147 3918 2199 tnirtn

2383 2253 2587 2320 itaque,
2623 2250 2666 2304 si
2698 2249 2774 2302 illi
2815 2249 3004 2302 decem
3041 2245 3161 2300 libri
3207 2254 3260 2298 et
3291 2244 3472 2296 minus
3523 2238 3774 2310 castigati
3803 2248 3953 2292 sunt.

2382 2355 2435 2398 et
2477 2358 2723 2412 magnam
2759 2342 2963 2396 doloris
2989 2339 3338 2393 acerbitatem
3366 2334 3632 2405 produnt;
3669 2347 3786 2399 quae
3816 2339 3868 2382 ct
3902 2328 3953 2378 in

2383 2436 2629 2504 reliquis,
2661 2435 2725 2488 ad
2753 2435 2875 2486 illos
2908 2444 3090 2499 postea
3122 2430 3370 2495 adjectis,
3402 2441 3507 2478 non
3535 2424 3710 2476 minor
3736 2421 3951 2489 quidem

2383 2529 2614 2590 exsistit,
2682 2527 2837 2578 abest
2871 2533 3052 2575 autem
3105 2539 3133 2574 a
3191 2519 3588 2588 septemdecim
3644 2513 3954 2582 prioribus;

2386 2634 2524 2687 quos
2556 2634 2618 2669 ex
2653 2632 2716 2669 eo
2749 2623 2995 2684 apparet,
3029 2621 3083 2665 et
3122 2612 3342 2665 aliunde
3367 2610 3531 2660 etiam
3559 2617 3796 2666 constat,
3832 2617 3959 2657 ante.

2387 2710 2656 2778 synodum
2696 2706 3066 2758 l‘alatniticatn
3091 2703 3295 2770 integra
3322 2701 3500 2753 adhuc
3532 2701 3774 2751 auctoris
3799 2699 3960 2749 liber-

2391 2812 2497 2854 tate
2536 2800 2788 2853 ρίτηιιίιυε
2818 2798 3009 2851 fuisse.
3043 2796 3310 2848 Pra-terea
3343 2795 3510 2846 libros
3531 2792 3720 2845 decem
3755 2790 3806 2841 in
3844 2787 3959 2841 To-

2390 2910 2536 2947 mnm
2570 2893 2944 2946 l‘alamiticum
2979 2889 3378 2947 Autirrhelicos,
3424 2884 3616 2937 eodem
3648 2881 3738 2934 illo
3771 2883 3954 2933 dome-

2390 2988 2527 3042 Stico
2553 3003 2773 3040 carcere
2806 2984 3072 3046 inclusus,
3093 2981 3313 3049 scripsit
3342 2999 3354 3041 ;
3386 2995 3604 3032 manum
3627 2987 3808 3029 autem
3836 2977 3964 3028 huic.

2391 3081 2538 3147 operi
2581 3091 2692 3130 tum
2748 3079 2980 3146 primum
3021 3074 3306 3136 admovit,
3363 3085 3487 3124 cum
3540 3068 3962 3138 Agathangelus,

713 3189 952 3249 abesset,
977 3195 1389 3240 sacrosanctum
1422 3185 1623 3236 (itu-isti
1657 3197 1859 3250 corpus
1891 3182 2125 3248 propriis
2179 3195 2291 3232 nta-
2314 3201 2357 3263 ρ
2393 3182 2589 3239 quarta
2621 3169 2734 3224 vive
2792 3170 2844 3220 in
2887 3169 3008 3239 ejus
3040 3165 3351 3220 cubiculum
3414 3163 3599 3217 furtim
3655 3161 3958 3226 ingressuri.

716 3281 877 3333 nibus
912 3293 1128 3332 sumere
1163 3286 1218 3331 et
1247 3278 1329 3329 ori
1368 3291 1470 3329 suo
1502 3275 1819 3328 admovere.
1849 3272 2068 3325 lllortnn
2104 3287 2289 3324 ext-tn-

718 3374 808 3440 plo
841 3371 1129 3441 Gregoras,
1187 3385 1310 3421 ettnt
1366 3367 1523 3420 aliter
1590 3381 1696 3418 non
1751 3365 1958 3422 liceret.
2005 3374 2288 3433 propterea

717 3464 861 3534 quod
892 3463 1075 3516 nullus
1109 3461 1172 3513 ad
1206 3476 1330 3514 eum
1365 3459 1527 3512 domo
1557 3458 1827 3511 inclusum
1891 3455 2146 3509 sacerdos
2201 3469 2290 3506 or-

720 3556 994 3610 thodoxus
1027 3554 1291 3607 accedere
1317 3550 1570 3606 audebat.
1605 3546 1959 3601 Eucharistia:
1981 3559 2292 3598 sacramen-

721 3660 833 3702 tum
871 3646 973 3702 sibi
1007 3646 1109 3715 ipsi
1139 3644 1385 3712 privatim
1428 3640 1780 3695 ministravit.
1834 3638 2101 3692 Nimirum
2132 3636 2295 3689 habe-

723 3743 816 3794 hat
839 3753 1004 3808 penes
1027 3751 1085 3791 se
1108 3736 1412 3790 hostiarum
1438 3742 1878 3786 consecratarum
1899 3730 2106 3799 copiam
2133 3729 2293 3799 longo

721 3841 847 3883 ante
877 3831 1314 3898 provisam,quas
1333 3837 1614 3894 postquam
1635 3838 1826 3878 omnes
1844 3822 2291 3889 consumpsisset,

725 3922 958 3974 anticum
995 3919 1430 3988 Agathangelum
1464 3929 1681 3986 rogasse
1712 3927 1770 3967 se
1808 3913 1906 3976 ait,
1939 3921 1994 3966 ut
2033 3912 2166 3966 alias
2193 3912 2295 3966 sibi

724 4031 846 4068 eum
877 4013 1177 4077 Antidoris,
1211 4027 1306 4066 seu
1340 4010 1498 4080 panis
1518 4008 1793 4063 benedicti
1819 4007 2028 4070 frustis,
2051 4007 2293 4063 afferret.

725 4108 910 4175 Itaque
936 4106 981 4159 ei
1015 4106 1080 4159 ab
1112 4105 1438 4158 adversariis
1467 4102 1612 4154 ontni
1658 4103 1770 4154 fere
1795 4111 1900 4153 tam
1924 4115 2114 4153 anima":
2135 4116 2298 4168 quant

726 4199 975 4268 corporis
1005 4197 1196 4251 solatio
1225 4196 1578 4249 interdictum
1624 4193 1745 4246 fuit.
1781 4194 1861 4247 Ab
1887 4192 2078 4246 iisdem
2119 4193 2300 4246 adem-

731 4303 857 4358 ptos
924 4290 1026 4343 sibi
1086 4304 1182 4359 per
1243 4289 1349 4340 vim
1419 4302 1585 4341 sacrae
1631 4287 1921 4354 Scriptura:
1976 4287 2142 4341 libros
2189 4287 2299 4355 (93)

733 4395 949 4448 narrat;
1012 4383 1142 4437 item
1202 4398 1346 4435 anno
1379 4397 1597 4451 quoque
1657 4381 1915 4434 redeunte
1949 4392 2210 4435 tentatum
2243 4398 2303 4436 se

733 4491 761 4522 ει
814 4470 1151 4540 principibus
1199 4485 1294 4539 per
1341 4468 1653 4522 emissarios
1699 4470 1858 4535 (quos
1901 4469 2302 4538 αὐθημερινοὺς

733 4563 1039 4629 Θειρὶόγους,
1067 4577 1161 4615 seu
1203 4563 1355 4613 unius
1388 4561 1492 4612 diei
1529 4560 1817 4629 theologos,
1863 4563 2058 4627 vocat),
2114 4570 2170 4613 ιιι
2206 4569 2300 4613 aut

734 4655 991 4722 captiosis
1008 4653 1566 4723 argumentationibus
1585 4653 1843 4721 deceptus
1867 4662 2295 4721 perverteretur;

737 4757 850 4808 aut,
911 4745 954 4797 si
983 4760 1106 4798 eum
1156 4743 1300 4797 nulla
1335 4743 1545 4796 ratione
1613 4743 1752 4796 flecti
1786 4757 1944 4812 posse
1988 4751 2294 4810 appareret,

737 4846 1070 4893 statueretur
1123 4837 1381 4904 denique,
1435 4846 1620 4889 utrum
1656 4836 1956 4904 expediret,
1995 4835 2299 4888 carcerisne

737 4929 996 4982 aerumnis
1036 4937 1091 4982 et
1141 4926 1300 4995 longa
1359 4925 1525 4981 veluti
1583 4934 1758 4979 morte
1813 4939 1935 4978 eum
1975 4925 2192 4989 confici,
2241 4940 2308 4978 an

740 5032 905 5069 tnanu
943 5016 1174 5070 violenta
1208 5016 1392 5070 subito
1420 5015 1653 5084 opprimi
1679 5014 1813 5083 (94).

811 5108 954 5162 lnter
987 5108 1084 5162 hos
1115 5117 1291 5161 metus
1315 5107 1481 5160 libros
1509 5106 1756 5160 Historia:
1783 5105 2094 5176 Byzantime
2125 5107 2311 5160 decem

743 5199 1044 5268 COIIlpOStlil
1075 5207 1222 5252 tanta
1259 5198 1559 5263 celeritate,
1586 5208 1642 5251 ut
1672 5199 1758 5251 vix
1805 5199 1923 5253 dies
1959 5198 2314 5268 quadiaginta

750 5375 934 5504 ηεξ)
970 5378 1270 5433 ludicatum
1323 5381 1378 5435 in
1407 5381 1666 5454 Catalogo
1714 5383 2057 5439 bibliotheca:
2098 5384 2316 5440 Scoria-

819 5519 930 5587 (9|)
969 5520 1132 5585 Hist.,
1164 5521 1261 5575 lib.
1287 5537 1478 5581 xxvm.

817 5592 928 5654 (9:!)
964 5591 1134 5656 llist.,
1167 5596 1261 5644 lib.
1292 5610 1459 5648 xxvii.

818 5659 933 5728 (9‘5)
961 5661 1229 5733 Gregoras
1257 5664 1422 5718 libros
1449 5665 1634 5718 habuit
1655 5666 1792 5720 bene
1817 5665 2035 5729 multos,
2068 5673 2126 5718 ut
2149 5680 2309 5733 supra

747 5729 1110 5810 observatum.
1158 5732 1525 5810 Quosdam‘in
1553 5735 1876 5810 Bibliotheca
1897 5736 2058 5810 Regia
2092 5729 2304 5805 agnovi,

749 5816 810 5852 ac
869 5803 923 5852 in
990 5804 1053 5860 iis
1090 5805 1331 5858 codicem
1390 5803 1551 5871 2259,
1618 5807 1709 5875 qui
1770 5815 1824 5861 ct
1887 5803 2305 5877 chirographum

2393 3263 2783 3333 profsssioiem
2816 3261 2935 3314 fidei
2978 3260 3176 3312 editam
3212 3273 3240 3310 a
3273 3257 3512 3314 Palama.
3565 3266 3616 3308 et
3661 3255 3860 3306 sclecta
3894 3268 3960 3304 ex

2391 3354 2648 3424 synodico
2680 3351 2850 3406 Temo
2875 3351 3075 3420 capita,
3108 3349 3181 3402 ita
3221 3359 3281 3402 ut
3329 3349 3645 3401 mandatum
3677 3347 3726 3397 ei
3784 3359 3811 3396 a
3847 3360 3960 3397 ma-

2392 3450 2557 3517 gistro
2589 3444 2781 3503 fuerat,
2806 3458 2989 3496 secum
3011 3441 3281 3495 attniisset
3311 3441 3442 3508 (97).
3463 3436 3658 3489 Eorum
3693 3435 3957 3487 libroruin

2395 3539 2691 3608 fragmenta
2724 3544 2941 3589 exstant
2991 3533 3133 3602 apud
3175 3530 3518 3585 Pltilothennt
3562 3525 3965 3596 patriarcham;

2393 3632 2486 3701 qui
2518 3631 2669 3683 Tomi
2699 3626 2992 3682 Palaniitici
3024 3624 3345 3679 defensioite
3383 3631 3656 3689 suscepta,
3679 3617 3970 3672 Antirrher

2396 3725 2531 3777 tiens
2592 3718 2980 3775 Antirrheticis
3039 3715 3329 3786 opposuit,
3382 3731 3444 3767 ac
3499 3723 3772 3765 mortuum
3826 3708 3967 3762 Grc-

2396 3827 2582 3883 goram
2609 3810 2849 3864 refutare
2887 3807 3272 3862 Cantacuzeno
3305 3805 3558 3858 hortante
3597 3808 3824 3854 conatus
3855 3807 3966 3851 est.

2467 3919 2626 3969 Anno
2648 3914 2850 3968 Christi
2881 3913 3018 3967 1554
3047 3926 3172 3966 vere
3197 3911 3415 3963 ini-uate
3439 3907 3739 3966 Matthzeus,
3767 3905 3964 3957 Canta-

2400 4007 2592 4062 cuzeni
2617 4005 2782 4069 filius,
2850 4004 2904 4057 in
2961 4003 3164 4072 templo
3201 3999 3632 4060 Blacbcrncnsi,
3695 3995 3970 4050 l’hilothci

2405 4098 2730 4170 patriarchae
2774 4111 2936 4164 Opera
2981 4110 3043 4147 ac
3081 4092 3408 4154 ministerio,
3447 4099 3738 4143 coronatus
3780 4097 3833 4138 et
3880 4101 3972 4138 so-

2403 4189 2564 4242 lemni
2598 4187 2705 4240 ritu
2734 4186 2914 4240 socius
2950 4183 3164 4254 imperii
3195 4191 3478 4252 cooptatus
3505 4193 3588 4233 est
3608 4197 3633 4231 a
3656 4189 3804 4248 patre
3830 4177 3970 4248 (93):

2404 4290 2565 4349 atque
2595 4281 2759 4348 hujus
2781 4279 2949 4331 missu
2986 4277 3170 4344 paucis
3200 4283 3321 4342 post
3355 4273 3545 4327 diebus
3577 4271 3643 4323 ad
3673 4268 3972 4337 Gregoratn

2406 4374 2653 4436 accessit,
2673 4371 2913 4424 animum
2934 4370 3052 4437 ejas
3073 4369 3252 4421 denuo
3283 4375 3606 4425 tentaturus,
3623 4371 3675 4415 et
3713 4361 3973 4428 ιιι-ωηιιο-

2408 4481 2524 4518 rtttn
2554 4477 2651 4531 spe
2672 4461 2850 4514 oblata
2875 4473 3134 4513 suasurus
3152 4466 3208 4509 ut
3227 4458 3279 4510 in
3306 4457 3480 4507 aulam
3509 4449 3973 4521 quemadmodum

2333 4535 2374 4591 θ
2405 4565 2561 4609 antea
2588 4555 2842 4621 frequens
2869 4553 3096 4603 veniret.
3124 4550 3365 4616 Cutnque
3393 4549 3436 4599 is
3465 4560 3564 4598 nec
3579 4543 3981 4596 ailmrtationi-

2406 4649 2507 4704 bus
2541 4663 2641 4699 nec
2675 4645 2958 4713 promissis
2990 4642 3113 4694 ullis
3148 4641 3480 4701 flecteretur,
3506 4636 3694 4688 saltem
3725 4635 3827 4686 hoc
3851 4649 3978 4701 per-

2405 4741 2634 4796 suadere
2668 4747 2898 4791 conatus
2927 4743 3031 4797 est,
3057 4733 3395 4802 publicarum
3448 4727 3813 4782 calamitatum
3846 4741 3981 4780 cau-

2407 4851 2518 4889 sam
2551 4849 2656 4885 non
2693 4829 3080 4884 Camacuzeno
3108 4823 3446 4894 imperatori.
3488 4823 3582 4876 sed
3615 4819 3983 4874 Providentia:

2409 4927 2614 4979 divina:
2640 4922 2876 4977 decretis
2906 4931 2959 4974 et
3002 4917 3149 4972 fatali
3198 4916 3509 4970 necessitati
3549 4913 3979 4966 attribuendam.

2407 5018 2677 5085 Gregoras
2701 5023 2893 5067 contra
2932 5010 3286 5064 validioribus
3312 5005 3644 5076 argumentis
3699 5003 3980 5073 probavit.

2408 5121 2746 5178 qna-cunque
2781 5103 3029 5156 homines
3055 5101 3316 5160 facerent,
3370 5114 3431 5150 ea
3464 5099 3608 5164 ipsos
3642 5110 3750 5147 non
3789 5094 3976 5145 ditina

2413 5195 2756 5268 praisclentia
2779 5191 2999 5247 autfato
3029 5201 3278 5258 cogente,
3306 5191 3397 5242 sel
3430 5190 3650 5257 prhth
3679 5186 3979 5238 voluntatis

2422 5383 2538 5462 eius
2572 5383 2806 5451 prmfcrt.
2877 5383 2975 5434 Est
3025 5391 3202 5434 autem
3260 5381 3304 5432 is
3335 5381 3536 5462 i-o-'e\',
3581 5371 3747 5423 Flavii
3773 5369 3985 5436 Josrpﬁi

2426 5447 2664 5505 Historia
2691 5454 2920 5505 Iudaica
2952 5459 3013 5504 de
3043 5453 3242 5503 excidio
3276 5447 3768 5511 Ilien‘isoiymttmtu.

2494 5526 2604 5585 (Ui)
2643 5524 2801 5590 Πήρη
2834 5525 2926 5575 lib.
2956 5538 3146 5584 XXVIII,
3191 5520 3349 5577 Hist.
3386 5520 3477 5570 lib.
3515 5528 3678 5565 χχιιι.

2489 5582 2600 5659 (95)
2639 5596 2698 5644 Α.
2725 5582 2785 5644 C.
2825 5593 2983 5654 155:2,
3011 5582 3154 5645 .lnlio
3185 5600 3230 5642 ct
3273 5597 3512 5657 Angusto
3545 5582 3848 5637 mensibus.

2489 5663 2596 5715 (96)
2635 5667 2774 5715 Hist.
2802 5663 2954 5715 Bm...
2986 5665 3081 5715 lib.
3127 5679 3290 5714 “uti.

2561 5664 2596 5728 ἰ)
2635 5667 2774 5718 Hist.
2802 5664 2954 5728 ωιτη,
2986 5665 3081 5717 lib.
3127 5679 3290 5714 “uti.

2488 5667 2596 5732 (96)
2635 5667 2774 5718 Hist.
2802 5667 2954 5730 Byz.,
2986 5667 3081 5717 lib.
3127 5679 3290 5714 “uti.

2487 5733 2599 5801 (97)
2636 5732 2769 5786 (list.
2796 5733 2947 5801 Byz.,
2984 5734 3076 5786 lib.
3102 5748 3272 5792 xxvii,
3306 5731 3359 5784 in
3389 5729 3516 5783 fine.

2485 5803 2595 5874 (98)
2631 5804 2769 5857 Hist.
2804 5803 2951 5874 liga,
2995 5805 3086 5858 lib.
3125 5817 3308 5855 xxvttt.
