4214 6450
195 385 249 444 ετ
1247 377 1669 440 NICEPHORI
1708 376 1746 436 G

1779 371 2094 435 REGOll/E
2133 371 2334 436 VITA.
3323 358 3396 424 38

195 491 344 544 libero
372 487 633 542 instinctu
665 487 859 541 ductos
893 485 1111 551 facere;
1165 500 1228 540 ae
1262 485 1494 556 proinde
1524 487 1722 539 frustra
1757 491 1798 544 Α
1832 481 1955 546 fuit,
1989 483 2118 550 quin
2159 480 2350 550 pedem
2402 474 2586 532 statim
2647 473 2896 528 referret.
2953 469 3160 527 Deinde
3213 471 3398 526 animo

193 581 604 634 Cantacuzenum
634 595 696 632 ea
731 580 941 633 ratione
971 579 1260 642 excusari,
1288 579 1432 648 quod
1463 577 1728 646 quidquid

194 675 516 744 peccavisset.
541 674 593 726 id
629 689 737 727 non
773 682 988 741 sponte,
1023 674 1116 726 sed
1151 673 1260 725 fato
1288 672 1572 741 subigente
1604 685 1728 740 pec-

190 776 363 820 casset.
397 768 465 818 At
495 765 802 827 Matthants,
846 765 936 817 ubi
987 763 1135 816 illum
1169 763 1302 817 vidit
1343 763 1627 815 immotum
1679 772 1734 815 et

190 856 556 909 inexorabilem
597 856 651 907 in
703 855 974 908 sententia
1005 862 1272 921 perstare,
1331 868 1395 906 ac
1431 852 1533 906 sibi
1579 851 1732 921 plura

189 947 380 1001 dicturo
403 945 740 998 audientiam
765 945 1058 1010 denegare,
1090 943 1266 999 tristis
1292 942 1424 997 abiit
1451 959 1464 995 :
1501 941 1737 995 factum-

189 1053 280 1106 que
327 1038 472 1103 iude,
506 1046 562 1090 ut
593 1035 837 1090 severius
868 1051 1027 1104 quam
1063 1044 1220 1088 antea
1244 1033 1512 1102 Gregoras
1551 1041 1737 1085 custo-

189 1131 339 1191 ditus,
387 1127 712 1199 gravissimo
771 1135 930 1180 terrae
994 1135 1142 1180 motu
1173 1127 1281 1196 (99)
1322 1124 1606 1178 concussis
1636 1123 1734 1177 a'i—

188 1231 375 1288 quanto
406 1231 528 1288 post
552 1219 749 1272 domus
778 1233 890 1271 sua:
942 1217 1264 1287 parietibus,
1316 1232 1424 1272 non
1458 1230 1628 1270 ausus
1667 1216 1738 1270 sit

188 1312 319 1366 foras
353 1312 502 1366 exire
532 1311 636 1380 (Ι).

249 1404 444 1458 Eodem
508 1418 654 1456 anno
713 1408 949 1455 exeunte
977 1398 1052 1468 (Ξ)
1095 1398 1335 1454 Joannes
1394 1395 1738 1465 Palaaologus

190 1496 432 1567 Byzantio
464 1497 669 1564 potitus
712 1502 835 1547 est:
869 1490 1136 1563 Gregoras
1161 1531 1176 1554 ,
1231 1500 1450 1559 recepta
1489 1490 1740 1543 libertate

187 1587 528 1642 etcustodum
564 1594 713 1638 metu
750 1599 1008 1646 excusso,
1064 1597 1186 1636 cum
1226 1582 1281 1635 in
1305 1582 1482 1635 aulam
1513 1595 1571 1634 se
1612 1596 1739 1634 con-

188 1680 406 1742 tulisset,
475 1678 543 1731 de
592 1691 858 1729 novorum
907 1658 1247 1744 dogmatun’i‘
1277 1673 1559 1741 impietate
1598 1673 1740 1742 apud

187 1769 469 1836 principem
511 1783 618 1820 non
654 1766 792 1819 adeo
825 1780 1040 1834 aequum
1077 1766 1150 1834 (ὅ)
1187 1763 1468 1818 Palamitis
1516 1763 1741 1817 llberius

1831 574 2140 636 obfirmato,
2173 582 2227 626 et
2265 586 2296 625 e
2329 584 2388 623 re
2417 579 2542 622 nata
2573 565 2858 620 consilium
2893 563 3137 632 capiens,
3171 563 3399 619 ulterius

1833 664 2093 732 perrexit.
2134 663 2332 716 Aderat
2370 668 2484 713 tum
2525 656 2668 726 apud
2730 654 3085 724 Palaeologum
3135 669 3397 724 generum

1832 772 1992 812 suum
2028 756 2180 810 lrene
2212 755 2486 822 Augusta:
2529 749 2762 803 aderant
2785 746 2921 802 aulae
2938 747 3228 816 primores.
3259 745 3399 801 Gre-

1835 865 1992 918 goras
2025 847 2259 900 salutato
2291 846 2639 914 imperatore,
2691 838 2974 901 consedit;
3028 847 3190 906 atque
3225 845 3286 892 ut
3331 852 3404 892 ne

1836 941 1890 994 in
1923 939 2198 1008 prteludiis
2227 937 2575 992 recensendis
2601 933 2812 994 diutius
2841 932 3220 993 immoremur,
3273 945 3404 1000 pro-

1837 1032 2010 1099 posita
2038 1031 2104 1083 ab
2133 1027 2450 1082 adversario
2502 1026 2806 1095 quzestione
2855 1022 2924 1076 de
2986 1021 3291 1075 substantia
3346 1030 3406 1074 et

1836 1120 2247 1189 operationibus
2304 1117 2542 1180 divinis,
2597 1117 2710 1170 haec
2751 1116 2808 1168 in
2861 1112 2972 1167 Deo
3015 1111 3153 1166 nihil
3184 1111 3405 1166 differre

1838 1210 2023 1263 multis
2046 1209 2346 1264 rationibus
2367 1206 2630 1276 probavit.
2660 1205 2976 1275 Imperator,
3001 1214 3229 1269 utraque
3251 1211 3404 1268 parte

1838 1302 2042 1363 audita,
2108 1301 2225 1353 sive
2277 1299 2540 1353 incertior
2583 1309 2728 1352 esset
2790 1313 2952 1366 quam
3001 1296 3257 1358 antehac,
3292 1293 3408 1347 sive

1841 1393 2280 1447 Cantacuzenum
2359 1404 2609 1444 socerum
2670 1403 2827 1442 suum
2875 1389 3133 1442 damnato
3163 1373 3407 1438 ‘Palama

1839 1484 2005 1538 nollet
2039 1481 2383 1544 contristare,
2422 1479 2754 1535 sententiam
2780 1477 2922 1532 ferre
2962 1477 3156 1531 noluit.
3209 1478 3278 1528 At
3303 1476 3410 1527 Pa-

1839 1574 2031 1634 lamas,
2065 1572 2284 1642 benigni
2322 1571 2587 1640 principis
2625 1569 2906 1623 silentium
2938 1561 3099 1637 prout
3131 1567 3286 1621 libuit
3322 1567 3409 1618 itt-

1843 1673 2191 1731 terpretatus,
2227 1664 2485 1726 postridie
2519 1676 2614 1729 per
2674 1670 2843 1713 totam
2882 1661 3068 1712 urbem
3127 1659 3408 1718 discurrit,

1845 1765 1899 1808 et
1928 1770 2039 1808 suae
2075 1755 2156 1823 (ut
2183 1753 2383 1820 aiebat)
2420 1753 2658 1806 victoriae
2693 1752 2890 1805 laruam
2924 1751 3126 1820 ubique
3158 1753 3408 1804 disserit--

183 1829 464 1914 dtsseruit:
503 1861 752 1912 hortatus
777 1829 978 1916 est.‘ut
1008 1829 1325 1926 religionem
1353 1855 1602 1908 afﬂictam
1635 1854 1732 1907 eri-

1779 1829 1810 1881 Β
1843 1846 2012 1899 navit.
2074 1845 2146 1898 Ea
2182 1860 2239 1898 re
2272 1846 2658 1913 imperatorem
2712 1843 2865 1897 valde
2909 1841 3168 1903 oﬂeudit;
3207 1843 3412 1894 auiiios

186 1963 358 2019 geret;
419 1957 778 2018 paratumque
829 1962 887 2002 se
937 1947 1176 2000 ostendit
1231 1947 1297 2000 ad
1324 1961 1384 2000 ea
1419 1945 1736 2009 refellenda,

183 2055 292 2108 quae
325 2037 744 2092 Cantacuzenus
775 2049 832 2092 et
868 2035 1117 2090 Palamas
1141 2075 1157 2099 ,
1208 2037 1444 2091 decretis
1496 2036 1609 2090 suis
1646 2050 1741 2104 per

186 2131 279 2182 vim
323 2129 687 2190 continuatis,
736 2128 923 2196 iniqua
990 2135 1046 2180 et
1074 2126 1305 2181 absurda
1340 2125 1738 2180 defmivissent.

185 2219 574 2288 AtJoasapbus
612 2219 687 2287 (id
717 2219 1099 2273 Cautacuzeno
1123 2256 1137 2279 ,
1184 2217 1541 2272 monasticam
1579 2215 1744 2270 disci-

185 2309 374 2377 plinam
407 2307 677 2376 profeSso,
717 2321 913 2359 nomen
947 2315 1082 2370 erat)
1117 2303 1207 2358 ubi
1266 2303 1382 2357 hac
1424 2303 1612 2374 agitari
1658 2317 1745 2357 re-

185 2401 350 2458 scivit.
384 2400 680 2461 Palatinam,
709 2400 800 2466 qui
840 2408 950 2451 tum
985 2413 1016 2450 a
1051 2394 1246 2449 Turcis
1293 2396 1540 2464 captivus
1593 2407 1746 2448 tene-

186 2493 352 2552 batur,
385 2490 581 2556 grandi
617 2492 845 2557 pecunia
875 2488 1059 2540 statim
1113 2487 1301 2540 redimi
1329 2486 1539 2540 curavit
1560 2525 1573 2548 ,
1605 2495 1662 2538 ut
1699 2485 1746 2540 is

184 2595 392 2632 oausam
423 2593 576 2630 suam
615 2592 710 2644 per
749 2592 943 2644 seipse
974 2591 1211 2644 praesens
1228 2584 1406 2644 ageret
1442 2592 1455 2626 ;
1490 2583 1600 2626 tum
1627 2573 1746 2628 [ilize

195 2671 428 2730 Helenae,
467 2667 661 2723 Joanni
702 2667 998 2736 P.-l:l'ologo
1053 2665 1361 2734 imperaturi
1418 2673 1618 2732 nuptae,
1653 2679 1746 2715 au—

184 2764 486 2816 ctoritatem
513 2759 859 2828 interpOsuit,
894 2775 966 2810 ne
1014 2758 1275 2827 judicium
1307 2755 1742 2817 constitueretur,

182 2854 315 2920 quod
342 2853 449 2906 sibi
478 2851 719 2903 futurum
750 2862 897 2903 esset
919 2849 1363 2919 ignominiosum.
1391 2847 1465 2900 Ita
1487 2845 1743 2916 Grcgorze

181 2945 414 2998 studium
456 2957 620 2995 omne
653 2942 704 2993 in
747 2957 988 3010 praesens
1024 2941 1236 2993 irritum
1277 2940 1401 2993 fuit.

244 3037 405 3087 Anno
447 3036 692 3101 proxime
726 3033 976 3085 inseeuto
1024 3032 1314 3100 episcopus
1347 3029 1576 3087 Latinus
1600 3073 1615 3098 ,
1649 3032 1748 3086 Pa-

181 3125 383 3194 la-ologi
427 3124 662 3185 amicus,
714 3121 1033 3191 Byzantium
1076 3123 1286 3191 legatus
1317 3123 1560 3177 advenit.
1596 3124 1748 3191 _l~.‘jus

178 3231 374 3268 nomen
405 3215 535 3267 silet
569 3213 856 3284 Gri-goras,
910 3212 1218 3267 doctrinam
1246 3221 1427 3267 autem
1463 3230 1744 3270 commen-

174 3309 282 3369 dat,
340 3315 399 3359 ut
432 3305 674 3358 hominis
730 3305 783 3358 in
824 3320 1105 3359 sacrarum
1163 3303 1565 3376 Scripturarum
1597 3323 1744 3362 com-

178 3400 539 3452 mentatione,
564 3396 790 3462 versati,
823 3408 877 3450 et
915 3397 1402 3452 exercitationibus
1433 3397 1746 3470 theologicis

174 3489 224 3541 in
257 3488 469 3541 scholis
499 3485 816 3540 Latinorum
853 3487 1071 3542 eruditi.
1126 3488 1258 3543 Erat
1290 3489 1336 3544 is
1367 3490 1554 3560 procul
1579 3490 1746 3545 dubio

176 3579 375 3632 Paulus
408 3576 488 3648 (4)
522 3577 971 3647 archiepiscopus
1013 3578 1387 3648 Smyrnensis,
1451 3595 1614 3649 quem
1655 3597 1743 3634 ex-

173 3676 338 3719 eunte
370 3681 522 3720 auuo
554 3665 690 3720 1355
720 3666 1042 3735 obsequium
1102 3676 1156 3721 et
1205 3668 1440 3722 debitam
1491 3669 1749 3724 Romamn

171 3759 286 3812 sedi
326 3759 698 3812 reverentiam
748 3774 776 3811 a
826 3758 1040 3812 Joanne
1070 3757 1367 3830 Palzeologo
1418 3759 1748 3830 imperatore

172 3861 396 3916 pactum
433 3848 624 3912 fuisse,
649 3848 909 3903 discimus
926 3865 988 3903 ex
1010 3849 1313 3903 Annalibus
1337 3851 1745 3907 ecclesiasticis.

170 3939 264 3993 llic
289 3955 421 3993 cum
448 3939 514 3993 de
545 3939 801 3994 Ecclesia:
825 3941 1022 3996 Graeca:
1050 3942 1395 4011 opinionibus
1409 3944 1563 3997 novis
1583 3943 1747 3998 multa

171 4031 502 4096 audiviSset,
555 4032 624 4086 ab
667 4033 999 4103 imperatore
1031 4032 1348 4104 postulavit,
1401 4045 1459 4089 ut
1487 4035 1588 4088 sibi
1621 4050 1744 4089 eum

167 4121 418 4184 Palatua,
451 4138 639 4176 earum
665 4125 983 4194 opinionum
1015 4134 1258 4190 auctore,
1284 4127 1535 4197 Congrcdi
1565 4141 1747 4182 coram

169 4216 368 4270 liceret
391 4235 408 4270 ;
440 4230 565 4269 mox
596 4226 800 4280 autem,
845 4217 987 4270 facta
1017 4217 1361 4286 colloquendi
1421 4219 1592 4287 capia,
1658 4220 1747 4275 ubi

165 4321 296 4358 eum
331 4319 391 4358 re
430 4308 546 4376 ipsa
581 4307 767 4361 multis
799 4309 1123 4378 magnisque
1154 4310 1437 4363 erroribus
1476 4311 1746 4364 imbutum

165 4410 293 4451 esse
345 4399 640 4466 comperit,
700 4398 874 4467 ipsum
906 4415 1126 4468 quoque
1155 4399 1449 4471 Gregoram
1504 4417 1627 4455 cum
1681 4416 1748 4455 eo

165 4488 555 4556 disputantem
589 4489 724 4544 velle
754 4505 812 4544 se
835 4491 1024 4545 audire
1055 4491 1380 4561 signiﬁcavit
1408 4492 1510 4560 (5).
1561 4493 1747 4562 Itaque

165 4578 471 4650 Gregoras,
531 4595 630 4650 per
661 4597 913 4652 magnunt
960 4583 1288 4653 logotbctam
1319 4583 1388 4637 ab
1422 4584 1748 4650 imperatore

161 4676 406 4735 accitus,
471 4673 524 4725 in
564 4674 741 4725 aulam
774 4673 944 4734 venit,
977 4674 1196 4744 ignarus
1243 4690 1404 4742 quam
1433 4675 1501 4728 ob
1526 4690 1744 4729 causam

161 4773 492 4818 vocaretur.
548 4764 679 4818 Nam
733 4766 881 4819 illum
919 4765 1121 4820 llclena
1179 4769 1442 4835 Augusta,
1502 4770 1746 4837 parentis

161 4854 246 4906 sui
278 4855 659 4908 Cantacuzeni
688 4856 877 4910 amicis
905 4857 1115 4920 favens,
1137 4859 1452 4924 prmittoneri
1479 4869 1745 4923 vetuerat,

159 4957 230 4996 ne
264 4944 688 5012 praemeditatus
742 4947 808 4999 ad
853 4933 1240 5014 disputandum
1281 4947 1586 5002 acet-deret.
1654 4949 1748 5003 Vix

163 5037 439 5102 palatium
475 5038 721 5107 ingresso
752 5040 1053 5102 nuntiatur,
1091 5040 1362 5092 l’alamant
1393 5041 1500 5092 illic
1529 5041 1743 5094 adesst'.

159 5129 239 5181 Eo
275 5128 486 5182 nuntio
517 5131 749 5197 primum
783 5131 1064 5198 perculsus
1094 5133 1287 5196 haesit;
1331 5143 1384 5186 et
1416 5149 1605 5202 parum
1640 5135 1737 5187 ab-

231 5270 353 5338 (99)
378 5270 518 5322 Eum
552 5279 706 5323 terra.
737 5281 939 5324 motum
960 5269 1193 5327 Villanus
1222 5272 1431 5328 confert
1459 5274 1512 5328 in
1531 5290 1732 5329 annum

158 5340 326 5403 135$,
368 5339 606 5392 Kalend.
650 5339 840 5391 Martii.

228 5412 311 5477 (l)
353 5409 612 5476 Ejusdem
647 5409 764 5460 libri
801 5424 921 5478 cap.
961 5411 1058 5463 ult.

225 5482 311 5546 ('2‘)
356 5483 425 5530 Α.
453 5479 514 5530 C.
551 5480 709 5536 1554.
741 5488 1004 5534 autumno
1033 5492 1288 5537 exeunte.

226 5551 313 5626 (ὅ)
344 5548 750 5626 (ξψΡειιειιιιιίε
778 5550 1020 5605 infensus
1050 5552 1232 5616 fuerit,
1261 5558 1416 5609 docet
1452 5556 1736 5626 Gregoras,

152 5616 334 5681 ΗΜ..
363 5621 462 5671 lib.
499 5633 666 5671 xxvtt.

225 5688 462 5764 (4)_llic
494 5687 700 5764 Paulus
739 5697 892 5764 posta
939 5689 1586 5764 gonstantinOpotitanus
1645 5713 1740 5764 pa-

151 5756 404 5812 triarcha
469 5757 703 5812 titillari:
742 5759 862 5811 fuit.
945 5761 1073 5831 Ejus
1133 5780 1254 5818 cum
1289 5756 1496 5819 tam
1548 5756 1744 5818 Carita-

1842 1953 1993 2000 vero,
2017 1937 2108 2006 qui
2136 1937 2393 1990 hesterno
2422 1936 2694 2004 colloquio
2718 1941 3010 2003 praesentes
3029 1935 3409 1993 interfuerant.

1843 2029 1920 2082 sic
1953 2028 2202 2090 irritavit,
2242 2041 2296 2082 ut
2334 2044 2399 2080 ex
2439 2030 2570 2081 urbe
2606 2028 2658 2080 in
2695 2029 2872 2082 aulam
2915 2042 3165 2081 reversus
3194 2029 3332 2080 tnale
3359 2037 3415 2079 ct

1844 2120 2066 2174 sinistre
2097 2120 2164 2174 ab
2197 2119 2260 2172 iis
2291 2130 2546 2189 exceptus
2585 2129 2676 2174 sit.
2710 2119 2765 2172 In
2803 2135 2867 2174 ea
2894 2120 3258 2189 disputatione
3282 2120 3414 2188 quid

1845 2221 2050 2276 actum,
2087 2212 2282 2279 quidve
2306 2227 2335 2264 a
2359 2226 2416 2265 se
2447 2223 2540 2265 aut
2560 2214 2630 2266 ab
2659 2212 2975 2266 adversario
2995 2213 3202 2266 dictum
3231 2213 3411 2272 fuerit,

1846 2301 2110 2371 Gregoras
2167 2302 2379 2355 duobus
2437 2303 2504 2357 de
2559 2317 2619 2356 ea
2676 2319 2733 2358 te
2768 2304 2985 2374 scriptis
3022 2304 3250 2373 dialogis
3299 2305 3416 2357 fuse

1849 2393 2067 2447 tradidit
2099 2393 2198 2464 (6).
2234 2393 2307 2447 De
2341 2393 2533 2448 Latino
2563 2394 2843 2465 episcOpo,
2893 2397 3055 2465 cujus
3093 2401 3267 2468 gratia
3304 2396 3416 2449 dis-

1847 2492 2092 2552 putatum
2129 2494 2266 2544 erat,
2311 2483 2496 2537 dicere
2546 2483 2748 2539 oblitus
2789 2493 2872 2539 est
2901 2486 3172 2555 quodnam
3203 2486 3269 2540 de
3306 2495 3418 2541 tota

1850 2575 1937 2628 illa
1970 2575 2374 2628 concertatione
2401 2576 2663 2644 judicium
2701 2579 2820 2646 ejus
2850 2579 3142 2634 exstiterit.

1915 2664 2182 2716 Ceterum
2206 2667 2618 2720 Cantacuzenus
2642 2683 2707 2720 ex
2737 2668 3062 2736 imperatore
3085 2672 3414 2732 monachus.

1847 2768 1970 2808 cum
2009 2770 2180 2808 novos
2214 2755 2456 2826 dialogos
2484 2757 2704 2825 publice
2763 2759 2996 2814 lectitari
3060 2771 3113 2814 ct
3174 2766 3415 2817 otnniont

1851 2848 2100 2901 manibus
2146 2848 2243 2901 teri
2301 2849 2530 2915 videret,
2590 2865 2685 2903 sua
2732 2851 2994 2906 interesse
3050 2854 3302 2918 credidit,
3363 2865 3421 2909 nt

1848 2955 2011 3008 quam
2051 2943 2286 3008 primum
2319 2942 2695 2995 refellerentur
2725 2945 2821 3011 (7).
2877 2943 3070 2998 Statim
3114 2945 3318 3015 itaque,
3351 2962 3419 3000 eo

1850 3045 2097 3101 urgente,
2141 3033 2271 3085 varii
2323 3033 2489 3086 libelli
2541 3051 2568 3086 a
2634 3033 2910 3088 Palamitis
2951 3036 3234 3105 compositi
3289 3054 3416 3107 pro-

1849 3123 2088 3177 dierunt.
2129 3125 2488 3179 Exstatuunc
2520 3141 2741 3196 quoque
2776 3126 2831 3180 in
2863 3128 3122 3182 cod.'ms.
3157 3130 3411 3184 bi'blimh.

1853 3215 2031 3287 Regia».
2064 3216 2187 3282 (8),
2245 3216 2391 3270 inter
2464 3233 2631 3286 opera
2690 3219 2806 3272 Nic.
2866 3219 3169 3285 Cabasilae,
3229 3233 3422 3292 satyr-

1852 3321 1976 3361 cum
2031 3306 2351 3375 opusculum
2417 3307 2518 3362 hoc
2572 3309 2758 3366 titulo:
2819 3311 2970 3363 Κατὰ
3013 3311 3120 3363 τῶν
3167 3312 3422 3382 Γρηγορᾶ

1852 3397 2218 3466 ληρημάῖων,
2272 3401 2326 3452 in
2378 3398 2618 3470 Gregorw
2683 3402 3054 3457 deliramenta.
3125 3403 3311 3459 Exstat
3364 3406 3419 3460 in

1855 3489 1906 3541 in
1934 3490 2036 3541 alto
2066 3490 2186 3544 cod.
2216 3491 2290 3561 (9)
2345 3479 2632 3562 ’ἐπίτομος
2669 3495 2809 3546 κατὰ
2838 3496 2898 3547 τὸ
2925 3494 3144 3550 δυνατὸν
3173 3497 3421 3569 διήγησις

1851 3579 1950 3645 τῆς
1982 3582 2072 3630 ἐπὶ
2097 3580 2187 3632 τοῦ
2227 3581 2490 3633 παλατίου
2525 3578 2760 3635 ἐνώπιον
2795 3585 2886 3636 τοῦ
2944 3585 3214 3654 βασιλέως
3264 3605 3420 3656 γενο-

1854 3673 2024 3740 μένης
2075 3672 2362 3739 διαλέξεως
2392 3672 2485 3726 τοῦ
2530 3675 2586 3726 ὲν
2618 3676 2792 3744 ἁγίοις
2829 3677 3040 3748 Harpe;
3082 3679 3238 3748 ἡμῶν
3282 3680 3423 3747 Γρη-

1859 3765 2047 3832 γοριου
2081 3767 2512 3834 ἁρχιεπισκόπου
2547 3767 2950 3839 Θεσσαλονίκης
3022 3775 3118 3824 καὶ
3167 3773 3423 3844 Γρηγορᾶ

1852 3854 1945 3907 τοῦ
1978 3856 2288 3925 φιλοςόφου.
2326 3857 2382 3910 ld
2415 3868 2520 3923 est,
2550 3859 2801 3913 Narratio
2834 3864 3244 3935 quampiaxime
3278 3882 3423 3919 com-

1852 3949 2125 4014 pendiaria
2145 3951 2516 4016 disputationis
2540 3953 2678 4005 inter
2697 3964 2937 4007 sanctum
2958 3954 3170 4010 Putrem
3187 3967 3420 4011 nostram

1855 4038 2162 4105 Gregorium
2197 4041 2650 4112 archiepiscopum
2685 4043 3193 4102 Thessalonicensem
3215 4061 3260 4102 et
3292 4051 3396 4104 Gre

1854 4145 2034 4198 geram
2068 4129 2429 4199 pltilosOpItum
2452 4131 2504 4183 in
2522 4133 2728 4200 palatio
2753 4150 2932 4187 coram
2966 4138 3283 4205 imperatore
3327 4145 3424 4191 lm-

1855 4219 2014 4283 bitw;
2063 4235 2236 4289 eaque
2274 4223 2515 4274 narratio
2547 4223 2863 4292 dogmaticis
2905 4226 3133 4282 l’alanue
3163 4231 3424 4300 operibus

1856 4310 2069 4380 prteﬁxa
2107 4320 2212 4365 est.
2269 4312 2318 4365 ls
2374 4321 2552 4364 autem
2607 4315 2695 4381 qui
2750 4333 2867 4368 eam
2927 4319 3096 4373 texuit
3128 4321 3423 4392 Gregorani

1860 4407 2191 4475 argumentis
2224 4404 2469 4461 futilibus
2495 4418 2556 4466 et
2576 4422 2829 4464 sermone
2864 4415 3193 4469 inconcinne
3264 4417 3419 4470 Pala-

1779 4523 1828 4581 υ
1858 4513 1997 4552 mani
2031 4513 2162 4550 vero
2190 4514 2300 4552 non
2334 4502 2601 4556 rationum
2640 4506 2687 4558 vi
2718 4505 2892 4557 Sttltttn
2922 4543 2938 4568 ,
2981 4507 3075 4559 sed
3128 4517 3181 4561 et
3242 4525 3350 4563 ver.
3379 4511 3421 4564 is

1854 4588 2368 4658 elegantibus'sese
2435 4592 2821 4649 defendentem
2889 4597 3117 4651 inducit.
3181 4599 3410 4668 Deniqui

1854 4679 2136 4732 Mediolani
2172 4681 2227 4733 in
2274 4681 2606 4738 bibliotheca
2639 4687 3005 4740 Ambrosiana
3066 4689 3279 4744 libellus
3308 4695 3422 4761 (Ill)

1851 4779 2032 4823 exstat
2084 4770 2396 4840 inscriptus,
2465 4777 2597 4845 Περὶ
2651 4777 2751 4842 τῆς
2807 4777 2899 4830 τοῦ
2934 4777 3184 4848 Γρηγορᾶ
3231 4781 3420 4850 ψευδο-

1852 4863 2091 4931 γραφίας
2119 4861 2256 4931 ὁμοῦ
2289 4865 2380 4915 καὶ
2426 4865 2744 4930 δυσσεϐείας
2766 4907 2781 4930 ,
2836 4870 2900 4920 de
2943 4869 3185 4939 Cregorw
3215 4874 3328 4939 acri
3358 4877 3420 4926 (is

1852 4953 2209 5016 mendacibus,
2260 4953 2414 5007 etde
2459 4957 2691 5024 ejusdem
2726 4958 2996 5027 impietate
3033 4977 3051 5014 :
3109 4977 3269 5031 quem
3319 4970 3409 5032 qui

1847 5049 2169 5110 composui,
2202 5045 2245 5095 is
2279 5044 2329 5095 in
2366 5046 2483 5114 ipso
2516 5048 2739 5102 exordio
2787 5049 3075 5119 signiﬁcat,
3111 5057 3408 5122 Oppugnari

1842 5150 1870 5186 a
1906 5152 1961 5187 se
1991 5134 2086 5202 τὴν
2113 5137 2206 5205 τῆς
2243 5136 2531 5203 διπλέξεως
2562 5139 2849 5211 διήγησιν,
2904 5143 2954 5195 id
3007 5154 3122 5208 est,
3159 5148 3415 5198 narratio-

1841 5275 2404 5350 (LllZCHOJtllnSpUlallO
2473 5280 2836 5350 manuscripta
2885 5291 3061 5335 exstat
3105 5283 3156 5335 in
3228 5283 3409 5338 eo'ice

1849 5346 2016 5416 Regio
2043 5345 2203 5416 l999.

1921 5414 1994 5487 (Β)
2033 5414 2171 5487 (list.
2199 5414 2352 5487 Βεμ..
2382 5420 2475 5472 lib.
2518 5437 2665 5481 xux,
2705 5436 2822 5487 cap.
2860 5423 2957 5477 ull.

1923 5485 2356 5555 (6)11tst.llya.,
2397 5490 2484 5541 ill).
2535 5507 2636 5542 xxx
2675 5502 2727 5545 et
2760 5485 2906 5546 sint.

1922 5559 1995 5625 (7‘)
2034 5554 2169 5625 llisl.
2207 5554 2358 5622 Byz.,
2391 5560 2482 5611 ltb.
2520 5577 2686 5614 smn.

1924 5623 1998 5694 (8)
2033 5623 2188 5676 Nunt.
2226 5628 2384 5684 296ῖὶ,
2425 5632 2514 5682 ΙύΙ.
2547 5633 2672 5683 282.

1926 5697 2000 5762 (9)
2037 5697 2191 5746 λιιιιι.
2227 5694 2390 5756 2499,
2426 5702 2518 5754 ιυι.
2551 5701 2641 5754 41.

1926 5767 2037 5835 (l0)
2065 5763 2226 5817 Num.
2259 5763 2391 5820 0.1.
