4214 6450
741 396 812 465 39
1481 457 1484 460 ,
1841 391 2263 452 NICEI‘HORI
2305 389 2334 450 Ε

2440 387 2694 451 ΞῧΟῙῖ.Ἐ
2734 393 2932 452 νΙΤᾹ.
3931 398 4003 461 «40

741 527 858 562 nem
885 505 1287 572 disputationis.
1317 504 1377 558 lli
1403 514 1524 559 sunt
1551 505 1811 558 niznirum
1835 503 1931 566 illi,
1954 519 2092 572 quos
2119 502 2321 556 Canta-
2355 509 2392 563 Α
2425 519 2588 572 quam
2621 503 2871 559 refellere
2905 504 3208 561 videretur.
3242 505 3406 575 Atqui
3439 505 3734 576 Gregoras,
3759 522 3883 562 eum
3911 525 4005 562 ne-

737 617 980 656 cuzenus
998 598 1538 669 Gregormopposnit,
1568 597 1745 651 frivoli
1767 607 1916 650 certe
1934 605 1984 648 et
2003 593 2152 661 parvi
2185 610 2314 663 ponv

738 695 889 762 deris
927 691 1092 745 libelli
1117 706 1131 753 ;
1169 700 1355 743 utnon
1382 687 1660 742 immerito
1686 702 1780 740 eos
1802 685 2074 756 Gregoras
2090 685 2323 754 λογάρια

740 796 896 840 vocet
935 785 1075 850 (11).
1110 791 1163 834 ct
1190 779 1599 852 ἀμϐλωορίὁια,
1634 779 1768 856 ὁμοῦ
1796 779 1875 848 τῷ
1899 778 2166 847 πληγέντι
2198 777 2320 844 ἀέρι

739 880 875 947 πρὸς
920 876 983 929 τὸ
1014 876 1220 943 ἀφανὲς
1264 873 1530 935 ἀπιόντα,
1575 869 1802 940 fabellas
1847 869 2060 923 scilicet
2106 877 2154 921 et
2195 867 2322 922 vitta

735 971 981 1038 quadam
1040 968 1300 1038 cmbrya,
1368 979 1616 1035 percusso
1687 977 1810 1017 aere
1873 961 2055 1014 statim
2131 976 2321 1014 evane-

737 1060 961 1113 scentia.

805 1149 1174 1204 Nihilominus
1227 1149 1373 1204 idem
1433 1149 1528 1220 qui
1569 1147 1676 1202 'eos
1728 1145 1947 1200 libellos
1993 1145 2320 1214 vulgaverat

735 1228 1043 1312 Joasaphus
1075 1242 1522 1302 Cantacuzenus.
1551 1241 1741 1309 elapso
1773 1239 1898 1292 inde
1932 1254 2076 1292 anno
2109 1239 2324 1308 integro

735 1345 791 1388 et
820 1335 1076 1399 dimidio,
1103 1335 1194 1388 ubi
1227 1349 1353 1404 spes
1388 1348 1518 1386 suas
1548 1333 1666 1402 ipso
1691 1342 1888 1385 eventu
1919 1331 1968 1384 dt
1989 1331 2137 1384 lusas
2167 1331 2322 1396 vidit,

688 1468 694 1474 .
735 1424 1036 1498 Gregoram
1073 1439 1292 1478 rursum
1329 1421 1568 1492 experiri
1618 1421 1831 1485 statuit,
1866 1435 1918 1474 ct
1973 1436 2071 1489 per
2117 1423 2327 1475 amicos

734 1519 957 1570 domum
1009 1516 1260 1570 invitavit
1292 1514 1426 1586 (l2).
1456 1514 1754 1584 Gregoras,
1785 1513 2042 1567 amicitiae
2090 1513 2327 1566 redinte-

735 1611 955 1678 grandm
987 1622 1081 1674 spe
1108 1606 1363 1667 allectus.
1397 1615 1454 1660 et
1485 1608 1611 1675 quia
1647 1607 1798 1658 illum
1835 1606 2085 1674 putabat,
2123 1616 2326 1658 mutata

739 1705 878 1754 torte
911 1699 1214 1756 sententia,
1253 1699 1388 1752 velle
1424 1709 1608 1753 errata
1648 1698 1896 1753 conliteri
1936 1707 1990 1751 et
2025 1699 2325 1768 corrigere,

737 1809 848 1847 non
879 1801 1097 1864 gravate
1130 1791 1331 1860 paruit.
1364 1800 1417 1845 et
1451 1805 1668 1844 summo
1696 1805 1856 1863 tuane
1886 1791 1952 1843 ad
1994 1804 2117 1842 eum
2157 1789 2324 1841 venit.

736 1887 812 1940 Ac
844 1903 1028 1940 sermo
1061 1885 1306 1953 quidem,
1336 1895 1394 1937 ut
1430 1884 1574 1936 inter
1605 1883 1812 1936 amicos
1841 1897 2046 1950 eosque
2087 1891 2324 1945 veteres,

741 1979 970 2031 blandus
1021 1977 1257 2045 primum
1305 1985 1360 2029 et
1396 1975 1586 2029 hilaris
1641 1975 1764 2028 fuit.
1822 1975 2050 2037 Deinde,
2099 1971 2331 2028 Palantte

740 2071 1019 2124 mentione
1053 2071 1274 2135 injecta,
1311 2084 1435 2122 cum
1467 2079 1521 2122 et
1549 2067 1969 2120 Cantaeuzenus
2005 2075 2059 2120 et
2086 2077 2332 2120 assenta-

742 2176 890 2218 tores
941 2161 1195 2216 monachi
1248 2162 1400 2215 illum
1459 2160 1681 2213 laudare
1735 2168 1790 2213 ct
1822 2158 2078 2212 admirari
2131 2158 2331 2225 cuspis-

739 2267 885 2313 sent.
915 2255 988 2308 ita
1021 2253 1298 2324 Gregoras
1333 2252 1647 2315 excanduit,
1677 2261 1736 2306 ut
1763 2268 1826 2304 ex
1860 2250 2116 2303 familiari
2150 2249 2326 2304 eollo-

737 2350 871 2417 quio
923 2349 988 2400 ad
1027 2347 1205 2416 jurgia
1268 2344 1518 2414 protinus
1575 2353 1629 2397 et
1681 2344 1746 2396 ad
1802 2342 2048 2396 convicia
2103 2351 2326 2396 ventum

741 2440 930 2495 fuerit.
976 2438 1214 2492 Tantum
1253 2438 1420 2508 igitur
1449 2435 1642 2496 abfuit,
1687 2444 1745 2488 ut
1780 2451 1847 2490 eo
1895 2435 2171 2503 colloquio
2208 2434 2330 2487 lites

739 2534 1229 2601 componercntur,
1265 2541 1325 2582 ut
1347 2527 1510 2582 novis
1539 2526 1942 2581 oﬂ’ensionibus
1970 2525 2175 2578 irritata
2200 2524 2330 2576 odia

741 2621 1149 2676 recrnduerint.
1187 2621 1260 2674 De
1297 2621 1396 2673 hac
1431 2629 1707 2688 postrema
1738 2615 2114 2684 diSpntatione
2138 2612 2332 2681 Grego-

744 2729 832 2768 ras
883 2714 1129 2783 dialogos
1176 2723 1416 2782 quatuor
1463 2709 1722 2778 Scripsit;
1777 2723 1873 2761 eos
1919 2707 2196 2767 videlicet,
2239 2705 2330 2772 qui

746 2801 998 2856 llistorite
1052 2803 1223 2856 libros
1276 2801 1502 2855 totidem
1549 2801 1937 2858 constituunt;
1995 2795 2330 2848 tricesimum

742 2897 1050 2949 secundum
1091 2895 1236 2958 dico,
1268 2903 1323 2947 et
1377 2903 1487 2946 tres
1519 2891 1782 2958 deinceps
1822 2887 2141 2942 continuos.
2191 2885 2332 2938 Sttnt

743 2998 928 3041 autent
987 2989 1022 3040 ii
1071 3002 1225 3040 mere
1283 2984 1601 3055 dogmatici,
1651 2983 1828 3052 primo
1877 2987 2130 3048 excepto,
2175 2980 2333 3046 cujus

743 3082 1028 3135 exordium
1061 3079 1382 3134 historicum
1415 3085 1519 3131 est.

2425 606 2574 665 garet
2603 612 2699 650 sua
2727 613 2852 652 esse
2882 614 3003 668 quae
3027 598 3447 654 Can-tacuzenus
3476 600 3693 670 publice
3724 600 4007 669 arguisset,

2427 689 2570 743 haud
2609 693 3019 757 mentiebatur;
3069 693 3174 747 nisi
3216 695 3357 747 forte
3410 693 3661 746 diversos
3707 692 3776 744 ah
3827 693 3894 744 iis
3924 693 4008 760 qui

2426 792 2724 851 supersunt
2769 784 3024 840 Historia:
3066 784 3385 855 Byzantium
3443 786 3617 840 libros
3668 784 4007 838 condiderat.

2425 873 2558 928 Nam
2592 876 2644 928 in
2681 876 2764 930 his
2795 893 2933 946 quos
2984 878 3253 933 habemus
3302 879 3452 948 (sunt
3486 887 3668 941 autem
3701 878 4013 946 duodequa~

2422 971 2672 1035 draginta
2707 969 2973 1030 continui)
2999 970 3065 1023 de.
3103 970 3209 1024 illis
3237 971 3510 1025 montanis
3549 968 3788 1023 oraculis
3817 984 3846 1020 a
3868 966 4012 1022 Catt-

2427 1075 2696 1120 tacuzeno
2723 1065 2988 1118 consultis
3023 1063 3160 1118 nihil
3189 1063 3418 1118 omnino
3443 1063 3710 1132 scriptum
3743 1061 3974 1116 occurrit
3999 1081 4012 1123 ;

2426 1159 2495 1211 de
2531 1158 2736 1211 montis
2784 1157 2926 1210 Atho
2956 1155 3240 1211 monachis
3277 1154 3446 1210 multa
3488 1154 3707 1224 quidem
3731 1195 3745 1218 ,
3776 1151 3874 1206 sed
3909 1169 4012 1205 non

2429 1250 2518 1303 illa
2550 1251 2689 1316 ipsa,
2721 1265 2842 1318 qua:
2873 1247 3296 1302 Cantacnzenus
3325 1248 3466 1316 apud
3495 1260 3554 1299 se
3583 1245 3721 1298 lecta
3755 1257 3880 1297 esse
3907 1259 4014 1296 mc-

2431 1347 2636 1401 utorat;
2669 1340 2776 1389 itno
2805 1351 2868 1390 ea
2901 1351 3022 1405 qua:
3071 1346 3124 1391 et
3158 1347 3398 1392 montem
3431 1347 3488 1391 et
3531 1335 3837 1391 monachos
3885 1337 4028 1389 mire'

2429 1429 2978 1499 connnendant(lll

2503 1521 2636 1574 Ilinc
2670 1525 2806 1573 adeo
2839 1530 3085 1588 apparet,
3119 1517 3284 1576 libros
3317 1518 3570 1586 Gregora‘.
3597 1517 3666 1571 ab
3695 1518 4018 1573 hominile

2433 1612 2694 1680 improbis
2719 1613 2830 1677 jam
2865 1622 2976 1664 tum
3023 1613 3192 1664 fuisse
3222 1621 3512 1680 corruptos
3549 1626 3613 1664 ac
3648 1611 3974 1678 depravatns
4005 1629 4014 1668 ;

2432 1702 2659 1768 proinde
2695 1717 2818 1753 vera
2856 1715 2998 1761 esse,
3033 1718 3154 1769 qna-
3212 1701 3299 1753 ltic
3333 1701 3526 1753 ultimo
3569 1699 3822 1754 Historia:
3881 1701 4018 1752 libro

2432 1796 2497 1846 de
2526 1794 2960 1845 adwrsar‘ormn
2989 1793 3233 1860 nequitia
3260 1801 3314 1846 et
3339 1793 3496 1846 malis
3514 1793 3724 1845 artibus
3745 1793 4016 1860 queritur.

2431 1885 2573 1952 quod
2615 1884 2649 1936 ii
2703 1884 2870 1937 multa
2924 1885 3231 1937 clanculum
3285 1900 3347 1936 ex
3405 1885 3521 1936 suis
3561 1884 3818 1950 operibus
3873 1883 4018 1935 ferro

2434 1991 2640 2030 resecta
2673 1978 3042 2040 sustulissent,
3080 1985 3133 2028 et
3162 1977 3342 2030 littera
3377 1992 3480 2028 una
3517 1976 3598 2028 vel
3647 1977 3810 2029 etiam
3852 1976 4018 2044 pluri-

2432 2071 2532 2123 lnts
2584 2085 2680 2122 seu
2727 2069 2952 2131 additis.
2998 2084 3095 2122 seu
3156 2068 3392 2122 invicem
3448 2067 3792 2137 permutatis,
3831 2081 4015 2119 verum

2430 2177 2494 2216 ac
2554 2173 2766 2215 rectum
2823 2175 3044 2213 sensum
3101 2160 3327 2212 omnino
3389 2158 3767 2220 invertissent,
3805 2167 3865 2210 ut
3913 2155 4017 2223 φεῦ

2431 2269 2529 2325 pro
2561 2252 2646 2317 εὖ,
2679 2254 2850 2306 κακὸν
2881 2267 2981 2321 pro
3011 2251 3198 2314 καλὸν,
3229 2251 3370 2304 κατὰ
3401 2267 3498 2320 pro
3525 2252 3654 2321 περὶ
3679 2291 3693 2315 ,
3723 2250 4016 2319 legeretur.

2431 2347 2797 2412 Quamobrem
2835 2346 2998 2398 etiam
3039 2344 3274 2399 lectores
3315 2344 3574 2397 admonet
3639 2346 4018 2408 hortaturque.

2433 2449 2493 2493 ut
2537 2440 2800 2492 libroruin
2855 2453 3079 2491 suorum
3135 2435 3470 2500 exemplaria
3523 2434 3850 2495 conferant;
3899 2448 4018 2498 qum:

2434 2532 2663 2601 plurima
2713 2532 2789 2582 ait
2831 2540 3084 2584 exstare:
3116 2528 3318 2596 quippe
3368 2542 3449 2590 se,
3482 2525 3750 2594 ejnstnoli
3795 2523 4017 2576 Laudes

2433 2631 2910 2693 prmutetuentem,
2949 2634 3170 2689 operam
3211 2618 3453 2682 dedisse,
3488 2627 3544 2669 ttt
3580 2615 3748 2668 multa
3785 2628 4018 2682 apottra-

2433 2714 2540 2783 plta
2575 2711 2970 2782 discipulorum
3022 2725 3191 2763 manu
3238 2724 3400 2778 quam
3448 2707 3863 2761 accuratissime
3918 2717 4022 2756 suo

2434 2806 2518 2859 vel
2556 2806 2857 2857 amicorum
2898 2813 3119 2868 sumptu
3156 2801 3624 2855 describerentur.

2513 2896 2768 2950 Fortasse
2818 2894 3020 2965 igitur,
3066 2903 3125 2946 ut
3192 2893 3471 2962 plerisque
3534 2891 3888 2952 auctoribus,
3949 2891 4022 2944 ita

2434 2990 2598 3043 etiam
2649 2988 2958 3071 Nicepltoro
2994 2983 3248 3054 Gregoite
3287 2985 3534 3052 quaedam
3570 2984 3708 3037 falso
3737 2984 4025 3037 ascribun-

2436 3090 2545 3147 tnr,
2569 3080 2754 3151 spuria
2781 3079 3032 3134 videlicet
3059 3086 3113 3130 et
3144 3076 3487 3145 supposititta
3515 3089 3529 3126 :
3555 3074 3859 3142 cuiusmodi
3898 3089 4024 3127 esse

820 3173 936 3226 Sub
967 3172 1098 3225 illud
1124 3171 1292 3224 credo
1323 3179 1537 3235 tempus
1557 3162 1866 3232 Joasaphus
1897 3161 2326 3222 Cantacuzenus,

2440 3174 2695 3230 existimo
2742 3171 3015 3224 somnium
3048 3167 3176 3220 illttd
3216 3166 3617 3235 propheticum,
3651 3181 3679 3217 ιι
3731 3165 4026 3218 Philotlteo

747 3267 992 3337 pervolut
1021 3281 1047 3317 s
1087 3263 1341 3317 Historia:
1376 3257 1687 3328 Byzantina'
1719 3256 1888 3316 libris,
1916 3268 2149 3323 quorum
2184 3249 2327 3304 Gre-

747 3375 909 3429 goras
940 3368 1128 3410 auctor
1158 3369 1280 3408 esse
1323 3355 1620 3414 ferebatur,
1651 3365 1774 3403 cum
1811 3349 1914 3401 alia
1955 3349 2122 3400 multa
2167 3347 2218 3398 in
2267 3345 2332 3399 iis

751 3449 962 3503 notavit
997 3445 1110 3516 (l3)
1137 3487 1152 3509 ,
1211 3457 1323 3498 tum
1374 3444 1503 3496 illud
1535 3443 1603 3495 de
1640 3456 1701 3495 se
1734 3441 1786 3493 in
1833 3439 2045 3509 primis,
2075 3439 2219 3507 quod
2261 3437 2333 3490 ihi

749 3542 1027 3595 diceretur
1057 3537 1342 3608 superstite
1381 3535 1684 3587 Andronico
1713 3533 2027 3600 imperatore
2050 3529 2333 3582 monachos

751 3638 943 3690 montis
967 3635 1108 3689 vit/to
1152 3633 1398 3704 fatidicos
1439 3631 1653 3692 adiisse,
1679 3636 1728 3681 et
1766 3645 1833 3680 an
1862 3643 2039 3680 rerum
2068 3627 2334 3696 potitarus

751 3739 903 3792 isset,
928 3732 993 3780 ub
1026 3728 1090 3779 iis
1115 3727 1416 3778 sciscitatus
1445 3724 1626 3792 fuisse.
1653 3721 1794 3774 idem
1819 3719 1982 3773 etiam
2013 3717 2334 3788 gravissima

753 3824 1012 3884 erimina,
1051 3820 1320 3888 religiosis
1370 3834 1494 3870 eum
1565 3825 1804 3868 montem
1854 3814 2221 3868 incolentibus
2267 3812 2336 3865 ab

757 3915 1021 3968 historico
1056 3912 1294 3980 objecta,
1333 3910 1384 3962 in
1437 3909 1628 3962 iisdem
1660 3906 1817 3961 libris
1846 3905 2176 3959 observavit.
2206 3903 2337 3970 Quae

755 4018 815 4061 ut
845 4007 975 4062 falsa
1002 4021 1127 4061 esse
1157 4011 1434 4074 argueret,
1472 4001 1709 4054 arbitros
1735 4012 2039 4052 convocare
2067 4006 2336 4052 eteorum

753 4100 959 4170 judicio
987 4112 1277 4152 censuram
1313 4095 1435 4148 libri
1468 4096 1789 4164 permittere
1820 4091 2130 4145 constituit.
2161 4089 2337 4144 Acciti

757 4194 922 4261 igitur
953 4190 1053 4243 viri
1090 4189 1350 4250 illustres,
1386 4194 1441 4238 et
1467 4186 1667 4238 civium
1702 4181 2126 4253 Byzantinorum
2160 4181 2342 4234 lectis-

757 4285 883 4338 simi
911 4300 923 4336 :
952 4282 1043 4352 qui
1096 4281 1186 4335 ubi
1223 4279 1551 4334 criminosas
1581 4276 1702 4329 illas
1738 4273 2084 4328 narrationes
2115 4288 2210 4342 per
2237 4272 2345 4326 lec-

759 4389 929 4427 torem
967 4373 1223 4426 ret-itatas
1255 4370 1608 4434 audiverunt,
1663 4381 1768 4420 una
1816 4381 2012 4420 omnes
2040 4380 2173 4419 voce
2209 4363 2343 4419 Gre-

759 4483 945 4537 goratn
969 4465 1120 4519 valde
1159 4464 1461 4516 mendacem
1490 4470 1537 4513 et
1573 4459 1929 4527 impudentem
1970 4469 2018 4510 et
2044 4458 2204 4511 (etiam
2237 4473 2348 4510 esse

2440 3266 2758 3338 patriarcha
2833 3261 3159 3330 productum
3217 3259 3327 3326 (l5)
3382 3267 3438 3310 et
3488 3257 3815 3326 explosum:
3875 3258 4025 3324 ιμιοιι

2439 3359 2698 3430 quoniam
2733 3355 2973 3409 nondum
3009 3353 3149 3424 typis
3201 3353 3408 3405 editum
3469 3359 3552 3403 est
3585 3349 3739 3419 juvat
3771 3350 3871 3402 hoc
3907 3349 4030 3401 loco

2440 3456 2707 3523 integrum
2746 3449 3057 3517 apponere.
3105 3443 3377 3514 Gregoras
3426 3442 3592 3495 domo
3625 3441 3874 3495 inclusus
3913 3439 4030 3509 (16)

2443 3546 2869 3620 Agatlzangelum
2913 3540 3102 3594 fut-tim
3151 3539 3457 3609 ingressum
3489 3546 3544 3590 et
3571 3537 4029 3598 nmsahiturttm.

2439 3647 2494 3702 in
2527 3645 2738 3714 epilogo
2781 3640 2974 3710 Operis
3003 3636 3374 3699 Antirrltctici,
3401 3635 3544 3703 quod
3575 3633 3903 3708 I’ltilotlteus
3945 3650 4036 3685 re-

2443 3735 2730 3792 futandunt
2769 3731 3032 3799 suscepit,
3069 3730 3152 3782 his
3188 3728 3528 3797 alloquitur:
3564 3726 3720 3778 Ἐπεὶ
3755 3725 3810 3777 δὲ
3838 3727 4036 3796 πόρῤω

2444 3829 2654 3882 νυκτῶν
2684 3825 2749 3878 τὰ
2768 3825 2863 3890 τῆς
2892 3822 3110 3892 ὁμιλίας
3155 3820 3311 3889 ἡμῖν,
3364 3820 3437 3882 ὡς
3497 3820 3654 3890 ὁρᾷς,
3713 3818 4035 3880 ἐκτέταται,

2446 3921 2541 3975 καί
2566 3919 2686 3972 δέον
2718 3916 2941 3969 ἀπιέναι
2970 3931 3052 3980 σε,
3084 3911 3461 3964 καθευδόντων
3490 3906 3571 3970 οἷς
3603 3910 3670 3962 τὰ
3699 3909 3798 3976 τῆς
3828 3911 4035 3977 ήμετέυ

2449 4030 2547 4082 ρας
2601 4009 3002 4076 ἐπιτέτραπται
3063 4007 3337 4075 φυλακῆς,
3392 4003 3526 4072 φέρε
3605 4005 3698 4056 καὶ
3747 4008 3876 4073 περὶ
3921 4003 4040 4055 τῶν

2450 4100 2885 4170 συμϐησομένων
2910 4097 3116 4168 βραχέα
3165 4097 3258 4148 τὸν
3315 4094 3504 4148 ἐνόντα
3539 4092 3844 4162 διέλθωμεν
3906 4095 4040 4160 τρό-

2453 4215 2572 4249 πον.
2607 4195 2682 4247 Οὐ
2708 4195 2816 4262 γὰρ
2876 4191 3026 4254 ἄξιον
3082 4187 3208 4241 οὔτε
3260 4189 3317 4240 σέ
3373 4204 3434 4254 γε
3489 4187 3727 4254 ἀγνοεῖν,
3787 4185 3905 4237 οὗθ’
3956 4181 4040 4246 οἷς

2457 4289 2672 4358 μέλλεις
2706 4287 2884 4355 φίλοις
2914 4284 3072 4355 ἡμῶν
3113 4282 3325 4352 ὁμιλεῖν
3375 4282 3469 4334 καὶ
3522 4278 3903 4341 συνεπὰθλοις,
3949 4279 4041 4330 ἵνα

2458 4378 2532 4445 μὴ
2567 4375 2702 4444 πρὸς
2734 4373 2793 4426 τὺ
2841 4375 2938 4442 τῆς
2973 4372 3187 4435 ἐλπίδος
3251 4371 3656 4429 ἀποιὶλέποντες
3709 4369 3908 4439 ἄδηλον
3938 4375 4044 4441 ἁχ-

2457 4467 2677 4518 οωνται.
2743 4465 3028 4534 Τετύχςκε
3058 4465 3164 4531 γάρ
3193 4481 3283 4532 μοι
3323 4464 3532 4533 ριφέιτι
3580 4461 3716 4530 πρὸς
3747 4461 4040 4532 δεσμωτή-

762 4561 1198 4626 pronuntiarunt.
1259 4556 1331 4608 Ita
1389 4553 1660 4620 Gregoras
1720 4552 1919 4603 absens
1971 4559 2027 4602 et
2075 4549 2334 4601 iuaudilut

2459 4575 2575 4626 pto-i
2601 4557 2700 4626 ἤδη
2728 4558 2878 4607 τουτῖ
2907 4554 3303 4624 περικεχύσθαι
3337 4555 3556 4624 μακρὰν
3593 4554 3858 4621 ἀθυμίαν,
3890 4558 4041 4607 πάνυ

763 4654 1052 4703 damnatus
1085 4657 1188 4701 est.
1235 4648 1312 4699 Ac
1345 4645 1454 4709 hic,
1497 4645 1586 4696 tibi
1639 4659 1752 4696 rem
1796 4642 2037 4703 rescivit,
2066 4657 2205 4710 aegre
2251 4641 2344 4693 ad-

765 4741 985 4794 modum
1021 4741 1236 4803 tulit,et
1261 4740 1646 4790 Cantacnzeno
1673 4745 1944 4787 convento
1979 4734 2121 4788 hunc
2156 4735 2346 4786 trium-

766 4839 932 4901 phum
968 4843 1024 4883 ιιι
1060 4832 1306 4899 iniquum
1351 4827 1702 4897 exprobravit
1742 4843 1755 4878 :

765 4938 982 4991 cunque
1019 4937 1218 4974 nomen
1264 4935 1422 4973 suum
1457 4919 1789 4987 praeferrent,
1829 4934 1890 4971 ea
1943 4918 2123 4968 ouittia
2174 4934 2348 4985 scrip-

765 5019 900 5067 sis‘e
933 5031 991 5067 sc
1029 5030 1042 5064 :
1081 5030 1199 5082 qua:
1239 5023 1421 5066 contra
1472 5010 1692 5063 Tonmnt
1723 4997 1917 5076 scripta
1951 5010 2354 5079 circnnsfu'ren-

768 5121 876 5170 tnr,
926 5122 1025 5157 sua
1069 5120 1226 5168 esse;
1271 5120 1387 5173 qua:
1430 5115 1614 5154 contra
1665 5101 2115 5158 Cantacnzenum.
2161 5102 2358 5152 nescire

764 5213 819 5248 se
842 5195 989 5262 cnjus
1025 5197 1196 5266 forent
1221 5212 1236 5248 :
1259 5194 1388 5247 υειιε
1415 5203 1614 5254 autent,
1640 5193 1724 5244 ubi
1749 5203 1932 5243 nactus
1961 5203 2116 5251 esset,
2145 5206 2205 5242 ea
2230 5208 2355 5257 snp-

766 5290 994 5357 primere
1025 5305 1043 5352 ;
1080 5303 1196 5359 qua:
1221 5289 1268 5340 si
1304 5287 1454 5356 prius
1485 5287 1791 5354 accepisset,
1831 5299 1990 5352 quant
2027 5284 2094 5334 ad
2126 5284 2354 5336 aliorum

766 5397 923 5433 aures
955 5388 1206 5441 venirent,
1231 5379 1343 5449 igni
1389 5377 1791 5429 mandaturum.
1828 5373 1951 5428 Haec
1985 5376 2108 5441 ille;
2141 5377 2206 5428 ad
2239 5390 2358 5445 qua:

766 5474 1182 5529 Cantacuzenus
1217 5470 1427 5524 ironice
1477 5469 1792 5540 respondit,
1841 5479 1900 5522 ut
1947 5469 2126 5523 ridere
2178 5473 2359 5540 petius

1806 4841 1980 4892 ltt‘qtlc
2027 4827 2167 4878 enim
2201 4843 2348 4890 qun--

839 5633 954 5698 (tl)
984 5632 1125 5687 Hist.
1155 5630 1312 5702 Byz.,
1343 5631 1440 5687 lib.
1474 5646 1648 5698 χχχιι,
1691 5629 1914 5684 circiter
1944 5630 2182 5684 initium.

840 5705 952 5774 (ιὲ)
977 5705 1041 5756 Α.
1067 5707 1129 5757 ι).
1165 5703 1327 5774 1357.

837 5769 951 5843 (l3)
989 5774 1287 5828 Cantacuz.
1313 5771 1449 5828 Hist;
1479 5771 1573 5826 lib.
1612 5788 1685 5838 tv,
1718 5785 1841 5842 cap.
1873 5771 1943 5827 24
1974 5779 2028 5827 et
2056 5769 2149 5826 25.

843 5847 888 5916 (ι
913 5851 953 5913 .)
991 5844 1117 5899 Vide
1151 5843 1295 5898 Hist.
1323 5843 1417 5899 lib.
1442 5859 1552 5912 xw,
1585 5858 1705 5912 cap.
1741 5845 1791 5897 7.

2452 4649 2750 4701 κεντοῦσα)
2799 4652 2893 4700 καὶ
2943 4647 3219 4699 ὀδυνὼσάν
3277 4663 3379 4716 μου
3436 4648 3497 4698 τὺ
3542 4647 3895 4716 λογιζομενον
3939 4649 4042 4716 τὴς

2451 4743 2651 4812 ψυχῆς,
2697 4742 2795 4808 οὐχ
2841 4741 2924 4792 ὃτι
2981 4739 3208 4807 πάσχων
3254 4740 3417 4799 aut-5;
3449 4739 3723 4790 διετέλουν
3774 4739 4043 4807 siprius-

2454 4850 2563 4892 τος,
2625 4832 2761 4882 ελλλᾱι
2803 4834 2931 4893 τοὺς
2963 4830 3062 4896 τῆς
3111 4829 3436 4894 Ἰςκκληοίας
3499 4829 3641 4898 ὁρῶν
3695 4831 4043 4898 ὑψουμένους

2458 4927 2734 4992 χειμῶνας
2762 4922 2904 4974 κατὰ
2948 4921 3056 4973 τῶν
3085 4921 3248 4972 Οεὶων
3287 4920 3579 4988 δογμάτων
3618 4922 3712 4972 καὶ
3744 4923 3803 4971 τὸ
3831 4921 4043 4988 π).ἧοος

2457 5015 2547 5066 ἀεὶ
2601 5014 2958 5082 ἐλαυνόμενον
2986 5026 3001 5040 ⁸
3039 5013 3135 5064 καὶ
3169 5012 3230 5062 τὸ
3290 5010 3390 5076 μὲν
3430 5011 3822 5081 δεσμούμενον,
3877 5011 3942 5062 τὸ
3997 5008 4044 5061 δ’

2455 5107 2732 5176 ἐξόριστον
2757 5107 3050 5172 γενόμενον
3072 5120 3086 5132 ·
3124 5103 3216 5155 καὶ
3259 5103 3321 5154 τὸ
3348 5104 3446 5170 μὲν
3499 5105 3754 5171 κάμπτον
3783 5104 3913 5168 γόνυ
3963 5101 4044 5168 τῷ

2459 5199 2608 5251 Ιῖαὰλ
2633 5199 2724 5250 διὰ
2753 5197 2815 5249 τὸ
2842 5195 2938 5250 τοῦ
2972 5194 3138 5265 λιμοῦ
3204 5195 3379 5265 βίαιον
3421 5198 3512 5247 καὶ
3547 5198 3644 5265 τὴν
3679 5195 3787 5246 τῶν
3816 5195 4044 5246 οἰκείων

2457 5292 2789 5361 ἀφαίρεσιν·
2829 5289 2942 5358 (17)
2989 5289 3087 5341 καὶ
3134 5288 3194 5340 τὸ
3244 5287 3418 5348 σῶζον
3485 5284 3551 5358 ἦν
3584 5286 4045 5354 οὐδαμοῦ.Ί“ηνι-

2456 5383 2634 5437 καῦτα
2692 5382 2887 5453 μεστὸς
2948 5383 3243 5451 γενόμενος
3307 5379 3584 5448 λογισμῶν
3649 5377 3917 5448 ἔνδακρύς
3981 5393 4044 5428 τε

2456 5475 2786 5546 γεγένημαι,
2817 5477 2912 5527 καὶ
2958 5473 3130 5528 πολλὰ
3173 5477 3250 5544 τῳ
3283 5472 3401 5542 Θεῷ
3452 5469 3896 5540 προσευξάμενος
3950 5468 4046 5520 καὶ

2529 5636 2643 5706 (l5)
2690 5637 2983 5690 Antirrhct.
3009 5652 3104 5702 xu,
3133 5636 3256 5692 cod.
3292 5634 3426 5704 Reg.
3457 5633 3616 5699 i996,
3649 5630 3740 5688 fol.
3769 5632 3897 5686 297.

2529 5707 2642 5775 (ιδ)
2677 5707 2742 5760 Α.
2781 5706 2844 5761 c.
2888 5709 3045 5762 1353.

2531 5777 2643 5846 (l7)
2678 5777 2840 5834 Deest
2867 5778 2927 5830 τὸ
2953 5778 3032 5846 δὲ,
3065 5787 3172 5833 ctc.
