4214 6450
775 379 844 442 43
1842 384 2256 447 NICEPHORI
2302 387 2687 450 GREGORE
2727 392 2999 454 OPERA.
3960 403 4026 464 ii

775 496 917 550 erat,
949 487 1014 541 ad
1042 488 1285 560 martyrii
1329 491 1561 560 palmam
1595 493 1882 562 aspiranti.
1918 492 2106 561 Itaque
2147 503 2204 549 et
2249 494 2350 550 hoc
2381 503 2422 557 Α
2455 507 2654 563 stcrus,
2689 500 2962 569 pertinax,
3001 503 3281 573 principes
3325 521 3478 575 aeque
3526 522 3587 560 ac
3631 508 3870 578 privatos
3920 512 4024 566 lin-

775 589 972 649 prznter
1001 580 1104 634 alia
1157 581 1532 667 Agathangclo
1579 594 1916 653 praeceperat
1948 585 2084 654 (25),
2132 593 2192 638 ut
2223 599 2345 640 cum

775 683 897 722 sese
958 678 1234 723 mortuum
1288 669 1533 741 ferisque
1587 674 1894 742 expositum
1957 683 2348 742 conspecturus

774 763 1130 824 esset,omni
1187 776 1412 829 prorsus
1468 764 1750 818 cadaveris
1803 764 2066 818 humandi
2116 780 2245 819 cura
2293 773 2349 819 et

773 853 921 907 inani
966 852 1154 908 labore
1201 857 1608 924 supersederet.
1661 855 1832 911 Porro
1873 867 1927 912 et
1961 855 2346 912 Palamitarum

775 953 935 1006 mina:
978 961 1035 1006 et
1087 953 1342 1023 Gregora:
1387 964 1514 1008 vota
1569 956 1836 1009 hactenus
1891 966 2008 1010 rata
2073 957 2344 1011 fuerunt:

775 1044 1132 1111 Spectandum
1165 1045 1300 1098 illud
1328 1062 1515 1114 corpus
1555 1048 1732 1117 magni
1761 1047 1886 1115 ﬁdei
1925 1063 2059 1101 verte
2091 1049 2345 1115 prwconis

775 1133 974 1204 [inquit
1019 1136 1413 1207 Cyparissiotes
1440 1136 1577 1209 (26)]
1625 1140 1718 1192 diu
1763 1137 1989 1191 ludibrio
2028 1138 2264 1192 habitum
2298 1147 2348 1191 et

771 1226 1177 1293 circumlatum;
1217 1231 1334 1300 ejus
1366 1246 1548 1299 nempe
1581 1231 1699 1295 viri,
1731 1246 1832 1301 quo
1870 1217 1962 1284 nec
1989 1232 2132 1285 inter
2171 1231 2346 1300 philo-

770 1320 955 1379 sophos
985 1320 1260 1389 quisquam
1282 1321 1640 1385 excellentior,
1674 1339 1765 1375 nec
1796 1323 1931 1376 inter
1958 1333 2159 1376 ascetas
2189 1324 2348 1378 disci-

769 1408 930 1475 pline
962 1411 1351 1476 observantior;
1375 1429 1467 1466 nec
1497 1414 1552 1466 in
1577 1414 1823 1468 obeundis
1845 1432 1940 1484 pro
1961 1414 2210 1485 religione
2235 1432 2348 1468 cer-

771 1502 1076 1562 taminibus.
1108 1518 1197 1556 nec
1219 1504 1271 1557 in
1305 1504 1368 1557 iis
1397 1505 1582 1573 quibus
1625 1515 1907 1560 tentatores
1941 1523 2058 1560 eum
2085 1510 2346 1560 vexarunt

771 1593 1237 1657 persecutionibus,
1292 1595 1654 1661 contumeliis,
1712 1598 2039 1663 carcerisque
2089 1597 2346 1668 angustiis

771 1687 1059 1740 tolerandis
1091 1691 1420 1742 constantior
1444 1691 1578 1761 fuit;
1609 1691 1914 1744 admirandi
1954 1692 2172 1761 inquam
2202 1691 2345 1745 illius

772 1777 1052 1846 Nicephori
1094 1778 1355 1850 Gregortr,
1398 1783 1462 1834 de
1502 1798 1603 1850 quo
1647 1798 1740 1850 per
1792 1793 2069 1852 utramque
2109 1783 2347 1852 appella-

771 1872 965 1925 tionem
1001 1874 1134 1924 m‘liil
1162 1872 1297 1926 Deus
1326 1873 1476 1926 aliud
1501 1875 1839 1943 signiﬁcavit,
1886 1876 1988 1927 nisi
2016 1891 2135 1928 eum
2165 1876 2342 1929 animo

766 1967 913 2035 vigili
942 1978 991 2020 et
1021 1979 1323 2036 experrecto
1353 1970 1599 2024 victorias
1631 1971 1695 2023 ab
1729 1970 1958 2024 hostibus
1990 1969 2225 2022 veritatis
2256 1984 2341 2022 re-

766 2068 1121 2123 portaturum.
1139 2060 1257 2116 Hoc
1279 2062 1457 2133 elogio
1482 2071 1756 2117 mortuum
1784 2060 2082 2131 Gregoram
2112 2061 2342 2115 ornabat

769 2148 1008 2203 Joannes
1035 2149 1461 2221 Cyparissiotes;
1505 2166 1570 2206 ex
1619 2151 1775 2221 cujus
1823 2151 2016 2222 grandi
2066 2151 2341 2205 volumine

768 2241 1105 2310 Παλαμικῶν
1131 2241 1500 2311 παραὸάσεων
1527 2242 1694 2298 libros
1718 2243 1856 2298 duos
1888 2243 2122 2305 selectos
2152 2242 2343 2297 Latine

767 2333 954 2392 vertit.
986 2344 1042 2387 et
1067 2333 1120 2386 in
1150 2334 1327 2389 lucem
1353 2335 1566 2405 primus
1591 2335 1785 2400 edidit,
1824 2335 1890 2389 Β.
1921 2333 1982 2389 Ρ.
2019 2333 2345 2391 Franciscus

765 2413 1149 2479 Combetisius.

838 2517 1092 2588 Gregora:
1125 2517 1256 2572 vitia
1303 2517 1506 2588 (neque
1549 2517 1696 2571 cnim
1752 2518 1870 2589 ejus
1920 2520 2199 2589 scriptoris
2234 2529 2340 2576 tam

768 2611 954 2680 inepte
983 2625 1104 2664 sum
1145 2609 1344 2673 fautor,
1381 2621 1440 2664 ut
1477 2610 1626 2663 nulla
1656 2609 1917 2667 habuisse
1954 2627 2078 2666 eum
2115 2622 2341 2666 conten-

770 2703 920 2775 dam)
955 2704 1191 2758 maxime
1237 2701 1532 2771 conspicua
1563 2701 1680 2757 huic
1722 2701 1963 2759 luerunt.
2010 2704 2202 2773 Asper,
2251 2719 2346 2758 au-

841 2837 954 2907 (25)
998 2836 1162 2902 Hist.,
1189 2837 1285 2892 lib.
1316 2853 1484 2892 xxv".

2451 606 2568 659 gua:
2600 593 2896 660 petulantia
2928 593 3160 648 oﬂ‘endit
3192 613 3204 647 :
3243 597 3625 665 philosophus,
3658 601 3841 654 animo
3881 602 4020 657 baud

2451 682 2740 752 imperavit
2767 703 2782 739 :
2811 685 3123 749 historicus,
3154 689 3391 756 partium
3417 688 3670 744 allectum
3696 707 3805 744 non
3833 693 3983 746 exuit
4007 714 4021 749 :

2450 774 2901 845 glorie‘denique
2929 779 3224 845 cupiditate
3261 788 3318 833 et
3367 794 3554 834 amore
3590 781 3673 834 sui
3724 782 3894 851 ipsius
3939 786 4022 836 ni-

2450 865 2561 918 mio
2605 865 2892 922 laboravit.
2941 868 3098 922 Plura
3150 870 3204 922 in
3253 869 3391 941 stilo
3436 870 3920 939 reprehendenda;
3967 878 4020 946 in

2451 951 2640 1020 primis
2669 955 2992 1024 κακοζηλία,
3031 973 3127 1010 seu
3169 947 3456 1014 ambitiosa
3487 961 3770 1030 elegantia:
3797 964 4022 1018 affecta-

2450 1044 2560 1109 tio;
2594 1047 2803 1113 poetica
2833 1049 3122 1102 verborum
3160 1049 3437 1116 luxuries;
3472 1051 3654 1123 figurat
3683 1053 4021 1114 insolentes;

2450 1136 2776 1205 hyperbala;
2807 1141 3009 1194 crebra:
3037 1155 3144 1194 non
3170 1143 3332 1196 modo
3350 1143 3664 1208 verborum,
3686 1145 3780 1199 sed
3805 1153 3859 1199 et
3890 1161 4020 1200 sen-

2449 1227 2742 1280 tentiarum
2761 1228 3138 1297 repetitiones.
3165 1227 3322 1294 Quod
3345 1231 3390 1284 si
3417 1230 3813 1285 conferendum
3832 1246 4022 1284 exem-

2449 1318 2598 1387 plum
2639 1329 2743 1383 est,
2782 1321 2834 1374 in
2885 1320 3040 1376 libris
3081 1320 3327 1390 ejusdem
3384 1326 3691 1393 argumenti
3740 1323 4022 1398 historicis

2447 1410 2864 1466 Cantacuzenus
2896 1412 3053 1483 longe
3089 1413 3425 1482 praestatuln
3455 1413 3804 1483 chronologia
3838 1423 4020 1468 tamen

2447 1500 2714 1572 Gregoras
2738 1503 3047 1574 diligentior
3076 1521 3089 1557 :
3126 1502 3237 1558 imo
3258 1508 3404 1573 apud
3429 1504 3871 1559 Cantacuzenum
3907 1505 4020 1559 fere

2447 1594 2619 1647 nulla.
2650 1594 3068 1650 Cantacuzenus
3092 1595 3337 1665 quaedam
3368 1596 3581 1650 videtur
3606 1596 3858 1650 consulto
3885 1597 4021 1650 omi-

2449 1689 2606 1754 sisse,
2657 1705 2777 1759 qua:
2810 1689 3078 1760 Gregoras
3129 1691 3275 1745 haud
3326 1691 3694 1761 praetermisit.
3743 1691 4017 1760 Ejusmodi

2450 1791 2579 1834 sunt
2607 1795 2671 1834 ea
2697 1796 2817 1850 qua:
2848 1780 2937 1834 hic
2962 1789 3151 1834 narrat
3177 1780 3245 1834 de
3274 1769 3547 1850 Synadeni
3579 1794 3706 1849 erga
3738 1779 4019 1833 Androni-

2452 1887 2576 1924 cum
2604 1872 2880 1925 seniorem
2916 1871 3340 1933 inhumanitate,
3381 1870 3450 1924 de
3478 1867 3706 1923 Joannis
3736 1867 4019 1936 Palmologi

2448 1963 2747 2038 natalibus,
2779 1963 2847 2018 de
2880 1963 3072 2034 legatis
3109 1980 3140 2018 a
3174 1962 3317 2033 Papa
3342 1962 3857 2030 Constantinopolin
3890 1960 4022 2013 mis-

2449 2057 2544 2121 sis,
2573 2063 2628 2110 et
2659 2056 2761 2109 alia
2797 2057 3105 2110 innumera.
3136 2056 3281 2122 lizec,
3324 2055 3572 2124 inquam.
3601 2054 3781 2108 omnia
3814 2052 4022 2121 Grego-

2448 2165 2557 2215 ras,
2587 2149 2681 2218 qui
2713 2164 2817 2204 nec
2852 2149 3027 2204 illatas
3072 2165 3099 2202 a
3149 2149 3401 2203 Barbaris
3452 2147 3637 2201 clades
3685 2146 4014 2201 dissimulat.

2458 2243 2875 2297 Cantacuzenus
2908 2258 3036 2297 vero
3065 2258 3167 2296 nec
3200 2242 3267 2296 de
3300 2240 3613 2295 Nicomedia
3647 2238 3865 2307 quidem
3923 2245 4018 2290 aut

2447 2335 2515 2390 de
2550 2336 2729 2390 Vicaza
2774 2336 2890 2405 ipsa
2940 2337 3137 2390 amissa
3188 2334 3519 2390 mentionem
3556 2331 3698 2387 fecit.
3743 2330 3841 2382 llic
3871 2330 4016 2383 solas

2445 2427 2848 2496 quodammodo
2915 2443 2973 2482 es
3004 2426 3350 2497 Byzantinas,
3389 2435 3578 2480 nester
3626 2436 3789 2476 etiam
3834 2430 4016 2474 exter-

2446 2536 2545 2574 nas
2579 2519 2814 2574 Historia
2853 2535 2951 2574 sua
2987 2521 3306 2589 complexus
3331 2528 3430 2576 est.
3474 2518 3713 2588 Uterque
3746 2516 3907 2585 igitur
3939 2513 4018 2567 le-

2446 2614 2652 2684 gendus
2687 2624 2740 2666 et
2772 2613 2908 2668 alter
2933 2629 3000 2667 ex
3033 2613 3204 2668 altero
3229 2612 3583 2683 supplendus.

2515 2839 2629 2909 (26)
2669 2837 2874 2892 Palam.
2907 2846 3235 2908 transgress.
3264 2851 3430 2894 serm.
3466 2839 3522 2903 4,
3555 2852 3676 2907 cap.
3715 2837 3765 2890 Ι.

2169 3091 2602 3184 OPEBA.

841 3245 1075 3316 Scripsit
1139 3244 1411 3316 Grcgoras
1475 3243 1743 3315 permulta
1805 3240 1966 3296 varia
2020 3237 2411 3301 eruditionisc
2450 3241 2686 3310 tlicolog.
2740 3241 2862 3295 174.
2895 3241 3027 3297 Vide
3072 3251 3127 3297 et
3173 3241 3408 3298 indicem
3467 3243 3813 3314 prologorum
3875 3245 4021 3304 inter

769 3339 1052 3410 opuscula,
1089 3353 1322 3408 quorum
1355 3351 1525 3406 pauca
1557 3335 1698 3407 typis
1742 3334 2038 3397 mandata;
2076 3331 2332 3400 pleraque

770 3438 953 3483 autem
992 3435 1218 3482 exstant
1256 3428 1625 3496 manuscripts
1647 3426 1704 3478 in
1725 3422 2005 3478 codicibus
2043 3419 2338 3485 Vaticanis,

766 3521 1053 3583 tlmsareis,
1083 3518 1551 3583 Scorialensibus,
1577 3514 1949 3579 Baroccianis,
1977 3522 2032 3567 et
2054 3512 2176 3566 aliis
2206 3512 2342 3565 mul-

770 3616 860 3679 tis,
892 3623 950 3667 ut
974 3610 1175 3682 Regios
1211 3610 1400 3664 sileam
1437 3625 1451 3662 :
1483 3610 1732 3676 quaedam
1763 3608 1895 3662 item
1933 3605 2184 3659 videntur
2207 3615 2341 3658 tem-

769 3706 917 3776 poris
942 3703 1087 3775 longi
1121 3702 1318 3772 injuria
1349 3700 1706 3755 intercidisse.
1742 3698 1938 3753 Eorum
1963 3696 2338 3750 fere‘omnium

767 3797 1016 3853 notitiam
1055 3794 1208 3849 dabit
1238 3793 1402 3848 index
1437 3792 1771 3852 uberrimus,
1807 3805 1874 3844 ex
1910 3789 1976 3842 ﬂ.
2017 3787 2076 3841 P.
2111 3788 2172 3842 D.
2217 3787 2345 3840 Ber-

769 3887 924 3942 nardi
956 3886 1067 3957 (27)
1101 3885 1339 3950 scbedis,
1371 3884 1543 3938 Roma
1572 3883 1639 3937 ad
1671 3896 1771 3936 nos
1802 3878 2160 3944 transmissis,
2194 3888 2249 3932 et
2273 3894 2340 3933 ex

766 3981 935 4034 variis
980 3978 1232 4034 codicum
1269 3975 1774 4048 manuscriptorum
1815 3971 2076 4042 catalogis
2122 3970 2344 4024 concin-

770 4080 953 4124 natus.
988 4069 1146 4120 Hunc
1181 4073 1238 4118 tu
1271 4078 1455 4134 quaeso
1491 4063 1750 4126 indicem,
1778 4059 1958 4113 Abbas
1982 4059 2340 4119 nobilissime,

767 4158 1123 4231 quantumvis
1145 4157 1386 4228 longum,
1413 4163 1586 4209 totum
1610 4151 1782 4206 oculis
1802 4164 2084 4220 percurre.
2110 4148 2168 4202 In
2192 4157 2340 4204 tanta

770 4253 1032 4307 librorum
1064 4249 1241 4317 copia,
1268 4255 1402 4317 quot
1452 4246 1539 4299 bic
1570 4242 1779 4298 videbis
1821 4251 2196 4306 enumeratos,
2236 4239 2342 4293 erit

772 4345 937 4399 credo
987 4341 1188 4409 aliquid
1236 4337 1379 4408 quod
1415 4337 1534 4408 ipso
1566 4343 1888 4406 argumento
1919 4332 2164 4402 placeat;
2196 4328 2338 4398 quod

2444 3333 2703 3402 Opuscula
2738 3333 3026 3386 rhetorica.

2513 3420 2735 3490 Ἀρίστη
2789 3422 3013 3490 ὲπιλογὴ
3048 3422 3208 3474 θείων
3245 3424 3408 3476 τινῶν
3465 3423 3678 3492 ῥήσεων
3707 3426 3800 3479 τοῦ
3833 3445 4017 3495 μακα-

2448 3510 2563 3580 ρίου
2595 3512 2684 3562 καὶ
2721 3512 2971 3579 γενναίου
3015 3510 3162 3578 Ἰὼϐ,
3207 3514 3620 3585 συμϐαλλομένη
3682 3519 3845 3569 παντὶ
3876 3519 4014 3587 Χρι-

2443 3602 2646 3670 στιινῷ
2702 3606 2782 3667 εἰς
2835 3604 3124 3671 ὠφέλειαν.
3175 3604 3414 3670 Optimus
3464 3607 3692 3661 delectus
3735 3626 4015 3664 sacrarum

2441 3686 2776 3764 quorundam
2809 3697 3190 3750 sententiarum
3233 3697 3372 3750 beati
3402 3707 3450 3750 et
3480 3698 3632 3765 fortis
3666 3699 3803 3763 Jobi,
3849 3703 4014 3754 cuivis

2441 3789 2743 3843 Christiano
2785 3789 3118 3842 utilissimus.
3173 3789 3417 3854 Initium,
3474 3792 3584 3845 Kal.
3630 3793 3845 3859 ἐγένετο
3873 3794 3949 3855 ὼς
3979 3796 4012 3864 ἡ

2443 3881 2628 3950 ἡμέρα
2653 3880 2818 3948 αὕτη,
2853 3882 2947 3933 καὶ
2978 3881 3088 3934 ἰδοὺ
3120 3876 3282 3951 ἦλθον
3308 3884 3356 3934 οἱ
3381 3882 3603 3948 ἄγγελοι
3631 3882 3724 3936 τοῦ
3743 3882 3878 3935 Θεοῦ
3907 3901 4015 3936 πα.-

2443 3975 2717 4044 ραστῆναι
2748 3972 2978 4026 ἐνώπιον
3003 3972 3096 4026 τοῦ
3133 3973 3364 4044 Κυρίου.
3398 3974 3534 4029 Cod.
3569 3974 3768 4030 Caesar.
3802 3973 4012 4030 Vindo-

2446 4065 2575 4119 bon.
2614 4066 2850 4136 tlieolog.
2888 4067 3009 4120 174.

3055 4155 3383 4224 Dogmatica.

2511 4245 2857 4298 Antirrhetici
2884 4245 3258 4310 etSteliteutici
3285 4247 3505 4314 priores.
3534 4246 3842 4315 Scripserat
3874 4247 4011 4302 Gre-

2444 4351 2601 4405 goras
2650 4337 2817 4391 libros
2868 4337 2919 4390 in
2950 4337 3181 4391 Palamze
3245 4337 3649 4401 Antirrlieticos,
3715 4351 4008 4408 antequam

770 4435 1032 4500 amissum
1069 4431 1289 4494 doleas;
1331 4428 1478 4498 quod
1507 4442 1573 4481 ex
1618 4424 2071 4480 bibliothecarum
2115 4420 2376 4490 pulvere
2439 4424 2851 4480 Cantacuzenus
2909 4425 3136 4494 imperio
3179 4427 3382 4495 potitus
3427 4439 3575 4481 esset
3615 4427 3752 4496 (‘28).
3797 4440 3859 4482 ut
3888 4431 4009 4496 ipse

769 4526 888 4580 erui
918 4524 1124 4592 cupias.
1165 4522 1344 4575 Erunt
1383 4519 1545 4574 etiam
1598 4517 1777 4586 aliqua
1817 4515 2069 4579 fortasse,
2105 4527 2336 4582 quorum
2377 4589 2402 4592 Α
2444 4516 2692 4581 testatur,
2722 4515 2972 4570 Historia;
3001 4517 3142 4570 libro
3182 4532 3285 4569 xxv
3318 4517 3451 4582 (‘29).
3482 4517 3586 4572 Eos
3613 4519 3801 4573 decem
3834 4521 4010 4575 fuisse

767 4589 1033 4687 iacturam
1067 4614 1222 4668 facile
1251 4613 1415 4667 feras.
1448 4609 1581 4668 Mihi
1629 4609 1848 4679 quidem
1894 4609 2158 4662 librorum
2193 4615 2336 4660 cata-
2371 4589 2415 4644 Ι)
2441 4607 2646 4660 indicat
2672 4607 2772 4660 boc
2799 4622 3160 4676 programma,
3185 4608 3359 4662 eodici
3394 4607 3653 4661 Vaticano
3682 4611 3961 4677 prml‘unm
3993 4631 4004 4663 :

769 4687 923 4776 logos
965 4705 1257 4774 perlegisse
1291 4704 1392 4758 hoc
1423 4717 1566 4772 saepe
1591 4700 1892 4773 jucundum
1931 4699 2053 4764 luit,
2082 4696 2228 4768 quod
2268 4711 2330 4750 ex

2451 4696 2618 4759 Πίναξ
2645 4695 2753 4747 τῶν
2769 4695 3099 4761 ἐκλεγέντων
3127 4698 3190 4748 ὲκ
3213 4696 3312 4764 τῆς
3337 4697 3566 4751 καθόλου
3601 4699 3837 4767 ἱστορίας
3876 4702 4010 4752 Ῥω-

770 4799 837 4852 iis
870 4780 1234 4849 intellexerim
1267 4794 1456 4848 deesse
1480 4793 1614 4846 milii
1647 4791 1840 4856 multa,
1869 4789 1954 4843 vel
1989 4787 2225 4853 inutilia,
2251 4783 2336 4841 vel

2451 4786 2664 4855 μαῖκῆς
2721 4785 2893 4852 λόγων
2930 4785 3022 4837 τοῦ
3062 4787 3339 4856 Γρηγορᾶ,
3392 4787 3485 4838 καὶ
3535 4789 3889 4842 συντεθέντων
3926 4795 4010 4842 ἐν-

769 4887 933 4940 ctiam
970 4881 1131 4937 mala.

2444 4876 2617 4930 ταῦθα.
2661 4878 2773 4936 τοῖς
2797 4875 3177 4929 ΗΡΟΤΕΡΟΙΣ
3205 4875 3369 4936 abso?)
3398 4876 3580 4928 ΔΕΚΑ
3626 4877 3738 4946 (50)
3769 4880 3898 4930 ΑΝἸ
3920 4882 4013 4932 IP—

2447 4963 2797 5017 ΡΗΤΙΚΟΙΣ.
2827 4965 2908 5018 ‘Id
2960 4975 3044 5019 est
3080 4983 3092 5018 :
3129 4962 3297 5017 Index
3339 4963 3593 5018 librorum
3643 4967 3887 5037 Cregora'
3949 4987 4014 5023 cx

2446 5053 2681 5123 generali
2730 5055 2962 5108 Historia
3011 5055 3248 5107 Romana
3291 5053 3618 5121 selectorum,
3651 5067 3700 5110 et
3731 5075 3846 5110 cum
3888 5061 4012 5112 Dii-

2446 5144 2593 5197 CEM
2631 5145 2742 5213 ejus
2771 5144 3148 5202 PRIORIBUS
3178 5148 3738 5204 AA'TIRRHETICIS
3780 5153 3864 5204 hic
3887 5170 4012 5204 ron-

1352 4971 1526 5041 Opera
1556 4969 1660 5024 bibl
1666 4970 1763 5022 ica.

843 5061 919 5115 De
951 5080 1194 5117 mensura
1228 5070 1381 5116 Area:
1415 5062 1553 5123 Noe‘,
1585 5077 1647 5115 ex
1681 5059 1924 5130 Origene.
1960 5057 2093 5113 Cod.
2122 5057 2347 5112 Barocc.

771 5154 859 5209 48.
899 5155 983 5209 l9.

842 5246 925 5299 Ea:
951 5247 1212 5314 prophetis
1237 5247 1521 5314 majoribus
1543 5242 1893 5318 etminoribus
1920 5241 2061 5295 dicta
2081 5249 2343 5307 excerpta,

774 5354 890 5392 cum
910 5339 1125 5409 prologo
1147 5349 1196 5392 et
1215 5338 1628 5392 commentariis.
1650 5335 1781 5391 Cod.
1800 5333 1996 5390 Caesar.
2026 5330 2336 5387 Vindobon.

846 5519 958 5592 (9.7)
994 5520 1073 5592 pe
1102 5519 1468 5575 Montiaucon.

847 5587 960 5660 (‘28)
993 5589 1107 5660 lioc
1136 5597 1248 5660 est,
1273 5600 1399 5642 ante
1422 5602 1621 5660 annum
1660 5587 1815 5660 l_3_i'l.

846 5653 958 5728 (29)
1015 5657 1342 5711 Eorumdem
1376 5659 1625 5728 meminit
1660 5655 1819 5728 >Hist.
1855 5655 1949 5709 lib.
1994 5671 2156 5728 7!A\ll||,
2201 5653 2330 5728 cf],

775 5747 822 5788 s.
1097 5743 1411 5806 utinupag.
1442 5727 1581 5806 697;
1619 5726 1709 5806 lib.
1735 5741 1963 5806 xx_iv,.p_:
1992 5724 2176 5806 _7_(_)8_e.t
2207 5723 2329 5776 7l3.

849 5800 964 5869 (30)
993 5797 1069 5851 Ita
1097 5799 1219 5853 cod.
1260 5793 1502 5854 Vaticani
1534 5796 1745 5852 titulus.
1784 5793 1854 5849 λι
1887 5796 1966 5849 illi
1991 5797 2114 5850 libri
2147 5795 2202 5849 in
2235 5810 2332 5848 co-

2437 5235 2766 5303 junctorum.
2795 5235 2863 5288 At
2894 5236 2950 5288 in
2981 5237 3298 5291 Colvilliano
3345 5241 3701 5295 Scorialensis
3722 5242 4012 5298 bibliothe-

2439 5343 2515 5382 ca:
2539 5329 2920 5400 catalogoXiil)
2977 5328 3090 5398 (qui
3119 5329 3172 5382 in
3205 5329 3590 5386 Mediolanensi
3637 5348 3736 5388 seu
3770 5335 4010 5390 Ambro-

2447 5511 2563 5566 dice
2587 5513 2705 5580 ipso
2728 5512 3128 5573 desiderantur.

2516 5583 2626 5649 (51)
2668 5583 2838 5650 Cujus
2882 5597 3111 5652 partem,
3145 5601 3209 5640 ex
3242 5601 3340 5639 ms.
3385 5585 3730 5640 bibliothecae
3776 5586 4014 5640 Ambro-

2444 5652 2609 5724 siana:
2632 5653 2818 5724 codice
2838 5654 3185 5724 descriptam,
3203 5657 3625 5712 communicavit
3648 5673 3860 5713 mecum
3885 5656 4007 5710 Fri-

2441 5722 2658 5777 dei'icus
2689 5721 3058 5793 Rostgardius.
