4214 6450
739 339 803 401 47
1103 375 1112 386 .
1763 330 2188 393 NICEPHORI
2231 328 2619 390 GREGOR/E
2661 330 2926 392 orum.
3903 330 3971 392 ts

807 451 992 506 Relnta
1026 464 1131 503 esse
1154 448 1312 501 simul
1344 454 1559 499 natura.
1603 443 1740 497 Ibid.

806 544 1022 598 Terram
1063 547 1170 593 esse
1199 549 1392 595 natura
1419 538 1612 590 siccam
1646 545 1691 588 et
1720 535 2052 603 spha'ricant.
2087 534 2223 588 Ibid.

807 635 860 687 Ν
868 649 1101 687 umerunt
1162 630 1516 700 septenarium
1551 625 1728 679 multis
1768 626 2060 679 nominibus
2085 639 2299 677 sacrum

731 743 857 779 esse.
892 725 1024 779 lbid.

804 815 1056 884 Dialogus
1076 811 1404 882 Φιλομαθὴς,
1439 811 1473 880 ἢ
1506 811 1636 880 περὶ
1673 807 1967 878 ὑϐριστῶν.
1997 804 2135 859 Vide
2158 803 2299 859 indi—

732 922 848 960 ccm
877 905 1350 960 Miscellaueoruut
1395 900 1556 956 infra.

1311 992 1693 1047 Astronomiea.

801 1088 944 1158 Πρός
983 1104 1104 1139 τινα
1140 1085 1313 1155 φίλον,
1347 1086 1475 1155 περί
1498 1083 1608 1138 τῶν
1636 1082 1965 1154 ὑϐριζόντων
1985 1081 2084 1150 τὴν
2100 1081 2299 1149 ἀστρο-

732 1181 948 1249 νομίαν.
1006 1179 1086 1232 Ad
1128 1178 1361 1231 anticum
1409 1177 1708 1248 quemdam,
1764 1176 1830 1229 de
1880 1176 1946 1228 iis
2000 1175 2088 1244 qui
2129 1182 2300 1226 astro-

736 1275 924 1326 nomite
972 1272 1253 1326 insolenter
1308 1271 1618 1325 obtrectant.
1665 1268 1744 1323 Ita
1799 1267 2078 1337 catalogus
2112 1267 2303 1322 biblio-

737 1366 906 1418 theca:
937 1364 1211 1418 Vaticana:
1255 1361 1623 1417 Murellianus.
1666 1361 1735 1415 At
1781 1359 1837 1414 in
1876 1359 2068 1414 codice
2123 1358 2300 1414 Vatic.

735 1455 896 1520 1086,
952 1454 1045 1509 fol.
1099 1453 1220 1520 128,
1255 1452 1485 1522 epistola
1539 1459 1738 1518 exstat,
1799 1450 1877 1520 τῷ
1927 1450 2302 1522 μητροπολίτῃ

738 1547 957 1615 Ἀπρῳ.
981 1546 1108 1614 περὶ
1131 1544 1239 1597 τῶν
1269 1542 1600 1614 ὑϐριζόντων
1626 1544 1728 1612 τὴν
1761 1542 2149 1613 ἀστρονομίαν.
2183 1540 2299 1594 lni-

741 1639 895 1703 lium,
916 1637 997 1690 Τά
1024 1653 1083 1689 τε
1107 1636 1241 1690 ἄλλα
1281 1633 1741 1704 διαπορθμεύουσι
1768 1673 1782 1688 .
1805 1675 1820 1690 .
1847 1674 1859 1686 .
1903 1632 2034 1686 Vide
2064 1632 2299 1686 indicem

737 1729 1088 1798 cpistolarum
1123 1729 1283 1781 infra.

2324 450 2370 503 Α
2405 440 2496 495 fol.
2533 441 2625 506 .75,
2678 451 2732 495 et
2761 443 2942 496 editus
2970 450 3050 495 est
3082 443 3220 496 Hist.
3279 441 3410 511 Byz.
3440 441 3530 496 lib.
3569 457 3679 505 nu,
3715 457 3835 511 cap.
3883 443 3968 496 13.

2473 534 2554 586 Ad
2580 535 2853 596 eumdem,
2889 546 2945 586 ut
3006 535 3229 597 videtur,
3276 536 3338 587 de
3395 536 3569 587 eodem
3637 545 3970 603 argumento.

2407 625 2647 686 Initium,
2697 626 2764 679 Al
2817 626 3070 696 δεύτεραί
3123 642 3242 688 πως
3296 628 3602 694 φροντίδες,
3671 626 3971 695 Εὐριπίδης

2401 719 2532 788 φησί
2558 735 2684 782 που,
2716 719 3041 788 σοφώτεραι.
3071 717 3208 774 Cod.
3243 719 3418 774 Vatic.
3447 719 3605 782 1086,
3640 719 3734 772 fol.
3774 720 3860 771 79.

2471 808 2544 859 Τὸ
2577 807 2872 883 διορθῳθὲν
2923 809 3224 876 πασχῶάον
3253 809 3358 862 ὑπὸ
3412 810 3731 878 Νικηφόρου
3763 808 3972 876 φιλοσό-

2401 917 2502 969 φου
2528 899 2622 952 τοῦ
2658 900 2932 970 Γρηγορᾶ,
2989 902 3120 970 περὶ
3179 896 3240 954 οὗ
3291 901 3385 955 καὶ
3417 903 3445 953 ό
3482 902 3755 970 ’Δρ-γυρος
3795 904 3855 950 ἐν
3906 904 3970 969 τῇ

2402 989 2628 1060 ῥηθείσῃ
2683 989 2890 1058 μεθόδῳ
2945 989 3324 1057 διαλαμϐάνει.
3369 990 3682 1044 Paschalion
3735 1006 3767 1042 α
3819 992 3972 1041 Nice-

2399 1080 2560 1148 phoro
2589 1080 2822 1150 Gregora
2851 1080 3167 1148 Pbilosopho
3193 1091 3482 1134 correctum
3507 1099 3524 1145 ;
3559 1083 3624 1134 de
3664 1097 3764 1149 quo
3795 1081 3966 1149 Argy-

2405 1188 2496 1227 rus
2527 1174 2584 1226 in
2631 1173 2872 1228 methodo
2897 1174 3202 1240 supradicta
3235 1174 3349 1245 (48)
3411 1173 3663 1239 loquitur.
3701 1174 3886 1226 Exstat
3922 1177 3981 1222 in

2405 1264 2733 1335 Uranologio
2782 1263 3092 1320 Petaviano.
3157 1264 3290 1320 Vide
3352 1273 3407 1320 et
3473 1267 3702 1335 catalog.
3762 1263 3973 1316 Morell.

2406 1355 2500 1410 fol.
2527 1355 2598 1409 26

2476 1446 2717 1500 Historia
2763 1455 2811 1500 et
2842 1518 2846 1520 Π
2879 1447 3005 1501 Vita:
3053 1458 3357 1528 sanctorum
3409 1464 3472 1502 ac
3515 1449 3742 1502 virorum
3785 1445 3904 1498 illit-

3075 1531 3286 1572 strtum.

2476 1629 2623 1684 Libri
2651 1631 3171 1699 duodequadraginta
3212 1631 3464 1687 Historite
3516 1633 3858 1703 Byzantium;
3920 1637 3972 1688 in

2403 1720 2602 1788 quibus
2658 1719 2902 1774 nonnulli
2939 1735 3086 1774 mere
3116 1721 3429 1790 dogmatici.
3491 1723 3566 1777 Ex
3604 1725 3667 1778 iis
3698 1726 3820 1779 libri
3849 1743 3963 1778 un-

809 1823 1046 1892 Epistola
1076 1821 1468 1891 ἀνεπίγραφος.
1488 1814 1875 1885 1ηἱίίυηι,οἷον
1909 1820 2136 1882 εὐωδίας
2173 1819 2300 1886 περὶ
2332 1841 2376 1902 Β
2408 1813 2473 1866 de

2332 1841 2376 1902 Β
2408 1811 2584 1866 decim
2637 1812 2846 1880 priores
2885 1811 3017 1866 editi
3073 1813 3291 1881 saepius.
3345 1813 3461 1880 Qua
3493 1816 3560 1870 de
3590 1830 3650 1870 re
3699 1831 3862 1886 supra
3916 1820 3970 1870 in

736 1915 826 1964 τὸν
853 1914 990 1982 ἀέρα
1025 1912 1300 1980 χεθείσης.
1335 1908 1470 1964 Cod.
1509 1908 1630 1963 Vat.
1665 1908 1826 1973 1086,
1861 1908 1956 1962 fol.
2008 1908 2134 1963 201.
2173 1908 2301 1962 Vide

738 2004 973 2057 indicem
1005 2002 1382 2071 epistolarum.

811 2095 1075 2164 Epistola,
1104 2095 1236 2164 πρὸς
1265 2095 1355 2146 τὸν
1387 2094 1559 2163 μέγαν
1588 2093 1902 2162 Λογοθέτην
1931 2091 2023 2144 τὸν
2055 2105 2300 2160 συγγρα-

740 2189 843 2257 φέα
866 2189 963 2256 τῆς
999 2186 1203 2257 βίϐλου,
1235 2183 1615 2254 παρικληῗικὴ
1648 2183 1775 2253 περὶ
1803 2181 2187 2255 ἀστρονομίας.
2223 2181 2303 2234 Ad

739 2295 986 2348 magnum
1043 2277 1378 2346 Logothetam
1405 2277 1712 2345 scriptorem
1745 2276 1888 2341 libri,
1941 2276 2301 2331 exhortatoria

737 2371 850 2442 (41)
887 2375 950 2424 de
997 2372 1342 2448 astronomia.
1393 2371 1690 2442 Epistolam
1731 2369 1889 2434 hanc,
1935 2380 1990 2423 ut
2027 2354 2304 2423 indicatur

738 2464 793 2518 in
819 2465 1063 2535 catalogo
1095 2463 1430 2530 Morelliano,
1505 2463 1660 2533 operi
1709 2462 2079 2517 astronomico
2124 2460 2304 2514 Theo-

737 2558 852 2611 dori
908 2555 1214 2611 Metocbitaa
1258 2556 1437 2627 magni
1485 2555 1778 2626 Iogotlteta:
1833 2553 2108 2624 praelium
2135 2552 2302 2608 fuisse

737 2658 982 2718 apparet.
1020 2646 1205 2702 Exstat
1230 2647 1367 2701 Hist.
1399 2647 1624 2717 Byzant.
1663 2646 1760 2702 lib.
1795 2662 1909 2709 VIII,
1944 2661 2066 2716 cap.
2102 2646 2154 2707 7,
2183 2660 2306 2698 ora-

739 2740 817 2796 tio
841 2740 906 2794 ad
939 2755 1193 2810 magnum
1237 2739 1567 2810 logotltetam
1623 2739 1729 2798 hoc
1785 2738 1964 2802 titulo,
2016 2738 2302 2807 Συμὸουλὴ

743 2834 882 2902 μετὰ
923 2832 1339 2902 παρακλήσεως.
1382 2832 1449 2886 At
1495 2829 1682 2885 eadem
1721 2830 1775 2884 in
1825 2830 1947 2884 cod.
1990 2829 2108 2884 Vat.
2143 2829 2301 2894 I086,

740 2925 836 2978 fol.
885 2925 1007 2986 125,
1044 2923 1380 2988 inscribitur,
1428 2921 1508 2991 τῷ
1545 2921 1767 2991 μεγάλῳ
1815 2919 2093 2992 Λογοθέτῃ
2125 2936 2306 2989 παρα·

739 3016 969 3086 κλητικὴ
995 3016 1123 3085 περὶ
1151 3012 1767 3086 ἀστρονομίαςΛιηιίυω
1792 3013 2099 3083 utrobique,
2120 3013 2181 3065 El
2205 3012 2306 3082 μὲν

739 3108 933 3178 ἐπίσης
963 3109 1168 3162 απασιν
1196 3107 1414 3162 ἅπαντα
1432 3145 1447 3162 .
1474 3101 1490 3161 ζ
1512 3146 1526 3161 .
1556 3147 1571 3160 .
1607 3107 1859 3161 Fortasse
1878 3107 1992 3160 hate
2011 3105 2187 3159 oratio
2216 3120 2305 3159 ea-

743 3201 864 3252 dem
911 3209 1016 3266 est,
1047 3209 1211 3270 atque
1243 3200 1332 3254 illa
1363 3200 1598 3254 indicata
1631 3214 1661 3252 a
1695 3198 1918 3253 Morello
1951 3197 2201 3268 epistola.

815 3289 966 3345 Adde
1004 3290 1312 3360 epistolam,
1347 3291 1426 3361 τῷ
1451 3289 1811 3359 Χρυσολωρᾷ,
1835 3304 1955 3358 qua:
1986 3298 2040 3342 et
2081 3287 2195 3356 ipsa
2224 3295 2308 3340 est

745 3384 813 3438 de
843 3383 1200 3438 astronomia.
1235 3382 1369 3438 Vide
1400 3381 1538 3435 infra
1570 3382 1623 3435 in
1655 3381 1835 3435 indice
1868 3379 2244 3449 epistolarum.

818 3476 940 3538 Πῶς
961 3476 1038 3527 δεῖ
1067 3471 1505 3536 κατασκευάζειν
1542 3471 1877 3541 ἀστρόλαὸον
1907 3471 2043 3542 (45).
2079 3471 2311 3535 Quomo-

745 3568 812 3621 do
857 3564 1184 3620 Astrolabum
1230 3565 1463 3618 construi
1541 3572 1801 3631 oporteat.
1854 3561 2030 3616 Catal.
2095 3561 2305 3627 Morell.

747 3658 840 3712 fol.
881 3657 970 3712 26.
1005 3655 1069 3710 Ιι.
1112 3656 1236 3711 cod.
1271 3671 1386 3724 reg.
1418 3655 1584 3708 2757.

819 3748 940 3808 Πῶς
988 3747 1067 3799 δεῖ
1099 3746 1538 3809 κατασκευάζειν
1586 3746 1684 3814 τὴν
1715 3748 1774 3799 ὲν
1828 3746 2150 3817 ἀστρολάὁῳ
2177 3747 2312 3817 ἀρά.-

745 3856 896 3909 χνην.
929 3837 1200 3902 Quomodo
1230 3851 1430 3890 aranea
1459 3837 1512 3888 in
1543 3835 1816 3889 Astrolabo
1846 3838 2194 3890 construenda
2220 3840 2309 3890 sit.

749 3930 881 3984 Ibid.
915 3929 981 3982 u.
1014 3929 1138 3984 cod.
1179 3928 1313 3996 Reg.
1359 3927 1521 3982 2737.

821 4023 953 4088 Περὶ
985 4021 1085 4090 τῆς
1135 4023 1191 4073 ὲν
1222 4018 1465 4090 ἐπιπέδῳ
1499 4022 1862 4090 καταγραφῆς
1894 4019 1990 4072 τοῦ
2043 4020 2311 4087 ἀστρολά-

749 4114 865 4177 ὅου,
916 4113 1274 4181 προοιμιακὸς
1307 4111 1461 4178 λόγος
1513 4111 1648 4179 πρός
1701 4127 1824 4162 τινα
1878 4111 2032 4179 φίλον
2069 4111 2203 4179 (46).
2237 4111 2313 4163 De

747 4205 1010 4259 Astrolabi
1039 4206 1093 4256 in
1122 4202 1280 4270 plano
1306 4201 1676 4262 deliueatione,
1703 4201 1947 4270 prwfatio
1970 4201 2040 4254 ad
2056 4205 2310 4254 amicum.

749 4298 878 4351 Ibid.
918 4297 1010 4350 fol.
1037 4297 1126 4349 27.
1161 4295 1225 4348 Ιι.
1259 4295 1380 4349 cod.
1419 4294 1549 4363 Reg.
1611 4295 1776 4361 2757,
1826 4294 1920 4349 fol.
1967 4293 2091 4350 105.

964 4411 1038 4462 De
1063 4408 1318 4462 Pascltate
1342 4418 1389 4460 et
1423 4406 1738 4461 Kulendarii
1763 4409 2095 4462 correctione.

820 4501 961 4571 Πρὸς
988 4505 1078 4552 τὸν
1104 4499 1546 4568 σεδασμιώτατον
1590 4500 1815 4570 Ἰωσὴφ,
1835 4503 1964 4570 περὶ
1988 4499 2082 4552 τοῦ
2104 4498 2308 4568 πάσχα,

746 4590 1018 4653 ἀπόδειξις
1051 4591 1200 4653 ὃπως
1259 4590 1466 4660 ἐσφάλη
1523 4591 1629 4659 πρὸ
1660 4591 1890 4661 χρόνων,
1921 4593 2016 4643 καὶ
2049 4591 2200 4653 ὅπως
2229 4591 2310 4644 δεῖ

748 4683 1023 4734 ποιεῖσθαι
1064 4684 1163 4752 τὴν
1195 4682 1382 4734 τούτου
1431 4681 1740 4750 διόρθωσιν.
1799 4683 1877 4735 Ad
1928 4682 2314 4736 revereudJo-

746 4773 982 4841 sep/tum,
1016 4775 1077 4825 de
1124 4771 1405 4838 Paseltate,
1442 4783 1498 4825 ut
1531 4773 1854 4840 jampridem
1893 4775 1947 4826 in
1990 4792 2048 4828 eo
2079 4786 2314 4828 erratum

745 4867 837 4928 sit,
867 4874 914 4917 et
947 4867 1202 4934 quomodo
1232 4865 1427 4935 corrigi
1453 4865 1656 4918 debeat.
1687 4865 1928 4934 Initium,
1977 4862 2201 4935 Ἐπειδή
2226 4885 2315 4936 μοι

754 4959 903 5024 φίλος
937 4954 987 5009 εἴ
1008 4959 1114 5009 τῶν
1141 4957 1280 5008 πάνυ
1339 4957 1473 5026 (47).
1517 4959 1712 5013 Exstat
1746 4959 1799 5012 in
1847 4960 1971 5015 cod.
2004 4961 2122 5015 Vat.
2158 4961 2315 5026 1086,

821 5143 932 5211 (44)
967 5142 1047 5211 An
1080 5137 1484 5211 consolatoria?

822 5208 934 5280 (15)
969 5210 1252 5274 Tractatus
1282 5209 1349 5261 de
1390 5208 1796 5263 constructione
1822 5209 1963 5280 globi
1994 5210 2243 5266 laudatur
2272 5225 2302 5264 a

748 5283 893 5337 Guil.
928 5281 1091 5335 Cave.

820 5352 931 5420 (16)
983 5351 1317 5404 Receusctur
1375 5365 1403 5402 a
1449 5348 1562 5420 _Plt._
1619 5347 1817 5413 Lahbe,
1864 5353 1915 5403 in
1975 5349 2301 5404 Bibliotheca

753 5414 923 5485 noua,'
957 5420 1283 5489 Nicephorus
1338 5421 1390 5472 in
1442 5414 1713 5470 Ptolemari
1747 5420 1924 5489 ltbros,
1949 5438 2066 5474 cum
2101 5422 2306 5474 Aristo-

751 5508 883 5545 xeno
922 5503 969 5545 et
1005 5487 1145 5543 aliis.
1182 5488 1292 5561 _Sed
1331 5492 1397 5555 is,
1455 5497 1512 5539 ut
1565 5497 1714 5555 puto,
1749 5487 2086 5560 Nicephorus
2107 5491 2313 5561 Bryeu-

756 5563 875 5615 nius
901 5573 1003 5626 est,
1038 5576 1142 5615 non
1170 5559 1455 5626 Grcgoras.

822 5632 934 5698 (17)
964 5633 1094 5684 Item
1119 5642 1202 5682 est.
1233 5629 1448 5699 initium
1471 5627 1680 5699 dialogi
1731 5630 1822 5699 qui
1856 5630 2177 5686 inscribitur
2211 5633 2328 5684 διὰ-

753 5697 905 5768 λογος
959 5701 1227 5770 δεύτερος.
1291 5698 1421 5752 Vide
1471 5697 1930 5757 Miscellaneorum
1978 5703 2206 5758 indicem
2245 5705 2327 5756 in-

749 5770 851 5826 fra.

2408 1903 2749 1973 prtufatione.

2476 1996 2660 2052 Oratio
2705 1998 3096 2063 encomiastica,
3154 1998 3360 2066 prolixa
3405 2009 3454 2051 et
3503 2005 3732 2071 elegans,
3767 2004 3819 2055 in
3855 2002 3971 2054 Im-

2404 2100 2696 2158 peratorem
2725 2087 3130 2143 Constantinum
3179 2088 3466 2159 Magnum;
3510 2093 3826 2161 dignissima
3862 2100 3877 2160 (
3907 2113 3970 2146 n-

2403 2184 2521 2250 quit
2541 2181 2831 2248 Nesselius)
2855 2189 2911 2234 ut
2940 2181 3254 2250 supplemen
3267 2192 3318 2235 to
3337 2185 3580 2251 corporis
3602 2184 3843 2238 Historia
3868 2185 3978 2255 Rg-

2404 2275 2631 2326 zautinte
2661 2273 2949 2341 aliquando
2971 2273 3259 2326 inseratur.
3290 2272 3422 2328 Cod.
3455 2273 3653 2328 Ctesar.
3681 2276 3812 2331 llist.
3845 2279 3968 2331 illi.

2477 2365 2561 2420 Ea;
2589 2364 2818 2444 'Eusebii
2857 2362 3094 2417 Historia
3148 2364 3523 2421 ecclesiastica.
3571 2366 3705 2422 Cod.
3761 2367 3968 2423 Cesar.

2407 2445 2727 2515 ιιιυοιζιπιι.

2470 2552 2543 2604 De
2575 2553 2680 2604 vita
2710 2561 2758 2604 et
2786 2552 3014 2608 moribus
3054 2565 3101 2608 et
3136 2554 3378 2623 conﬂictu
3399 2553 3456 2609 S.
3500 2555 3678 2609 Patris
3700 2555 3974 2612 Michae'is

2407 2645 2657 2715 Syncelli.
2695 2645 2938 2712 Initium,
2964 2648 3147 2718 Νόμος
3172 2642 3326 2710 οὗτος
3377 2647 3580 2718 ἧνθηπε
3626 2650 3795 2702 πάλαι
3843 2651 3977 2716 παρ’

2407 2739 2656 2810 Ἕλλησι,
2692 2741 2788 2793 καὶ
2819 2742 2964 2810 μέγα
3005 2742 3084 2810 τῷ
3133 2742 3315 2811 χρόνῳ
3369 2742 3429 2794 τὸ
3476 2744 3676 2813 κράτος
3738 2744 3975 2812 εἰλήφει.

2405 2830 2516 2886 Leo
2541 2833 2707 2887 Allat.
2741 2832 2815 2886 De
2858 2833 3118 2903 Symeon.
3154 2849 3275 2905 pag.
3318 2834 3442 2888 100.

2477 2925 2598 2987 Βίος
2628 2925 2722 2976 καὶ
2762 2924 3005 2977 πολιτεία
3031 2926 3130 2994 τῆς
3161 2926 3315 2987 ὁσίας
3367 2925 3710 2995 Βασιλίσσης.
3761 2926 3878 2979 Vita
3929 2940 3977 2980 et

2407 3018 2685 3088 disciplina
2734 3018 2792 3071 S.
2827 3017 3114 3082 Basilisste,
3140 3033 3236 3072 seu
3282 3016 3507 3083 Reginae.
3546 3018 3783 3084 Initium,
3813 3020 3981 3071 Νικο-

2411 3109 2606 3179 μήδεια
2639 3110 2793 3172 πόλις
2843 3109 2961 3162 ἐστὶ
3017 3110 3345 3178 περιφανής.
3397 3110 3532 3164 Cod.
3603 3107 3975 3174 Vatic.108l5,

2414 3200 2508 3254 fol.
2552 3200 2671 3256 197.
2704 3202 2944 3257 Aduolat
2991 3199 3058 3253 Β.
3093 3199 3153 3254 Ρ.
3186 3201 3247 3254 D.
3281 3199 3614 3263 Bernartius,
3655 3217 3774 3255 eatn
3811 3202 3979 3254 Baci-

2414 3292 2604 3346 λισσαν
2643 3293 2906 3362 virginem
2935 3300 2991 3345 et
3025 3300 3316 3359 martyrem
3354 3292 3540 3344 luisse.

2494 3383 2614 3437 Vita
2688 3383 2933 3449 Joannis,
2988 3383 3255 3438 Heraclea:
3299 3381 3527 3435 Ponticte
3578 3383 3977 3453 archiepiscopi,

2411 3478 2498 3546 qui
2529 3477 2814 3530 avunculus
2839 3478 2936 3546 fuit
2989 3476 3243 3529 auctoris.
3282 3475 3557 3528 Iudicatur
3600 3473 3667 3525 ab
3700 3473 3815 3540 ipso
3845 3476 3982 3529 Grc-

2412 3585 2540 3640 gora
2569 3572 2707 3622 Hist.
2740 3569 2967 3638 Byzant.
2997 3570 3092 3623 lib.
3127 3585 3200 3633 ιι,
3243 3584 3365 3638 cap.
3397 3571 3449 3621 7.

2487 3661 2603 3716 Vita
2631 3661 2742 3732 (49)
2773 3661 2986 3714 Antonii
3031 3661 3351 3729 patriarchte
3381 3661 3976 3729 Constantiuopolitani,

2413 3753 2627 3808 Caulea:
2666 3756 2795 3808 dicti
2823 3755 2958 3824 (50).
3011 3755 3253 3816 Initium,
3287 3756 3346 3806 Ei
3373 3757 3429 3807 δὲ
3467 3759 3558 3808 καὶ
3589 3757 3786 3824 θνητὴν
3817 3755 3981 3822 φύσιν

2414 3845 2526 3915 (51)
2560 3849 2587 3897 ό
2615 3849 2826 3914 χρόνος,
2860 3849 2952 3898 καὶ
2982 3847 3196 3900 πάντων
3223 3849 3339 3898 ἐστὶ
3363 3847 3565 3916 πατὴρ,
3596 3849 3768 3899 ὁπόσα
3800 3849 3980 3914 φθορὰ

2413 3946 2508 3991 καὶ
2537 3939 2749 4005 γένεσις
2772 3941 2979 4007 βόσκει.
3010 3939 3124 3993 Leo
3151 3941 3314 3994 Allat.
3345 3938 3416 3994 de
3446 3940 3700 4008 Sytneon.
3738 3955 3860 4008 pag.
3887 3940 3980 3994 87.

2481 4029 2797 4098 Μαρτύριον
2819 4029 2912 4081 τοῦ
2930 4031 3085 4096 ἁγίου
3109 4031 3385 4098 Κοδράτου
3406 4030 3500 4081 τοῦ
3523 4033 3578 4082 ὲν
3606 4030 3855 4099 Κορίνθῳ
3878 4031 3980 4091 τῆς

2415 4123 2840 4190 Πελοποννήσου.
2870 4121 2993 4175 luit.
3013 4122 3166 4190 Ἐμοὶ
3196 4121 3252 4173 δὲ
3283 4123 3373 4172 τὸν
3403 4122 3495 4172 τοῦ
3527 4123 3679 4188 ἁγίου
3701 4124 3980 4187 Κοδρᾶτον

2414 4211 2528 4281 βίον
2555 4211 2856 4282 διηγεῖσθαι
2886 4213 3252 4282 προελομένῳ.
3284 4214 3418 4267 Vide
3445 4216 3572 4267 Acta
3609 4213 3708 4266 SS.
3743 4224 3871 4267 tom.
3910 4214 3980 4277 II,

2413 4302 2481 4356 ad
2508 4303 2649 4356 diem
2684 4303 2769 4366 10,
2801 4304 3005 4356 mensis
3051 4305 3252 4357 Martii.
3289 4303 3422 4358 Vide
3453 4315 3505 4356 et
3535 4304 3599 4358 L.
3640 4305 3819 4358 Allatii
3867 4304 3984 4356 dEa-

2417 4398 2613 4452 tribam
2649 4398 2714 4452 de
2746 4395 3075 4467 Symeonum
3108 4397 3341 4466 scriptis,
3378 4413 3429 4466 p.
3460 4397 3548 4452 88.

2865 4579 2871 4582 ξ
3011 4507 3393 4562 Grammatice.

2484 4599 2808 4669 Τεχνολογίᾳ
2837 4601 3251 4668 γραμματικῆς.
3297 4583 3396 4652 λη
3425 4601 3795 4667 grammatica.
3829 4599 3980 4652 Indi-

2413 4699 2569 4744 catur
2600 4703 2632 4744 ι
2663 4689 2886 4743 Morello
2922 4689 2974 4741 in
3009 4692 3253 4759 catalogo
3283 4689 3540 4744 Bibliotlt.
3575 4690 3750 4744 Vatic.
3797 4691 3888 4742 fol.
3926 4691 3977 4741 ὅ.

2485 4781 3024 4848 Παρακολουθήματα
3043 4782 3138 4832 καὶ
3157 4782 3448 4850 ζητήματα
3469 4782 3977 4851 γραμματικάὤέ).

2421 4869 2806 4924 Enarrationes
2840 4872 2952 4940 (53)
3001 4882 3048 4924 et
3090 4873 3402 4941 quasstiones
3434 4871 3985 4942 grumntatica’.Cala-

2418 4965 2524 5034 Iog.
2564 4963 2771 5018 blorcll.
2803 4964 2933 5018 ibid.

2478 5143 2589 5212 (18)
2622 5145 2854 5214 (Nempe
2905 5144 3228 5212 Opusculum
3293 5141 3420 5196 illud
3475 5140 3821 5208 subjunctum
3903 5152 3986 5192 est

2405 5211 2578 5284 Isaaci
2603 5211 2802 5284 Argyri'
2825 5211 2981 5268 libro.

2481 5283 2592 5352 (49)
2620 5277 2808 5338 Εἰέιαι
2836 5285 2976 5352 apud
3007 5282 3250 5336 Bolland.
3283 5283 3348 5336 ttd
3379 5279 3519 5334 diem
3555 5280 3619 5332 12
3657 5277 3814 5352 1⁷001·Σ
3870 5277 3990 5352 {Est

2419 5347 2716 5422 Nicephori
2781 5347 3088 5422 philosophi
3141 5353 3234 5421 qui
3283 5354 3423 5422 circa
3460 5366 3564 5422 an.
3609 5353 3746 5422 1000
3785 5347 3990 5402 ﬂoruit.

2409 5419 2879 5492 V'ide'Patrologia:
2906 5419 3104 5476 nostra:
3137 5419 3265 5475 tom.
3294 5419 3426 5475 CVI.
3457 5419 3635 5492 Ευιτ.)

2502 5492 2612 5561 (50)
2656 5487 2876 5548 Vossius
2924 5493 2991 5545 de
3043 5492 3246 5545 llistor.
3280 5492 3453 5545 Graec.
3501 5487 3705 5553 λιιι-ιι,
3735 5504 3853 5558 cap.
3899 5488 3990 5554 26,

2433 5564 2638 5615 auctori
2672 5563 2829 5633 longe
2859 5562 3153 5633 antiquiori
3179 5562 3389 5615 U'Ibllll.

2511 5633 2623 5700 (5|)
2661 5637 2743 5686 An
2782 5635 2931 5701 ἑχειῗ

2506 5702 2618 5768 (52)
2657 5703 2923 5757 Incertum
2957 5718 3025 5756 an
3060 5703 3333 5773 Gregora‘.

2522 5773 2632 5843 (55)
2655 5773 2736 5828 An
2764 5773 2993 5845 glossae?
