4214 6450
722 386 793 455 βο
1747 373 2165 438 NICEi’HORI
2209 374 2364 434 0ίῖἶί

2371 373 2595 434 coma
2641 373 2941 433 ELOGIA.
3909 376 3979 442 eo

728 499 820 551 τοῦ
855 496 1031 566 ψυχὴν
1067 495 1450 563 εἰργασμένος,
1479 494 1820 560 εὐδαιμονεῖν
1847 491 1994 559 ἔχεις
2021 493 2086 559 τῇ
2126 507 2306 560 μακα-

2411 488 2565 542 nibus
2617 501 2664 542 et
2690 489 2916 557 argutiis
2970 485 3306 555 (arti/idaeas
3341 489 3454 540 dico
3482 489 3979 555 argumentationes.

728 588 938 654 ριότητι
973 585 1082 636 τῶν
1131 586 1390 652 νοήσεων.
1437 585 1594 638 Ἐπεὶ
1649 583 1705 634 δὲ
1751 583 1929 651 ψυχὴν
1981 583 2094 643 τοῖς
2140 580 2304 642 θείοις

731 678 899 727 εἴδεσι
934 674 1320 742 μορφωθεῖσαν
1368 673 1550 742 (τοῦτο
1599 672 1708 743 γὰρ
1757 673 2128 742 ἡέπιστήμη)
2169 671 2305 723 πολὺ

729 769 1000 836 πρότερον
1041 767 1187 827 είκὺς
1231 767 1323 817 καὶ
1371 767 1470 836 τὴν
1527 765 1716 832 ἔφεσιν
1769 763 2079 832 ὴγαηύνοαι
2147 762 2309 816 τοῦτο

727 859 835 924 γὰρ
897 856 1113 917 πάντως
1143 855 1237 908 τοῦ
1292 856 1649 924 πρωτοτύπιυ
1695 855 2027 927 ἐκμᾲττεται
2053 896 2066 916 ,
2103 853 2306 923 ἥκιστα

733 947 1128 1014 πιστευομένου
1174 945 1382 1010 ἀγαθοῦ
1432 962 1579 1008 τινος
1633 946 1926 1015 μετασχεῖν
1961 943 2056 997 τοῦ
2099 944 2310 1010 βασκαο

732 1038 853 1089 νίαν
905 1035 1210 1102 νοσοῦντος)
1271 1034 1492 1104 ὁμοίους
1551 1035 1782 1104 σεαυτῷ,
1845 1035 2008 1096 ὅσους
2077 1029 2192 1087 οἷόν
2249 1052 2308 1086 τε

731 1131 904 1181 ποιεῖν
940 1129 1226 1190 ἑκάστοτε,
1271 1130 1328 1180 ἐν
1364 1130 1604 1200 μεγίστῃ
1650 1146 1736 1182 σοι
1786 1127 2042 1195 γενέσθαι
2080 1129 2306 1198 σπουδῇ,

730 1223 762 1289 ἢ
795 1219 970 1272 ταῦτα
1026 1221 1125 1284 μὲν
1156 1219 1368 1288 βέλτιος
1398 1220 1512 1290 (79)
1544 1222 1707 1282 αὐτὸς
1735 1217 1953 1282 πάντωξ
1973 1221 2308 1289 φιλοσοφεῖς,

729 1311 824 1364 τοῦ
852 1311 910 1364 εὖ
944 1312 1172 1380 πάσχειν
1206 1311 1266 1364 τὸ
1298 1316 1472 1366 ποιεῖν
1520 1312 1689 1373 τιθεὶς
1733 1312 1958 1380 ἄμεινον
1987 1311 2080 1363 καὶ
2107 1312 2312 1364 θειότε-

734 1421 848 1472 ρον.
894 1402 1048 1472 Ἐμοὶ
1075 1403 1130 1454 δέ
1157 1419 1221 1468 γε
1254 1403 1353 1471 τῆς
1413 1403 1513 1470 σῆς
1545 1403 1617 1464 ὡς
1648 1395 1760 1455 οἷόν
1792 1419 1851 1454 τε
1884 1403 2166 1472 ἐφιγμένῳ
2199 1402 2309 1472 (80)

734 1495 1098 1564 πληρότητος,
1123 1493 1312 1567 ὥσπερ
1347 1494 1442 1564 τὴν
1489 1493 1623 1564 ὓλην
1651 1495 1786 1564 φασὶ
1811 1493 1904 1547 τοῦ
1927 1495 2123 1558 εἴδους,
2149 1495 2311 1558 ἀξίω-

733 1603 825 1638 σον
849 1586 1249 1656 ἀποκρίνασθαι
1281 1587 1488 1657 βραχέα
1517 1586 1677 1639 ταυτί
1703 1600 1716 1615 ⁸
1750 1586 1837 1639 διὰ
1867 1585 2035 1639 ποίων
2068 1587 2311 1640 κανόνων

732 1680 829 1741 τὰς
879 1680 1236 1748 ψηφηφορίας
1281 1679 1563 1749 περαίνεις
1591 1695 1607 1712 ο
1654 1679 1805 1741 τίνας
1859 1696 1919 1730 τε
1983 1681 2078 1734 καὶ
2107 1679 2312 1748 πηνίκα

736 1768 1074 1837 εἰλημμένας
1105 1769 1407 1837 λαμϐάνεις
1443 1768 1664 1837 ἐποχὰς,
1708 1770 1800 1820 καὶ
1857 1768 2020 1831 πόσος
2053 1769 2080 1819 ὁ
2112 1769 2177 1822 ἐκ
2205 1769 2310 1821 τῶν

737 1861 951 1928 ἐ,ποχῶν
983 1861 1063 1922 είς
1097 1860 1157 1912 τὸ
1184 1861 1358 1930 παρὸν
1391 1862 1600 1930 χρόνος.
1634 1861 1708 1914 Οὐ
1766 1860 1876 1930 γὰρ
1905 1855 2061 1931 οἶμαί
2094 1878 2152 1914 σε
2177 1862 2310 1933 191‘..-

739 1953 864 2004 σΟαι
895 1955 1006 2014 τοῖς
1033 1952 1448 2021 Πτολεμαῖκοῖς,
1477 1951 1556 2022 τῷ
1588 1949 1682 2003 τοῦ
1748 1955 1944 2023 χρθενου
1987 1955 2182 2025 πλήθει
2213 1955 2309 2024 τῆς

736 2044 1022 2112 ἀκριϐείας
1082 2045 1436 2096 ἐκπίπτουσιν
1496 2061 1509 2075 ·
1563 2044 1643 2097 ἔτι
1678 2044 1866 2107 δὲτὰς
1910 2047 2016 2099 τῶν
2055 2047 2312 2100 ἀποτελεο

751 2135 978 2204 σμάτων
1006 2135 1213 2206 κρίσεις
1238 2136 1343 2188 τίνι
1381 2135 1654 2190 πιστεύων
1688 2139 1936 2209 ἐκτίθησι
1970 2139 2082 2201 (81)
2115 2140 2310 2208 πρότε-

743 2245 834 2297 ρον
874 2217 1195 2298 Πτολεμαίῳ
1235 2229 1401 2297 μόνῳ,
1431 2229 1463 2298 ἦ
1497 2231 1590 2284 vi
1623 2249 1699 2300 τῳ
1720 2231 1828 2283 τῶν
1865 2230 2065 2285 ἄλλων.
2115 2229 2312 2282 Ἰταλοὶ

738 2321 870 2392 γάρ,
905 2315 982 2382 οἷς
1035 2322 1302 2390 ἐλάχομεν
1357 2326 1654 2387 συνοικεῖν,
1709 2326 1804 2376 καὶ
1851 2321 1972 2374 κατ’
2025 2323 2190 2391 ἄμφω
2245 2321 2313 2374 τὰ

741 2413 904 2480 μέρη.
950 2413 1002 2464 τδ
1032 2413 1378 2486 θεωρητικίεν
1411 2434 1553 2485 φημι
1580 2415 1674 2466 καὶ
1719 2413 1778 2464 τὸ
1833 2415 2163 2483 πρακτικὸν,
2192 2413 2314 2466 ἐλά-

739 2521 900 2571 χιστα
925 2503 1003 2580 τῷ
1035 2504 1360 2579 Πτολεμαίῳ
1389 2509 1663 2577 χρώμενοι
1713 2505 1790 2573 τῷ
1822 2504 1934 2574 (8‘2)
1978 2504 2145 2556 πλείω
2199 2506 2312 2567 τοῖς

742 2601 1032 2670 τοίωτέροις
1091 2601 1485 2651 πιστεύουσιν·
1538 2600 1598 2650 οὐ
1647 2597 1756 2668 γὰρ
1807 2600 1916 2657 τοῖς
1959 2595 2314 2667 Ἀῥραὅικοῖς

746 2695 926 2761 prium;
975 2691 1266 2760 ἁρκοῦντες
1316 2692 1426 2762 (85)
1479 2691 1730 2756 κανόσιν,
1785 2692 1850 2742 ἐκ
1909 2689 1998 2741 τοῦ
2066 2687 2312 2755 Μωαμὲο

747 2786 1067 2854 αἳμργμένοις,
1116 2785 1252 2837 ἀλλὰ
1306 2785 1516 2841 πολλοῖς
1553 2786 1648 2836 καὶ
1682 2784 1864 2846 ἄλλοις
1899 2781 2312 2852 προσχρῶνται.

747 2877 933 2930 Ταῦτά
970 2894 1029 2930 τε
1062 2873 1156 2929 οὖν
1192 2875 1377 2944 σαφῶς
1427 2874 1722 2940 ἐκδίδαξον,
1751 2875 1844 2929 καὶ
1897 2875 2056 2942 εἴπερ
2086 2866 2198 2925 οἷόν
2254 2889 2311 2923 τε

741 2972 867 3033 τοὺς
895 2971 993 3039 τῆς
1021 2970 1369 3040 ψηφοφορίας
1401 2970 1633 3028 κανόνας
1655 2967 1818 3032 (οὕτω
1836 2968 1890 3020 δὲ
1913 2967 1980 3020 τὰ
2001 2965 2311 3037 παραγγέλ-

749 3079 895 3131 ματα
941 3061 1034 3114 τοῦ
1086 3061 1436 3130 ψηφηφορεῖν
1473 3059 1702 3112 καλοῦσι
1760 3061 1996 3122 Λατῖνοι)
2057 3059 2313 3110 κέλευσον

748 3153 1224 3222 μετεγγραφέντας
1262 3153 1525 3220 σταλῆναί
1564 3169 1677 3222 μοι,
1734 3151 1810 3214 ὡς
1847 3151 1914 3203 ἂν
1941 3150 2047 3219 ἔχω
2093 3149 2312 3211 τούτους

744 3247 858 3306 τοῖς
886 3246 1114 3298 ἐκείνων
1150 3242 1510 3313 παραϐαλεῖν.
1551 3243 1745 3311 Ἡμεῖς
1775 3243 1883 3311 γὰρ
1905 3241 2081 3311 ἄκρῳ,
2125 3240 2184 3290 τὸ
2215 3239 2306 3290 τοῦ

743 3335 934 3402 λόγου,
965 3335 1286 3405 γεγευμένοι
1319 3334 1566 3404 δακτύλῳ
1598 3333 1698 3401 τῆς
1751 3332 1964 3399 κλεινῆς
2000 3331 2312 3398 ἐπιστήμης

746 3427 1058 3498 φλεγόμεθα
1101 3428 1198 3498 μὲν
1232 3427 1474 3488 πλείονος
1499 3426 1808 3494 ἐφιέμενον
1844 3422 1918 3492 τῷ
1943 3439 2005 3489 γε
2044 3422 2149 3491 μὴν
2177 3423 2314 3474 ἁπο-

751 3523 863 3587 ρεῖν
894 3520 1135 3590 βιϐλίων,
1190 3517 1568 3587 ἐκκρουόμεοα
1629 3515 1723 3568 τοῦ
1758 3513 1986 3568 σκοποῦ.
2030 3513 2182 3566 Ἐπεὶ
2218 3512 2313 3565 οὖν

745 3614 938 3677 ἔγνως,
975 3606 1020 3662 ὦ
1045 3610 1342 3677 θαυμάσιε,
1368 3610 1434 3661 τὰ
1467 3607 1588 3660 κατ’
1644 3607 1764 3675 ἐμὲ,
1795 3605 1887 3656 καὶ
1933 3606 2056 3657 ὅτου
2087 3604 2312 3672 δεοίμην

746 3704 992 3772 ἀκριϐῶς
1023 3699 1179 3756 οἷσοα
1208 3701 1476 3774 δήπουθεν
1503 3717 1517 3731 ⁸
1549 3701 1640 3753 σὺν
1676 3701 1854 3752 τοίνυν
1888 3699 2046 3768 ἔργον
2076 3698 2199 3768 ἤδη,
2230 3699 2314 3750 ὅτι

745 3799 837 3848 καὶ
867 3797 1049 3849 δέναιο
1085 3795 1303 3864 βοηθεῖν
1333 3794 1476 3846 οὕτω
1524 3794 1710 3864 πόρρω
1740 3809 1799 3858 ΥΤ·
1838 3790 2129 3860 ἱδρυμένῳ,
2192 3790 2315 3842 ἐπεὶ

745 3894 856 3952 τοῖς
887 3907 945 3941 τε
970 3891 1081 3946 (84)
1109 3886 1470 3956 συμπολίταις
1503 3885 1638 3955 πρὸς
1673 3885 1819 3938 ἅπαν
1852 3885 2063 3954 ἀρκεῖς.
2106 3883 2312 3954 Ἐρῤω-

749 3987 910 4050 μένος
968 3979 1252 4049 διαϐιῴης.
1323 3981 1351 4031 ὁ
1399 3979 1497 4047 τῆς
1554 3977 1799 4039 Ἐλλέιξος
1842 3975 2136 4044 ὀξυδορκὴς
2201 3973 2312 4044 (85)

745 4070 1044 4138 ὀφθαλμὸς,
1093 4068 1364 4136 ὁσημέραι
1399 4067 1511 4129 τοῖς
1571 4063 1925 4134 ὑψηλοτέροις
1982 4062 2312 4130 προϐαίνων,

749 4163 843 4214 καὶ
874 4162 997 4222 τοὺς
1045 4160 1196 4214 κάτω
1245 4157 1534 4228 κειμένους
1573 4157 1707 4226 πρὸς
1747 4154 1972 4208 σεαυτὸν
2013 4154 2316 4224 ἐφελκόμε-

748 4273 858 4313 νθςο

781 4342 1031 4410 Georgius
1063 4339 1310 4407 Lapithes
1341 4337 1630 4405 Nicephoro
1664 4337 1949 4408 Gregorce;
1994 4353 2056 4392 ea:
2084 4336 2276 4407 Cypro.

819 4435 981 4486 Aiunt
1035 4434 1233 4503 physici
1280 4448 1555 4498 corporum
1603 4432 1966 4492 impressiones
2009 4447 2068 4483 eo
2098 4431 2315 4484 ulterius

2409 594 2542 646 quas
2596 578 2896 646 ingeniosus
2926 576 3239 641 Aristoteles
3276 587 3449 630 rectas
3504 589 3553 631 et
3617 578 3697 630 his
3753 579 3980 629 diversas

2410 677 2564 721 acute
2610 669 2948 736 excogitavit,
3007 678 3120 725 aut.
3157 677 3214 720 ut
3274 669 3443 721 verius
3497 669 3694 730 dicam,
3729 670 3982 737 profundo

2410 769 2617 810 naturte
2653 759 2774 811 sinu
2807 759 3018 811 abditas
3053 760 3377 828 inrestigavit
3404 775 3409 779 '
3435 771 3483 812 et
3525 761 3577 812 iu
3601 770 3842 827 apertum
3869 775 3984 827 pro-

2411 847 2574 912 tulit),
2601 849 2656 900 in
2685 850 2774 910 iis,
2805 849 3045 919 inquam,
3073 851 3220 920 fama
3268 861 3319 904 te
3369 867 3473 904 non
3504 853 3820 905 mediocrem
3848 867 3982 920 prat-

2410 939 2576 992 dicat.
2610 939 2811 992 Eadem
2844 941 2896 992 in
2923 942 3290 1010 cognoscendis
3323 943 3476 995 rebus
3529 943 3888 1003 naturalibus,
3937 953 3983 995 et

2411 1033 2550 1102 quod
2608 1033 2784 1102 majus
2821 1035 2875 1086 in
2907 1050 2964 1087 eo
2996 1036 3138 1100 quod
3189 1044 3286 1094 est.
3339 1046 3596 1105 quatenus
3629 1046 3724 1093 est.
3755 1047 3984 1089 contem-

2409 1125 2606 1191 planda
2633 1136 2681 1180 et
2710 1129 3186 1190 comprehendendo
3215 1144 3460 1199 sagacem
3484 1129 3712 1182 clamat:
3743 1129 3983 1194 denique,

2411 1219 2548 1272 velut
2575 1221 2952 1289 pretiosissima
2994 1237 3208 1281 corona.
3235 1222 3467 1275 scientiis
3506 1231 3662 1274 ornat
3689 1226 3985 1274 mathema-

2414 1311 2552 1372 ticis;
2583 1328 2643 1364 ca
2676 1313 2990 1378 prcesertim,
3028 1328 3148 1382 quat
3194 1325 3273 1365 est
3312 1314 3545 1365 omnium
3599 1329 3752 1378 apex.
3787 1313 3984 1365 intenta

2415 1419 2598 1470 nempe
2633 1404 2965 1472 explicandis
3018 1405 3242 1458 motibus
3291 1417 3339 1458 et
3398 1406 3672 1458 virtutibus
3708 1423 3982 1474 corporum

2412 1505 2663 1564 perpetuo
2687 1506 2830 1550 motu
2855 1498 3196 1566 agitatorum.
3233 1495 3363 1551 Haec
3393 1505 3456 1550 de
3491 1507 3542 1551 te
3585 1499 3791 1566 quidem
3820 1499 3982 1568 fama.

2413 1589 2497 1641 cui
2525 1589 2606 1658 fas
2641 1590 2851 1642 credere
2881 1599 2976 1642 est.
3037 1588 3104 1642 At
3151 1598 3230 1652 ιιι,
3283 1590 3364 1642 vir
3392 1590 3728 1652 admirande,
3779 1591 3984 1650 quando

2413 1680 2625 1749 eﬂ‘ecisti
2656 1690 2712 1733 ut
2746 1697 2888 1734 mens
2916 1690 3006 1734 tua
3042 1683 3136 1734 toti
3186 1679 3466 1735 Musarum
3497 1681 3654 1733 choro
3686 1681 3821 1734 velat
3856 1691 3984 1733 tem-

2413 1770 2557 1838 plum
2591 1777 2816 1839 pateret,
2846 1770 3252 1840 cogitationibus
3279 1771 3382 1824 tuis
3432 1770 3637 1830 beatus,
3669 1770 3827 1822 habes
3855 1769 3987 1821 unde

2412 1860 2485 1914 sis
2522 1860 2668 1930 felix.
2700 1859 2964 1925 Quoniam
3000 1869 3174 1914 tamen
3241 1861 3442 1920 animo,
3504 1860 3693 1913 divinis
3725 1859 3986 1928 speciebus

2413 1953 2719 2021 informata,
2749 1955 2803 2007 id
2829 1955 2966 2024 quod
2991 1954 3207 2007 scientia
3236 1961 3332 2016 est,
3383 1953 3547 2005 multo
3578 1954 3718 2018 prius
3747 1952 3986 2005 rolanta-

2415 2055 2518 2099 tem
2555 2056 2754 2099 rectam
2784 2048 3070 2101 accessisse
3091 2063 3193 2114 par
3225 2057 3300 2101 est
3331 2047 3589 2100 arbitrari
3623 2046 3767 2115 (nam
3799 2063 3860 2098 ea
3914 2055 3986 2098 est

2413 2137 2573 2207 plane
2611 2153 2857 2207 expressa
2883 2139 3150 2208 prototgpi
3172 2139 3364 2198 virtus.
3395 2154 3486 2190 nec
3516 2138 3640 2189 boui
3672 2137 3831 2189 ullius
3860 2153 3984 2204 par-

2413 2232 2573 2300 ticeps
2607 2232 2889 2302 quisquam
2927 2248 3037 2285 esse
3064 2232 3319 2293 creditur,
3377 2231 3466 2297 qui
3507 2230 3706 2282 invidia
3739 2229 3985 2296 laboret),

2414 2325 2466 2376 in
2502 2325 2554 2376 id
2581 2333 2629 2376 te
2653 2340 2857 2377 summa
2884 2324 3084 2390 studio}
3119 2332 3320 2391 oportet
3377 2323 3694 2383 incumbere,
3748 2333 3804 2374 ut
3837 2323 3987 2374 simi-

2417 2417 2487 2469 les
2514 2417 2589 2468 tui
2619 2433 2773 2484 quam
2830 2415 3085 2484 plurimos
3114 2416 3349 2484 quotidie
3387 2415 3604 2482 efficias.
3669 2414 3840 2484 Atque
3895 2415 3989 2467 hoc

2417 2519 2471 2560 tu
2515 2509 2700 2559 melius
2753 2508 2862 2572 ipse
2891 2523 3051 2576 quam
3083 2505 3221 2559 alius
3255 2507 3532 2575 quisquam
3586 2504 3920 2574 philosotihar
3943 2523 3986 2562 s.

2416 2616 2534 2652 cum
2570 2599 2876 2666 benefacere
2904 2615 3061 2668 quam
3085 2598 3219 2666 affici
3252 2597 3499 2664 bene/icio
3529 2598 3870 2661 praestantius
3903 2597 3989 2648 di-

2415 2693 2690 2760 viniusque
2718 2707 2827 2743 esse
2852 2690 3068 2748 statuis.
3101 2683 3227 2742 Mihi
3260 2698 3465 2750 autem,
3496 2690 3587 2754 qui
3610 2704 3790 2740 earum
3817 2703 3991 2740 rerum

2416 2783 2600 2850 quibus
2629 2781 2871 2834 abundas
2892 2782 2966 2833 ita
2987 2796 3100 2833 sum
3132 2787 3402 2848 appetens,
3433 2789 3487 2831 ut
3516 2781 3699 2846 fornice
3729 2781 3951 2830 materia
3973 2817 3988 2840 ,

2419 2888 2479 2924 ne
2504 2888 2765 2941 grav.r.s,
2818 2886 3011 2942 quttso,
3047 2858 3356 2937 respondere
3390 2885 3557 2938 pauca
3618 2852 3728 2922 haec
3761 2870 3989 2921 interro-

2417 2964 2602 3032 ganti:
2634 2980 2860 3031 quarum
2893 2962 3194 3014 tabularum
3244 2976 3336 3027 ope
3376 2977 3619 3014 numeros
3668 2961 3994 3013 astronomi-

2416 3071 2499 3109 σεδ
2529 3063 2833 3121 computare
2855 3052 3023 3106 soleas
3049 3068 3064 3114 ;
3089 3068 3383 3121 qutvnam'a
3404 3063 3451 3106 te
3474 3061 3741 3120 ponantur
3761 3053 3990 3118 epocha',

2418 3158 2464 3201 et
2509 3147 2719 3216 quando
2768 3161 2840 3198 ea-
2872 3146 3100 3214 primum
3133 3146 3315 3212 positce
3374 3146 3604 3214 fuerint,
3636 3155 3888 3212 quantum
3925 3144 3990 3194 ab

2415 3241 2522 3292 illis
2573 3241 2777 3307 epochis
2830 3237 3061 3291 adhunc
3114 3237 3252 3288 diem
3298 3253 3457 3304 usque
3501 3245 3702 3302 tempus
3753 3237 3990 3303 fluxerit.

2419 3328 2602 3397 Neque
2657 3328 2796 3381 cnim
2849 3337 2976 3395 puto
3008 3335 3056 3378 te
3085 3326 3165 3377 uti
3204 3322 3566 3383 I’tolemaicis,
3603 3337 3718 3390 qum
3749 3331 3992 3374 exactam

2416 3422 2691 3476 veritatem
2723 3421 2872 3489 longo
2907 3428 3135 3488 tempore
3159 3420 3472 3471 amiserunt.
3506 3414 3642 3470 Item
3671 3416 3757 3470 cui
3785 3417 3993 3471 auctori

2414 3515 2595 3582 credas
2626 3514 2679 3565 in
2705 3511 2923 3581 judiciis
2956 3510 3304 3579 astrologicis,
3357 3508 3707 3562 Ptolemceone
3762 3508 3885 3566 soli.
3921 3525 3991 3560 an

2417 3615 2465 3660 et
2497 3605 2594 3658 alii
2650 3605 2904 3673 cuipiam.
2944 3603 3085 3655 Nam
3119 3601 3270 3665 Itali,
3312 3601 3617 3670 quibuscum
3671 3600 3818 3652 nobis
3846 3601 3993 3653 sedes

2421 3698 2712 3750 communis
2741 3695 2947 3764 obtigit,
2979 3703 3162 3747 neutra
3215 3695 3268 3746 in
3319 3702 3492 3760 parte,
3525 3708 3617 3744 uec
3669 3693 3722 3744 in
3756 3692 3996 3760 specula-

2417 3791 2576 3852 tione,
2611 3804 2703 3840 nec
2732 3791 2787 3840 in
2833 3788 3009 3856 praxi,
3043 3786 3382 3840 Ptolemtvutu
3430 3788 3611 3838 ducent
3660 3795 3996 3854 sequuntur;

2417 3881 2508 3932 scd
2573 3879 2941 3933 recentioribus
2991 3887 3047 3931 ut
3104 3879 3390 3946 plurimum
3445 3877 3848 3930 adha'rescunt:
3903 3893 3995 3929 nec

2419 3974 2647 4026 contenti
2673 3973 2892 4035 tabulis,
2917 3989 3034 4043 qua:
3062 3990 3093 4025 a
3131 3971 3497 4026 Mohammede
3523 3971 3733 4023 initium
3769 3971 3994 4033 ducunt,

2419 4065 2600 4118 multis
2635 4074 2892 4132 prazterea
2956 4063 3074 4118 aliis
3129 4073 3372 4116 utuntur.
3435 4062 3560 4116 IIa’c
3596 4072 3652 4115 tu
3709 4061 3796 4130 fac
3854 4072 3998 4114 certo

2416 4157 2614 4211 sciam:
2648 4173 2710 4209 ac
2734 4157 2777 4208 si
2798 4157 2914 4225 ﬁeri
2936 4165 3122 4218 potest,
3147 4157 3305 4208 etiam
3330 4153 3626 4222 Psephoriaz
3647 4152 3854 4221 regulas
3880 4152 3996 4222 (86)

2420 4248 2516 4319 (ita
2549 4247 2732 4301 Latini
2763 4256 2946 4301 vocant
2977 4256 3235 4316 prazcepta
3271 4245 3633 4314 computandi)
3660 4244 3786 4310 jube
3815 4245 3884 4295 ad
3917 4260 4000 4296 me

2421 4345 2769 4406 transcriptas
2821 4341 2982 4402 mitti,
3052 4349 3108 4392 ut
3162 4341 3295 4392 istas
3360 4339 3551 4407 possim
3607 4353 3724 4390 cum
3777 4336 3999 4388 illorum

2421 4433 2610 4503 regulis
2626 4433 2880 4502 conferre.
2897 4430 3104 4486 Scilicet
3125 4447 3238 4495 nos,
3261 4431 3363 4500 qui.
3381 4429 3697 4497 pratclaram
3717 4427 3999 4479 scientiam

749 4525 1012 4594 progredi,
1049 4541 1149 4591 quo
1181 4540 1264 4577 ea.
1297 4538 1413 4592 qua!
1441 4523 1542 4576 vim
1582 4525 1908 4590 imprimunt,
1961 4522 2218 4589 majorem
2266 4524 2317 4575 in
2351 4533 2394 4590 υ
2421 4538 2675 4586 extremo,
2711 4537 2764 4575 ut
2791 4524 2968 4586 aiunt,
2997 4523 3161 4592 digito
3211 4521 3496 4574 delibatam
3530 4517 3878 4590 gustavimus,
3912 4517 3998 4567 iu-

748 4637 803 4670 se
829 4620 1067 4670 virtutem
1108 4615 1320 4669 habent.
1353 4615 1540 4682 Itaque
1579 4614 1651 4664 uit
1688 4611 1879 4666 mirum
1912 4617 1962 4682 (ο
1990 4615 2134 4677 mihi,
2159 4616 2320 4666 etiam

748 4714 905 4765 istinc
952 4710 1154 4773 procnl,
1210 4708 1457 4763 dlectum
1503 4712 1705 4775 caput),
1776 4707 1914 4775 quod
1964 4722 2079 4758 cum
2140 4715 2321 4758 tantus

747 4803 857 4869 ipse
911 4801 1003 4860 sis,
1065 4799 1183 4850 inde
1237 4813 1398 4864 usque
1461 4812 1552 4848 nos
1609 4795 1851 4849 irradies.
1894 4794 2100 4848 Etenim
2151 4795 2320 4864 fama,

746 4907 903 4958 quant
939 4899 1103 4958 poeta:
1131 4889 1284 4940 deum
1326 4886 1548 4956 fingunt,
1579 4885 1724 4940 ultra
1757 4902 1847 4938 nos
1876 4900 2078 4954 quoque
2101 4894 2323 4936 conatur

747 4992 795 5036 te
831 4982 1146 5050 provehere;
1179 4996 1240 5032 ac
1269 4980 1322 5031 in
1370 4980 1538 5046 ipsam
1593 4978 1801 5032 Indiam
1856 4985 2171 5045 penetraret.
2210 4976 2314 5028 nisi

743 5092 869 5145 gens
905 5076 1131 5129 barbara
1165 5073 1560 5140 importunitate
1585 5088 1682 5124 sua
1723 5069 1863 5122 illius
1887 5085 2030 5122 voces
2051 5068 2315 5137 frangeret

746 5185 812 5221 ac
847 5169 1168 5222 retunderet.
1199 5166 1363 5219 I’orro
1396 5174 1444 5218 te
1475 5165 1647 5233 fama,
1679 5164 1759 5217 vir
1787 5162 2000 5232 optimc,
2062 5169 2315 5246 accgrata

744 5258 1216 5327 grammaticorum
1279 5266 1398 5309 arte
1448 5263 1806 5326 pra'stantem.
1857 5253 2061 5306 dicendi
2092 5254 2240 5322 copia
2268 5261 2315 5306 et

744 5349 1013 5418 elegantia
1049 5349 1468 5416 pra'stantiorem
1499 5347 1681 5400 cauit:
1717 5347 1770 5398 in
1799 5344 2086 5399 dialecticis
2117 5345 2316 5415 captio-

817 5529 931 5600 (79)
971 5529 1051 5583 An
1081 5527 1288 5597 βέλτιον
1323 5526 1486 5589 αὐτὸς
1519 5524 1718 5590 παντὸς
1745 5525 1766 5579 ἳ

819 5602 932 5669 (80)
968 5603 1046 5652 An
1081 5600 1394 5668 ὲφιεμένῳῖ

821 5671 933 5740 (81)
965 5669 1106 5740 Lego
1136 5670 1382 5739 ἐκτίοης,
1412 5669 1657 5739 πόέείσον.

819 5743 1047 5808 (82)::1.

817 5815 928 5873 (85)
968 5811 1112 5866 Fort.
1147 5810 1461 5866 ἀσκοῦνται.

2418 4614 2695 4668 ceudimur
2732 4616 2943 4684 quidem
2971 4615 3225 4668 desiderio
3253 4613 3408 4682 plura
3445 4613 3680 4666 discendi
3705 4627 3723 4674 ,'
3756 4620 3811 4664 at
3870 4611 4000 4679 quia

2421 4708 2566 4761 libris
2590 4724 2853 4767 caremus,
2883 4708 2999 4760 ideo
3029 4707 3148 4760 inde
3178 4706 3499 4774 repellimur,
3528 4720 3629 4774 quo
3665 4704 3998 4771 aspiramus.

2423 4798 2636 4869 Itaque,
2665 4799 2744 4853 vir
2769 4781 3221 4868 prwstatttissittte,
3253 4812 3368 4867 qua:
3395 4797 3500 4849 sint
3540 4811 3654 4848 mea
3699 4795 3880 4847 studia
3916 4794 4000 4844 in-

2423 4889 2638 4960 telligis,
2679 4901 2835 4960 atque
2862 4892 2992 4944 adeo
3025 4889 3152 4960 quid
3177 4890 3244 4942 sit
3279 4904 3380 4957 quo
3411 4888 3670 4956 indigeam
3731 4885 4004 4950 explorate

2421 4983 2708 5053 cognoscis.
2766 4983 2932 5036 Tuum
2956 4991 3034 5035 est
3063 4982 3249 5052 igitur,
3305 4981 3442 5050 quod
3477 4981 3530 5033 in
3574 4988 3623 5038 te
3668 4978 3788 5040 erit,
3845 4977 4001 5034 mihi,

2424 5078 2514 5146 qui
2541 5077 2921 5130 remotissimus
2950 5077 3100 5146 dego,
3158 5092 3306 5142 apem
3336 5076 3473 5144 ferre
3499 5090 3517 5137 ;
3571 5070 4001 5138 quandoquiduu

2423 5164 2494 5217 ad
2519 5165 2696 5218 omnia
2747 5165 2942 5218 civibus
2989 5166 3092 5218 tuis
3146 5180 3284 5217 unus
3329 5163 3536 5231 sufficis.
3599 5160 3718 5214 Vive
3765 5169 3811 5210 et
3861 5157 3999 5216 vale,

2423 5257 2638 5312 Crazcia:
2661 5257 2834 5310 lumen
2864 5256 3447 5314 clarissimumutltius
3498 5253 3734 5324 quotidie
3777 5267 3999 5321 nrogre-

2422 5350 2562 5414 dere,
2596 5358 2643 5402 et
2691 5365 2776 5403 eos
2807 5352 2895 5420 qui
2926 5350 3064 5419 infra
3093 5349 3272 5418 jacent
3303 5348 3372 5400 ad
3400 5356 3447 5402 te
3471 5349 3640 5416 ipsutu
3667 5347 3895 5399 attrahe.

2497 5527 2609 5610 ςξί)
2643 5545 2726 5610 γε·

2497 5601 2608 5666 (35)
2642 5599 2955 5669 ὀξυδερκής.

2498 5665 2608 5737 (86)
2647 5665 3296 5741 Εχϐιωιέιιψηφοφορία.
3355 5669 3529 5740 Atque
3580 5666 3708 5723 hinc
3767 5665 4002 5722 fumasse

2431 5740 2626 5810 Siphra
2657 5757 2753 5795 sou
2785 5741 2965 5810 (Σίρι-ιι.
