4214 6450
227 362 275 427 61
1231 361 1642 423 NICEPHOR]
1689 361 2071 422 GREGQRE
2119 367 2420 427 ELOGIA.

288 475 348 529 11.
392 476 556 529 Κατὰ
591 474 709 527 τῶν
728 474 835 528 τοῦ
863 473 1138 543 Γρηγορᾶ
1170 476 1532 544 ληρημάτων
1567 475 1704 539 (87).

297 565 352 618 ’0
385 567 442 618 δὲ
474 566 778 633 σοφώτατος
801 564 837 616 Γ
845 568 1102 632 ρηγορᾶς,
1129 564 1320 636 ὥσπερ
1345 568 1444 620 οὐκ
1475 567 1784 636 ἀρκούντων

236 655 369 723 αὐτῷ
397 655 506 708 τῶν
536 655 843 717 Βυζαντίων
876 656 954 716 εἰς
987 652 1194 722 θαῦμα,
1230 657 1323 707 καὶ
1352 655 1785 717 Θεσσαλονικέας

230 747 401 812 ὲνάγει
432 747 569 815 πρός
614 745 742 807 τοὺς
800 746 1002 813 ὕμνους
1040 746 1164 806 τοὺς
1215 745 1432 808 ἑαυτοῦ,
1488 745 1788 814 γράμματα

228 839 458 904 πέμπων
482 839 575 889 καὶ
623 840 954 905 προσκυνεῖν
1017 838 1239 902 μονονοὺ
1275 838 1534 901 κελεύων,
1585 839 1786 906 ἄνδρας

226 929 533 998 ἐλευθέρους
558 930 654 980 καὶ
697 929 861 996 μηδὲν
909 929 1114 990 εἰδότας
1176 928 1208 989 ἢ
1241 930 1421 993 λέγειν
1460 929 1491 994 ἦ
1524 929 1788 996 πράττειν

230 1023 356 1088 πρὸς
414 1021 610 1090 ἡδονὴν
639 1019 816 1073 οὐδενί
850 1059 864 1074 .
895 1059 909 1074 .
944 1057 958 1073 .
991 1056 1006 1071 .
1038 1058 1051 1071 .
1089 1058 1103 1072 .
1139 1018 1421 1087 Θαυμάξω
1451 1020 1508 1072 δὲ
1546 1019 1786 1088 πρῶτον,

228 1115 270 1165 εἰ
297 1113 395 1182 τὴν
431 1114 678 1178 γλῶτταν
704 1112 939 1178 ἠγνόησε
979 1110 1074 1163 τοῦ
1116 1109 1431 1178 θαυμαστοῦ
1461 1109 1789 1163 Θεσσαλονί-

230 1222 343 1272 κης,
378 1207 474 1256 καὶ
510 1204 572 1255 τὸ
607 1203 737 1272 παρ’
774 1203 988 1268 ἐκείνης
1021 1202 1138 1256 κατ’
1186 1202 1350 1255 αὑτοῦ
1412 1203 1524 1272 πῦρ
1548 1217 1562 1231 ⁶
1597 1202 1790 1256 ἔπειτα

227 1300 269 1350 εί
304 1295 671 1365 προσεδόκησε
726 1295 1361 1364 παρὰθεσσαλονικέων
1411 1294 1586 1356 καλῶς
1625 1295 1789 1348 ἀκού-

233 1405 350 1441 σαι·
383 1389 435 1441 οἶ
472 1388 813 1458 φαυλότατόν
841 1404 900 1440 τε
937 1387 1125 1449 αὐτὸν,
1158 1387 1259 1440 οὐκ
1281 1383 1381 1440 οἷδ’
1408 1386 1580 1450 ὅπως,
1621 1388 1788 1441 πάλαι

231 1480 455 1548 ἡγοῦντο
495 1482 594 1546 τὴν
628 1483 702 1542 εἰς
735 1479 931 1547 λόγους
982 1478 1236 1544 δύναμιν,
1293 1478 1360 1549 ἢν
1394 1478 1788 1546 ἐπαγγέλλεται

230 1571 475 1624 τοσοῦτον
520 1572 620 1640 ἥδη
653 1572 844 1642 χρόνον
872 1589 886 1602 ·
941 1573 1032 1624 καὶ
1067 1570 1161 1623 νῦν
1190 1571 1316 1638 περὶ
1363 1569 1453 1621 τὸν
1478 1569 1632 1629 Θεὸν,
1664 1571 1790 1622 ἀσε-

227 1665 291 1732 ϐῆ
314 1703 329 1718 .
361 1703 377 1718 .
409 1703 423 1716 .
454 1702 470 1716 .
502 1701 519 1714 .
553 1663 661 1716 Καὶ
703 1663 764 1716 τὸ
798 1662 1086 1730 σύνταγμα
1121 1662 1323 1729 πολλήν
1360 1678 1481 1714 τινα
1538 1660 1789 1731 καταψη-

227 1757 437 1823 φίζεται
499 1755 671 1826 ζάλην
700 1756 803 1825 τῆς
830 1753 1097 1823 τεκούσης
1131 1754 1396 1823 κεφαλῆς,
1423 1757 1519 1808 καὶ
1542 1749 1656 1805 οἷον
1685 1753 1791 1806 δεῖ-

230 1851 306 1914 ξαι
340 1849 547 1911 ἱκανῶς
574 1849 668 1902 τὸν
703 1855 943 1916 πατέρα,
978 1847 1183 1916 θερμὸν
1210 1846 1263 1898 δὲ
1294 1847 1514 1914 κινῆσαι
1554 1846 1786 1912 γέλωτα.

229 1941 447 2009 Πρῶτον
491 1940 592 2008 μὲν
627 1940 733 2010 γὰρ
755 1941 847 1992 καὶ
871 1937 1000 1991 αὐτὸ
1028 1936 1266 2005 τοῦνομα
1302 1936 1396 1988 τοῦ
1427 1940 1792 2008 συγγράμμα-

225 2049 306 2094 τος
344 2033 647 2097 ἀγνοεῖται,
701 2034 795 2084 καὶ
846 2031 874 2083 ὃ
929 2047 982 2082 τι
1016 2030 1098 2082 δεῖ
1161 2027 1352 2080 καλεῖν
1406 2028 1505 2080 οὐκ
1572 2029 1789 2097 ἔχομεν,

223 2123 406 2192 ὥσπερ
438 2123 546 2175 τῶν
578 2124 728 2193 παρὰ
752 2121 913 2192 φύσιν
945 2121 1304 2191 γεννωμένων
1333 2161 1346 2175 .
1375 2162 1388 2175 .
1419 2161 1431 2174 .
1461 2161 1474 2173 .
1510 2163 1522 2174 .
1557 2123 1790 2174 Ἔπειτα

223 2219 309 2269 καὶ
344 2219 503 2279 εἴτις
527 2217 816 2284 ἀνάσχοιτο
865 2215 1006 2267 κατὰ
1038 2214 1200 2283 μέρος
1224 2215 1515 2280 δπελθεῖν,
1547 2213 1607 2266 τὺ
1644 2214 1792 2282 Ἀρι-

225 2306 521 2374 ποφὰνους
575 2306 752 2356 ἐκεῖνο
808 2303 1026 2370 βοήσειο
1078 2304 1209 2358 Δότε
1267 2321 1358 2370 μοι
1412 2301 1664 2367 λεκάνην,
1723 2302 1790 2353 ἶν’

225 2400 426 2467 ἑμέσω.
458 2397 743 2467 Τοσαύτης
769 2397 928 2465 γέμει
964 2397 1062 2465 τῆς
1089 2397 1281 2466 ἀηδίας
1306 2412 1321 2427 ο
1355 2397 1450 2448 καὶ
1483 2392 1625 2446 οὕτω
1659 2410 1790 2444 παν-

226 2493 428 2560 τοδαπή
480 2492 563 2553 τίς
612 2492 728 2543 ἐστι
782 2491 875 2543 καὶ
941 2488 1159 2558 ποικίλη
1208 2487 1392 2542 κακῶν
1425 2489 1566 2556 φορά.
1598 2525 1611 2538 .
1639 2523 1654 2537 .
1691 2527 1702 2540 .
1737 2523 1788 2539 ..

231 2585 439 2654 Ἐᾳυτᾷ
467 2585 525 2636 δὲ
554 2584 696 2636 πάνυ
733 2581 1025 2651 ἀγροίκως,
1045 2582 1322 2648 ἀφανίζων
1350 2578 1439 2631 τὸν
1469 2581 1598 2648 περὶ
1623 2576 1792 2630 ταῦτα

225 2680 451 2747 κνῗσμον,
488 2677 586 2729 καὶ
615 2677 712 2727 οὐκ
742 2673 938 2745 ᾐδέσθη
966 2674 1064 2742 τὴν
1095 2665 1517 2742 ὲττωνυμίαν,ἧς
1548 2671 1796 2722 κοινωνεῖ

222 2773 330 2832 τοῖς
393 2769 710 2837 φιλοσόφοις
949 2766 1111 2817 Ἀλλὰ
1177 2765 1344 2819 τᾶλλα
1411 2764 1794 2833 μιμησάμενος

229 2861 518 2920 Πλάτωνα,
553 2861 635 2912 ὅτι
675 2877 732 2911 τε
765 2858 1047 2925 διαλόγους
1079 2859 1144 2909 τὰ
1173 2859 1584 2926 συγγράμματα
1618 2854 1790 2915 καλεῖ,

226 2954 318 3005 καὶ
342 2954 428 3003 ὅτι
467 2951 549 3013 τὸ,
583 2947 627 3003 ὦ
676 2953 880 3018 ἑταῖρε,
918 2951 1011 3002 καὶ
1040 2949 1119 3011 τὸ,
1154 2949 1298 3017 μάλα
1357 2946 1530 3016 μόλις,
1586 2948 1677 2997 καὶ
1713 2946 1793 3007 tu,

523 3035 547 3054 τ’

222 3046 316 3111 οὐχ
345 3042 484 3110 ἕπῃ,
517 3036 560 3093 ὦ
615 3043 821 3108 ἑταῖρε,
871 3041 1048 3095 καὶτὰ
1089 3039 1314 3091 τοιαῦτα
1349 3039 1603 3107 συνείρει,
1640 3036 1795 3089 τοῦτο

3382 365 3456 430 62

1811 478 1850 528 Α
1881 485 2112 546 gratiam
2165 481 2537 550 aucupandam
2569 497 2658 534 seu
2696 479 2870 533 dicere
2912 498 3001 535 seu
3043 481 3220 552 facere
3253 481 3456 535 didice-

1890 585 2032 635 runt.
2087 586 2188 628 etc.
2237 575 2476 628 Primum
2533 573 2664 629 illud
2716 576 2898 632 miror.
2961 574 3098 642 quod
3151 571 3461 626 admirandi

1891 665 2426 719 Thessalonicensiurn
2458 666 2709 718 antistitis
2741 666 2980 734 linguam
3018 674 3066 717 et
3103 667 3269 735 ignem
3301 665 3356 717 in
3404 679 3461 718 se

1890 759 2008 810 inde
2037 768 2394 823 erumpentem
2419 757 2738 826 ignoraverit
2763 775 2779 809 :
2804 767 2914 808 tum
2947 757 3126 815 etiam.
3164 754 3301 823 quod
3339 771 3394 808 se
3423 771 3458 806 a

1890 847 2432 902 Thessalonicensibus
2481 848 2609 902 bene
2646 849 2954 902 auditurum
3004 847 3256 914 sperarit,
3289 846 3378 911 qui
3410 854 3460 898 et

1889 941 2014 994 olim
2055 943 2230 994 nescio
2285 958 2385 1010 quo
2444 943 2553 1010 fato
2606 940 2911 994 vilissimum
2965 956 3081 991 eum
3141 938 3457 1006 habuerunt,

1902 1033 2038 1100 quod
2064 1032 2134 1084 ad
2177 1031 2385 1083 dicendi
2432 1030 2744 1099 facultatem
2786 1029 3053 1091 attineret,
3090 1043 3248 1096 quam
3312 1035 3459 1078 tanta

1884 1124 2002 1192 jam
2052 1132 2281 1188 tempore
2329 1121 2644 1188 proﬁtetur:
2680 1130 2728 1172 et
2781 1120 3027 1172 eumdem
3059 1133 3195 1170 nunc
3247 1118 3312 1169 de
3353 1115 3460 1169 Deo

1891 1215 2030 1266 male
2051 1221 2098 1264 et
2133 1213 2288 1274 impie
2319 1211 2512 1263 sentire
2565 1207 2806 1272 credunt,
2835 1216 2932 1260 etc.
2964 1207 3037 1260 Ac
3087 1205 3219 1258 liber
3251 1204 3460 1273 quidem

1890 1305 2000 1370 ipse
2029 1303 2260 1371 parentis
2307 1303 2390 1354 sui
2420 1310 2579 1368 caput
2630 1315 2820 1368 magna
2861 1299 3090 1367 quadam
3121 1307 3167 1350 et
3205 1296 3461 1349 turbidis-

1889 1399 2022 1452 sima
2053 1396 2282 1464 procella
2320 1395 2580 1463 agitatum
2627 1393 2826 1460 arguit,
2859 1390 2990 1442 adeo
3022 1397 3076 1441 ut
3119 1388 3270 1440 illum
3307 1385 3462 1454 cujus

1890 1490 2024 1558 fetus
2042 1497 2113 1540 est
2171 1487 2304 1539 satis
2333 1483 2583 1546 declaret,
2603 1492 2650 1535 et
2681 1484 2837 1534 risum
2859 1481 3203 1534 vehementem
3233 1487 3457 1531 moveat.

1888 1580 2024 1633 Nam
2057 1579 2228 1647 primo
2255 1577 2430 1645 ejusce
2480 1576 2652 1642 operis
2712 1589 2896 1626 nomen
2929 1573 3188 1624 incertum
3240 1579 3336 1632 est,
3369 1585 3461 1622 nec

1890 1671 2057 1724 ullum
2110 1670 2338 1738 suppetit
2373 1666 2512 1738 quod
2569 1667 2617 1718 ei
2651 1665 2952 1727 conveniat,
2995 1673 3048 1714 ut
3104 1678 3194 1716 nec
3247 1662 3311 1714 iis
3345 1677 3463 1730 quia

1823 1803 1862 1857 Β
1891 1772 2083 1832 prater
2116 1771 2360 1814 naturam
2388 1762 2693 1831 gignuntur.
2719 1767 2821 1810 etc.
2854 1755 3053 1808 Deinde
3079 1743 3313 1823 singulas
3345 1753 3462 1805 libri

1897 1865 2071 1925 partes
2101 1853 2266 1923 legere
2303 1854 2348 1905 si
2371 1851 2485 1921 quis
2514 1860 2586 1902 est
2631 1849 2721 1917 qui
2751 1848 3030 1909 sustineat,
3068 1846 3113 1898 is
3177 1845 3311 1897 illud
3341 1844 3464 1896 Ari-

1898 1949 2174 2018 stophanis
2192 1947 2526 2008 exclamabit,
2557 1944 2686 1997 Date
2717 1941 2913 2012 pelvim
2941 1949 2996 1992 ιιι
3019 1953 3231 1990 vomam
3264 1953 3278 1990 :
3310 1945 3462 1990 tanta

1897 2042 2127 2094 abundat
2167 2037 2474 2100 insulsitas;
2531 2035 2662 2087 adeo
2693 2031 2968 2098 multiplex
3019 2039 3066 2083 et
3124 2030 3270 2082 varia
3333 2029 3465 2079 inest

1897 2132 2166 2186 malarum
2197 2146 2372 2183 rerum
2401 2128 2643 2190 colluvio,
2674 2134 2771 2180 etc.
2820 2124 2916 2178 Est
2957 2132 3132 2176 autem
3167 2123 3222 2174 in
3243 2121 3469 2172 interro-

1897 2224 2071 2294 gando
2110 2224 2322 2276 omnino
2347 2221 2590 2291 agrestis,
2629 2229 2677 2271 et
2721 2218 3002 2286 probatura
3043 2218 3142 2267 hac
3167 2215 3220 2266 in
3256 2229 3311 2266 re
3344 2212 3468 2282 legi-

1899 2320 2182 2384 limumque
2209 2331 2402 2369 morem
2442 2313 2685 2374 sustulit;
2729 2327 2818 2364 nec
2847 2326 2963 2362 eum
2991 2309 3146 2361 subiit
3173 2306 3466 2359 reverentia

1897 2412 2011 2480 ejus
2045 2411 2293 2472 nominis,
2326 2405 2458 2476 quod
2492 2421 2609 2458 cum
2642 2404 2959 2480 philosophis
2987 2416 3256 2454 commune
3290 2398 3474 2461 habet,

1898 2515 1996 2558 etc.
2031 2503 2305 2557 Enimvero
2333 2511 2519 2554 caetera
2555 2478 2835 2551 Platonem
2855 2497 3116 2556 imitatus,
3144 2510 3202 2546 eo
3230 2490 3469 2544 videlicet

1899 2597 2036 2666 quod
2063 2595 2295 2664 dialogos
2326 2601 2460 2646 vocet
2500 2608 2560 2645 ea
2583 2605 2698 2658 qua?
2724 2588 2920 2644 scribit.
2944 2596 2990 2640 et
3013 2585 3150 2655 quod
3181 2583 3274 2637 illa
3309 2581 3469 2654 [Pla-

1899 2691 2006 2741 toni
2041 2682 2351 2757 familiaria]
2383 2678 2429 2736 ὦ
2452 2680 2665 2745 ἑταῖρε,
2693 2677 2860 2746 μάλα
2881 2679 3080 2743 μόλις,
3115 2676 3228 2741 οὐχ
3250 2672 3391 2736 ἕπῃ,
3421 2666 3470 2724 ὦ

1901 2778 2110 2845 ἑταῖρε,
2139 2776 2349 2839 aliaque
2381 2775 2494 2842 ejus
2534 2772 2735 2842 generis
2765 2770 2979 2822 subinde
3018 2775 3197 2818 assuta
3247 2773 3468 2832 repetat,

1901 2872 1993 2924 hoc
2023 2869 2136 2923 solo
2167 2867 2308 2919 haud
2369 2866 2607 2917 imitatus
2660 2871 2756 2924 est,
2783 2871 2881 2914 etc.
2913 2859 3035 2912 Iam
3062 2875 3180 2911 vero
3215 2857 3465 2909 lemmata

1903 2963 2111 3034 egregia
2137 2970 2291 3026 atque
2318 2957 2576 3026 ejusmodi
2593 2964 2730 3016 sunt,
2753 2962 2809 3006 ut
2829 2950 3469 3005 Palamwsilentiumim-

1905 3064 2120 3126 ponant.
2153 3052 2247 3107 Est
2275 3053 2409 3106 enim
2433 3050 2835 3119 unumquodque
2871 3049 3060 3100 lemma
3095 3054 3306 3098 atroxet
3329 3044 3467 3097 mul-

224 3137 386 3202 μόνον
408 3135 512 3184 οὐκ
542 3135 855 3202 ἐμιμήσατο
878 3170 894 3186 .
915 3171 928 3186 .
955 3168 972 3186 .
1002 3170 1017 3186 .
1040 3173 1054 3189 .
1086 3132 1166 3183 Τὰ
1191 3131 1454 3200 λήμματα
1477 3131 1528 3182 δὲ
1552 3132 1795 3198 γενναῖα,

1847 3153 1872 3214 3
1906 3150 2069 3218 tipleJ:
2097 3147 2417 3209 conuitium,
2445 3144 2658 3212 dignum
2705 3140 2900 3193 scilicet
2938 3139 3144 3208 ingenio
3196 3147 3244 3189 et
3299 3146 3469 3189 mente

221 3231 317 3281 καὶ
348 3223 441 3278 οἷα
494 3225 706 3296 σιωπὴν
761 3224 1060 3292 ἐπενέγκαι
1094 3221 1173 3292 τῷ
1227 3222 1488 3290 Παλαμᾷ.
1548 3220 1800 3286 Λοιδορία

223 3325 332 3391 γὰρ
357 3323 462 3376 ἒκα
475 3340 596 3375 στον
628 3322 815 3390 μακρά
843 3337 926 3381 τις
953 3319 1047 3372 καὶ
1072 3316 1393 3387 παντοδαπὴ
1426 3319 1518 3371 καὶ
1545 3315 1646 3386 τῆς
1685 3316 1801 3369 δια-

223 3419 378 3478 νοίας
414 3415 540 3479 ἀξία
578 3413 672 3466 τοῦ
700 3413 994 3482 φιλοσόφου
1023 3428 1038 3442 ·
1077 3411 1134 3474 ὃς
1169 3409 1370 3463 εἰδέναι
1401 3410 1500 3478 μὲν
1532 3408 1802 3476 ἐπαγγέλ-

223 3511 384 3562 λεται
417 3508 483 3560 τά
509 3507 554 3557 τ’
579 3507 730 3568 ὄντα,
767 3505 835 3557 τά
878 3504 925 3556 τ’
955 3504 1208 3573 ἐσόμενα,
1243 3503 1350 3573 πρό
1402 3503 1448 3555 τ’
1475 3503 1651 3555 ἐόντα·
1694 3501 1802 3554 Κειί

224 3603 336 3670 γὰρ
395 3601 494 3653 καὶ
556 3598 933 3668 χρησμολόγος
991 3613 1073 3658 τις
1128 3591 1268 3648 εἷναι
1325 3594 1573 3663 βούλεται
1602 3594 1798 3655 δοκεῖν,

224 3697 319 3748 καὶ
347 3691 637 3745 Χαλδαῐκά
660 3707 780 3742 τινα
818 3688 1077 3758 συιείρει,
1109 3688 1202 3739 καὶ
1231 3685 1432 3754 μύθους
1472 3686 1564 3736 καὶ
1587 3685 1803 3754 ἐπῳδὰς

227 3783 518 3853 πανταχοῦ
547 3786 779 3851 καταχεῖ
801 3783 914 3835 τῶν
942 3781 1137 3847 λόγων.
1185 3781 1242 3832 '0
1273 3780 1449 3831 τοίνυν
1475 3780 1583 3830 πᾶν
1635 3778 1801 3844 μέρος

222 3879 389 3945 λόγου
423 3873 744 3942 συναγαγὼν
763 3874 1028 3942 ἠγνόησεν
1064 3872 1092 3924 δ
1121 3887 1173 3922 τι
1194 3870 1452 3922 καλοῦσιν
1476 3870 1524 3921 οί
1552 3868 1806 3921 ἀποδεικ-

223 3970 449 4028 νύοντες
481 3967 696 4034 λῆμμα,
732 3965 800 4018 ἄν
837 3981 895 4016 τε
947 3962 1177 4030 λογικῶς
1213 3963 1279 4016 ἄν
1309 3976 1368 4012 τε
1403 3957 1805 4029 μαθηματικῶς

226 4055 516 4119 ἀποδεῖξαι
560 4054 652 4124 δέῃ
683 4070 696 4082 ·
736 4051 869 4106 ἀλλὰ
916 4052 1014 4122 τὴν
1067 4051 1335 4122 λοιδορίαν
1367 4051 1560 4120 λῆμμα
1618 4050 1807 4102 ἐκάλε-

228 4168 358 4202 σεν.
384 4184 398 4197 .
430 4189 443 4200 .
476 4189 488 4201 .
525 4149 631 4198 Καὶ
683 4145 1057 4215 ἀστρονομῶν,
1104 4146 1162 4196 ὲν
1217 4142 1442 4213 γλώσσῃ
1494 4144 1590 4210 μὲν
1651 4143 1805 4194 οὐδὲν

230 4247 392 4314 φέρει
434 4243 531 4307 τῆς
580 4242 916 4310 ἐπιστήμης,
962 4239 1212 4309 σφαιρῶν
1261 4239 1318 4289 δὲ
1351 4237 1657 4308 ἐμπίπλησι
1705 4238 1804 4304 τὴν

227 4342 447 4392 οἰκία-θ’
483 4339 576 4390 καὶ
619 4338 794 4389 πάντα
854 4333 1073 4403 βιϐλίων
1116 4334 1273 4400 γέμει
1306 4333 1398 4384 καὶ
1446 4331 1805 4400 διαγραμμά-

230 4446 364 4483 τωνθ
403 4431 500 4482 καὶ
551 4427 854 4496 σκίμποδας
910 4428 1004 4478 καὶ
1043 4425 1272 4494 ὀρόφους
1323 4425 1554 4492 μεστοὺς
1601 4423 1806 4474 ἐπιδεί-

1905 3238 2214 3309 philosOphi,
2246 3237 2411 3306 quise
2439 3245 2485 3287 et
2523 3234 2826 3301 pra'sentia,
2859 3239 2905 3283 et
2939 3231 3142 3300 futura,
3185 3235 3233 3281 et
3277 3239 3472 3295 pra'te-

1905 3333 2009 3385 rita
2049 3331 2178 3384 scire
2235 3328 2514 3398 gloriatur.
2560 3324 2759 3393 Quippe
2812 3333 2862 3376 et
2941 3321 3263 3374 vaticinator
3310 3317 3472 3372 videri

1903 3424 2012 3478 vult
2041 3432 2127 3486 :et
2154 3419 2438 3476 Chaldaica
2491 3416 2733 3486 quazdam
2785 3413 3035 3475 annectit,
3071 3420 3117 3463 ct
3154 3410 3397 3480 fabellas,
3423 3419 3473 3460 et

1904 3515 2147 3567 carmina
2186 3513 2392 3580 magica
2449 3505 2779 3561 orationibus
2837 3505 2945 3557 suis
2971 3503 3166 3572 passim
3220 3501 3471 3568 aspergit.

1906 3605 2094 3668 Itaque
2145 3602 2228 3654 hic
2287 3600 2378 3669 qui
2411 3597 2620 3667 singula
2664 3595 2875 3648 dicendi
2909 3610 3096 3662 genera
3159 3590 3393 3659 collegit,
3423 3589 3478 3641 id

1905 3695 2041 3763 quod
2066 3693 2130 3745 ab
2154 3688 2642 3761 argumentantibus
2685 3687 2816 3756 (sive
2859 3684 3026 3754 logica
3049 3684 3156 3736 sive
3180 3680 3473 3734 mathema-

1907 3788 2010 3838 lica
2035 3770 2475 3838 demonstratione
2495 3795 2622 3846 opus
2641 3779 2729 3844 sit)
2755 3776 2946 3829 lemma
2972 3775 3184 3837 dicitur,
3211 3771 3476 3841 quodnam

1907 3884 2034 3929 esset
2065 3875 2302 3937 nescivit,
2337 3881 2384 3925 et
2409 3871 2545 3939 quod
2571 3869 2851 3922 conuitium
2887 3874 3022 3928 erat,
3073 3863 3261 3916 lemma
3285 3863 3338 3915 id
3388 3877 3476 3912 vo-

1907 3969 2064 4031 cavit,
2100 3979 2202 4019 etc.
2235 3963 2384 4016 ldem
2424 3977 2540 4014 cum
2583 3976 2664 4013 res
2696 3955 3080 4011 astronomicas
3116 3959 3335 4014 tractat,
3371 3965 3474 4002 non

1909 4077 1998 4115 ore
2029 4070 2076 4112 et
2109 4057 2292 4127 lingua
2321 4054 2599 4107 scientiam
2645 4051 2859 4118 prmfert
2881 4089 2896 4112 ,
2935 4055 2990 4100 at
3021 4045 3238 4114 splzwris
3265 4044 3476 4096 donmm

1908 4153 2118 4222 implet:
2154 4149 2330 4202 omnia
2371 4147 2417 4199 ei
2443 4146 2588 4198 libris
2621 4154 2669 4197 et
2719 4143 2902 4210 ﬁguris
2951 4139 3225 4192 delineatis
3287 4137 3478 4204 referta

1907 4254 2024 4298 sunt
2049 4259 2068 4297 :
2095 4240 2319 4310 grabato
2383 4239 2494 4305 ipsa
2555 4245 2603 4288 et
2666 4245 2918 4286 tectorum
2960 4230 3178 4301 fastigia
3232 4227 3488 4281 doctrina:

1909 4336 2061 4404 plena
2090 4338 2333 4389 ostentat,
2378 4326 2580 4396 quidvis
2626 4325 2846 4388 denique
2901 4323 3074 4391 potius
3113 4336 3270 4386 quam
3335 4319 3484 4383 inge-

1909 4432 2074 4489 niun,
2141 4435 2237 4478 etc.
2296 4421 2573 4474 Ηοιιιὲιιεςιι
2631 4418 2809 4484 itaque
2841 4432 2940 4466 non
3003 4431 3064 4466 ea
3094 4429 3147 4464 re
3199 4411 3480 4470 admiror;

227 4540 400 4577 κνυσι
424 4524 524 4587 τῆς
547 4521 756 4588 σοφίας,
777 4523 870 4572 καὶ
899 4519 1071 4572 πάντα
1098 4517 1297 4587 μᾶλλον
1324 4515 1468 4585 ῆτὴν
1488 4515 1685 4584 ψυχήν.
1711 4553 1726 4568 .
1752 4554 1764 4568 .
1793 4553 1808 4568 .

1847 4497 1889 4556 D
1916 4521 2004 4572 sed
2025 4515 2162 4586 quod
2192 4513 2439 4580 potuerit,
2503 4525 2618 4580 cum
2647 4508 2898 4570 ducendo,
2971 4514 3080 4556 tum
3121 4499 3388 4561 discendo,
3424 4500 3484 4550 in

233 4618 310 4667 Οὐ
343 4613 510 4665 τοῦτο
539 4612 719 4665 τοίνυν
773 4609 1037 4678 θαυμάξω
1061 4611 1151 4661 τὸν
1182 4609 1466 4677 ἄνθρωπον
1490 4625 1502 4639 ·
1529 4607 1643 4658 ἀλλ’
1684 4606 1802 4666 ἀνθ’

227 4700 305 4757 ὧν
337 4703 597 4771 ἐδυνήθη,
633 4704 698 4754 τὰ
757 4703 855 4771 μὶν
882 4702 1168 4764 διδάσκων,
1195 4701 1263 4752 τὰ
1324 4701 1379 4751 δὲ
1413 4699 1720 4768 μανθάνων,
1752 4697 1810 4747 ἐν

518 4794 744 4862 πελάγει
773 4794 870 4847 καὶ
899 4794 1091 4862 χρόνου
1135 4795 1232 4848 καὶ
1264 4793 1459 4862 λόγων,
1507 4792 1606 4863 τὴν
1637 4790 1812 4860 ψυχὴν

229 4891 424 4957 ἁμαθῆ
477 4889 847 4956 διατηρῆσαι·
889 4889 1140 4955 καθάπερ
1181 4886 1310 4948 τοὺς
1369 4887 1811 4954 θαυματοποιοὺς

231 4981 628 5050 θαυμάζομεν,
694 4978 926 5042 ἀπαθεῖς
985 4978 1171 5031 κακῶν
1225 4981 1320 5032 καὶ
1382 4978 1494 5048 πῦρ
1532 4980 1624 5030 καὶ
1669 4977 1810 5046 ὓδωρ

233 5077 327 5126 καὶ
373 5072 513 5141 ξίφη
545 5069 947 5138 διερχομένους.
1455 5071 1459 5074 ⁷

624 5160 685 5213 In
728 5160 970 5228 Gregorat
1029 5157 1400 5212 deliramenta.

306 5257 376 5309 At
411 5254 694 5322 Gregoras,
741 5253 821 5304 vir
864 5250 1059 5304 scilicet
1087 5249 1531 5316 sapientissimus.
1567 5263 1629 5300 ac
1678 5247 1723 5300 si
1769 5246 1817 5298 ei

233 5349 369 5401 satis
403 5362 508 5397 non
529 5345 595 5396 sit
635 5341 921 5412 Byzantios
949 5342 1002 5393 in
1034 5341 1118 5393 sui
1151 5340 1558 5393 admirationem
1601 5354 1815 5391 conver-

235 5441 384 5499 tisse,
437 5441 576 5502 ipsos
630 5450 832 5503 quoque
892 5432 1401 5492 Thessalonicenses.
1430 5430 1572 5483 datis
1598 5429 1843 5488 litteris,

233 5531 284 5581 in
309 5544 441 5582 suas
477 5525 665 5579 laudes
692 5526 847 5594 cogit.
880 5534 927 5577 et
947 5524 1164 5576 adorari
1188 5539 1242 5579 se
1265 5531 1474 5576 tantum
1505 5537 1605 5575 non
1629 5521 1813 5588 jubet;

234 5636 424 5688 nempe
455 5618 523 5670 ab
562 5617 854 5670 hominibus
886 5616 1081 5675 liberis,
1119 5614 1207 5682 qui
1242 5613 1376 5666 nihil
1403 5612 1474 5666 ad
1499 5613 1811 5681 cujusquam

228 4797 398 4849 τοσοῦ
410 4813 483 4865 τῳ

312 5737 430 5790 (87)
465 5733 602 5786 Vide
632 5732 891 5798 opuscula
945 5733 1148 5788 Nicoiai
1182 5734 1462 5799 Cabasilte,
1515 5733 1638 5787 cod.
1673 5731 1803 5801 Reg.

239 5807 403 5867 Ξυϋό,
441 5805 535 5856 iul.
569 5806 674 5857 2235;!

1920 4619 2064 4663 tanta
2092 4605 2338 4670 temporis
2380 4613 2428 4656 et
2452 4597 2876 4672 [perpetuarum]
2908 4596 3110 4651 dicendi
3144 4593 3483 4648 exercitatio-

1919 4717 2042 4754 num
2069 4696 2348 4754 cnrriculo,
2373 4696 2554 4747 rudem
2583 4702 2630 4744 et
2663 4692 2960 4758 imperitum
2983 4688 3216 4738 animum
3239 4699 3482 4744 servare;

1918 4795 2096 4846 itidem
2142 4797 2196 4841 ut
2223 4787 2628 4856 priestigiatores
2663 4783 3018 4845 admiramur,
3070 4781 3261 4850 ignem,
3293 4777 3483 4841 undas,

1909 4876 2135 4956 gladios,
2169 4882 2380 4946 impune
2414 4886 2862 4947 pertranseuntcs.

1912 4999 2005 5054 Ill.
2054 4994 2164 5050 Τοῦ
2206 4990 2538 5061 Λαμπηνοῦ
2587 4988 3024 5061 Τσρχτινειώτου
3067 4989 3155 5053 εὶς
3189 4987 3293 5039 τὸν
3327 4987 3485 5061 Γρη-

2519 5059 2704 5128 γορᾶν
2727 5054 2871 5127 (83).
3449 5054 3456 5064 ’

1990 5177 2008 5209 ι
2054 5154 2165 5210 Εἶτ’
2191 5157 2247 5217 ἐς
2285 5154 2507 5223 ἄγαλμα
2550 5153 2649 5219 μὲν
2681 5155 2745 5206 ἄν
2783 5170 2865 5214 τις
2907 5150 3107 5222 βλέψας
3145 5147 3355 5214 εὐφυῶς
3388 5149 3491 5214 τῆς

1919 5252 2110 5318 τέχνης
2145 5249 2282 5317 ἔχων
2315 5250 2414 5300 οὐκ
2446 5247 2512 5301 ἂν
2542 5247 2710 5316 δήπου
2751 5245 2949 5314 ῥαδίως
2985 5244 3255 5309 ἀποσταίη
3294 5243 3373 5292 ὅτι
3413 5239 3486 5308 μὴ

1920 5342 2016 5394 σὺν
2045 5339 2228 5409 ἀηδίᾳ,
2261 5337 2376 5391 ἀλλ’
2403 5338 2712 5408 ἁκορέστως
2744 5338 2854 5401 ἕξει
2884 5339 2979 5401 τῆς
3011 5335 3118 5388 ἀπὸ
3146 5333 3238 5385 τοῦ
3271 5332 3490 5401 βλέπειν

1919 5433 2108 5502 ἡδονῆς
2131 5447 2143 5461 ·
2175 5432 2300 5492 τοὺς
2323 5431 2381 5485 δὲ
2404 5432 2513 5490 τοῖς
2540 5431 2649 5489 σοῖς
2680 5429 2863 5495 λόγοις
2890 5423 3004 5480 οἷον
3032 5425 3296 5495 ἐμψύχοις
3327 5423 3490 5490 ἀγάλ..

1921 5539 2082 5590 μασιν
2111 5521 2512 5584 έναι-ξενίζοντας
2542 5519 2656 5572 ἐστι
2689 5519 2848 5588 κόρον
2880 5517 2973 5571 τοῦ
3006 5517 3238 5579 κάλλους
3267 5513 3452 5567 λαϐεῖν
3471 5553 3487 5584 ,

1918 5615 1949 5683 ἣ
1979 5614 2168 5666 θᾶττον
2195 5612 2304 5665 ἀπὸ
2332 5613 2532 5665 τούτων
2560 5611 2890 5681 ἀναχωρεῖν,
2918 5610 2952 5661 ἂ
2975 5609 3101 5671 τοὺς
3127 5609 3221 5674 τῆς
3249 5607 3492 5668 διανοίας

1923 5801 1957 5852 Γ
1992 5717 2414 5852 ξὲξῗιὶΐὲρερτίῃιε
2439 5747 2502 5786 ex
2542 5731 2665 5784 cod.
2713 5715 2998 5790 Vaticano,
3033 5740 3195 5779 manu
3229 5721 3291 5775 Β.
3329 5719 3388 5774 Ρ.
3427 5721 3488 5774 [).

1948 5817 2021 5848 M"
2069 5837 2074 5847 ι
2187 5841 2198 5852 .

1948 5817 2198 5853 ἰιῚΊΙιὶΠΙΙ.
