4214 6450
144 393 203 456 65
1168 401 1594 463 NlCEPHORI
1628 400 2018 463 GREGVOILE
2061 401 2375 464 ELOGIA.
3327 404 3401 468 δε

144 519 361 567 νετκας,
407 505 549 574 μετὰ
590 506 795 576 ταύτης
837 507 1011 578 δήπου
1057 512 1155 565 καὶ
1198 515 1313 578 τοῖς
1358 516 1488 586 περὶ
1529 516 1712 569 αὐτῶν

1826 511 1972 576 Quod
1991 522 2167 565 autem
2202 530 2302 566 non
2334 523 2525 567 temere
2558 515 2610 567 id
2644 532 2674 568 a
2705 533 2785 569 me
2812 532 2902 570 ιιι-ι’
2928 516 2999 570 ad
3030 518 3259 586 gratiam
3290 519 3400 570 ulla

145 596 374 658 ἐπαίνοις
401 598 748 668 ἐγχειρῆσαι.
774 601 846 655 Σὺ
871 602 916 654 δ’
939 603 1086 672 ἡμᾶς
1114 603 1304 676 ὥσπερ
1332 606 1544 677 παρὼν,
1572 608 1713 662 οὕτω

144 685 226 737 καὶ
256 686 417 739 ἀπὼν
450 689 791 756 εὐφραίνεις.
824 694 1083 763 Ἔχοντες
1120 696 1221 766 μὲν
1250 698 1359 768 γὰρ
1389 700 1627 765 τάγαθὸν
1658 701 1714 752 ὲν

145 778 334 846 χεροῖν,
378 777 573 852 ὥσπερ
612 781 783 849 εἰκὸς,
823 786 1257 855 ὲκαρπούμεθα·
1299 791 1361 843 τὸ
1398 791 1442 844 δ’
1469 789 1609 845 εἶναι
1649 795 1716 863 τῇ

147 868 367 936 βασιλίδι
395 871 509 924 τῶν
539 873 752 927 πόλεων
785 878 880 928 καὶ
910 878 1158 949 ἡμετέρᾳ
1188 882 1412 949 πατρίδι
1444 884 1717 952 τοσαύτην

147 962 471 1031 φιλοτιμίαν,
504 964 686 1033 πάσης
714 967 908 1037 ἡδονῆς
935 971 1267 1042 ἐμπίπλησι.
1298 974 1408 1027 Καὶ
1435 976 1585 1046 τόπῳ
1618 978 1717 1045 μὲν

147 1048 486 1123 διεστηκότες
520 1057 783 1128 φιλοῦμεν
812 1060 910 1129 οὐχ
944 1055 1106 1132 ἦττον
1140 1063 1173 1132 ἢ
1210 1065 1481 1134 παρόντες
1504 1083 1518 1097 ο
1549 1067 1715 1121 αὺτο-

150 1142 456 1213 ιιροσὼπως
495 1147 553 1201 δὲ
594 1150 695 1201 οὐκ
737 1152 878 1218 ἐξὸν,
924 1154 1167 1218 διανοεας
1213 1156 1296 1209 σοι
1337 1173 1403 1226 γε
1452 1159 1718 1228 κινήμασι

151 1235 433 1305 σύνεσμεν.
465 1239 575 1311 Τὴν
606 1243 793 1311 μέντοι
834 1232 997 1313 φύσιν
1026 1246 1124 1315 τὴν
1157 1248 1256 1318 σὴν
1284 1251 1396 1313 τοϊς
1435 1251 1718 1323 ὑμετέροις

149 1330 317 1396 λόγοις
359 1334 665 1405 ὲνορῶμεν,
704 1338 931 1407 καὶ·τῆς
975 1341 1076 1411 σῆς
1113 1341 1191 1403 sl;
1236 1345 1459 1413 μνήμην
1494 1344 1718 1414 ἥκοντες

150 1418 448 1491 διατριϐῆς,
476 1427 571 1477 καὶ
597 1425 707 1478 τῶν
732 1428 1001 1499 ὁσημέραι
1028 1431 1344 1498 φοιτώντων
1367 1433 1467 1501 τὴν
1494 1433 1720 1505 ’Δκαδη-

155 1514 271 1578 μίαν
304 1516 405 1567 καὶ
435 1516 499 1569 τὸ
534 1517 769 1571 Λύκειον
802 1521 1209 1591 φανταζόμεθα.
1247 1524 1358 1577 Καὶ
1398 1527 1483 1579 σοὶ
1521 1524 1619 1595 μὲν
1652 1526 1722 1579 τὰ

155 1604 407 1658 κάλλιστα
439 1609 612 1662 ταῦτα
648 1614 1020 1683 συγχαιρομεν
1042 1627 1057 1642 ’
1092 1616 1475 1689 μακαρίζομεν
1503 1620 1547 1673 δ’
1570 1622 1720 1690 ἡμᾶς

156 1698 343 1760 αὐτοὺς
379 1700 481 1768 τῆς
524 1703 628 1771 σῆς
672 1707 813 1758 κατὰ
848 1705 939 1759 τὸν
975 1706 1092 1777 βίον
1131 1710 1304 1777 φορᾶς
1343 1710 1437 1763 καὶ
1480 1712 1717 1765 συνόδου.

158 1788 244 1857 Eli;
294 1790 350 1841 δὲ
404 1807 465 1843 σε
517 1795 655 1846 κάπὶ
708 1795 961 1851 πλεῖστον
1009 1799 1299 1871 προελθεῖν
1346 1801 1441 1855 τοῦ
1492 1804 1717 1872 χρόνου,

1820 605 1973 657 modo
2006 607 2234 666 dicatur,
2256 623 2372 658 cum
2402 608 2511 658 alia
2541 608 2703 660 multa
2730 609 2934 662 abunde
2966 610 3263 674 declarant,
3289 622 3401 662 tum

1817 714 1898 756 ea.
1929 714 2047 767 qua:
2087 701 2268 751 statim
2302 700 2541 752 dicturus
2582 717 2719 754 sum.
2752 700 2856 754 Alii
2880 702 3090 770 quidem
3138 703 3276 755 alias
3313 703 3399 753 di-
3495 738 3500 743 -

1817 789 2071 856 sciplinas
2104 800 2153 843 et
2183 791 2290 844 alia
2320 792 2496 844 studia
2527 793 2748 861 professi
2787 803 2932 851 sunt.
2965 804 3117 859 prout
3156 793 3403 861 cujusque

1819 880 2058 934 voluntas
2088 891 2136 935 et
2163 884 2461 937 institutum
2490 884 2612 953 fuit,
2641 894 2734 937 ant
2765 892 2843 947 (ut
2881 886 3051 938 verius
3080 886 3272 953 dicam)
3306 902 3403 938 na-

1821 983 1941 1026 tura
1979 991 1996 1028 :
2034 974 2087 1026 in
2127 974 2311 1044 quibus
2350 992 2467 1029 cum
2507 976 2869 1030 excelluissent
2923 988 2969 1029 et
3022 976 3091 1029 ad
3138 992 3400 1029 summurn

1818 1066 2187 1130 pervenissent,
2222 1077 2330 1118 tum
2378 1069 2584 1120 demum
2623 1068 2837 1121 a'mulcs
2879 1076 2928 1120 et
2960 1069 3218 1121 similibus
3247 1068 3394 1121 labo-

1819 1156 1960 1210 ribus
1990 1159 2300 1212 exercitatos
2347 1159 2441 1212 risi
2464 1170 2581 1211 sunt
2629 1175 2927 1226 superasse.
2966 1161 3033 1211 At
3072 1168 3127 1211 tn
3171 1159 3304 1211 nihil
3328 1168 3402 1213 cst

1819 1248 1891 1302 ad
1927 1260 2063 1318 quod
2108 1261 2267 1305 natus
2309 1266 2408 1304 non
2446 1252 2549 1315 sis;
2580 1252 2733 1310 nihil.
2766 1269 2866 1318 quo
2900 1268 3001 1304 non
3037 1263 3087 1305 te
3113 1252 3284 1319 ipsum
3310 1266 3406 1319 ag-

1820 1344 2116 1409 gregaveris
2134 1358 2152 1404 ;
2196 1342 2345 1398 nihil.
2373 1344 2427 1395 in
2456 1359 2558 1410 quo
2590 1342 2731 1394 haud
2766 1344 3064 1411 felicissime
3092 1344 3402 1396 elaboraris.

1824 1433 1929 1487 Sed
1962 1433 2015 1485 in
2063 1434 2299 1486 omnibus
2343 1435 2419 1487 sic
2469 1445 2732 1495 versatus,
2787 1445 2844 1488 ut
2892 1452 3037 1488 nemo
3077 1436 3129 1487 in
3160 1435 3403 1505 singulis,

1824 1523 1902 1575 tui
1929 1532 1977 1575 et
2011 1533 2319 1576 ca'terorum
2353 1524 2633 1578 discrimen
2682 1527 2888 1580 evidens
2934 1526 3121 1590 fecisti.
3172 1525 3309 1578 Nam
3350 1530 3405 1577 in

1822 1616 2006 1685 quibus
2033 1614 2399 1683 particulatim
2427 1618 2643 1685 quisque
2667 1619 2988 1688 praecipuam
3011 1629 3058 1671 et
3083 1619 3405 1687 singularem

1825 1722 2033 1777 operam
2080 1703 2383 1775 posuerunt,
2429 1710 2484 1761 in
2514 1709 2579 1762 iis
2621 1711 2874 1779 quosdam
2925 1727 3287 1779 supergressus
3331 1728 3405 1773 es,

1825 1814 1940 1851 cum
1971 1798 2092 1852 aliis
2124 1799 2187 1851 de
2217 1800 2397 1866 palma
2429 1802 2772 1862 contendisti;
2804 1818 3063 1872 nusquam
3106 1803 3247 1867 infra
3292 1807 3407 1873 pri-

155 1879 293 1941 ἰτιως
324 1881 422 1934 καὶ
453 1884 693 1938 πλεῖστοι
722 1886 827 1940 τῶν
859 1889 989 1959 (95)
1019 1870 1241 1959 ἀγαθῶν
1272 1870 1600 1965 μετάσχοιεν
1629 1894 1723 1949 ἂν·

1828 1904 1935 1941 mos
1967 1889 2287 1942 substitisti:
2326 1891 2451 1952 imo,
2482 1902 2536 1941 ut
2567 1893 2874 1945 summatim
2914 1895 3108 1958 dicam,
3148 1912 3281 1947 unus
3315 1896 3408 1948 hos

156 1976 373 2039 υςιωπει.

448 2068 750 2140 Lampenus
773 2073 1148 2132 Tarchoniotes
1173 2076 1435 2149 Gregorae.

219 2156 421 2225 Nempe
449 2163 684 2231 quilibet,
731 2167 892 2221 habili
925 2169 996 2222 ad
1023 2171 1413 2239 percipiendam
1450 2178 1618 2226 artem
1644 2173 1728 2226 in-

154 2252 298 2317 genio
340 2253 622 2322 pra'ditus,
658 2257 705 2309 si
736 2258 1080 2313 simulacrum
1118 2263 1407 2331 aspexerit,
1442 2279 1545 2317 non
1573 2264 1729 2334 facile

154 2340 214 2393 ab
242 2357 303 2395 eo
334 2358 429 2396 nec
455 2345 557 2398 nisi
584 2348 796 2401 moleste
811 2351 1055 2418 discedet,
1086 2369 1149 2406 ac
1174 2354 1446 2422 spectandi
1462 2354 1728 2426 voluptate

154 2435 348 2504 expleri
395 2454 499 2492 non
557 2442 797 2505 poterit:
834 2444 954 2498 illos
1005 2456 1181 2500 autem
1232 2449 1321 2518 qui
1358 2450 1412 2502 in
1462 2453 1728 2507 orationes

154 2540 289 2593 tuas,
319 2533 475 2601 quasi
503 2532 558 2585 in
586 2535 875 2589 simulacra
902 2539 1168 2604 animata,
1210 2540 1371 2595 oculis
1414 2542 1602 2611 deﬁxis
1621 2545 1728 2598 ha:-

152 2634 282 2689 rent,
320 2625 461 2686 illos,
493 2626 736 2696 inquam,
758 2630 963 2695 pulchri
980 2633 1202 2685 satietas
1226 2635 1420 2701 capiet,
1443 2642 1539 2687 aut
1573 2636 1726 2691 citius

146 2718 183 2768 ii
210 2718 477 2771 discedent
514 2719 579 2771 ab
604 2717 713 2773 illis
742 2722 911 2784 rebus,
942 2739 1059 2791 qua:
1085 2725 1357 2777 oculorum
1387 2728 1573 2780 mentis
1600 2743 1726 2796 epu-

150 2807 211 2861 lie
240 2820 289 2863 et
322 2809 525 2863 delicia
551 2824 670 2864 sunt
692 2812 718 2865 ?
759 2811 827 2865 Id
853 2816 1059 2883 quidem
1099 2833 1269 2879 nemo,
1307 2828 1362 2871 ut
1394 2820 1600 2887 opinor,
1647 2821 1729 2873 di-

149 2910 327 2955 cturus
359 2913 458 2966 est,
492 2905 580 2974 qui
620 2906 843 2960 rationis
880 2924 978 2960 usu
1026 2898 1316 2963 instructus
1346 2913 1433 2967 sit.
1465 2912 1597 2983 Ego,
1626 2928 1728 2982 quo

100 3039 105 3043 .
150 3002 374 3058 tempore
407 3012 657 3064 magnam
692 2999 868 3051 urbem
895 2999 1225 3066 habitabam,
1269 3002 1555 3073 praeclaras
1609 3013 1729 3057 tuas

148 3080 531 3155 disputationes
582 3089 769 3143 mirari
816 3090 959 3144 haud
1009 3091 1305 3147 desinebam
1366 3108 1385 3146 :
1422 3110 1572 3149 nemo
1616 3104 1727 3149 erat

1825 1995 2001 2033 omnes
2034 1996 2089 2032 re
2131 1982 2245 2049 ipsa
2284 1984 2564 2049 superasti,
2600 1998 2660 2037 eo
2703 1987 2842 2051 quod
2890 1988 2955 2037 ab
3004 1986 3109 2040 illis
3160 1986 3408 2056 pleraque

1826 2071 2134 2140 multiplicis
2180 2074 2435 2128 doctrinm
2485 2090 2674 2143 genera
2725 2076 2953 2145 neglecta
2992 2089 3147 2141 sunt;
3183 2089 3237 2131 ιιι
3288 2095 3408 2131 vero

1825 2168 2069 2220 universa
2092 2165 2251 2219 simul
2274 2176 2635 2235 perscrutatus
2665 2184 2738 2233 es,
2775 2177 2823 2222 et
2846 2182 2909 2221 ex
2935 2170 3076 2223 omni
3099 2169 3408 2223 eruditionis

1824 2266 1978 2325 parte
2019 2258 2220 2328 fructus
2257 2258 2480 2310 eximios
2528 2258 2849 2325 produxisti,
2888 2258 3141 2330 habesque
3171 2261 3236 2313 ab
3266 2262 3409 2314 omni

1826 2351 2045 2406 scientia
2089 2350 2288 2419 fumant
2320 2360 2367 2404 et
2419 2366 2641 2415 nomen;
2674 2351 2751 2405 sic
2779 2363 2834 2404 ut
2872 2362 3076 2420 poetam
3117 2363 3185 2412 te.
3231 2360 3410 2405 orato-

1827 2458 1958 2507 rem,
1992 2442 2299 2509 sophistam.
2335 2442 2665 2506 historicum,
2704 2452 2750 2494 et
2779 2442 2901 2494 aliis
2935 2442 3151 2511 singulis
3180 2442 3406 2495 nomini.

1831 2536 1923 2589 bus
1952 2536 1998 2588 si
2030 2536 2147 2603 quis
2188 2533 2478 2601 compellet,
2518 2536 2562 2587 is
2586 2550 2617 2586 a
2652 2550 2768 2586 vero
2811 2533 3155 2587 aberraturus
3189 2551 3289 2586 non
3318 2535 3406 2588 sit.

1829 2627 1953 2681 Jam
1999 2626 2064 2679 ab
2110 2625 2457 2694 philosophia,
2497 2626 2838 2679 scientiarum
2875 2627 3267 2694 augustissima,
3295 2625 3411 2691 quis

1832 2735 1949 2773 vere
1994 2729 2066 2771 est
2099 2718 2509 2772 denominatus?
2542 2715 2731 2770 Nonne
2768 2716 2833 2780 is,
2874 2716 2964 2785 qui
3002 2732 3103 2769 non
3144 2715 3310 2768 solum
3355 2731 3413 2767 re

1831 2810 1911 2880 (ut
1938 2811 2013 2863 ita
2045 2809 2238 2877 dicam)
2270 2810 2603 2875 philosophus
2630 2817 2725 2872 est,
2748 2806 2835 2860 sed
2862 2807 2947 2859 cui
2971 2807 3065 2859 hoc
3082 2822 3266 2859 nomen
3297 2804 3411 2873 (94)

1830 2902 1895 2955 ab
1928 2902 2168 2954 omnibus
2220 2916 2313 2968 pro
2361 2900 2466 2952 alia
2518 2900 2704 2968 quavis
2739 2898 3092 2967 appellatione
3125 2896 3415 2950 tribuitur?

1832 2991 1991 3046 Multi
2022 2990 2358 3057 philosophia:
2392 2992 2704 3044 studuerunt
2734 3006 2751 3043 :
2779 3007 2915 3043 unus
2953 2999 3008 3042 tu
3047 3005 3236 3042 nomen
3262 3005 3325 3041 ex
3348 3005 3411 3042 ea

1830 3086 2045 3140 sortitus
2086 3100 2140 3138 es
2172 3086 2441 3137 eximium.
2484 3081 2688 3135 Etenim
2719 3098 2896 3135 rerum
2924 3083 3270 3151 cognitionem
3305 3097 3415 3133 cer-

148 3179 403 3244 eruditus,
437 3182 528 3248 qui
559 3196 667 3234 non
694 3183 928 3237 conscius
958 3184 1086 3238 mihi
1116 3194 1248 3240 esset
1273 3187 1619 3257 applaudenti
1643 3189 1722 3241 in-

1833 3185 1942 3228 tam
1983 3173 2074 3226 tibi
2116 3173 2385 3240 providere
2421 3183 2469 3224 et
2498 3174 2688 3226 harum
2725 3189 2919 3225 causas
2957 3172 3186 3242 perfecte
3230 3170 3412 3235 explo-

149 3270 286 3339 genii
323 3271 405 3324 tui
467 3273 673 3342 fi-tibus,
718 3284 769 3328 et
809 3276 1106 3344 honoriﬁcis
1151 3279 1427 3346 prceconiis
1473 3295 1557 3332 eos
1594 3295 1732 3333 com-

150 3365 447 3417 mendanti.
478 3364 539 3417 At
571 3381 709 3419 nunc
752 3382 837 3421 eos
871 3368 1051 3435 libros,
1085 3385 1213 3435 quos
1242 3370 1334 3423 hoc
1368 3386 1510 3423 anno
1551 3372 1606 3424 in
1654 3371 1734 3424 lu-

152 3472 257 3508 cem
309 3456 553 3521 emisisti,
593 3458 763 3528 magis
810 3460 1079 3525 admiror;
1130 3477 1435 3530 quanquam
1496 3464 1733 3533 egregias

153 3551 421 3602 orationes
463 3567 619 3620 quam
657 3551 916 3618 plurimas
936 3552 1053 3620 jam
1081 3562 1203 3606 ante
1237 3555 1495 3619 edideras,
1529 3572 1731 3610 morum

150 3640 437 3708 gravitate,
462 3642 839 3694 sententiarum
867 3642 1139 3711 dignitate,
1165 3644 1436 3697 verborum
1456 3645 1734 3713 majestate

152 3732 311 3785 nihilo
358 3733 637 3800 inferiores
682 3731 919 3785 Platonis
960 3734 1306 3787 orationibus.
1350 3733 1554 3803 Quippe
1580 3744 1629 3788 et
1668 3737 1731 3805 fi-

150 3826 292 3891 guris
323 3834 372 3877 et
410 3825 780 3893 compositione
810 3834 859 3878 et
913 3826 1183 3879 verborum
1228 3836 1352 3895 apta
1393 3827 1733 3881 collocatione

151 3928 194 3964 et
226 3916 509 3982 conjuncta
550 3931 669 3969 cum
703 3918 963 3971 suavitate
1008 3919 1160 3987 copia
1201 3929 1249 3972 et
1291 3920 1645 3987 persuadendi
1684 3922 1732 3974 vi

154 4010 413 4059 rhetorica
470 4008 608 4060 illas
639 4008 995 4077 sequiparant,
1043 4024 1160 4078 quia
1201 4009 1266 4062 ab
1303 4013 1551 4065 oratoriis
1600 4014 1733 4066 artis

153 4102 386 4170 principe
408 4100 724 4155 elucubratw
759 4102 992 4171 fuerunt.
1018 4100 1103 4155 Ad
1125 4102 1443 4172 ejuscemodi
1473 4103 1735 4157 orationes

153 4208 267 4245 cum
304 4202 355 4245 et
388 4194 720 4261 magnanimi
760 4193 1033 4257 Demetrii,
1067 4204 1114 4246 et
1149 4195 1264 4264 ejus
1289 4211 1405 4265 quc
1447 4194 1608 4249 Deum
1640 4212 1735 4249 ar-

154 4288 300 4338 canis
331 4286 630 4339 rationibus
663 4286 881 4354 peperit,
914 4285 1098 4339 laudes
1139 4286 1472 4355 adjunxeris,
1506 4302 1735 4357 quonam

159 4381 360 4447 (putas)
404 4394 529 4447 erga
566 4387 616 4431 te
654 4395 808 4431 sensu
862 4379 1077 4447 (effecisti
1120 4379 1378 4446 politioris
1422 4380 1735 4433 litteratura:

156 4473 414 4525 studiosos
434 4474 459 4523 Γ
495 4469 749 4539 Equidem
790 4480 1038 4540 quotquot
1079 4472 1162 4524 hic
1191 4473 1403 4540 degunt,
1430 4487 1514 4524 eos
1535 4472 1736 4539 primus

1834 3287 1955 3323 rare
1984 3287 2101 3324 cum
2134 3270 2308 3338 velles,
2341 3270 2719 3341 physiologiam
2752 3272 2959 3339 quidem
3008 3270 3337 3332 universam,
3363 3276 3413 3322 et

1836 3363 2175 3433 theologiam,
2222 3374 2269 3417 et
2323 3364 2519 3433 logicas
2574 3363 3058 3433 argumentationes
3107 3362 3411 3430 diligentius

1832 3456 2215 3526 pervestigasti,
2246 3472 2405 3525 quam
2430 3473 2492 3510 ea
2518 3472 2631 3523 qua:
2660 3454 2911 3507 dicuntur
2933 3454 3227 3507 rudimenta
3254 3450 3414 3518 primi

1834 3563 2114 3614 puerorum
2157 3548 2415 3600 doctores.
2471 3546 2601 3599 Tum
2654 3546 2989 3600 scientiarum
3030 3545 3410 3614 primariarum

1833 3655 1924 3691 seu
1961 3640 2341 3693 mathematum
2394 3639 2566 3693 studio
2615 3638 2667 3691 id
2731 3648 2996 3692 assecutus
3042 3653 3117 3699 es,
3166 3649 3221 3687 ut
3286 3636 3410 3688 solis

1835 3742 2033 3786 motum
2063 3740 2112 3784 et
2152 3748 2387 3793 cursum.
2446 3732 2767 3801 reliquorum
2827 3732 3056 3783 siderum
3110 3739 3409 3799 potestates,

1838 3828 1997 3879 totius
2039 3827 2224 3880 mundi
2273 3834 2322 3880 et
2368 3828 2601 3894 partium
2635 3825 2747 3894 ejus
2792 3825 2926 3877 inter
2972 3840 3026 3877 se
3063 3839 3412 3876 conumarurn

1837 3935 2176 3984 concentum,
2249 3920 2680 3988 dispositionem,
2743 3917 3165 3986 proportionem.
3245 3917 3413 3982 magis

1834 4028 1994 4083 quam
2020 4011 2160 4064 alius
2199 4012 2475 4080 quisquam
2511 4009 2845 4077 intelligercs.
2892 4006 3023 4071 Qua:
3077 4016 3131 4058 tu
3180 4006 3413 4059 docenda

1837 4122 1955 4158 cum
2005 4119 2215 4157 enarres
2268 4112 2315 4156 et
2370 4101 2616 4170 plurimis
2671 4098 2942 4167 discipulis
2982 4099 3185 4163 tradas,
3233 4100 3415 4165 singu-

1838 4200 1902 4252 lis
1927 4213 2020 4265 pro
2047 4212 2141 4249 suo
2185 4206 2345 4264 captu
2392 4194 2791 4265 accipientibus,
2837 4209 2937 4245 non
2990 4192 3127 4244 sines
3184 4191 3415 4259 philosoo

1836 4290 2036 4361 phiam,
2072 4287 2222 4352 cuius
2270 4287 2346 4340 rei
2387 4287 2639 4354 possessio
2673 4284 2870 4337 homini
2919 4282 3271 4351 pulcherrima
3316 4293 3413 4344 est,

1838 4383 2040 4453 penitus
2069 4395 2131 4433 ex
2158 4379 2451 4432 hominibus
2486 4376 2748 4431 sublatam
2786 4375 3057 4427 obscurari
3091 4388 3109 4424 :
3145 4374 3232 4425 sed
3264 4372 3415 4439 libris

1838 4473 2032 4541 majori
2074 4470 2448 4539 perspicuitate
2479 4469 2784 4536 compositis
2821 4465 3165 4534 quorumdam
3204 4467 3417 4516 ol-sczm:

158 4578 217 4613 ac
259 4562 403 4615 solus
440 4577 643 4614 mecum
680 4561 736 4613 in
773 4563 1180 4614 admirationem
1227 4562 1402 4630 rapui.
1429 4558 1579 4624 Quod
1617 4561 1661 4613 si
1693 4568 1741 4613 et

1844 4567 1981 4618 dicta
2005 4560 2337 4631 reformabis,
2380 4557 3004 4627 interpretationibusque
3044 4566 3091 4609 et
3148 4557 3417 4623 pra’ceptis

158 4656 289 4707 illud
316 4656 427 4707 dici
456 4654 625 4716 debet,
670 4655 839 4722 magis
877 4654 1108 4721 profecto
1135 4670 1292 4723 quam
1337 4664 1495 4705 antea
1542 4653 1740 4722 ingenii

158 4746 233 4796 tui
264 4744 574 4813 magnitudo
601 4758 740 4795 nunc
781 4743 990 4794 demum
1018 4742 1205 4796 eluxit.
1242 4740 1511 4795 Nimirum
1543 4742 1739 4793 doctri-

158 4852 281 4888 nam
308 4836 365 4887 in
395 4836 503 4886 tuis
539 4832 780 4899 operibus
812 4832 1157 4896 reconditam,
1194 4832 1390 4899 partim
1420 4848 1451 4883 a
1481 4830 1740 4900 plerisque

158 4930 481 4995 ignoratam,
518 4924 713 4991 partim
736 4938 938 4985 eorum,
968 4923 1056 4991 qui
1084 4932 1342 4987 utcunque
1370 4922 1738 4991 intelligerent,

158 5022 543 5090 prameditata:
579 5019 791 5072 invidia:
836 5017 1138 5080 obnoxiam,
1187 5024 1445 5086 quantum
1495 5018 1547 5067 in
1591 5016 1735 5068 nobis

161 5116 259 5182 fuit
291 5117 363 5166 ita
396 5112 768 5182 explicuimus,
804 5122 859 5163 ut
888 5118 936 5164 et
977 5108 1138 5163 invidi
1164 5107 1421 5177 preclusa
1444 5123 1533 5160 ore
1557 5107 1740 5160 obmu-

158 5218 443 5269 te..cerent,
480 5213 528 5257 et
570 5213 758 5257 nostris
802 5200 1168 5272 approbationi
1203 5199 1432 5253 aliorum
1480 5210 1737 5267 praeterea

156 5298 514 5365 complurium
542 5295 801 5365 suffragia
852 5294 1178 5348 accederent.
1234 5292 1465 5361 Jamque
1510 5294 1639 5345 adeo
1692 5302 1739 5345 te

157 5408 261 5443 non
305 5392 464 5460 hujus
518 5398 727 5443 tantum
773 5397 985 5453 nostrw,
1038 5396 1131 5441 aut
1177 5388 1291 5457 ejus
1342 5402 1458 5455 quia
1503 5388 1743 5453 proxime

154 5486 421 5548 prmcessit
444 5481 643 5546 celatis,
670 5481 760 5534 sed
778 5489 826 5533 et
847 5478 1178 5549 superiorum
1202 5485 1487 5544 temporum
1518 5476 1741 5530 eruditis

154 5574 422 5635 omnibus,
470 5587 695 5640 quorum
740 5571 862 5625 libri
907 5579 1246 5624 monumenta
1279 5576 1399 5621 sunt
1431 5582 1742 5637 magnorum

156 5666 514 5736 ingeniorum,
561 5665 819 5734 majorem
862 5674 1020 5734 atque
1069 5660 1482 5717 excellentiorcm
1543 5668 1740 5714 statuo.

229 5782 339 5851 (93)
400 5780 551 5835 Fort.
594 5780 723 5851 τιτῶνξ

1842 4656 2105 4708 auditores
2146 4656 2222 4706 ita
2268 4652 2491 4717 erudies,
2542 4662 2596 4704 ut
2642 4666 2758 4703 eam
2805 4650 3079 4702 scientiam
3124 4648 3416 4715 posteritati

1840 4748 2112 4816 ﬂorentem
2171 4744 2577 4797 transmissurus
2636 4743 2727 4795 sis.
2782 4744 2855 4793 Ac
2915 4739 3154 4793 nonnulli
3210 4740 3417 4806 quidem

1842 4848 2095 4902 oratores,
2131 4853 2249 4890 cum
2280 4836 2487 4905 ingenio
2527 4835 2697 4886 minus
2734 4832 2990 4894 valerent,
3025 4832 3241 4883 dicendo
3272 4829 3419 4897 longe

1841 4934 2217 5002 prtesliterunt.
2252 4930 2359 4982 Alii
2388 4939 2570 4982 contra
2601 4925 2927 4995 intelligendi
2953 4922 3417 4994 facultatep..llen—

1844 5035 1919 5078 tes
1953 5024 2075 5077 rudi
2100 5031 2149 5076 et
2188 5022 2534 5089 incomposito
2566 5034 2802 5072 sermone
2857 5019 2937 5069 nsi
2971 5026 3113 5069 sunt.
3150 5014 3418 5079 Quosdam

1838 5117 2039 5178 videas,
2085 5116 2246 5168 etiam
2290 5111 2427 5183 quod
2460 5113 2528 5164 ad
2560 5110 2964 5178 grammaticam
3000 5117 3167 5159 artem
3210 5105 3415 5162 attinet,

1838 5207 1968 5261 nihil
1999 5207 2065 5260 ab
2088 5206 2192 5259 illis
2228 5202 2583 5272 differre,‘qui
2617 5201 2830 5253 minime
2864 5199 3002 5266 loqui
3032 5198 3226 5257 sciunt,
3274 5206 3325 5246 ut
3355 5196 3419 5246 iis

1836 5300 2003 5367 magis
2046 5298 2291 5364 expediat
2339 5294 2512 5360 silere,
2564 5308 2725 5363 quam
2767 5294 2906 5356 turpi
2958 5288 3273 5359 ignorantia:
3316 5290 3421 5339 cri—

1838 5391 1975 5444 mine
2000 5390 2173 5460 argui.
2212 5387 2290 5441 Tu
2329 5388 2568 5439 doctrina
2606 5394 2654 5437 et
2685 5383 2892 5451 ingenio
2928 5398 3015 5435 eos
3046 5380 3136 5443 qui
3165 5379 3244 5431 his
3272 5380 3420 5429 rebus

1838 5480 2232 5535 instrnctissimi
2278 5480 2511 5549 fuerunt,
2548 5474 2800 5544 facundia
2836 5484 2885 5527 et
2917 5472 3188 5526 rerborum
3216 5468 3419 5522 delectu

1841 5589 1924 5625 eas
1960 5574 2049 5639 qui
2076 5573 2127 5624 in
2148 5572 2244 5624 hac
2274 5581 2424 5640 parte
2450 5570 2809 5623 excelluerunt
2832 5564 3109 5620 cumulatus
3132 5580 3204 5616 es.
3235 5562 3422 5629 Itaque

1844 5674 1991 5715 tuam
2026 5662 2376 5731 eloquentiam
2403 5676 2467 5715 ex
2502 5660 2627 5726 ipsis
2670 5658 2823 5727 quasi
2874 5655 3039 5708 hortis
3084 5654 3264 5706 Atticis
3296 5666 3418 5720 pio—

235 5847 343 5922 (94)
374 5853 649 5924 Gregorius
698 5849 1045 5922 Philosophus
1073 5864 1171 5921 per
1206 5848 1643 5904 antonomasiam
1679 5847 1879 5902 dictus.
