4214 6450
813 371 880 432 c7
1843 363 2265 423 NICEPHout
2307 364 2700 424 cummis
2739 364 3043 424 ELUGIA.
3977 368 4045 427 ea

813 484 1052 536 deuntem
1083 483 1136 534 in
1163 495 1253 532 nos
1285 477 1532 532 invadere
1556 477 1831 537 sentimus,
1857 474 2055 543 quoties
2082 473 2238 527 libros
2261 483 2375 526 tuos

2438 509 2446 535 ι
2476 475 2572 542 τῆς
2607 476 2832 547 γνώμης
2859 477 2918 529 τὸ
2950 474 3226 546 βάρϐαρον
3251 475 3309 527 οὐ
3345 476 3508 544 μόνον
3535 476 3632 528 οὐκ
3664 475 3820 543 ἔσχεν
3849 477 4038 528 ἀποδι-

812 577 866 628 in
897 590 1081 628 manus
1120 575 1374 626 sumimus
1408 588 1426 624 :
1459 588 1520 624 ac
1547 585 1842 624 sermonum
1885 577 2091 620 tuorum
2127 566 2383 619 illecebris

816 669 954 720 velut
989 665 1247 719 machinis
1273 665 1583 733 quibusdam
1613 663 1752 730 capti
1789 676 1965 712 omnes
1990 668 2381 727 expugnantur,

811 769 1086 825 propterea
1134 757 1270 823 quod
1316 756 1626 825 eﬂlorescens
1665 753 1821 806 exiis
1861 751 2001 819 lepos
2032 759 2078 803 et
2110 750 2382 803 verborum

815 861 1104 920 apparatus
1129 850 1536 917 speciosissimus
1566 848 1855 900 auditorem
1900 845 2160 898 alliciunt.
2202 842 2384 913 Neque

815 957 934 993 vero
959 939 1123 993 multa
1169 949 1217 992 te
1261 940 1481 992 eruditio
1524 937 1808 1005 prohibuit,
1843 953 1904 989 ne
1932 937 2194 988 orationes
2223 950 2382 1002 quam

816 1034 1006 1101 optime
1065 1032 1384 1094 elaborares,
1418 1047 1509 1082 nec
1557 1045 1849 1082 sermonem
1897 1038 2043 1080 tuum
2098 1027 2206 1079 ulla
2271 1026 2383 1079 labe

813 1126 1066 1193 eorrupit,
1099 1124 1269 1192 ejusve
1291 1123 1593 1192 expolitioni
1621 1122 1800 1191 obfuit.
1833 1119 1938 1173 Sed
1957 1135 2162 1172 summo
2184 1119 2380 1181 labore,

814 1226 859 1268 et
882 1233 979 1284 per
1002 1216 1401 1268 exercitationes
1445 1214 1722 1280 plurimas,
1767 1213 1932 1264 omnis
1969 1212 2171 1280 generis
2214 1212 2381 1263 omnis

814 1317 953 1362 nota:
994 1309 1336 1359 eruditionem
1369 1306 1634 1359 collectam
1665 1306 1719 1356 in
1753 1305 2010 1357 thesauris
2043 1304 2304 1356 memoria!
2332 1312 2379 1355 et

813 1400 1008 1468 ingenii
1048 1400 1355 1466 reposuisti;
1405 1407 1561 1464 atque
1613 1397 1724 1463 ejus
1767 1397 1902 1449 velut
1946 1412 2156 1464 promus
2187 1395 2379 1448 condas

813 1493 1050 1556 easistis;
1094 1509 1334 1561 quwnam
1351 1490 1576 1551 meliora
1607 1492 1730 1552 sint,
1765 1506 1827 1543 ex
1855 1505 1950 1542 usu
1983 1491 2214 1543 testimas
2244 1489 2377 1555 (95).

811 1595 861 1636 et
905 1599 969 1635 ex
1001 1584 1274 1650 omnigena
1309 1582 1546 1634 doctrina
1587 1580 1741 1648 facile
1786 1597 1849 1632 ac
1894 1579 2029 1632 velut
2082 1596 2146 1634 ex
2194 1590 2380 1646 parato

813 1675 1006 1740 optima
1050 1689 1262 1741 quisque
1301 1673 1548 1738 decerpis,
1591 1681 1638 1724 et
1668 1672 1912 1723 studiosis
1937 1670 2154 1723 subinde
2183 1672 2379 1723 contri-

811 1764 945 1815 buis.
975 1761 1111 1825 Quin
1159 1763 1319 1815 etiam
1349 1763 1581 1830 eﬂ’ecisti,
1620 1771 1675 1814 ut
1714 1771 1764 1814 et
1802 1762 2090 1830 philosophi
2125 1761 2374 1830 elingues,

813 1865 858 1908 et
889 1863 1123 1906 oratores
1168 1855 1378 1906 minime
1429 1853 1719 1922 philosophi
1755 1869 1864 1906 esse
1911 1855 2224 1906 viderentur.
2268 1853 2376 1906 Hoc

810 1947 919 2011 ipso
954 1945 1111 2010 enim,
1153 1945 1288 2014 quod
1337 1944 1674 2012 philosophia:
1719 1945 2032 1998 rhetoricam
2085 1945 2373 2008 miscueris,

809 2047 856 2091 et
882 2052 944 2090 ex
975 2039 1227 2090 ambabus
1259 2046 1329 2090 tot
1363 2038 1517 2091 libros
1550 2038 1876 2104 con/laveris,
1906 2037 1960 2089 in
1989 2037 2174 2106 quibus
2205 2038 2378 2090 obser-

809 2143 934 2178 vare
963 2135 1038 2179 est
1077 2126 1380 2194 conjunctas
1411 2128 1677 2187 utriusque
1711 2126 1952 2190 virtutes,
1989 2142 2156 2178 nonne
2197 2126 2378 2194 palam

810 2219 1014 2272 exsistit
1071 2220 1125 2271 id
1163 2221 1299 2286 quod
1340 2218 1492 2271 dico?
1527 2217 1783 2289 Equidem
1833 2219 1908 2272 sic
1952 2218 2016 2272 de
2057 2219 2378 2272 orationibus

811 2311 913 2363 tuis
946 2312 1108 2363 sentio
1134 2321 1179 2363 et
1216 2311 1518 2378 pronuntio.
1550 2311 1709 2379 Atqui
1739 2311 1847 2364 hinc
1885 2311 2106 2362 strictim
2143 2319 2192 2362 et
2239 2309 2377 2362 velut

810 2402 969 2454 obiter
1003 2419 1033 2453 a
1079 2419 1157 2454 me
1206 2401 1345 2454 dicta
1393 2411 1531 2453 sunt.
1565 2400 1844 2468 Oportebat
1877 2410 2050 2453 autem
2078 2402 2132 2452 in
2164 2411 2376 2453 tuarum

752 2563 760 2570 _
808 2491 1027 2544 laudum
1060 2493 1379 2545 curriculum
1429 2495 1820 2546 descendentem
1857 2508 2036 2544 cavere
2057 2493 2285 2556 omnino,
2320 2500 2377 2544 ut

809 2595 899 2636 tua
935 2585 1026 2636 tibi
1063 2584 1479 2652 dignitassalva
1518 2594 1804 2648 constaret,
1859 2593 1906 2635 et
1961 2592 2211 2650 quantum
2270 2583 2377 2650 ipse

809 2676 1066 2745 facundia:
1100 2676 1255 2728 robur
1303 2676 1351 2727 in
1410 2673 1732 2726 orationibus
1791 2674 1892 2726 tuis
1948 2675 2374 2741 exprompsisses,

807 2775 953 2817 tanto
981 2767 1141 2817 etiam
1190 2766 1257 2816 ad
1305 2781 1394 2818 eas
1448 2767 1612 2817 verbis
1657 2764 2024 2833 pra'dicandas
2066 2766 2377 2816 instructum

807 2859 1048 2910 accedere
1083 2859 1314 2910 decebat.
1358 2861 1430 2909 Tu
1482 2874 1591 2919 nos,
1628 2868 1680 2908 ut
1720 2873 1964 2925 prtrsens,
2013 2859 2089 2909 ita
2119 2866 2164 2908 et
2197 2857 2377 2908 absens

805 2949 1052 3000 delectas.
1095 2947 1296 2999 Bonum
1323 2949 1478 3008 enim,
1522 2964 1637 3000 cum
1666 2958 1792 2999 esset
1821 2949 1874 2998 in
1902 2947 2161 3010 manibus,
2199 2962 2257 2999 eo
2279 2962 2377 3013 quo

808 3056 906 3108 par
938 3049 1051 3092 erat
1079 3055 1228 3092 sensu
1270 3040 1702 3108 percipiebamus.
1737 3040 1799 3090 At
1825 3039 1960 3107 quod
1991 3038 2199 3089 urbium
2228 3039 2378 3106 prin-

2485 565 2596 616 λεῖν
2617 607 2632 631 ,
2665 565 2799 617 ἀλλὰ
2834 565 2924 619 καὶ
2955 565 3458 634 προσεξειργάσατο
3490 567 3580 619 καὶ
3615 565 3954 635 προσέθηκεν
3986 571 4048 618 ἐκ

2485 654 2624 708 πάνυ
2659 673 2738 708 τοι
2773 655 2971 707 πολλοῦ
2999 655 3092 708 τοῦ
3131 656 3445 724 περιόντος,
3478 655 3585 707 τῶν
3617 655 3900 724 ὁμοφύλων
3933 660 4048 724 χεί-

2488 763 2595 817 ρων
2624 749 2690 799 τὰ
2723 747 2947 800 τοιαῦτα
2981 749 3200 816 φανεὶς,
3230 747 3306 810 ὡς
3339 748 3473 816 μηδὲ
3507 749 3877 816 τιαραὸάλλειν
3910 749 4048 812 ἐξεῖ-

2484 853 2590 891 ναι.
2639 837 2856 890 Μᾶλλον
2902 837 3171 890 δ’ὲκείνοι
3221 839 3339 906 μὲν,
3391 840 3439 890 εἰ
3490 839 3580 891 καὶ
3632 838 3899 908 βάρϐαροι
3951 843 4050 906 τὴν

2482 928 2729 992 γλῶτταν
2766 929 2936 990 ἄλλως
2977 931 3075 982 καὶ
3108 931 3167 980 τὸ
3206 925 3335 999 ἦθος
3377 929 3524 992 ὄντες
3559 931 3911 998 τυγχάνουσι,
3951 932 4050 996 τῆς

2482 1020 2704 1086 ἀγωγῆς
2737 1036 2794 1070 τε
2838 1021 2931 1072 καὶ
2961 1020 3068 1070 τῶν
3103 1022 3348 1091 πατρίων
3381 1021 3520 1073 οὕτω
3554 1024 3709 1074 ταυτὶ
3748 1021 4049 1090 χορηγοῦ,-

2481 1127 2618 1176 των,
2652 1110 2785 1162 ἀλλὰ
2819 1112 2912 1163 καὶ
2941 1113 3159 1182 τρόπων
3189 1115 3296 1166 εἰσὶ
3325 1115 3582 1183 χρηστῶν
3611 1117 3704 1172 καὶ
3739 1115 4050 1181 καλοκάγα-

2483 1201 2602 1264 θίας
2635 1204 2726 1254 καὶ
2755 1204 2952 1272 ἀρετῆς
2985 1205 3328 1274 φροντισταὶ,
3363 1206 3596 1258 καθόσον
3625 1199 3736 1258 οἷόν
3765 1223 3821 1257 τε
3843 1219 3855 1233 ·
3890 1209 4048 1257 εὐσε-

2482 1295 2632 1356 ϐείας
2658 1313 2713 1347 τε
2746 1297 2851 1364 πρὸ
2878 1297 2985 1348 τῶν
3011 1297 3186 1350 ἄλλων
3213 1300 3304 1350 καὶ
3329 1300 3438 1350 τῶν
3466 1299 3841 1351 ἁποστολικῶν
3867 1317 3924 1351 τε
3955 1303 4050 1352 καὶ

2481 1389 2764 1460 πατρικῶν
2789 1390 3075 1459 δογμάτων
3105 1392 3438 1444 σπουδασταί
3466 1410 3524 1444 τε
3555 1394 3650 1444 καὶ
3678 1393 3938 1459 φύλακες,
3971 1392 4049 1453 ὡς

2480 1485 2574 1536 καὶ
2605 1482 2776 1549 αὐεῆς
2809 1483 2948 1553 ὑπὲρ
2977 1482 3180 1535 τούτων
3215 1485 3351 1551 μετὰ
3385 1484 3642 1554 πλείστης
3671 1501 3731 1552 γε
3760 1485 3859 1552 τῆς
3893 1484 4048 1551 φιλο-

2479 1575 2665 1643 τιμίας
2695 1577 2752 1627 ὲν
2783 1577 2860 1644 τῷ
2888 1575 2981 1628 τοῦ
3013 1575 3209 1644 καιροῦ
3243 1578 3595 1646 παρασχόντι,
3627 1577 3744 1637 πῶς
3773 1577 3839 1629 ἂν
3873 1577 4049 1638 εἴποις

2481 1667 2683 1734 ἡδέως,
2716 1667 3052 1734 ἀφίστασθαι
3083 1667 3180 1736 τῆς
3215 1667 3412 1737 ψυχῆς.
3450 1670 3510 1721 Ὀ
3542 1669 3598 1720 δὲ
3634 1672 3728 1722 καὶ
3760 1668 4049 1731 κατεξινέ-

2482 1773 2581 1826 στη
2620 1757 2716 1827 τῆς
2757 1759 2851 1809 καὶ
2891 1757 3239 1827 θρεψαμένης
3276 1760 3372 1811 καὶ
3408 1759 3910 1828 παιδαγωγησάσης
3949 1762 4046 1811 καὶ

2404 1825 2451 1879 Β
2479 1825 2649 1915 λόγων
2676 1825 2771 1901 καὶ
2798 1825 3448 1919 ὀνόμ-ατοςῗμεταδούσης,
3481 1850 3562 1928 ὠς.
3588 1825 3918 1920 μὴγῶφλλε-ν,
3949 1852 4045 1902 ἐκ·

2480 1939 2748 2009 κλησῑαςο
2799 1941 2893 1994 καὶ
2938 1942 3008 1995 τὰ
3055 1942 3332 1996 δεινότατα
3385 1945 3476 1995 καὶ
3525 1945 3901 1995 ἀπευκτὸτατα
3951 1943 4045 1994 καὶ

2479 2030 2669 2102 πόρρω
2716 2032 2917 2096 παντὸς
2967 2034 3404 2104 παραδείγματος
3451 2035 3734 2104 ἀκολάστῳ
3785 2036 3877 2087 καὶ
3929 2035 4046 2087 το)-

2483 2124 2633 2193 μηρᾷ
2673 2124 2886 2195 γλώττῃ
2931 2127 3073 2178 κατὰ
3117 2125 3219 2194 τῆς
3257 2125 3495 2195 Χριστοῦ
3536 2126 3752 2195 νύμφης
3797 2125 4039 2192 ὐόρῖζει,

2481 2214 2574 2266 καὶ
2607 2214 2870 2285 Βαρλαὰμ
2903 2216 3021 2269 κατ’
3046 2216 3178 2270 αὑτό
3210 2235 3352 2295 φῃμι
3379 2216 3535 2270 τοῦτο
3563 2218 3652 2269 τὸν
3684 2217 4044 2286 μυσταγωγὸν

2478 2306 2586 2360 τῶν
2615 2307 2870 2362 τοιούτων
2901 2309 3281 2380 παρενεγκὼν.

2549 2396 2812 2468 Gregoras
2857 2416 2976 2452 vero
3013 2401 3131 2463 iste,
3174 2402 3229 2453 in
3260 2404 3392 2454 hanc
3420 2402 3623 2454 urbium
3654 2401 3961 2470 principem,
3999 2415 4046 2455 et

2479 2490 2548 2542 ad
2579 2506 2824 2560 magnam
2857 2491 3278 2545 Christianarum
3316 2493 3670 2546 Ecclesiarum
3699 2505 3942 2560 matrem,
3986 2512 4049 2549 e1:

2479 2580 2732 2635 Barbaris
2769 2599 2885 2636 cum
2919 2586 3204 2637 advenisset
3241 2583 3622 2656 (Paphlagonia
3656 2587 3844 2655 quippe
3866 2589 4050 2640 oriun-

2479 2674 2621 2744 dus),
2661 2685 2934 2743 postquam
2971 2676 3296 2738 educatione,
3349 2676 3646 2743 disciplina,
3693 2687 3740 2730 et
3786 2678 4049 2742 politiori-

2479 2768 2571 2819 bus
2607 2763 2905 2819 Crwcorum
2956 2766 3142 2818 litteris
3175 2769 3228 2818 in
3272 2767 3370 2819 hac
3406 2768 3615 2821 civitate
3657 2768 3731 2820 sic
3776 2769 4050 2821 institutus

2478 2869 2573 2925 est,
2604 2869 2659 2910 ut
2693 2859 2746 2910 in
2780 2858 3053 2910 altioribus
3085 2859 3312 2910 scientiis
3344 2857 3584 2911 nonnihil
3608 2869 3838 2912 versatus
3870 2870 3916 2912 et
3944 2862 4053 2912 ali-

2477 2953 2613 3020 quod
2635 2967 2819 3004 nomen
2849 2950 3084 3002 lucratus
3115 2967 3220 3003 csse
3256 2950 3536 3009 videretur,
3571 2952 3674 3004 imo
3706 2951 3960 3004 illustrius
3989 2968 4053 3003 ac

2479 3042 2652 3109 majus
2680 3058 2838 3110 quam
2874 3045 3009 3109 quod
3049 3057 3103 3094 re
3153 3043 3266 3108 ipsa
3309 3052 3602 3105 meruerat;
3645 3045 3801 3095 ritum
3840 3044 4052 3112 quidem

806 3149 941 3199 ceps,
979 3132 1257 3200 eademque
1295 3133 1466 3198 patria
1497 3143 1694 3193 nostra,
1755 3140 1959 3181 tantum
1989 3129 2087 3182 sibi
2131 3132 2374 3182 honorem
2406 3155 2449 3214 ρ
2480 3143 2528 3188 et
2576 3149 2864 3186 sermonem
2896 3133 3180 3186 barbarum
3220 3135 3602 3204 quodammodo
3632 3136 3804 3199 exuit;
3845 3152 4052 3188 morum

804 3223 1080 3276 ambitiose
1127 3225 1372 3284 vindicet,
1417 3224 1470 3274 itl
1509 3223 1715 3292 quidem
1754 3238 1834 3274 me
1873 3237 2078 3274 summa
2114 3221 2378 3289 uoluptate

807 3317 958 3384 afﬁcit
1004 3331 1020 3368 :
1057 3332 1118 3367 ac
1166 3331 1465 3384 quanquam
1512 3315 1740 3366 locorum
1787 3313 2060 3366 intervallo
2104 3313 2380 3382 disjunga-

808 3427 946 3472 mur,
994 3409 1153 3460 nihilo
1187 3417 1358 3460 tamen
1403 3407 1570 3459 minus
1614 3417 1660 3459 te
1691 3407 1958 3472 diligimus
1983 3421 2139 3473 quam
2167 3406 2212 3457 si
2243 3419 2380 3472 prd:-

808 3515 976 3554 sentes
1006 3501 1334 3564 adessemus;
1365 3509 1410 3551 et
1455 3500 1576 3568 quia
1607 3515 1782 3550 coram
1821 3514 1921 3548 non
1956 3497 2095 3558 licet,
2131 3495 2242 3547 ideo
2290 3511 2376 3546 co-

807 3594 1074 3662 gitationis
1117 3603 1258 3645 motu
1303 3601 1470 3644 tecum
1522 3606 1811 3643 versantur.
1855 3589 2111 3642 (therum
2152 3587 2378 3639 indolem

807 3695 954 3738 tuam
1004 3686 1058 3736 in
1108 3683 1431 3736 orationibus
1471 3685 1571 3734 tuis
1609 3697 1903 3749 expressam
1940 3680 2219 3732 cernimus.
2270 3678 2376 3732 Me-

807 3778 976 3829 moria
1030 3786 1205 3828 autem
1249 3775 1638 3828 consuetudinis
1691 3785 1814 3837 tua',
1853 3783 1900 3824 et
1937 3789 2115 3825 eorum
2162 3773 2249 3840 qui
2297 3772 2377 3823 di-

805 3871 979 3924 scendi
1013 3886 1173 3922 causa
1205 3868 1434 3934 quotidie
1465 3867 1533 3918 ad
1583 3877 1632 3918 te
1669 3866 1947 3929 ventitant,
1991 3865 2224 3915 animum
2262 3862 2380 3915 sub-

804 3969 976 4021 eunte,
1010 3958 1309 4010 Academiw
1339 3965 1387 4008 et
1420 3953 1570 4024 Lycei
1596 3955 1874 4022 imaginem
1905 3953 2048 4004 nobis
2069 3953 2374 4020 eﬂingimns.

807 4029 880 4107 Ᾰσ
911 4054 1002 4104 tibi
1030 4051 1258 4120 quidem,
1301 4050 1438 4118 quod
1485 4047 1745 4115 pra'clara
1781 4048 1882 4099 ista
1921 4046 2219 4113 obtigerint,
2250 4062 2377 4114 gra-

803 4146 1082 4204 tulamur;
1129 4158 1221 4194 nos
1256 4157 1373 4193 vero
1402 4142 1560 4208 ipsos,
1594 4137 1727 4207 quod
1762 4148 1807 4190 te
1832 4141 1938 4189 ha'c
1965 4148 2093 4190 astas
2125 4137 2300 4189 tulerit
2329 4148 2376 4189 et

807 4238 926 4288 mitte
955 4245 1059 4286 tua:
1099 4247 1299 4300 tempus
1347 4233 1399 4282 in
1426 4231 1519 4282 hoc
1553 4239 1786 4281 nostrum
1837 4227 2082 4280 saeculum
2117 4229 2378 4289 inciderit,

807 4327 981 4394 felices
1035 4326 1405 4393 pra’dicamus.
1465 4322 1592 4390 Ejus
1651 4323 1744 4374 tibi
1802 4337 1959 4390 quant
2018 4321 2377 4389 longissimum

803 4420 1036 4485 spatium
1058 4418 1260 4468 utinam
1290 4429 1618 4485 prorogetur,
1656 4425 1707 4465 ut
1734 4429 1915 4465 earum
1950 4428 2146 4471 rerum,
2181 4426 2295 4479 qua:
2326 4412 2377 4462 in

2482 3233 2656 3278 autem
2682 3234 2728 3278 et
2757 3225 2922 3277 animi
2945 3224 3242 3277 barbariem
3269 3241 3370 3279 non
3415 3227 3568 3278 modo
3594 3242 3695 3278 non
3733 3227 3927 3289 amisit,
3956 3230 4054 3280 sed

2481 3326 2536 3369 ut
2589 3317 2762 3384 major
2806 3326 2929 3369 esset
2964 3332 3175 3384 operam
3216 3316 3378 3381 dedit,
3424 3325 3472 3370 et
3511 3317 3814 3384 plenissima
3851 3317 3916 3370 de
3955 3334 4055 3370 suo

2481 3407 2770 3458 accessione
2801 3407 3108 3468 cumulavit,
3140 3407 3478 3474 popularibus
3517 3410 3623 3461 sitis
3656 3409 3784 3461 adeo
3833 3409 3922 3462 ille
3960 3427 4054 3476 pe-

2473 3495 2564 3563 jor
2599 3498 2696 3547 hac
2724 3496 2778 3547 in
2809 3505 2981 3562 parte,
3010 3506 3064 3549 ut
3095 3513 3210 3549 cum
3246 3512 3304 3549 eo
3351 3513 3410 3549 ne
3435 3497 3657 3566 conferri
3693 3499 3899 3565 quidem
3927 3515 4053 3567 pos-

2481 3588 2604 3638 sint.
2658 3587 2935 3640 Enimvero
2970 3589 3044 3650 hi,
3094 3605 3394 3657 quanquam
3439 3590 3615 3658 lingua
3665 3602 3714 3644 et
3769 3594 3873 3644 ritu
3916 3592 4056 3644 Bar-

2482 3677 2618 3739 bari,
2649 3678 2700 3730 id
2738 3680 2873 3746 quod
2909 3684 2973 3731 ab
3013 3681 3320 3732 educatione
3353 3692 3400 3733 et
3454 3683 3519 3734 ab
3563 3683 3813 3736 institutis
3859 3685 4054 3750 patriis

2480 3768 2690 3830 habent,
2722 3780 2894 3822 tamen
2927 3771 3153 3825 moribus
3185 3773 3331 3838 Probi
3358 3783 3499 3834 sunt,
3541 3775 3962 3844 honestatemque
4004 3788 4053 3828 et

2480 3864 2742 3926 virtutem,
2771 3875 3023 3931 quantum
3069 3865 3120 3916 in
3162 3881 3215 3917 se
3246 3877 3340 3927 est,
3392 3865 3586 3919 colunt.
3651 3865 3819 3918 Iidem
3872 3883 4054 3920 ueram

2481 3955 2786 4021 religionem
2835 3959 3286 4026 apostolornmque
3324 3972 3370 4012 et
3412 3961 3629 4013 Patrum
3659 3962 3907 4028 dogmata
3934 3975 4021 4015 stu
4042 3993 4054 4002 ~

2479 4047 2621 4098 diose
2661 4063 2771 4114 prce
2805 4050 3004 4100 carteris
3039 4050 3423 4116 ainplectuntur
3465 4063 3511 4104 et
3562 4053 3879 4114 custodiunt,
3929 4057 4054 4105 ani-

2481 4154 2622 4190 mam
2669 4139 2832 4204 ipsam
2865 4156 2957 4206 pio
3001 4141 3086 4203 iis,
3137 4143 3180 4193 si
3218 4156 3416 4210 tempus
3460 4145 3616 4211 ferat.
3663 4160 3865 4196 summa
3922 4161 4053 4196 con-

2483 4233 2708 4284 tentione
2742 4242 2788 4284 et
2848 4235 3079 4284 maximo
3139 4250 3253 4284 cum
3312 4235 3508 4301 gaudio
3540 4235 3798 4302 e/fnndere
3848 4239 4052 4302 parati.

2484 4322 2586 4375 Iste
2643 4335 2825 4376 contra
2871 4325 2923 4375 in
2987 4341 3101 4376 eam
3146 4323 3433 4377 Ecclesiam
3491 4327 3794 4388 insnrrexit,
3839 4343 3953 4396 qua
4004 4338 4051 4378 «ι

2481 4415 2689 4468 aluerat
2728 4425 2774 4467 et
2822 4417 3089 4481 prteceptis
3145 4417 3492 4484 formaverat;
3543 4435 3656 4485 quw
3695 4420 3958 4486 eloquium
4001 4433 4048 4472 et

805 4520 857 4560 te
900 4509 1106 4561 eximite
1151 4517 1293 4571 sunt,
1348 4507 1575 4559 homines
1639 4522 1794 4574 quam
1839 4504 2052 4571 plurimi
2102 4506 2270 4572 partic
2293 4519 2378 4570 pes
2412 4499 2452 4551 D
2483 4522 2667 4558 nomen
2713 4509 2935 4574 (utinam
2976 4522 3036 4558 ne
3081 4508 3152 4558 ita
3199 4524 3276 4559 res
3307 4509 3498 4573 esset!)
3531 4510 3793 4575 impertita
3836 4512 4050 4578 fuerat;

801 4601 959 4666 ﬂaui.

873 4709 966 4761 ~IY.
1010 4708 1310 4762 Philotheus
1335 4707 1658 4776 patriarcha,
1703 4707 1989 4758 Antirrltet.
2022 4704 2135 4758 ΧΗ
2167 4708 2297 4774 μεθ).

881 4827 1159 4894 Γρηγορᾶς
1193 4825 1232 4875 δ’
1257 4825 1472 4874 οιτοσὶν
1497 4863 1509 4882 ,
1545 4824 1605 4873 ἐκ
1640 4822 1926 4891 βαρϐάρων
1956 4822 2106 4889 παρὰ
2139 4823 2236 4892 τὴν
2270 4822 2377 4872 τῶν

810 4913 1016 4962 φώρ-ξων
1045 4911 1284 4977 βασιλίδα
1315 4913 1535 4972 ταυτηνὶ
1564 4914 1653 4960 καὶ
1681 4916 1778 4978 τὴν
1808 4912 2046 4979 μεγάλην
2076 4911 2241 4963 ελῦὼν
2268 4912 2375 4963 τῶν

809 5002 1118 5071 ἐκκλησιῶν
1151 5003 1238 5053 τοῦ
1268 5002 1502 5070 Χριστοῦ
1541 5005 1750 5071 μητέρα
1783 5001 1912 5070 (τῆς
1945 5005 2050 5070 γὰρ
2089 5004 2373 5069 [Ιαερλαγό-

805 5113 914 5146 νην
943 5095 1166 5162 ὥρμηται
1189 5096 1332 5161 γῆςι,
1367 5100 1456 5144 καὶ
1487 5093 1710 5161 ἀγωγῆς
1743 5093 1834 5144 καὶ
1866 5095 2110 5154 παιδείας
2144 5094 2372 5144 Evn-301

810 5192 904 5236 καὶ
939 5187 1140 5253 μούσης
1172 5184 1486 5253 Ἑλληνικῆς
1523 5185 1824 5253 μετασχὼν,
1854 5185 1926 5246 ὼς
1962 5190 2051 5234 καὶ
2088 5184 2376 5252 μετεώρων

811 5277 1046 5344 animi
1081 5292 1198 5327 τινα
1233 5276 1380 5340 διξαι
1417 5278 1506 5328 καὶ
1541 5277 1799 5345 ὀνόματος
1835 5277 2158 5343 εὐμοιρῆσαί
2195 5293 2334 5336 τινος
2357 5316 2370 5339 ,

816 5369 1016 5435 μᾶλλον
1041 5368 1095 5420 δὲ
1124 5369 1214 5420 καὶ
1241 5368 1333 5418 τοῦ
1363 5367 1480 5419 κατ’
1503 5369 1662 5419 αὑτὸν
1691 5371 2011 5436 πράγματος
2042 5366 2373 5434 ὑψηλοτέρου

813 5462 911 5511 καὶ
953 5459 1212 5526 μείζονος,
1252 5460 1312 5509 τὸ
1358 5461 1454 5525 μὲν
1497 5460 1770 5528 βάρΰαρον
1813 5455 1940 5526 ἦθος
1981 5459 2239 5524 ἁμηγέπη
2282 5456 2374 5506 καὶ

811 5554 909 5620 τὴν
947 5553 1126 5619 φωνὴν
1167 5552 1456 5604 ἀποϐαλεῖν
1495 5552 1652 5618 inv
1696 5552 1798 5603 τῶν
1836 5551 1889 5601 δὲ
1929 5550 2141 5617 τρόπων
2180 5564 2234 5598 τε
2283 5548 2372 5599 καὶ

883 5712 996 5778 (93)
1037 5711 1120 5763 Vel
1150 5713 1368 5765 meliora
1402 5729 1498 5764 usu
1529 5715 1745 5779 probas.

883 5784 995 5850 (913)
1026 5782 1104 5835 Ex
1136 5785 1256 5836 coal.
1288 5786 1417 5854 livg.
1460 5785 1610 5847 19%).},
1645 5786 1736 5838 iul.
1767 5784 1890 5836 ⁸285.

2479 4606 2633 4662 atque
2664 4598 2714 4646 in
2747 4593 2942 4648 Christi
2983 4615 3226 4659 sponsam
3275 4600 3651 4664 atrocissimas,
3677 4601 3966 4654 horrendas
4002 4616 4048 4654 ct

2479 4687 2542 4737 ab
2591 4687 2821 4754 exemplo
2874 4690 3016 4739 omni
3079 4690 3449 4742 remotissimas
3511 4693 3853 4744 contumelias
3895 4694 4046 4759 jecit,

2478 4775 2823 4849 Barlaamnm
2870 4780 3060 4845 ipsum,
3097 4782 3192 4830 hac
3239 4781 3291 4830 in
3321 4797 3372 4831 re
3415 4782 3670 4846 videlicet,
3706 4785 3892 4836 horum
3924 4785 4034 4854 [ma

2475 4870 2693 4936 gistrum
2721 4868 2790 4938 et]
2823 4871 3109 4921 antistttem
3145 4881 3560 4939 pra'tergressns.

2481 4976 2542 5029 ν.
2597 4978 2706 5031 Τοῦ
2745 4979 3116 5042 Ἀκινδύνου,
3144 4980 3211 5031 ἐκ
3245 4983 3699 5047 θεσσιιλονίκης
3743 4985 3889 5050 πρὸς
3943 4985 4049 5036 τὸν

2993 5074 3113 5138 Γρη
3128 5073 3302 5140 γορίὶιι·
3325 5073 3436 5141 (97)
3449 5116 3461 5130 ,

2548 5183 2848 5252 Βαλσαμὼν
2881 5185 2908 5235 ὁ
2937 5190 3206 5250 γενναῖος,
3251 5186 3396 5252 qlia;
3431 5187 3504 5236 ὢν
3544 5189 3662 5252 ἐμοί
3705 5187 3796 5237 καὶ
3855 5186 4046 5252 φίλι-,ις

2482 5277 2684 5336 πάντας
2718 5276 3147 5345 ὑπερὸαλὸμενος
3181 5277 3247 5328 τὰ
3275 5281 3403 5346 πρὸς
3430 5280 3548 5347 ἐμὲ,
3595 5279 3707 5331 ἀντ’
3746 5278 3906 5342 ἄλλης
3967 5297 4042 5329 τις

2480 5363 2565 5423 νὸς
2598 5362 2852 5431 λαμπρᾶς
2879 5367 2967 5415 κιὶ
3003 5366 3244 5434 μεγάλης
3268 5369 3584 5435 εὐεργεσίας
3623 5367 3760 5438 (ᾔδει
3814 5368 3920 5434 γάρ
3976 5386 4041 5432 με

2485 5454 2570 5505 σοῦ
2600 5471 2654 5504 τε
2684 5457 2775 5505 καὶ
2806 5458 2912 5505 τῶν
2950 5457 3054 5507 σῶν
3081 5462 3522 5527 συγγραμμάτων
3551 5461 3751 5527 σφόδρα
3790 5461 4047 5526 περικαό-

2483 5547 2660 5614 μενον)
2693 5547 2870 5614 φέρων
2905 5549 3196 5617 ἐι.ιχείρ.σὲ
3224 5568 3312 5619 μοι
3345 5552 3439 5620 τὴν
3473 5555 3567 5622 σὴν
3596 5551 3903 5611 ἐπιστολὴν,
3945 5550 4046 5614 τὴν

2558 5710 2664 5774 (ΞΠ)
2706 5709 2980 5777 Descripta
3022 5726 3085 5762 ex
3116 5711 3234 5763 cod.
3278 5711 3395 5765 Val.
3429 5712 3582 5776 1086,
3613 5725 3774 5764 nmnu
3802 5709 3944 5764 C'ur.
3985 5711 4042 5762 γ.

2489 5779 2546 5830 [ι.
2591 5781 2885 5842 lit-iuuant“,
2918 5782 3096 5833 Sucu.
