4214 6450
157 362 217 420 9³1
1267 365 1319 424 Π
1333 366 1347 423 Ι
1362 364 1585 428 ΕιιῡΝ.
1636 368 1740 426 \Vll

1847 366 1920 425 iu
1965 344 2383 431 caerulo.
3363 380 3433 442 ss

158 485 387 525 exorsus
419 470 709 526 historiam
742 488 1009 527 annorum
1036 475 1268 547 “5(88)
1297 478 1365 533 ad
1399 496 1551 534 suam
1580 496 1751 551 usque
1785 486 1824 539 Α
1858 494 1957 533 nec
2011 480 2173 535 citius
2229 496 2546 551 oppressam
2581 496 2726 550 esse,
2778 484 3008 541 mirarer
3049 489 3225 557 potius
3271 508 3433 560 quam

156 574 397 625 aetatem,
434 576 488 617 et
546 564 841 620 Andronici
899 564 1189 641 Palmologi
1226 573 1466 637 juttioris
1516 576 1746 638 obitum,

160 655 394 720 eleganti
432 656 572 727 ston
611 658 940 728 descriptam
980 660 1135 714 nobis
1165 661 1318 716 dedit
1356 681 1368 716 :
1409 665 1588 731 itaque
1621 682 1751 733 sup-

160 747 325 820 plevit
350 758 569 817 eaquaa
607 750 903 820 reliquerat
934 750 1260 819 Cboniates,
1308 766 1368 810 ut
1404 755 1493 811 hic
1525 755 1750 812 Zonartc

158 852 308 894 suam
345 841 725 895 narrationem
754 852 1080 899 attexuerat.

222 934 499 987 Caeterum
532 943 585 987 et
645 934 733 989 hic
788 934 927 990 idem
982 937 1128 1008 quod
1186 938 1241 992 in
1293 937 1563 996 Choniate
1608 942 1744 996 mihi

156 1045 276 1081 cunt
314 1028 633 1091 accidisset,
670 1042 773 1083 nec
805 1028 985 1084 vicina
1023 1032 1368 1101 temporibus
1402 1034 1615 1088 nostris
1646 1033 1749 1105 By-

158 1120 468 1173 zantiorum
522 1129 641 1173 acta
684 1130 879 1174 auctor
927 1120 1019 1175 ille
1073 1122 1391 1195 attigisset:
1426 1126 1751 1197 nullumque

154 1214 408 1266 Graecum
444 1212 768 1280 scriptorem
818 1223 1063 1277 exstare,
1113 1226 1208 1268 aut
1263 1226 1413 1271 certe
1464 1219 1597 1274 mihi
1628 1237 1750 1276 esse

156 1306 438 1374 cognitum
475 1305 743 1369 dolerem,
778 1304 870 1375 qui
903 1314 1106 1360 caetera
1142 1323 1313 1377 usque
1367 1311 1433 1365 ad
1481 1312 1753 1366 Constan-

158 1399 429 1466 tinopolin
462 1415 491 1452 a
530 1398 725 1453 Turcis
772 1410 1119 1471 occupatam,
1170 1413 1226 1457 et
1273 1404 1567 1476 imperium
1602 1409 1753 1463 Grae-

155 1508 341 1545 corum
380 1510 410 1545 a
457 1493 764 1547 Mahomete
819 1509 1044 1563 prorsus
1086 1511 1340 1552 eversum
1390 1516 1750 1572 persequere-

156 1593 237 1634 tur
275 1600 289 1635 :
325 1585 619 1637 commode
664 1599 693 1657 a
724 1584 1030 1641 clarissimo
1065 1586 1184 1644 viro
1220 1588 1288 1646 Ι).
1320 1588 1571 1661 Philippo
1597 1592 1753 1648 Gun-

154 1673 327 1739 delio,
352 1672 656 1728 Viennensi
700 1676 1139 1744 jurisconsulto,.
1170 1680 1237 1735 ad
1292 1697 1378 1736 me
1418 1684 1618 1739 missus
1665 1696 1752 1740 est

155 1765 430 1821 Laonieus
458 1766 947 1840 Chalcocondyles,
978 1788 1111 1841 quo,
1142 1782 1249 1827 uta
1272 1774 1590 1846 fatigatione
1620 1794 1751 1832 con-

1858 572 2177 627 miserat-er.
2233 571 2342 627 Etsi
2399 572 2466 626 ad
2527 575 3059 631 conuuiscrationem
3108 580 3288 634 clades
3333 583 3437 637 illa:

1855 672 1910 715 et
1957 662 2331 717 ﬂorentissimi
2372 665 2849 734 potentissimique
2902 668 3172 734 quondam
3229 674 3435 738 imperii

1856 755 2034 819 ruina,
2083 766 2137 809 et
2187 756 2519 809 Christianae
2569 757 2845 826 religionis
2892 773 2922 812 e
2963 766 3043 812 tot
3092 761 3438 825 amplissimis

1853 846 2151 916 provinciis
2184 846 2510 915 proﬂigatio,
2541 847 2622 900 vel
2646 863 2771 901 saxa
2798 863 3145 904 commovere
3174 854 3390 920 possint
3420 870 3433 905 :

1855 928 2305 993 nestrosrautetn
2351 938 2623 998 homines.
2677 939 2839 993 simili
2884 947 3029 999 statu
3080 956 3281 1005 rerum,
3338 959 3440 998 nec

1856 1030 2071 1083 illorum
2121 1030 2527 1093 misericordia,
2563 1046 2664 1084 nec
2696 1031 2889 1084 similis
2926 1032 3077 1085 exitii
3113 1044 3259 1088 metu
3291 1052 3440 1089 rom-

1854 1122 2059 1177 m0veri
2108 1123 2178 1177 sit
2230 1122 2587 1176 mirandum:
2624 1136 2725 1175 nec
2779 1122 3178 1189 desperandum
3229 1134 3437 1189 tamen,

1853 1214 1971 1269 fore
2005 1215 2225 1276 multos,
2256 1212 2349 1281 qui
2382 1212 2466 1265 his
2503 1227 2612 1265 non
2646 1212 2808 1265 modo
2839 1213 2903 1265 ad
2939 1214 3294 1283 voluptatem,
3342 1218 3440 1273 sed

1854 1306 2109 1360 etiamad
2138 1306 2411 1375 publicam
2446 1306 2732 1359 utilitatem
2767 1306 3033 1375 legendis,
3074 1318 3225 1362 tuum
3260 1326 3440 1365 consi-

1857 1399 1986 1451 lium
2015 1398 2307 1458 laudaturi,
2327 1404 2381 1450 et
2405 1398 2548 1451 inter
2566 1408 2758 1452 cetera
2784 1408 3109 1451 ornamenta
3132 1416 3293 1468 quam
3323 1402 3442 1469 plu-

1854 1488 1991 1542 rima
2006 1488 2347 1541 numeraturi
2367 1488 2499 1552 sint,
2526 1488 2615 1554 qui
2634 1488 2831 1540 illustri
2848 1500 3202 1542 monumento
3216 1494 3443 1557 posteris

1852 1581 2019 1635 etiam
2052 1580 2361 1634 consultum
2394 1581 2631 1634 volueris
2653 1596 2666 1632 :
2688 1592 2743 1634 et
2775 1581 3069 1635 multorum
3099 1585 3334 1648 animos,
3356 1585 3442 1639 his

1852 1670 2118 1740 operibus
2164 1670 2221 1723 in
2268 1669 2549 1739 publicum
2582 1669 2761 1732 editis,
2817 1670 2880 1722 ad
2932 1673 3119 1739 patria:
3168 1670 3443 1725 defensio-

1854 1779 1978 1818 nem
2024 1764 2235 1833 majore
2274 1762 2456 1817 studio
2490 1762 2888 1830 suscipiendam
2921 1764 3200 1817 excitaris.

151 1859 427 1913 versionis
456 1860 712 1914 nonnihil
764 1863 1199 1930 acquiescerem,
1250 1867 1407 1921 avide
1459 1883 1741 1937 percursa,
1781 1859 1822 1915 Β
1921 1857 2101 1925 Atque
2136 1856 2249 1909 haec
2288 1856 2357 1910 de
2407 1856 2661 1910 historia.
2720 1853 2797 1909 De
2843 1866 3068 1909 auctore
3114 1871 3221 1909 noa
3256 1858 3440 1911 mults

151 1954 309 2022 plane
332 1954 470 2007 mihi
499 1953 844 2009 satisfactum
870 1970 993 2011 esse
1022 1957 1256 2026 cognovi
1293 1977 1306 2012 :
1340 1968 1509 2029 atque
1530 1962 1581 2014 in
1618 1978 1738 2017 eam

152 2045 492 2128 sententiam
524 2060 644 2099 sum
694 2045 989 2111 adductus,
1037 2057 1097 2103 ut
1145 2048 1261 2104 fato
1294 2051 1553 2120 quodam,
1594 2057 1738 2123 quod

152 2136 305 2189 initio
346 2136 490 2201 dixi,
524 2136 727 2191 factum
761 2153 882 2192 esse
913 2139 1311 2201 existimarem.
1352 2154 1412 2198 ttt
1446 2153 1501 2199 et
1539 2146 1740 2202 libera-

148 2228 299 2281 litate
346 2237 462 2291 tua,
524 2238 578 2283 et
626 2213 1070 2285 Doreuschwami
1103 2233 1397 2304 Byzantina
1436 2247 1489 2291 et
1540 2239 1738 2293 Asiana

150 2319 626 2390 peregrinatione,
683 2331 740 2375 et
781 2336 904 2376 meo
949 2324 1322 2395 qualicunque
1354 2327 1559 2393 labore,
1597 2330 1741 2384 inte-

150 2426 304 2480 grum
334 2411 510 2465 totius
533 2410 840 2482 Byzantinus
868 2414 1122 2471 Historiae
1150 2432 1371 2488 corpus,
1398 2430 1452 2474 et
1484 2422 1740 2478 omnibus

148 2519 318 2572 ’πονο
360 2505 614 2559 numeris
651 2506 769 2561 suis
809 2506 1140 2575 absolutum,
1179 2513 1386 2566 nostris
1423 2515 1738 2572 hominibus

149 2605 557 2662 proponeretur
587 2613 603 2650 :
635 2598 795 2665 cujus
824 2598 985 2652 lectio
1014 2616 1122 2654 non
1150 2610 1259 2656 tam
1290 2604 1554 2673 jucunda,
1576 2621 1737 2675 quam

148 2683 409 2739 salutaris
434 2696 601 2752 esset,
646 2688 690 2743 si
720 2689 755 2743 ii
788 2690 880 2759 qui
914 2707 1098 2746 rerum
1144 2696 1453 2763 potiuntur,
1507 2712 1574 2752 ex
1610 2698 1742 2753 alie-

151 2778 233 2831 nis
268 2780 520 2847 peecatis
556 2796 657 2835 sua
696 2784 992 2839 emendare
1021 2797 1374 2843 conarentur.
1415 2788 1557 2843 Idem
1590 2791 1737 2845 enim

151 2870 345 2935 hostis,
385 2871 481 2940 qui
516 2872 706 2927 beatas
737 2875 866 2927 olim
902 2877 1045 2932 Asiae
1084 2885 1139 2931 et
1171 2878 1393 2933 Grieche
1425 2882 1738 2950 provincias

151 2966 446 3030 oppressit,
482 2966 735 3024 vastavit.
770 2972 987 3033 evertit,
1014 2973 1215 3025 nostris
1245 2971 1406 3025 etiam
1434 2974 1740 3028 cervicibus

154 3055 445 3107 innninet:
494 3067 549 3109 et
593 3065 838 3111 extrema
892 3074 1124 3130 quaeque
1175 3062 1289 3116 orbi
1322 3062 1652 3129 Christiano,
1686 3074 1740 3119 et

154 3144 591 3201 internedonem
624 3148 897 3221 religioni,
933 3151 1135 3207 frustra
1158 3154 1246 3208 illi
1272 3156 1491 3224 quidem
1540 3164 1739 3227 (neque

1850 1956 1935 2001 est
1979 1962 2139 2017 opus.
2194 1945 2331 2000 Nam
2377 1963 2486 2017 quo
2540 1948 2776 2018 ingenio,
2826 1947 3094 2007 doctrina.
3162 1949 3437 2011 facundia,

1852 2040 2182 2093 auctoritate
2210 2040 2352 2110 apud
2383 2055 2511 2095 suos
2541 2040 2724 2102 fuerit,
2762 2042 2880 2111 ipse
2919 2042 3134 2095 abunde
3174 2043 3436 2096 declarat.

1851 2129 2024 2196 Quem
2075 2148 2200 2186 cum
2254 2149 2315 2187 ea
2350 2149 2473 2203 qua:
2506 2133 2574 2188 de
2608 2133 2872 2188 Michaele
2911 2132 3217 2205 Pal-.eologo
3265 2151 3440 2203 usque

1851 2226 1915 2276 all
1949 2223 2336 2280 Catelanorum
2374 2226 2442 2279 ab
2477 2227 2791 2280 Andronico
2822 2229 3035 2281 seniore
3072 2227 3437 2281 defectionem

1850 2316 2061 2378 sl-ribit,
2118 2332 2146 2369 a
2206 2318 2441 2389 Georgio
2495 2316 2855 2388 Pacbymcrio
2911 2328 3217 2371 mutuatum
3274 2334 3437 2386 esse,

1850 2418 2015 2476 atque
2046 2409 2099 2461 in
2138 2409 2524 2477 compendium
2575 2410 2853 2477 redegisse
2901 2411 3279 2479 cognovissent
3325 2426 3439 2465 τοι

1850 2498 2167 2569 Augustana
2223 2501 2551 2555 bibliotheca
2613 2501 2745 2555 illud
2795 2517 2935 2571 Opus
2980 2513 3263 2572 acceptum
3313 2518 3440 2572 per-

1846 2588 1951 2664 legi
2004 2610 2019 2646 :
2079 2600 2134 2645 et
2182 2607 2303 2661 quin
2353 2608 2462 2646 non
2519 2592 2733 2645 inutilia
2782 2593 3127 2657 videbantur,
3178 2606 3437 2664 excerpta

1853 2662 2110 2754 Gregorze
2158 2685 2334 2755 adjeci
2370 2702 2383 2739 :
2418 2702 2508 2749 ne,
2543 2687 2719 2755 quoad
2761 2701 2977 2757 possem
3009 2698 3063 2741 et
3094 2688 3304 2753 liceret,
3344 2704 3437 2743 vo-

1852 2774 2045 2829 luntati
2110 2786 2213 2831 tua:
2247 2787 2412 2845 atque
2464 2777 2648 2833 officio
2678 2794 2801 2833 meo
2843 2780 3115 2835 deessem.
3164 2782 3239 2835 Ac
3280 2783 3435 2850 plura

1855 2885 1989 2923 sane
2016 2869 2382 2939 collegissem,
2424 2872 2527 2924 nisi
2560 2871 2608 2925 is
2641 2872 2811 2926 codex
2854 2884 2907 2926 et
2936 2873 3205 2942 principio
3236 2886 3290 2928 et
3332 2878 3437 2930 tine

1854 2962 2097 3022 mutilus,
2139 2962 2193 3014 in
2226 2962 2409 3017 medio
2444 2963 2607 3016 etiam
2654 2962 2860 3035 aliquot
2903 2964 3047 3017 foliis
3094 2966 3289 3033 partim
3340 2982 3440 3019 cx-

1850 3054 2036 3114 scetis,
2071 3056 2267 3123 partim
2302 3055 2533 3127 marinis
2564 3054 2819 3110 ﬂuctibus
2867 3059 2949 3127 (ut
2978 3058 3196 3127 opinor)
3247 3063 3432 3112 made-

1850 3150 2029 3213 factis,
2081 3158 2136 3202 ct
2188 3150 2386 3203 litteris
2438 3158 2706 3203 vetustate
2758 3150 3219 3215 exolescentibus,
3253 3155 3439 3207 studio

152 3240 298 3293 enim
349 3239 560 3295 Christi
613 3218 921 3298 Servatoris
971 3245 1144 3299 nostri
1204 3218 1449 3315 potentia
1485 3218 1741 3303 humanis
1766 3218 1812 3278 θ
1846 3256 1969 3294 meo
1999 3241 2249 3298 etoculis
2279 3241 2537 3296 diuturna
2572 3242 2689 3297 fere
2720 3253 2775 3295 et
2806 3251 3070 3313 perpetua
3094 3246 3331 3299 lcetione
3369 3262 3433 3301 ac

151 3332 317 3383 armis
347 3333 492 3386 vinci
529 3344 750 3403 potest),
780 3335 874 3389 sed
909 3337 1068 3392 nobis
1101 3353 1210 3392 non
1240 3340 1359 3393 sine
1385 3341 1607 3408 capitali
1642 3358 1740 3411 pe-

153 3422 326 3476 riculo
366 3425 605 3478 minatur
638 3443 653 3478 :
685 3435 741 3481 et
782 3426 856 3481 ita
886 3428 1147 3494 minatur,
1185 3438 1243 3484 ut
1281 3430 1385 3486 hoc
1414 3431 1741 3487 Christiana:

153 3520 477 3588 reipublicae
522 3528 664 3573 statu
693 3522 876 3589 (quem
906 3522 992 3575 vel
1040 3521 1166 3575 mali
1201 3522 1401 3578 ominis
1448 3539 1611 3577 causa
1659 3525 1739 3577 vi-

153 3613 328 3674 tandi,
358 3612 444 3666 vel
476 3629 543 3665 ne
568 3613 662 3682 qui
694 3626 755 3666 se
792 3612 1086 3684 perstringi
1118 3623 1332 3684 putent,
1368 3631 1493 3671 cum
1526 3616 1737 3687 Byzan-

154 3707 269 3759 tino
320 3706 466 3759 haud
515 3704 763 3774 confero)
800 3706 961 3759 mina:
1015 3706 1136 3777 ejus
1181 3723 1209 3757 a
1263 3710 1483 3762 nemine
1513 3712 1737 3763 cordato

151 3796 433 3850 contemni
483 3806 706 3864 queant.
757 3795 853 3851 Sin
903 3798 1069 3867 aliqui
1119 3799 1192 3853 ita
1224 3796 1470 3869 stupent,
1515 3812 1569 3854 ut
1623 3803 1740 3856 haec

151 3896 244 3939 aut
272 3902 389 3939 non
419 3887 725 3956 intelligant
754 3897 905 3949 :aut,
933 3887 977 3941 si
1003 3888 1334 3958 intelligunt,
1368 3906 1477 3944 non
1503 3900 1733 3945 curent:

152 3989 265 4039 aut.
288 3980 334 4033 si
365 3989 580 4039 emant,
604 3994 713 4032 non
744 3979 799 4033 in
831 3994 899 4036 eo
930 3996 1029 4049 pro
1055 3981 1198 4036 virili
1226 3984 1528 4050 elaborent,
1557 3987 1738 4039 omni-

152 4071 254 4125 bus
286 4073 520 4140 privatis
559 4073 1008 4127 contentionibus
1042 4073 1284 4138 omissis,
1334 4084 1394 4129 ut
1442 4077 1736 4130 incolumi-

154 4165 244 4217 tati
302 4173 503 4216 nostre
550 4164 919 4218 consulatur:
957 4165 1183 4219 evidens
1236 4166 1627 4236 indignation?s
1657 4170 1738 4222 .τί-

149 4255 291 4307 vinre
321 4263 512 4308 contra
531 4270 651 4317 nos,
682 4263 738 4309 et
760 4256 1002 4325 urgentis
1032 4258 1237 4311 scelera
1254 4269 1437 4313 nostra
1459 4262 1732 4325 vindictae,

148 4346 290 4413 quod
325 4355 520 4398 auctor
557 4346 643 4398 hic
672 4354 859 4399 noster
892 4349 1085 4399 crebro
1119 4349 1392 4417 queritur,
1439 4365 1735 4421 argumen-

150 4448 261 4487 tum
290 4436 345 4489 id
380 4451 503 4489 esse
534 4436 805 4489 videatur.

1842 3335 2141 3402 scriptione
2174 3334 2332 3388 fessis
2365 3344 2421 3388 et
2470 3334 2741 3389 hebetatis
2791 3338 3437 3431 vehementer'advl-rsa-

1846 3433 1931 3476 tus
1978 3434 2145 3485 esset.
2190 3434 2355 3494 atque
2407 3426 2896 3481 incommodasset.
2930 3426 3425 3499 Chalcorondylem

1842 3528 2023 3571 autem
2052 3533 2183 3571 suus
2220 3519 2512 3586 interpres.
2549 3536 2655 3588 qua
2684 3530 2766 3575 est
2802 3520 3051 3574 doctrina
3078 3530 3133 3573 et
3159 3522 3426 3590 eloquen-

1838 3608 1937 3679 tia,
1980 3607 2050 3661 ita
2082 3609 2507 3671 commendabit,
2542 3619 2602 3664 ut
2657 3610 2787 3663 tnihi
2824 3611 2955 3663 satis
2982 3626 3130 3665 nunc
3173 3627 3295 3665 esse
3326 3612 3425 3666 de-

1842 3702 1989 3768 beat,
2021 3702 2067 3756 si
2104 3702 2419 3768 labores,hi
2468 3705 2576 3758 mei
2608 3706 2853 3773 aequitati
2890 3715 2941 3758 et
2976 3705 3286 3759 liberalitati
3322 3717 3427 3761 tum

1841 3796 2213 3849 commendati
2244 3795 2472 3859 fuerint,
2508 3808 2563 3851 et
2606 3797 2843 3866 probati.
2894 3799 3149 3867 Augustae
3183 3798 3427 3851 Vindeli-

1840 3900 2055 3949 corum,
2089 3889 2350 3958 postridie
2381 3886 2500 3942 Kal.
2536 3886 2805 3954 Januarii,
2843 3889 2973 3943 anni
3006 3907 3035 3943 a
3065 3887 3270 3943 Christi
3296 3891 3430 3943 Ser-

1840 3986 2043 4041 vatoris
2088 3986 2427 4039 humanitate
2460 3985 2621 4049 1559,
2650 4000 2811 4054 quem
2856 3986 2950 4040 tibi
2984 3987 3200 4056 tuisque
3232 3996 3288 4041 et
3321 3988 3422 4042 toti

1842 4089 2111 4132 terrarum
2157 4085 2434 4145 pacatum,
2472 4077 2685 4130 felicem
2726 4091 2790 4130 ac
2836 4075 3098 4138 faustum,
3139 4092 3201 4131 ex
3238 4078 3422 4131 animo

1841 4188 2057 4242 pret-or.
2080 4172 2236 4226 Faxit
2271 4172 2414 4226 Deus
2443 4170 2568 4242 Opt.
2607 4171 2771 4237 Mare,
2800 4184 2857 4226 ιιι
2884 4171 3214 4226 Ιθθιδιιίηειηιιί
3255 4163 3420 4242 primi

1840 4267 2088 4333 Augusti,
2119 4265 2463 4334 imperatoris
2508 4281 2571 4317 ac
2622 4264 2829 4318 domini
2883 4266 3058 4319 nostri
3106 4266 3421 4319 clementis-

1840 4354 1986 4418 simi,
2039 4356 2092 4408 in
2150 4356 2340 4408 urbem
2383 4356 2545 4419 hanc,
2584 4355 2654 4409 ob
2698 4356 3047 4427 gravissimas
3097 4356 3165 4408 de
3206 4355 3419 4424 imperii

1840 4448 2003 4500 rebus
2029 4446 2479 4507 deliberationes.
2515 4447 2796 4518 ingressus
2828 4449 2953 4515 (Sub
2982 4447 3032 4500 id
3064 4459 3279 4518 tempus
3308 4464 3418 4518 quo

219 4532 486 4600 Equidem
511 4532 655 4584 inter
682 4532 1110 4586 convertendum
1139 4536 1236 4587 hos
1262 4538 1582 4603 scriptores,
1604 4552 1727 4590 cum
1764 4568 1806 4621 υ
1841 4539 2007 4607 pacis,
2052 4539 2359 4593 concordiae
2387 4549 2441 4593 et
2478 4541 2649 4594 mutui
2684 4540 2887 4593 amoris
2918 4540 3111 4594 doctor
3141 4549 3197 4593 et
3232 4556 3421 4594 θινιιι-

146 4625 211 4676 ad
240 4624 640 4692 imperatorum
678 4624 730 4676 in
766 4624 1043 4693 fungendo
1084 4642 1314 4681 munere
1363 4628 1727 4690 oscitantiam.

150 4729 179 4769 ιι
203 4718 500 4769 nac'tatem
533 4716 585 4768 in
615 4717 963 4777 necessariis.
997 4718 1345 4785 profusiones
1372 4719 1425 4772 in
1469 4737 1729 4790 superva.

147 4809 285 4867 cois.
320 4817 377 4861 et
410 4808 665 4860 intestina
698 4808 873 4874 bella;
935 4825 1217 4878 procerum
1259 4826 1390 4865 vero
1434 4820 1488 4864 et
1531 4814 1730 4868 ducum

146 4903 433 4970 perﬁdiam
467 4916 529 4953 ac
584 4900 969 4964 temeritatem,
1009 4901 1386 4968 religiosorum
1432 4906 1729 4972 inscitiam,

143 5004 195 5045 et
231 4994 301 5045 de
352 4992 474 5045 l.:na
504 4992 722 5060 caprina
755 4992 919 5054 rixas,
947 4993 1243 5061 populique
1286 4995 1639 5062 petulantiam
1672 5008 1727 5052 et

146 5087 443 5154 ignaviam,
465 5086 704 5137 Otttllittut
726 5084 963 5153 denique
981 5085 1235 5139 ordinum
1255 5098 1496 5141 extrema
1534 5092 1730 5157 probra

148 5176 520 5235 pervenissent
552 5195 565 5229 :
596 5187 895 5252 cruttraque
916 5174 1223 5231 Turcorum
1256 5181 1517 5247 majorem
1543 5182 1725 5247 tidem,

148 5265 410 5329 majorem
452 5266 842 5335 tt‘legritatean,
901 5265 1302 5330 fortitudinem,
1357 5268 1725 5337 clementiam,

150 5360 378 5410 \'.t'lt.l(‘s
396 5358 637 5427 ipsorum
660 5359 893 5414 hostium
909 5361 1211 5430 clogiiscelt
1231 5363 1431 5427 bratas,
1446 5364 1725 5431 legissem:

149 5464 215 5503 .ta
245 5465 369 5507 sum
402 5451 586 5503 animo
628 5460 954 5516 commotus,
992 5463 1049 5506 ut
1074 5453 1280 5508 Turcos
1306 5456 1534 5523 imperio
1570 5458 1727 5526 longe

145 5541 422 5608 digniores
449 5540 747 5607 judicarem
785 5560 797 5593 :
832 5554 885 5596 et
916 5546 1102 5597 fiecem
1148 5562 1229 5597 ac‘
1258 5548 1528 5599 sentinam
1581 5548 1723 5600 idatn

145 5631 479 5689 notariorum
539 5632 819 5685 hominum
865 5630 970 5687 iam
1020 5635 1112 5689 diu
1162 5635 1328 5690 fu7sse
1366 5636 1717 5705 incolumem,

211 5814 326 5884 (88;
366 5812 481 5869 Ner.
524 5816 639 5879 iis,
675 5817 767 5871 sed
803 5817 916 5872 137.

1835 4632 1984 4698 plum
2014 4631 2266 4686 Christus
2292 4631 2474 4697 Jcsus,
2498 4644 2720 4703 propter
2749 4634 3226 4687 salutenM'tutnani
3255 4649 3422 4705 gent--

1833 4724 1928 4785 ris,
1964 4722 2306 4777 dissimulata
2354 4724 2641 4778 divinitate
2672 4740 2791 4802 sua,
2823 4726 2984 4779 homo
3017 4726 3169 4779 nasci
3198 4726 3417 4792 voluit),

1833 4814 2073 4867 euntium
2125 4815 2455 4885 principum,
2495 4817 2739 4871 omnium
2791 4818 3082 4870 hominum
3135 4818 3350 4871 animos
3383 4834 3412 4872 a

1835 4905 2059 4972 privatis
2091 4907 2489 4975 cupiditatibus
2524 4908 2590 4961 ad
2622 4925 2807 4963 curatn
2848 4910 3079 4977 publica:
3127 4910 3345 4969 salutis.
3385 4927 3415 4963 a

1834 4994 1962 5047 luxu
1999 5006 2053 5048 et
2084 4998 2393 5066 corruptela
2428 5013 2638 5051 morum
2693 5002 2759 5053 ad
2808 5000 3164 5053 sobrietatem
3199 5011 3254 5051 et
3289 4998 3413 5052 vitae

1835 5087 2224 5155 integritatem,
2260 5088 2326 5141 ab
2359 5089 2498 5141 odiis
2549 5100 2604 5143 et
2654 5089 3026 5143 simultatibus
3072 5089 3134 5141 ad
3188 5104 3417 5142 concor-

1831 5178 1973 5231 diam
2009 5188 2063 5232 et
2095 5194 2359 5242 amorem,
2408 5197 2433 5232 a
2481 5181 2616 5235 rixis
2651 5192 2703 5235 ct
2737 5183 3197 5248 disputationibus
3226 5184 3292 5233 ιιςί
3324 5199 3415 5235 \L“

1834 5286 1953 5322 rum
1984 5272 2190 5331 cultum
2226 5274 2520 5342 religionis,
2556 5289 2585 5327 a
2624 5275 2779 5328 bellis
2813 5284 2861 5327 et
2896 5275 3063 5327 armis
3092 5274 3159 5327 ad
3198 5275 3406 5326 tirtnant

1829 5370 1881 5415 ct
1916 5375 2255 5417 constantem
2299 5381 2485 5433 pacem
2528 5376 2833 5419 convertat.

1902 5457 2072 5528 Cujus
2102 5459 2207 5513 voti
2242 5458 2288 5511 si
2320 5474 2421 5513 nos
2448 5459 2630 5513 divina
2664 5460 2960 5512 liberalitas
2998 5458 3209 5529 (merita
3256 5457 3403 5511 enim

1829 5565 2012 5603 nostra
2042 5551 2187 5603 nulla
2226 5552 2471 5621 profecto
2508 5554 2705 5620 jactare
2733 5567 3045 5620 possumus,
3088 5566 3188 5604 nec
3226 5550 3407 5605 minus

1830 5642 2031 5713 indigni
2064 5659 2248 5696 sumus
2273 5644 2459 5697 disiuo
2483 5644 2684 5698 auxilio
2716 5662 2877 5713 quam
2912 5646 3411 5715 indigijcompotes
