4214 6450
194 384 286 447 117
1610 383 2024 445 ΡΒῈΕΑΤΙΟ.
3335 377 3434 438 118

266 506 542 564 Alterum
585 504 878 565 codicem
905 503 1326 565 Parisiensem
1357 504 1549 578 priori
1581 503 1948 582 supplendo
1981 501 2414 579 comperimus
2445 517 2477 561 a
2517 498 2840 560 Friderico
2895 494 3310 574 Rostgaardio
3358 515 3435 558 ex

186 609 486 670 Vaticano
507 608 918 687 exscriptum,
968 609 1362 685 missumque
1388 606 1661 669 Parisios
1689 607 1794 668 tali
1830 604 2273 686 propemptico
2307 622 2320 664 :

977 790 1043 828 AD
1083 789 1281 828 LIBRUI
1319 789 1524 829 θυριιι
1563 786 1992 828 υοοεελδτιοιιοκ
2026 787 2294 828 ῖκιυειιιει
2332 787 2657 828 ιιοετωηω.

188 935 353 987 Parve
385 931 548 993 liber,
568 945 802 999 propera
824 929 1099 984 dominam
1117 931 1431 1001 pertingere
1454 929 1519 984 ad
1536 929 1753 996 urbem,
1861 927 2070 995 Nempe
2094 926 2322 997 jubente
2351 926 2444 980 illo
2471 929 2656 982 cuncti
2689 936 2916 995 patuere
2953 938 3206 977 recessus

251 1010 428 1075 Quam
459 1025 552 1062 rex
582 1009 815 1078 Europae
846 1018 1023 1064 terror
1050 1022 1315 1077 amorque
1341 1008 1512 1064 fovet.
1933 1009 2068 1064 Dum
2097 1017 2185 1061 tua
2215 1023 2325 1069 me,
2358 1008 2512 1062 dives
2537 1007 2810 1075 Sequana,
2847 1008 2962 1074 ripa
2994 1015 3166 1068 tenet,

186 1090 313 1143 Inde
341 1087 696 1143 verecundus
728 1097 779 1140 te
810 1102 994 1141 sacras
1025 1087 1215 1141 confer
1245 1089 1296 1141 in
1333 1088 1477 1142 aedes
1865 1086 2176 1157 Utiliusque
2212 1088 2397 1142 datum
2423 1097 2506 1141 est
2541 1085 2743 1152 regalia
2775 1094 2913 1138 tecta
2943 1085 3132 1138 subire

253 1170 405 1235 Quas
432 1169 539 1221 late
575 1166 799 1235 Augusti
836 1165 1170 1221 bibliotheca
1215 1169 1406 1237 replet.
1937 1168 2292 1236 Milleuosque
2325 1166 2476 1220 libris
2512 1163 2823 1231 invigilasse
2861 1163 2997 1216 dics.

188 1252 286 1305 Par
320 1250 421 1302 tibi
454 1250 720 1300 continuo
751 1257 950 1315 praesto
975 1254 1060 1301 cst
1090 1247 1302 1316 insigne
1335 1252 1597 1313 virorum,
1865 1249 1961 1303 Die
2016 1263 2112 1316 pro
2147 1255 2224 1300 tot
2257 1246 2465 1300 meritis
2492 1257 2599 1312 qua
2635 1242 2742 1296 late
2765 1245 3079 1297 extenditur
3107 1242 3281 1303 orbis.

254 1331 348 1383 Ille
385 1343 540 1382 meus
574 1325 830 1381 Clemens
858 1325 1234 1395 Boivinusque
1271 1342 1448 1382 meus.
1938 1327 2159 1383 Tellerii
2195 1327 2386 1380 Iaudes
2414 1340 2499 1378 ine
2529 1331 2808 1393 praeeunte
2837 1327 2982 1388 cani,

189 1410 470 1463 Atterutcr
503 1419 553 1460 te
581 1406 847 1472 deducet;
887 1407 971 1460 vel
999 1406 1179 1461 forsan
1209 1416 1442 1477 uterque
1475 1425 1490 1461 :
1867 1409 2109 1477 Quaeque
2146 1423 2278 1460 mea:
2306 1413 2545 1459 renuunt
2571 1413 2762 1456 tenues
2790 1405 3100 1473 persolvere
3131 1404 3299 1465 vires.
3345 1402 3349 1406 ’

253 1488 442 1541 Cumis
470 1489 616 1540 enim
652 1496 763 1539 tota
797 1497 883 1540 est
913 1485 1061 1540 natio
1101 1486 1496 1557 Francigenum
1527 1505 1542 1544 :
1946 1488 2162 1541 Prome
2202 1485 2478 1540 Musarum
2516 1479 2748 1535 reddere
2779 1481 2919 1536 velle
2954 1485 3212 1538 chorum.

192 1569 248 1620 Et
284 1578 335 1621 te
369 1567 608 1622 Tellerio
637 1568 829 1631 sistet;
873 1577 930 1620 tu
971 1575 1216 1636 tempora
1246 1568 1394 1623 laudi
1873 1569 2056 1625 Unum
2091 1567 2195 1620 hoc
2221 1565 2380 1626 adde.
2406 1563 2565 1626 liber,
2597 1574 2712 1618 non
2744 1569 2794 1614 te
2825 1578 2924 1631 pro
2949 1577 3176 1617 munere
3207 1562 3371 1624 mitti,

256 1647 552 1714 Exspecta,
589 1657 644 1699 et
680 1648 836 1700 venia
861 1646 1069 1700 dissere
1102 1663 1271 1715 pauca
1305 1648 1451 1701 data.
1947 1648 2053 1702 Sed
2092 1645 2180 1699 [Idi
2215 1645 2413 1713 pignus
2433 1645 2616 1699 cordis
2642 1657 2697 1699 et
2729 1643 3004 1710 obsequii.

191 1725 282 1778 Dic
339 1741 369 1776 a
434 1741 544 1794 quo
592 1726 793 1779 tnissus
824 1726 1036 1785 venias.
1066 1735 1121 1779 et
1144 1741 1311 1794 quam
1346 1741 1555 1781 memor
1588 1739 1764 1796 usque
1867 1725 1932 1781 Et
1966 1725 2185 1778 dabitur
2218 1724 2423 1785 forsan,
2461 1723 2504 1776 si
2538 1723 2785 1776 crederis
2816 1721 2968 1776 utilis
2996 1720 3114 1784 ulli,

259 1806 485 1860 Mittens
519 1806 741 1861 Tellerii
780 1806 1001 1861 nomina
1032 1815 1220 1861 sancta
1249 1807 1414 1860 colat.
1938 1804 2169 1871 Augusti
2201 1801 2255 1855 in
2290 1801 2486 1855 forulis
2519 1810 2577 1854 ut
2603 1802 2815 1872 potiare
2851 1802 2995 1855 loco.

1623 1920 1877 1982 Scriptum
1907 1917 2072 1968 Romae
2099 1933 2142 1967 ει.
2177 1917 2227 1966 d.
2264 1916 2391 1966 XXII
2417 1915 2527 1966 Maii
2553 1913 2844 1968 MDCXCIX.

267 2097 644 2157 Vcrsionem
680 2093 961 2156 Latinam
994 2092 1162 2153 inter
1190 2108 1257 2153 se
1282 2090 1489 2170 partiti
1526 2094 1673 2150 sunt
1708 2089 2150 2151 adolescentes
2200 2095 2351 2154 tres,
2395 2085 2876 2147 seminariorum
2931 2085 3358 2146 Berolinensis
3390 2092 3450 2146 et

197 2200 553 2261 Itunnensis
581 2199 841 2260 alumni.
883 2199 1101 2276 Itaque
1139 2197 1337 2258 libros
1367 2195 1466 2266 24,
1501 2194 1600 2270 25,
1648 2194 1723 2256 26
1753 2196 2210 2273 interpretatus
2243 2200 2335 2254 est
2380 2191 2739 2254 Guilelmus
2769 2190 3011 2264 Kundt,
3054 2189 3446 2260 Marcbicus;

195 2309 262 2368 ‘27
317 2307 398 2366 ad
443 2304 515 2364 37
570 2303 702 2365 sive
761 2303 859 2378 38,
899 2302 1218 2384 Iosephus
1257 2301 1622 2370 Reisacker.
1683 2299 2291 2378 Dusseldorpiensis.
2360 2305 2413 2356 et
2477 2297 2718 2360 Natlian
2770 2297 3168 2367 Roseustein,
3232 2295 3445 2356 Danti-

195 2428 454 2474 SCGBUs.
