4214 6450
170 399 268 464 125

1195 401 1639 462 ΒΥΖΑΝΤΙΝΕ
1679 401 2071 464 HlSTOlll/E
2115 405 2262 466 LIB.
2310 406 2354 468 l.

3344 412 3443 476 126

169 517 521 589 βλασφημίας
553 518 736 570 αῦτῶν
760 518 859 570 οὐκ
916 516 1160 570 ὀκνοῦσι.
1188 519 1299 580 Τὰς
1322 519 1431 588 γὰρ
1453 520 1561 571 ἀπὸ
1595 519 1756 589 μόνης

1869 520 2072 573 buntur
2115 532 2170 576 et
2215 521 2367 577 libris
2413 521 2824 592 imprimuntur,
2874 521 3081 578 diutius
3125 533 3180 579 et
3223 526 3442 594 gravius

167 614 266 680 τῆς
289 612 543 680 γλώττης
569 611 870 682 προῖούσας
897 612 1167 682 λοιδορίας
1195 611 1362 683 αῦραι
1409 611 1675 666 λαϐοῦσαι
1704 613 1759 674 ές

168 704 386 772 αἰθέρος
418 701 689 765 ἀϐύσσους
711 701 1176 768 διασκεδάζουσιν.
1213 703 1277 756 Δί
1312 702 1366 757 δὲ
1401 704 1641 773 γραφαῖς
1668 703 1760 756 καὶ

168 796 372 865 βίϐλοις
413 795 813 864 έντυπούμεναι
840 795 1214 867 μονιμώτερον
1241 798 1335 852 καὶ
1365 795 1760 866 τυραννικώτε-

170 905 259 954 ρον
295 888 439 940 κατά
467 887 578 939 τῶν
610 886 986 958 ὑϐριζομένων
1013 888 1074 943 τὸ
1102 888 1303 958 κράτος
1335 890 1625 958 ἐσχήκασι,
1661 889 1760 957 τὴν

167 982 470 1048 ἡγεμονίαν
503 983 604 1050 τῆς
638 981 858 1051 γραφῆς
887 979 1271 1050 λαμϐανούσης
1300 982 1394 1034 καὶ
1420 981 1508 1034 διὰ
1545 980 1758 1050 μακροῦ

169 1072 566 1142 πομπευούσης
599 1072 694 1125 τοῦ
727 1072 942 1143 χρόνου.
988 1072 1102 1127 οῦκ
1133 1069 1249 1124 οἶδα
1283 1072 1326 1124 δ’
1351 1072 1610 1141 ὁπότερον
1641 1072 1758 1126 οὐδ’

166 1163 273 1230 ἔχω
293 1163 491 1233 ῥᾳδίως
522 1163 941 1232 ἐπιγιγνώσκειν
968 1156 1028 1217 οῦ
1058 1165 1219 1234 χάριν
1253 1162 1425 1218 ταῦτα
1451 1163 1761 1232 ἐπείγονται

166 1255 320 1324 δρᾷν,
356 1256 454 1307 καὶ
503 1256 649 1318 τίνος
693 1257 858 1310 ἓνεκα
908 1257 1133 1324 κέρδους
1173 1259 1232 1319 ές
1262 1256 1540 1318 τοιούτους
1582 1271 1761 1324 κρημο

167 1346 294 1404 νοῦς
340 1346 573 1408 ἑαυτοὺς
620 1345 971 1401 συνωθοῦσιν.
1002 1346 1068 1401 Εἴ
1109 1365 1169 1401 τε
1208 1348 1317 1417 γὰρ
1346 1340 1587 1415 ἰδιότητά
1638 1364 1758 1400 τινα

167 1440 376 1502 κακίας
417 1439 874 1508 ἀποπιμπλάντες
902 1440 1220 1494 ἑαυτῶνιπὶ
1249 1439 1349 1503 τὰς
1379 1439 1520 1494 οὕτω
1539 1438 1757 1508 ψευδεῖς

167 1528 524 1596 βλασφημίας
565 1529 829 1598 χωροῦσι,
887 1531 1069 1593 κακῶς
1100 1529 1276 1583 τοῦτο·
1297 1529 1467 1599 δρῶσι
1509 1527 1605 1582 καὶ
1637 1528 1759 1580 λίαν

166 1619 414 1687 αίσχρῶς
439 1618 534 1671 καὶ
569 1621 709 1672 κατά
739 1618 837 1688 τῆς
877 1621 1108 1685 ἑαυτῶν,
1163 1619 1238 1683 ὠς
1265 1620 1458 1682 εἰπεῖν,
1491 1618 1754 1687 κεφαλῆς.

167 1707 382 1778 Στήλην
414 1724 472 1760 τε
520 1708 627 1778 γὰρ
655 1710 757 1780 τῆς
807 1710 957 1778 σφῶν
1000 1710 1198 1774 κακίας
1242 1709 1324 1779 τῷ
1355 1709 1541 1780 χρόνῳ
1583 1709 1756 1778 παρέ-

164 1817 380 1866 χουσιν,
417 1799 508 1871 [Ρ.
561 1792 621 1872 ι]
669 1802 752 1855 ὅτι
801 1801 921 1867 ἐξὸν
953 1802 1013 1854 ὲκ
1049 1801 1143 1856 τοῦ
1193 1802 1375 1870 λέγειν
1411 1799 1632 1870 εὔφημα
1659 1800 1758 1855 καὶ

173 1891 512 1962 πρεσϐεύειν
560 1893 841 1963 ἀλήθειαν,
874 1893 1244 1963 γνωρίζεσθαι
1278 1896 1389 1956 τοῖς
1416 1892 1710 1948 ἀκούουσιν
1738 1908 1752 1923 ⁸

162 1987 211 2037 οι
241 1986 288 2037 δ’
322 1989 390 2038 ἐκ
439 1985 536 2039 τοῦ
569 1986 792 2039 πλύνειν
855 1986 1095 2056 ἀμάξαις
1143 1984 1354 2052 ὕϐρεων
1408 1988 1535 2049 τοὺς
1587 1985 1756 2056 μηδὲν

161 2078 560 2148 ἀδικήσαντας,
612 2077 962 2148 δημοσιεύειν
1018 2077 1223 2132 εἴλοντο
1271 2078 1517 2146 ἑαυτοὺς,
1578 2093 1758 2147 παρα·

165 2169 417 2237 πλησίως
449 2170 642 2236 ὥσπερ
693 2170 759 2221 ἂν
798 2168 852 2220 εί
900 2185 1004 2235 τις,
1058 2166 1183 2233 tam
1218 2166 1532 2239 ἠπειρώτης
1587 2166 1753 2231 εἶναι,

163 2263 258 2311 καὶ
295 2260 414 2329 βίον
448 2261 902 2331 έπικερδέστερον
956 2263 1050 2314 καὶ
1080 2260 1368 2315 ἀκίνδυνον
1400 2262 1524 2331 ζῇν,
1553 2263 1581 2315 ὀ
1629 2261 1677 2316 δ’
1699 2265 1756 2326 ις

173 2354 536 2409 ’Δτλαντικοῦ
575 2355 844 2422 πελάγους
892 2355 1170 2426 χειμῶνας
1224 2355 1321 2410 καὶ
1350 2355 1629 2419 κλύδωνας
1657 2357 1753 2426 φέ-

167 2463 277 2515 ρων
325 2445 672 2517 ἐμϐέϐληκεν
728 2447 942 2502 ἑαυτόν.
1006 2446 1080 2500 Τὸ
1127 2447 1184 2500 δὲ
1216 2449 1309 2500 καὶ
1339 2448 1530 2501 κακῶν
1587 2449 1784 2520 ἀρχέ-’

164 2550 312 2587 τυπα
343 2535 459 2601 (10)
497 2536 612 2597 τοῖς
659 2535 856 2603 ἑφεξῆς
909 2535 992 2597 είς
1064 2535 1297 2604 μίμησιν
1331 2535 1647 2605 προτιθέναι
1682 2537 1755 2590 τὰ

163 2627 507 2694 γράμματα,
546 2627 639 2677 καὶ
666 2625 792 2695 είκῆ
843 2618 1108 2696 καθιστᾷν
1145 2627 1375 2699 έαυτοὺς
1405 2627 1613 2689 αἰτίους
1646 2628 1749 2696 τῆς

147 2718 404 2767 ·έκεινων
453 2715 754 2780 ἀπωλείας,
807 2715 971 2769 τοῦτο
1024 2717 1081 2770 δὲ
1146 2716 1316 2770 ποίων
1346 2719 1610 2786 κρημνῶν
1654 2719 1755 2771 οὐκ

167 2807 423 2871 ἐπάξιον,
456 2791 654 2877 δίδυμα
685 2809 778 2861 καὶ⁸
807 2809 1013 2880 τριπλᾶ
1039 2811 1325 2878 προτεῖνον
1349 2809 1750 2879 τάγκλήματας

172 2900 241 2952 ’Δ
281 2900 399 2968 γὰρ
431 2899 509 2959 ὡς
545 2901 686 2969 ἀήθη
717 2901 837 2961 ταῖς
863 2900 1159 2964 πολιτείαις
1202 2901 1296 2954 καὶ
1328 2901 1453 2952 νόθα
1509 2901 1755 2955 ἐλαύνειν

164 2995 238 3054 ὡς
270 2992 621 3064 πορρωτάτω
661 2994 762 3045 καὶ
793 2993 1204 3062 ἀποτρέπεσθαι
1239 2992 1486 3063 ἔμελλον,
1519 2994 1750 3056 δεδιότες

164 3078 245 3144 οἷς
280 3083 356 3135 τὰ
383 3082 608 3136 τοιαῦτα
639 3086 937 3164 πρόχειρον
967 3083 1252 3150 λοιδορεῖν,
1275 3084 1373 3138 καὶ
1404 3085 1512 3138 τῶν
1538 3085 1747 3139 πόλεων

1867 627 1966 667 eos
1999 628 2136 680 quos
2160 612 2350 668 laesere
2380 613 2575 682 injuria
2621 622 2877 684 premunt
2905 631 2919 669 :
2958 616 3222 684 scriptura
3249 625 3440 670 aucto-

1865 705 2079 758 ritatem
2111 714 2289 769 nacta,
2330 713 2387 761 et
2422 703 2583 776 longo
2616 715 2856 772 tempore
2901 713 3192 760 ostentam.
3241 707 3436 778 Ignoro

1865 805 2045 851 autem
2075 811 2186 865 quo
2210 796 2460 861 consilio,
2489 811 2589 852 nec
2619 797 2732 852 scio
2766 811 2869 865 qua
2897 797 3070 866 gratia
3107 797 3222 853 hac
3255 799 3434 854 facere

1863 887 2139 953 studeant,
2166 897 2261 942 aut
2291 889 2446 958 cujus
2478 887 2613 942 lucri
2651 904 2746 957 spe
2782 888 2836 941 in
2870 889 2994 943 talia
3031 889 3326 958 praecipitia
3352 891 3439 944 in-

1860 989 2104 1035 currant.
2136 979 2261 1036 Sive
2289 981 2458 1044 enim,
2493 991 2552 1036 ut
2602 981 2928 1052 singularem
2981 996 3132 1034 suam
3165 982 3432 1051 improbi-

1861 1081 2026 1127 tatem
2074 1074 2348 1142 expleant,
2394 1076 2530 1128 adeo
2578 1074 2712 1129 falsa
2773 1073 3058 1127 maledicta
3105 1084 3430 1142 congerunt,

1864 1165 2003 1218 male
2043 1163 2251 1220 faciunt
2298 1181 2362 1220 ac
2406 1167 2636 1235 turpiter
2681 1166 2994 1227 admodum,
3029 1180 3255 1234 suoque,
3282 1165 3428 1234 quod

1860 1254 2035 1322 aiunt,
2067 1257 2228 1326 capiti
2259 1267 2480 1312 nocent.
2523 1258 2656 1312 Nam
2687 1259 3052 1328 improbitatis
3090 1271 3202 1311 suae
3234 1272 3429 1310 monu-

1862 1358 2105 1405 mentum
2156 1350 2392 1421 produnt
2443 1351 2699 1418 posteris,
2739 1350 2882 1420 quod
2912 1350 3118 1419 scum
3166 1350 3305 1404 bene
3353 1347 3433 1402 di-

1861 1442 2036 1496 cendo
2073 1452 2127 1497 et
2168 1440 2493 1498 celebranda
2532 1442 2762 1496 veritate
2791 1442 3132 1496 innotescere
3159 1439 3430 1495 auditori-

1859 1532 1963 1590 bus
1995 1532 2264 1600 licuisset,
2309 1533 2568 1603 plaustris
2611 1533 2975 1588 convitiorum
3023 1533 3078 1586 in
3114 1534 3434 1586 innocentes

1860 1623 2209 1680 eﬂ'undendis
2257 1623 2582 1693 semetipsos
2633 1624 2916 1679 traducere
2964 1624 3182 1694 publice
3227 1623 3434 1701 malue-

1859 1727 1988 1772 runt
2017 1735 2030 1771 :
2066 1716 2210 1772 haud
2237 1731 2396 1771 secus
2423 1731 2486 1770 ac
2513 1715 2558 1769 si
2591 1715 2658 1780 is,
2695 1716 2784 1771 cui
2818 1715 3011 1777 liceret
3052 1715 3106 1768 in
3135 1725 3276 1773 terra
3301 1728 3431 1768 con-

1860 1809 2070 1862 tinente
2104 1806 2264 1862 beate
2298 1820 2598 1876 secureque
2633 1807 2837 1870 vivere,
2873 1806 2928 1860 in
2974 1805 3227 1860 Atlantici
3261 1805 3430 1858 maris

1859 1904 2213 1964 tempestates
2239 1910 2303 1951 ac
2329 1894 2526 1950 ﬂuctus
2558 1895 2700 1950 ultro
2720 1910 2780 1952 se
2801 1896 3120 1965 conjiceret.
3147 1895 3428 1950 Scelerum

1858 1999 2022 2054 porro
2050 1985 2296 2056 exempla
2328 1986 2548 2056 scriptis
2585 1985 2699 2040 suis
2737 2000 3047 2055 proponere
3084 1985 3335 2054 posteris,
3374 1994 3431 2038 et

1857 2074 2114 2129 interitus
2149 2089 2338 2130 eorum
2395 2085 2590 2144 sponte
2636 2087 2788 2127 reum
2838 2072 2974 2136 ﬁeri,
3031 2073 3084 2126 id
3135 2086 3261 2125 vero
3311 2087 3431 2141 quae

1858 2167 2156 2235 praecipitia
2185 2182 2294 2222 non
2329 2178 2591 2230 meretur,
2619 2181 2748 2220 eum
2786 2165 3093 2235 duplicibus
3123 2172 3217 2218 aut
3260 2163 3433 2232 tripli-

1859 2259 2014 2313 cibus
2042 2259 2365 2314 criminibus
2406 2273 2526 2313 sese
2571 2257 2944 2328 obstringam?
2978 2256 3124 2323 Quas
3161 2256 3306 2310 enim
3340 2269 3429 2309 res

1858 2359 1919 2405 ut
1951 2351 2202 2406 insolitas
2234 2351 2548 2406 civitatibus
2581 2358 2635 2404 et
2663 2350 2998 2419 improbatas
3031 2364 3190 2418 quam
3225 2347 3431 2417 longis-

1856 2442 2448 2498 simevexterminaturi
2497 2452 2553 2498 et
2600 2441 2966 2496 abominaturi
3013 2450 3189 2503 erant,
3233 2454 3424 2493 eorutn

1855 2543 2005 2589 metu
2044 2533 2242 2603 quibus
2288 2543 2342 2588 et
2388 2534 2647 2588 insectari
2695 2542 2752 2588 et
2801 2533 3026 2588 urbibus
3072 2547 3165 2587 eas
3209 2532 3428 2602 exigere

1857 2635 2165 2694 promptum
2206 2633 2373 2702 esset.
2407 2624 2862 2693 quemadmodum
2905 2624 3033 2677 olim
3080 2624 3310 2676 Athenis
3357 2637 3422 2676 ex

1856 2715 1980 2769 albo
2003 2715 2244 2784 iudicum
2267 2714 2525 2772 delebant
2551 2731 2648 2784 per
2675 2715 2920 2770 fraudem
2948 2715 3240 2784 inscriptos
3265 2722 3319 2767 et
3344 2729 3428 2768 re-

1854 2805 2070 2875 publica
2099 2805 2395 2875 iudignos:
2429 2805 2529 2860 has
2551 2807 2662 2875 jam
2697 2807 2892 2877 cupide
2922 2806 3338 2874 amplectentur,
3371 2813 3431 2859 ut

1855 2905 1912 2949 et
1941 2895 2008 2951 ab
2042 2895 2161 2949 aliis
2192 2907 2317 2950 ante
2358 2895 2526 2952 factas
2560 2913 2623 2952 ac
2665 2899 2941 2967 probatas,
2977 2904 3032 2950 et
3063 2912 3092 2949 a
3123 2905 3425 2949 consuetu-

1855 2988 1983 3042 dine
2015 3003 2124 3042 non
2157 2987 2534 3042 abhorrentes.
2583 2988 2773 3043 Solent
2823 2990 2966 3042 enim
3004 2988 3253 3042 homines
3295 3003 3428 3055 quo-

1853 3077 2062 3129 rumvis
2095 3077 2388 3135 criminum
2421 3077 2521 3144 rei,
2551 3092 2702 3132 suam
2749 3077 3106 3131 imitationem
3137 3076 3204 3129 ad
3246 3091 3428 3132 exem-

165 3173 417 3238 ιξωθετν,
446 3174 679 3245 ὡς’πρὶν
732 3175 839 3226 τῶν
901 3173 1236 3227 δικαστικῶν
1279 3174 1555 3244 Ἀθηναῖοι
1593 3176 1753 3229 πινά-

1861 3165 1946 3234 pla
1971 3175 2216 3220 veterum
2243 3168 2471 3232 referre,
2510 3177 2570 3222 ut
2605 3183 2825 3223 causam
2857 3168 3093 3223 habeant
3131 3167 3426 3221 invehendi

169 3284 281 3319 κων
302 3268 431 3328 τοῦς
461 3267 576 3319 ὅσοι
600 3268 1017 3338 παρέγγραπτοι
1043 3268 1136 3320 καὶ
1159 3268 1259 3337 τῆς
1292 3268 1445 3336 σφῶν
1469 3267 1749 3331 πολιτείας

168 3356 420 3420 ἀνάξιον
467 3357 638 3410 ταῦτα
679 3359 934 3427 ἀσμένως
982 3358 1085 3428 ἤδη
1131 3357 1360 3424 δέξαιντ’
1389 3359 1456 3411 ἂν
1486 3360 1748 3428 πράττειν

171 3448 353 3509 αρτοὶ,
384 3446 460 3509 ὡς
483 3449 579 3500 καὶ
599 3447 778 3510 ἄλλοις
801 3447 902 3518 ἥδη
926 3449 1290 3518 πεπραγμένα
1320 3450 1412 3502 καὶ
1430 3450 1748 3518 δεδογμένα,

171 3537 265 3588 καὶ
299 3536 413 3589 τῶν
446 3537 586 3607 ὅρων
607 3535 736 3591 ὄντα
757 3538 858 3608 τῆς
886 3537 1175 3609 συνηθείας
1209 3538 1378 3601 ἐντός.
1406 3537 1621 3590 Φιλοῦσι
1645 3540 1752 3610 γὰρ

169 3629 246 3689 ὡς
299 3629 372 3679 τὰ
424 3627 594 3680 πολλὰ
643 3632 751 3680 τῶν
781 3628 1084 3698 ἀνθρώπιον
1125 3630 1177 3682 οί
1207 3631 1321 3691 τοῖς
1350 3630 1754 3700 οίοισδηποτοῦν

173 3719 530 3788 ἁτοπήμασιν
584 3720 951 3789 ἁλισκόμενοι,
1010 3723 1069 3783 ές
1129 3722 1490 3793 ἀρχαιοτέρας
1537 3724 1750 3787 εἰκόνας

175 3809 404 3877 ἀνάγειν
435 3811 535 3880 τὴν
587 3811 839 3880 μίμησιν,
880 3813 945 3863 ἵν’
972 3812 1181 3864 ἐκεῖθεν
1210 3812 1284 3875 ὡς
1317 3812 1376 3878 ιε
1408 3815 1749 3884 όρμητηρίου

174 3901 606 3970 κατατρέχωσιν,
641 3901 694 3954 εί
738 3900 880 3964 τινές
915 3901 1031 3953 ποτ’
1083 3901 1171 3971 ἄρ’
1195 3897 1306 3956 εἷεν
1352 3903 1402 3954 oi
1439 3902 1576 3972 πρὸς
1607 3903 1758 3971 ἐλέγ-

170 4009 300 4062 χους
352 3993 733 4059 ἀποδυόμενοι.
780 3993 890 4045 Εἶτ’
928 3991 1022 4045 οῦν
1107 3992 1196 4045 διὰ
1241 3992 1402 4046 τοῦτο
1451 3993 1756 4064 λοιδοροῦσι

175 4080 273 4131 καὶ
328 4079 641 4146 ψεύδονται,
668 4080 868 4134 οὑτωσί
893 4096 1010 4143 πως
1044 4081 1380 4150 ἑκατέρωθεν
1411 4083 1759 4152 ἁμαρτάνου-

179 4189 263 4223 σιν
285 4185 300 4198 ·
339 4171 437 4223 εἴτ’
460 4169 526 4226 αὖ
568 4171 832 4241 διαμονῆς
863 4173 1026 4226 ἕνεκα
1056 4173 1153 4242 τῆς
1199 4174 1381 4226 αὐτῶν
1406 4177 1754 4245 συγγραφῆς,

177 4264 272 4315 καὶ
320 4261 465 4314 οὕτω
505 4261 698 4334 πόρρω
732 4262 919 4315 θέουσι
955 4263 1048 4315 τοῦ
1102 4264 1330 4329 σκοποῦ,
1365 4265 1464 4328 τὰς
1488 4267 1756 4337 κρηπῖδας

174 4356 286 4405 τῶν
309 4353 502 4406 αίτιῶν
548 4354 609 4405 ού
647 4353 789 4408 πάνυ
835 4371 916 4406 τοι
943 4355 1147 4423 σφόδρα
1173 4356 1553 4424 ὑποτιθέμενοι
1579 4358 1760 4425 ἀσφα-

176 4445 309 4506 λεῑς.
351 4446 516 4498 Δύτοὶ
572 4445 672 4514 μὲν
724 4445 830 4515 γὰρ
867 4446 998 4508 ἴσως
1048 4447 1245 4509 εἰδότες
1286 4448 1384 4509 τὰς
1413 4447 1521 4500 τῶν
1547 4431 1756 4502 ποῇιῶν

1862 3254 1919 3308 in
1949 3269 2042 3310 eos
2068 3257 2162 3322 qui
2203 3256 2291 3311 illa
2323 3272 2553 3327 arguere
2582 3257 2940 3312 instituerint.
2969 3256 3096 3311 Sive
3123 3251 3296 3327 igitur
3327 3257 3429 3309 hac

1859 3347 1926 3402 de
1964 3362 2127 3403 causa
2159 3348 2233 3402 ita
2277 3351 2648 3403 convitiantur
2693 3359 2748 3403 et
2792 3349 3150 3413 mentiuntur,
3202 3358 3431 3417 utroque

1860 3449 2088 3507 peccant
2110 3458 2124 3494 :
2146 3440 2261 3494 sive
2290 3440 2360 3493 ob
2386 3439 2802 3494 diuturnitatem
2829 3440 3158 3509 scriptorum
3183 3454 3433 3502 suorum,

1860 3531 2022 3586 etiam
2053 3531 2132 3585 sic
2165 3529 2357 3600 procul
2390 3544 2419 3582 ε
2449 3544 2618 3599 scopo
2662 3530 2938 3591 aberrant,
2987 3528 3216 3583 infirmis
3254 3530 3425 3583 crimi-

1860 3623 2142 3674 nationum
2207 3635 2428 3674 suarum
2473 3621 2636 3688 jactis
2689 3620 3078 3675 fundamentis.
3125 3619 3319 3676 Seiunt
3356 3618 3432 3672 illi

1860 3714 2079 3781 quidem
2125 3712 2374 3776 forsitan;
2407 3713 2552 3782 vulgi
2605 3727 2765 3767 aures
2800 3712 3164 3766 insectatione
3197 3711 3431 3766 aliorum

1861 3819 2024 3874 quam
2057 3805 2454 3859 collaudatione
2482 3805 2539 3874 9
2572 3806 2740 3874 magis
2771 3805 3053 3870 delectari,
3094 3820 3158 3858 ac
3206 3805 3434 3872 injurias

1861 3909 2024 3964 quam
2057 3905 2205 3950 recte
2243 3895 2385 3950 facta
2426 3896 2688 3950 libentius
2727 3895 2863 3966 legi,
2887 3895 3132 3964 quamvis
3163 3894 3285 3948 illas
3313 3909 3436 3964 pro-

1861 3986 1968 4040 lixa
1999 3986 2276 4040 mendacia
2317 3986 2619 4049 venditent,
2657 3986 2774 4040 hate
2813 4000 2944 4040 vero
2983 3985 3159 4039 lucem
3191 3985 3436 4042 veritatis

1862 4077 2117 4146 praviam
2147 4077 2382 4131 habeant
2410 4094 2424 4129 :
2456 4091 2632 4146 eoque
2664 4077 2743 4131 sic
2772 4077 3031 4133 historias
3056 4092 3186 4134 suas
3215 4093 3438 4148 compo-

1863 4175 2023 4234 nunt,
2056 4180 2114 4222 ut
2141 4166 2179 4221 ii
2210 4168 2301 4236 qui
2347 4168 2534 4222 multis
2562 4168 2775 4223 seculis
2802 4177 2926 4237 post
2955 4168 3122 4225 futuri
3167 4177 3318 4233 sunt,
3345 4184 3438 4223 eas

1865 4255 2183 4326 longissimo
2214 4265 2462 4325 tempore
2495 4271 2619 4312 cunt
2654 4257 2928 4325 voluptate
2967 4257 3170 4328 legant.
3218 4259 3334 4312 Nec
3382 4258 3437 4311 in

1865 4348 1971 4402 hoe
2000 4348 2087 4402 vel
2130 4348 2360 4418 justitize
2405 4348 2696 4418 praesidem
2740 4349 2940 4401 animis
2995 4348 3303 4412 intuentur,
3353 4349 3438 4401 vel

1865 4456 2018 4510 aequa
2044 4450 2100 4495 et
2123 4450 2269 4520 recta
2293 4441 2498 4510 judicia
2523 4443 2796 4495 bonorum
2819 4442 3057 4494 virorum
3089 4448 3436 4494 reverentur.

176 4537 370 4596 ἀκοὰς,
405 4538 527 4598 ταῖς
572 4535 682 4588 τῶν
725 4537 902 4590 ἄλλων
946 4536 1139 4606 ὕϐρεσι
1170 4538 1370 4605 μᾶλλον
1390 4540 1691 4609 χαιρούσας
1719 4540 1751 4611 ἢ

1858 4533 1991 4599 Quae
2016 4549 2104 4588 res
2129 4548 2238 4588 non
2270 4533 2407 4586 adeo
2439 4532 2546 4587 illis
2567 4533 2718 4586 obest
2747 4547 2885 4602 quos
2913 4530 3251 4599 vituperant,
3275 4544 3438 4602 quant

173 4628 286 4686 τοῖς
324 4624 591 4687 ἐπαίνοις,
619 4626 714 4677 καὶ
742 4624 817 4687 ὡς
851 4624 1030 4694 πολλῷ
1054 4642 1114 4692 γε
1147 4626 1295 4694 ἥδιον
1344 4626 1391 4676 οἱ
1435 4626 1620 4677 πολλοὶ
1648 4628 1748 4689 τὰς

176 4717 520 4769 ὡντινωνοῦν
557 4716 876 4780 διεξέλθοιεν
929 4717 1117 4786 ὕϐρεις
1166 4717 1198 4787 ἢ
1249 4718 1484 4785 τάγαθὰ,
1519 4717 1624 4771 κᾶν
1655 4718 1755 4782 τὰς

183 4812 281 4878 μὲν
309 4809 484 4878 ψεύδη
531 4811 716 4879 μακρὰ
769 4809 1144 4879 καπηλεύωσι,
1179 4809 1247 4862 τὰ
1269 4809 1327 4862 δὲ
1358 4810 1472 4879 φῶς
1496 4809 1756 4880 ἀληθείας

179 4905 276 4972 ἔχῃ
311 4903 816 4972 προπορευομενον,
851 4900 993 4954 οὕτω
1025 4902 1122 4970 τὴν
1164 4900 1410 4972 ἱστορίαν
1435 4901 1618 4954 αὐτῶν
1642 4903 1758 4955 δια-

177 4994 449 5055 τίθενται,
485 4994 550 5044 iv’
574 4996 630 5055 ἐς
678 4993 922 5062 μακροὺς
951 4992 1111 5061 δῆθεν
1137 4994 1264 5053 τοὺς
1287 4995 1514 5061 χρόνους
1536 4994 1756 5064 χαίρον-

179 5102 270 5145 τες
297 5083 550 5145 διεξίοιεν
585 5082 754 5152 αὐτὴν
784 5085 832 5134 oi
854 5084 947 5133 τὸν
978 5082 1147 5134 αξῶνα
1166 5085 1307 5138 κατὰ
1328 5083 1576 5153 διαδοχὴν
1601 5085 1758 5152 ἀμεί-

183 5176 371 5235 ϐοντες
406 5172 688 5240 ἄνθρωποι
709 5188 723 5202 ·
761 5171 858 5224 καὶ
884 5169 1006 5223 οὔτε
1036 5171 1191 5238 δίκης
1239 5173 1483 5240 ὲπόπτην
1513 5173 1619 5242 πρὸ
1661 5175 1758 5239 ὁμ-

184 5266 370 5333 ί..ἁτων
394 5263 637 5324 διανοίας
674 5262 1067 5328 λαμϐάνουσιν,
1099 5261 1212 5313 οὔτ’
1239 5263 1371 5315 αἰδῶ
1418 5264 1526 5314 τῶν
1576 5265 1756 5326 καλῶς

182 5359 272 5407 καὶ
304 5353 530 5414 δικαίως
564 5352 768 5420 κρίνειν
801 5351 1018 5403 είδότων
1046 5350 1276 5418 ἀνδρῶν.
1306 5351 1478 5403 Τοῦτο
1505 5352 1628 5406 ὁόύ
1664 5371 1754 5406 το-

183 5443 373 5498 σοῦτον
423 5440 515 5504 οὓς
564 5441 865 5512 λοιδοροῦσι
901 5442 1244 5511 λυμαίνεται,
1293 5442 1326 5512 ἢ
1375 5442 1570 5506 αὐτούς
1599 5461 1662 5511 γε
1688 5443 1753 5513 δὴ

1859 4625 2000 4696 ipsis
2055 4625 2542 4687 obtrectatoribus,
2595 4625 2741 4694 quod
2805 4637 2858 4677 et
2919 4623 3172 4677 homines
3231 4624 3442 4677 cordati

1860 4718 2020 4771 malis
2064 4717 2468 4785 suspicionibus
2510 4716 2773 4770 adversus
2805 4716 2927 4770 illus
2975 4713 3284 4785 conceptis,
3322 4728 3444 4781 quae

1862 4812 2007 4864 mille
2050 4809 2271 4879 probris
2301 4819 2536 4876 scatent,
2571 4824 2668 4865 eos
2697 4811 2840 4866 inter
2869 4809 3146 4879 improbos
3171 4820 3443 4881 perpetuo

1864 4901 2234 4954 uumerabunt
2289 4920 2303 4957 :
2374 4912 2430 4957 et
2490 4902 2632 4957 Deus
2685 4902 2910 4970 justitia:
2973 4917 3174 4972 praeses
3225 4902 3443 4971 linguas

1859 5007 2047 5047 eorum
2071 4993 2417 5062 gravioribus
2449 4993 2624 5062 plenis
2648 5003 3034 5063 persequetur.
3066 4994 3242 5062 Atque
3273 4995 3437 5048 etiam

1859 5081 2133 5135 interdum
2172 5099 2239 5136 ex
2267 5083 2609 5153 ignoratione
2647 5084 2782 5148 veri,
2809 5091 2866 5137 et
2911 5082 3183 5152 imperitia
3226 5097 3435 5145 rerum,

1857 5189 1976 5240 qua:
1993 5189 2022 5226 a
2043 5175 2239 5241 quovis
2262 5173 2553 5249 audierint,
2569 5174 2880 5242 priusquam
2902 5174 3234 5243 expendunt,
3253 5176 3437 5228 sintne

1858 5264 2156 5333 probabilia
2181 5274 2238 5319 et
2266 5265 2481 5319 veritati
2505 5274 2896 5327 consentanea,
2927 5279 2995 5317 an
3027 5279 3154 5317 veru
3180 5266 3438 5328 absurda,

1859 5364 1906 5408 et
1939 5356 2007 5408 ab
2037 5371 2100 5410 ea
2135 5371 2358 5426 prorsus
2395 5357 2745 5421 abhorreant,
2789 5358 2868 5411 sic
2903 5354 2994 5409 illa
3073 5354 3279 5409 chartis
3327 5355 3434 5408 illi-

1855 5454 2014 5512 nunt,
2057 5460 2121 5503 ac
2148 5447 2424 5503 memoria:
2475 5448 2756 5512 mandant,
2808 5461 2983 5518 eaque
3017 5447 3246 5503 crimina
3299 5447 3440 5518 obji-

1514 5561 1852 5623 Veriorum
1886 5573 2078 5626 notes.

253 5666 366 5735 (l0)
401 5663 664 5735 ﬂeximus
689 5663 903 5735 Tyrius,
938 5679 1104 5718 serm.
1141 5665 1226 5726 12,
1261 5664 1352 5718 ubi
1384 5663 1449 5735 de
1473 5663 1741 5735 historia:

185 5733 297 5790 Νῦν
329 5736 388 5789 δὲ
415 5733 619 5803 ἀναμὶξ
652 5734 973 5804 είσιρύρεται
997 5735 1174 5787 πάντα
1204 5735 1262 5786 ὲν
1287 5737 1395 5796 τοῖς
1426 5733 1625 5799 λόγοις,
1652 5735 1746 5784 καὶ

185 5804 495 5868 πλειονάνζὲὶ
528 5807 595 5858 τὰ
629 5803 942 5874 χείρωίκλὶ
979 5807 1172 5875 κρατεί
1205 5804 1276 5859 τὰ
1309 5805 1536 5874 αἰσχρὰ,
1566 5805 1655 5858 καὶ
1686 5804 1744 5855 τὸ

1852 5666 1989 5719 πολὺ
2020 5667 2119 5736 τῆς
2164 5667 2406 5736 ἱστορίας
2439 5666 2784 5732 πλεονέκται,
2819 5668 3095 5737 τύραννοι,
3136 5662 3228 5718 xci.
3257 5660 3389 5719 πολι
3409 5671 3430 5684 ⁶

1855 5753 1966 5806 μιοι
1994 5737 2192 5804 ἄδικοι,
2218 5748 2324 5793 etc.
2358 5737 2591 5795 Ducam}.
