4214 6450
173 340 270 403 129

1230 347 1670 408 ΒΥΖΑΝΤΙΝΕ
1710 347 2090 408 HISTORHS
2132 347 2274 411 LIB.
2323 352 2366 410 Ι.

3324 350 3423 417 130

167 457 274 514 ’λῖς
307 453 407 522 τῆς
450 453 762 522 ἐπιστήμης
812 452 1210 522 οἰκοδομήμασι
1263 454 1496 520 γίνεται,
1529 454 1622 507 καὶ
1676 455 1743 506 ἵν’
1777 462 1819 515 Α

1777 462 1819 515 Α
1851 456 2024 524 ignari
2059 457 2139 510 vel
2173 457 2382 510 inimici
2419 457 2662 513 veritatis
2697 468 2907 513 tantum
2943 457 3099 515 abest
3133 467 3192 514 ut
3218 460 3421 530 aliquid

168 547 328 608 εἴπω,
372 545 705 614 πλημμελὴς
737 545 1130 608 καὶὲπίδουλος
1167 547 1474 616 σύμμαχος.
1513 549 1599 608 Ὠς
1650 545 1745 598 νῦν

169 658 228 708 γε
254 659 270 690 >
298 643 348 692 ιί
379 641 432 693 οί
456 642 681 709 χρηστοὶ
702 633 851 693 οὗτοι
880 639 1084 710 νωθρὸν
1116 640 1188 701 ὡς
1215 641 1282 692 τὰ
1318 641 1488 692 πολλὰ
1528 643 1622 692 καὶ
1656 657 1743 691 νο-

169 735 293 786 σοῦν
337 735 399 785 τὸ
429 734 673 804 συμφυὲς
709 735 1042 802 κτησάμενοι
1072 735 1349 803 φρόνημα,
1385 735 1608 795 είκότως
1636 735 1744 804 ἄρα

168 829 259 878 καὶ
301 827 359 878 ὃν
395 829 459 879 ὲκ
487 828 586 895 τῆς
611 829 802 896 τέχνης
826 826 1147 895 ἐπορίσαντο
1171 827 1327 893 λόγον
1351 826 1743 894 σεσαλευμένον

164 920 372 987 ἔφηναν
408 919 546 986 ὁμοῦ
596 919 690 971 καὶ
731 917 988 970 νοσοῦντα
1024 920 1092 972 τὰ
1134 920 1346 988 καίρια.
1386 918 1524 984 Ἐγὼ
1563 919 1616 970 δὲ
1650 921 1743 970 καὶ

163 1011 271 1062 τῶν
297 1011 467 1062 πάλαι
495 1010 677 1077 σοφῶν
711 1009 857 1061 ἔστιν
889 1009 979 1071 οὓς
1030 1010 1310 1080 ἐπυθόμην
1337 1011 1631 1078 φαμένους,
1669 1013 1744 1073 ῶς

163 1106 286 1163 τοὺς
313 1104 552 1163 ἀγαθοὺς
573 1103 680 1154 τῶν
704 1103 1010 1172 ζωγράφων
1038 1106 1321 1172 μιμεῖσθαι
1341 1104 1535 1172 χρεὼν,
1561 1105 1744 1156 ὀπόσοι

164 1199 217 1255 ἐς
241 1195 305 1246 τὸ
331 1197 670 1263 συγγράφειν
701 1196 937 1264 ὁρμῶσι.
986 1197 1093 1248 Καὶ
1132 1196 1237 1263 γὰρ
1296 1197 1534 1247 κάκεῖνοι
1590 1194 1645 1245 ετ
1692 1193 1744 1243 τί

165 1301 263 1334 που
314 1288 431 1344 τοῖς
487 1285 818 1352 ἀρχετύποις
853 1288 916 1339 ἐκ
952 1287 1170 1352 φύσεως
1199 1286 1528 1355 παρυπὲστη
1565 1284 1744 1352 πλημ-

167 1375 407 1441 μέλημα,
439 1375 540 1427 εἴτ’
565 1379 621 1437 ὲς
667 1379 726 1427 τὸ
771 1373 934 1446 ἦττον
985 1377 1077 1430 τοῦ
1108 1377 1340 1439 δέοντος,
1373 1377 1474 1428 εἴτ’
1501 1373 1565 1429 αὖ
1598 1378 1654 1436 ἐς
1685 1375 1743 1424 τὸ

164 1469 325 1519 πλέον
378 1469 702 1536 παρασῡρον
745 1469 894 1520 ἐστιν
926 1468 961 1522 ἃ.
986 1469 1093 1519 τῶν
1125 1468 1218 1520 τοῦ
1255 1464 1505 1535 σώματος
1537 1467 1739 1535 μερῶν,

163 1561 256 1626 οὐχ
296 1559 446 1611 ᾶπαν
470 1560 710 1628 ἀκριϐῶς
743 1563 1044 1628 ἐναρμόσαι
1079 1558 1441 1621 σπουδάζουσι
1467 1562 1530 1628 τῇ
1555 1562 1739 1628 γραφῇ

163 1650 259 1715 τῆς
291 1651 500 1713 εἰκόνος
523 1665 535 1677 ’
570 1651 708 1702 άλλά
739 1651 812 1719 πὴ
849 1653 946 1719 μὲν
988 1649 1308 1712 ὲντιθέασιν,
1340 1653 1461 1703 ὅσον
1505 1652 1741 1716 ἐνδείξα-

166 1742 287 1792 σθαι
319 1744 423 1808 τὴν
457 1743 782 1812 ὁμοιότητα,
815 1745 890 1812 πὴ
922 1744 964 1796 δ’
1000 1742 1084 1807 οὓ,
1115 1744 1199 1794 ίνα
1228 1745 1361 1813 μήτε
1399 1745 1458 1795 τὺ
1499 1744 1738 1812 δύσμορ-

162 1848 257 1898 φον
280 1833 376 1883 καὶ
404 1831 628 1901 αίσχρὸν
671 1834 702 1900 ὴ
736 1832 920 1902 γραφὴ
959 1833 1059 1902 τῆς
1086 1833 1295 1894 είκόνος
1325 1832 1423 1905 ἔχῃ
1449 1834 1740 1902 διηνεκῶς,
1776 1818 1814 1869 δ

164 1923 299 1990 μήτε
360 1923 576 1987 φύσεως
647 1923 846 1986 ὄνειδος
882 1926 969 1977 ἀεὶ
1017 1928 1127 1986 τοῖς
1158 1925 1456 1994 ὀφθαλμοῖς
1486 1925 1578 1977 τοῦ
1629 1929 1751 1995 χρό-

161 2032 248 2066 νου
288 2015 687 2085 προφαίνηται,
745 2019 840 2070 καὶ
901 2019 1120 2087 γίνηται
1168 2020 1282 2080 τοῖς
1329 2018 1745 2087 φιλοσκώμμοσι

160 2112 443 2178 πρόφασις
486 2112 725 2179 γέλωτος
773 2113 890 2182 ἅμα
944 2115 1040 2166 καὶ
1089 2114 1310 2183 χλεύης.
1365 2115 1428 2166 Ol
1465 2114 1519 2166 δὲ
1557 2124 1746 2183 σεμνοὶ

159 2199 326 2264 οὗτοι,
354 2203 454 2255 εἶτ’
487 2205 588 2255 οὑκ
619 2205 842 2270 είίότες,
872 2205 980 2258 εἴτε
1012 2204 1301 2273 μισοῦντες
1325 2206 1422 2275 τὴν
1449 2207 1739 2274 ἀλήθειαν,

157 2298 214 2347 οὑ
242 2297 410 2364 μόνον
443 2295 567 2348 οὑδὲ
603 2298 778 2366 μικρὰ
810 2297 919 2349 τῶν
977 2298 1356 2366 ἀληθευόντων
1407 2299 1743 2368 ἁμαρτημά-

157 2406 262 2440 των
287 2388 639 2456 ὑφελόμενοι,
679 2388 955 2458 πυθμέσιν
1004 2390 1224 2459 ἀφῆκαν
1276 2387 1456 2458 σιγῆς,
1492 2390 1624 2442 ἀλλὰ
1652 2393 1744 2444 καὶ

158 2481 329 2532 πολλὰ
363 2480 476 2531 τῶν
531 2481 667 2548 μήτε
705 2483 1065 2550 πραχθέντων
1111 2481 1142 2549 ἢ
1178 2482 1518 2551 λαληθέντων
1570 2484 1741 2552 ἐφήρ-

162 2586 336 2637 μοσαν
373 2571 441 2639 τῇ
469 2570 682 2622 ἑαυτῶν
712 2575 1000 2641 συγγραφῇ
1025 2585 1038 2599 ·
1068 2572 1211 2626 οὕτω
1237 2574 1421 2641 πικροὶ
1453 2573 1546 2625 καὶ
1582 2577 1740 2642 ἀφει-

156 2660 262 2721 δεῖς
310 2663 667 2731 ἀνεφάνησαν
705 2661 804 2731 τῆς
850 2664 1104 2732 ἀληθείας
1140 2665 1341 2734 ἐχθροί.
1397 2666 1468 2717 Ἦ
1500 2667 1601 2718 πού
1641 2647 1740 2719 οὑκ

157 2752 224 2802 ἂν
262 2752 499 2812 ἀτοπίας
535 2753 810 2804 ἐλαύνοιεν
867 2754 1092 2807 τοιαῦτα
1123 2757 1568 2826 φιλοτιμούμενοι
1600 2758 1738 2826 γρά-

156 2861 301 2911 φειν,
336 2844 423 2913 IP.
459 2843 514 2914 6]
549 2837 623 2896 ὧν
669 2844 798 2914 μήτ’
849 2847 1118 2900 αὐτόπται
1175 2849 1327 2901 αὑτοὶ
1370 2849 1736 2916 ἐγεγόνεισαν,

156 2937 287 3003 μήτ’
322 2937 590 3005 αὐτήκοοι
651 2938 759 2990 τῶν
813 2938 1140 3011 πραξάντων
1189 2941 1220 3008 ἦ
1259 2940 1354 2993 καὶ
1387 2941 1738 3011 θεασαμένων

151 3028 417 3093 γενέσθαι
446 3029 811 3095 ἐσπούδασαν,
840 3031 957 3083 ἀλλ’
973 3032 1074 3084 ὅσα
1109 3031 1380 3102 μεθυούσῃ
1397 3033 1616 3102 γλώσσῃ
1654 3033 1735 3084 δι-

151 3120 369 3183 εξίασιν
397 3121 449 3172 οἱ
487 3120 552 3172 τά
591 3123 963 3189 χαμαιτυπεῖα
994 3121 1347 3191 πληροῦντες,
1389 3124 1485 3176 καὶ
1527 3117 1736 3193 ὅσαπερ

151 3212 208 3261 αἱ
236 3213 414 3278 γρᾶες
478 3211 706 3280 ληροῦσι
765 3210 857 3262 καὶ
894 3211 1320 3278 τερατεύονται;
1359 3212 1474 3264 ἀλλ’
1509 3214 1589 3265 ὅτι
1643 3215 1740 3282 μὲν

151 3303 250 3352 οὑκ
283 3302 859 3371 ἀντιστρατευομένην
886 3303 1011 3368 ἐμοὶ
1033 3303 1154 3355 οὐδὲ
1199 3303 1349 3372 τάμὰ
1375 3298 1743 3371 ’συγκυκῶσαν

155 3395 470 3463 πράγματα
496 3394 596 3462 τὴν
631 3394 843 3446 ἑαυτῶν
879 3395 1131 3461 γλῶσσαν
1171 3394 1219 3445 οί
1268 3393 1544 3462 ἄνθρωποι
1581 3395 1742 3464 ἔστη-

159 3501 278 3547 σαν,
319 3486 444 3538 οὐδὲ
469 3487 612 3537 κατὰ
645 3486 744 3552 τῆς
775 3487 915 3555 ὲμῆς
945 3485 1252 3555 ὁλοσχερῶς
1279 3485 1596 3549 ὲξώπλισαν
1617 3487 1743 3554 άλη-

159 3575 334 3636 6είσ.;,
365 3577 397 3643 ἡ
436 3575 620 3643 βίϐλος
649 3576 875 3627 ἐκείνων
897 3576 1148 3643 δηλώσει,
1181 3575 1456 3643 σποράδας
1486 3575 1579 3626 καὶ
1602 3576 1740 3643 ἠμε-

157 3673 354 3735 τέρους
385 3668 641 3735 ἐτεαίνους
686 3669 930 3738 πολλαχῇ
977 3668 1389 3737 περιφέρουσα·
1425 3667 1452 3717 ὃ
1495 3667 1556 3735 δὴ
1587 3667 1726 3734 λαμ-

1853 562 2102 600 verorum
2135 559 2440 603 erralorum
2473 550 2686 604 silentio
2717 551 3134 617 dissimularint,
3170 564 3227 606 ut
3255 554 3421 607 etiam

1853 640 2042 701 multa,
2081 656 2200 708 qua:
2228 657 2331 695 nec
2362 642 2504 695 dicta
2540 657 2640 696 nec
2671 643 2808 696 facta
2839 643 3011 704 luere,
3049 645 3242 699 litteris
3273 661 3426 697 man-

1851 729 2030 784 darint
2082 749 2094 784 :
2131 732 2267 786 adeo
2297 734 2476 786 acerbi
2508 743 2563 786 ct
2591 733 2924 788 immoderati
2970 735 3211 789 veritatis
3241 735 3424 788 hostes

1850 822 2201 875 exstiterunt.
2236 822 2292 874 In
2341 839 2474 891 quas
2520 839 2649 876 vero
2686 826 2918 893 ineptias
2947 841 3054 878 nou
3096 826 3422 886 inciderent,

1850 915 1941 983 qui
1970 930 2029 968 ea
2064 916 2350 968 scribenda
2374 918 2692 984 suscipiunt,
2728 934 2848 985 quae
2881 934 2980 971 nec
3013 917 3112 987 ipsi
3152 918 3420 978 viderunt.

1851 1021 1954 1060 nec
2002 1022 2065 1059 ex
2119 1008 2181 1060 iis
2212 1010 2304 1076 qui
2353 1025 2438 1061 res
2487 1010 2756 1078 gesserint
2799 1021 2889 1062 aut
2939 1011 3197 1076 viderim,
3233 1011 3424 1064 audite

1851 1098 2201 1162 studuerunt,
2233 1100 2326 1152 sed
2356 1116 2416 1152 ca
2443 1116 2560 1168 qua:
2588 1101 2766 1170 lingua
2801 1102 2946 1154 ebria
2977 1118 3004 1154 a
3032 1105 3423 1157 scortatoribus

1852 1199 2163 1252 narrantur,
2192 1200 2285 1242 aut
2312 1191 2378 1242 ab
2415 1192 2642 1244 aniculis
2675 1207 2810 1244 vana
2840 1200 2895 1246 et
2925 1195 3194 1262 portentis
3223 1195 3420 1247 similia

1848 1281 2192 1334 ellutiuntur.
2219 1281 2498 1356 Caeterum
2530 1299 2624 1336 eos
2667 1283 2878 1354 linguas
2925 1299 3050 1337 suas
3096 1301 3200 1336 non
3233 1296 3422 1337 contra

1851 1389 1968 1436 nos,
1989 1383 2082 1426 aut
2105 1375 2168 1427 ad
2198 1390 2283 1428 res
2312 1390 2459 1427 Inoas
2478 1377 2860 1429 convellendas
2885 1378 3217 1441 exercuisse,
3247 1392 3421 1444 neque

1849 1475 2040 1518 eontra
2092 1468 2376 1519 veritatem
2412 1467 2511 1534 12
2544 1476 2782 1520 nostram
2829 1484 3051 1536 prorsus
3099 1470 3418 1529 armavisse,

1851 1561 1987 1612 liber
2017 1573 2203 1612 eorum
2246 1561 2513 1620 oszcudet,
2559 1562 2648 1626 qui
2684 1561 2866 1613 multis
2914 1561 2964 1613 in
3015 1561 3148 1614 locis
3189 1564 3416 1630 sparsim

1852 1651 2038 1703 laudes
2071 1665 2283 1719 quoque
2318 1660 2533 1703 nostras
2565 1652 2966 1719 complectitur.
3006 1652 3133 1718 Quae
3162 1669 3247 1706 rcs
3276 1655 3420 1706 claro

1851 1754 1904 1796 et
1936 1744 2126 1796 illustri
2159 1743 2473 1796 testimonio
2507 1759 2594 1795 me
2623 1744 2689 1798 ab
2721 1745 2867 1796 omni
2907 1745 3216 1812 suspicione
3243 1746 3422 1799 vindi-

1855 1835 2045 1888 cabit:
2085 1850 2152 1888 ne
2184 1835 2468 1903 quisquam
2508 1845 2678 1903 putet,
2727 1828 2977 1889 vindictze
3023 1852 3183 1889 causa
3231 1838 3343 1889 hmc
3390 1852 3420 1889 a

1858 1941 1945 1980 me
1975 1926 2161 1988 scribi,
2194 1934 2248 1978 et
2277 1928 2318 1976 si
2351 1925 2479 1993 quid
2505 1927 2616 1979 veri
2656 1925 2708 1979 in
2745 1927 2808 1979 iis
2837 1927 2983 1991 insit,
3011 1927 3212 1980 aboleri
3245 1946 3258 1982 :
3296 1943 3419 1981 cum

1853 2035 1932 2074 ea.
1948 2034 2106 2072 causa
2139 2018 2352 2070 abundo
2383 2018 2593 2071 sublata
2625 2020 2713 2081 sit,
2748 2033 2866 2087 qua:
2911 2019 3068 2072 talem
3107 2020 3417 2087 Opinionem

1855 2114 2179 2166 conﬁrmare
2207 2121 2394 2180 queat.
2431 2109 2537 2165 Sed
2577 2127 2731 2165 amor
2761 2122 2816 2166 et
2847 2113 3111 2177 veritatis,
3146 2123 3200 2166 et
3227 2128 3416 2166 eorum

1852 2207 1942 2275 qui
1980 2205 2308 2259 contumelia
2337 2205 2665 2268 aiiiciunlur,
2715 2207 2817 2258 huc
2854 2222 2938 2260 me
2971 2207 3236 2275 provexit.
3285 2207 3419 2262 Nam

1852 2299 1998 2353 illam
2032 2298 2195 2352 veluti
2228 2298 2517 2366 relegatam
2555 2312 2674 2350 esse
2723 2297 2975 2366 indignor
3018 2315 3032 2350 :
3068 2309 3124 2353 et
3159 2300 3241 2352 his
3273 2300 3420 2368 inju-

1851 2393 1982 2445 riam
2026 2390 2163 2453 fieri,
2203 2391 2345 2443 ferre
2389 2405 2494 2441 non
2529 2405 2774 2458 possum.
2817 2391 2892 2444 Ac
2922 2394 3102 2444 omnia
3137 2406 3418 2446 recensere

1847 2491 1901 2536 et
1944 2483 2200 2545 refutare,
2243 2496 2441 2533 munus
2471 2497 2659 2533 eorum
2710 2482 2893 2543 fuerit,
2943 2483 3032 2550 qui
3080 2483 3418 2540 abundantes

1847 2576 1980 2634 otio,
2024 2571 2328 2626 scribendis
2354 2571 2694 2624 orationibus
2736 2570 2832 2623 toti
2875 2571 3198 2626 incumbunt
3231 2590 3245 2626 :
3279 2589 3416 2642 pras-

1849 2681 1924 2718 sei
1943 2666 2034 2716 tim
2061 2679 2184 2716 cum
2212 2679 2272 2714 ea
2295 2678 2417 2730 qua:
2453 2662 2527 2714 illi
2557 2665 2899 2729 scripserunt
2933 2663 3065 2716 falsa
3094 2677 3212 2717 esse
3237 2665 3418 2718 omnia

1847 2771 1955 2808 non
1986 2754 2304 2808 dixerimus.
2333 2753 2391 2807 Id
2420 2755 2565 2807 enim
2594 2756 2800 2808 crimen
2829 2770 2895 2807 ne
2928 2756 2994 2808 iis
3019 2755 3234 2823 quidem
3263 2757 3418 2810 facile

1846 2846 2072 2916 impingi
2100 2855 2285 2914 queat,
2313 2844 2406 2914 qui
2438 2860 2495 2898 se
2521 2845 2628 2898 Nili
2666 2845 2842 2898 fontes
2873 2855 3148 2914 spectasse
3179 2847 3417 2916 glorian-

1845 2951 1972 2992 tur:
2007 2947 2102 2990 aut
2131 2937 2218 3000 iis,
2253 2936 2345 3004 qui
2373 2937 2673 3004 Autipodas
2711 2947 2766 2990 et
2792 2936 3067 3001 Antmcos,
3110 2938 3419 3008 quicunque

1846 3032 1918 3084 illi
1970 3039 2118 3090 sunt,
2159 3029 2378 3096 scriptis
2427 3027 2540 3080 suis
2599 3026 2867 3080 inserunt.
2920 3026 3028 3080 Sed
3079 3043 3200 3081 cum
3252 3029 3418 3082 multa

1841 3122 2095 3190 variaque
2129 3120 2238 3173 sint
2268 3119 2482 3172 illorum
2521 3120 2825 3182 mendacia,
2862 3135 3051 3190 pauca,
3081 3135 3250 3189 eaque
3277 3136 3416 3189 quo-

1845 3230 1960 3267 rum
1989 3214 2165 3266 adLuc
2195 3222 2359 3267 testes
2386 3219 2701 3281 supersunt,
2728 3227 2758 3265 e
2786 3211 2968 3264 multis
2993 3212 3212 3272 selecta.
3234 3212 3418 3280 judice

1843 3301 2071 3354 veritate
2117 3315 2214 3352 uos
2261 3301 2544 3353 evidenter
2585 3298 3011 3354 conlutabin'tus.
3053 3321 3070 3352 ι
3120 3300 3418 3369 Imperator

1847 3393 2025 3461 igitur,
2057 3407 2178 3443 cum
2214 3392 2278 3444 ad
2312 3391 2455 3444 hunc
2483 3406 2591 3444 sua:
2622 3392 2904 3447 concionis
2933 3394 3109 3447 locum
3138 3396 3418 3462 pervenis-

1843 3493 1948 3545 ειτι,
1990 3483 2042 3534 in
2085 3481 2371 3535 refutando
2405 3484 2606 3536 mullus
2641 3483 2741 3537 fuit
2783 3502 2795 3537 :
2831 3485 2895 3538 iis
2943 3485 3172 3538 testibus
3216 3462 3418 3554 prodit-

1842 3577 1962 3636 ctis,
1995 3577 2084 3642 qui
2116 3590 2200 3627 res
2223 3591 2252 3627 δ
2281 3576 2546 3643 scriptore
2568 3585 2852 3644 corruptas
2875 3583 2930 3629 et
2954 3577 3281 3645 depravatas
3309 3577 3414 3644 ipsi

1844 3682 1940 3735 per
1973 3681 2029 3718 se
2065 3675 2365 3734 gesserant.

159 3760 306 3826 πρὰν
336 3758 460 3825 ἐμοὶ
487 3757 580 3809 καὶ
607 3760 880 3828 περιφανῆ
908 3758 1006 3829 τὴν
1029 3759 1360 3827 παραίτησιν
1382 3758 1746 3826 ὑπισχνεῖται,
1794 3756 1871 3825 μὴ
1902 3757 1967 3809 ἂν
2034 3745 2406 3809 ὑποπτεύσέιν
2439 3757 2547 3810 τῶν
2597 3758 2816 3811 πάντων
2850 3759 3058 3822 οὐδένα,
3094 3758 3232 3830 πρὸς
3268 3760 3413 3828 ἄμυ-

157 3874 254 3907 ναν
285 3856 472 3922 λέγειν
510 3855 631 3924 ἐμὲ,
665 3857 759 3906 καὶ
791 3855 1096 3919 ἐξορύττειν
1130 3854 1182 3906 εί
1229 3872 1309 3917 τις
1357 3855 1568 3922 καρπὸς
1635 3853 1914 3923 ἀληθείας,
1967 3853 2066 3920 τῆς
2127 3855 2307 3912 αἰτίας
2354 3854 2744 3924 ἐξαιρουμένης
2794 3857 3134 3924 περιφανῶς,
3196 3855 3289 3922 ἀφ’
3345 3852 3414 3926 ἦς

157 3947 394 4008 ἀκλινῶς
425 3948 687 4017 βαδιεῖταί
719 3966 798 4009 τις
838 3948 971 4018 πρὸς
1003 3947 1344 4014 τὰτοιαῦτα,
1369 3947 1484 4000 ἀλλ’
1521 3946 1732 4008 εὐνοίας
1773 3945 1940 3998 ἕνεκα
2002 3946 2100 4010 τῆς
2148 3963 2208 3996 τε
2265 3946 2528 4014 ἀληθείας
2574 3948 2669 3999 καὶ
2719 3947 2828 3999 τῶν
2861 3948 3269 4017 ὑϐριζομένων·
3315 3948 3413 4012 τῆς

161 4046 282 4111 μὲν,
325 4042 869 4113 ὃτιὲξοστρακίζοιτο
908 4044 1208 4112 ζηλοῦντα·
1244 4045 1355 4096 τῶν
1419 4044 1497 4107 δὲ,
1554 4045 1636 4096 ὄτι
1702 4045 1999 4106 ἀδικοῖντο,
2037 4043 2222 4112 φέρειν
2265 4043 2364 4094 οὑκ
2415 4043 2772 4111 ἀνεχόμενον.
2818 4045 2893 4096 Τὸ
2938 4044 3037 4114 μὲν
3097 4040 3192 4096 οὖν
3237 4044 3415 4097 πάντα

157 4135 372 4186 ἐθέλειν
409 4134 663 4198 διεξιέναι
698 4136 794 4186 καὶ
841 4135 1174 4201 ἀνατρέπειν
1223 4135 1346 4187 καθ’
1374 4136 1589 4188 ’ἐκαστα
1629 4136 1982 4205 σχολάζοντος
2011 4134 2173 4203 ἔργον
2241 4135 2307 4186 ἂν
2378 4134 2486 4204 εἴη,
2521 4136 2615 4187 καὶ
2638 4136 2814 4202 λόγοις
2875 4135 3129 4200 καθάπαξ
3180 4141 3413 4204 ἐγκεκυ-

157 4231 344 4296 φὸτος.
379 4230 587 4292 ’Ᾱλλως
631 4247 691 4282 τε
750 4232 863 4300 (Ml
898 4233 1021 4284 οὐδὲ
1067 4230 1226 4284 πάνθ’
1262 4232 1361 4283 ὅσα
1408 4232 1740 4299 γεγράφασι,
1781 4233 1908 4292 τοὺς
1941 4231 2136 4296 ἄνδρας
2172 4230 2462 4298 ψεύδεσθαι
2495 4231 2724 4300 ἔφαμεν.
2793 4230 2965 4284 Τοῦτο
2999 4231 3105 4300 γάρ
3132 4231 3250 4284 οὐδὲ
3302 4235 3415 4293 τοῖς

151 4331 252 4390 τὰς
288 4327 485 4378 Νείλου
539 4325 721 4392 πηγάς
775 4325 901 4378 ίδεῖν
953 4327 1403 4394 τερατευομένηις
1467 4325 1868 4393 προστρίψαιτο
1935 4324 2000 4376 ἄν
2067 4341 2149 4384 τις
2181 4325 2402 4394 ῥᾳδίως,
2439 4323 2546 4374 οὐδ’
2612 4325 2726 4375 ὅσοι
2788 4324 2913 4384 τοὺς
2955 4323 3269 4384 ’Δντίποεας
3319 4328 3414 4378 κὶ

158 4419 494 4480 ’Λντοίκους,
522 4418 573 4469 οἴ
611 4417 752 4479 τινές
810 4417 930 4468 ποτ’
967 4419 1055 4487 ἄρ’
1083 4415 1192 4470 εἷεν
1228 4420 1450 4480 ἐκεῖνοι,
1482 4417 1558 4486 τῷ
1626 4418 1766 4484 λόγῳ
1807 4415 2330 4486 παρεισκυκλοῦσιν.
2373 4415 2532 4467 Ἀλλά
2582 4415 2794 4467 πολλῶν
2846 4417 3014 4468 ὄντων
3068 4415 3161 4466 καὶ
3224 4415 3409 4480 διαψ-

160 4534 266 4588 ρων
307 4515 482 4565 ὁπόσα
507 4511 909 4576 κατεψεύσαντο
932 4515 979 4564 οί
1008 4514 1217 4582 ἄνδρες,
1265 4513 1442 4581 μέτρι’
1508 4514 1645 4564 ἄττα
1689 4513 1781 4564 καί⁵
1822 4507 1894 4563 ὧν
1936 4509 2122 4560 πολλοὶ
2179 4508 2454 4574 μάρτυρες
2504 4508 2584 4558 ἔτι
2617 4508 2695 4578 τῷ
2721 4507 2829 4578 ’βίῳ
2866 4508 3134 4576 περίεισιν
3187 4507 3347 4568 ὲκλεξ
3387 4536 3412 4548 ο

161 4625 336 4674 μενοι,
361 4606 535 4658 ταῦτα
565 4605 662 4672 τῆ;
699 4603 954 4672 ἀληθείας
986 4605 1278 4672 κρινούσης
1305 4603 1548 4674 φαιδρῶς
1577 4605 1734 4672 ἡμεῖς
1775 4601 2149 4670 ὲξελέγξομεν,
2179 4621 2196 4653 ›
2261 4601 2406 4653 Ἀλλ’
2434 4604 2461 4654 ὁ
2495 4602 2592 4670 μὲν
2647 4601 2902 4671 βασιλεὺς
2940 4603 3042 4669 τὴν
3069 4600 3168 4668 τῆς
3213 4597 3410 4651 ἑαυτοῦ

155 4700 507 4771 δημηγορίας
561 4697 796 4750 ἐνταῦθά
857 4714 958 4748 που
1023 4698 1321 4757 συνελάσας
1383 4698 1741 4757 κατάστασιν,
1785 4695 1950 4757 πολὺς
1983 4696 2175 4746 ἔπειτα
2207 4695 2379 4765 ἐρρύη
2432 4696 2568 4765 πρὸς
2616 4695 2746 4756 τοὺς
2817 4693 3097 4762 ἐλέγχους,
3141 4693 3409 4761 σύμφωνα.

159 4803 392 4869 φάσκων
457 4795 686 4855 ἐκείνοις
758 4793 1047 4863 παροῦσιν,
1091 4794 1142 4846 οἳ
1209 4795 1320 4855 τοῖς
1373 4791 1581 4845 ἑαυτῶν
1621 4789 1982 4859 διεπράξαντο
2043 4790 2314 4860 σώμασιν,
2375 4792 2512 4844 ἆττα
2579 4792 2606 4842 δ
2665 4789 3016 4860 συγγραφεὺς
3086 4789 3404 4858 διεφθορότα

156 4895 396 4963 εἰρήκει,
432 4890 526 4940 καὶ
557 4888 754 4956 ἥκιστα
785 4889 848 4954 τῇ
891 4885 1116 4953 ἀληθεία
1148 4886 1311 4952 ὁμόλο
1326 4901 1409 4950 γα.

229 4985 306 5036 F'.
326 4981 490 5048 Ἡμῖν
519 4979 573 5030 δὲ
603 4981 629 5029 ὁ
662 4978 756 5045 μὲν
786 4977 908 5044 περὶ
941 4975 1142 5028 τούτων
1172 4975 1325 5040 λόγος
1360 4972 1651 5042 ἀναμείνας
1680 4976 1732 5025 ἓν
1766 4999 1808 5048 υ

1766 4999 1808 5048 υ
1911 4973 1997 5028 Ill.
2031 4971 2139 5025 Nos
2162 4988 2291 5025 vero
2321 4987 2439 5025 eam
2468 4973 2766 5025 orationem
2801 4970 3114 5025 timeremus
3143 4985 3209 5025 eo
3237 4987 3408 5040 usque

155 5077 228 5144 τῷ
265 5073 515 5142 παρόντι,
549 5072 697 5120 ἔσται
728 5068 882 5133 δῆλος
910 5072 964 5119 ὲν
1015 5072 1124 5127 τοῖς
1178 5067 1293 5134 ἐξῆ,
1335 5069 1469 5136 (l5),
1501 5070 1586 5119 ὅτε
1640 5072 1729 5119 καὶ⁶

156 5169 288 5235 ἡμῖν
321 5166 421 5226 τὰς
468 5164 637 5223 αὑτὰς
696 5160 949 5222 διεξιέναι
1004 5158 1214 5225 γένοιτο
1264 5159 1543 5221 ὑποθέσεις
1572 5175 1583 5187 ·
1615 5160 1642 5209 ὁ
1674 5159 1729 5211 δὲ

156 5261 256 5324 τῆς
313 5253 708 5325 μελετηθείσης
772 5251 1007 5319 ἱστορίας
1063 5250 1237 5319 ἀρχὴν
1294 5251 1609 5318 λαμόανέτω
1667 5251 1732 5302 τὰ

157 5352 296 5419 μετὰ
325 5348 424 5418 τὴν
449 5346 648 5400 ἅλωσιν
672 5343 768 5414 τῆς
815 5342 1199 5413 βασιλευούσης
1258 5342 1364 5395 τῶν
1410 5343 1638 5408 πόλεων,
1665 5341 1733 5410 ἢν

1839 5066 1965 5118 dum
2000 5075 2049 5118 et
2072 5065 2228 5118 nobis
2259 5065 2458 5117 eadem
2497 5081 2583 5118 res
2615 5067 2945 5132 explicandae
2972 5073 3146 5117 cruut.
3182 5064 3405 5118 Institu-

1841 5168 1943 5211 tam
1964 5167 2140 5210 autem
2166 5156 2265 5224 l3
2286 5155 2585 5218 historiam,
2604 5172 2629 5208 ι]
2653 5166 2828 5222 capta,
2849 5163 2980 5225 proh
3000 5159 3152 5211 dolor
3181 5160 3192 5210 !
3218 5173 3244 5208 a
3268 5156 3407 5211 Lali-

1839 5253 1926 5305 nis
1979 5249 2323 5319 imperatrize
2378 5251 2509 5302 urbe
2564 5249 2964 5313 ausieicabimur
3001 5266 3013 5302 :
3051 5264 3098 5302 et
3160 5265 3221 5302 ea
3285 5266 3405 5318 qua:

1840 5341 2089 5410 quamvis
2133 5347 2258 5393 ante
2288 5352 2528 5394 nostram
2567 5351 2780 5394 aetatem
2813 5340 3128 5404 acciderint,
3163 5349 3340 5394 tamen
3373 5356 3402 5394 a

1481 5501 1818 5562 Variorum
1861 5509 2047 5561 notas.

229 5654 338 5720 (Η)
380 5651 604 5703 Videtur
630 5648 957 5711 addendum,
983 5647 1169 5716 ἐπειδὴ
1199 5648 1344 5701 οὕδέ.
1375 5647 1648 5702 WoLrics.

228 5725 341 5791 (15)
379 5724 510 5786 Quin
557 5720 626 5771 ah
659 5722 778 5772 aliis
823 5721 1114 5786 depravata
1165 5733 1281 5771 esse
1321 5728 1538 5791 assert,
1597 5736 1724 5771 nus-

161 5790 321 5862 quam
355 5792 619 5847 convellit
657 5795 706 5841 in
743 5791 844 5843 huc
875 5806 1070 5858 opere:
1111 5793 1315 5843 ιρι-ιρις
1356 5790 1602 5843 fortassis
1634 5807 1724 5841 υλ-

1834 5649 2101 5768 positi\one
2138 5649 2274 5701 c'tra
2311 5648 2626 5719 cujusquam
2655 5643 3141 5717 reprehensionem
3171 5650 3402 5697 conten-

1834 5731 1942 5768 lllS.
2018 5735 2255 5768 tuu‘tts.

1834 5731 1942 5774 lllS.
1988 5731 2034 5769 Vi
2054 5735 2255 5773 ULHL'S.
