4214 6450
128 331 221 394 133
368 325 445 395 [λυ
481 341 531 380 (ε-
558 325 695 380 5304
735 341 798 379 λυ
835 323 998 395 12τὶῖ]
1147 328 1593 389 BYZANTlN/E
1634 329 1731 388 Ill:

1825 327 2026 388 01115;
2063 330 2188 388 LIB
2255 331 2304 390 ι,
2520 323 2657 395 (me.
2691 337 2886 379 τιιεοο.
2918 323 3091 393 uso]
3275 328 3372 392 134

124 444 212 508 τὴν
243 437 640 507 βασιλεύουσαν
687 436 1081 505 ἐξεπόρθησαν.
1117 436 1292 506 Τριχῆ
1322 437 1368 488 δ’
1412 435 1582 504 αὐτὴν
1621 435 1698 487 δ.-
1728 487 1731 496 η

1825 447 2226 507 :xpugnassent.
2263 437 2551 506 imperium
2590 435 2868 504 triparttto
2908 439 3051 490 inter
3081 452 3138 491 se
3171 437 3375 493 divise-

125 533 384 600 εὶόμενοι,
421 528 760 597 διενείμαντο
784 527 924 582 κατὰ
964 529 1124 596 σφᾶς,
1149 528 1177 580 ὃ
1211 543 1269 580 τε
1301 527 1476 596 κόμης
1530 527 1698 580 Φλάν-

1825 539 1927 584 uut
1961 529 2254 582 Balduiuus
2291 543 2474 583 comes
2523 527 2808 592 Flaudrize,
2850 527 3159 583 Ludovicus
3192 546 3377 586 comes

2520 321 2657 395 [IIP.
2691 337 2886 379 τιιεοο.
2918 321 3091 393 uso]

125 626 247 692 δρας
279 622 621 687 Βαλδουτνος,
650 624 747 676 καὶ
784 624 810 674 ό
838 620 1019 690 κόμης
1054 621 1228 690 Πλέης
1282 621 1528 681 Δολόῐκος
1560 621 1696 690 (ειν

132 719 284 785 μόνος
311 715 367 766 δὲ
390 715 892 783 Μοντησφεράντας
946 715 1246 784 μαρκέσεος
1293 712 1392 782 ρὴξ
1430 714 1651 767 ἀποδέδε
1676 743 1701 753 -

129 825 246 859 κται
270 805 675 874 Θεσσαλονίκης
703 806 796 857 καὶ
850 805 959 858 τῶν
1023 806 1316 858 ἐπέκεινα·
1356 806 1604 875 βασιλεὺς
1657 806 1698 856 δ’

129 900 182 964 ἐξ
216 899 397 949 αὐτῶν
434 900 772 967 ἁνηγόρευτο
837 899 1154 962 Βυζαντὶδος
1185 900 1214 949 ὁ
1263 898 1576 962 Βαλδουῖνος
1597 916 1611 930 ο
1638 898 1698 959 ὃς

129 991 285 1051 εὐθὺς
311 994 407 1043 καὶ
461 992 601 1044 κατὰ
635 990 743 1044 τῶν
795 991 1068 1059 ἐσπερίων
1115 989 1404 1059 ἐξώρμησε
1470 991 1697 1052 πόλεων,

129 1086 242 1140 ὅσαι
277 1082 406 1149 περὶ
433 1083 656 1151 Θρᾴκην
711 1082 975 1152 σποράδες
1021 1080 1147 1134 είσί.
1187 1082 1295 1133 Καὶ
1343 1081 1545 1144 ταύτας
1603 1081 1704 1152 μὲν

128 1174 221 1241 τὴν
263 1173 536 1241 ταχίστην
596 1173 812 1232 ἁπάσας
873 1169 1034 1231 αὐτὸς
1095 1170 1498 1238 παρεστήσατο.
1546 1168 1604 1220 '0
1649 1169 1704 1221 δὲ

133 1265 632 1334 ιίοντησφεράντης
706 1259 1003 1331 μαρκέσιος
1085 1261 1245 1330 μέχρι
1310 1259 1707 1330 Θεσσαλονίκης

130 1361 221 1426 τὴν
255 1357 447 1425 ἔφοδον
492 1355 876 1422 ποιησάμενος,
914 1354 1004 1405 καὶ
1053 1353 1254 1421 ταύτης
1286 1352 1572 1422 γενόμενος
1615 1354 1707 1419 ἐγ-

1801 620 2090 680 Blesensis,
2123 631 2175 672 et
2201 619 2587 674 Montisferrati
2621 622 2884 674 marchio.
2916 621 3092 690 Atque
3120 623 3206 677 hic
3229 624 3380 678 solus

1802 712 2205 766 Thessalonica:
2239 721 2293 767 et
2321 712 2683 782 aljacentium
2730 713 2970 767 locorum
3013 729 3107 767 rex
3147 704 3254 768 est.
3280 716 3378 771 de-

1801 805 2057 859 claratus.
2106 805 2404 874 lmperator
2431 813 2610 858 autem
2666 806 2908 874 Byzantii
2944 821 3006 859 ex
3058 807 3122 860 iis
3163 816 3377 863 creatos

1802 897 2104 951 Baltluinns
2135 897 2315 950 statim
2371 907 2558 950 contra
2602 894 2978 951 Occidentales
3027 897 3210 960 urbes,
3256 915 3377 967 quae

1803 1003 2007 1043 Cll'Cllm
2043 987 2328 1041 'l‘hraciam
2364 990 2592 1055 sparsim
2628 999 2946 1051 occurrunt,
2969 991 3155 1050 movit,
3180 1004 3379 1059 easque

1805 1094 1994 1134 omnes
2017 1079 2301 1133 celerrime
2342 1078 2616 1134 deditione
2651 1081 2814 1148 cepit.
2857 1079 3244 1135 Montisferrati
3281 1099 3380 1136 au-

1807 1179 1914 1223 tem
1949 1167 2185 1222 Marchio
2214 1167 2652 1223 Thessalonicam
2685 1184 2855 1238 usque
2898 1185 3235 1240 progressus,
3279 1188 3376 1227 ea-

1807 1275 1913 1329 que
1965 1261 2188 1330 potitus,
2238 1260 2490 1315 facillime
2526 1263 2695 1317 instar
2740 1261 2976 1314 incendii
3031 1262 3156 1316 inde
3189 1278 3380 1316 omnes

1811 1353 2095 1406 ulteriores
2141 1369 2305 1423 pagos
2361 1365 2412 1406 et
2461 1353 2623 1406 urbes
2679 1363 2765 1407 est
2823 1364 3164 1422 pervagatus,
3208 1355 3385 1421 donec

131 1450 357 1521 κρατὴς,
426 1449 599 1519 ῥᾷστα
671 1446 921 1515 καθάπερ
992 1444 1122 1514 φλὸξ
1166 1446 1373 1499 ἐκεῐθεν
1415 1445 1710 1514 ἐπενέμετο

1833 1457 1980 1513 psam
2009 1442 2440 1514 Peloponnesum
2489 1445 2884 1513 ingrederetur.
2921 1449 2998 1499 Ac
3032 1448 3122 1500 illo
3162 1448 3380 1516 quidem

136 1545 309 1603 πάσας
335 1545 436 1603 τὰς
467 1540 651 1610 πρόσω
675 1537 866 1608 κώμας
891 1540 988 1591 καὶ
1038 1537 1241 1604 πόλεις,
1267 1538 1372 1599 ἕως
1419 1541 1510 1590 καὶ
1545 1538 1711 1604 αὐτῆς

1825 1551 1955 1588 inno
1988 1550 2073 1590 res
2117 1534 2434 1589 Latinorum
2468 1537 2710 1589 secundo
2763 1551 2927 1591 cursu
2977 1549 3384 1605 processerunt.

132 1637 302 1704 ἐπέϐη
325 1637 426 1704 τῆς
455 1636 622 1703 νήσου
654 1630 749 1684 τοῦ
789 1632 1041 1692 Πέλοπος.
1089 1631 1192 1683 Τὸν
1227 1631 1324 1698 μὶν
1373 1630 1437 1698 δὴ
1470 1630 1713 1682 ἐνιαυτὸν

1825 1628 1882 1680 At
1909 1642 2039 1680 vero
2069 1627 2123 1680 iti
2151 1642 2353 1681 annum
2387 1639 2701 1697 sequentem
2735 1627 3076 1703 somniabant
3105 1644 3165 1683 se
3187 1626 3386 1684 Orien-

137 1731 338 1782 ἐκεῖνον
377 1727 613 1794 εὖδρομα
644 1725 713 1775 τὰ
758 1723 1002 1775 Λατίνων
1056 1722 1269 1790 ἐχώρει.
1314 1720 1714 1788 Ὤνειροπόλουν

1825 1727 1923 1772 tem
1958 1718 2133 1787 ipsum
2168 1718 2474 1782 invasuros,
2504 1728 2560 1773 et
2599 1720 2780 1773 omnia
2815 1719 2924 1772 illic
2958 1720 3011 1773 in
3059 1729 3377 1788 potestatem

134 1838 192 1888 γε
225 1820 334 1888 μὴν
355 1819 417 1880 ἐς
447 1787 667 1871 τούπιὸν
698 1815 813 1877 ἐτος
841 1815 935 1867 καὶ
1001 1787 1177 1882 αὐτῆς
1208 1787 1469 1880 ἐπιϐῆναι
1491 1811 1586 1879 τῆς
1613 1811 1706 1875 Eni,

1825 1826 1969 1865 suam
2005 1811 2344 1876 redacturos,
2390 1811 2526 1866 adeo
2566 1822 2624 1865 ut
2672 1812 2818 1866 nulla
2869 1787 3126 1865 Romanis
3170 1812 3384 1882 imperii

136 1911 230 1962 καὶ
284 1908 571 1978 ὑποχείρια
631 1907 806 1959 πάντα
869 1904 1197 1971 ποιήσασθαι
1247 1904 1316 1955 τὰ
1371 1904 1568 1966 ἐκεῖσε,
1631 1901 1707 1964 ώς

1825 1902 2171 1971 recuperandi
2203 1917 2328 1971 spes
2371 1904 2792 1972 relinqueretur.
2841 1904 3026 1974 Itaque
3052 1920 3181 1959 vere
3223 1920 3389 1974 appe-

143 2003 304 2072 μηδὲν
355 2001 437 2053 ἐτι
470 1997 760 2067 Ῥωμαίοις
795 1997 970 2066 ἀρχῆς
1023 1997 1354 2062 ὑπέκκαυμα
1407 1993 1704 2046 λείπεσθαι.

1825 2003 1966 2048 lente
2021 1992 2336 2048 Latinorum
2373 2003 2546 2066 copim
2590 1997 2645 2050 in
2685 1994 2960 2051 Orientem
3005 1998 3250 2067 trajicere
3278 2014 3389 2051 una

140 2096 245 2148 Καὶ
275 2096 376 2164 μὲν
393 2094 456 2160 δὴ
488 2089 617 2162 ἦρος
644 2091 985 2154 ἐπιστάντος,
1021 2090 1106 2162 [Ρ.
1143 2089 1199 2162 8]
1232 2088 1492 2141 Λατινικά
1550 2105 1710 2158 στρα-

1825 2104 1940 2142 cum
1975 2089 2092 2156 ipso
2142 2086 2402 2142 Balduino
2437 2089 2719 2157 parabant.
2760 2089 2835 2141 Ac
2885 2087 3111 2143 forsitan
3145 2088 3390 2157 trajecis-

138 2188 383 2255 τεύματα
410 2182 855 2252 διαπεραιοῖηθαι
882 2183 1016 2254 πρὸς
1049 2184 1126 2235 ἔω
1172 2182 1259 2236 διὰ
1297 2182 1520 2250 μελέτης
1571 2177 1718 2248 εἶχον

1825 2190 1938 2234 scut
1967 2193 2017 2234 et
2050 2179 2419 2234 Romanorum
2469 2181 2723 2247 reliquias
2754 2181 3129 2234 internecione
3158 2179 3390 2234 delevis-

140 2281 249 2346 ἅμα
286 2277 440 2343 αὑτῷ
475 2276 796 2343 Βαλδουίντςι.
814 2275 964 2343 Τάχα
981 2274 1095 2327 δ’ἆν
1115 2274 1206 2325 καὶ
1223 2273 1299 2326 διε
1309 2290 1370 2324 πε
1381 2273 1712 2342 ραιώθησαν,

1825 2286 1958 2337 sent,
1990 2272 2094 2326 nisi
2134 2273 2446 2343 derepente,
2492 2274 2658 2327 veluti
2697 2274 2872 2342 magni
2916 2274 3147 2348 tonitrus
3189 2272 3393 2341 fragor,

140 2371 232 2423 καὶ
286 2369 358 2423 τὰ
407 2369 610 2436 ἔσχατα
654 2369 750 2437 τῆς
797 2367 1069 2427 ἀπωλείας
1106 2368 1214 2428 τοῖς
1250 2366 1547 2428 ἐπιλοίποις
1587 2365 1720 2416 Ῥω-

1825 2364 2091 2436 Bulgarici
2141 2376 2320 2420 motus
2363 2376 2534 2419 terror
2569 2367 2828 2436 impetum
2880 2365 3091 2420 illorum
3128 2365 3390 2420 retardas-

144 2461 317 2528 μαίοις
379 2460 708 2526 ἐπήνεγκαν,
755 2461 803 2510 εί
859 2461 933 2528 μὴ
979 2458 1228 2527 καθάπερ
1283 2453 1417 2526 ἦχος
1475 2456 1718 2525 μεγάλης
1822 2466 1924 2510 set.

141 2555 370 2623 βροντῆς
397 2553 651 2624 ἐξαίφνης
673 2556 706 2624 ἡ
732 2553 1072 2624 Βουλγαρικὴ
1113 2555 1269 2625 φήμη
1293 2553 1718 2624 καταρραγεῖσα,
1754 2552 1974 2616 τούτους
2006 2550 2264 2624 ἐξέπληξέ
2332 2569 2390 2604 τε
2455 2553 2548 2606 καὶ
2589 2553 2687 2622 τὴν
2720 2553 2920 2605 τούτων
2973 2553 3146 2622 ὁρμὴν
3178 2552 3396 2622 ἀνεχαί-

137 2665 306 2703 τισεν.

207 2752 284 2800 ω.
331 2747 395 2800 Ὀ
445 2747 553 2814 γάρ
602 2762 684 2800 τοι
739 2745 832 2800 τοῦ
883 2746 1100 2817 πρώτου
1161 2747 1324 2799 Ἀσὰν
1377 2747 1598 2816 ἀδελφὸς
1635 2749 1730 2800 καὶ

1901 2743 1992 2799 ιγ.
2026 2742 2160 2798 Nam
2199 2744 2358 2814 primi
2405 2745 2600 2799 Asanis
2631 2744 2794 2799 frater
2831 2756 2885 2799 et
2927 2761 3211 2800 successor
3235 2745 3399 2801 Joan-

135 2837 384 2906 διάδοχος
421 2839 673 2901 Ἰωάννης
692 2842 896 2901 πάντας
920 2841 1042 2902 τοὺς
1078 2828 1181 2891 ὑπὸ
1218 2843 1370 2909 χεῖρα
1390 2840 1729 2910 Βουλγάρους

1828 2850 1945 2901 nes,
1979 2836 2081 2905 15
2136 2839 2349 2891 delectu
2391 2854 2452 2892 ex
2495 2838 2750 2892 erunibus
2791 2837 3032 2908 Bulgaris
3093 2837 3296 2900 habito,
3349 2846 3401 2891 et

139 2931 606 2998 στρατολογήσας,
639 2924 974 2999 ἐπαγόμενος
1006 2931 1060 2982 δὲ
1094 2931 1187 2984 καὶ
1220 2933 1602 3002 μισθοφορικὸν
1629 2932 1726 2984 οὐκ

1829 2943 1936 2982 non
1986 2929 2168 2998 parvis
2215 2929 2540 3000 Scytharum
2590 2929 2782 2998 copiis,
2824 2929 2915 2998 qui
2970 2928 3220 2984 Boreales
3276 2929 3399 2982 lstri

137 3017 322 3085 ὀλίγον
359 3021 425 3070 ἐκ
461 3020 569 3070 τῶν
622 3019 770 3085 παρὰ
822 3019 891 3072 τὰ
941 3020 1127 3092 βόρεια
1175 3022 1314 3090 μέρη
1373 3021 1466 3074 τοῦ
1511 3021 1724 3091 Ἴστρου

1826 3027 2006 3086 partes
2041 3018 2315 3082 accolunt,
2362 3017 2666 3080 conductis,
2725 3018 3068 3072 occasionem
3118 3017 3221 3072 sibi
3253 3019 3402 3075 obla-

137 3109 395 3173 Σκυθῶν,
431 3112 624 3179 καιρὸν
653 3109 800 3178 ἔχειν
824 3111 1039 3179 ἔκρινεν
1098 3111 1380 3166 ἐπιθέσθαι
1409 3115 1528 3176 ταῖς
1575 3112 1721 3186 Θρατ

1825 3120 1933 3162 tam
1967 3118 2116 3164 ratus
2145 3120 2229 3164 est
2259 3109 2520 3166 Thracios
2552 3128 2715 3184 pagos
2742 3123 2797 3167 et
2830 3113 2991 3167 urbes
3029 3113 3396 3182 opprimendi,

137 3205 329 3264 κικαίς
367 3202 583 3269 κώμαις
649 3205 745 3255 καὶ
805 3203 1041 3269 πόλεσιν,
1073 3205 1130 3255 ἐν
1185 3204 1324 3275 ζάλῃ
1381 3205 1468 3257 καὶ
1512 3203 1724 3276 θορύϐῳ

143 3295 347 3366 μακρῷ
375 3295 485 3347 τῶν
514 3295 836 3362 Ῥωμαϊκῶν
859 3296 1157 3366 τηνικαῦτα
1177 3297 1518 3366 πραγμάτων
1539 3298 1724 3362 ὄντων,

141 3385 237 3435 καὶ
265 3385 380 3434 τῶν
410 3385 652 3437 Λατίνων
686 3389 743 3437 ἐν
780 3385 956 3449 ἄλλοις
991 3386 1419 3456 σπουδαιοτέροις
1451 3404 1516 3439 πε
1527 3406 1729 3455 ρισπω-

147 3477 352 3543 μένων.
395 3475 559 3527 Ὅθεν
617 3477 831 3547 ἀνάγκη
889 3480 1304 3546 συνειλημμένοι
1354 3477 1598 3550 τοιαύτη,
1627 3481 1726 3548 τὴν

144 3565 314 3618 οὖσαν
342 3568 640 3638 Λατινικὴν
669 3570 955 3622 ἀναλαὸεϊν
987 3571 1230 3636 ἔγνωσαν
1257 3571 1484 3641 δύναμιν
1510 3572 1728 3626 ἃπασαν

150 3658 472 3719 Βαλδουῖνός
500 3675 557 3710 τε
588 3659 681 3711 καὶ
737 3660 786 3711 oi
847 3662 942 3712 σύν
982 3678 1044 3728 γε
1080 3663 1235 3732 αὐτῷ.
1280 3664 1377 3731 τὴν
1436 3665 1728 3734 ἠγεμονίαν

145 3748 520 3818 διαλαχόντες,
552 3752 647 3802 καὶ
678 3751 838 3821 μέχρι
881 3756 975 3804 καὶ
1003 3755 1060 3816 ἐς
1109 3755 1175 3806 τά
1228 3754 1328 3823 τῆς
1394 3755 1729 3824 Ὀρεστιάδος

151 3839 436 3908 ίππήλατα
466 3842 1015 3913 κατεσπουδασμένην
1053 3845 1173 3896 τινὰ
1223 3844 1321 3913 τὴν
1374 3846 1729 3915 ἐκστρατείαν

150 3930 507 4000 ποιήσασθαι.
538 3925 615 3984 Οὖ
644 3935 954 4004 γενομένου,
983 3935 1120 4005 πρὸς
1158 3937 1336 4005 μάχην
1391 3939 1755 4008 ἑκατέρωθεν-

149 4026 266 4075 ἐκεῖ
327 4029 603 4095 περιφανῆ
663 4026 732 4078 τὰ
798 4029 1181 4096 στρατεύματα
1241 4032 1570 4100 συνερῤάγη,
1634 4033 1728 4085 καὶ

150 4115 321 4177 πολὺς
354 4115 742 4183 ἀμφοτέρωθεν
801 4117 1008 4184 ἐγίνετο
1039 4119 1218 4188 φόνος,
1260 4120 1549 4190 εὐρώστως
1583 4123 1727 4190 ἀγω-

149 4203 452 4272 νιζομένων
489 4205 744 4257 ἁπάντων
778 4205 939 4273 μέχρι
969 4205 1062 4259 καὶ
1084 4208 1140 4269 ἐς
1157 4208 1322 4259 πολύν
1348 4225 1467 4260 τινα
1514 4211 1725 4279 χρόνον·

149 4294 246 4360 ὐψέ
279 4293 326 4346 δ’
359 4284 599 4361 ἐγκλῖναι
639 4296 750 4356 τοῖς
783 4293 1112 4366 Βουλγάροις
1164 4298 1596 4364 συνεπεπτώκει,
1631 4302 1729 4353 οὐκ

150 4382 544 4452 οἷδ’όπότερον,
566 4385 673 4437 εῐτε
703 4385 801 4454 τὴν
825 4386 931 4438 τῶν
955 4388 1196 4440 Λατίνων
1215 4389 1274 4440 οὐ
1303 4390 1446 4458 μάλα
1472 4394 1729 4459 γενναίως

1831 3217 1888 3254 re
1923 3199 2168 3255 Romana
2199 3203 2551 3258 vehementer
2579 3205 2791 3259 turbata
2827 3215 2880 3258 et
2916 3203 3110 3258 afﬂicta
3144 3245 3158 3268 ,
3195 3205 3402 3259 Latinis

1831 3303 2010 3347 autem
2049 3297 2211 3350 rebus
2243 3296 2580 3365 gravioribus
2624 3297 2915 3352 distractis.
2973 3296 3128 3351 Unde
3175 3296 3406 3351 necessi-

1833 3396 1940 3440 tate
1970 3387 2162 3448 coaeti,
2194 3402 2319 3442 suas
2346 3403 2536 3442 omnes
2557 3389 2738 3458 capias
2762 3403 3020 3442 revocare
3046 3389 3405 3441 decreverunt

1832 3477 2129 3531 Balduinus
2164 3487 2218 3531 et
2255 3479 2346 3546 qui
2399 3494 2522 3532 cum
2567 3495 2632 3533 eo
2677 3480 2857 3549 partiti
2906 3489 3061 3533 erant
3094 3481 3401 3547 imperium,

1831 3583 1895 3621 ac
1919 3569 2184 3636 usque‘ad
2212 3568 2511 3622 Orestiadis
2550 3570 2824 3637 planitiem
2854 3570 3100 3624 celeriter
3128 3571 3403 3640 progredi.

1839 3661 1954 3725 Quo
1986 3659 2130 3713 facto
2161 3660 2436 3714 exercitus
2471 3661 2664 3715 illustri
2703 3677 2876 3731 pugna
2917 3661 3299 3726 conﬂixerunt,
3352 3671 3403 3716 tt

1831 3751 2000 3804 multa
2033 3751 2288 3819 utrinque
2331 3756 2538 3820 Strages
2576 3752 2718 3805 edita
2751 3763 2851 3816 est,
2891 3755 3145 3808 omnibus
3192 3753 3405 3807 fortiter

1835 3842 1996 3911 longo
2036 3842 2300 3911 temporis
2340 3844 2516 3912 spatio
2551 3843 2967 3907 dimicantibus,
2993 3844 3164 3897 donec
3188 3843 3404 3897 tandem

1830 3933 2044 4005 Bulgari
2077 3943 2381 3996 cesserunt,
2429 3935 2572 3988 haud
2626 3935 2739 3989 scio
2769 3952 2835 3989 an
2889 3935 3031 4005 quod
3087 3935 3400 3991 Latinorqu

1830 4016 2046 4094 gravem
2079 4035 2408 4079 armaturam
2451 4026 2725 4080 sustinere
2757 4041 2866 4079 non
2901 4035 3141 4094 possent,
3176 4042 3243 4078 an
3275 4041 3406 4080 vero

1831 4117 1976 4187 quod
2009 4119 2076 4171 de
2115 4118 2377 4172 industria
2419 4117 2539 4171 illos
2587 4118 2639 4171 in
2692 4119 2915 4173 insidias
2950 4120 3263 4188 pertrahere
3290 4120 3406 4172 vel-

1831 4213 1945 4265 lent
1975 4229 1986 4263 :
2020 4211 2072 4265 id
2096 4211 2236 4279 quod
2277 4210 2609 4275 probabilius
2631 4219 2732 4264 est.
2763 4210 2895 4264 Nam
2935 4226 3056 4263 cum
3091 4226 3186 4264 eos
3230 4209 3405 4264 Latini

1831 4302 2142 4381 lpngissime
2209 4302 2480 4372 persecuti
2536 4310 2741 4364 essent,
2801 4300 3016 4370 Scythae
3070 4315 3134 4355 ex
3193 4302 3405 4355 insidiis

1825 4405 2168 4462 consurgunt
2204 4411 2218 4447 :
2253 4404 2306 4448 et
2334 4393 2541 4463 Bulgari
2572 4393 2717 4446 velut
2751 4409 2813 4446 ex
2844 4394 3144 4463 composito
3179 4409 3406 4448 convcr-

154 4478 400 4540 ἐνεγκεῖν
438 4477 711 4544 δυνηθεῖσι
744 4477 962 4546 βαρεῖαν
1017 4478 1228 4531 ὅπλισιν
1263 4482 1399 4551 (22),
1433 4483 1530 4535 εἴτ’
1554 4482 1731 4546 ἐξεπί-

1839 4485 1904 4545 si.
1945 4487 2129 4540 hostes
2181 4494 2374 4554 prater
2420 4500 2635 4537 onmem
2677 4486 3137 4552 exspectationem
3174 4484 3408 4539 circum-

153 4568 312 4635 τηδες
345 4568 680 4642 παρεξάγειν
718 4571 856 4638 σφᾶς
917 4569 1224 4640 βουληθεῖσι
1256 4574 1382 4640 περὶ
1433 4576 1500 4626 τὰ
1532 4575 1733 4643 ⁵ἐνεδρα

154 4661 248 4710 καὶ
321 4662 449 4721 τοὺς
501 4659 725 4730 λόχους·
775 4655 820 4729 ᾧ
869 4663 962 4713 καὶ
1010 4664 1210 4732 μᾶλλον
1266 4666 1510 4720 τίθεσθαι
1563 4669 1730 4735 ἄξιον.

159 4751 298 4821 Ἤδη
323 4751 432 4818 γὰρ
453 4751 527 4811 ὼς
554 4755 890 4822 πορρωτάτω
916 4771 1015 4804 που
1045 4755 1140 4824 τῆς
1162 4755 1394 4819 διώξεως
1421 4761 1732 4831 γινομένης,

1829 4585 2024 4631 ventos
2075 4578 2282 4648 sagittis
2323 4585 2378 4629 et
2426 4575 2624 4644 jaculis
2662 4585 2885 4628 strenue
2924 4576 3289 4639 couﬁxerunt,
3350 4587 3408 4629 et

1835 4679 1979 4722 terra
2009 4669 2277 4738 sanguine
2323 4677 2378 4720 et
2433 4667 2788 4720 cadaveribus
2844 4669 3070 4733 repleta,
3131 4668 3410 4736 ingentem

1833 4759 2148 4814 Latinorum
2195 4769 2429 4827 stragem
2461 4759 2750 4812 ediderunt
2786 4778 2799 4812 :
2838 4759 2929 4828 qui
2970 4760 3038 4813 ob
3075 4761 3286 4830 pondus
3319 4776 3404 4813 ar-

155 4842 470 4896 ἀνίστανται
500 4843 609 4895 τῶν
670 4844 842 4912 λόχων
882 4845 996 4915 (25)
1029 4847 1076 4898 ol
1115 4845 1321 4900 Σκύθαι
1348 4865 1363 4880 ο
1395 4849 1731 4921 ἐπαναστρέ-

1835 4868 2048 4906 morum
2097 4853 2444 4909 continentes
2494 4850 2820 4924 Scytharum
2852 4853 3192 4907 incursiones
3215 4861 3267 4906 et
3293 4854 3402 4906 cir-

1511 4946 1841 5008 Variorum
1885 4955 2067 5008 tiotm.

226 5039 344 5118 (2|)
374 5039 579 5118 Postea
604 5041 856 5101 Λοδόῖκος
884 5060 898 5097 :
931 5045 1118 5118 eadem
1151 5048 1460 5112 μεταθέσει,
1501 5065 1604 5118 qua
1637 5052 1732 5105 Νι-

155 5111 439 5189 ξόλαοςῌει
470 5112 754 5189 Λςαόνικοε,
792 5122 847 5166 et
877 5111 1320 5189 apudnnstrates
1345 5111 1646 5189 Bulgangus
1674 5131 1729 5175 et

155 5180 475 5257 ﬁanLgolfus.
504 5178 986 5257 WOLrIus.—_Ka't
1014 5186 1242 5257 b_x6p.~q;
1263 5178 1726 5256 [Ιλέηςῖάολόῖκος.

156 5249 387 5302 Wolfius
427 5254 726 5329 interpres,
767 5263 815 5305 et
844 5253 995 5329 Pleas
1025 5249 1211 5329 gentes
1254 5249 1520 5329 l)o_loicus,
1563 5249 1725 5329 quem

154 5335 398 5393 errorem
430 5320 640 5393 erravit
656 5322 821 5393 etiam
854 5323 996 5390 apud
1026 5323 1269 5378 Nicetam
1304 5320 1634 5393 Choniaten,
1671 5332 1724 5384 in

156 5389 447 5464 lfalduiuo,
474 5388 540 5441 Ν.
573 5387 688 5464 l_V.,
721 5392 810 5445 ubi
848 5387 1053 5460 pariter
1084 5395 1400 5464 indigitatur
1432 5387 1724 5453 Ludovicus

153 5457 338 5512 Comes
383 5457 666 5532 “esensis.
724 5457 952 5530 utroque
1005 5457 1270 5532 scriptore
1326 5481 1513 5521 vocem
1557 5469 1719 5530 Blois,

155 5542 249 5580 seu
289 5529 474 5606 potius
505 5528 668 5606 ιίιέει
673 5528 946 5606 quomodo
973 5547 1037 5606 ea
1069 5528 1389 5606 tempestate
1417 5538 1570 5593 urbis
1598 5528 1720 5593 Bleé

156 5600 335 5675 sensis
363 5613 563 5652 nomen
592 5600 1054 5675 eerrebatur_,_ita
1087 5600 1392 5675 ellingente.
1439 5606 1512 5661 De
1548 5609 1724 5662 Ludo-

156 5670 501 5746 vico_por_ro,_
546 5679 685 5746 u_t_et
724 5675 792 5746 de
837 5670 1104 5746 Balduino
1137 5670 1348 5730 Comite
1382 5677 1723 5746 Flandrensi,

157 5745 210 5791 et
257 5736 542 5792 Bonifacio
578 5740 1018 5798 Montferratensi
1065 5746 1400 5813 marchione,
1428 5748 1634 5817 egimus
1667 5736 1722 5802 ni

1833 5053 1976 5105 notis
2029 5052 2096 5106 ad
2149 5051 2441 5106 Historiam
2505 5049 2761 5107 Gaufredi
2813 5053 2881 5108 de
2937 5050 3401 5108 Villa-llarduiut.

1834 5123 2069 5177 Ductus.
2770 5165 2781 5175 .

1900 5193 2012 5262 (22)
2049 5192 2440 5261 Acropolita,n.
2465 5192 2532 5246 12
2554 5210 2566 5245 :
2586 5193 2802 5256 Ἰταλοῖς
2835 5192 2934 5261 μέν
2958 5191 3051 5246 οὖν
3077 5193 3136 5244 τὸ
3165 5192 3286 5255 ἐθος
3315 5195 3401 5260 ἐφ’

1827 5259 2026 5332 ἵπποις
2057 5259 2356 5330 ὑψαύχεσιν
2409 5264 2752 5332 ἐποχεῖσθαι,
2796 5259 3206 5331 καταφράκτοις
3236 5279 3295 5314 τε
3332 5259 3410 5315 δι”

1823 5333 1949 5384 ὅλου
1982 5329 2117 5385 εἶναι
2152 5329 2263 5393 τοῖς
2291 5333 2479 5394 ὅπλοις
2505 5329 2598 5384 τοῦ
2638 5333 2911 5404 σώματος,
2943 5329 3237 5404 κάντεῦθεν
3275 5333 3400 5383 δυσ-

1824 5404 2058 5474 κινήτως
2108 5404 2254 5454 κατὰ
2313 5405 2424 5474 τών
2471 5404 2730 5456 ἐναντίων
2785 5403 3018 5474 ὀρμῷσι.
3066 5403 3121 5456 ιιι
3190 5404 3404 5474 notavit

1831 5473 1971 5526 ident
2000 5471 2421 5544 Gregoras.ilib.
2455 5487 2532 5544 iv,
2561 5488 2679 5544 cap.
2713 5474 2767 5538 7,
2799 5471 2997 5544 et:_al:i,
3029 5487 3171 5544 quos
3208 5471 3406 5544 lauda-

1831 5557 1953 5595 mus
1981 5544 2033 5593 in
2060 5542 2208 5594 notis
2245 5543 2312 5595 ad
2347 5541 2803 5607 Villharduinum,
2846 5541 2911 5596 N.
2957 5541 3164 5600 CCXII.
3203 5543 3407 5610 quibus

1831 5613 2062 5665 addendi
2096 5611 2340 5681 lngulfus
2359 5654 2374 5679 ,
2402 5628 2457 5683 p.
2487 5612 2591 5666 899
2645 5615 2840 5683 prioris
2867 5613 3009 5668 ﬁdit.
3042 5623 3097 5668 et
3125 5611 3407 5682 Walsing-

1834 5683 2024 5735 hamus
2045 5695 2137 5751 an.
2172 5683 2328 5743 l‘50l,
2367 5699 2486 5751 pag.
2522 5684 2609 5737 '78.
2646 5687 2878 5738 υυοιιιε.

1903 5753 2014 5818 (25)
2039 5749 2315 5818 Ejusmodi
2343 5749 2556 5806 insidiis
2580 5755 2988 5808 circumventos
3014 5752 3236 5808 Latinos
3264 5751 3406 5806 scri-
