4214 6450
231 382 334 451 153
515 384 593 457 ί..
635 399 686 440 c.
730 383 868 440 tm
908 401 976 440 AD
1019 385 1183 458 test]

1331 391 1776 455 ΒΥΖΑΝΤΙΝᾹΞ
1818 395 2201 461 ΠΙΞΤΟΒΙΕ
2243 401 2385 462 LIB.
2429 399 2511 461 Il.

3394 403 3495 470 154

2639 393 2775 466 [ηιμ.
2816 409 2963 452 ιοικ.
3005 397 3193 470 Ducas]

227 505 302 572 μὴ
334 505 493 558 αὐτοί
543 524 606 570 γε
657 508 882 570 είδότες,
916 506 1035 560 εἶτα
1078 511 1175 566 ἐπὶ
1213 511 1324 562 τῶν
1351 512 1452 588 οὐκ
1482 514 1706 569 εἰδότων
1738 514 1803 577 ὼς

1920 518 2014 586 qui
2066 519 2338 586 nesciunt,
2395 519 2549 590 quasi
2607 519 2834 584 scirent.
2865 521 3157 584 narrando,
3193 521 3493 579 eiliciamus

222 599 450 651 εἰδότων
480 599 793 667 διεξιόντες,
816 603 1159 674 ἁμαρτάνειν
1194 606 1438 673 ποιῶμεν
1467 607 1666 671 αὐτοὺς
1690 610 1809 670 ταῖς

222 691 509 753 ἐπιδῶ-αῖς
566 693 674 744 τῶν
720 693 963 759 ἔννοιῶν,
1016 697 1109 748 καὶ
1146 697 1317 766 συχνὰ
1356 697 1709 767 μεταϐαίνειν
1749 699 1809 764 ἐξ

221 783 432 850 ἐτέρων
471 783 553 845 εἰς
580 784 772 855 ἑτέρας
801 787 1100 857 ἀναφορὰς,
1134 787 1326 859 ὥσπερ
1356 791 1412 843 αί
1447 793 1809 860 κυνηγετικαὶ

227 876 414 937 κύνες,
456 876 622 928 ὁπότε
660 877 759 940 τάς
805 879 911 930 τῶν
957 879 1186 946 λαγωῶν
1226 880 1577 950 ίχνηλατοῦσι
1606 884 1806 953 νομὰς,

228 968 403 1035 συχνὰ
447 968 547 1038 τὴν
580 971 702 1038 ῥῖνα
752 971 890 1042 πρὸς
934 971 1100 1042 ἔτερα
1141 974 1198 1038 ἐξ
1231 975 1435 1045 ἑτέρων
1469 975 1590 1046 ίχνη
1638 976 1808 1046 μετά-

223 1077 447 1124 γουσαι.

299 1146 375 1200 B'.
409 1149 607 1213 Ἐθνος
659 1152 776 1204 ἐστὶ
818 1153 1403 1228 πολυανθρωπότατοι,
1459 1159 1807 1232 βορειοτέραν

224 1237 412 1302 πολλῷ
444 1239 545 1306 τὴν
595 1240 814 1309 οἴκησιν
867 1242 1053 1313 ἔχονῆ
1103 1245 1245 1298 κατὰ
1299 1251 1480 1300 πᾶσαν
1531 1250 1644 1320 τὴν-⁸
1681 1250 1806 1303 καθ’

225 1328 376 1392 imi;
416 1330 765 1399 οἰκουμένην,
799 1333 1048 1402 οὐδαμῶς
1107 1338 1204 1398 μὲν
1255 1339 1311 1401 ἐς
1360 1341 1650 1408 ἀκρίϐειαν
1704 1343 1806 1395 ὑπὸ

225 1419 316 1470 τὸν
362 1422 628 1488 ἀρκτικὸν
684 1423 865 1488 πόλον,
901 1426 1050 1495 παρὰ
1093 1429 1222 1490 τοὺς
1268 1431 1714 1501 ἁρκτικωτάτους
1759 1435 1804 1488 δ’

220 1506 320 1561 οὖν
377 1512 527 1578 ὅμως
601 1513 1020 1582 ἐνδιαιτώμενον
1076 1521 1438 1590 παραλλήλων
1500 1525 1802 1590 ἁπάντων,

219 1601 412 1653 {tottot
445 1602 546 1671 τὴν
578 1606 912 1675 οἰκουμένην
951 1609 1168 1662 ἃπασαν
1207 1613 1671 1682 περιγράφουσιν,
1724 1619 1801 1680 ῶς

219 1696 269 1745 οἱ
326 1696 426 1757 τὰς
479 1698 715 1760 παλαιάς
756 1717 815 1752 τε
871 1703 1112 1773 ἱστορίας
1164 1707 1452 1769 συνθέντες
1497 1709 1803 1778 παρέδοσαν

220 1788 335 1848 τοῖς
393 1790 804 1857 ἐπιγενομένοις
864 1796 1030 1862 ἡμῖν,
1069 1797 1163 1848 καὶ
1216 1792 1284 1850 αὖ
1346 1799 1528 1868 ἡμεῖς,
1563 1801 1802 1855 καθόσον

221 1878 376 1945 ἐξῆν,
414 1883 480 1932 ἑκ
512 1883 608 1950 τῆς
657 1883 751 1935 τού
803 1887 998 1958 χρόνου
1031 1888 1350 1960 ξυνήκαμεν
1405 1894 1622 1961 πείρας.
1666 1894 1799 1946 Τού-
1833 1875 1875 1934 Β

221 1989 349 2032 τους
381 1974 836 2046 γαλακτοφὰγους
873 1981 973 2048 μὲν
1018 1985 1112 2037 καὶ
1163 1985 1353 2049 ἁϐίους
1403 1987 1497 2040 καὶ
1527 1989 1803 2044 δικαιοτά-

220 2080 347 2125 τους
380 2066 686 2134 ἀνθρώπων
747 2071 993 2142 Ὄμηρος
1044 2075 1244 2146 ἔφησεν
1288 2078 1400 2150 (ϐυ)
1430 2095 1442 2107 ·
1501 2082 1559 2132 ὲν
1591 2081 1802 2145 τούτοις

221 2156 330 2224 γὰρ
366 2157 427 2207 οὗ
464 2159 744 2228 μαγείρων
781 2167 1115 2231 μαγγανεία,
1168 2169 1287 2221 οὐδὲ
1339 2171 1621 2241 τραπέζης
1677 2176 1801 2226 ἑπι-

221 2249 474 2316 νενὸηται
537 2253 881 2311 πολυτέλεια.
937 2259 1278 2327 Φυτηκομίαι
1323 2263 1378 2314 δὲ
1435 2265 1530 2316 καὶ
1579 2265 1799 2332 ἀρόσεις

218 2341 321 2406 γῆς
367 2342 481 2393 οὐδ’
504 2344 560 2395 ἐν
585 2344 840 2412 ὀνείροις,
866 2349 893 2401 ὃ
915 2349 969 2402 τί
998 2352 1126 2402 ποτέ
1156 2352 1318 2416 είσιν,
1349 2355 1794 2426 ἐφαντάσϐησαν.

232 2432 393 2484 Ἀλλὰ
424 2437 601 2507 τροφὴ
642 2439 741 2507 μὲν
787 2443 971 2506 αὐτοῖς
1004 2445 1037 2514 ἡ
1078 2445 1179 2513 τῆς
1209 2447 1311 2515 γῆς
1343 2450 1620 2519 αὐτοφυὴς
1659 2450 1788 2512 πόι.

219 2524 314 2577 καὶ
343 2531 410 2577 τα
446 2527 554 2580 τῶν
586 2530 896 2599 ὑποζυγίων
952 2538 1046 2590 καὶ
1089 2539 1194 2590 τῶν
1230 2538 1403 2590 ἄλλων
1432 2540 1798 2612 βοσκημάτων

219 2617 428 2684 οἶματά.
478 2637 536 2670 τε
574 2623 669 2674 καὶ
717 2623 962 2691 σώματα.
1012 2628 1118 2679 Καὶ
1164 2629 1217 2680 εἴ
1262 2646 1318 2681 τι
1350 2631 1406 2683 δὲ
1445 2631 1552 2683 τῶν
1584 2635 1796 2700 ἀγρίων

218 2708 373 2771 ζώων
432 2713 528 2764 καὶ
580 2716 845 2767 πετεινῶν
905 2718 1110 2772 ἁλωτὸν
1165 2720 1350 2782 αὐτοῖς
1414 2724 1647 2790 γένοιτο,
1702 2728 1795 2779 καὶ

220 2804 379 2855 τοῦτο
416 2806 464 2854 δ’
489 2807 674 2868 αὐτοῖς
711 2809 1055 2879 αὑτοσχέδιός
1086 2813 1203 2864 ἔστι
1236 2815 1433 2884 τροφή.
1471 2817 1720 2884 Ἕνδυμα
1747 2817 1793 2869 δ’

218 2897 506 2963 ἀποίητον,
543 2900 608 2950 τὰ
637 2901 746 2951 τῶν
782 2901 936 2962 ζώων
965 2903 1233 2972 δέρματα.
1286 2906 1568 2976 ΙἈργυρος
1605 2908 1662 2960 δὲ
1697 2911 1792 2962 καὶ

215 2990 415 3057 χρυσὸς
450 2992 542 3044 καὶ
592 2991 877 3063 μάργαρος
931 2998 1024 3046 καὶ
1063 2995 1208 3057 λίθος
1242 2998 1508 3068 λυχνίτης
1571 3001 1665 3053 ίσα
1698 3002 1790 3054 καὶ

221 3081 366 3144 κόνις
396 3083 632 3146 ἐκείνοις
667 3085 840 3158 ἐστίν.
872 3087 949 3139 Ού
991 3088 1326 3158 πανηγύρεις
1357 3092 1474 3144 ἐκεί
1509 3097 1606 3145 καὶ
1640 3096 1794 3160 φιλο-

216 3175 405 3243 τιμίας
432 3175 660 3244 θέατρα,
699 3178 822 3230 ούδὶ
863 3178 1225 3250 βουλευτήρια
1257 3182 1390 3250 περὶ
1425 3184 1792 3252 ναυστάθμων

215 3267 309 3317 καὶ
361 3267 742 3338 τριηραρχιῶν
796 3268 860 3341 [Ρ
916 3269 1006 3341 l8]
1055 3272 1150 3324 καὶ
1202 3273 1588 3344 άγορανομιῶν
1633 3277 1788 3346 (61)’

212 3355 329 3406 ἀλλ’
361 3357 563 3426 εἰρήνη
623 3360 776 3411 πᾶσα
830 3359 890 3412 τὸ
926 3361 1034 3413 ἀπὸ
1090 3361 1298 3416 τούτων
1357 3364 1496 3435 (62).
1543 3371 1641 3419 καὶ
1675 3368 1792 3438 βίος

210 3450 451 3517 πάμπαν
484 3451 867 3513 ἀστασίαστος.
904 3451 1120 3522 Ὠσπερ
1155 3455 1264 3523 γὰρ
1299 3455 1350 3508 οί
1401 3459 1515 3519 τοῖς
1548 3459 1658 3512 τῶν
1699 3461 1793 3513 άν-

209 3540 451 3609 θρώπων
513 3543 764 3610 σώμασιν
846 3545 1337 3613 ἐπισυμϐαίνοντες
1397 3553 1624 3619 πυρετοὶ
1691 3553 1789 3612 τὰς

211 3632 471 3700 ἀφορμὰς
521 3633 587 3684 ὲκ
616 3632 720 3702 τῆς
757 3632 890 3702 ὕλης
932 3636 1134 3705 ἔχουσι,
1195 3640 1290 3691 καὶ
1345 3642 1497 3711 παρὰ
1529 3647 1786 3697 τοσοῦτον

212 3718 632 3788 φλεγμαίνουσι,
690 3723 823 3794 παρ’
859 3726 982 3778 ὅσον
1022 3729 1117 3780 καὶ
1160 3728 1194 3798 ἡ
1234 3732 1330 3798 τῆς
1385 3730 1518 3800 ὕλης
1570 3734 1784 3802 πέφυκε

214 3813 468 3880 χορηγίαι
555 3815 780 3868 ἐπειδὰν
836 3816 881 3868 δ’
938 3819 1147 3872 ἀσιτίαι
1187 3824 1424 3891 μακραὶ,
1457 3826 1550 3877 καὶ
1583 3828 1785 3894 ἰατρῶν

208 3907 663 3970 φαρμακοποσίαι
703 3907 1118 3977 παραλαϐοῦσαι
1165 3902 1226 3964 τὸ
1275 3912 1458 3985 σῶμα,
1511 3916 1608 3987 τὴν
1649 3917 1785 3987 ὓλην

201 3997 390 4046 πᾶσαν
431 3995 864 4065 ἐξιναλώσωσιν,
920 4002 1121 4056 αὐτίκα
1173 4004 1452 4059 πέπαυται
1487 4009 1585 4077 μὲν
1620 4011 1647 4062 ὁ
1679 4029 1783 4064 itu-

207 4087 389 4156 ρετὺς,
420 4088 690 4158 ἠσθένησε
731 4089 837 4160 δή
889 4093 986 4145 τοῦ
1035 4095 1288 4162 σώματος
1340 4099 1613 4152 ἀσθένειαι
1639 4101 1782 4156 οὕτω

204 4179 308 4229 κὰν
351 4181 466 4240 τοῖς
520 4180 832 4248 ἀνθρώποις
868 4184 1121 4246 ἐκείνοις,
1163 4188 1269 4238 τῶν
1301 4191 1650 4259 πραγμάτων
1680 4193 1778 4246 οὐκ

200 4269 396 4327 ὄντων,
458 4270 515 4333 ἐξ
570 4266 645 4322 ὧν
695 4272 1026 4339 φιλονεικίαι
1079 4278 1175 4329 καὶ
1220 4280 1396 4347 ἔριδες
1427 4281 1656 4348 φύονται
1685 4286 1780 4336 καὶ

202 4361 324 4414 κατ’
353 4361 600 4432 ἀλλήλων
636 4364 925 4419 ἐπιϐουλαὶ
965 4369 1060 4419 καὶ
1109 4367 1297 4436 χύσεις
1357 4373 1605 4441 αἱμάτων
1659 4378 1779 4427 ὲπι-

204 4454 480 4514 νοοῦνται,
522 4457 642 4508 οὐδὲ
708 4456 1033 4528 δικαστήρια
1087 4461 1512 4530 συγκροτοῦντκι
1564 4465 1773 4526 λοιπὸν,

1918 620 1978 665 nt
2011 610 2044 664 ii
2077 612 2334 667 adhibitis
2363 613 2687 668 commentis
2719 628 2749 667 a
2781 629 2913 667 varo
2953 613 3238 680 aberrent,
3273 623 3328 669 et
3355 616 3492 672 alias

1917 717 1980 756 ex
2011 704 2134 757 aliis
2167 704 2513 773 conjecturas
2558 714 2878 773 sequantur.
2913 705 3078 760 veluti
3109 703 3276 762 canes
3320 698 3490 762 vena-

1918 795 2030 856 tiei.
2082 797 2171 865 qui
2221 795 2498 866 leporibus
2531 797 2870 869 vestigandis
2905 813 3068 854 nares
3097 798 3165 854 ad
3193 800 3294 854 alia
3325 811 3490 873 atque

1916 888 2019 942 alia
2051 890 2277 962 vestigia
2311 888 2672 944 transferunt.

1985 1162 2052 1218 ll.
2108 1161 2255 1218 Gens
2307 1169 2391 1217 est
2440 1161 2884 1233 pepulosissima,
2925 1161 3029 1232 31
3083 1162 3255 1234 magis
3289 1179 3481 1220 versus

1914 1257 2339 1324 septentrionem
2367 1254 2617 1310 habitans
2641 1269 2804 1324 quam
2829 1252 2950 1308 ullte
2970 1254 3089 1308 alia:
3113 1255 3444 1310 uostriorbis
3469 1274 3482 1310 :

1913 1355 1967 1400 et
1997 1345 2246 1416 quamvis
2299 1361 2407 1400 non
2443 1362 2667 1415 prorsus
2714 1348 2934 1402 Arctico
2966 1347 3092 1416 polo
3123 1350 3391 1419 subjecta,
3430 1351 3484 1405 in

1911 1453 1978 1492 eo
2004 1449 2180 1490 tamen
2212 1437 2314 1491 sita
2342 1438 2618 1506 parallelo,
2649 1439 2740 1507 qui
2768 1439 3004 1494 maxime
3026 1441 3295 1503 omnium,
3322 1452 3483 1510 quot-

1911 1537 2044 1598 quot
2099 1528 2415 1583 universum
2479 1530 2668 1583 orbem
2728 1530 3232 1595 circumscribunt,
3294 1547 3485 1588 versus

1911 1620 2340 1689 septentrionem
2390 1621 2730 1691 porrigitur:
2766 1631 2826 1676 ut
2870 1632 2925 1676 et
2953 1633 3198 1678 veterum
3231 1622 3486 1678 historia—

1912 1727 2030 1765 rum
2072 1713 2368 1781 scriptores
2401 1712 2556 1766 nobis
2601 1713 2961 1776 tradiderunt,
2989 1723 3044 1768 ct
3094 1729 3194 1768 nos
3217 1725 3482 1782 quantum

1911 1802 2062 1856 licuit
2095 1803 2354 1858 diuturna
2407 1803 2741 1872 experientia
2787 1804 3174 1874 comperimus.
3207 1803 3315 1860 Hos
3347 1805 3490 1876 gala-

1904 1897 2198 1966 ctopliagos
2228 1904 2284 1950 et
2311 1894 2467 1948 abios
2498 1904 2553 1949 et
2586 1896 2900 1950 mortalium
2929 1895 3264 1965 jnstissimns
3290 1898 3485 1967 appel-

1903 1987 2035 2042 lavit
2065 1987 2351 2041 llomerus.
2381 1987 2536 2054 Apud
2570 2000 2665 2040 eos
2691 1987 2836 2040 enim
2869 2002 3048 2056 neque
3077 2001 3375 2057 coquorum
3408 1989 3486 2043 le-

1903 2080 2119 2134 nocinia
2179 2079 2508 2149 excogitata,
2559 2093 2737 2148 neque
2776 2087 3133 2147 sumptuosus
3169 2096 3481 2136 mensarum

1901 2182 2218 2240 apparatus.
2253 2172 2525 2225 Plantatio
2559 2181 2739 2225 autem
2775 2181 2833 2226 et
2871 2172 3048 2230 aratio
3095 2173 3220 2242 quid
3261 2173 3354 2238 sit,
3411 2191 3482 2230 ne

1901 2276 1998 2330 per
2025 2262 2298 2314 somnium
2331 2261 2552 2330 quidem
2585 2276 2824 2330 unquam
2866 2262 3139 2320 viderunt.
3170 2263 3279 2318 Illis
3303 2265 3483 2320 victus

1900 2363 1983 2406 est
2013 2353 2182 2406 herba
2226 2362 2423 2420 sponte
2474 2368 2504 2408 e
2556 2361 2704 2406 terra
2748 2368 3001 2417 nascens,
3053 2365 3109 2408 et
3149 2355 3370 2424 sanguis
3416 2373 3481 2411 ac

1899 2445 2511 2512 carnesjumentorum,
2534 2445 2874 2513 aliarumque
2913 2445 3206 2514 pecudum.
3241 2447 3482 2517 feraeque

1902 2533 2173 2600 volucres,
2206 2535 2253 2588 si
2288 2549 2429 2603 quos
2461 2549 2655 2602 capere
2690 2545 2940 2604 possunt,
2986 2536 3036 2590 id
3083 2552 3300 2606 quoque
3348 2538 3481 2607 ipsis

1899 2622 2218 2676 alimentum
2253 2633 2336 2676 est
2388 2621 2703 2675 tortuitum.
2744 2622 3142 2676 Vestimentnm
3177 2623 3322 2676 nulla
3359 2635 3479 2677 arte

1899 2713 2229 2774 confccmm,
2283 2711 2602 2764 animalium
2637 2710 2827 2779 pelles.
2861 2710 3162 2782 Argentum
3199 2727 3350 2771 vero.
3384 2727 3482 2766 au-

1899 2819 2042 2867 rum,
2093 2805 2400 2873 margarita:
2447 2815 2500 2860 ct
2532 2805 2673 2874 lapis
2701 2805 2975 2875 lycltnites
3005 2820 3110 2858 non
3142 2805 3310 2874 pluris
3346 2804 3480 2861 fiunt

1895 2912 2056 2965 quam
2091 2896 2287 2964 pulvis.
2347 2895 2487 2950 Nulli
2541 2897 2611 2950 ibi
2649 2905 2778 2950 sunt
2811 2896 3087 2949 solemnes
3138 2896 3273 2961 ludi,
3325 2897 3473 2950 nulla

1893 2989 2181 3042 ambitiosa
2235 2989 2567 3057 spectacula,
2605 2988 2768 3041 nulla:
2800 2971 3226 3042 deliberationes
3276 2989 3344 3042 de
3374 3005 3474 3042 na—

1895 3081 2130 3141 valibus.
2172 3081 2503 3134 tricrarrhiis
2543 3088 2599 3135 et
2636 3080 2872 3134 :edilitiis
2908 3079 3315 3136 funetionibus:
3350 3079 3472 3145 sed,

1896 3173 2041 3242 quod
2074 3173 2140 3226 ad
2176 3174 2289 3227 lucc
2312 3174 2529 3242 quidem
2564 3173 2778 3235 attinet,
2817 3181 3008 3241 pacata
3051 3173 3231 3226 omnia
3266 3183 3321 3226 et
3360 3173 3469 3228 vita

1896 3263 2219 3316 seditionum
2275 3265 2500 3317 omnino
2534 3278 2752 3332 expers.
2807 3261 2880 3317 Ut
2911 3262 3059 3317 enim
3110 3250 3307 3328 febres,
3350 3280 3472 3334 quae

1895 3353 2148 3408 humanis
2178 3355 2498 3423 corporibus
2523 3355 2946 3426 superveniunt,
2972 3369 3002 3408 e
3035 3355 3259 3408 materia
3288 3355 3472 3411 oriun-

1896 3460 2003 3510 tur.
2026 3464 2090 3502 ac
2114 3447 2303 3502 tandin
2339 3447 2542 3517 vigent,
2573 3447 2813 3517 quandiu
2847 3446 2932 3500 illa
2967 3457 3162 3515 praesto
3189 3456 3310 3502 est:
3339 3463 3462 3502 cum

1891 3555 2022 3594 vero
2053 3550 2107 3592 et
2139 3538 2318 3592 inedia
2358 3541 2617 3592 diuturna
2650 3549 2705 3593 et
2745 3539 2995 3608 potiones
3021 3553 3051 3592 a
3086 3539 3308 3592 medicis
3334 3555 3462 3594 cor-

1890 3633 2008 3705 pori
2039 3632 2296 3686 adhibita:
2324 3635 2602 3686 materiam
2627 3647 2845 3686 omnem
2875 3631 3332 3700 consumpserint,
3355 3631 3463 3702 32

1888 3727 2072 3781 statim
2097 3736 2151 3781 et
2185 3725 2368 3779 febris
2384 3725 2593 3792 desinit
2617 3740 2673 3778 et
2700 3725 2925 3780 morbus
2955 3724 3343 3795 relanguescit:
3384 3725 3466 3780 sic

1885 3821 2052 3876 etiam
2105 3818 2246 3888 apud
2286 3818 2431 3872 illam
2465 3827 2703 3889 gentem,
2759 3833 2884 3872 cum
2917 3834 2995 3872 ea:
3050 3833 3140 3871 res
3183 3832 3290 3870 non
3328 3817 3463 3884 sint,

1885 3930 1916 3969 e
1944 3913 2140 3984 quibus
2173 3913 2294 3966 lites
2336 3921 2389 3965 et
2413 3912 2802 3966 contentiones
2835 3909 3111 3970 oriuntur.
3149 3923 3461 3976 mutuasque

1886 4003 2096 4058 insidiae
2132 4009 2188 4056 et
2218 4001 2392 4055 cardes
2420 4000 2818 4067 suscipiuntur,
2858 4014 3032 4066 neque
3070 3997 3314 4068 judiciis,
3350 4011 3456 4051 ue-

1882 4082 2220 4166 quoicutiis,
2277 4109 2456 4162 neque
2490 4093 2668 4163 legum
2703 4090 3112 4146 recitationibus
3149 4100 3232 4144 est
3273 4104 3454 4159 opus;

1883 4206 1947 4246 ac
1983 4187 2396 4260 nodoquentia
2437 4186 2654 4256 quidem
2699 4185 3099 4252 verborumque
3134 4182 3358 4252 argutia:
3389 4197 3455 4234 ac

1883 4280 2154 4351 perplexae
2207 4277 2554 4332 inventiones
2609 4277 2795 4330 locum
2847 4275 3084 4328 habent:
3135 4275 3225 4326 sed
3267 4271 3452 4325 innata

1880 4372 2123 4442 quaedam
2152 4369 2362 4440 iustitia
2392 4368 2513 4422 illos
2550 4368 2691 4436 regit
2735 4377 2789 4420 et
2826 4366 3049 4420 minime
3081 4363 3350 4419 invidiosa
3382 4360 3451 4414 li-

1881 4466 2085 4520 bertas.
2134 4461 2344 4528 Quibus
2394 4462 2461 4514 de
2495 4460 2674 4514 causis
2718 4468 2771 4513 et
2803 4458 3072 4512 Homerus
3116 4471 3212 4512 eos
3243 4465 3448 4509 morta-

200 4546 324 4598 οὐδὲ
378 4549 741 4618 βουλευτήρια
802 4554 895 4605 καὶ
960 4553 1300 4620 ἀναγνώσεις
1338 4555 1607 4622 νομίμων,
1648 4553 1803 4610 οὖδὲῖ

1899 4560 2006 4612 ium
2035 4557 2372 4624 iustissimos
2406 4552 2726 4606 nominavit.
2806 4605 2810 4608 η

201 4639 434 4691 «Ba-val.
489 4641 768 4707 γλῶσσαι,
824 4645 917 4696 καὶ
956 4641 1130 4711 λόγων
1178 4645 1524 4715 διαστροφαὶ,
1591 4651 1686 4699 καὶ
1747 4649 1971 4704 ὲννοιῶν
2035 4645 2388 4716 λαὸύρινθοιο
2458 4643 2595 4697 ἀλλὰ
2653 4640 2967 4708 δικαιοσύνη
3035 4659 3119 4705 τις
3167 4638 3447 4707 αὐτοφυὴς

197 4735 522 4804 επινέμεται
574 4737 794 4797 τούτους
864 4740 958 4791 καὶ
1051 4738 1410 4806 ἁνεπίςρθονος
1472 4741 1791 4810 αὑτονομία.
1866 4744 1967 4796 Διὰ
2025 4741 2125 4811 μὶν
2178 4740 2242 4807 δὴ
2309 4737 2488 4791 ταῦτα
2542 4736 2918 4799 δικαιοτάτους
2979 4733 3284 4804 ἀνθρώπων
3349 4727 3447 4784 καὶ

197 4825 454 4896 Ὅμηρος
485 4827 708 4891 τούτους
737 4829 1004 4897 ὠνόμασε.

271 4921 346 4972 Γν.
382 4920 494 4988 Τήν
521 4937 582 4985 γε
614 4921 719 4989 μὴν
742 4921 1118 4990 προσηγορίαν
1145 4920 1324 4972 αὑτῶν
1351 4921 1462 4989 (63)
1495 4921 1771 4992 διαφόρως

1935 4918 2029 4973 lll.
2062 4917 2260 4971 Eurum
2289 4931 2420 4970 vero
2455 4914 2873 4984 appellationem
2902 4911 3194 4979 scriptores
3225 4921 3441 4967 veteres

201 5014 337 5080 ἡμῖν
386 5012 436 5062 οἱ
492 5011 660 5063 πάλαι
691 5014 845 5078 σοφοὶ
888 5012 1347 5082 διεπόρθμευσαν.
1381 5014 1628 5082 Ὅμηρος
1671 5013 1770 5082 μὲν

1907 5013 2024 5066 obis
2064 5010 2212 5064 varie
2251 5010 2610 5063 tradiderunt.
2646 5004 2778 5060 Nam
2817 5003 3084 5058 Homerus
3110 5003 3436 5058 Cimmerios

197 5106 305 5173 γὰρ
342 5104 686 5174 Κιμμερίους
751 5104 948 5165 αὐτοὺς
988 5104 1161 5168 καλεῖ,
1223 5103 1508 5170 Ἡρόδοτος
1545 5103 1601 5155 δὲ
1646 5105 1674 5155 ὁ
1703 5103 1773 5154 τὰ

1899 5119 1961 5157 os
1989 5112 2167 5166 vocat,
2202 5099 2508 5154 Herodotus
2534 5114 2686 5159 vero,
2715 5095 2940 5150 Persicae
2964 5095 3205 5148 historiae
3220 5102 3438 5158 auctor,

201 5199 453 5265 Περσικὶ
493 5197 953 5266 συγγραψάμενος
999 5197 1212 5260 Σκύθας
1271 5196 1592 5258 πολυειδεῖς,
1638 5196 1666 5246 ὁ
1713 5195 1771 5246 δὲ

1899 5196 2098 5264 icytltas
2130 5194 2398 5256 diversos,
2451 5189 2771 5243 Plutarchus
2804 5187 3134 5241 Clueroneus
3181 5185 3430 5240 Cimbros

196 5289 518 5359 Χαιρωνεὺς
553 5287 897 5359 Πλούταρχος
957 5289 1236 5359 Κίμϐρους
1304 5291 1401 5342 καὶ
1452 5289 1751 5352 Τεύτονας,

1868 5295 1924 5341 et
1952 5286 2260 5341 Teutonas:
2301 5299 2412 5337 non
2450 5283 2540 5336 ille
2589 5282 2802 5350 quidem
2847 5288 3039 5349 suapte
3082 5276 3433 5345 auctoritate,

1567 5409 1906 5472 Varinrum
1940 5417 2125 5471 notes.

269 5534 385 5595 (60)
432 5535 585 5589 Iliad.
621 5551 742 5600 xm,
773 5537 826 5590 6.
851 5537 1057 5592 Bon-ts.

269 5607 385 5673 (61)
412 5607 610 5661 Wolfio
646 5609 1007 5675 ἀγορανομίαν.
1034 5615 1157 5660 sunt
1188 5607 1322 5676 leges
1377 5608 1635 5676 agrariae.
1669 5601 1764 5676 Vi-

197 5675 325 5727 deat
375 5680 438 5729 lea
461 5689 544 5732 tor
579 5694 644 5731 an
681 5685 725 5732 is
749 5674 941 5731 Sensus
967 5693 1088 5731 esse
1137 5674 1309 5744 possit
1343 5674 1460 5746 ejus
1493 5674 1762 5730 vocabuli.

196 5747 308 5812 [μυ
343 5750 475 5801 verti
515 5749 790 5803 Edilitiaa
822 5749 1130 5816 (unctiones.
1170 5747 1377 5803 Bowm.

269 5819 383 5885 ((52)
433 5820 666 5876 Perinde
732 5815 962 5889 aceipio,
1018 5833 1082 5872 ac
1135 5820 1179 5874 si
1204 5826 1375 5881 esset,
1423 5815 1632 5871 τούτων
1695 5831 1758 5881 γε

1870 5533 2067 5585 ἓνεκαι
2100 5534 2237 5595 quod
2270 5528 2340 5581 ad
2369 5529 2476 5581 Ild’C
2505 5523 2711 5595 quidem
2736 5522 2942 5574 attinet.
2976 5516 3064 5572 Sic
3088 5515 3231 5572 enim
3265 5511 3429 5579 malo,

1871 5619 2056 5674 quam,

2120 5594 2194 5654 iis
2231 5602 2296 5652 de
2323 5594 2522 5652 causis.
2555 5594 2828 5648 WoLriu‘s.

2086 5650 2414 5741 Il—eineecius
2448 5668 2511 5721 ad
2533 5662 2754 5741 captiti
2799 5659 3062 5741 Ilaytonis
3097 5650 3434 5741 ωηο-(ξτε-

1864 5727 2008 5811 got-ae
2031 5727 2237 5800 'Iocum
2291 5738 2495 5800 laudat.
2526 5727 2613 5791 ubi
2650 5733 2740 5790 ille
2767 5727 3152 5788 consulendus.
3187 5728 3421 5780 Ducum.
