4214 6450
152 341 249 411 161
441 339 518 412 [ι.
559 355 610 394 c.
657 337 796 395 1222
835 355 901 393 Αο
946 337 1105 410 1254]

1253 338 1694 404 ΒΥΖΑΝΤΙΝἉΕ
1737 345 2124 406 ΙΙΙΒΤΟΒῙΕ
2167 347 2309 413 LIB.
2361 345 2442 407 Il.

2573 340 2706 414 (tur.
2748 354 2895 400 toan.
2938 343 3127 417 DUCAS]

3311 348 3414 414 169.

150 462 312 524 ἄλλας
343 460 770 530 διανειμάμενος
799 463 879 525 εἰς
911 462 1253 530 κατοίκησιν,
1327 463 1441 524 τοῖς
1490 460 1592 532 μὲν
1660 467 1802 516 κατὰ
1843 460 2069 533 Θρᾴκην
2130 465 2225 517 καὶ
2279 461 2643 529 Μακεδονίαν,
2699 465 2814 528 τοῖς
2873 465 2916 517 δ’
2959 466 3019 518 ὲν
3062 465 3217 536 Ἀσίᾳ
3273 464 3415 519 κατὰ

151 553 460 623 Μαίανδρον
489 555 582 606 καὶ
609 556 872 624 Φρυγίαν.

217 647 290 701 Γ.
341 646 487 699 Ἀλλ’
525 647 619 699 ἐπὶ
654 645 754 716 τὴν
781 647 858 700 ἔω
901 646 1064 702 πάλιν
1091 648 1241 722 ἡμᾶς
1283 647 1312 700 ό
1342 646 1501 716 λόγος
1548 647 1725 703 διαϐι-

1903 642 1995 699 lll.
2038 646 2236 700 Verum
2277 646 2386 713 jam
2421 645 2475 700 in
2521 645 2802 700 Orientem
2857 655 2939 700 est
2989 649 3412 714 transeundum,

151 737 332 798 εάζειν
364 738 672 805 ἐπείγεται,
707 741 802 792 καὶ
839 741 964 802 τοὺς
1005 739 1428 810 ’Υπερδορείους
1484 741 1727 803 ἐκείνους

152 830 361 890 Σκύθας
393 831 534 896 (75),
566 831 618 884 οἳ
654 830 798 884 κατὰ
825 831 923 899 τῆς
969 830 1160 893 Ἀσίας
1197 831 1356 899 δίκην
1382 831 1604 898 ἀκρίδος
1635 830 1731 900 βα-

154 921 298 989 ρείας
330 922 596 990 χυθέντες
649 923 799 992 μάλα
835 922 1079 993 σφοδρῶς
1113 923 1312 993 μικροῦ
1347 924 1530 976 πᾶσαν
1571 938 1730 974 συνε-

150 1013 398 1082 κύκησάν
442 1031 502 1066 τε
537 1016 631 1067 καὶ
666 1013 1056 1070 ἐδουλώσαντο.
1109 1011 1266 1070 Οὗτοι
1298 1016 1407 1086 γὰρ
1443 1015 1629 1084 ἐπειδὴ
1664 1015 1732 1068 τὰ

151 1108 273 1172 περὶ
331 1104 439 1173 τὴν
499 1105 759 1159 Κασπίαν
807 1105 969 1158 στενά
1028 1105 1306 1176 διέόησαν,
1365 1108 1507 1159 κατᾶ
1558 1105 1730 1159 νῶτον

147 1195 382 1262 ἀφέντες
430 1197 755 1264 Σογδιανούς
785 1215 843 1250 τε
881 1198 976 1252 καὶ
1020 1198 1393 1267 Βακτριανοὺς
1446 1198 1543 1252 καὶ
1569 1195 1732 1264 Ὦξον

147 1287 238 1339 τὸν
275 1287 483 1355 Σόγδον
516 1289 629 1358 (76)
687 1289 951 1359 ποταμὸν,
986 1289 1044 1342 δν
1077 1289 1311 1360 μεγάλαι
1349 1306 1408 1343 τε
1437 1291 1532 1343 καὶ
1577 1291 1732 1344 πλεῖ-

146 1397 264 1432 σται
319 1388 590 1450 τρέφουσι
651 1384 847 1452 πηγαὶ,
913 1382 1066 1454 παρὰ
1109 1382 1237 1445 τοὺς
1291 1383 1567 1453 πρόποδας
1623 1384 1733 1436 τῶν

145 1473 339 1542 πρόσω
396 1475 653 1543 μεγάλων
704 1475 847 1546 ὁρῶν
879 1474 1255 1545 διεχείμασαν,
1290 1475 1398 1527 τῶν
1429 1476 1607 1528 ἐκεῖσε
1634 1476 1733 1539 τῆς

143 1567 328 1634 χώρας
359 1567 584 1636 ἐκείνης
627 1567 850 1634 ἀγαθῶν
882 1565 1278 1631 ἀπολαύοντες,
1310 1566 1411 1619 ὅσα
1457 1565 1558 1635 τῆς
1593 1566 1736 1618 ἄνω-

143 1661 234 1711 θεν
266 1659 428 1719 λείας
461 1657 692 1714 ὤναντο.
729 1660 875 1730 Ὀρη
907 1659 964 1712 δὲ
1010 1658 1183 1712 ταῦτά
1230 1660 1339 1712 τίσι
1375 1659 1607 1712 πλεῖστα
1639 1659 1733 1711 καὶ

143 1751 410 1817 μέγιστα,
446 1747 483 1802 ἃ.
512 1749 691 1800 πάντα
738 1751 882 1803 κατὰ
910 1748 1200 1818 συνέχειαν
1223 1748 1468 1820 ἀλλήλων
1501 1748 1733 1818 ἐχόμενα

139 1841 337 1909 ῶσπερ
381 1841 441 1892 ἓν
476 1841 692 1894 ἅπαντα
745 1840 994 1909 γίνονται
1043 1841 1191 1911 ὅρος,
1236 1839 1451 1912 Ταῦρος
1505 1840 1733 1910 ὀνόματι

140 1933 493 2002 καλούμενον
533 1931 762 2003 γενικῷ,
797 1924 842 2000 ᾦ
876 1933 1018 1987 κατά
1049 1935 1214 2002 μέσον
1259 1931 1502 2002 ἀκριϐῶς
1544 1931 1734 1996 διέζω-

1833 746 1888 792 et
1919 738 1986 792 ad
2021 737 2141 792 illos
2171 737 2550 808 llyberboreos
2582 737 2816 809 Scythas
2854 741 3208 808 veniendum,
3239 745 3330 813 qui
3360 747 3415 800 in

1832 830 2014 884 Asiam
2051 829 2195 883 velut
2244 845 2436 896 magna
2477 829 2561 884 vis
2597 830 2937 887 locustarum
2983 833 3165 899 eﬂusi,
3214 851 3420 905 prope-

1833 923 2054 976 modum
2088 925 2396 977 universam
2438 925 2835 978 conturbarunt
2888 934 2946 979 et
2997 939 3415 995 oppresserunt.

1834 1013 1968 1067 Nam
2015 1014 2233 1083 Caspiis
2262 1016 2527 1085 angustiis
2558 1017 2856 1085 superatis,
2892 1015 3165 1087 Sogdiaua
3206 1035 3235 1073 a
3266 1031 3420 1091 tergo

1838 1106 2044 1166 relicta.
2081 1116 2135 1160 et
2183 1107 2493 1160 Bactrianis
2521 1115 2580 1161 et
2631 1105 2751 1161 Oxo
2799 1107 2979 1175 Sogdo
3019 1107 3266 1174 flumine,
3323 1110 3418 1178 qui

1835 1199 2086 1268 plurimis
2119 1200 2296 1268 iisque
2327 1201 2538 1268 magnis
2589 1198 2833 1254 fontibus
2868 1207 3118 1266 augetur,
3155 1200 3223 1254 ad
3277 1201 3422 1255 radi-

1835 1304 1928 1345 ces
1985 1306 2308 1361 magnorum
2373 1291 2646 1346 montium
2704 1291 2980 1361 progressi
3035 1291 3416 1354 hibernarunt,

1837 1383 2085 1438 ubertate
2110 1385 2252 1438 illius
2274 1384 2509 1452 regionis
2534 1392 2588 1436 et
2609 1382 2789 1452 praeda
2812 1391 2942 1437 ante
2963 1391 3116 1451 parta
3149 1382 3416 1439 fruentes.

1835 1472 2053 1530 Montes
2084 1484 2266 1530 autem
2297 1475 2372 1530 illi
2405 1486 2459 1530 et
2496 1475 2720 1545 plurimi
2755 1485 2884 1531 sunt
2918 1483 2975 1529 et
3015 1475 3241 1529 maximi
3274 1492 3287 1527 :
3323 1475 3418 1543 qui

1836 1567 1982 1638 quod
2036 1582 2142 1621 una
2191 1565 2425 1636 quadam
2482 1566 2792 1621 continenti
2839 1566 2986 1621 serie
3029 1565 3326 1630 cohaerent,
3357 1565 3413 1619 in

1837 1673 2005 1712 unum
2037 1657 2201 1711 veluti
2234 1667 2472 1710 montem
2500 1657 2834 1721 conﬂantur,
2869 1660 2962 1726 qui
2995 1656 3222 1712 nomine
3260 1672 3415 1712 com-

1837 1750 1986 1802 muni
2041 1746 2254 1802 Taurus
2307 1748 2508 1812 dictus,
2565 1748 2752 1803 Asiam
2805 1747 3124 1802 universam
3175 1749 3421 1817 perfecte

1835 1843 2074 1898 mediam
2122 1841 2287 1912 cingit
2315 1856 2378 1896 ac
2413 1838 2627 1894 dividit.
2661 1838 2936 1909 Incipiunt
2975 1838 3052 1893 illi
3092 1839 3161 1892 ab
3191 1852 3410 1901 occasu,

1838 1932 2086 2003 proxime
2133 1930 2374 2002 Egaeum
2420 1946 2606 1995 mare;
2645 1929 2776 1986 inde
2826 1946 2958 1986 vero
3003 1930 3184 1986 exorsi
3249 1939 3417 1984 totam

145 2041 267 2076 om
295 2026 460 2077 πᾶσα
506 2025 685 2080 Ἀσία.
728 2025 894 2097 Ἀρχὴ
928 2026 1029 2094 μὲν
1053 2026 1165 2095 γὰρ
1191 2025 1373 2079 αὐτῶν
1401 2025 1539 2096 πρὸς
1565 2023 1735 2094 ζέφυ-

1838 2025 2019 2081 Asiam
2048 2026 2103 2079 in
2133 2025 2268 2078 duas
2300 2032 2483 2093 partes
2515 2032 2724 2088 secant,
2757 2023 2932 2078 donec
2953 2025 3022 2079 ad
3054 2023 3419 2079 Subsolanum

147 2135 238 2184 ρον
268 2118 482 2188 ἄνεμον
510 2118 580 2171 τά
619 2118 850 2187 ἔγγιστα
877 2119 970 2172 τοῦ
1011 2118 1239 2188 Αἰγαίου
1266 2119 1536 2188 πελάγους
1568 2134 1584 2152 ο
1611 2116 1733 2188 σχί-

1839 2129 2063 2174 ventum
2087 2121 2240 2189 juxta
2267 2119 2378 2188 38
2415 2119 2590 2188 ipsum
2616 2118 2897 2174 Oceanum
2931 2118 3314 2174 terminentur.

145 2213 299 2275 ζουσι
326 2212 390 2263 δὲ
432 2211 647 2264 ἐκεῖθεν
681 2213 892 2278 ἐξιόντα
933 2215 991 2277 ὲς
1026 2215 1294 2286 τμήματα
1337 2212 1432 2266 δύο
1459 2213 1562 2284 τὴν
1607 2212 1738 2282 ὅλην
1791 2212 2003 2278 Ἀσίαν,
2073 2213 2233 2282 ἄχρις
2264 2213 2330 2267 ἂν
2369 2215 2426 2275 ις
2494 2211 2815 2282 ἀπηλιώτην
2862 2213 3064 2284 ἄνεμον
3093 2211 3224 2281 παρ’
3254 2210 3420 2266 αύτδν

145 2304 526 2373 τελευτήσωσι
560 2306 654 2357 τὸν
691 2304 967 2361 Ὠκεανόν.

218 2399 293 2449 Δ¹.
344 2396 514 2448 Ἀλλὰ
567 2396 683 2467 γὰρ
733 2393 869 2468 ἦρος
929 2399 1348 2470 ἐπιγενομένου,
1387 2400 1477 2454 ὅτε
1529 2401 1640 2454 πᾶν
1676 2399 1738 2452 τδ

150 2491 452 2558 πρόσωπον
478 2489 578 2556 τῆς
606 2492 714 2558 γῆς
737 2492 836 2561 τὴν
863 2491 1027 2562 χλόην
1065 2492 1166 2563 τῆς
1191 2492 1326 2557 πόας
1366 2493 1630 2558 ἐνδύεται,
1666 2494 1736 2546 τὰ

152 2580 305 2651 παρὰ
333 2582 468 2641 τοὺς
500 2581 776 2650 πρόποδας
805 2583 914 2636 τῶν
937 2583 1081 2652 ὀρῶν
1118 2583 1382 2653 χειμάδια
1412 2583 1737 2638 καταλιπόν-

151 2689 236 2734 τες
269 2673 322 2724 oi
359 2672 591 2734 Σκύθαι,
631 2673 886 2744 καθάπερ
913 2675 1138 2727 αίπόλια
1165 2676 1259 2730 καὶ
1291 2675 1568 2744 βουκόλια,
1592 2677 1736 2728 κατὰ

151 2764 360 2832 πλῆθος
387 2765 488 2826 τάς
521 2768 767 2833 κορυφὰς
796 2766 904 2817 τῶν
929 2766 1072 2837 ὀρῶν
1100 2766 1523 2837 ὑπερϐάλλουσι,
1554 2769 1737 2838 ῥέουσί

147 2872 206 2906 τε
259 2855 413 2906 κατὰ
473 2855 582 2907 τῶν
617 2856 997 2924 ὑποκειμένων
1051 2857 1222 2910 ἐθνῶν
1277 2861 1372 2911 καὶ
1421 2861 1628 2919 πάντας
1680 2861 1738 2911 ἐν

147 2944 290 3014 λόγῳ
322 2945 479 3007 λείας
517 2946 857 3014 ποιούμενοι,
903 2946 990 3018 [Ρ.
1026 2946 1119 3019 22]
1157 2950 1499 3002 καταντῶσιν
1532 2953 1587 3013 ἐς
1634 2950 1736 3002 Ἰν-

147 3036 326 3106 δικὴν,
370 3038 547 3106 ὁπόση
587 3036 671 3102 ἐφ’
704 3038 943 3107 ἑκάτερα
975 3041 1154 3091 κεῖται
1197 3039 1293 3092 τοῦ
1335 3041 1596 3109 μεγίστου
1623 3042 1733 3093 τῶν

151 3126 423 3192 ποταμῶν
491 3126 680 3181 Ἰνδοῦ.
726 3128 839 3180 Καὶ
886 3128 1059 3198 ταύτῃ
1101 3127 1264 3196 ζυγὸν
1305 3131 1585 3193 ἐπιθέντες
1618 3133 1736 3184 δου-

149 3218 325 3279 λσίας,
363 3218 550 3268 οὐκέτι
592 3218 730 3285 πρὸς
762 3217 836 3269 ἕω
869 3219 1071 3287 ταύτης
1119 3221 1379 3273 ἐπέκεινα
1419 3220 1617 3274 ῶδευον
1647 3222 1734 3275 διὰ

1912 2395 2001 2450 ιν.
2045 2392 2187 2449 Vere
2219 2393 2402 2465 igitur,
2429 2409 2553 2448 cum
2593 2392 2772 2447 onmis
2807 2401 2952 2447 terra
2985 2394 3254 2462 graminis
3286 2396 3420 2450 viri-

1839 2488 2011 2544 ditate
2040 2488 2291 2549 vestitur,
2326 2485 2536 2540 relictis
2561 2485 2627 2538 ad
2669 2485 2941 2538 montium
2981 2486 3196 2541 radices
3239 2488 3421 2543 hiber-

1839 2579 1946 2642 nis,
2007 2577 2221 2648 Scytha:
2271 2576 2422 2630 velut
2473 2576 2748 2631 haedorum
2798 2591 2991 2645 greges
3043 2579 3274 2632 buumve
3331 2596 3421 2634 ar-

1840 2679 2047 2733 menta,
2079 2670 2344 2724 montium
2377 2668 2663 2722 cacumina
2694 2677 2980 2736 superant,
3018 2679 3072 2723 et
3100 2671 3153 2722 in
3190 2671 3421 2740 populos

1840 2765 2116 2832 subjectos
2169 2764 2423 2826 irruunt;
2461 2777 2667 2830 eosque
2696 2777 2888 2815 omnes
2929 2762 3174 2830 praedati,
3225 2763 3278 2816 iu
3326 2766 3416 2816 ln-

1840 2858 1981 2910 diam
2012 2865 2315 2924 penetrant,
2355 2865 2558 2925 quanta
2593 2855 2646 2908 in
2669 2865 2962 2924 utramque
2988 2856 3162 2923 ripam
3195 2856 3416 2910 maximi

1841 2948 2128 3002 ﬂuviorum
2162 2948 2276 3002 lndi
2310 2957 2474 3015 patet.
2514 2948 2632 3012 Qua
2660 2946 2763 3001 sub
2793 2946 2979 3017 iugum
3013 2947 3202 3008 missa,
3229 2961 3422 3000 versus

1843 3052 2024 3095 ortum
2078 3040 2214 3093 ultra
2271 3039 2523 3108 progredi
2576 3039 2927 3103 destiterunt,
2969 3039 3040 3091 ob
3068 3039 3420 3108 asperitatem

1840 3142 1894 3186 ct
1925 3142 2118 3185 uastum
2148 3131 2248 3184 loci
2285 3146 2299 3183 :
2334 3131 2428 3183 sed
2458 3130 2656 3183 itinere
2705 3129 2757 3181 in
2806 3129 3160 3182 Arachosiam
3193 3137 3247 3181 et
3288 3129 3422 3181 Car-

1845 3225 2077 3277 maniam
2111 3238 2396 3284 converso,
2426 3222 2678 3290 gentibus
2713 3221 2816 3275 illis
2867 3221 3025 3274 facile
3055 3220 3318 3281 subactis,
3352 3221 3423 3274 ad

149 3309 209 3357 τὸ
244 3307 424 3374 τρειχὺ
477 3324 536 3357 τε
567 3306 664 3359 καὶ
714 3307 1074 3376 καυματῶδες
1123 3307 1215 3359 τοῦ
1267 3309 1465 3359 τόπου·
1504 3309 1617 3362 ἀλλ’
1648 3308 1735 3359 ἐπ’

1841 3313 2122 3368 Chaldaeos
2170 3322 2224 3367 et
2271 3313 2483 3366 Arabes
2531 3322 2920 3379 pervenerunt.
2962 3312 3166 3366 Deinde
3215 3312 3280 3365 ad
3323 3312 3423 3364 Ba-

160 3401 515 3467 Ἀραχωσίαν
571 3417 628 3452 τε
679 3404 772 3454 καὶ
820 3402 1148 3469 Καρμανίαν
1193 3401 1291 3469 τὴν
1321 3404 1497 3471 ὁρμὴν
1545 3404 1735 3472 ἐποιή-

152 3509 317 3542 σαντο
339 3507 352 3518 ·
381 3493 478 3543 καὶ
511 3494 730 3543 πάντων
759 3493 958 3562 ῥᾳδίως
988 3493 1434 3560 ύποκυπτόντων,
1468 3496 1557 3546 ἐπὶ
1589 3495 1734 3548 Χαλ-

151 3583 341 3643 δαίους
374 3584 640 3648 ἀφίκοντό
688 3601 750 3634 τε
781 3589 874 3636 καὶ
925 3587 1196 3656 Ἀραϐας.
1236 3587 1471 3639 Ἔπειτα
1527 3588 1583 3648 ἐς
1636 3588 1740 3637 lia.-

153 3675 463 3738 ϐολωνίους
493 3677 589 3728 καὶ
641 3677 964 3750 Ἀσσυρίους
999 3680 1310 3747 διαϐάντες,
1351 3681 1446 3735 καὶ
1487 3682 1739 3736 Μεσοπο-

153 3769 362 3838 ταμίαν
420 3769 834 3836 κατειληφότες,
881 3770 976 3821 καὶ
1023 3771 1146 3832 ταῖς
1175 3771 1268 3823 τοῦ
1310 3771 1477 3824 τόπου
1525 3772 1743 3841 χάρισιν

1844 3405 2092 3474 hylonius
2161 3416 2214 3458 et
2285 3408 2536 3475 Assyrios
2616 3404 2982 3474 transgressi,
3049 3415 3426 3473 occupataque

1849 3497 2255 3566 Mesopotamia,
2286 3498 2600 3550 ammnitate
2634 3496 2740 3551 loci
2769 3497 2947 3551 allecti
2990 3497 3183 3565 lungos
3217 3497 3292 3549 ibi
3329 3511 3424 3549 er-

1845 3603 1999 3643 rmes
2030 3588 2246 3650 liniunt,
2309 3588 2471 3641 tertio
2527 3602 2673 3639 anno
2706 3597 2992 3656 postham
3024 3585 3283 3638 laxarten
3319 3586 3426 3639 llu-

1847 3684 1990 3735 vium
2066 3683 2395 3750 trajecerant
2455 3694 2509 3735 et
2563 3697 2591 3734 a
2646 3682 3002 3750 p0pularibus
3068 3681 3183 3735 suis
3247 3680 3427 3734 avulsi

1849 3775 2031 3829 Asiam
2061 3774 2373 3827 inferiorem
2403 3774 2503 3826 sibi
2543 3773 2904 3826 vindicarant.

155 3861 512 3931 αρεσθέντες,
559 3865 676 3915 ἐκεῖ
719 3864 820 3933 τὴν
856 3866 1072 3933 μακρὰν
1121 3867 1454 3921 καταλύουσι
1505 3871 1735 3938 πλάνην,
1778 3869 1898 3934 ἔτος
1965 3889 2067 3923 που
2104 3873 2206 3940 ἤδη
2267 3871 2450 3939 τρίτον
2486 3872 2763 3933 ἀνύοντες,
2794 3872 2886 3940 ἀφ’
2916 3867 2975 3924 οὗ
3001 3872 3090 3924 τόν
3116 3889 3173 3922 τε
3218 3869 3426 3938 Ἰαξάρ-

157 3971 257 4022 την
316 3955 796 4024 διεπεραιώθησαν
845 3959 1095 4027 ποταμὸν
1172 3961 1268 4013 καὶ
1340 3959 1448 4012 τῶν
1524 3961 1698 4014 ἄλλων
1747 3963 2040 4033 διέστησαν
2103 3963 2413 4032 ὁμοφύλων,
2465 3965 2561 4031 τῆς
2625 3964 2777 4016 κάτω
2844 3965 3032 4026 Ἀσίας
3091 3965 3424 4034 κληρούχους

161 4051 304 4110 mea
321 4065 431 4109 ιτες
466 4048 716 4111 ἑαυτούς.

234 4144 313 4199 E'.
355 4146 568 4213 Ὠσπερ
598 4145 656 4198 δὲ
687 4146 798 4218 πῦρ
827 4149 880 4209 ἐς
909 4147 1042 4217 ὓλην
1084 4147 1310 4218 βαθεῖαν
1357 4150 1655 4221 ὲνσκῆψαν,
1681 4152 1741 4203 ού

165 4240 333 4306 μόνον
387 4232 454 4308 ἧς
481 4238 543 4291 τὸ
575 4238 794 4308 πρῶτον
829 4241 1112 4310 ἐδράξατο,
1163 4243 1370 4312 ταύτην
1421 4245 1744 4313 λυμαίνεται

163 4333 361 4398 μόνην,
395 4329 510 4382 ἀλλ’
568 4333 616 4383 εἰ
648 4332 814 4402 ὁμοίᾳ
863 4335 958 4387 καὶ
987 4334 1139 4406 πάσῃ
1178 4337 1243 4404 τῇ
1301 4335 1460 4406 πέριξ
1505 4337 1739 4406 ἐντύχοι,

159 4422 262 4491 ήδη
316 4423 411 4474 καὶ
444 4423 627 4474 πᾶσαν
673 4424 892 4493 ἐκείνην
945 4426 1120 4495 ῥᾷστα
1163 4427 1552 4480 ὲπιϐὁσκεται·
1601 4430 1744 4480 οὕτω

1919 4151 1985 4203 ν.
2029 4147 2133 4202 Sed
2174 4148 2634 4217 quemadmodmn
2675 4147 2816 4216 ignis
2867 4149 2922 4202 in
2968 4150 3190 4203 densam
3228 4152 3426 4208 silvam

1846 4243 2062 4298 delatus
2112 4258 2219 4296 non
2256 4258 2377 4296 eam
2412 4242 2611 4303 solum,
2647 4258 2806 4310 quam
2856 4244 3087 4311 primam
3137 4248 3421 4316 corripuit,

1846 4337 2142 4399 consumit,
2172 4335 2265 4388 sed
2298 4343 2352 4388 et
2381 4335 2787 4401 circnmjectam
2820 4351 3060 4401 omnem,
3099 4339 3144 4391 si
3185 4339 3234 4392 ei
3284 4341 3426 4408 pari-

1847 4438 1932 4484 ter
1966 4430 2121 4483 obvia
2150 4428 2335 4492 fuerit,
2371 4427 2625 4481 facillime
2656 4428 2968 4496 depascitur
3009 4448 3024 4487 :
3063 4428 3142 4486 sic
3172 4432 3277 4486 dux
3307 4435 3425 4488 illo-

159 4516 256 4566 καὶ
285 4515 314 4566 ὁ
348 4514 456 4565 τῶν
515 4513 743 4567 Σκυθῶν
769 4516 1016 4585 ἀρχηγὸς
1062 4520 1295 4571 τουτωνὶ⁵
1349 4522 1448 4590 τὴν
1474 4522 1574 4590 τῆς
1616 4521 1737 4589 ὅλης

1851 4538 1966 4576 rum
2000 4521 2345 4590 Scytharum,
2396 4521 2562 4574 totius
2595 4522 2736 4574 Asia:
2769 4521 2833 4575 ad
2866 4537 3082 4576 onmem
3126 4525 3422 4580 humanam

172 4606 366 4668 Ἀσίας
394 4605 672 4676 ὲξαίρετον
717 4606 851 4677 πρὸς
885 4608 1101 4661 ἃπασαν
1134 4609 1480 4682 ἀνθρωπίνην
1511 4614 1747 4666 ἀπόλαυ-

162 4715 250 4750 σιν
291 4701 350 4761 ἑς
405 4700 624 4767 οἴκησιν
670 4698 938 4764 ἀπολέξας
973 4702 1174 4771 ἐαυτῷ,
1215 4704 1313 4755 οὐκ
1359 4705 1606 4774 ὴρέμησε
1651 4705 1742 4758 τοῦ

158 4791 378 4853 λοιποῦ,
437 4791 561 4844 οὐδὲ
603 4792 716 4844 τῶν
750 4794 911 4862 πέριξ
960 4795 1263 4864 ἁπέσχετο’
1302 4796 1436 4848 ἀλλὰ
1490 4799 1614 4858 τοὺς
1653 4798 1742 4849 ὑπ’

159 4886 314 4954 αὑτῷ
375 4885 665 4955 σατράπας
729 4887 825 4938 καὶ
883 4888 1204 4957 χιλιάρχους
1270 4887 1738 4958 διαπεμπόμενος,

161 4978 381 5045 Πέρσας
418 4978 521 5047 μὲν
551 4978 773 5049 πρῶτον
817 4981 908 5032 καὶ
944 4980 1196 5050 Πάρθους
1242 4981 1337 5032 καὶ
1373 4981 1590 5050 Μήδους
1639 5000 1739 5034 πα-

157 5069 460 5136 ρεστήσαο·
497 5068 691 5120 ἔπειτα
711 5069 800 5122 διὰ
829 5071 927 5139 τῆς
962 5072 1208 5140 μεγάλης
1228 5071 1393 5125 ἀνιὼν
1428 5073 1739 5143 Ἀρμενίας,

160 5159 330 5226 ἧλασε
359 5159 498 5226 πρὸς
525 5159 625 5229 μὶν
647 5160 853 5231 ἄρκτον
877 5162 1004 5232 ἄχρι
1030 5162 1287 5233 Κολχίδος
1314 5162 1409 5216 καὶ
1443 5163 1539 5232 τῆς
1564 5166 1742 5216 ἐκεῖσε

1849 4615 2294 4669 commoditatem
2353 4613 2811 4681 opportunissima
2863 4615 2993 4669 sede
3053 4617 3154 4671 sibi
3194 4619 3423 4685 delecta,

1847 4715 2033 4775 postea
2075 4720 2182 4759 non
2214 4705 2446 4774 quievit.
2491 4720 2669 4774 neque
2701 4705 2944 4760 finitimis
2967 4707 3230 4762 abstinuit
3279 4728 3291 4763 :
3327 4714 3423 4766 sed

1846 4797 2081 4850 tribunis
2111 4798 2225 4851 suis
2249 4805 2303 4850 et
2334 4797 2570 4865 satrapis
2596 4797 2703 4849 alio
2727 4807 2888 4866 atque
2924 4799 3030 4853 alio
3061 4801 3263 4865 missis,
3298 4801 3424 4857 Per-

1847 4902 1934 4942 sas
1956 4890 2190 4957 primum
2223 4895 2277 4940 et
2298 4886 2530 4940 Parthos
2557 4897 2608 4940 et
2639 4886 2823 4941 Medos
2844 4889 3039 4958 subigit
3064 4907 3076 4954 ;
3100 4890 3210 4960 39
3231 4892 3425 4948 deinde

1846 4995 1940 5049 per
1979 4978 2296 5032 Armeniam
2349 4977 2608 5046 majorem
2669 4979 3016 5033 ascendendo
3067 4997 3255 5036 versus
3303 4999 3426 5053 sep-

1854 5071 2181 5124 tentrionem
2211 5070 2277 5123 ad
2318 5069 2635 5124 Colchidem
2672 5079 2728 5124 et
2760 5071 3049 5126 finitimam
3085 5074 3160 5128 illi
3194 5074 3423 5130 lberiam

1851 5167 2115 5217 excurrit.
2151 5161 2398 5217 Habebat
2427 5178 2593 5232 porro
2623 5162 2677 5217 in
2710 5163 2914 5228 animo,
2944 5168 3299 5235 sequentibus
3329 5185 3425 5224 auo

1503 5320 1843 5383 Variorum
1887 5332 2074 5384 noun.

159 5481 217 5537 se
238 5463 592 5527 dediderunt,
618 5464 873 5518 meminit
893 5463 1336 5530 Cautacuaenus,
1359 5465 1453 5520 lib.
1476 5482 1519 5532 ι,
1541 5480 1663 5537 cap.
1683 5467 1739 5520 2.

159 5535 509 5674 “(figam
536 5604 800 5659 vocabulo
827 5603 1089 5658 Tartarus
1118 5605 1391 5661 Asiaticos
1427 5607 1632 5675 pariter
1664 5609 1746 5664 in-

163 5675 382 5743 telligit.
424 5675 518 5742 qui
543 5677 774 5728 duribus
809 5675 1214 5742 Chiugischami
1252 5676 1378 5730 filiis
1412 5678 1598 5734 Asiam
1629 5679 1748 5736 fere

163 5748 476 5802 universam
541 5755 910 5816 pervaserant,
959 5761 1084 5799 cum
1165 5746 1258 5815 qui
1312 5763 1506 5804 versus
1566 5749 1749 5806 Danu-

1846 5469 1994 5543 bium
2022 5467 2343 5523 habitabant
2389 5468 2683 5542 Europaeos
2734 5482 2910 5538 vocat,
2951 5472 3041 5532 lib.
3085 5486 3161 5535 tv,
3217 5488 3338 5543 cap.
3368 5475 3424 5530 7.

1853 5538 2140 5688 ῗιὲῖλιῖῗβε
2173 5607 2288 5688 ρχο
2318 5611 2486 5665 ﬂuvio
2516 5612 2723 5682 egimus
2763 5610 2829 5664 ad
2861 5613 2953 5668 lib.
2991 5629 3006 5668 ι
3054 5614 3334 5688 Brjennii,
3362 5631 3418 5673 η.

1854 5683 1909 5746 7,
1943 5697 1994 5750 ι).
2022 5682 2149 5738 20L
2175 5683 2405 5736 llucaac.
