4248 6444
719 423 829 488 203
1012 417 1088 491 [Α.
1133 431 1192 472 tt.
1231 415 1368 473 6767
1409 432 1474 470 AD
1517 413 1681 486 6768]

1984 414 2407 478 NICEPHORI
2463 416 2668 480 GREG
2678 417 2850 480 ORiﬁ

3158 410 3293 484 itur.
3333 424 3481 465 tom.
3525 411 3700 484 ινα]

3879 414 3994 480 204

719 540 935 612 agmine
970 538 1322 594 formicarum
1374 553 1598 607 prorsus
1648 537 1784 592 nihil
1835 536 2079 593 ditl'erre.
2114 536 2300 605 Itaque
2332 547 2379 594 Α

2332 547 2379 594 Α
2406 537 2618 607 οὐδαμῆ
2648 537 2962 606 διενήνοχε,
3008 534 3083 605 μὴ
3125 538 3516 606 συναιρομένου
3557 537 3716 591 Θεοῦ.
3770 539 3861 590 Διὸ
3890 543 3994 592 καὶ

720 633 1046 703 arrogantia
1077 641 1130 685 et
1161 633 1415 702 superbis
1446 632 1645 685 animis
1674 640 1781 684 tota
1813 647 1870 686 re
1898 632 2164 699 permissa
2194 628 2303 682 Ro-

725 739 919 778 manos
953 723 1244 787 invadunt,
1283 734 1448 792 atque
1488 724 1624 778 adeo
1676 723 2099 794 cogitationibus
2148 720 2304 776 vanis

722 818 1143 871 convenientem
1176 816 1380 869 exitum
1416 816 1743 871 sortiuntur.
1779 813 2011 868 Romani
2037 829 2183 880 vero,
2211 812 2301 882 qui

723 921 848 961 sese
880 909 1084 974 :letlllO
1117 907 1296 961 divina
1331 924 1435 977 ope
1468 907 1603 962 nihil
1626 922 1746 962 esse
1777 907 2165 977 intelligerent,
2195 907 2303 960 Deo

717 1011 771 1055 et
806 1000 1017 1054 calesti
1053 1001 1287 1065 auxilio,
1321 1001 1588 1070 quidquid
1640 1003 2094 1071 aggrederentur,
2143 999 2302 1053 unice

718 1089 936 1154 eonfisi,
970 1090 1235 1145 dimicare
1270 1107 1391 1144 cum
1426 1091 1584 1162 longe
1634 1091 1886 1161 pluribus
1927 1107 2036 1145 non
2081 1092 2300 1145 dubita-

719 1191 869 1248 runt,
906 1192 960 1236 et
1000 1183 1265 1237 illustrem
1321 1183 1608 1238 victoriam
1657 1183 1897 1253 propitio
1928 1182 2038 1254 74
2069 1182 2300 1238 Numine

724 1284 1096 1344 reportaruut,
1128 1286 1186 1330 ut
1213 1278 1398 1330 statim
1431 1276 1628 1331 dicturi
1664 1291 1875 1330 sumus.

793 1454 881 1508 IV.
914 1456 1048 1511 Nam
1080 1473 1203 1512 cum
1235 1458 1460 1527 propius
1498 1458 1706 1512 hostem
1756 1466 1934 1512 castra
1963 1459 2296 1527 posuissent,

718 1548 1008 1616 quemdam
1040 1549 1262 1601 mittunt
1289 1548 1562 1602 hominem
1597 1547 1750 1602 valde
1780 1547 2035 1602 idoneum
2060 1550 2128 1602 ad
2152 1566 2301 1603 com-

717 1640 1016 1694 mitteudos
1052 1640 1195 1693 inter
1235 1656 1294 1695 se
1324 1650 1379 1694 et
1411 1641 1615 1695 mutuis
1643 1641 1933 1696 discordiis
1967 1645 2302 1696 conturban-

716 1733 814 1787 dos
844 1733 1067 1787 hostiles
1091 1733 1386 1787 exercitus.
1414 1733 1600 1803 Neque
1646 1735 1792 1788 enim
1829 1736 1881 1789 id
1913 1736 2050 1790 adeo
2079 1735 2298 1789 dillicile

716 1834 851 1887 erat,
891 1835 948 1877 ut
979 1826 1092 1878 fieri
1131 1841 1240 1878 non
1289 1836 1509 1894 posset,
1541 1841 1664 1879 cum
1709 1827 1930 1880 Achaia
1955 1828 2210 1895 princeps
2241 1837 2297 1881 et

713 1917 917 1973 Sicilia
973 1934 1062 1972 rex
1120 1919 1391 1990 peregrini
1425 1929 1631 1983 essent,
1670 1933 1778 1972 non
1834 1920 2080 1989 ejusdem
2116 1922 2296 1989 gentis

714 2013 872 2082 cujus
904 2013 1143 2084 Angelus
1175 2013 1427 2067 Michael.
1471 2013 1654 2083 Surgit
1687 2013 1870 2083 itaque
1908 2014 1952 2068 is
1983 2015 2296 2076 conl‘estim,

715 2125 777 2165 ac
808 2124 906 2179 per
945 2107 1184 2178 speciem
1215 2107 1508 2177 transfuga
1538 2107 1604 2161 ad
1641 2106 1826 2162 hostes
1859 2118 2026 2161 noctu
2067 2107 2294 2168 transit.

713 2212 770 2256 et
802 2204 939 2256 clam
967 2218 1089 2256 cum
1113 2200 1322 2269 Augclo
1352 2199 1618 2254 blichaele
1649 2200 1896 2269 principe
1916 2198 2131 2254 Etolia
2163 2216 2298 2252 cnu-

713 2310 974 2365 gressus,
1014 2312 1032 2344 ι
1073 2294 1243 2355 Scito,
1305 2292 1502 2362 inquit,
1565 2292 1724 2346 hodie
1764 2293 1860 2345 tibi
1897 2302 1954 2346 et
1985 2292 2094 2345 tuis
2117 2293 2297 2345 omni-

713 2387 820 2445 bus
882 2402 1137 2456 magnum
1191 2385 1494 2455 periculum
1545 2383 1884 2454 impendere.
1930 2384 2107 2437 Ambo
2151 2384 2297 2437 enim

715 2478 906 2550 generi
970 2479 1044 2532 tui
1100 2478 1375 2546 iidemque
1428 2476 1598 2541 socii,
1675 2487 1784 2530 tam
1835 2475 2193 2546 Peloponnesi
2246 2487 2300 2530 et

715 2571 937 2625 Achaia:
978 2571 1235 2640 princeps
1263 2585 1425 2640 quam
1460 2568 1660 2624 Sicilia
1693 2584 1808 2633 rex,
1846 2567 1984 2622 clam
2018 2584 2114 2636 per
2149 2569 2299 2638 lega-

720 2673 804 2719 tos
837 2679 1026 2733 pacem
1053 2663 1319 2717 Romanis
1344 2662 1613 2727 offerunt,
1643 2662 1689 2716 si
1732 2661 1836 2715 sibi
1865 2673 2028 2716 certa
2057 2662 2298 2732 largitio-

720 2771 820 2810 nes
851 2758 1070 2810 dentur.
1100 2755 1157 2808 Si
1199 2771 1328 2825 ergo
1363 2755 1510 2809 salus
1549 2763 1641 2808 tua
1676 2769 1820 2810 cura
1850 2754 1948 2807 tibi
1996 2763 2103 2816 est,
2138 2769 2298 2821 quam

719 2851 956 2920 primum
1006 2849 1101 2901 tihi
1136 2849 1453 2918 prospicito,
1493 2848 1811 2918 priusquam
1851 2847 2065 2901 illorum
2097 2847 2300 2901 foedera

719 2953 771 2995 et
805 2953 962 3010 pacta
993 2941 1062 2995 ad
1088 2942 1294 2994 exitum
1326 2941 1718 3009 perducantur.
1754 2959 1772 2992 ι
1811 2939 1995 2994 Credit
2019 2938 2248 2993 Michael
2282 2954 2298 2993 :

719 3046 775 3087 et
807 3050 864 3088 re
895 3034 1076 3103 paucis
1117 3049 1364 3100 suorum,
1393 3035 1594 3104 quibus
1628 3041 1845 3103 poterat
1886 3041 1941 3087 et
1971 3043 2188 3102 tempus
2230 3033 2302 3086 si-

720 3128 927 3192 nebat,
956 3128 1094 3181 clam
1125 3127 1388 3193 indicata,
1416 3138 1545 3180 ante
1575 3126 1706 3180 solis
1742 3136 1919 3181 ortum
1953 3125 2109 3196 fugit,
2141 3141 2300 3179 eum-

2406 630 2698 701 ἀλαζονείᾳ
2730 630 2790 682 τὸ
2837 631 2946 683 πᾶν
2999 628 3398 697 ἐπιτρέψαντες
3459 629 3555 681 καὶ
3587 631 3766 697 οἰήσει
3813 630 3998 692 οὕτως

2406 720 2651 791 ἐχώρουν
2702 723 2844 774 κατὰ
2890 719 3202 789 Ῥωμαίων.
3245 718 3410 773 Ταῦτ’
3442 719 3549 788 ἄρα
3606 722 3698 773 καὶ
3732 725 3845 783 τοῖς
3890 740 3996 789 μαι

2404 813 2575 876 ταίοις
2631 813 2912 882 λογισμοῖς
2961 813 3227 880 ἀνάλογον
3288 811 3652 882 ἐπηκολούθει
3701 814 3764 865 τὸ
3808 815 3990 877 τέλος.

2405 908 2468 960 Ol
2528 907 2585 958 δὲ
2641 906 2906 975 Ῥωμαῖοι
2967 905 3122 958 οὐδὲν
3173 905 3403 966 ἑαυτοὺς
3439 903 3787 974 λογιζόμενοι
3848 905 3996 974 πλὴν

2402 999 2501 1068 τῆς
2533 997 2720 1052 θεόθεν
2761 999 3087 1068 ἐπικουρίας
3129 997 3247 1066 Θεῷ
3300 998 3392 1049 καὶ
3423 999 3490 1065 τῇ
3541 997 3757 1049 ἐκεῖθεν
3792 998 3992 1066 ἀρωγῇ

2405 1094 2586 1145 πᾶσαν
2608 1091 2706 1159 τὴν
2733 1091 2882 1160 σφῶν
2911 1091 3094 1142 αὐτῶν
3121 1090 3518 1156 ἐπιτρέψαντες
3551 1089 3768 1159 κίνησιν
3790 1093 4000 1155 διαγω-

2403 1184 2648 1248 νίζεσθαι
2671 1185 2811 1251 πρὸς
2836 1182 3274 1243 πολλαπλασίους
3305 1181 3646 1251 ἐθάρρησαν
3683 1181 3777 1233 καὶ
3806 1183 3997 1250 μέντοι

2405 1276 2502 1330 καὶ
2555 1277 2818 1346 λαμπράν
2871 1275 3271 1344 συναιρομένου
3298 1272 3434 1326 Θεοῦ
3463 1273 3563 1344 τὴν
3595 1273 3755 1344 νίκην
3791 1273 3995 1343 είργά-

2405 1386 2591 1432 σαντο,
2638 1370 2712 1431 ὡς
2749 1369 2950 1421 αὐτίκα
2990 1369 3320 1437 εἰρήσεται.⁸

2474 1461 2548 1516 Δ’.
2601 1462 2760 1515 Ἐπεὶ
2787 1464 2894 1531 γὰρ
2937 1463 3104 1530 ἐγγυς
3151 1461 3251 1531 ήδη
3299 1462 3409 1515 τῶν
3460 1460 3740 1529 πολεμίων
3773 1462 3820 1513 οἱ
3866 1461 3999 1513 Ῥω-

2406 1558 2557 1626 μαῖοι
2591 1554 2868 1625 ἐπήξαντο
2901 1555 2967 1606 τὰ
3010 1553 3382 1623 στρατόπεδα,
3434 1554 3718 1621 πέμπουσι
3753 1553 3815 1622 δή
3865 1571 3996 1606 τινα

2399 1646 2510 1698 τῶν
2546 1645 2692 1715 μάλα
2731 1645 3053 1709 ἐπιτηδείων
3083 1643 3468 1712 ἐκπολεμῶσαι
3505 1645 3596 1695 καὶ
3652 1643 3997 1713 συνταράξαι

2401 1740 2524 1793 κατ’
2597 1738 2845 1807 ἀλλήλων
2939 1740 3008 1789 τὰ
3069 1739 3178 1790 τῶν
3247 1738 3519 1806 πολεμίων
3578 1736 3995 1805 στρατεύματα.

2401 1833 2476 1886 Οὐ
2507 1833 2615 1903 γὰρ
2657 1833 2717 1884 ’ἐν
2746 1833 2938 1884 τιτῶν
2991 1833 3273 1883 ἀδυνάτων
3307 1832 3394 1901 [Ρ.
3430 1827 3518 1900 44]
3574 1830 3732 1882 τοῦτό
3787 1846 3849 1896 γε
3895 1825 3994 1898 ἦν,

2399 1925 2494 1981 τοῦ
2565 1944 2626 1980 τε
2683 1927 2781 1995 τῆς
2861 1926 3082 1994 Ἀχαίας
3142 1925 3440 1994 πρίγκιπος
3511 1925 3605 1975 καὶ
3665 1922 3761 1974 τοῦ
3819 1922 3995 1991 ρηγδς

2398 2023 2645 2086 Σικελίας
2695 2021 3036 2091 ἐτεροφύλων
3102 2021 3272 2073 ὅντωι
3348 2023 3441 2073 καὶ
3517 2021 3615 2088 οὐχ
3705 2019 3995 2088 ὁμογενῶν

2398 2117 2476 2189 τῷ
2521 2115 2764 2185 Ἀγγέλῳ
2796 2116 3038 2185 Μιχαὴλ..
3077 2114 3381 2174 Διαναστέις
3426 2111 3518 2165 οὖν
3570 2114 3776 2173 ἐκεῖνος
3813 2113 3976 2165 αὑτό-

2400 2211 2493 2262 θεν
2525 2210 2823 2278 αὐτόμολος
2853 2206 3016 2276 δῆθεν
3061 2205 3230 2275 ἀπῄει
3279 2206 3498 2274 νύκτωρ
3548 2207 3602 2267 ἐς
3646 2206 3774 2265 τοὺς
3830 2204 3995 2256 πολε-

2403 2303 2560 2372 μίους
2621 2303 2717 2354 καὶ⁵
2768 2295 3086 2367 προσελθὼν
3125 2295 3302 2366 λάθρα
3336 2295 3412 2364 τῷ
3451 2295 3550 2363 τῆς
3581 2295 3849 2354 Αἰτωλίας
3879 2295 3989 2364 ἆρ-

2399 2413 2547 2464 χοντι
2595 2391 2818 2463 Μιχαὴλ
2853 2391 2929 2460 τῷ
2975 2390 3218 2459 Ἀγγέλῳ
3247 2431 3260 2454 ,
3305 2409 3320 2440 ι
3361 2388 3528 2454 Ἲσθι,
3575 2408 3592 2439 δ
3624 2388 3808 2457 φησὶν,
3853 2410 3872 2438 4
3911 2389 3995 2450 ὡς

2403 2487 2487 2541 σοί
2523 2503 2581 2539 τε
2616 2489 2709 2539 καὶ
2743 2487 2878 2538 πᾶσι
2909 2485 3023 2545 τοῖς
3065 2483 3172 2535 ὑπό
3223 2499 3282 2534 σε
3323 2483 3500 2551 μέγας
3531 2483 3840 2550 ἐπήρτηται
3868 2482 3997 2532 κίν-

2400 2580 2556 2642 δυνος
2607 2580 2868 2647 σήμερονο
2902 2579 3072 2645 ἄμφω
3119 2575 3230 2646 γάρ
3293 2579 3342 2628 οί
3381 2575 3479 2627 σοὶ
3532 2576 3773 2644 γαμϐροί
3805 2593 3862 2626 τε
3897 2577 3999 2627 καὶ

2403 2669 2711 2740 σύμμαχοι,
2747 2670 2775 2721 ὃ
2815 2685 2875 2720 τε
2907 2667 3146 2738 πρίγκιψ
3173 2665 3602 2736 ,Πελοποννήσου
3633 2667 3729 2720 καὶ
3766 2667 4000 2734 Ἀχαΐας

2403 2764 2498 2814 καὶ
2523 2763 2550 2814 ὁ
2575 2761 2674 2829 τῆς
2705 2760 2957 2825 Σικελίας
2986 2759 3088 2831 ρὴξ
3119 2759 3297 2828 λάθρα
3326 2759 3818 2826 διαπρεσϐεύονται
3851 2757 3996 2826 πρὸς

2413 2851 2726 2921 Ῥωμαίους
2762 2851 2891 2922 περὶ
2949 2851 3196 2903 σπονδῶν
3245 2851 3337 2901 ἐπὶ
3391 2849 3586 2918 δώροις
3646 2849 3887 2908 τακτοῖς.
3925 2847 4007 2900 El

2405 2965 2487 3001 σοι
2537 2946 2720 2999 τοίνυν
2775 2945 2924 3014 ζωῆς
2981 2943 3157 3013 μέλει,
3215 2940 3557 3011 προνοίθητι
3593 2941 3694 3004 τὴν
3728 2938 4003 3007 ταχίστην

2407 3042 2633 3104 σαυτοῦ,
2667 3043 2796 3109 πρὶν
2839 3041 2920 3101 είς
2961 3040 3136 3108 πέρας
3168 3038 3342 3109 ἐλθεῖν
3371 3037 3466 3097 τὰς
3492 3036 3724 3085 ἐκεί-,ων
3760 3032 4003 3093 σπονδάς

2401 3155 2462 3190 τε
2492 3139 2585 3191 καὶ
2611 3135 2953 3204 συμφωνίας.
3004 3149 3022 3182 ι
3054 3108 3364 3182 Πείθεταίὸ
3395 3126 3617 3194 Μιχαὴλ
3663 3127 3751 3176 καὶ
3779 3125 3996 3190 διαμη-

722 3237 829 3289 que
861 3220 953 3274 alii
985 3229 1147 3289 atque
1181 3219 1296 3283 alii.
1333 3236 1456 3274 cum
1474 3221 1540 3274 de
1565 3221 1685 3288 ejus
1705 3218 1829 3288 fuga
1863 3219 2066 3288 aliquid
2101 3234 2293 3272 susur-
2322 3237 2367 3293 α

2326 3237 2367 3293 C
2400 3231 2700 3298 νυσὰμενος
2754 3225 2931 3296 ἡσυχῆ
2995 3223 3104 3276 τῶν
3156 3220 3378 3274 οἰκείων
3427 3219 3658 3280 ὁπόσους
3714 3215 3878 3277 αὐτός
3940 3232 4003 3268 τε

726 3313 836 3366 rari
865 3312 1140 3372 audirent.
1165 3322 1508 3381 sequuntur:
1534 3321 1698 3380 atque
1747 3312 1820 3364 ita
1845 3311 2077 3380 sparsim
2108 3326 2307 3366 omnes

724 3406 841 3474 ejus
878 3405 1079 3459 milites
1103 3405 1194 3458 alii
1255 3405 1394 3460 alios
1426 3404 1550 3473 luga
1598 3413 1944 3459 antevenere
2000 3403 2309 3468 studentes,

729 3504 786 3557 in
822 3504 987 3571 pedes
1015 3517 1136 3557 sese
1176 3503 1560 3572 coniecerunt.

797 3790 861 3844 ν.
898 3789 1051 3842 Mane
1094 3804 1224 3842 vero
1280 3788 1410 3843 socii
1460 3787 1804 3858 experrecti,
1853 3785 1978 3858 luga
2031 3785 2312 3843 Michaelis

729 3883 947 3952 cognita
977 3881 1157 3949 (cujus
1177 3897 1297 3950 qua
1340 3896 1507 3935 causa
1547 3889 1736 3945 esset,
1788 3880 1934 3934 nulla
1990 3882 2313 3951 conjectura

731 3977 996 4045 consequi
1029 3975 1327 4044 poterant),
1357 3989 1470 4043 pra
1497 3985 1725 4044 stupore
1765 3975 2179 4037 obmutuerunt,
2207 3973 2313 4043 75

731 4078 786 4123 et
824 4068 1100 4122 Romanos
1130 4068 1300 4122 armis
1336 4066 1608 4122 lacessere
1643 4065 1799 4120 veriti
1831 4075 1996 4130 sunt,
2027 4075 2142 4119 tum
2171 4066 2319 4135 quod

733 4162 863 4232 quid
891 4170 1150 4232 ago-retur
1210 4161 1549 4231 ignorarent,
1575 4171 1688 4213 tum
1716 4159 1862 4229 quod
1891 4158 1995 4227 ipsi
2029 4159 2317 4228 pauciores

731 4256 839 4325 jam
875 4265 1079 4312 essent.
1111 4254 1202 4324 qui
1236 4251 1678 4306 numerosissimi
1729 4259 1890 4305 antea
1924 4249 2167 4306 fuerant.
2205 4250 2317 4304 Ita-

733 4365 841 4418 que
876 4351 926 4402 iu
987 4347 1167 4416 fugam
1227 4358 1538 4410 vertuntur,
1576 4362 1636 4402 se
1686 4363 1716 4402 a
1760 4344 2028 4400 Michaele
2073 4345 2318 4416 proditos

736 4442 865 4495 rati.
916 4443 1020 4494 Eos
1053 4443 1218 4511 igitur
1254 4442 1327 4495 ita
1372 4441 1619 4495 turbatos
1663 4440 1891 4494 Romani
1943 4437 2088 4494 facto
2127 4439 2313 4494 statim

735 4533 940 4603 impetu
977 4533 1150 4586 adorti
1193 4535 1484 4587 maximam
1543 4543 1753 4602 partem
1801 4534 2164 4587 ceciderunt:
2207 4547 2316 4587 ca-

2418 3321 2642 3376 ἐδύνατο
2683 3320 2775 3371 καὶ
2813 3320 2840 3370 ὁ
2867 3318 3059 3383 καιρὸς
3094 3314 3371 3384 ἐχορήγει,
3410 3310 3628 3379 φεύγων
3657 3309 3830 3378 ᾤχετο
3867 3308 4007 3375 πρὶν

2415 3411 2753 3482 ῆάνατείλαι
2799 3411 2889 3461 τὸν
2937 3409 3110 3476 ἥλιον.
3167 3407 3276 3458 Καὶ
3331 3403 3523 3456 τούτου
3575 3402 3810 3453 κατόπιν
3839 3397 4006 3457 ἄλλος

2418 3504 2477 3569 ἐξ
2511 3501 2670 3553 ἄλλου
2708 3499 2806 3570 τὴν
2864 3498 3043 3567 φυγὴν
3101 3493 3534 3563 ψιθυριζομένην
3573 3490 3863 3549 ἀκούοντες
3903 3486 4005 3538 τοῦ

2419 3596 2638 3666 Μιχαὴλ
2674 3595 2941 3664 σποράδες
2981 3591 3132 3644 έθεον
3184 3588 3427 3647 ἅπαντες
3463 3585 3514 3638 οί
3547 3582 3900 3653 στρατιῶται,
3930 3581 4004 3647 τῇ

2421 3693 2567 3759 φυγῇ
2597 3687 3004 3758 προλαμϐάνειν
3031 3683 3220 3753 ἐτερος
3245 3681 3437 3748 ἕτερον
3474 3676 3814 3735 σπεύδοντες.

2492 3784 2566 3836 Ε’.
2608 3783 2761 3848 ’Ἅμα
2784 3779 2828 3832 δ’
2868 3778 2941 3847 ἕῳ
2971 3776 3344 3846 διεγερθέντες
3381 3772 3431 3823 οί
3465 3769 3745 3838 σύμμαχοι
3771 3767 3863 3818 καὶ
3902 3765 4009 3835 τὴν

2425 3877 2522 3950 μὲν
2547 3879 2724 3945 φυγὴν
2756 3873 3020 3943 μαθόντες
3052 3868 3143 3921 τοῦ
3177 3865 3418 3935 Μιχαὴλ,
3463 3863 3564 3930 τὴν
3594 3863 3650 3950 δὲ
3689 3863 3786 3928 τῆς
3819 3859 4006 3928 φυγῆς

2421 3949 2599 4024 αἰτίαν
2623 3969 2722 4021 οὐκ
2747 3966 2958 4036 ἔχοντες
2992 3961 3312 4030 συμϐαλεῖν,
3349 3959 3569 4026 ἀχανεῖς
3606 3949 3767 4024 ἦσαν.
3805 3952 3917 4004 Καὶ
3942 3952 4010 4002 τὸ

2425 4064 2523 4133 μὲν
2544 4062 2686 4115 ὅπλα
2729 4058 2872 4112 κατὰ
2913 4053 3204 4124 Ῥωμαίων
3238 4053 3410 4103 κινεῖν
3434 4044 4012 4133 ἀπηγόρευον,ντοῦτο

2423 4131 2522 4220 μὲν
2556 4151 2652 4203 καὶ
2690 4149 2765 4211 ὡς
2809 4143 3132 4214 ἀγνοοῦντες
3179 4140 3245 4193 τὰ
3291 4137 3572 4209 δρώμενα,
3607 4132 3767 4186 τοῦτο
3809 4132 3865 4183 δέ
3904 4131 4011 4182 καὶ

2419 4245 2494 4308 ὡς
2529 4240 2858 4313 βραχύτεροι
2886 4236 2980 4288 τὸν
3009 4233 3243 4301 ἀριθμὸν
3291 4231 3354 4281 ἐκ
3396 4232 3539 4280 πάνυ
3584 4224 3793 4277 πολλῶν
3828 4239 4009 4274 καταο

2421 4338 2671 4397 στάντες.
2699 4330 2864 4386 Ὅθεν
2896 4329 2991 4381 καὶ
3038 4327 3172 4396 προς
3201 4321 3380 4391 φυγὴν
3405 4320 3508 4389 ἤδη
3537 4317 3828 4387 ἐτρέποντο
3869 4327 4012 4384 προς

2411 4428 2735 4497 ’δεδομένους
2764 4423 2991 4483 ἑαυτοὺς
3033 4419 3138 4472 ὑπὸ
3170 4413 3394 4485 Μιχαὴλ
3449 4410 3823 4479 λογισάμενοι.
3861 4407 4010 4457 Τού-

2419 4542 2533 4586 τοις
2591 4521 2732 4574 οὖτω
2791 4514 3227 4583 τεταραγμένοις
3281 4507 3564 4576 αἰφνιδίως
3619 4505 3668 4555 οἱ
3739 4500 4011 4566 Ῥωμαῖοι

735 4637 906 4690 tcros,
943 4627 1130 4695 paucis
1161 4626 1433 4696 exceptis,
1461 4625 1617 4678 vivos
1660 4633 1952 4694 ceperunt,
1987 4624 2129 4679 inter
2179 4640 2314 4694 quos
2347 4583 2394 4641 Β

2347 4583 2394 4641 D
2421 4613 2844 4674 ἐπεισπεσόντες
2885 4607 3010 4668 τοὺς
3054 4608 3152 4674 μὲν
3198 4603 3484 4660 πλείστους
3525 4596 3683 4666 ἔργον
3713 4594 4012 4660 ἀπέφηναν

739 4722 854 4790 ipse
880 4720 1244 4790 Peloponnesi
1293 4730 1348 4774 et
1378 4720 1596 4774 Achaia
1642 4719 1899 4790 princeps
1944 4718 2065 4772 fuit.
2115 4716 2318 4774 Sicilia

737 4829 871 4868 vero
903 4829 995 4867 rex
1039 4829 1161 4868 cum
1206 4814 1490 4885 perpaucis
1525 4829 1748 4869 suorum
1791 4813 1932 4866 clam
1961 4811 2170 4883 ellugit.

2424 4709 2652 4775 ξίφους,
2693 4704 2822 4764 τοὺς
2863 4699 2908 4752 δ’
2951 4696 3147 4758 ἄλλους
3208 4693 3347 4762 πλὴν
3396 4689 3595 4752 ὀλίγων
3654 4685 4011 4752 ἐζώγρησαν,

2427 4801 2546 4871 μεθ’
2573 4792 2648 4852 ὧν
2673 4792 2740 4866 ἦν
2767 4797 2857 4847 καὶ
2881 4795 2907 4845 ὁ
2941 4786 3177 4861 πρίγκιψ
3202 4783 3613 4850 Πελοποννήσου
3641 4780 3736 4871 καίι
3754 4774 4012 4871 Ἀχαΐας.

2434 4866 2496 4946 ‘o
2555 4891 2611 4945 δὲ
2663 4890 2758 4958 τῆς
2796 4885 3051 4945 Σικελίας
3088 4879 3190 4952 ρὴξ
3239 4875 3424 4948 διέδρα
3458 4873 3637 4928 λαθὼν
3674 4870 3772 4923 συν
3800 4866 4014 4934 ὀλίγοις

2423 4988 2565 5042 πάνυ
2595 4984 2703 5038 τῶν
2727 4979 2946 5035 ἐαυτοῦ.
