4248 6444
265 400 379 463 209
528 398 605 469 [Α.
647 415 697 453 c.
742 400 879 456 1259
916 417 979 454 Αιι
1022 400 1183 472 H82]

1299 407 1475 465 ΒΥΖᾹ
1488 406 1615 466 ΝΤΙ
1628 407 1743 465 NA!
1771 406 2081 468 HISTORI
2094 407 2154 465 [Ε
2181 410 2251 467 LI
2267 409 2325 470 Β.
2362 412 2451 468 1V.

3413 403 3521 465 210

2568 403 2696 474 [ιιιν.
2742 418 2888 457 utcu.
2933 399 3271 471 estactum]

345 520 420 573 Γ.
476 519 597 571 Ἐπὶ
636 519 847 583 τούτοις
894 521 1204 574 καταλιπὼν
1239 523 1331 574 τὸν
1373 524 1774 593 πατριαρχικδν
1824 522 1852 575 ὁ
1881 524 1928 579 Α

1844 523 1852 572 ἱ
1881 524 1928 579 Α
2026 523 2117 577 Ill.
2144 521 2271 576 Post
2295 524 2409 577 ba‘c
2440 523 2722 583 Arseuins,
2761 520 2946 575 relicta
2970 519 3101 574 sede
3140 518 3481 587 patriarchali
3508 557 3521 579 ,

282 609 560 677 Ἀρσέιιιςς
589 612 779 680 θρόνον
814 612 924 679 (51)
961 610 1133 681 ᾤχετο
1163 614 1457 681 ἡσυχάσων
1483 615 1540 676 ἐς
1580 613 1640 664 τὸ
1668 612 1850 682 παρά-

270 706 389 757 λισιν
424 707 537 776 (52)
573 707 669 759 τοῦ
705 708 1019 778 Πασχασίου
1060 708 1346 777 μονύδριον
1391 709 1527 779 (55).
1570 708 1848 777 Πρόφασις

269 794 322 846 δ’
349 793 415 865 ἦν
445 799 543 865 τῆς
569 798 974 867 ὑποχωρήσεως
994 800 1028 867 ἡ
1048 800 1440 869 περιφρόνησις
1481 800 1729 853 Ἰωάννου
1753 799 1846 852 τού

266 888 525 958 Δάσκαρι
573 888 667 941 τοῦ
698 888 962 956 βασιλέως
993 890 1201 953 παιδός.
1248 891 1500 962 Ἐπεμψε
1537 893 1650 964 γὰρ
1683 892 1849 945 αὐτὸν

268 978 381 1049 πρδ
428 978 654 1049 βραχέος
699 982 727 1033 ὸ
762 979 1019 1049 βασιλεὺς
1064 982 1285 1050 Μιχαὴλ
1328 985 1355 1035 ὁ
1391 983 1753 1053 Παλαιολόγος
1790 985 1848 1035 ἐν

265 1070 570 1135 Μαγνησίᾳ
620 1070 1009 1135 φυλάττεσθαι,
1059 1074 1270 1141 μήποτε
1322 1075 1690 1144 νεωτερισμόν
1727 1092 1847 1128 τινα

263 1160 434 1230 δῆθεν
455 1160 637 1232 πράξῃ
657 1163 808 1232 παρά
836 1179 979 1215 τισιν
1002 1164 1218 1233 ἔχουσιν
1242 1166 1320 1228 είς
1342 1164 1503 1219 τοῦτο
1531 1166 1848 1237 ὲπιρῤεπῶς

266 1253 302 1321 ἠ
341 1252 509 1306 αὐτοῦ
549 1269 612 1320 γε
645 1253 934 1323 ἑμφάνεια.
967 1258 1074 1309 Καὶ
1113 1256 1176 1327 δὴ
1226 1258 1542 1328 Νικηφόρος
1585 1260 1699 1329 (54)
1732 1260 1848 1313 ἀντ’

263 1344 481 1398 ἐκείνου
512 1346 571 1408 ὲς
612 1347 705 1399 τὸν
735 1350 1139 1419 πατριαρχικδν
1161 1352 1422 1418 ἀνάγεται
1450 1350 1659 1421 θρόκον,
1689 1354 1716 1405 ὁ
1747 1352 1848 1421 τῆς

279 1435 509 1501 Ἐφέσου
534 1437 956 1507 μητροπολίτης,
981 1439 1037 1502 ὃς
1062 1439 1161 1494 ἕνα
1188 1440 1429 1503 ἐπιϐιοὺς
1452 1442 1696 1495 ἑνιαυτδν
1727 1443 1846 1493 ἐτε-

262 1526 553 1596 λεύτησεν.

337 1616 410 1675 Δ’.
462 1618 522 1673 ὐ
552 1621 736 1691 μέντοι
768 1622 1023 1693 βασιλεὺς
1057 1624 1154 1677 σὺν
1186 1622 1397 1686 πολλοῖς
1437 1626 1547 1687 τοῖς
1580 1625 1846 1695 στρατεύ-

262 1726 403 1773 μασι
438 1709 818 1783 διεπεραιοῦτο
843 1716 922 1777 είς
961 1713 1186 1785 Θρᾴκην
1217 1714 1463 1781 ἐπίδοξος
1490 1715 1565 1768 ὢν
1595 1716 1847 1770 ἐσϐαλεῖν

261 1801 360 1853 καὶ
384 1803 444 1864 ὲς
473 1802 540 1857 τὰ
568 1804 670 1873 τῆς
697 1807 1328 1871 Κωνσταντινουπόλεως
1345 1809 1617 1877 προαύλια
1646 1811 1847 1881 πείρας

1956 631 2015 671 se
2062 616 2117 670 in
2164 616 2497 671 maritimum
2548 614 2823 669 Paschasii
2870 612 3315 666 monasteriolum
3373 612 3528 679 quie-

1957 705 2146 761 scendi
2184 720 2348 759 causa
2382 705 2629 758 contulit.
2657 703 2831 759 Causa
2867 702 3010 755 illius
3054 700 3381 755 secessionis
3401 697 3525 762 luit,

1956 800 2098 871 quod
2118 800 2357 856 Joannes
2395 798 2638 852 Lascaris
2666 798 2808 852 ﬁlius
2832 794 3176 867 imperatoris
3202 803 3522 847 contemne-

1955 900 2128 946 retur.
2162 890 2380 946 Miserat
2410 893 2554 946 enim
2597 905 2721 944 eum
2753 890 2913 959 paulo
2942 898 3067 944 ante
3104 889 3399 957 imperator
3425 887 3523 941 Mi-

1955 982 2105 1037 chael
2158 982 2491 1053 Palaeologus
2552 982 2881 1053 Magnesiam
2938 979 3399 1043 custodiendum,
3454 995 3525 1034 ne

1957 1075 2247 1145 praesentia
2271 1074 2391 1145 ejus
2412 1075 2671 1144 quosdam
2696 1071 2899 1140 alioqui
2927 1085 3105 1124 rerum
3133 1084 3397 1123 novarum
3426 1084 3528 1122 cu-

1956 1164 2114 1234 pidos
2162 1173 2551 1219 commoveret.
2628 1162 2862 1218 Proinde
2934 1159 3275 1231 Nicephorus
3324 1157 3527 1229 Ephesi

1955 1256 2411 1325 mctropolitanus
2466 1255 2679 1310 Arsenii
2722 1255 2841 1309 loco
2881 1253 2935 1308 in
2980 1252 3400 1323 patriarcbalem
3437 1265 3525 1306 se-
3566 1322 3569 1324 _

1953 1346 2075 1399 dem
2109 1355 2333 1401 evectus
2362 1356 2468 1411 cst,
2521 1347 2634 1415 qui,
2687 1361 2795 1401 uno
2849 1360 2995 1400 anno
3041 1345 3096 1399 in
3148 1359 3213 1400 ea
3265 1343 3528 1415 dignitate

1953 1446 2167 1501 exacto,
2200 1448 2427 1493 mortem
2447 1438 2604 1493 obiit.
2992 1432 3007 1451 ⁸

2025 1618 2118 1674 IV.
2156 1618 2460 1689 Imperator
2494 1634 2626 1674 vero
2647 1634 2769 1674 cum
2801 1618 3012 1690 magnis
3058 1619 3229 1689 copiis
3268 1619 3319 1674 iu
3343 1618 3523 1674 'l‘hrac

1953 1708 2092 1763 ciam
2122 1710 2509 1772 transfretavit,
2540 1719 2597 1764 ut
2625 1711 2943 1766 crederetur
2969 1710 3021 1765 in
3054 1710 3517 1780 Constantinopo-

1954 1799 2119 1855 litana
2144 1801 2408 1856 suburbia
2441 1801 2772 1871 irrnpturus,
2799 1802 2865 1857 ad
2894 1801 3207 1856 tentandam
3241 1799 3363 1854 belli
3414 1800 3525 1854 lor-

260 1892 455 1945 εἵνεκα
492 1894 821 1966 πολεμικῆς.
860 1898 968 1952 Καὶ
1011 1897 1075 1967 δὴ
1128 1900 1268 1967 μετὰ
1306 1898 1404 1972 τὴν
1434 1901 1537 1965 ἔξω
1564 1903 1849 1975 διατριϐὴν
1880 1884 1922 1939 Β

1846 1923 1849 1945 ι
1880 1884 1922 1939 Β
1954 1901 2166 1948 tunam.
2196 1893 2263 1948 Et
2305 1909 2430 1949 cum
2484 1894 2617 1948 foris
2658 1895 2860 1949 morari
2896 1894 3181 1955 desiisset.
3209 1893 3349 1948 ultra
3395 1909 3523 1962 pro-

264 1984 584 2054 παρελάσας
623 1988 929 2058 ἐπολιόρκει
960 1989 1181 2058 πρῶτον
1208 1992 1269 2044 τδ
1303 1993 1443 2046 κατὰ
1474 1996 1574 2066 τὴν
1604 1997 1845 2068 περαίαν

258 2077 357 2129 τοῦ
380 2077 622 2132 Γαλάτου
646 2081 1515 2155 ἑπικεκλημένονέφρούριον(55),
1543 2086 1617 2149 ὡς
1651 2090 1848 2158 ῥᾳδίως

260 2169 525 2222 ἐντεῦθεν
552 2172 902 2243 ἁλωσομένης
928 2173 1078 2243 αὐτῷ
1101 2179 1191 2228 καὶ
1208 2178 1303 2244 τῆς
1334 2178 1765 2245 Κωνσταντίνου,
1797 2184 1844 2235 εί

260 2260 397 2313 αὐτὸ
422 2264 838 2333 παραστήσαιτο
865 2265 1152 2337 πρότερον.
1195 2267 1337 2321 Ἀλλ’
1357 2264 1498 2339 ἦσαν
1519 2270 1627 2343 ἄρα
1653 2272 1723 2325 τὰ
1739 2276 1846 2329 τῶν

259 2353 525 2408 τοιούτων
589 2356 822 2409 ἐλπίδων
892 2358 1042 2428 αύτῷ
1107 2363 1525 2431 γρηγορούντων
1594 2365 1842 2422 ἐνύπνια.

260 2443 502 2496 Πλεῖστα
530 2443 641 2515 γὰρ
666 2446 774 2499 τῶν
800 2446 1091 2504 λιθοϐόλων
1122 2452 1536 2522 μηχανημάτων
1561 2455 1845 2527 ἀντιπερι-

260 2535 471 2604 “qua;
495 2538 643 2606 αὐτῷ
667 2541 763 2592 καὶ
795 2540 997 2605 πολλὰς
1022 2542 1334 2613 ἐπενεγκὼν
1361 2544 1482 2615 βίας
1510 2547 1651 2600 ἑλεῖν
1674 2549 1735 2601 οὐ
1758 2550 1845 2603 δεο

258 2626 513 2697 δύνηται.
566 2630 730 2683 Ὅθεν
770 2630 1052 2702 ὀχυρώσας
1105 2635 1175 2687 τὰ
1226 2634 1333 2705 πρὸ
1372 2636 1475 2703 τῆς
1523 2636 1844 2702 Βυζαντίδος

263 2724 509 2791 φρούρια
539 2723 635 2775 καὶ
666 2722 898 2787 ὁπλίτας
935 2724 1095 2793 ἀφεὶς
1124 2724 1330 2799 [ιλ-47]
1363 2728 1421 2782 ὲν
1455 2729 1638 2794 αὐτοῖς
1670 2748 1839 2802 προσ-

258 2811 517 2882 ετετάχει
555 2816 801 2884 συνεχεῖς
838 2814 1142 2885 ἐπιδρομὰς
1182 2817 1277 2870 καὶ
1305 2817 1526 2889 ἐνέδρας
1568 2822 1840 2875 ποιεῖσθαι

259 2904 408 2956 κατὰ
434 2904 547 2957 τῶν
586 2903 897 2968 Βυζαντίων
928 2908 1198 2975 Λατίνων,
1224 2910 1300 2971 ῶς
1336 2910 1472 2981 μηδὲ
1507 2912 1842 2981 προκύπτειν

260 2997 361 3065 ἐᾷν
390 2996 441 3048 εί
474 2996 700 3050 δυνατὸν
732 2997 931 3061 αὐτοὺς
964 2999 1073 3051 τῶν
1104 3000 1321 3071 τειχῶν.
1357 3003 1423 3056 '0
1458 3002 1523 3070 δὴ
1565 3005 1703 3075 πρὸς
1749 3023 1841 3058 τοο

261 3087 474 3158 σαύτην
504 3089 672 3159 ηλασε
711 3092 836 3154 τοὺς
866 3092 1130 3155 Λατίνους
1162 3093 1376 3159 πενίαν,
1407 3096 1483 3158 ὡς
1514 3100 1580 3168 τῇ
1610 3098 1718 3152 τῶν
1749 3101 1838 3167 ξύ-

1950 1996 2142 2041 vectus
2166 2028 2180 2053 ,
2218 1987 2502 2043 castellum
2541 1996 2907 2058 cognomento
2958 1985 3163 2040 Galatae
3211 1985 3267 2039 in
3297 1985 3524 2041 adverso

1948 2079 2132 2134 littore
2169 2080 2331 2134 situm
2364 2078 2549 2149 primo
2578 2081 2947 2151 Oppugnavit,
2991 2078 3143 2149 quasi
3182 2079 3253 2131 ita
3306 2077 3523 2133 demum

1948 2171 2109 2227 facile
2130 2170 2409 2242 81Urhis
2442 2173 2735 2241 petiturus,
2759 2172 2803 2226 si
2837 2171 2969 2225 illud
2999 2172 3151 2240 prius
3176 2178 3520 2240 occupasset.

1947 2262 2052 2319 Sed
2083 2278 2161 2318 ea:
2188 2278 2314 2332 spes
2345 2263 2481 2318 nihil
2514 2263 2702 2333 utique
2732 2264 2878 2318 aliud
2911 2263 3133 2319 fuerunt
3164 2278 3325 2333 quam
3370 2277 3521 2315 som-

1946 2355 2034 2410 nia
2064 2355 2429 2419 vigilantium.
2490 2354 2626 2409 Nam
2657 2370 2781 2410 cum
2841 2356 2972 2410 illud
3021 2356 3300 2411 castellum
3336 2355 3520 2409 multis

1945 2447 2217 2503 machinis
2276 2462 2403 2501 saxa
2463 2445 2868 2517 ejaculantibus
2922 2446 3408 2507 circumdedisset.
3466 2458 3518 2501 et

1946 2540 2146 2596 multos
2201 2549 2431 2595 conatus
2491 2539 2852 2605 adhibuisset,
2909 2554 3103 2609 capere
3147 2548 3328 2595 tamen
3372 2539 3517 2594 haud

1944 2634 2142 2705 potuit.
2178 2633 2334 2690 Unde
2368 2634 2665 2707 Byzantina
2705 2648 2835 2704 agro
2871 2633 3097 2687 ﬁnitima
3128 2633 3350 2687 castella
3392 2648 3515 2684 tutt-

1944 2724 2117 2791 nivit;
2147 2734 2205 2780 et.
2230 2725 2432 2779 milites
2462 2725 2517 2778 in
2568 2726 2634 2780 iis
2664 2725 2905 2795 reliquit,
2936 2737 2997 2777 ea
3030 2724 3147 2793 lege
3179 2723 3425 2790 imposita
3460 2735 3520 2777 ut

1945 2816 2157 2873 crebris
2189 2817 2600 2871 incursionibus
2633 2825 2796 2885 atque
2819 2814 3034 2870 insidiis
3066 2813 3391 2886 Byzantinos
3417 2811 3521 2867 La-

1945 2911 2091 2967 tinos
2123 2910 2483 2977 intestarent,
2513 2926 2602 2976 ne,
2642 2910 2688 2964 si
2722 2908 2839 2964 fieri
2869 2917 3077 2979 posset,
3123 2907 3230 2961 illis
3272 2908 3357 2962 vel
3389 2923 3517 2977 pro-

1945 3003 2159 3074 spicere
2188 3012 2338 3058 extra
2401 3001 2601 3057 moenia
2655 3001 2866 3055 liceret.
2898 3000 3029 3066 Quze
3062 3014 3150 3053 res
3182 2997 3407 3054 Latinos
3449 3000 3523 3054 ad.

1944 3104 2146 3152 tantam
2177 3104 2475 3166 egestatem
2507 3093 2753 3163 redegit,
2791 3102 2852 3147 ut
2882 3093 2951 3146 ob
2978 3092 3247 3162 lignorum
3276 3090 3516 3160 inopiam

259 3179 372 3233 λων
424 3181 622 3235 σπάνει
669 3184 761 3236 καὶ
805 3184 905 3247 τὰς
962 3184 1056 3238 τοῦ
1098 3184 1393 3250 Βυζαντίου
1434 3188 1695 3256 πλείστας
1743 3194 1837 3246 καὶ
1866 3216 1909 3275 c

1866 3216 1909 3275 ϐ
1948 3186 2209 3257 plurimas
2238 3194 2291 3240 et
2316 3183 2712 3256 pulcherrimas
2736 3181 2889 3275 urbis
2912 3183 3056 3275 sedes
3087 3182 3426 3275 destruerent
3449 3182 3514 3238 ad

261 3277 586 3343 περιφανεῖς
611 3275 787 3338 οἰκίας
818 3275 1069 3331 καθελεῖν
1094 3278 1173 3341 εἰς
1201 3278 1445 3351 δαπάνην
1474 3281 1709 3352 χρειώδη
1739 3282 1834 3337 τοῦ
1881 3273 1892 3275 ⁷

1881 3273 1892 3275 ⁷
1945 3294 2103 3334 usum
2140 3277 2282 3349 ignis
2318 3275 2711 3331 necessarium.
2753 3273 2885 3329 Inde
2913 3273 3146 3328 Nicaeam
3172 3274 3355 3339 rediit,
3395 3290 3515 3351 quae

260 3364 459 3433 πυρός.
496 3362 777 3419 Ἐντεῦθεν
800 3368 858 3431 ἐς
877 3367 1115 3421 Νίκαιαν
1138 3367 1295 3433 αὖθις
1312 3371 1639 3441 ὑποστρέφει
1660 3390 1675 3406 ⁸
1700 3373 1841 3446 αὕτη

1835 3396 1841 3446 ι
1940 3380 2065 3441 post
2098 3369 2338 3441 Byzantii
2388 3369 2751 3424 vastationem
2802 3365 2952 3436 regia
2984 3365 3349 3421 Romanorum
3381 3364 3512 3431 fuit,

259 3455 375 3525 γὰρ
428 3456 673 3523 ἐγεγόνει
738 3457 1029 3528 Ῥωμαίων
1089 3458 1360 3529 βασίλειον
1418 3461 1557 3530 μετά
1607 3461 1707 3533 τὴν
1741 3463 1843 3534 τῆς

1309 3476 1360 3512 ον
1418 3461 1557 3530 μετά
1607 3461 1707 3533 τὴν
1741 3463 1843 3534 τῆς
1941 3463 2129 3536 ibique
2146 3462 2461 3533 aliquandiu
2490 3466 2864 3517 commoratus
2883 3468 2986 3515 est.

259 3544 591 3608 Βυζαντίδος
645 3545 937 3617 πόρθησιν,
990 3546 1086 3600 καὶ
1133 3542 1201 3617 ἧν
1251 3549 1368 3601 ἐκεῖ
1415 3548 1713 3620 διατρίϐων
1755 3551 1842 3620 ἔφ’

262 3635 478 3689 ἱκανόν.

335 3726 416 3782 E'.
459 3728 549 3781 Ἐν
586 3730 802 3791 τούτοις
836 3727 1020 3797 μέντοι
1052 3730 1163 3792 τοῖς
1187 3730 1403 3799 χρόνοις
1426 3729 1713 3795 διαϐάντες
1748 3732 1841 3786 καὶ

258 3821 353 3874 τὸν
386 3820 678 3891 Εὐφράτην
712 3823 761 3875 oi
805 3820 1009 3875 Σκύθαι
1040 3821 1139 3892 τὴν
1184 3822 1310 3891 ἄχρι
1356 3823 1721 3893 Παλαιστίνης
1762 3828 1838 3877 ol-

260 3911 536 3967 κειοῦνται
569 3913 767 3983 Συρίαν
795 3914 889 3966 καὶ
929 3913 1210 3983 Ἀραϐίαν.
1237 3914 1387 3982 Μηδὲ
1428 3915 1538 3982 γὰρ
1569 3911 1839 3969 εἶναιτῶν

259 4006 409 4060 raw
439 4006 636 4076 ῥᾳδίων
669 4006 838 4074 πέρας
867 4005 1168 4074 λαμϐάνειν
1197 4005 1295 4075 τὴν
1315 4005 1614 4076 ἀνθρώπων
1651 4006 1838 4061 πλεον.

261 4098 436 4162 εξίιαν.
492 4098 683 4168 μέχρις
712 4099 778 4152 ἂν
809 4099 1047 4169 ἐπιμένῃ
1079 4100 1146 4168 τῇ
1174 4097 1326 4168 δεξιᾷ
1354 4100 1449 4152 καὶ
1480 4101 1544 4168 τῇ
1575 4100 1745 4171 αἰχμῇ
1774 4100 1837 4153 τὸ

257 4191 546 4246 δύνασθαι.
573 4193 683 4244 Καὶ
712 4190 929 4253 πολλοῖς
953 4191 1071 4243 ἐκεῖ
1093 4192 1203 4253 τοῖς
1228 4190 1494 4259 λαφύροις
1518 4195 1838 4263 περιτυχόν-

258 4301 349 4347 τες
382 4281 697 4353 βριθούσαις
726 4283 1061 4353 ἐπανήκουσι
1085 4282 1307 4345 δεξιαῖς,
1332 4282 1533 4352 φόρους
1560 4286 1836 4353 ἐτησίους,

258 4377 360 4429 ὅσα
381 4376 480 4428 καὶ
507 4374 714 4435 δούλοις
739 4374 967 4439 ἀθλίοις,
994 4375 1255 4438 τάξαντες
1280 4378 1391 4436 τοῖς
1430 4376 1836 4443 ἐναπο).ειφθεῖ‹-

258 4481 345 4516 σιν
382 4463 593 4532 Ἀραψί
622 4480 680 4516 τε
720 4463 813 4516 καὶ
845 4464 1036 4533 Σύροις
1077 4465 1172 4515 καὶ
1208 4463 1428 4530 Φοίνιξι.
1463 4464 1619 4517 Κατὰ
1650 4467 1831 4535 μέντοι

1940 3803 1943 3807 η
2012 3739 2078 3793 ν.
2113 3741 2382 3795 Caeterum
2424 3738 2509 3792 his
2554 3736 2895 3805 temporibus
2933 3735 3166 3805 Scythae,
3200 3736 3363 3791 etiam
3403 3737 3513 3791 Eu-

1938 3833 2131 3902 phrate
2158 3837 2441 3898 superato,
2468 3826 2678 3897 Syriam
2699 3827 2765 3880 ad
2798 3824 3139 3880 Palaestinam
3165 3841 3333 3895 usque
3362 3830 3511 3881 subi-

1938 3931 2105 3993 gunt;
2140 3921 2267 3975 item
2298 3918 2573 3974 Arabiam.
2608 3915 2800 3985 Neque
2830 3914 2976 3969 enim
3012 3914 3238 3969 avaritia
3274 3914 3512 3969 humana

1936 4015 2095 4070 facile
2125 4010 2481 4081 conquiescit,
2517 4010 2646 4063 dum
2679 4008 2973 4062 conatibus
3027 4006 3241 4062 fortuna
3282 4022 3512 4077 respon-

1937 4107 2048 4159 det.
2102 4104 2177 4158 Ac
2230 4103 2433 4156 multas
2495 4099 2606 4155 illic
2649 4100 2936 4154 manubias
2973 4099 3119 4153 nacti
3151 4099 3371 4154 domum
3430 4114 3512 4153 reo

1936 4194 2104 4250 deum
2132 4192 2311 4264 plenis
2334 4190 2609 4253 manibus,
2653 4200 2775 4259 post
2807 4189 3075 4258 imperata
3107 4203 3287 4242 annua
3312 4189 3512 4243 tributa

1938 4286 2110 4357 Syris,
2146 4284 2417 4339 Arabibus
2445 4290 2498 4336 et
2550 4280 2927 4345 Phoenicibus,
2952 4280 3118 4334 veluti
3156 4280 3371 4335 miseris
3394 4283 3514 4349 qni—

1937 4379 2166 4433 busdam
2198 4374 2508 4443 mancipiis.
2548 4373 2705 4428 Anno
2745 4374 3020 4442 sequenti,
3047 4373 3293 4426 etiamin
3326 4372 3508 4425 Asiam

1936 4470 2073 4523 citra
2114 4467 2447 4536 Euphratem
2503 4466 2578 4531 (id
2638 4474 2720 4519 est
2747 4504 2763 4529 ,
2799 4464 2854 4518 in
2906 4465 3088 4518 Asiam
3124 4463 3410 4532 Minorem)
3446 4465 3515 4514 ir-

254 4559 315 4610 τδ
348 4557 503 4609 ἐπιὸν
533 4557 650 4619 ἔτος
686 4556 798 4627 (56)
828 4556 1168 4609 εἰσϐάλλουσι
1200 4556 1292 4609 καὶ
1335 4558 1390 4619 ἐς
1417 4557 1513 4627 τὴν
1548 4557 1693 4611 ἔνδον
1727 4558 1827 4612 Εύο
1866 4552 1912 4608 1)

1866 4552 1912 4608 D
1947 4568 2222 4629 rumpunt,
2256 4572 2487 4626 eamque
2527 4556 2748 4626 praedati
2782 4555 2941 4610 facile
2985 4556 3266 4624 subigunt,
3322 4554 3513 4609 limiti-

254 4650 466 4720 ςράτου
503 4650 687 4705 Ἀσίαν
719 4653 814 4705 καὶ
841 4652 1021 4703 πᾶσαν
1050 4648 1243 4719 ῥᾳδίως
1267 4651 1704 4720 καταστρέφουσι
1739 4654 1833 4705 καὶ

1943 4654 2045 4708 bus
2082 4650 2422 4706 excursionis
2468 4660 2524 4703 et
2563 4657 2737 4702 motus
2778 4648 2925 4702 illius
2975 4647 3288 4701 constitutis
3316 4661 3515 4699 versus,

1620 4792 1944 4856 Variorum
1981 4802 2173 4857 notae.

333 4915 450 4987 (5|)
486 4916 824 4987 Ephrznmius
850 4918 917 4971 de
949 4918 1212 4973 Arsenio:

327 4984 444 5041 Kal.
478 4984 655 5039 πᾶντα
691 4987 897 5056 βαθμὸν
932 4989 1136 5051 ἀνύσας
1175 4984 1524 5053 Ἐκκλησίας,

328 5059 436 5129 Εἰς
458 5056 591 5129 ὕψος
617 5058 757 5127 ἤρθη
792 5060 1183 5129 ποιμεναρχίας
1216 5057 1377 5129 μέγα.

332 5124 693 5197 Αὑθαιρέτως
722 5124 911 5181 τούτου
943 5129 999 5181 δὲ
1027 5124 1303 5187 λείποντος
1337 5124 1545 5195 θρόνον,

326 5199 484 5267 Μονῇ
510 5197 565 5249 δὲ
595 5197 757 5249 αύτὶν
784 5199 993 5265 εὐαγῶς
1016 5198 1328 5258 δεδωκότος,

331 5267 675 5336 Νικηφόρος,
705 5269 964 5337 πρόεδρος
994 5269 1068 5319 ὣν
1110 5268 1398 5337 Ἐφεσίων,

326 5334 634 5408 Προεδρίάν
662 5334 852 5408 εἴληφε
883 5340 979 5408 τῆς
1011 5336 1442 5390 Κωνσταντίνου.
1476 5334 1704 5389 Ουωτισ.

329 5406 467 5461 Vide
501 5407 713 5460 Arsenii
750 5406 1181 5463 Testamentum.
1220 5408 1424 5459 Bowm.

324 5478 441 5545 (5‘2)
482 5475 847 5545 Tranquillum
904 5495 968 5532 ac
1020 5477 1315 5532 solitariam
1362 5477 1523 5529 vitam
1586 5484 1821 5530 acturus.

258 5547 391 5601 Vide
413 5546 762 5617 Glossarium
803 5548 1080 5617 Dttcangii.
1124 5548 1329 5601 BotVtx.

327 5618 444 5684 (5⁸5)
476 5616 645 5684 Cujus
690 5616 1007 5672 monasterii
1070 5618 1205 5671 situs
1260 5618 1590 5672 describitur
1641 5633 1668 5671 a
1735 5616 1828 5669 Pn-

257 5690 506 5757 chymer.
540 5687 637 5739 lib.
671 5703 731 5747 ιι,
764 5703 883 5755 cap.
923 5688 1262 5742 15.11ccssc.

326 5758 442 5825 (5i)
480 5757 799 5823 Pachvtner.
834 5760 926 5813 lib.
966 5775 1025 5820 tt,
1064 5774 1183 5825 «ap.
1220 5758 1306 5813 16.
1340 5758 1578 5814 Ducssc.

326 5828 439 5897 (5.3)
476 5828 709 5895 Περαία,
742 5829 888 5896 παρὰ
920 5830 979 5881 τὸ
1018 5830 1212 5899 πέραν,
1238 5832 1378 5896 quod
1417 5844 1562 5882 mare
1600 5828 1826 5895 iutcrjrt-

1942 4928 2114 4972 ceret.
2179 4918 2415 4971 Vocatur
2470 4916 2635 4970 etiam
2699 4915 2863 4969 hodie
2929 4912 3089 4974 Pera,
3151 4924 3210 4968 ut
3265 4910 3505 4969 Joannes

1948 4988 2322 5050 Denschwam,
2377 4990 2460 5040 vir
2515 4986 2919 5045 ornatissimus,
2955 4984 3087 5039 mihi
3149 4983 3365 5050 retulit,
3414 4986 3506 5055 qui

1943 5057 2034 5111 ditt
2063 5068 2115 5113 et
2150 5056 2392 5127 Byzantii
2426 5057 2583 5122 vixit,
2617 5064 2672 5127 ct
2698 5056 2980 5127 Atnasiatn
3000 5068 3168 5123 usque
3187 5068 3511 5122 progressus

1938 5138 2055 5209 est:
2088 5137 2140 5181 et
2168 5123 2265 5209 hos
2319 5124 2899 5209 Byzantingehistoriae
2926 5123 3095 5209 libros
3152 5137 3348 5209 omnes
3377 5139 3502 5209 cum

1936 5198 2057 5252 aliis
2090 5198 2272 5251 multis
2337 5192 2601 5266 singulari
2630 5195 2895 5266 industria
2936 5202 3003 5247 et.
3040 5194 3222 5248 studio
3251 5192 3508 5260 iuvanda

1933 5267 2242 5337 reipublicm
2266 5265 2544 5321 litteraria:
2580 5265 2951 5337 comparavit:
2985 5271 3123 5337 etut
3153 5278 3183 5315 a
3226 5276 3312 5315 me
3359 5278 3500 5337 con-

1933 5331 2298 5400 verterentur,
2330 5346 2492 5404 atque
2524 5339 2575 5390 in
2611 5331 2884 5404 publicum
2919 5332 3253 5404 ederentur,
3291 5331 3503 5404 primus

1930 5418 2122 5460 auctor
2155 5407 2276 5460 fuit.
2335 5400 2623 5461 Ὄνου-ισοξ
2648 5436 2717 5448 -
2745 5403 2883 5458 Male
2918 5401 3175 5465 Wolﬁus,
3214 5400 3505 5457 Castellum

1877 5511 1882 5517 -
1928 5474 2146 5541 Pera’w,
2170 5488 2504 5547 cognomento
2528 5476 2755 5547 Galam.
2785 5471 3141 5547 'llspala__hoc
3166 5471 3294 5547 loco
3320 5472 3508 5547 adver-

1925 5563 2037 5599 sum
2065 5540 2212 5600 (illus
2229 5540 2540 5617 'signilicat.
2580 5546 2734 5611 Quod
2772 5544 2813 5617 si
2850 5540 3133 5597 castellum
3164 5541 3292 5617 illud
3318 5540 3503 5617 hodie

1926 5617 2064 5670 Pera
2127 5610 2349 5676 dicitur.
2389 5631 2496 5669 non
2536 5617 2741 5671 idcirco
2776 5612 3034 5679 Gregorae
3069 5612 3250 5665 verbis
3279 5611 3364 5664 vis
3417 5610 3500 5665 [-2-

1925 5688 2118 5739 cienda
2155 5697 2258 5740 est.
2321 5686 2528 5739 Botvm.
2555 5717 2622 5727 --
2650 5685 2762 5739 Τοῦ
2818 5682 3124 5737 Γαλάτου.
3177 5681 3499 5753 Pacbymer.

1928 5757 2021 5809 lib.
2057 5772 2115 5819 ιι,
2150 5772 2273 5825 cap.
2313 5755 2404 5809 ΞΟ.
2438 5756 2674 5811 Drama.

2000 5825 2111 5895 (56)
2154 5828 2254 5880 An.
2291 5826 2420 5881 Chr.
2451 5828 2610 5883 19.61.
2658 5828 2884 5881 DUCANG.
