4248 6444
272 353 384 421 213
529 354 581 426 [ι
647 370 694 409 c.
748 355 886 411 1259
928 373 992 409 AD
1035 355 1196 427 ηεξ]

1313 360 1753 423 ΒΥΖΑΝΤΙΝᾸΞ
1780 360 2165 424 IUSTOBL’E
2189 361 2337 425 LIB.
2367 363 2458 422 IV.

2576 354 2708 428 [ιιιρ.
2751 372 2896 413 uicn.
2936 356 3277 429 HLA-201.06.]

3418 363 3546 428 ΞΜ»

265 474 489 527 ουτικδν
509 475 602 526 καὶ
621 472 950 527 Θετταλικὸν
972 473 1179 527 ἔπαυσε
1204 475 1351 545 δόρυ,
1376 493 1475 544 την
1500 476 1681 546 μάχην
1706 493 1779 545 φη
1790 477 1849 543 μὶ
1877 477 1923 534 Α

1877 477 1923 534 Α
1956 486 2289 544 represserat
2315 476 2402 545 (de
2449 492 2624 547 pugna
2659 480 3003 532 Acarnanum
3039 488 3093 533 ct
3116 476 3422 533 .Etolorum
3460 480 3538 535 lo-

264 564 381 618 τῶν
407 581 466 616 τε
504 564 857 634 Ἀκαρνάνων
896 566 991 619 καὶ
1029 566 1307 633 Αἰτωλῶν,
1344 568 1441 619 καὶ
1481 568 1574 637 τῆς
1609 571 1855 638 πονηρᾶς

265 657 490 724 ἑκεένης
527 658 685 728 ῥίζης
732 658 894 711 πάλιν
938 658 1243 726 ύπεφύοντο
1292 662 1505 731 πονηρά
1557 667 1648 716 καὶ
1690 664 1855 717 ἅκαν-

268 749 418 820 θώδη
452 750 835 820 βλαστήματα,
878 751 971 804 καὶ
1003 751 1165 804 πάλιν
1195 752 1375 820 ὅρκων
1421 753 1729 822 ἀνατροπαὶ
1758 755 1853 806 καὶ

272 846 452 915 μάχαι
500 846 802 914 πολεμικαὶ
846 843 940 897 τοῦ
987 844 1297 898 ἀποστάτου
1340 844 1582 915 Μιχαὴλ.
1638 846 1853 914 Πέμπει

267 937 569 1005 τοιγαροῦν
585 938 727 991 κατὰ
746 937 908 1007 τάχος
933 934 1022 991 ἔπ’
1041 938 1249 991 ἐκεῖνον
1273 939 1301 990 ὁ
1323 935 1577 1007 βασιλεὺς
1598 938 1856 1008 Καίσαρα

268 1030 367 1082 τὸν
410 1029 916 1099 Στρατηγόπουλον,
963 1028 1089 1092 δοὺς
1128 1028 1280 1098 αὐτῷ
1324 1028 1419 1082 καὶ
1458 1027 1716 1091 Βιθυνοὺς
1756 1030 1855 1099 μὲν

269 1120 503 1183 ὀπλῖτσς
526 1119 721 1189 μικρὸν
741 1119 885 1189 ὑπὲρ
906 1120 1030 1182 τοὺς
1050 1120 1429 1187 ὀκτακοσίους,
1448 1120 1574 1184 τοὺς
1599 1120 1643 1173 δ’
1661 1118 1854 1185 ἄλλους

269 1211 507 1272 ὁπόσους
536 1212 569 1280 ή
593 1210 751 1278 χρεία
776 1208 989 1279 ζητοίη,
1015 1211 1477 1280 στρατολογήσειν
1509 1211 1674 1265 αὑτὸν
1701 1212 1765 1265 ἔκ
1793 1228 1854 1266 τι

270 1301 498 1373 Θρᾴκης
525 1304 616 1354 καὶ
630 1302 997 1367 Μακεδονίας.
1022 1303 1355 1372 Προστάττει
1372 1303 1416 1356 δ’
1440 1303 1588 1373 αὐτῷ
1604 1305 1695 1357 καὶ
1717 1304 1859 1375 πάρ-

273 1409 441 1464 εργον
471 1393 592 1445 ὀδοῦ
624 1393 955 1462 ποιήσασθαι
987 1394 1107 1465 μεθ’
1139 1387 1214 1447 ὧν
1254 1394 1583 1465 ἐπιφέρεται
1614 1395 1857 1449 Βιθυνῶν

273 1483 519 1535 ὁπλιτῶν
542 1483 640 1550 τὴν
668 1483 755 1536 διά
783 1484 894 1537 τῶν
914 1482 1007 1536 τοῦ
1036 1484 1335 1548 Βυζαντίου
1367 1488 1712 1554 προαστείων
1744 1488 1858 1543 διά-

274 1575 464 1640 ϐασιν,
500 1575 733 1646 θορύϐου
766 1577 910 1640 τινὸς
943 1577 1108 1633 ἕνεκα
1138 1578 1247 1632 τῶν
1288 1579 1345 1632 ἐν
1382 1577 1660 1649 Βυζαντίῳ
1695 1581 1859 1634 Λατί-

274 1686 387 1723 νων
421 1669 633 1724 καὶτοῦ
662 1672 739 1741 μὴ
768 1670 909 1725 πάνυ
937 1671 1219 1739 σχολάζειν
1264 1673 1464 1735 αὐτοὺς
1522 1674 1615 1727 καὶ
1657 1674 1860 1727 ἀναπε-

284 1762 569 1817 πτωκέναι
600 1766 1053 1835 συγκεχωρῆσθαι
1077 1766 1212 1820 κάπὶ
1240 1766 1491 1818 πλεῖστον
1517 1768 1624 1819 τῶν
1662 1767 1859 1837 τειχῶν

275 1850 600 1921 παρεξιέναι
626 1854 785 1905 δπὸτε
826 1854 1124 1923 βούλοιντο,
1168 1854 1282 1907 ἀλλ’
1310 1851 1449 1909 εἶναι
1477 1857 1744 1926 περιδεεῖς
1774 1857 1860 1911 ἀεὶ

277 1946 375 1997 καὶ
407 1941 518 1998 οἷον
547 1947 606 1996 ὲν
634 1946 824 2015 είρκτῇ
861 1950 1329 2018 φρουρουμένους.

352 2037 430 2091 B'.
466 2038 574 2092 Καὶ
601 2038 700 2107 μὲν
725 2037 791 2109 δὴ
816 2038 1359 2110 διαπεραιωσάμενος
1395 2042 1494 2114 τὴν
1525 2045 1862 2115 Προποντίδα

278 2132 312 2183 δ
349 2131 571 2202 Καῖσαρ
603 2130 1026 2200 στρατοπεδεύει
1063 2132 1191 2201 περὶ
1219 2132 1281 2186 τὸ
1319 2132 1541 2203 Ῥήγιον
1567 2152 1580 2165 ·
1614 2136 1743 2191 ἔνθα
1766 2156 1862 2192 πε-

281 2223 601 2293 ριτυγχάνει
627 2223 771 2276 τισὶν
801 2224 1083 2295 ἀγοραίοις
1110 2225 1337 2296 ἀνδράσι
1371 2227 1504 2298 (61),
1540 2227 1718 2297 λόγοις
1761 2248 1861 2300 με·

279 2316 472 2382 γάλοις
490 2316 584 2369 xai.
600 2316 932 2387 ἀπορρήτοις
946 2320 1047 2389 τῆς
1060 2319 1238 2373 πάντα
1253 2319 1560 2390 διωκούσης
1581 2322 1857 2391 προνοίας,

281 2413 321 2480 ἢ
348 2410 544 2479 πλήθει
574 2411 675 2480 μὲν
698 2412 866 2468 ῖππου
893 2417 988 2466 καὶ
1017 2414 1278 2484 στρατιᾶς
1309 2416 1407 2484 οὐχ
1440 2415 1706 2486 ὑπηρετεῖ
1734 2418 1862 2470 πολ-

281 2502 465 2569 λάκις,
498 2503 727 2575 βραχείᾳ
744 2505 800 2557 δέ
817 2522 925 2559 τινι
945 2505 1173 2573 δυνάμει
1196 2508 1290 2560 καὶ
1312 2507 1514 2577 πολλὴν
1532 2510 1650 2571 ταῖς
1676 2509 1861 2564 ἐλπίσι

282 2593 499 2662 τρυφὴν
526 2597 784 2664 χορηγεῖν
822 2597 921 2649 οὐκ
948 2597 1147 2668 ἐχούσῃ
1174 2598 1488 2669 συναίρεται
1520 2601 1723 2669 μᾶλλον
1767 2602 1862 2656 καὶ

282 2687 444 2749 νίκας
473 2688 740 2755 μεγίστας
775 2690 1098 2759 παρέχεται.
1133 2690 1256 2745 Τῶν
1288 2692 1389 2761 μὲν
1413 2692 1522 2763 γὰρ
1546 2692 1649 2761 τὴν
1671 2694 1862 2748 unum

282 2777 597 2845 κιϐδηλεύει
626 2779 697 2832 τά
742 2779 883 2833 ὅπλα
922 2780 1183 2844 πολλάκις
1214 2784 1307 2836 καὶ
1337 2785 1369 2853 ή
1409 2784 1509 2853 τῆς
1536 2785 1702 2854 άλλης
1731 2784 1861 2851 ῖσως

285 2868 649 2939 παρασκευῆς
673 2869 931 2939 ἀφθονία,
957 2871 1149 2943 [P.49]
1178 2877 1273 2928 καὶ
1295 2876 1396 2929 οὐκ
1424 2878 1487 2946 ἑᾷ
1516 2878 1715 2948 ῥᾳδίως
1748 2881 1862 2935 ἀνω

282 2961 554 3029 φέρεσθαι
608 2962 745 3031 πρὸς
773 2962 865 3015 τὸν
896 2964 1040 3034 ζωῆς
1071 2966 1168 3019 καὶ
1210 2967 1443 3022 θανάτου
1467 2967 1693 3039 Κύριον.
1726 2971 1863 3026 ἀλλά

283 3050 550 3119 κατασπᾷ
578 3051 676 3103 καὶ
699 3049 927 3119 βαρύνει
954 3053 1052 3106 καὶ
1071 3054 1200 3124 περὶ
1228 3054 1328 3123 τὴν
1356 3058 1459 3126 γῆν
1487 3058 1563 3121 ὡς
1589 3060 1659 3112 τὰ
1692 3060 1860 3115 πολλά

1957 569 2139 635 quor),
2172 582 2293 619 cum
2332 568 2486 620 unalue
2528 567 2672 620 illius
2699 566 2895 621 radicis
2920 568 3057 623 mala
3084 578 3141 623 et
3169 569 3388 638 spinosa
3413 586 3535 641 ger-

1959 657 2104 708 mina
2143 658 2567 724 repullularunt.
2615 658 2832 713 violatis
2874 675 3088 713 rursum
3124 658 3439 722 federihus.
3468 670 3525 714 et

1959 747 2099 801 bello
2127 748 2410 802 Michaelis
2466 749 2807 805 rebellatoris
2855 750 3078 818 perlldia
3111 751 3396 805 suscitato.
3427 750 3538 805 lin-

1957 850 2177 907 perator
2210 840 2369 911 igitur
2397 843 2646 897 celeriter
2694 842 2957 899 adversus
3006 842 3157 896 illum
3214 846 3379 899 mittit
3420 843 3538 898 Cae-

1957 948 2136 989 sarem
2193 935 2652 1006 Strategopulum,
2676 936 2928 1009 Bithynis
2965 937 3041 993 illi
3105 938 3324 1006 paulum
3370 953 3533 1008 supra

1957 1040 2085 1079 accc
2111 1026 2259 1080 datis
2291 1043 2307 1081 :
2337 1027 2577 1097 reliquos
2610 1030 2811 1086 milites
2835 1068 2852 1093 ,
2880 1039 3145 1101 quotquot
3175 1044 3263 1086 res
3295 1031 3536 1100 postula-

1962 1125 2065 1180 ret,
2104 1132 2133 1169 e
2185 1116 2415 1171 Thracia
2446 1128 2502 1172 et
2546 1117 2857 1173 Macedonia
2894 1134 3087 1189 cogere
3112 1121 3288 1192 jubet.
3316 1120 3536 1178 Mandat

1958 1208 2151 1273 etiam,
2176 1220 2237 1264 ut
2267 1224 2391 1264 cum
2421 1209 2673 1281 Bithynis
2713 1211 2983 1267 militibus
3012 1213 3192 1268 obiter
3222 1228 3319 1283 per
3347 1215 3538 1269 subur-

1958 1298 2044 1353 bia
2092 1299 2334 1369 Byzantii
2366 1302 2645 1368 transiret,
2698 1304 2764 1358 ad
2798 1303 3023 1360 Latinos
3071 1304 3165 1374 qui
3198 1304 3255 1358 in
3287 1306 3420 1359 urbe
3450 1320 3538 1359 es-

1957 1400 2079 1447 sent
2138 1392 2484 1463 aliquatenus
2537 1396 2964 1464 perturbandos,
3000 1412 3071 1452 ne
3100 1413 3324 1466 prorsus
3364 1398 3536 1453 otium

1959 1497 2119 1552 agerc
2153 1493 2210 1538 et
2240 1484 2448 1540 resides
2479 1501 2604 1541 esse
2631 1488 2973 1555 sinerentur,
3015 1498 3111 1544 aut
3137 1490 3352 1561 longius
3384 1499 3536 1545 extra

1960 1572 2165 1627 mcenia
2212 1573 2428 1642 quaties
2486 1575 2701 1630 libitum
2752 1585 3313 1648 essctevagarentur;
3345 1579 3439 1634 sed
3480 1578 3536 1633 in

1962 1674 2229 1734 perpetuo
2276 1673 2423 1722 metu
2467 1682 2687 1734 essent,
2728 1678 2783 1723 ct
2818 1680 3075 1733 tanquam
3121 1671 3173 1724 in
3205 1685 3429 1727 carcere
3458 1671 3538 1724 in-

1961 1757 2118 1813 clusi.

2037 2032 2102 2088 ll.
2137 2031 2323 2103 Itaque
2358 2033 2540 2088 Caesar
2569 2033 2904 2105 PrOpontide
2932 2038 3181 2103 trajecta,
3232 2039 3535 2109 castrisque

1962 2126 2113 2183 circa
2144 2125 2413 2196 Rhegium
2446 2128 2637 2196 positis
2657 2169 2671 2193 ,
2699 2128 2753 2182 in
2784 2127 3249 2184 circumforaneae
3268 2129 3532 2199 quosdam

1965 2215 2215 2271 homines
2256 2214 2444 2269 incidit
2469 2254 2482 2275 .
2514 2230 2711 2283 magno
2760 2230 3068 2285 arcanoque
3108 2227 3306 2271 cuncta
3336 2219 3538 2288 guber-

1963 2309 2147 2363 nantis
2168 2307 2529 2363 Providenliue
2558 2307 2792 2362 consilio
2815 2346 2831 2369 .
2864 2324 2986 2380 quae
3019 2324 3163 2379 saepe
3198 2309 3532 2366 multitudini

1962 2416 2228 2471 equorum
2254 2410 2305 2455 et
2336 2400 2675 2456 exercituum
2703 2416 2811 2455 non
2842 2402 3118 2456 subservit
3144 2419 3158 2468 ;
3198 2402 3413 2473 exiguis
3437 2420 3535 2458 au-

1965 2502 2075 2548 tem
2130 2492 2361 2555 viribus,
2422 2507 2542 2562 qua:
2574 2508 2728 2562 spem
2782 2507 2889 2546 non
2939 2492 3234 2549 admodum
3278 2494 3534 2550 blandam

1962 2594 2263 2656 suggerunt
2287 2626 2302 2649 ,
2334 2586 2507 2655 magis
2546 2585 2700 2641 adest
2735 2586 3103 2655 maximasque
3134 2588 3389 2643 victorias
3427 2588 3538 2643 lar-

1960 2679 2129 2751 gitur.
2160 2678 2295 2732 Nam
2334 2677 2548 2731 illorum
2582 2675 2801 2746 quidem
2842 2691 2993 2746 spem
3024 2693 3174 2733 arma
3201 2694 3345 2748 saepe
3369 2688 3424 2735 et
3452 2694 3538 2733 re-

1962 2772 2093 2842 liqui
2122 2782 2419 2842 apparatus
2466 2770 2784 2842 magnitudo
2821 2770 3164 2835 adulteram,
3201 2770 3315 2841 84
3337 2779 3393 2825 et
3416 2786 3538 2825 sur-

1963 2879 2083 2919 sum
2114 2864 2241 2919 ferri
2274 2881 2385 2919 non
2416 2864 2607 2918 sinunt
2636 2864 2701 2918 ad
2750 2864 2871 2919 vita?
2894 2864 3156 2932 necisque
3202 2863 3494 2918 Dominum
3518 2905 3536 2927 ,

1962 2959 2057 3014 sed
2091 2959 2239 3029 grati
2260 2958 2494 3027 quodam
2519 2956 2761 3027 pondere
2786 2957 3042 3012 deorsum
3067 2972 3312 3027 pressam
3332 2957 3535 3011 versari

1965 3050 2111 3105 humi
2167 3050 2485 3119 plerumque
2533 3056 2756 3119 cogunt.
2800 3048 3005 3104 Contra
3052 3049 3243 3103 horum
3280 3048 3534 3104 ﬁduciam

284 3140 658 3194 καλινδεῖσθαι
704 3140 980 3211 βιάζεταιο
1011 3144 1122 3197 τῶν
1152 3145 1208 3198 δὲ
1256 3148 1566 3203 τούναντίον
1596 3152 1629 3219 ἠ
1663 3152 1858 3216 σπάνις
1890 3168 1933 3230 c

1855 3170 1858 3204 τ
1890 3168 1933 3230 c
1966 3142 2191 3214 penuria
2244 3157 2427 3196 rerum
2462 3140 2901 3197 necessariarum
2932 3141 3326 3210 expeditiorem
3380 3141 3532 3205 facit.

283 3231 398 3285 τῶν
416 3231 734 3299 ἀναγκαίων
752 3235 1118 3305 κουφοτέρους
1143 3240 1289 3290 ποιεῖ
1315 3241 1406 3291 καὶ
1426 3235 1538 3294 οἷον
1557 3242 1674 3297 aio:
1685 3245 1865 3314 ροδρο-

289 3326 415 3393 μεῖν
439 3342 498 3378 τε
533 3324 834 3393 ἀναγκάζει
865 3328 959 3379 καὶ
982 3327 1311 3399 θερμότερον
1340 3331 1439 3401 τὴν
1464 3332 1668 3389 ἀνωθεν
1700 3338 1864 3390 ἐκκα-

284 3415 500 3468 λεῖσθαι
525 3416 725 3480 δεξιάν.
750 3417 831 3471 Δι’
852 3418 986 3472 αὐτό
1014 3436 1077 3487 γε
1109 3420 1216 3490 μὴν
1244 3421 1401 3475 τοῦτο
1426 3426 1522 3478 καὶ
1548 3425 1737 3482 πολλοὶ
1761 3447 1863 3499 με·

286 3508 435 3574 γάλα
479 3508 804 3571 ἐλπίσαντες
851 3510 1165 3564 τούναντίον
1213 3514 1246 3580 ἢ
1300 3514 1442 3568 κατὰ
1488 3517 1587 3581 τάς
1643 3518 1864 3585 ἐλπίδας

285 3600 636 3669 ἀπήλλαξαν.
677 3603 895 3672 Ἔτεροι
931 3603 987 3657 δὲ
1013 3603 1082 3656 δι’
1107 3605 1341 3674 ἀπορίαν
1371 3608 1465 3660 καὶ
1487 3609 1695 3664 ἑαυτῶν
1725 3614 1864 3667 ἀπο-

284 3693 513 3758 γνόντες
547 3694 826 3763 τροπαίων
854 3695 1125 3763 μεγίστων
1154 3699 1434 3768 ἐπέτυχον.
1475 3700 1606 3755 Ἰδοὺ
1630 3703 1737 3774 γὰρ
1763 3705 1863 3759 κάν

284 3782 367 3851 τῷ
420 3783 651 3853 παρόντι
696 3784 934 3853 βασιλεῖς
966 3786 1075 3839 τῶν
1103 3786 1273 3855 τριῶν
1304 3789 1405 3841 οὐκ
1440 3788 1699 3854 ἐλάττους
1739 3795 1867 3848 πολ-

285 3874 413 3933 λαῖς
468 3876 730 3938 πολλάκις
787 3876 993 3944 χιλιάσι
1047 3878 1281 3948 στρατοῦ
1334 3880 1734 3949 προσϐαλόντες
1793 3889 1860 3957 τῇ

286 3966 704 4021 Κωνσταντίνου
734 3968 1005 4035 ἄπρακτοι
1034 3971 1328 4040 ἐπανῆκον,
1360 3973 1482 4027 οὐδὲ
1511 3978 1625 4039 τοῖς
1660 3977 1863 4048 τείχεσι

288 4058 552 4127 καθαρῶς
589 4059 907 4129 δυνηθέντες
940 4062 1184 4129 ἐγγίσαι.
1233 4064 1397 4117 Ἀλλά
1428 4065 1629 4137 ταύτην
1659 4069 1687 4121 ὁ
1724 4072 1865 4123 Καῖ-

291 4166 400 4219 σαρ
428 4145 570 4202 εἷλεν
598 4152 967 4220 αἰχμάλωτον,
1002 4152 1126 4222 μηδ’
1158 4154 1285 4224 ἄχρι
1318 4155 1550 4223 χιλιάδος
1586 4158 1715 4226 μιᾶς
1751 4158 1863 4229 (6‘2)

286 4243 634 4311 ἑπαγόμενος
665 4244 1002 4313 στράτευμα,
1034 4244 1170 4314 μηδὲ
1191 4246 1388 4316 τειχῶν
1409 4247 1746 4317 ἀμυντήριον
1774 4249 1867 4320 δρε-

287 4349 458 4399 γανον
481 4333 651 4395 οὐδὲν,
686 4333 820 4403 μηδὲ
844 4334 1250 4404 μηχανημάτων
1271 4335 1426 4407 ὄχλον
1442 4338 1704 4405 ὁντινοῦν,
1729 4341 1863 4394 ἀλλά

292 4426 433 4496 μόνῃ
463 4429 533 4495 τῇ
566 4426 689 4498 θείᾳ
729 4428 1019 4499 ἐπικουρία
1046 4429 1108 4483 τδ
1149 4431 1258 4484 πᾶν
1284 4432 1612 4503 ἀναρτήσας.
1646 4430 1769 4487 Είλε
1808 4435 1863 4490 δι

291 4532 490 4579 ουτως.

362 4607 439 4662 Γ.
489 4608 643 4661 Ἐπεὶ
663 4607 771 4679 γάρ
794 4610 905 4673 τοῖς
935 4609 1192 4680 ἀνδράσιν
1224 4612 1452 4676 ἐκείνοις
1481 4615 1508 4667 ό
1542 4614 1751 4686 Καῖσαρ
1775 4619 1864 4673 ἒν-

290 4700 475 4771 έτυχε,
525 4699 814 4769 Ῥωμαίοις
863 4698 965 4770 μὲν
1010 4696 1129 4754 οὖσι
1172 4702 1232 4753 τὸ
1272 4703 1453 4771 γένος,
1490 4705 1780 4776 αὐτόχθοσι
1806 4709 1863 4763 δὲ

290 4796 938 4859 Ιίωνσταντινουπόλεως,
986 4797 1127 4849 κατὰ
1178 4796 1235 4849 δὲ
1284 4798 1473 4865 χρείαν
1517 4800 1723 4864 άλιυνος
1771 4802 1865 4856 xui.

291 4887 527 4958 καρπῶν
546 4885 809 4955 συλλογῆς
827 4885 931 4950 ἔξω
951 4885 1324 4955 διαιτωμένοις
1338 4888 1434 4955 τῆς
1454 4888 1679 4955 πόλεως,
1704 4892 1869 4961 ἤρετο

294 4979 428 5051 περί
460 4997 518 5033 τε
542 4979 641 5048 τῆς
666 4978 774 5032 τῶν
806 4978 1051 5032 Λατίνων
1080 4977 1360 5046 δυνάμεως
1394 4980 1491 5047 ὅση
1528 4981 1620 5032 καὶ
1641 4981 1747 5045 οἶα,
1776 4982 1869 5035 καὶ

300 5086 366 5119 πε
378 5071 430 5136 pl.
460 5069 600 5121 ὅσων
626 5067 803 5122 ἄλλων
825 5068 971 5129 είκδς
991 5062 1058 5136 ἦν
1076 5066 1539 5135 περιεργάζεσθαι
1562 5069 1871 5141 στρατηγὸν

294 5162 465 5230 ἀνδρα
512 5159 606 5213 καὶ
640 5158 849 5211 πολλῶν
884 5157 1228 5228 ὀλυμπιάδων
1261 5160 1518 5214 τοιούτων
1551 5162 1765 5230 μεστόν.
1807 5163 1871 5215 Ol

1966 3248 2031 3289 ac
2055 3233 2449 3303 propemodum
2478 3234 2543 3287 ad
2576 3234 3003 3300 percurrendum
3037 3234 3235 3290 ccelum
3264 3233 3493 3305 impellit
3517 3274 3534 3297 ,

1964 3334 2019 3379 et
2050 3325 2118 3379 ad
2148 3339 2439 3394 supernam
2489 3323 2766 3378 dexteram
2814 3325 2955 3379 votis
2981 3325 3384 3381 ardentioribus
3407 3340 3538 3380 evo-

1965 3415 2216 3471 candam.
2244 3413 2383 3468 llinc
2413 3424 2496 3470 est
2534 3414 2679 3483 quod
2722 3414 2874 3468 multi
2917 3430 3111 3484 magna
3140 3429 3237 3483 spe
3268 3425 3534 3486 concepta

1964 3507 2301 3563 contrarium
2354 3522 2418 3560 ac
2449 3516 2807 3576 speraverant
2837 3507 3201 3576 experiuntur
3231 3524 3245 3561 :
3285 3506 3377 3562 alii
3402 3521 3535 3563 vero

1963 3616 2029 3656 ex
2057 3601 2283 3655 summis
2306 3599 2591 3670 angustiis,
2617 3615 2740 3654 cum
2763 3599 2831 3654 de
2856 3614 2917 3653 se
2948 3598 3081 3669 ipsis
3105 3600 3491 3670 desperassent
3516 3640 3535 3665 ,

1965 3694 2229 3748 maximos
2254 3691 2561 3761 triumphos
2592 3700 2723 3746 sunt
2742 3692 2946 3760 adepti.
2977 3690 3116 3746 Ecce
3145 3692 3290 3748 enim
3326 3692 3378 3745 in
3400 3706 3536 3760 pras-

1966 3784 2109 3839 senti
2151 3783 2373 3854 negotio
2427 3798 2535 3837 non
2583 3784 2767 3838 minus
2800 3799 2962 3853 quam
3014 3793 3129 3840 tres
3176 3786 3534 3854 imperatores

1966 3888 2090 3927 cum
2126 3873 2309 3927 multis
2329 3886 2470 3940 szepe
2502 3872 2781 3925 hominum
2809 3871 3050 3926 millibus
3073 3869 3538 3940 Constantinopo-

1967 3966 2061 4019 lim
2104 3964 2345 4035 aggressi
2393 3978 2452 4018 re
2505 3962 2703 4016 infecta
2738 3962 3133 4023 discesserunt.
3173 3978 3298 4017 eum
3333 3977 3434 4016 nec
3469 3962 3535 4017 ad

1967 4057 2082 4126 ipsa
2141 4056 2342 4110 inmnia
2400 4055 2626 4125 propius
2656 4054 2916 4109 accedere
2958 4054 3221 4109 licuisset.
3256 4053 3325 4108 At
3354 4052 3537 4108 Caesar

1965 4148 2213 4205 eamdem
2274 4148 2441 4217 cepit,
2475 4162 2598 4201 cum
2653 4161 2724 4199 ne
2778 4146 2926 4200 mille
2979 4146 3199 4214 quidem
3248 4146 3533 4200 hominum

1966 4240 2266 4296 exercitum
2298 4240 2727 4302 adduceret,nec
2753 4238 2920 4293 ullum
2948 4248 3278 4293 tormentum
3302 4238 3533 4303 murale.

1966 4346 2068 4385 nec
2124 4330 2492 4386 machinarum
2524 4330 2735 4399 copiam
2781 4339 3024 4399 paratam
3064 4329 3310 4392 haberet,
3351 4314 3446 4384 sed
3469 4330 3536 4383 ad

1967 4422 2137 4477 solam
2157 4422 2395 4476 divinam
2427 4437 2587 4491 opem
2613 4422 2793 4476 omnia
2823 4422 3118 4477 retulisset.
3164 4419 3322 4489 Cepit
3348 4430 3537 4476 autem

1899 4515 1941 4570 D
1971 4513 2074 4568 hoc
2114 4515 2294 4568 modo.

2044 4604 2128 4658 Ill.
2156 4604 2289 4660 Cum
2322 4606 2377 4659 in
2412 4604 2533 4659 illos
2568 4605 2715 4658 viros
2746 4603 3051 4665 incidisset,
3093 4618 3292 4673 genere
3333 4605 3538 4660 Roma-

1972 4712 2094 4763 nos,
2122 4696 2595 4766 Constantinopoli
2627 4710 2753 4750 vero
2805 4705 2982 4757 natos,
3017 4696 3106 4764 qui
3158 4699 3228 4748 ob
3263 4711 3376 4751 rem
3426 4695 3541 4750 l'ru-

1970 4791 2291 4845 mentariam
2333 4801 2389 4845 et
2430 4789 2853 4860 colligendorum
2900 4788 3178 4843 fructuum
3209 4803 3374 4845 causa
3406 4787 3541 4843 foris

1970 4892 2215 4955 agerent,
2255 4883 2463 4953 rogavit
2490 4897 2607 4945 eos,
2636 4882 2826 4950 quales
2855 4890 2911 4935 et
2944 4891 3163 4951 quantae
3185 4891 3370 4937 essent
3394 4881 3541 4935 Lati—

1972 4991 2163 5031 norum
2194 4975 2358 5037 vires,
2394 4984 2449 5028 et
2482 4973 2583 5027 alia
2613 4988 2729 5044 qua:
2768 4990 2864 5043 par
2897 4984 3015 5029 erat
3048 4973 3317 5029 curiosius
3354 4974 3541 5027 scisci-

1973 5068 2071 5123 tari
2102 5067 2440 5120 exercituum
2483 5064 2698 5129 ducem,
2734 5066 2922 5119 harum
2960 5080 3140 5119 rerum
3189 5080 3289 5119 usu
3339 5065 3543 5118 instru-

1974 5160 2301 5215 ctissimum.
2342 5157 2403 5211 Ili
2442 5172 2568 5210 vero
2616 5171 2738 5211 cum
2780 5157 3095 5211 Latinorum
3150 5156 3333 5226 iugum
3383 5158 3541 5228 longo

1664 5300 1990 5364 Variorum
2032 5308 2222 5360 noue.

374 5435 488 5504 (ﬁl)
525 5434 629 5499 Qui
689 5450 748 5489 se
793 5436 1244 5505 Θεληματαρίους
1299 5433 1666 5503 appellabant,
1720 5437 1863 5503 quod

299 5521 399 5559 nec
436 5506 662 5574 Francis
690 5520 790 5559 nec
808 5505 1008 5559 Graecis
1036 5507 1260 5559 omnino
1282 5514 1557 5574 parerent,
1589 5505 1680 5557 sed
1712 5516 1868 5573 gente

301 5574 475 5628 Grzcci
515 5593 580 5629 ac
609 5573 1080 5644 Constantinopoli
1111 5578 1243 5638 nati,
1288 5573 1420 5627 ruri
1452 5574 1710 5641 degentes
1766 5590 1864 5629 sua

302 5646 544 5698 colerent
566 5644 791 5713 prandia,
822 5649 894 5699 uti
928 5647 1104 5698 innuit
1132 5644 1554 5712 idemGregoras
1578 5661 1590 5695 :
1618 5644 1697 5696 sic
1718 5644 1862 5697 enim

304 5715 649 5782 appellantur
674 5731 703 5767 a
745 5717 1072 5783 l'achymcre
1107 5717 1197 5768 lib.
1254 5732 1314 5777 ιι,
1358 5729 1478 5781 cap.
1514 5714 1599 5774 M,
1661 5714 1863 5776 16,17.

302 5784 623 5856 Anenymus
646 5802 749 5839 ms.
779 5785 849 5839 De
870 5787 1015 5839 bellis
1044 5784 1370 5840 Frum'ornm
1396 5786 1641 5837 inMorea
1658 5799 1676 5835 :
1700 5784 1863 5848 Ἐνας

1977 5435 2103 5506 λαὸς
2137 5436 2431 5506 ἀκέφαλος,
2461 5435 2555 5506 ὅλη
2591 5436 2990 5506 θεληματάρος.
3026 5433 3253 5506 Ducam.

2050 5504 2162 5574 (62)
2201 5502 2553 5573 Oetingentos'
2577 5502 2839 5560 duntaxat
2868 5504 3029 5559 fuisse
3061 5504 3196 5558 infra
3217 5503 3315 5557 ait.
3336 5502 3541 5558 Phraa-

1976 5593 2068 5631 zes
2111 5576 2202 5629 lib.
2236 5592 2272 5640 ι,
2306 5590 2426 5644 cap.
2459 5576 2515 5638 4,
2541 5578 2754 5645 equites
2788 5575 3010 5629 circiter
3040 5574 3387 5645 octingentos
3411 5586 3540 5645 eum

1974 5647 2134 5714 globo
2162 5642 2678 5715 pedituiiiﬂhahuisse
2705 5643 3378 5715 Strategopuluutscribit.
3410 5642 3545 5697 Vide

1977 5713 2117 5771 Hist.
2147 5714 2630 5787 FrancovByzant.,
2664 5716 2757 5770 lib.
2790 5734 2840 5780 ν,
2870 5713 2990 5785 cap.
3028 5715 3116 5769 '24.
3154 5713 3381 5768 Ducam.
