4248 6444
691 409 799 474 275
940 407 1016 478 [ι.
1057 423 1118 462 ι.
1159 407 1298 462 6768
1340 424 1404 460 ΔΙ)
1448 406 1609 480 6791]

1869 412 2297 477 NICEPHORI
2336 412 2719 475 GREGOILE

2985 410 3120 482 (tur.
3166 429 3313 468 IllCll.
3361 411 3702 484 nummos]

3845 417 3958 481 276

693 518 898 578 lescere
917 565 932 588 ,
964 539 1169 593 eosque
1213 533 1272 578 ut
1302 524 1689 580 imbecilliores
1719 534 2073 580 contemnere
2101 541 2284 594 cmpe-
2312 536 2358 594 Α

2312 536 2358 594 Α
2392 527 2536 595 πέρα
2582 529 2956 595 φρονήσαντες
3010 528 3103 579 τοῦ
3139 529 3365 599 μετρίου
3394 529 3828 598 κατεπαίρεοθαι
3857 531 3963 599 ἦρ-

695 624 846 668 runt.
891 616 967 668 Ac
1006 615 1224 668 tandem
1257 617 1450 683 aliquis
1499 615 1656 686 135
1701 617 1772 673 ob
1806 632 2008 686 paucos
2050 625 2270 670 autum-

697 705 847 758 nales
874 704 1082 761 fruetus
1123 707 1235 758 rixa
1283 722 1404 758 eum
1451 708 1683 774 quodam
1742 719 1881 768 orta.
1925 724 2054 762 ense
2107 725 2267 776 quam

702 796 878 864 lingua
915 798 1238 866 promptior,
1276 801 1457 852 statim
1490 801 1761 854 hominem
1804 801 2085 855 interfit-it.
2112 800 2268 866 Qnod

700 887 911 940 facinus
937 903 1060 942 cum
1096 892 1390 958 imperator
1433 894 1715 956 audiissel,
1743 909 1851 947 non
1891 904 1947 948 at
1980 895 2273 948 uninseae-

702 980 824 1034 dem
856 981 1094 1050 neglexit
1130 1001 1142 1036 :
1175 983 1269 1036 sed
1313 983 1384 1036 ita
1412 987 1613 1039 exarsit
1643 996 1693 1038 et
1722 996 2027 1039 commotus
2067 997 2170 1046 est.
2207 1001 2271 1039 ac

697 1071 747 1133 ei
779 1081 886 1125 tota
919 1074 1112 1128 civitas
1145 1090 1357 1137 eversa,
1392 1087 1446 1129 et
1479 1078 1824 1145 imperatoria
1873 1079 2125 1147 majestas
2160 1078 2274 1131 vio-

707 1163 810 1216 lata
849 1174 1015 1229 esset,
1045 1167 1337 1234 statimque
1377 1169 1622 1222 exercitu
1667 1185 1858 1224 onmes
1889 1186 2076 1242 eorum
2131 1172 2274 1224 mles

703 1256 892 1309 cinxit.
939 1255 1188 1311 Nondum
1231 1260 1374 1312 enim
1413 1277 1690 1314 murorum
1729 1262 2058 1316 munitiones
2107 1262 2275 1316 habe.-

703 1348 851 1410 bant,
899 1366 997 1403 nec
1046 1351 1234 1404 urbem
1272 1367 1392 1419 quae
1427 1368 1547 1405 eum
1583 1354 1742 1406 vellet
1795 1353 2123 1422 imperatrici
2159 1356 2276 1408 urbi

703 1440 1104 1495 adversaretur.
1145 1443 1218 1497 Ac
1251 1443 1481 1498 fortasse
1516 1453 1629 1497 tum
1675 1444 1922 1497 funditus
1966 1446 2276 1513 periissem,

705 1535 806 1586 nisi
848 1534 1140 1588 miserabili
1183 1537 1390 1599 habitu,
1426 1538 1565 1590 ultro
1605 1537 1771 1592 multa
1804 1537 1903 1606 ipsi
1937 1538 2038 1591 sibi
2073 1538 2280 1601 irroga-

709 1639 787 1690 ta,
830 1628 1102 1697 supplices
1134 1645 1255 1683 sese
1302 1631 1482 1683 statim
1511 1631 1576 1683 ad
1605 1631 1772 1699 pedes
1800 1633 2144 1699 imperatoris
2191 1629 2284 1683 ab—

699 1722 985 1788 jceissent,
1017 1733 1185 1789 atque
1215 1722 1287 1775 ita
1321 1723 1530 1777 veniam
1566 1729 1966 1792 impetrassent.

2378 617 2538 683 ξαντο
2576 618 2869 686 Ῥωμαίων
2899 619 2993 671 καὶ
3022 622 3374 688 περιφρονεῖν
3405 621 3480 680 ὡς
3506 620 3962 685 ἀσθενεστέρους.

2373 708 2512 776 Ἤδη
2549 708 2604 760 δέ
2633 726 2717 771 τις
2773 713 2868 763 καὶ
2925 711 3261 778 φιλονεικίαν
3311 711 3433 764 τινὰ
3470 712 3595 763 καθ’
3628 711 3745 770 ἑνός
3807 728 3958 771 τινος

2370 801 2643 870 ἀράμενος
2675 801 2813 872 ὑπὲρ
2850 804 3108 872 βραχείας
3135 803 3356 873 ὀπώρας
3377 803 3802 873 προχειρότερον
3822 803 3956 871 ἔσχε

2372 895 2432 947 τὸ
2464 896 2614 962 ξίφος
2649 896 2743 964 τῆς
2776 897 3023 967 γλώττης
3060 898 3154 950 καὶ
3186 900 3527 967 παραχρῆμα
3554 897 3644 949 τὸν
3667 897 3966 964 ἄνθρωπον

2378 986 2474 1038 τοῦ
2508 987 2623 1056 βίου
2655 986 2953 1056 ἀπήλλαξε.
2979 988 3151 1041 Τοῦτο
3185 990 3439 1056 ἀκηκοὼς
3494 992 3522 1042 ό
3580 988 3834 1058 βασιλεὺς
3861 989 3964 1056 οὐχ

2379 1081 2454 1142 ὡς
2483 1080 2600 1142 ἑνὸς
2635 1081 2994 1150 φονευθέντος
3046 1083 3106 1135 τὸ
3162 1084 3395 1152 πρᾶγμα
3428 1082 3806 1150 παρέδραμεν,
3841 1083 3962 1134 αλλ’

2380 1174 2454 1234 ὡς
2482 1173 2610 1242 ὅλης
2644 1173 2850 1235 πόλεως
2882 1175 3365 1243 καταστραφείσης
3399 1175 3492 1226 καὶ
3523 1173 3617 1226 τοῦ
3673 1171 3966 1243 βασιλικοῦ

2381 1266 2872 1336 περιφρονηθέντος
2928 1267 3187 1336 κράτους,
3251 1266 3425 1327 οὓτως
3482 1267 3729 1335 ἐζήλωκε
3757 1283 3813 1317 τε
3863 1263 3966 1315 καὶ

2379 1358 2630 1425 διανέστη
2654 1372 2669 1387 ⁶
2709 1360 2801 1409 καὶ
2855 1357 2954 1425 τὴν
2990 1357 3254 1426 ταχίστην
3302 1358 3610 1426 περιήγαγε
3638 1356 3696 1407 τὸ
3727 1355 3963 1423 στρατόο

2382 1449 2540 1500 πεδον
2593 1449 2722 1518 περὶ
2767 1449 2948 1510 πάσας
3003 1450 3183 1503 αὐτῶν
3228 1449 3326 1512 τὰς
3368 1450 3571 1512 οἰκίας.
3623 1448 3788 1501 υῦπω
3855 1448 3967 1516 γάρ

2386 1557 2535 1608 σφισι
2571 1542 2766 1609 τειχῶν
2784 1542 3120 1612 ὀχυρώματα
3151 1539 3218 1612 ἦν
3249 1545 3341 1595 καὶ
3370 1544 3523 1604 πόλις
3558 1544 3636 1605 εἰς
3666 1541 3970 1595 ἀντίπαλον

2383 1637 2544 1688 ὁκότε
2583 1635 2829 1704 βούλοιτο
2862 1635 3240 1706 καθισταμένη
3300 1639 3368 1705 τῇ
3400 1635 3763 1706 βασιλευούσῃ
3793 1647 3807 1662 ⁸
3863 1635 3966 1687 καὶ

2385 1725 2504 1795 τάχ’
2535 1727 2601 1780 ἂν
2630 1727 2946 1796 ἐμέλλησαν
2991 1729 3112 1781 τότε
3148 1730 3500 1798 πανωλεθρίᾳ
3555 1726 3968 1796 φθαρήσεσθαι.

704 1813 753 1862 εί
779 1811 852 1878 μὴ
877 1813 1060 1880 σχῆμα
1087 1814 1402 1883 περιθέντες
1432 1815 1662 1867 ἐλεεινὸν
1685 1815 1777 1866 καὶ
1805 1812 2005 1881 ζημίαν
2025 1810 2271 1865 ἑκούσ.ον
2309 1814 2462 1866 αὐτοὶ
2516 1817 2728 1878 ἑαυτοῖς
2777 1815 3056 1879 ἐπιθέντες
3079 1817 3420 1886 προσέπεσον
3439 1818 3740 1887 δραμόντες
3759 1816 3966 1868 αὐτίκα

707 1904 854 1972 μάλα
878 1903 956 1973 τῷ
990 1903 1201 1973 βασιλεῖ
1234 1907 1326 1958 καὶ
1349 1907 1522 1964 οὕτως
1545 1905 1862 1977 ἀπήλλαξαν
1885 1906 2134 1965 ἑαυτούς.

785 1999 853 2054 ll.
889 1998 1000 2053 Hoc
1024 2001 1100 2054 illi
1127 2004 1301 2070 primo
1321 2003 1649 2056 documento
1679 2011 1990 2071 promptum
2014 2013 2067 2055 et
2098 2013 2277 2054 acrem
2315 2002 2356 2056 Β

706 2093 1054 2162 imperatoris
1093 2093 1334 2148 animum
1378 2105 1769 2165 cognoverunt.
1809 2096 2053 2150 Alterum
2082 2105 2136 2150 et
2164 2111 2280 2150 ma-

699 2183 793 2254 jus
833 2182 985 2236 illud.
1018 2182 1247 2248 Quidam
1295 2199 1483 2238 eorum
1517 2188 1809 2254 populares
1842 2189 1976 2240 duas
2021 2187 2278 2257 piraticas

708 2275 962 2328 triremes
995 2274 1393 2339 instruxerunt,
1426 2287 1480 2330 et
1525 2275 1808 2346 Byzantini
1858 2275 1980 2330 freti
2015 2277 2281 2346 angustiis

705 2366 843 2418 clam
875 2365 1147 2434 superatis
1185 2368 1235 2418 in
1291 2366 1558 2419 Euxinum
1620 2377 1846 2436 pontum
1914 2368 2075 2420 delati
2131 2378 2278 2432 sunt,

707 2459 908 2514 omissa
948 2459 1176 2513 solemni
1212 2469 1266 2512 et
1322 2462 1518 2515 usitata
1553 2461 1900 2529 imperatoris
1931 2448 2279 2516 salutatione.

709 2549 862 2614 Quod
897 2566 997 2604 nec
1033 2551 1211 2620 ipsum
1245 2552 1331 2604 ille
1364 2552 1592 2604 intuitum
1627 2554 1735 2620 pali
1791 2552 1985 2606 voluit.
2015 2551 2282 2606 Coilectas

710 2645 893 2713 itaque
951 2646 1207 2700 triremes
1258 2661 1364 2698 non
1423 2661 1645 2714 paucas.
1704 2657 1757 2698 et
1812 2662 1974 2700 unam
2034 2661 2281 2715 magnam

709 2749 908 2789 ouerar
932 2751 1016 2788 am
1071 2751 1263 2789 navem
1309 2737 1372 2789 ad
1425 2739 1856 2804 promontorium
1909 2737 2017 2791 fani
2057 2739 2285 2791 collocat

710 2829 874 2897 (quod
906 2843 967 2880 os
1001 2826 1152 2881 Ponti
1183 2829 1508 2898 appellatur,
1549 2831 1636 2883 ubi
1668 2831 1908 2899 Cyaneas
1955 2843 2006 2885 et
2035 2831 2284 2886 Planctas

711 2919 884 2972 Graeci
925 2919 1054 2973 olim
1110 2935 1230 2974 esse
1282 2920 1586 2990 dixerunt),
1646 2923 1940 2990 piratarum
2000 2939 2281 2978 accessum

711 3025 1140 3081 exspectaturas,
1175 3029 1242 3067 ne
1282 3015 1516 3067 audaces
1557 3015 1626 3065 dli
1672 3025 1726 3067 et
1754 3015 2002 3070 scelerati
2035 3017 2285 3073 homines

713 3107 1014 3160 incolumes
1045 3105 1182 3159 clam
1210 3106 1525 3160 evaderent.
1581 3105 1734 3170 Quod
1782 3121 1903 3159 eum
1955 3107 2075 3161 illos
2129 3109 2284 3179 135

714 3199 859 3252 haud
894 3198 1196 3261 fefellisset,
1238 3198 1337 3251 hac
1389 3197 1683 3251 calliditate
1723 3198 1881 3250 saluti
1922 3215 2032 3251 suae
2086 3215 2288 3253 consu-

714 3293 849 3346 lunt.
885 3291 1089 3345 (lnnes
1120 3307 1251 3358 epes
1283 3307 1417 3358 quas
1461 3290 1838 3344 latrocinando
1869 3303 2158 3360 coegerant
2191 3309 2285 3361 per

2457 1995 2532 2048 B’.
2570 1995 2742 2049 Τοῦτο
2769 1997 2868 2064 τῆς
2897 1997 3162 2067 βασιλέως
3199 1999 3437 2068 σπουδῆς
3459 2001 3549 2052 καὶ
3576 1998 3837 2071 ὀξύτητος
3867 2019 3967 2070 γε-

2379 2105 2503 2156 γονε
2535 2087 2824 2160 γνώρισμα
2854 2089 3072 2159 πρῶτον
3105 2090 3307 2152 αὐτοῖς.
3335 2093 3600 2159 Δεύτερον
3626 2092 3681 2144 δὲ
3713 2093 3806 2144 καὶ
3842 2097 3967 2162 μεῖ-

2380 2179 2502 2244 ζον·
2539 2182 2934 2250 συνεστήσαντο
2980 2200 3126 2246 τινες
3183 2186 3248 2235 ὲκ
3299 2185 3392 2236 τοῦ
3443 2186 3630 2251 γένους
3664 2187 3842 2239 αὐτῶν
3869 2188 3968 2240 δύο

2378 2271 2623 2341 τριήρεις
2648 2272 2739 2322 ἐπὶ
2765 2271 2974 2324 δίαιταν
3003 2273 3096 2325 καὶ
3128 2274 3330 2343 τρόπον
3355 2277 3694 2344 πειρατικὸν,
3734 2280 3829 2330 καὶ
3857 2279 3966 2331 λά-

2382 2364 2487 2432 θρα
2506 2363 2786 2426 διαϐάντες
2815 2365 2884 2418 τὰ
2909 2368 3034 2436 περὶ
3065 2367 3356 2430 Βυζάντιον
3376 2373 3474 2437 τῆς
3499 2369 3769 2439 θαλάττης
3795 2372 3965 2423 στενᾶ

2382 2456 2474 2509 ἐπὶ
2501 2457 2589 2509 τὸν
2617 2455 2868 2521 Εὔξεινον
2891 2458 3084 2511 πόντον
3105 2460 3511 2530 ἐπεποιήκεσαν
3541 2463 3630 2512 τὸν
3655 2463 3966 2526 ἀπόπλουν,

2387 2548 2462 2618 μὴ
2514 2551 2886 2619 παρασχόντες
2916 2549 3014 2617 τὴν
3044 2551 3251 2620 συνήθη
3283 2551 3362 2620 τῷ
3397 2552 3609 2618 βασιλεῖ
3639 2556 3921 2623 εὐφημίαν
3945 2570 3964 2586 ο

2381 2643 2504 2695 οὐδὲ
2536 2642 2696 2694 τοῦτο
2723 2643 2901 2699 τοίνυν
2950 2642 3299 2711 ἀτιμώρητον
3346 2643 3492 2707 εδοξε
3519 2646 3966 2715 παρεληλυθέναι

2383 2737 2462 2806 τῷ
2500 2735 2731 2805 βασιλεῖ.
2767 2736 2931 2787 Ὅθεν
2954 2742 3201 2805 τριήρεις
3239 2735 3611 2804 συνηθροικὼς
3642 2738 3740 2788 οὐκ
3776 2737 3968 2802 ὀλίγας

2385 2831 2481 2883 καὶ
2515 2829 2646 2896 μίαν
2676 2828 2923 2897 μεγάλην
2946 2827 3146 2880 ὁλκάδα
3179 2829 3309 2897 περὶ
3336 2829 3431 2896 τὴν
3460 2830 3638 2897 ἄκραν
3663 2830 3845 2897 ἵστησι
3868 2830 3968 2880 τοῦ

2387 2923 2532 2994 ἱεροῦ
2566 2923 2678 2994 (7i)
2736 2922 2796 2992 (ὃ
2831 2923 2893 2993 δὴ
2933 2923 3106 2992 στόμα
3165 2923 3410 2974 καλεῖται
3458 2922 3551 2974 τοῦ
3586 2923 3809 2981 Πόντου,
3834 2921 3968 2974 ἔνθα

2386 3015 2483 3075 τὰς
2514 3014 2762 3076 Κυανέας
2791 3014 2888 3066 καὶ
2923 3015 3209 3079 Πλαγκτὰς
3231 3014 3468 3080 ἔφασκον
3490 3013 3753 3081 Ἕλληνες
3777 3010 3966 3078 εἶναι),

2387 3107 2478 3159 τὸν
2501 3103 2753 3157 είσπλουν
2783 3105 3144 3175 ἐκδεχομένας
3175 3107 3285 3159 τῶν
3321 3106 3620 3174 πειρατῶν,
3666 3105 3740 3174 μὴ
3773 3106 3967 3156 λαθόν-

2388 3212 2479 3256 τες
2501 3195 2730 3257 ἀπαθεῖς
2764 3197 2809 3246 oi
2843 3195 3063 3263 θρασεῖς
3086 3198 3281 3248 ἐκεῖνοι
3308 3199 3401 3248 καὶ
3430 3197 3702 3264 ἀλιτήριοι
3739 3198 3965 3265 διαδρά-

2393 3301 2577 3338 σωαιν.
2628 3287 2778 3337 Ἐπεὶ
2814 3286 2868 3337 δὲ
2900 3285 3056 3338 τοῦτο
3088 3287 3331 3347 ἐκείνους
3356 3287 3455 3338 οὑκ
3482 3287 3749 3356 ἐλελήθει,
3789 3305 3967 3355 μηχαο

714 3386 952 3452 speciem
1011 3385 1394 3453 negotiationis
1453 3400 1560 3437 una
1633 3400 1818 3438 serum
1881 3385 1932 3437 in
1994 3386 2282 3437 maximam
2317 3360 2355 3413 C

2317 3360 2355 3413 (ἶ
2392 3373 2589 3426 νῶνταί
2646 3374 2766 3426 τινά
2828 3391 2976 3440 σφισι
3033 3377 3304 3444 σωτήριον
3358 3377 3580 3443 τρόπον.
3639 3377 3967 3446 Πανταγαρ

713 3479 1019 3531 onerariam
1066 3479 1419 3530 transferunt.
1462 3475 1666 3529 Deinde
1707 3477 1853 3530 omni
1888 3491 2163 3528 armorum
2198 3491 2287 3545 ge-

715 3584 846 3622 nere
875 3584 969 3622 eas
1006 3577 1197 3638 tegunt
1225 3578 1278 3621 et
1310 3567 1601 3630 muniunt;
1628 3575 1687 3619 ut
1722 3582 1842 3619 cum
1887 3566 2290 3634 septentriona-

717 3662 796 3716 les
835 3664 981 3714 venti
1029 3659 1408 3713 vehementius
1452 3657 1706 3726 spiraturi
1761 3667 1963 3721 essent,
2001 3673 2150 3710 oram
2187 3657 2293 3711 sol-

721 3763 930 3813 verent,
972 3762 1025 3805 et
1056 3752 1107 3805 vi
1135 3751 1401 3821 patefacta
1433 3751 1518 3804 via
1544 3765 1640 3820 per
1672 3765 1767 3804 eos
1793 3751 1884 3818 qui
1935 3751 1990 3803 in
2043 3751 2291 3804 faucibus

719 3848 1009 3901 stationem
1070 3844 1365 3903 habebant.
1425 3843 1558 3898 citra
1605 3843 1907 3910 periculum
1971 3844 2288 3895 evaderent.

721 3936 889 3990 Paulo
924 3942 1043 4004 post
1085 3949 1205 3986 cunt
1255 3932 1628 3986 vehemenlior
1659 3931 1857 3986 Boreas
1905 3949 1933 3983 a
1980 3941 2128 4001 tergo
2162 3948 2290 3985 eru-

718 4028 908 4098 pisset,
955 4027 1118 4080 etiam
1159 4024 1388 4093 piratica
1445 4023 1531 4076 illa
1569 4025 1721 4076 navis
1783 4039 1812 4076 e
1859 4024 2038 4077 medio
2102 4025 2292 4094 pelago

719 4121 968 4190 plurimis
1025 4118 1248 4171 armatis
1303 4118 1481 4171 cincta
1529 4127 1775 4186 apparet,
1833 4117 1986 4183 quasi
2042 4117 2288 4183 quaedam

719 4213 850 4264 urbs
902 4211 1106 4279 integra
1161 4225 1256 4278 per
1294 4207 1491 4262 fluetus
1536 4209 1809 4278 gralieus,
1847 4207 1925 4262 vel
1969 4209 2148 4277 potius
2178 4209 2294 4263 avis

721 4301 894 4354 instar
923 4301 1089 4352 maria
1124 4299 1430 4368 pervolans.

2390 3467 2616 3519 πλοῦτον
2667 3468 2740 3519 ὃν
2785 3472 2844 3519 ἐκ
2897 3469 3154 3538 λῃστείας
3218 3469 3522 3537 συνήγαγον
3579 3470 3968 3538 πραγματείαν

2390 3557 2696 3628 ἐμπορκὴν
2746 3560 3106 3627 ποιησάμενοι
3176 3559 3295 3629 μεθ’
3328 3560 3535 3611 ἑαυτῶν
3587 3562 3666 3621 εἰς
3701 3560 3970 3628 μεγίστην

2391 3653 2782 3719 ὲμὸιῦάζουσιν
2811 3653 3014 3705 ὁλκάδα
3043 3654 3134 3706 καὶ
3169 3656 3349 3705 πᾶσαν
3391 3653 3485 3703 ἐπὶ
3517 3652 3728 3712 τούτοις
3753 3669 3878 3721 apo;
3903 3670 3968 3704 α-

2391 3746 2701 3799 τατίθενται
2731 3750 2822 3796 καὶ⁸
2854 3745 3338 3814 παρασκευάζουσι
3373 3747 3697 3807 πανοπλίαν,
3730 3745 3817 3796 ἵνα
3849 3761 3974 3795 και-

2392 3838 2484 3908 ρθιν
2517 3840 2969 3906 ἐπιτηρήσαντες,
2990 3837 3151 3888 ὁπότε
3174 3837 3536 3905 σφοδρότερον
3566 3838 3740 3905 ρέοιεν
3766 3835 3850 3907 [Ρ.
3873 3835 3968 3907 82]

2391 3931 2500 3983 τῶν
2529 3927 2804 3997 ἁρκτικῶν
2838 3928 3166 3995 πνευμάτων
3199 3931 3254 3981 αί
3293 3930 3484 3996 πηγαὶ,
3524 3928 3783 3988 λύσαντες
3826 3929 3968 3980 ἀπο-

2393 4021 2670 4074 πλεύσωσι
2707 4022 2799 4073 καὶ
2827 4021 2918 4090 βίᾳ
2942 4018 3237 4088 ῥηξάμενοι
3274 4023 3400 4081 τοὺς
3448 4021 3540 4072 ἐπὶ
3567 4018 3661 4070 τοῦ
3699 4020 3970 4086 στόματος

2394 4112 2788 4182 ναυλοχοῦντας
2821 4112 3101 4165 ἀκίνδυνον
3153 4113 3245 4164 τὸν
3301 4112 3559 4164 είσπλουν
3606 4113 3966 4182 ποιήσωνται.

2409 4203 2562 4257 Ἐπεὶ
2591 4203 2648 4256 δὲ
2684 4203 2821 4272 μετὰ
2851 4203 3046 4271 μικρὸν
3077 4204 3429 4274 σφοδρότερο,
3455 4203 3662 4255 ἀνωθεν
3694 4202 3974 4271 κατερρά-

2396 4315 2466 4365 γη
2501 4298 2714 4368 βορέας,
2762 4299 3107 4364 ἐπιφαίνεται
3165 4296 3431 4350 κατιοῦσα
3468 4296 3627 4365 καὶὴ
3669 4293 3970 4363 πειρατικὴ

719 4398 902 4465 ἐκείνη
964 4396 1128 4457 ὁλκὰς
1185 4397 1292 4450 ἀπὸ
1345 4394 1539 4448 πολλοῦ
1598 4394 1693 4446 τοῦ
1749 4393 2044 4459 πελάγους,
2116 4394 2329 4464 μυρίοις
2369 4393 2790 4465 ἐστεφανωμένη
2857 4395 2968 4454 τοῖς
3027 4393 3296 4456 ὁπλίταις,
3346 4393 3595 4462 καθάπερ
3646 4392 3800 4454 πόλις
3873 4391 3970 4460 ὅλη

721 4493 862 4548 κατὰ
924 4494 1183 4562 κυμάτων
1241 4493 1546 4556 πεζευουσα
1582 4491 1612 4561 ἢ
1643 4492 1845 4560 μᾶλλον
1904 4489 2108 4562 πτηνοῦ
2138 4492 2294 4561 δίκην
2333 4491 2680 4560 ὲφιπταμένη
2714 4494 2823 4553 τοῖς
2847 4491 3108 4558 κύμασιν.

795 4592 885 4646 Ill.
935 4590 1052 4643 Jatn
1094 4600 1148 4642 et
1195 4590 1541 4659 imperatoris
1574 4591 1822 4643 triremes
1850 4588 2129 4643 instructa:
2164 4588 2292 4641 ade-
2320 4589 2372 4648 Ι)

2320 4589 2372 4648 D
2475 4586 2547 4643 Γ.
2579 4590 2719 4656 Ἤδη
2751 4587 2806 4640 δὲ
2845 4590 2937 4640 καὶ
2959 4590 3015 4640 αἱ
3042 4588 3319 4656 βασιλικαὶ
3340 4588 3588 4657 τριήρεις
3618 4604 3972 4656 παρεσκευα-

721 4695 862 4740 rant.
893 4688 968 4739 Ac
998 4684 1244 4738 onezaria
1266 4684 1483 4752 quidem
1522 4683 1676 4736 navis
1703 4682 2047 4750 imperatoria
2068 4681 2292 4736 sublatis

721 4778 976 4831 antennis
1031 4778 1273 4830 nondum
1325 4777 1442 4830 vela
1491 4777 1842 4840 expanderat,
1895 4774 1987 4828 sed
2041 4775 2293 4828 manebat

723 4872 969 4925 immota.
1028 4872 1215 4925 llostili
1274 4882 1453 4925 autem
1520 4870 1768 4924 oneraria
1828 4868 2121 4922 accedente
2181 4869 2291 4933 ipsa

725 4963 886 5016 etiam
929 4965 1045 5018 vela
1075 4963 1338 5032 eitplieat;
1370 4973 1423 5016 et
1450 4963 1594 5016 illam
1629 4961 1790 5014 modo
1821 4977 1848 5014 a
1879 4961 2046 5014 latere
2077 4959 2289 5027 arripit,

728 5061 888 5113 modo
919 5077 945 5112 a
986 5061 1147 5128 puppi
1203 5060 1530 5128 insequitur,
1571 5059 1720 5127 quasi
1755 5056 1997 5125 vestigiis
2029 5055 2294 5108 inhaeren-

725 5151 832 5214 du;
870 5151 1131 5217 caeditque
1174 5160 1230 5203 et
1263 5149 1508 5211 cmditur,
1551 5164 1612 5201 ac
1648 5148 1830 5218 pradio
1861 5149 2094 5216 quodam
2130 5145 2292 5199 veluti

727 5243 952 5296 tellit-rio
972 5254 1027 5295 et
1057 5242 1260 5295 volatili
1293 5241 1623 5310 defungitur.
1652 5240 1725 5293 Ibi
1757 5238 2000 5308 dispares
2029 5255 2091 5292 ac
2113 5239 2293 5292 varios

729 5336 957 5388 militum
994 5336 1210 5387 ordines
1271 5334 1517 5387 coruinus
1566 5333 1865 5400 eodemque
1908 5332 1960 5384 iu
2019 5331 2134 5384 loco
2192 5347 2292 5398 pu-

729 5445 892 5498 gnare
925 5429 1067 5482 inter
1097 5443 1154 5482 se
1203 5441 1477 5482 cerneres.
1509 5427 1610 5480 Alii
1644 5426 1789 5480 enim
1821 5439 1886 5480 ex
1918 5425 2170 5479 tabulatis
2200 5441 2294 5478 eos

2401 4681 2594 4749 σμέναι
2623 4679 2899 4750 παρῆσαν.
2956 4679 3193 4745 ὐμοίως
3240 4678 3294 4730 δὲ
3331 4681 3421 4729 καὶ
3458 4681 3488 4746 ή
3521 4678 3772 4746 βασιλικὴ
3803 4678 3974 4738 ὁλκὰς

2398 4772 2578 4842 ἄρασα
2603 4773 2699 4832 τὰς
2735 4772 2959 4841 κεραίας
2988 4769 3141 4822 οὔπω
3173 4769 3456 4822 ὃιεπέτασε
3493 4772 3589 4832 τὰς
3611 4769 3820 4830 ὀθόνας,
3855 4768 3973 4819 ἀλλ’

2396 4865 2588 4932 ἔμενεν
2612 4863 2914 4932 ἠρεμοῦσα.
2961 4863 3293 4928 Ἐγγισάσης
3309 4861 3382 4938 ,δὲ
3419 4862 3518 4931 ’ήδη
3550 4864 3644 4912 καὶ
3677 4859 3775 4927 τῆς
3813 4860 3978 4911 πολε-

2399 4957 2527 5026 μίας
2555 4957 2798 5019 ὁλκάδος,
2834 4956 2953 5007 τότε
2976 4958 3067 5006 καὶ
3094 4953 3234 5024 αὕτη
3260 4955 3630 5006 διαπετάσασα
3653 4954 3974 5014 τας.όθόνας

2397 5049 2666 5118 λαμϐάνει
2688 5047 2785 5117 τὴν
2803 5046 3088 5114 πολεμίαν,
3113 5047 3188 5114 πῆ
3223 5046 3320 5115 μὲν
3348 5048 3409 5096 ἐκ
3427 5045 3690 5114 πλευρᾶς,
3723 5048 3796 5113 πῆ
3827 5044 3872 5094 δ’
3910 5048 3976 5096 ἐκ

2398 5140 2676 5210 πρύμνας,
2735 5138 2975 5207 ἑπομένη
3009 5140 3129 5190 κατ’
3153 5139 3294 5206 ίχνος
3326 5137 3596 5207 βάλλουσα
3633 5153 3688 5187 τε
3716 5137 3810 5188 καὶ
3840 5137 3975 5206 βαλ-

2397 5231 2601 5300 λομένη
2625 5231 2824 5282 καὶτὸν
2848 5230 3084 5297 αἰθέριον
3113 5231 3289 5282 εἰπεῖν
3311 5231 3519 5281 ἐκεῖνον
3545 5232 3634 5278 καὶ
3669 5226 3975 5294 ίπεάμενον

2401 5325 2718 5393 πράττουσα
2749 5323 3004 5390 πόλεμον.
3036 5318 3143 5374 Ἦν
3176 5322 3282 5392 γάρ
3313 5322 3444 5374 ίδεῐν
3465 5321 3695 5388 δάρορα
3723 5320 3819 5371 καὶ
3845 5337 3971 5372 ποι-

2401 5419 2528 5471 κίλα
2558 5417 2812 5485 τάγματα
2843 5413 3221 5486 στρατοπέδων
3251 5416 3308 5465 ἐν
3335 5413 3514 5482 ταὺτῴ
3570 5410 3687 5464 κατ’
3719 5408 3974 5478 ἀλλήλων

2071 5564 2396 5626 Variorum
2434 5567 2622 5622 notas.

804 5706 1145 5778 ('HlNomen
1182 5708 1326 5762 arcis
1352 5716 1433 5761 est
1463 5706 1695 5762 ruinosa:
1720 5705 1773 5758 in
1809 5705 2047 5778 Asiatico
2072 5705 2286 5778 littore,

729 5776 882 5832 trans
919 5777 1238 5847 Bosporum.
1273 5794 1379 5832 non
1400 5780 1584 5847 procul
1617 5782 1684 5829 ab
1713 5776 2044 5847 ostiorl’onti
2069 5776 2284 5847 Euxini,

731 5847 910 5918 inquit
940 5845 1304 5904 Leunclavius
1333 5845 1766 5904 iii—Onomastieo
1795 5846 1974 5916 priore
2005 5845 2238 5900 Turcieo
2268 5863 2280 5897 :

2398 5703 2466 5754 de
2501 5717 2608 5769 quo
2663 5702 2884 5769 quidem
2922 5699 3088 5753 Hiero
3122 5700 3308 5753 multis
3357 5700 3567 5770 egimus
3602 5699 3654 5753 in
3713 5702 3855 5754 notis
3903 5703 3971 5755 ad

2396 5772 2732 5834 Alexiadem,
2769 5787 2890 5842 pag.
2947 5771 3073 5824 56L
3113 5769 3344 5826 Ducauc.
3381 5801 3450 5814 --
3486 5769 3616 5826 Vide
3676 5770 3770 5824 lib.
3810 5787 3967 5836 xvut,

2392 5860 2508 5913 cap.
2536 5844 2590 5908 2,
2625 5853 2758 5896 sect.
2795 5841 2855 5896 l.’
2878 5841 3083 5896 Bonus.
