4248 6444
160 389 265 452 997
425 388 504 459 [Α.
549 403 600 441 c.
648 384 784 441 I259
826 403 890 440 an
929 384 1093 461 I282}

1202 389 1646 453 BYZANTlN/E
1684 388 2074 450 HISTORUE
2107 390 2252 451 LIB.
2286 391 2348 449 ν,

2467 385 2600 454 (utr.
2645 399 2772 439 utcu
2838 387 2916 439 mi
2935 384 3172 457 nouom]

162 510 497 579 περιπολεῖν
525 509 663 585 ἀέρα
692 525 787 561 και
817 510 920 578 γῆν
947 510 1049 578 τήν
1077 526 1134 562 τε
1160 508 1364 577 γνῶσιν
1406 506 1515 560 τῶν
1560 506 1753 574 ἑσομέ-
1779 512 1823 568 Α

1741 512 1823 568 -Α
1856 520 2038 562 rorum
2075 508 2359 561 scientiam
2399 522 2634 578 superne
2683 509 3011 579 acceperint,
3039 523 3104 566 ac
3155 516 3418 579 pratorea

162 617 269 650 νων
298 599 515 652 ἄνωθεν
541 598 826 668 εἰληφυίας
853 599 945 651 καὶ
976 598 1112 667 πρός
1142 615 1207 665 γε
1238 599 1319 651 ἔτι
1374 600 1477 668 τὴν
1520 600 1742 675 ἐπιτρο-

169 692 281 757 πὴν
301 689 403 742 τοῦ
436 689 779 759 μεταδιδόναι
822 689 992 758 αὐτὴν
1030 691 1140 751 τοῖς
1167 687 1497 758 ἀνθρώποις,
1534 688 1613 757 πῆ
1646 689 1745 758 μὲν

166 781 237 834 δι’
268 780 569 846 ἐνυπνίων,
603 780 680 850 πῆ
703 779 761 833 δι
787 778 856 833 δι’
883 780 1154 851 ἀστέρων,
1206 782 1285 849 πῆ
1326 781 1383 834 δὲ
1421 780 1513 834 διά
1555 780 1747 846 Δελφι-

172 871 273 925 κοῦ
304 888 456 936 τινος
482 872 760 942 τρίποδος,
785 871 864 940 πῆ
892 871 949 925 δὲ
989 873 1080 926 διά
1119 873 1444 943 σπλάγχνων
1492 872 1638 925 εστιν
1670 866 1746 926 ὧν

166 964 344 1017 ἐνίοτε
369 964 652 1033 θυομένων
668 964 842 1027 ζώων,
864 962 947 1036 [Ρ.
962 964 1055 1037 93]
1073 965 1150 1033 πῆ
1173 966 1251 1029 δὲ,
1271 966 1356 1019 ίνα
1372 951 1440 1018 τὰ
1456 965 1627 1019 πολλὰ
1646 983 1748 1017 πα-

171 1056 471 1126 ραδρὰμω.
509 1056 597 1110 διὰ
628 1058 819 1128 φήμης
837 1057 895 1124 ἒξ
927 1057 1091 1127 ἀέρος
1121 1056 1190 1132 τ.ἀ
1214 1056 1406 1126 πρῶτά
1428 1056 1594 1110 ποθεν
1626 1074 1748 1125 γεν-

167 1147 442 1217 νηθείσης
462 1188 477 1209 ,
510 1142 631 1200 εἶτα
654 1147 1017 1217 περιθεούσης
1049 1146 1344 1217 ἀμοιϐαδὸν
1367 1147 1468 1211 τάς
1496 1150 1603 1201 τῶν
1622 1147 1749 1201 πολ-

168 1236 282 1289 λῶν
310 1238 512 1301 ἀκοὰς.
548 1239 615 1309 ἢν
644 1237 708 1307 δὴ
743 1238 836 1291 καὶ
857 1237 1006 1290 θείαν
1040 1238 1306 1292 ἐκάλεσαν
1330 1238 1496 1291 δσσαν
1542 1237 1592 1290 οἰ
1645 1240 1749 1293 πά-

168 1328 261 1382 λαι
297 1332 481 1399 σοφοί.
514 1330 673 1383 Ἔστι
702 1328 799 1384 δ⁴ἃ
831 1330 887 1382 ἒν
915 1332 1143 1398 πέτραις
1173 1329 1209 1400 ἢ
1249 1329 1449 1399 τοίχοις
1487 1328 1747 1401 εὕρηνται

170 1421 550 1488 γεγραμμένα
577 1421 860 1484 πολλάκις,
887 1420 1117 1491 μηδενὲς
1136 1423 1284 1485 ὅστις
1306 1422 1438 1474 ποτὶ
1477 1417 1546 1492 ἦν
1576 1425 1604 1474 δ
1654 1438 1745 1489 γε·

170 1512 405 1580 γραφὼς
431 1512 592 1582 δηλου
600 1513 785 1581 μένου.

241 1602 325 1658 E'.
356 1604 605 1658 Δίδονται
643 1608 827 1675 μέντοι
860 1606 927 1659 δι’
950 1606 1293 1677 αἰνιγμάτων
1320 1606 1390 1660 τά
1429 1606 1603 1660 πάντα
1654 1609 1750 1661 καὶ

166 1696 229 1748 οὗ
252 1696 440 1765 πάντη
474 1697 645 1765 σαφῆ,
691 1686 945 1769 καθάπερ
979 1698 1046 1750 τὰ
1100 1698 1209 1751 τῶν
1244 1697 1506 1767 βασιλέων
1549 1700 1748 1769 κειμή-

166 1787 281 1847 λια,
326 1786 419 1838 διὰ
470 1788 531 1838 τὺ
580 1786 738 1839 ἔνθεα
764 1783 903 1840 εἶναι
954 1788 1050 1840 καὶ
1080 1782 1169 1840 οἷα
1220 1788 1397 1857 χρεὼν
1428 1789 1570 1855 ὑπὲρ
1620 1790 1747 1851 τοὺς

168 1877 429 1941 πολλούς.
465 1878 547 1931 Ti
576 1879 684 1946 γὰρ
717 1880 830 1941 τοῖς
855 1880 987 1931 πᾶσι
1019 1880 1287 1949 πρόχειρα
1313 1880 1474 1949 κόρον
1518 1897 1576 1931 τε
1602 1880 1747 1949 ἔσχε,

170 1970 264 2022 καὶ
318 1971 601 2039 ἁχρηστξα.
659 1970 845 2038 σφίσιν
894 1970 969 2030 ὡς
1032 1972 1099 2022 τὰ
1140 1971 1311 2022 πολλά
1352 1971 1744 2041 περικέχυται·

168 2059 424 2125 γίνεσθαί
489 2076 551 2126 γε
606 2059 714 2129 μὴν
762 2058 859 2131 τὴν
892 2059 1083 2130 χρείαν
1126 2059 1309 2112 αύτῶν
1360 2060 1422 2111 ού
1474 2062 1614 2112 πάνυ
1668 2075 1752 2113 τοι

173 2151 412 2220 μάταιον
470 2150 581 2203 οὐδ’
612 2148 813 2221 ἀργὴν.
862 2150 917 2201 εί
955 2166 1042 2211 τις
1091 2149 1164 2218 μὴ
1225 2147 1503 2220 πάρεργον
1551 2147 1750 2214 ταῦτα,

172 2242 313 2294 ἀλλὰ
357 2243 500 2311 μετά
552 2243 821 2301 συνέσεως
871 2241 972 2307 τῆς
1016 2241 1405 2311 προσηκούσης
1471 2243 1749 2297 σκοποῖτο.

174 2329 269 2395 Οἷς
298 2335 401 2404 μὲν
432 2335 541 2404 γὰρ
567 2334 859 2403 τιμωρίας,
890 2330 971 2394 οἷς
992 2333 1371 2404 δἐὺεργεσίας
1401 2332 1579 2386 εἵνεκα
1615 2351 1752 2400 προ-

170 2427 513 2479 δείκνυνται.
545 2427 607 2478 Οἱ
644 2427 743 2494 μὲν
777 2426 884 2492 γὰρ
929 2425 962 2495 ἢ
1020 2426 1359 2494 κουφοτέραν
1409 2425 1511 2495 τὴν
1564 2424 1752 2493 ἔφοδον

172 2517 283 2570 τῶν
314 2517 509 2570 δεινῶν
540 2517 891 2587 εἰργάσαντο,
938 2510 1440 2585 προανασταλέντες
1483 2515 1576 2566 καὶ
1622 2530 1755 2583 προ-

173 2610 648 2678 οικονομήσαντες
705 2608 927 2669 ἑαυτούς
964 2624 979 2638 ·
1030 2606 1064 2676 ἢ
1113 2607 1316 2671 τελέως
1366 2609 1505 2673 σφᾶς
1555 2609 1754 2671 αὐτοὺς

174 2700 502 2770 ἀπήλλαξαν
537 2698 647 2751 τῶν
674 2699 864 2751 δεινῶν
905 2699 994 2751 διὰ
1054 2687 1478 2767 σπουδαιοτέροις
1533 2699 1756 2766 ἀγωγῆς

176 2792 669 2863 ἐξευμενισάμενοι
694 2792 758 2845 τὸ
800 2787 975 2846 θεῖον.
1010 2791 1135 2853 Τοῖς
1173 2791 1231 2843 δὲ
1271 2791 1358 2843 διὰ
1391 2792 1755 2861 μικροψυχίαν

179 2885 210 2934 ὁ
243 2880 455 2950 μεταξὺ
485 2883 674 2951 χρόνος
721 2881 942 2943 κόλασις
972 2882 1037 2951 τῇ
1069 2880 1179 2931 τῶν
1223 2879 1414 2932 δεινῶν
1462 2879 1757 2949 προσδοκίᾳ

176 2974 395 3040 γίνεται
426 2972 536 3042 πρὸ
571 2974 664 3025 τού
700 2972 941 3025 παθεῖνά
968 2973 1075 3043 χρὴ
1103 2972 1316 3036 παθεῖν,
1357 2972 1455 3038 τῆς
1500 2971 1755 3041 Προνοίας

176 3063 353 3128 οὕτως
402 3064 797 3135 εἰκονομούσης
867 3063 934 3116 δι’
981 3065 1191 3117 ἔκτισιν
1256 3064 1629 3133 ἀκμαιοτέραν
1679 3054 1755 3114 ὧν

1850 600 2121 656 licentiam
2142 602 2262 669 ejus
2273 602 2738 656 communicanda:
2749 616 2870 656 cum
2889 601 3197 656 hominibus
3223 601 3421 672 partim

1848 705 1945 761 per
1996 692 2290 756 insomnia,
2319 693 2515 763 partim
2545 706 2640 758 per
2661 702 2828 756 astra,
2849 693 3046 762 partim
3067 707 3170 762 per
3197 687 3423 763 Delphi-

1854 798 1978 837 cum
2005 785 2315 854 qttcmplam
2346 784 2638 853 tripodem,
2668 784 2863 852 partim
2888 799 2985 854 per
3011 792 3135 843 exta
3163 800 3425 855 quarum-

1847 877 1971 929 dam
1996 878 2261 944 pecudum
2306 877 2729 943 immolalarum,
2784 876 2982 947 partim
3012 877 3105 945 (ne
3128 881 3231 932 sim
3252 878 3424 948 proli-

1852 968 1990 1039 xior)
2028 984 2123 1037 per
2151 983 2339 1022 vocem
2366 969 2598 1036 primum
2623 985 2691 1023 ex
2719 984 2847 1024 aere
2867 969 3117 1023 alicunde
3141 979 3340 1035 ortam.
3361 983 3426 1025 ac

1849 1058 2048 1113 deinde
2076 1073 2239 1113 aures
2293 1058 2576 1113 hominum
2625 1059 2870 1114 vicissim
2902 1059 3423 1127 circumsonantem.

1849 1164 2009 1219 quam
2060 1159 2275 1205 veteres
2314 1150 2589 1219 sapientes
2638 1150 2878 1205 divinam
2938 1166 3124 1207 vocem
3175 1152 3423 1224 appella-

1851 1250 1998 1298 runt.
2027 1239 2181 1311 Saepe
2198 1242 2370 1296 etiam
2405 1242 2633 1307 factum,
2660 1243 2803 1297 utin
2830 1238 2973 1298 satis
3002 1252 3096 1298 aut
3124 1242 3425 1315 parietibus

1852 1335 2003 1389 nullo
2067 1334 2267 1389 ibidem
2344 1342 2565 1389 auctore
2645 1332 2884 1388 indicato
2951 1334 3151 1405 scripta
3210 1334 3421 1405 reperi—

1850 1436 2063 1482 rentur.

1923 1616 1985 1671 ν.
2032 1616 2137 1671 Sed
2188 1626 2367 1672 tamen
2410 1616 2589 1671 omnia
2638 1615 2960 1688 ambagibus
3005 1617 3268 1681 involuta.
3320 1634 3426 1677 nec

1851 1709 1984 1760 satis
2016 1706 2302 1776 perspicua
2363 1716 2776 1774 pr0ponuntur;
2824 1706 3280 1774 quemadmodum
3324 1710 3425 1764 im-

1856 1807 2164 1867 peratorum
2201 1809 2684 1864 oruamcnta,qua:
2717 1797 3157 1868 diviniquiddam
3203 1799 3423 1865 habere,

1855 1901 1908 1943 et
1934 1890 2035 1959 (uti
2084 1906 2180 1959 par
2212 1892 2315 1954 cst)
2350 1891 2489 1958 vulgi
2552 1890 2917 1943 con-titionem
2949 1905 3211 1960 superare
3238 1892 3427 1949 existi-

1854 1990 2092 2035 mantur.
2147 1979 2280 2034 Nam
2311 1997 2432 2050 qua:
2483 1980 2724 2049 exposita
2783 1989 2912 2034 sunt
2976 1981 3230 2036 omnibus
3266 1981 3426 2037 facile

1857 2073 2231 2135 fastidiuntnr,
2283 2084 2336 2125 ut
2385 2073 2496 2125 fere
2543 2082 2600 2124 ttt
2648 2072 2857 2125 inutilia
2908 2073 3271 2142 negliguntur.
3305 2073 3423 2131 Non
3520 2142 3526 2148 _

1857 2173 2041 2216 tamen
2072 2178 2258 2216 eorum
2285 2178 2419 2216 usus
2465 2163 2688 2216 omnino
2725 2162 2882 2233 152
2919 2165 3099 2217 inanis
3121 2176 3214 2218 aut
3244 2166 3426 2220 nullus

1846 2263 1955 2316 cst,
1982 2253 2027 2308 si
2083 2254 2207 2321 quis
2254 2268 2317 2307 ea
2368 2266 2477 2305 non
2528 2251 2923 2318 perfunctorie,
2954 2253 3049 2307 scd
3083 2268 3205 2307 cum
3243 2254 3427 2310 debita

1853 2347 2020 2400 animi
2072 2346 2372 2401 attentione
2409 2346 2698 2413 expendat.
2740 2345 2881 2398 Aliis
2924 2345 3124 2415 quippe
3154 2346 3427 2411 beneficii,

1855 2439 1978 2494 aliis
2023 2438 2277 2508 supplicii
2319 2437 2438 2491 loco
2490 2436 2882 2507 significantur.
2914 2436 3144 2502 Quidam
3190 2440 3334 2493 enim
3369 2455 3427 2494 se

1858 2530 1993 2600 ipsis
2025 2528 2291 2600 repressis
2313 2543 2377 2582 ac
2411 2528 2686 2597 sapienter
2714 2528 3026 2595 praeparatis
3059 2529 3426 2585 calamitatum

1857 2620 2270 2690 itnpreSsionem
2314 2620 2615 2674 molliorem
2666 2619 2988 2684 reddidere;
3028 2621 3317 2676 autetiam
3347 2622 3426 2675 vi-

1858 2724 1925 2767 ne
1950 2714 2332 2767 cmemlalione
2358 2714 2567 2781 placato
2601 2711 2709 2765 Deo
2736 2727 2957 2779 prorsus
2974 2712 3062 2765 illa
3089 2722 3425 2778 averterunt;

1857 2804 2201 2873 quibusdam,
2230 2805 2373 2871 quod
2402 2804 2583 2855 animo
2619 2803 2817 2872 pusillo
2847 2812 3053 2863 essent,
3082 2803 3427 2872 interjectutn

1859 2902 2072 2963 tempus
2100 2903 2157 2948 et
2205 2894 2321 2961 ipsa
2360 2892 2727 2946 calamitatum
2783 2891 3116 2959 exspectatio
3162 2891 3429 2961 supplicio

1857 2983 1981 3047 fuit,
2028 2986 2345 3052 prinSquam
2398 2983 2721 3037 advenirent
2783 2999 2845 3035 ca
2892 2997 3012 3051 qute
3076 2982 3428 3051 perpetienda

1858 3084 2035 3137 erant,
2070 3077 2142 3129 ita
2188 3077 2527 3144 gubernante
2579 3074 2940 3138 Providentia,
2995 3084 3052 3127 ut
3086 3074 3302 3144 gravius
3358 3074 3430 3127 ob

177 3157 644 3227 ἐπλημμέλησαν.
676 3157 739 3208 Εἰ
765 3157 823 3208 δὲ
853 3156 949 3208 καὶ
975 3156 1263 3225 ψεύδονται
1322 3172 1448 3207 τινα
1504 3156 1598 3207 καὶ
1644 3154 1757 3207 δια·
1784 3178 1827 3236 c

1751 3178 1827 3236 -ο
1861 3165 2148 3219 commissa
2207 3165 2592 3233 plecterentur.
2629 3164 2786 3229 Quod
2844 3164 2886 3217 si
2953 3179 3057 3232 qua
3096 3164 3428 3217 mentiantur

176 3252 479 3302 πίπτουσιν
508 3250 560 3301 oi
589 3251 705 3310 ταῖς
731 3248 911 3301 ἐλπίσι
939 3250 1261 3318 τρεφόμενοι
1291 3246 1496 3301 τούτων
1552 3246 1752 3316 (πάντα

175 3344 286 3410 γὰρ
328 3343 398 3393 τά
439 3339 747 3409 δηλούμενα
785 3335 899 3401 τοῖς
948 3340 1048 3409 μέν
1092 3342 1233 3391 εἰσιν
1283 3339 1506 3408 ἀνιαρὰ.
1545 3341 1657 3399 τοῖς
1695 3337 1751 3389 δὲ

176 3432 391 3502 τερπνά
426 3448 442 3462 ·
470 3428 665 3498 ὥσπερ
695 3431 727 3499 ἡ
758 3431 859 3497 τῆς
887 3430 983 3482 τοῦ
1038 3430 1273 3498 Κροίσου
1303 3430 1478 3497 ἀρχῆς
1512 3428 1750 3480 κατάλυ-

179 3541 263 3585 σις
286 3523 501 3583 Λυδοὺς
532 3523 631 3591 μὲν
665 3521 761 3573 καὶ
786 3520 1016 3588 Κροῖσον
1058 3520 1274 3588 ἠνίασε,
1334 3519 1497 3587 Κύρῳ
1546 3518 1603 3569 δὲ
1663 3520 1754 3568 καὶ

176 3618 420 3683 Πέρσαις
451 3614 710 3683 εὔδαιμον
738 3613 932 3679 ἔδοξεν)
956 3630 971 3644 ·
1000 3614 1049 3664 εἰ
1073 3612 1167 3665 οὖν
1187 3612 1391 3663 οὑτωσί
1423 3630 1547 3675 πως,
1563 3612 1753 3664 60103-

179 3712 230 3762 σε
264 3727 389 3760 τινα
418 3706 830 3776 διαψεύδεσθαι,
867 3705 930 3757 οὐ
977 3704 1130 3773 παρά
1167 3704 1267 3772 τὴν
1322 3704 1430 3754 τῶν
1491 3702 1755 3771 χρησμῶν

179 3804 343 3868 φύσιν
379 3798 672 3868 συμῆαίνει
697 3797 872 3858 τουτὶ,
901 3797 983 3848 ὅτι
1032 3798 1108 3865 μὴ
1135 3794 1282 3862 παρά
1338 3793 1434 3861 τὴν
1492 3791 1757 3859 φλεγμαί-

178 3908 381 3945 νουσαν
412 3874 604 3955 ἔφεσιν
638 3887 749 3939 τῶν
775 3883 1101 3954 λιχνοτέρων
1133 3883 1437 3952 ἀνθρώπων
1480 3886 1606 3944 τοὺς
1626 3883 1755 3952 χρό-

178 4000 300 4042 νους
330 3979 804 4051 προαρπσζόντων
830 3976 924 4027 καὶ
949 3976 1039 4027 τὸν
1086 3975 1212 4027 νοῦν
1241 3976 1351 4025 τῶν
1403 3976 1598 4041 λογίων
1623 3975 1756 4044 πρὸς

180 4075 279 4141 τὴν
313 4072 528 4124 οἰκείαν
562 4066 1000 4140 διαστρεφόντων
1026 4064 1228 4135 δρεξιν.
1263 4066 1535 4118 Σκεπτέον
1591 4066 1635 4116 δ’
1665 4064 1757 4118 οὖν

178 4168 331 4234 ὅμως
363 4164 443 4234 μή
477 4179 625 4224 τινες
679 4158 1058 4236 διαπαίζοντες
1078 4159 1243 4227 δῆθεν
1272 4160 1400 4220 τοὺς
1432 4159 1547 4219 τοῖς
1582 4159 1759 4210 τοιού-

176 4275 292 4321 τοις
324 4255 651 4325 χρωμένους
673 4254 768 4305 καὶ
796 4253 891 4304 νέα
924 4251 1155 4321 στιχίδια
1183 4247 1510 4312 πλάττοντες
1533 4242 1634 4312 εἰς
1669 4248 1760 4318 μί-

181 4367 347 4421 μησιν
361 4348 473 4399 τῶν
484 4345 749 4416 χρησμῶν
767 4345 956 4396 ἔπειτα
971 4342 1109 4395 κατά
1127 4343 1188 4395 τὸ
1201 4341 1437 4411 λεληθὼς
1458 4359 1709 4413 παρασπε
1720 4342 1762 4394 t-

181 4462 259 4512 ρω
271 4460 359 4494 σιν
389 4443 470 4500 εἰς
494 4439 587 4491 τὸν
604 4438 775 4507 δῆμον
804 4437 969 4496 αὐτὰ.
997 4435 1140 4487 ὥστε
1170 4438 1283 4497 τοῖς
1305 4434 1509 4488 τούτων
1534 4436 1761 4503 ψεύδεσι

1859 3254 2249 3323 hominumque
2293 3268 2443 3321 spt-m
2500 3254 2826 3308 frustrentur
2879 3255 3025 3320 (nant
3070 3254 3248 3307 omnia
3308 3268 3429 3323 quae

1857 3346 2232 3416 significantur
2280 3346 2401 3397 aliis
2445 3345 2671 3399 molesta
2720 3354 2867 3408 sunt,
2895 3345 3016 3398 aliis
3056 3342 3296 3411 jucunda
3327 3362 3341 3397 :
3368 3355 3430 3398 ut

1857 3438 2091 3506 imperii,
2127 3440 2271 3507 quod
2326 3438 2547 3489 (Zrmsus
2594 3437 2800 3501 habuit,
2828 3436 3127 3489 destructio
3158 3433 3343 3490 Crmso
3369 3445 3432 3497 et

1860 3529 2014 3597 Lydis
2047 3530 2458 3597 ntulesta,'_t$yro
2489 3540 2543 3579 ct
2572 3527 2752 3581 Persis
2782 3534 3028 3598 pergrata
3059 3529 3169 3581 visa
3202 3527 3346 3596 est):
3382 3528 3429 3579 si

1856 3640 1960 3692 qua
2014 3624 2176 3693 igitur
2235 3623 2306 3676 ita
2367 3623 2549 3675 lallere
2600 3624 2907 3685 videantur,
2953 3622 3005 3675 id
3035 3637 3142 3675 non
3187 3621 3427 3687 ipsorum

1856 3717 2200 3770 oraculorum
2248 3724 2443 3769 natura
2484 3715 2566 3778 fit,
2624 3715 2718 3768 sed
2782 3713 3062 3769 hominum
3127 3713 3429 3765 avidiorttm

1856 3823 2205 3878 praepropera
2256 3808 2438 3877 potius
2480 3807 2800 3876 cupiditate,
2830 3806 2923 3874 qui
2965 3812 3205 3872 tempora
3233 3804 3428 3856 antici-

1860 3910 2013 3969 pcnt,
2044 3908 2098 3953 ct
2129 3899 2473 3952 oraculorum
2526 3912 2743 3951 sensum
2788 3896 2854 3949 ad
2884 3904 3064 3965 optata
3107 3910 3205 3948 sua
3237 3893 3427 3948 detor-

1858 4002 2080 4060 queant.
2118 3990 2339 4045 Interim
2374 4002 2553 4044 tamen
2599 3989 2911 4047 videndum,
2953 4001 3021 4041 ne
3062 3986 3153 4054 qui
3180 3984 3309 4050 sint.
3332 3983 3430 4053 qui

1863 4082 2177 4148 huiusmodi
2223 4083 2461 4135 oraculis
2493 4081 2737 4134 addictos
2783 4078 3148 4142 ludificentur,
3170 4086 3226 4132 et
3260 4092 3430 4131 novos

1860 4172 2261 4227 commcntitios
2286 4173 2583 4225 versiculos
2610 4171 2676 4225 ad
2698 4172 3043 4226 oraculorum
3071 4168 3429 4223 imitationi-tn
3504 4176 3507 4177 ⁷

1861 4263 2195 4335 confingant.
2243 4278 2447 4332 eosque
2493 4263 2631 4316 clam
2677 4262 2735 4315 in
2789 4262 2979 4331 vulgus
3014 4268 3292 4329 spargant,
3330 4262 3428 4311 ho—

1863 4370 2094 4423 rumque
2125 4354 2423 4409 mendaciis
2455 4356 2615 4407 etiam
2644 4352 2859 4408 illorum
2882 4352 3166 4405 veritatem
3193 4348 3427 4403 confun-

1863 4448 2039 4500 dant:
2082 4446 2132 4499 id
2188 4445 2332 4513 quod
2384 4444 2582 4497 multos
2632 4450 2817 4497 nostra
2846 4440 3009 4495 etiam
3039 4447 3194 4493 aetate
3239 4437 3432 4491 fecisse

177 4536 269 4588 καὶ
295 4534 394 4603 τὴν
414 4532 643 4583 ἐκείνων
660 4512 882 4597 συγχεῖν
902 4527 1180 4597 ἀλήθειαν·
1208 4526 1365 4579 τοῦτο
1394 4531 1500 4594 γὰρ
1520 4528 1618 4579 οὐκ
1647 4527 1753 4578 ὀλί-
1785 4534 1827 4588 ι)

909 4527 1180 4597 ἀλήθειαν·
1208 4526 1365 4579 τοῦτ’)
1394 4531 1500 4594 γὰρ
1520 4528 1618 4579 οὐκ
1647 4527 1753 4578 ὀλί-
1785 4534 1827 4588 D
1857 4547 2091 4591 constat.
2245 4536 2371 4588 illuc
2408 4535 2586 4589 redeo.

176 4644 260 4694 γοι
316 4626 409 4677 καὶ
434 4624 544 4675 τῶν
572 4620 661 4691 ἐφ’
689 4621 845 4690 ἡμῶν
902 4621 1243 4689 πεπραχότες
1298 4617 1562 4671 ἑάλωσαν.
1623 4615 1762 4671 Ἀλλέ

178 4721 361 4772 ἐκεῖσε
385 4716 670 4782 ἐπάνειμι.

247 4812 345 4875 ς’.
392 4806 456 4859 Ὀ
485 4806 587 4874 μὲν
615 4804 687 4872 δὴ
712 4801 967 4872 βασιλεὺς
1010 4801 1140 4870 περὶ
1167 4798 1263 4863 οὓς
1303 4802 1622 4872 εἰρήκειμεν
1669 4802 1761 4854 τὸ·

182 4919 314 4962 κους
352 4897 487 4967 παρ’
524 4895 716 4947 ἐλπίδα
743 4893 842 4961 τῆς
874 4892 1085 4953 οἰκείας
1120 4891 1279 4961 ἔτυχε
1329 4894 1583 4960 τελευτῆς
1642 4893 1755 4963 (95)

180 4993 320 5045 κσιὰ
348 4993 411 5040 τὸ
444 4984 907 5054 ἑξακισχιλιοστὸν
936 4983 1358 5035 ἑπτακοσιοστὸν
1394 4985 1752 5051 ἐνενηκοστὸν

180 5086 401 5152 πρῶτον
417 5083 558 5140 ἐτος,
576 5075 722 5129 ὀκτὼ
742 5078 834 5127 καὶ
858 5075 1199 5142 πεντήκοντα
1220 5074 1358 5125 ἐτῶν
1374 5080 1677 5142 τυγχάνων.
1698 5074 1757 5126 '0

177 5175 221 5225 δ’
236 5176 348 5231 υἱὸς
366 5171 464 5223 καὶ
482 5168 734 5238 βασιλεὺς
751 5164 834 5236 [Ρ.
858 5162 951 5234 94]
969 5162 1307 5232 Ἀνδρόνικος
1326 5163 1437 5231 (96)
1459 5163 1757 5231 τηνικαῦτά

179 5265 371 5333 παρὼν
406 5264 483 5330 μὴ
507 5264 589 5314 ὅτι
618 5277 681 5326 γε
717 5262 813 5329 τῆς
854 5260 963 5319 τοῖς
1006 5255 1314 5324 βασιλεῦσιν
1363 5259 1755 5325 νενομισμένης

178 5361 278 5411 οὐκ
311 5356 512 5421 agema
544 5352 635 5403 τὸν
676 5338 887 5419 πατέρα
918 5350 1120 5417 ταφῆς,
1157 5343 1271 5398 ἀλλ’
1300 5347 1408 5398 οὐδ’
1451 5346 1611 5399 ὁποία
1660 5348 1758 5416 βα-

1928 4803 2014 4856 νι.
2066 4803 2357 4871 Imperator
2412 4801 2516 4854 illis
2573 4801 2626 4854 in
2672 4800 2826 4863 locis,
2871 4814 2991 4868 quae.
3042 4797 3175 4862 dixi,
3229 4806 3431 4866 praeter

1853 4908 2004 4962 spem
2035 4908 2186 4946 suam
2236 4890 2347 4945 lato
2378 4890 2598 4944 functus
2641 4899 2749 4953 est,
2778 4905 2923 4942 anno
2952 4889 3019 4941 ab
3047 4887 3181 4941 orbe
3211 4886 3431 4940 condito

1856 4988 2035 5043 sexies
2072 4986 2361 5038 millesimo
2397 4982 2551 5052 153
2574 4980 3059 5051 septingentesimo
3078 4976 3433 5046 nonagesimo

1858 5080 2050 5148 primo,
2078 5093 2249 5131 annos
2271 5087 2396 5130 octo
2452 5086 2502 5129 et
2543 5075 2938 5144 quinquaginta
2974 5083 3151 5126 natus.
3185 5070 3253 5124 At
3287 5069 3432 5123 filius

1858 5168 1974 5235 ejus
2031 5165 2324 5233 imperator
2370 5165 2733 5227 Andronicus,
2761 5164 2849 5230 qui
2890 5172 3019 5216 tunc
3070 5161 3279 5221 aderat,
3331 5172 3431 5225 pa-

1863 5270 1996 5309 trem
2034 5255 2379 5324 iii-peratoria
2429 5256 2713 5322 sepultura
2767 5253 2905 5308 adeo
2961 5268 3068 5305 non
3124 5253 3432 5313 honoravit,

1860 5359 1921 5401 ut
1956 5362 2026 5400 ne
2066 5346 2161 5398 \ili
2219 5347 2460 5414 quidem,
2505 5345 2682 5414 qualis
2725 5345 3009 5414 Opilicibus
3047 5355 3101 5397 et
3134 5343 3435 5397 fossoribus

1544 5465 1863 5525 Vartorum
1895 5471 2084 5527 notae.

251 5597 367 5667 (93)
398 5596 551 5667 Obiit
573 5594 824 5655 Michael.
852 5603 911 5648 ut
942 5590 1553 5667 scribitPaebyrncrcs,_
1574 5589 1632 5642 ll
1655 5587 1752 5641 Ja-

182 5660 362 5723 nuarii
402 5670 494 5719 die
532 5664 881 5723 Parasceves.
915 5679 1060 5716 anno
1090 5661 1304 5721 mundi,
1335 5674 1486 5726 puta
1516 5660 1755 5722 Graecos,

184 5740 317 5794 679|
352 5737 584 5807 (Christi
608 5736 767 5796 1385,
800 5733 984 5807 μεεε,
1011 5733 1136 5807 ρος.
1163 5730 1245 5801 21)
1277 5747 1400 5784 cum
1439 5734 1759 5807 imperasset

182 5799 373 5864 annos.
394 5807 488 5869 24,
524 5806 758 5872 demptis
792 5799 986 5866 diebus
1014 5804 1104 5862 20,
1126 5816 1190 5855 ac
1212 5799 1395 5853 annos
1430 5804 1656 5854 omnino
1689 5799 1757 5853 58

482 5900 767 5960 ΡΛτιιοι..
803 5900 924 5957 (in.
966 5893 1261 5958 CXLVIII

1868 5591 2113 5645 vixisset.
2177 5590 2402 5643 Ducam.

1942 5664 2054 5731 (90)
2099 5662 2421 5730 Pachytner.
2449 5657 2544 5713 lib.
2568 5674 2645 5721 vt,
2677 5674 2798 5728 cap.
2825 5657 2883 5710 II
2913 5675 2929 5722 ;
2968 5656 3261 5717 I‘liranzes.
3278 5656 3373 5712 lib.
3394 5669 3434 5719 ι,

1868 5747 1989 5802 cap.
2019 5732 2071 5785 6.
2104 5732 2327 5784 υυολιιϐ.

3049 5886 3124 5948 10
