4248 6444
219 344 334 406 3m
518 337 591 410 [Α.
633 355 682 394 c.
732 339 864 393 mea
908 357 972 392 AD
1023 340 1183 412 I328]

1265 345 1708 406 BYZ.\N'I‘IN.-E
1753 349 2137 410 HISTORIA?
2188 355 2328 414 LIB.
2367 357 2461 416 VI.

2540 354 2682 422 [tum
2730 369 3011 410 ASDRONIC.
3055 356 3203 429 sum]

3368 363 3481 429 306

220 456 478 518 λαϐόντες
496 456 638 517 τινὶς
665 457 1080 524 διασπαράξωσι
1108 457 1295 509 τούτον
1325 458 1626 526 δραμόντες
1658 458 1801 524 ἑξαί-
1835 471 1871 521 Α

1798 489 1801 496 ι
1835 471 1871 521 Α
1906 473 2010 525 rat,
2047 466 2350 529 patriarcha
2378 467 2670 537 Iosephus,
2705 473 2896 526 morbo
2928 483 2979 528 et
3011 475 3165 528 senio
3195 475 3475 530 confectus

220 566 385 617 φνης.
426 548 662 617 Ἀνήχθη
698 549 742 600 δ’
779 548 937 610 εὐθὺς
968 551 996 601 ό
1036 549 1112 618 τῷ
1168 550 1354 617 Βέκκῳ
1396 554 1661 618 πρότερον
1695 567 1798 602 πα-

219 640 556 707 ραχωρήσας
598 639 692 692 τοῦ
744 638 935 706 θρόνου
998 641 1345 710 πατριάρχης
1390 641 1611 711 Ἰωσὴφ.
1663 643 1804 708 νόσῳ

1909 569 1972 606 ac
2006 563 2149 607 totus
2179 557 2291 624 jam
2321 573 2546 624 vergens
2570 561 2635 612 ad
2669 562 2954 627 tumulum,
2984 578 3092 632 quo
3121 563 3268 619 illum
3303 579 3424 619 man
3454 594 3478 606 -

1912 644 2047 696 festa
2080 649 2266 699 mortis
2295 650 2550 716 praeludia
2586 653 3003 720 Compellebant.

219 734 314 784 καὶ
350 732 496 800 γήρᾳ⁵
551 730 628 800 (4)
685 731 748 783 τὸ
781 730 938 800 σῶμα
993 732 1517 801 καταπεπονημένος
1565 733 1667 804 ήδη
1699 732 1791 785 καὶ
1830 731 2101 806 λαμπροῖς
2128 740 2221 789 τοῦ
2253 740 2487 794 θανάτου
2557 745 2667 806 τοῖς
2738 747 3045 815 προοιμίοις
3081 746 3160 810 είς
3191 746 3282 799 τὸν
3308 746 3476 813 τάφον

218 824 342 885 ὅλος
373 819 858 888 συνελαυνόμενος.

291 919 368 974 1".
403 921 542 972 ’Δλλ“
573 922 762 988 ἐπειδὴ
787 923 1186 992 κοσμοκράτωρ
1219 921 1260 973 δ’
1279 919 1522 980 διάϐολος
1548 918 1642 972 τοῦ
1671 917 1806 971 ιιίῶ-

219 1028 311 1071 νος
342 1012 539 1064 τούτου
573 1013 818 1064 καλεῖται
850 1013 1002 1082 παρά
1028 1015 1094 1082 τῇ
1127 1013 1247 1082 θείᾳ
1281 1011 1470 1079 Γραφῇ
1502 1012 1596 1064 καὶ
1623 1008 1808 1079 ἄρχων

221 1101 318 1154 τοῦ
379 1103 662 1172 περιγείου
724 1103 878 1156 τοῦδε
935 1105 1137 1171 κόσμου
1187 1101 1516 1170 καθέστηκε,
1582 1099 1807 1169 τρόποις

225 1195 1016 1266 ἀπορρήτοις,συγχωροῦντος
1063 1194 1155 1248 τοῦ
1204 1197 1273 1248 τά
1327 1195 1506 1248 πάντα
1540 1193 1804 1263 δημιουρ-

221 1287 451 1353 γοῦντος
481 1285 639 1350 Θεοῦ,
679 1285 825 1349 εἰκὸς
873 1288 1036 1339 αὑτὸν
1084 1289 1203 1339 κατ’
1248 1285 1390 1356 ίχνος
1431 1287 1661 1339 ἔπεσθαι
1710 1288 1803 1338 κα)⁵

218 1383 332 1437 τοῖς
364 1379 710 1443 γιγνομένοις
735 1380 792 1429 ὲν
821 1377 956 1444 τῷδε
983 1376 1059 1443 τῷ
1092 1378 1283 1445 κόσμῳ
1315 1378 1409 1430 καὶ
1440 1378 1510 1430 τά
1541 1378 1639 1446 μὲν
1676 1378 1804 1445 κλῆ-

225 1487 319 1536 ρον
347 1469 547 1522 ἑαυτοῦ
577 1469 835 1533 καθάπαξ
858 1471 1152 1535 ποιεῖσθαι,
1179 1471 1353 1524 ὁπόσα
1382 1471 1577 1532 κακίας
1605 1473 1801 1538 μεστά,

220 1565 334 1622 τοῖς
364 1561 422 1613 δὲ
459 1563 650 1630 μοῖραν
684 1562 829 1630 ἔχειν
868 1562 1150 1632 ἡντιναοῦν
1187 1564 1278 1614 καὶ
1308 1563 1466 1624 αὐτὸς
1502 1563 1673 1615 ὁπόσα
1692 1563 1803 1616 τῶν

224 1651 523 1719 βελτίστων
577 1653 881 1720 ἐπεφύκει·
941 1652 1194 1721 καθάπερ
1225 1655 1334 1706 τῶν
1387 1653 1692 1721 ἀνθρώπων
1748 1656 1796 1706 oi

221 1744 402 1812 χῶρόν
426 1761 546 1797 τινα
576 1745 992 1814 κληρωσάμενοι
1049 1745 1241 1797 ἔπειτα
1291 1747 1416 1808 τοὺς
1457 1746 1798 1808 ἐνοικοῦντας

220 1836 684 1904 δασμολογοῦντες
715 1839 808 1890 καὶ
845 1838 1036 1907 μοῖραν
1071 1838 1280 1892 ἐκεῖθεν
1310 1839 1525 1906 ἐτήσιον
1553 1839 1801 1907 ἀπολαμ-

221 1928 481 1990 ϐάνοντες
512 1929 617 1982 ἀεί.
652 1922 804 1981 Εἶναι
834 1930 940 1996 γὰρ
972 1929 1118 1996 αύτῷ
1137 1947 1270 1998 φησι
1291 1929 1399 1982 τῶν
1429 1930 1798 1991 ἀδικωτάτων,

221 2020 267 2069 εί
293 2019 500 2087 κόσμου
534 2018 868 2088 καλούμενος
903 2020 1086 2090 ἄρχων
1125 2020 1313 2073 ἔπειτα
1350 2022 1423 2091 μὴ
1457 2022 1674 2076 πάντων
1701 2021 1800 2074 ὅσα

223 2111 376 2178 παρά
397 2111 496 2178 τήν
527 2114 630 2180 γῆν
651 2113 874 2181 νέμεται
904 2112 1016 2180 τῶν
1045 2115 1142 2182 μὲν
1173 2114 1410 2183 ἀρχηγὸς
1444 2111 1527 2184 εἴη
1567 2115 1662 2166 καὶ
1701 2115 1798 2167 αύ-

223 2205 536 2272 τοκράτωρ,
566 2204 674 2256 τῶν
703 2205 760 2257 δὲ
791 2205 1014 2275 μέτοχος
1044 2206 1273 2258 καθόσον
1301 2206 1498 2271 ἔξεστι.
1519 2207 1617 2258 Διὰ
1643 2205 1801 2259 τοῦτο

223 2299 316 2349 καὶ
339 2297 431 2349 ἵνα
457 2297 528 2367 μὴ
552 2296 984 2366 μακρολογῶμεν
1018 2295 1103 2368 [Ρ.
1131 2296 1221 2369 98]
1253 2299 1697 2367 παραδράμωμεν
1731 2300 1800 2351 τά

223 2405 277 2440 τε
304 2389 442 2442 ἄλλα
459 2389 551 2441 καὶ
574 2388 701 2451 τοὺς
732 2388 871 2442 κατά
893 2388 986 2442 τοῦ
1014 2388 1252 2460 Χριστοῦ
1285 2391 1378 2443 καὶ
1409 2391 1659 2459 Σωτῆρος
1677 2389 1802 2442 λυτ-

221 2483 500 2546 τήσαντας
548 2479 866 2544 Ἰουδαίουςο
915 2475 1060 2534 οὗτοι
1101 2482 1208 2551 γὰρ
1256 2483 1510 2549 καθάπαξ
1552 2486 1800 2551 ἐγένοντο

225 2572 429 2640 κλῆρος
454 2572 626 2640 αὐτῷ,
651 2571 788 2625 άλλά
817 2575 911 2626 καὶ
941 2575 1124 2635 αὐτοῖς
1150 2573 1242 2625 τού
1276 2574 1522 2643 Σωτῆρος
1552 2577 1663 2636 τοῖς
1693 2592 1798 2642 μα-

224 2666 417 2731 θηταῖς
455 2665 551 2716 καὶ
573 2663 895 2725 ἀποστόλοις
933 2663 1258 2732 προσϐαλὼν
1291 2665 1382 2717 τὸν
1416 2667 1508 2718 ἕνα
1548 2667 1800 2735 ἀφείλετο

225 2755 480 2823 καθάπερ
503 2757 623 2808 τινά
654 2757 820 2827 φόρον
857 2757 1197 2810 δεσποτικόν.
1247 2756 1481 2815 Ἔπειτα
1517 2758 1677 2827 ἐπῄει
1703 2761 1800 2822 τάς

223 2845 406 2908 τάξεις
439 2847 678 2913 ἁπάσας,
710 2848 834 2910 τοὺς
863 2850 922 2901 ἐν
957 2849 1108 2918 ὄρεσι
1139 2849 1232 2902 καὶ
1257 2850 1538 2917 σπηλαίοις
1568 2851 1801 2904 ἀσκοῦν-

224 2955 344 3000 τας,
395 2941 521 3001 τοὺς
550 2940 660 2993 τῶν
714 2940 1020 3010 ἐκκλησιῶν
1089 2941 1462 3006 ἐπισκόπους,
1511 2943 1638 3004 τοὺς
1691 2942 1800 2996 τῶν

1976 917 2060 972 ll'l.
2108 919 2399 976 Enimvero
2438 940 2561 979 cum
2612 927 2863 981 diabolus
2917 931 2970 981 in
3027 930 3196 984 sacris
3254 930 3474 987 Litteris

1903 1007 2068 1078 hujus
2109 1015 2290 1066 mundi
2326 1017 2575 1082 princeps
2614 1019 2937 1086 appelletur,
2966 1029 3127 1087 atque
3163 1022 3329 1086 hujus
3367 1031 3472 1076 ter-

1903 1104 2158 1156 restrium
2199 1120 2378 1158 rerum
2417 1107 2784 1162 universitatis
2810 1119 2987 1163 rector
3009 1121 3341 1167 constitutus
3378 1115 3469 1178 sit,

1905 1193 2012 1246 Deo
2039 1196 2279 1249 omnium
2316 1209 2558 1252 creatore
2579 1202 2792 1253 areanis
2829 1202 3134 1256 rationibus
3166 1205 3217 1257 id
3243 1209 3467 1272 permit-

1904 1293 2077 1347 tente;
2112 1285 2389 1353 probabile
2415 1294 2498 1339 est
2526 1302 2650 1340 eum
2684 1303 2770 1341 res
2801 1303 2919 1356 quas
2955 1292 3038 1344 hic
3063 1303 3328 1360 geruntur
3352 1296 3474 1348 ιιιΙὶ-

1901 1375 2044 1444 genti
2071 1377 2485 1443 investigatione
2515 1379 2792 1447 persequi,
2818 1391 2868 1432 et
2893 1397 3010 1444 qua:
3036 1398 3259 1450 prorsus
3283 1383 3475 1453 depra-

1901 1475 2020 1517 vata
2045 1477 2193 1531 sunt,
2223 1466 2324 1520 sibi
2350 1482 2570 1534 prorsus
2599 1469 2877 1523 vindicare
2908 1488 2920 1524 :
2953 1486 3016 1523 ex
3047 1472 3268 1539 optimis
3291 1484 3471 1528 autem

1902 1555 2201 1622 portionem
2231 1559 2667 1625 qualemcunque
2692 1559 2961 1621 decidere,
2989 1577 3141 1616 more
3170 1563 3470 1630 hominum,

1902 1651 1990 1714 qui
2027 1649 2211 1717 praedii
2239 1649 2469 1717 alicujus
2501 1646 2900 1714 possessionem
2933 1652 3075 1706 nacti
3109 1655 3316 1708 colonis
3349 1671 3470 1709 vec-

1905 1740 2027 1809 tigal
2051 1741 2353 1807 imponunt,
2373 1751 2426 1794 et
2449 1740 2682 1810 aliquant
2712 1740 2837 1796 inde
2858 1743 3159 1811 portionem
3183 1750 3474 1813 quotannis

1903 1829 2229 1897 percipiunt.
2265 1827 2608 1898 Iniquissime
2653 1831 2798 1884 enim
2828 1846 3011 1885 secum
3061 1834 3144 1901 agi
3178 1834 3469 1898 existimat,

1901 1921 1992 1989 qui
2034 1920 2220 1974 mundi
2260 1921 2512 1990 princeps
2556 1931 2803 1985 vocetur,
2861 1923 2962 1976 nisi
3013 1940 3216 1989 rerum,
3268 1943 3386 1994 qua:
3420 1927 3476 1982 in

1904 2019 2044 2066 terra
2091 2023 2238 2075 sunt,
2281 2013 2415 2066 alias
2461 2013 2692 2082 imperio
2733 2023 2788 2067 et
2819 2017 3068 2080 potestati
3104 2032 3216 2071 sua:
3263 2019 3476 2088 penitus

1901 2101 2172 2170 subjectas
2217 2103 2435 2166 haheat,
2465 2103 2600 2157 alias
2631 2113 2895 2172 Quantum
2945 2105 3097 2176 161
3137 2106 3250 2161 fieri
3301 2119 3475 2177 potest

1903 2197 2212 2265 participet.
2258 2199 2440 2266 ltaquc
2491 2207 2631 2251 utet
2671 2197 2774 2250 alia
2819 2207 2874 2251 et
2919 2198 3065 2267 ipsos
3108 2197 3348 2262 JUtIEEOS,
3379 2202 3481 2272 ψιί

1903 2291 2104 2344 rabiem
2131 2305 2281 2343 suam
2314 2300 2503 2343 contra
2525 2289 2806 2343 Christum
2839 2288 3184 2345 Set-valerem
3210 2289 3474 2348 exercue-

1903 2393 2047 2446 rnnt,
2093 2386 2274 2436 studio
2320 2381 2603 2437 brevitatis
2634 2382 2949 2436 omittamus
2981 2384 3056 2450 (hi
3106 2385 3247 2438 enim
3298 2386 3466 2442 sol'u'a

1899 2471 2095 2526 diaboli
2121 2471 2404 2525 hmreditas
2432 2471 2700 2532 fuerunt).
2728 2471 2779 2522 in
2814 2470 2958 2540 ipsos
2986 2470 3288 2524 Servatoris
3309 2472 3460 2525 disci-

1901 2563 2054 2633 pulos
2101 2573 2260 2630 atque
2309 2561 2583 2631 apostolos
2635 2561 2776 2616 facto
2814 2563 3018 2630 impetu
3072 2577 3240 2615 unum
3293 2578 3356 2615 ex
3409 2563 3474 2616 iis

1900 2653 2141 2715 abstulit,
2196 2655 2362 2708 veluti
2418 2654 2679 2707 tributum
2734 2655 3002 2722 quoddam
3045 2654 3158 2707 ‘sibi
3215 2666 3470 2724 tanquam

1900 2746 2131 2816 principi
2157 2747 2424 2800 debitum.
2448 2745 2652 2799 Deinde
2679 2761 2866 2800 omnes
2895 2746 3116 2800 ordines
3144 2749 3472 2816 peragravit,

1901 2854 1995 2892 eos
2025 2839 2118 2906 qui
2153 2837 2205 2890 in
2255 2838 2531 2890 montibus
2579 2847 2634 2891 et
2679 2837 2954 2907 speluncis
2993 2839 3154 2891 vitam
3199 2849 3468 2892 austeram

1901 2930 2316 2999 profiterentur;
2348 2927 2603 2982 ECCICSIR‘
2635 2926 2954 2997 episcopos;
2987 2929 3227 2982 eruditos
3255 2929 3475 2998 dogma-

224 3031 514 3098 δογμάτων
573 3034 768 3100 σοφοὺς
817 3032 1130 3101 προστάτας
1159 3075 1172 3100 ,
1219 3034 1286 3087 τά
1348 3034 1457 3085 τῶν
1507 3033 1868 3103 μαρτύρωνϐ

1793 3035 1868 3095 με
1904 3033 2016 3074 tum
2060 3031 2522 3089 prepugnatores;
2554 3019 2798 3089 martyrii
2834 3018 3104 3073 athletas:
3135 3029 3188 3072 et
3228 3019 3470 3087 quamvis

228 3121 582 3191 παλαίσματα
605 3138 617 3150 ·
667 3123 762 3176 καὶ
794 3124 1127 3192 πανταχόθεν
1157 3125 1598 3194 άποκρουόμενος
1633 3124 1796 3178 καθόο

229 3231 321 3265 σον
372 3211 580 3265 ἀνωθεν
611 3215 644 3283 ή
696 3213 816 3266 θεία
867 3217 1135 3268 ἐπέταττε
1193 3215 1443 3286 δύναμις.
1497 3217 1648 3285 ὅμως
1697 3221 1798 3271 οὐκ

225 3307 452 3372 ἄμοιρος
470 3302 666 3366 τελέως
696 3303 1024 3374 ἀπήλλαξεν,
1054 3305 1191 3358 ἀλλά
1225 3306 1560 3376 πανταχόθεν
1610 3307 1799 3376 ἠρανί-

234 3406 368 3442 σατο
406 3391 578 3460 δῆμον
608 3392 855 3462 πολυειδῆ
889 3395 977 3446 καὶ
1003 3396 1316 3466 καινότερόν
1338 3413 1390 3449 τι
1413 3397 1797 3466 στρατόπεδον,

238 3477 302 3529 iv’
327 3475 440 3532 εῐεν
466 3482 614 3552 αὐτῷ
645 3486 1012 3553 συμμερισταὶ
1041 3486 1141 3554 τῆς
1172 3487 1471 3558 μελλούσης
1507 3489 1724 3556 φλογός.

300 3570 368 3623 A'.
399 3573 509 3624 Kal.
539 3573 633 3625 νύν
665 3575 710 3627 δ’
743 3575 930 3644 ἐπειδὴ
965 3576 1062 3645 τῆς
1113 3578 1326 3647 ἀγαθῆς
1377 3579 1552 3648 ὁρμῆς
1603 3581 1800 3634 ἀνακό-

230 3676 385 3710 πτειν
420 3659 520 3711 οὐκ
556 3656 667 3728 εἶχε
705 3663 796 3715 τὸν
833 3662 1078 3730 βασιλέα,
1105 3664 1364 3735 σύγχυσιν
1390 3668 1573 3736 ἕτερον
1599 3669 1798 3738 τρόπον

229 3749 443 3812 εἰσάγει
478 3748 571 3800 καὶ
601 3749 844 3802 κλύδωνα
893 3752 1097 3819 ἐγείρει
1130 3755 1269 3807 κατά
1315 3756 1412 3823 τῆς
1455 3755 1626 3824 καλῆς
1671 3759 1800 3826 ὀμο-

231 3840 379 3900 νοίας
423 3840 636 3909 ἐκείνης
675 3845 769 3894 καὶ
801 3843 1056 3913 ἀνέορτον
1086 3845 1269 3913 τίθησι
1305 3847 1405 3914 τὴν
1431 3848 1624 3917 καινὴν
1651 3849 1796 3900 ὲκεί-

231 3945 324 3996 νην
356 3929 552 3998 ἑορτὴν
593 3931 688 3981 καὶ
737 3935 1044 4003 πανήγυριν
1087 3938 1180 3988 καὶ
1215 3941 1462 4004 μιμεῖται
1513 3941 1612 4007 τὴν
1643 3941 1798 4011 Ἔριν

230 4019 468 4088 ἐκείνην,
518 4021 550 4088 ή
579 4021 637 4072 τὸ
664 4021 834 4089 μῆλον
866 4026 1005 4076 κατά
1034 4024 1160 4086 τοὺς
1186 4025 1404 4089 Θέτιδος
1449 4029 1542 4081 καὶ
1577 4030 1798 4099 Πηλέως

230 4107 422 4176 ἔρριψε
455 4109 663 4176 γάμους
685 4124 699 4138 ·
733 4110 760 4162 ὃ
782 4112 978 4180 πολλὴν
1007 4114 1263 4183 ἀνήγειρε
1297 4115 1477 4184 μάχην
1508 4121 1599 4170 καὶ
1629 4119 1798 4187 φλόγα

235 4198 491 4268 πολέμιον
513 4200 754 4270 ὕστερον,
782 4202 857 4266 ὡς
885 4205 933 4255 οἱ
964 4203 1070 4256 τῶν
1127 4206 1311 4274 μύθων
1345 4209 1552 4277 πάτρες
1589 4209 1798 4277 ἔφασαν

231 4292 451 4360 ποιηταί
471 4309 485 4323 ο
516 4294 548 4363 ἢ
580 4294 779 4361 μᾶλλον
816 4298 1066 4364 μιμεῖται
1098 4300 1225 4362 τοὺς
1253 4301 1468 4364 λύκους,
1499 4303 1549 4354 οἳ
1585 4302 1645 4354 τὸ
1676 4303 1798 4356 ποί-

1906 3110 2143 3180 undique
2172 3110 2570 3172 excluderetur,
2597 3121 2862 3179 quatenus
2892 3109 3084 3164 divinae
3115 3109 3472 3164 Providt‘ntize

1902 3203 2137 3258 decretis
2170 3202 2488 3270 jubebatur,
2533 3211 2711 3256 tamen
2766 3217 2870 3255 non
2928 3217 3152 3270 prorsus
3199 3202 3377 3256 inanis
3413 3212 3469 3255 et

1904 3307 2108 3347 vacuus
2128 3291 2279 3356 abiit,
2298 3292 2391 3346 sed
2419 3291 2780 3358 undecunque
2806 3288 3186 3343 multiformem
3211 3290 3469 3360 populum

1904 3382 2078 3453 coegit
2110 3393 2165 3438 et
2217 3399 2414 3437 novum
2460 3382 2749 3452 quemdam
2803 3380 3124 3445 exercitum,
3156 3383 3248 3452 qui
3286 3397 3469 3439 secum

1905 3475 2132 3530 ﬂammae
2168 3475 2463 3544 participes
2495 3485 2698 3529 essent.

1977 3568 2066 3622 IV.
2108 3566 2248 3620 Tum
2290 3576 2469 3620 autent
2499 3582 2620 3620 cum
2659 3566 3040 3636 imperatorem
3083 3581 3110 3618 a
3151 3565 3240 3633 pio
3274 3575 3469 3619 conatu

1903 3667 2152 3714 avertere
2176 3674 2284 3712 non
2318 3668 2521 3728 posset,
2549 3658 2654 3712 alio
2681 3669 2839 3726 pacto
2863 3657 3238 3712 confusionem
3267 3657 3468 3720 effecit,

1904 3760 1959 3806 et
2004 3750 2285 3820 pulchram
2323 3748 2466 3804 illam
2509 3749 2853 3804 concordiam
2888 3757 3207 3816 tempestate
3254 3749 3466 3800 dissen-

1904 3845 2120 3898 sionum
2153 3843 2410 3903 turbavit.
2445 3858 2508 3897 ac
2539 3858 2732 3898 novam
2758 3844 2899 3897 illam
2923 3841 3269 3896 festivitatem
3299 3840 3473 3908 publi-

1903 3950 2131 4004 camque
2183 3934 2418 3988 lcetitiatn
2471 3933 2716 3988 infestam
2773 3934 3026 3997 reddidit,
3065 3933 3281 3987 Eridcm
3320 3925 3467 3986 illam

1907 4025 2172 4088 imitatus,
2205 4041 2325 4095 qua:
2363 4041 2579 4095 pomum
2615 4027 2666 4079 in
2704 4024 2948 4080 Thetidis
2987 4036 3042 4078 et
3081 4024 3220 4079 Pelei
3264 4025 3469 4092 nuptiis

1907 4117 2155 4187 proiecit,
2201 4117 2344 4171 unde
2391 4126 2574 4186 postea
2626 4127 2831 4186 Magna:
2879 4131 3069 4187 pugna:
3120 4126 3174 4169 et
3236 4115 3463 4169 hostiles

1904 4207 2131 4260 flamma:
2156 4216 2356 4260 exerce
2394 4215 2541 4270 sunt,
2573 4208 2645 4260 uti
2671 4206 2970 4260 fabularum
3008 4216 3260 4273 parentes
3292 4215 3464 4273 poeta:

1906 4298 2143 4358 tradunt,
2173 4313 2236 4352 ac
2260 4298 2440 4367 potius
2469 4299 2716 4366 luporum
2757 4298 3062 4364 exemplum
3096 4305 3336 4359 secutus,
3372 4297 3466 4365 qui

235 4396 382 4441 μνιον
421 4379 820 4449 θορυσήσαντες
846 4385 1036 4438 ἔπειτα
1074 4386 1273 4457 ῥᾳδίως
1301 4387 1449 4440 ἔστιν
1479 4387 1514 4442 ἀ
1536 4389 1643 4442 τῶν
1668 4406 1798 4459 προ-
1827 4391 1875 4451 D
1899 4403 1912 4457 ί

1786 4419 1798 4430 -
1827 4391 1875 4451 υ
1899 4402 2057 4457 grege
2092 4387 2243 4456 prius
2273 4386 2534 4454 dissipato
2578 4388 2734 4441 facile
2766 4387 3054 4441 nonnullas
3090 4403 3220 4442 oves
3259 4391 3463 4458 abripi-

231 4467 409 4520 6άτων
471 4470 795 4538 ἁρπάζουσι.
843 4475 1262 4545 Παρασκευάζει
1324 4477 1545 4547 (5)7319
1603 4479 1802 4542 αὐτοὺς

229 4559 346 4627 διχῇ
383 4561 480 4612 καὶ
514 4565 672 4632 τριχῇ
699 4563 966 4618 διελέσθαι
999 4569 1137 4635 σφᾶς
1167 4568 1363 4632 αὐτούς
1383 4584 1400 4601 ⁶
1431 4571 1522 4623 καὶ
1548 4571 1668 4632 τοὺς
1701 4571 1802 4639 μὲν

244 4650 443 4720 Ἰωσὴφ
474 4648 610 4705 εἶναι
651 4657 842 4725 μερίδα
873 4659 1105 4725 φάσκειν
1144 4659 1238 4712 τοῦ
1271 4663 1634 4731 πατριάρχου,
1673 4663 1800 4725 τοὺς

231 4741 575 4809 δὲἈρσενίου
609 4746 702 4797 τοῦ
729 4747 895 4799 πάλαι
917 4747 1203 4812 θανόντος’
1238 4752 1330 4803 καὶ
1363 4753 1487 4813 τοὺς
1526 4753 1625 4822 μὲν
1661 4749 1800 4806 εἶναι

232 4835 410 4901 λέγειν
443 4836 534 4887 ὑπ’
576 4838 853 4906 ’Δρσενίου
909 4841 1294 4910 ἀφωρισμένον
1319 4844 1411 4896 τὸν
1444 4845 1666 4916 Ἰωσὴφ,
1716 4845 1799 4898 ὅτι

231 4925 434 4986 ζῶντος
462 4929 672 4981 ἐκείνου
705 4930 796 4982 τὸν
829 4931 1040 4984 ἐκείνου
1072 4934 1261 5002 θρόνον
1295 4935 1504 5006 εἰλήφει
1525 4953 1539 4968 ⁸
1573 4939 1696 4999 τοὺς
1744 4937 1801 5007 δὲ

231 5019 618 5088 καθῃρημένον
665 5015 805 5075 εἶναι
833 5027 1131 5088 κανονικῶς
1162 5028 1436 5096 Ἀρσὲνιον
1479 5030 1582 5082 ὑπὸ
1624 5031 1802 5101 πάσης

232 5111 326 5172 τῆς
350 5111 465 5160 τῶν
496 5111 614 5163 τότε
647 5113 929 5181 παρόντων
974 5115 1274 5184 ἀρχιερέων
1303 5120 1520 5172 συνόδου
1545 5139 1558 5152 ο
1594 5123 1718 5185 τοὺς
1746 5123 1802 5176 δὲ

234 5199 365 5250 ἇὶλα
423 5203 546 5253 κατ’
578 5203 902 5272 ἀμφοτέρων
938 5206 1237 5273 προτείνειν
1296 5209 1584 5276 κεφάλαια,
1618 5211 1691 5274 ὡς
1721 5214 1805 5264 ὲν·-

233 5290 425 5342 τεῦθεν
453 5293 860 5362 ἀναγκασθῆναι
887 5295 987 5362 μὲν
1019 5297 1108 5348 τὸν
1131 5298 1327 5364 Ἰωσὴφ
1361 5301 1452 5352 τοῦ
1479 5301 1668 5370 θρόνου
1691 5306 1802 5367 τοῖς

235 5383 583 5451 βουλομένοις
607 5387 955 5454 παραχωρεῖν
983 5385 1082 5454 (6),
1123 5387 1264 5440 δυοῖν
1291 5389 1474 5456 ἕνεκα,
1505 5393 1601 5460 τῆς
1631 5411 1688 5446 τε
1724 5397 1802 5448 εἰ-

1902 4491 2017 4532 unt.
2051 4477 2182 4532 Nam
2219 4493 2283 4530 eo
2331 4479 2534 4548 redegit
2572 4479 2854 4547 populum,
2886 4487 2942 4531 ut
2991 4479 3044 4532 in
3084 4481 3218 4534 (luas
3247 4489 3301 4533 et
3355 4490 3463 4535 tres

1899 4580 2076 4625 sectas
2105 4570 2465 4633 scinderetur,
2500 4585 2730 4638 quorum
2760 4570 2848 4623 alii
2878 4569 3098 4640 Josephi
3126 4571 3459 4640 patriarchm,

1899 4663 1988 4716 alii
2021 4661 2234 4716 Ansenii
2265 4661 2394 4715 olim
2431 4663 2626 4715 mortui
2660 4671 2839 4729 partes
2867 4671 3180 4726 tuerentur;
3215 4674 3378 4732 atque
3408 4674 3466 4718 ut

1902 4755 1990 4808 isti
2021 4754 2237 4823 quidem
2265 4753 2525 4814 dicerent.
2553 4753 2848 4822 Josephum
2882 4753 3228 4807 anathemate
3252 4755 3466 4823 percul-

1899 4861 2018 4900 sum
2045 4845 2210 4899 fuisse
2236 4845 2303 4898 ab
2340 4845 2494 4914 162
2521 4845 2768 4910 Arsenio,
2801 4844 2955 4912 cujus
2987 4846 3163 4898 adhuc
3199 4846 3471 4914 supersti.

1903 4937 1968 4991 tis
2001 4936 2183 4990 sedem
2230 4945 2577 5004 occupasset;
2614 4936 2688 4988 illi
2725 4951 2849 4990 veto
2889 4936 3266 4998 reclamarent,
3296 4951 3463 4989 cano-

1903 5029 2021 5083 t.icc
2068 5029 2372 5098 depositum
2426 5043 2545 5081 esse
2589 5028 2875 5081 Arsenium
2922 5044 2949 5079 a
2989 5037 3104 5081 toto
3148 5028 3463 5096 pontificum

1903 5120 1989 5190 qui
2030 5130 2140 5173 tum
2186 5121 2411 5172 aderant
2448 5117 2709 5181 concilio;
2740 5117 2828 5171 alii
2860 5118 3072 5185 utrique
3109 5115 3325 5171 factioni
3359 5117 3462 5172 alia

1903 5208 2126 5264 crimina
2159 5209 2474 5277 objicercut.
2505 5206 2872 5272 Quamobrem
2901 5205 3168 5274 Iosephus
3198 5223 3296 5260 sua
3329 5207 3463 5261 sede

1903 5301 2122 5355 cuilibet
2156 5299 2349 5353 cedere
2378 5306 2599 5352 coactus
2637 5306 2720 5352 est
2763 5299 2971 5352 duabus
3004 5299 3070 5351 de
3104 5298 3304 5364 causis,
3345 5305 3458 5350 tum

1904 5400 1957 5445 ut
1990 5407 2120 5460 pace
2143 5390 2456 5446 fruerentur
2487 5389 2521 5443 ii
2545 5390 2634 5458 qui
2659 5401 2878 5462 propter
2905 5390 3076 5458 ipsum
3103 5390 3460 5456 vexabantur,

1567 5577 1892 5638 Variorum
1928 5578 2108 5635 noue.

306 5689 378 5749 (4)
429 5687 745 5761 I’arltyttter.
818 5692 884 5761 tle
914 5693 1176 5760 Joseplto.
1241 5695 1396 5758 μόνον
1429 5699 1523 5751 οὐκ
1561 5697 1782 5761 ἄπνους,

231 5771 280 5812 et
315 5774 439 5827 cap.
473 5758 525 5824 6,
562 5760 765 5830 ἄψυχον
805 5756 912 5814 οἷον
935 5756 1152 5831 φόρτον,
1205 5756 1432 5822 Ducam.

1973 5698 2045 5758 (5‘;
2084 5694 2380 5766 Pachjmcr
2426 5715 2518 5756 vn.
2554 5697 2632 5758 ια,
2686 5697 2764 5760 l3,
2816 5697 2892 5755 Η,
2925 5699 3009 5750 2t.
3049 5697 3272 5766 Dccaacﬁ.

1969 5766 2042 5835 (6)
2077 5761 2418 5823 Andronicus
2466 5769 2755 5836 imperator
2780 5769 2830 5819 in
2882 5769 3020 5836 λογῳ
3056 5761 3462 5836 χρυσοδοόλλῳ,
