4248 6444
775 419 880 488 339
1023 416 1097 490 [Α.
1141 434 1197 473 ιι.
1233 418 1368 475 679i
1409 436 1474 472 AD
1509 413 1670 492 6836]

1956 421 2376 483 NICEPHORI
2415 407 2814 491 onmem:

3126 411 3259 486 [ων.
3304 427 3581 468 Ακοιιοκιε.
3627 409 3766 482 sese]

3912 408 4027 478 340

771 552 936 607 esset,
981 556 1172 596 omnes
1223 549 1426 595 tessera
1467 538 1630 594 veluti
1691 553 1952 593 conversa
1991 540 2238 610 irrupere
2287 539 2338 593 in
2373 543 2409 598 Α
2446 560 2448 569 ι

2373 543 2409 598 Α
2446 538 2740 608 τιστηρίων
2773 533 3064 604 ἀιέῤῥωγε
3117 533 3183 586 τά
3226 531 3325 598 τῆς
3353 531 3670 599 διαϐολικῆς
3705 529 3904 592 κακίας
3936 547 4028 582 νο-

773 634 1052 702 religiosas
1092 632 1281 686 domos
1316 630 1596 686 diabolica:
1638 629 2001 700 improbitatis
2032 642 2230 700 pestes.

845 720 1042 779 V.Seil
1076 739 1161 777 me
1221 722 1350 776 illud
1415 737 1553 792 pene
1609 722 1762 793 fugit.
1812 724 2058 777 Antehac
2103 724 2170 779 ab
2199 725 2340 779 anti-

774 816 1052 886 qui~si|nis
1096 828 1267 882 usque
1307 815 1645 884 temporibus
1682 823 1792 868 tum
1828 815 1950 868 aliis
1985 816 2146 869 rebus
2171 820 2344 870 abun-

777 903 1227 971 dabatEcclrsia,
1277 915 1388 960 tum
1445 905 1775 970 doctoribus,
1817 905 1909 975 qui
1961 907 2127 960 variis
2156 906 2345 962 diebus

777 997 1051 1064 variisque
1105 995 1157 1048 in
1191 995 1323 1049 locis
1356 995 1907 1064 Constantinopoleos
1937 994 2227 1055 docebant.
2257 995 2345 1051 hic

777 1082 996 1141 Davidis
1021 1085 1299 1155 propheta:
1331 1086 1594 1150 Psahnos,
1625 1085 1713 1140 ille
1745 1087 1893 1140 Pauli
1928 1089 2104 1158 magni
2131 1087 2347 1159 Episto-

777 1179 878 1238 las,
938 1176 1077 1232 alius
1136 1178 1461 1247 Evangelica
1520 1177 1816 1232 Salvatoris
1869 1189 2132 1249 prmcepta
2185 1187 2346 1234 :tum

776 1273 978 1343 singuli
1012 1282 1278 1342 quotquot
1331 1273 1654 1329 sacerdotali
1686 1289 1911 1329 munere
1965 1271 2345 1345 fungebantur,

780 1360 939 1434 185
971 1363 1206 1416 vicissim
1260 1363 1384 1416 inde
1410 1378 1504 1433 per
1533 1361 1722 1417 domos
1754 1371 1809 1417 et
1859 1345 2031 1418 tribus
2063 1372 2117 1418 et
2142 1365 2347 1429 curias,

777 1455 832 1508 id
865 1463 948 1509 est
1002 1455 1297 1524 parmcias,
1353 1453 1576 1508 verbum
1634 1454 1726 1508 Dei
1776 1453 2120 1524 praedicatum
2174 1457 2345 1509 ibant.

776 1543 1019 1613 Eratque
1061 1545 1191 1599 illud
1229 1544 1473 1598 divinum
1515 1544 1771 1614 quiddam
1829 1545 1881 1598 in
1914 1546 2020 1599 vita
2077 1545 2346 1611 humana;

780 1650 903 1690 vera
935 1635 1142 1691 scilicet
1187 1635 1464 1707 religionis
1525 1639 1910 1706 cognoscenda:
1971 1639 2122 1696 ratio,
2190 1651 2351 1710 atque

780 1724 848 1781 ad
877 1729 1132 1782 virtutem
1185 1729 1269 1782 via
1325 1738 1506 1792 certa;
1545 1739 1641 1782 aut
1695 1729 1874 1797 potius
1922 1728 2165 1798 quadam
2198 1734 2349 1800 quasi

782 1819 975 1889 rigatio
1005 1834 1070 1874 ex
1097 1835 1290 1890 magno
1338 1821 1655 1890 cmlestique
1697 1821 1845 1876 fonte
1893 1823 2105 1876 animos
2125 1823 2352 1877 audien-

2444 631 2684 696 σήματα.

2516 722 2588 774 E'.
2638 721 2779 774 Ἀλλ’
2806 720 2991 772 ἐκεῖνο
3031 716 3229 788 μικροῦ
3263 733 3329 786 με
3361 714 3704 785 παρέδραμε.
3739 712 4024 782 Πρότερον

2451 817 2559 885 γὰρ
2592 814 2650 880 ἐξ
2676 811 3051 885 ἀρχαιοτέρων
3082 809 3189 861 τῶν
3220 809 3432 878 χρόνων
3468 803 3840 876 παρειληφυῐα
3878 799 4024 868 μετὰ

2442 905 2550 960 τῶν
2571 908 2748 960 ἄλλων
2775 903 3001 977 ηὐτύχει
3034 902 3127 954 καὶ
3165 897 3500 954 διδασκάλων
3531 899 3564 966 ή
3610 894 3930 963 Ἐκκλησίαο
3965 891 4023 943 οἶ

2445 1003 2586 1055 κατὰ
2615 999 2906 1070 διαφόρους
2948 997 3162 1070 ἡμέρας
3200 998 3292 1049 καὶ
3337 994 3538 1056 τόπους
3582 995 3680 1060 τῆς
3721 993 4024 1044 Κωνσταν-

2446 1095 2809 1157 τινουπόλεως
2860 1094 3162 1152 ἐδίδασκον,
3204 1092 3244 1143 ,ὁ
3303 1089 3403 1157 μὲν
3455 1088 3525 1140 τά
3579 1081 3677 1137 τοῦ
3738 1081 4027 1153 προφήτου

2447 1189 2612 1259 Δαϐὶδ
2639 1187 2913 1258 ’ᾼσματα,
2946 1187 2972 1237 ό
3003 1184 3060 1237 δὲ
3087 1184 3183 1245 τὰς
3221 1180 3313 1234 τοῦ
3350 1174 3589 1250 μεγάλου
3609 1177 3822 1231 Παύλου
3871 1173 4031 1225 Ἐπι-

2449 1281 2664 1344 στολὰς,
2691 1281 2776 1352 [Ρ.
2809 1276 2930 1348 H3]
2961 1279 2988 1329 ὁ
3017 1275 3074 1328 δὲ
3102 1275 3226 1338 τοὺς
3269 1272 3662 1341 εύαγγελικοὶις
3691 1268 3787 1321 τού
3838 1267 4032 1331 Σωτῆ-

2451 1393 2542 1446 ρος
2579 1374 2802 1438 νόμους,
2837 1371 2928 1422 καὶ
2953 1369 3074 1422 καθ’
3102 1368 3310 1422 ἕκαστα
3350 1365 3511 1418 πάλιν
3538 1363 3652 1417 ὅσοι
3683 1362 3813 1431 περὶ
3872 1361 4032 1428 ἱερα-

2448 1466 2601 1519 τικὴν
2665 1457 2809 1533 ἦσαν
2865 1460 3085 1530 ἀξίωμα
3136 1459 3515 1529 περικείμενοι
3576 1455 3721 1507 κατά
3776 1449 4036 1520 διαδοχὴν

2451 1557 2661 1609 ἐκεῖθεν
2687 1551 2805 1606 κατ’
2840 1554 3024 1613 οἴκους
3057 1553 3150 1603 καὶ
3188 1549 3426 1618 πατριὰς
3468 1548 3644 1599 εἰπεῖν
3697 1543 3792 1597 καὶ
3829 1560 4038 1595 συναυ-

2450 1646 2572 1711 λίας
2613 1646 2723 1697 τῶν
2751 1643 3166 1712 παροικούντων
3193 1641 3282 1694 τον
3315 1641 3457 1693 θεῖον
3493 1637 3794 1708 ἐκήρυττον
3841 1631 4028 1701 λόγον’

2453 1740 2548 1792 καὶ
2589 1733 2655 1806 ἦν
2693 1736 2853 1791 τοῦτο
2887 1736 3030 1789 θεῖόν
3060 1752 3112 1787 τι
3142 1734 3328 1803 χρῆμα
3362 1731 3441 1802 τῷ
3469 1729 3569 1800 βίῳ
3617 1727 3710 1780 καὶ
3747 1728 3845 1794 τῆς
3878 1725 4038 1776 εύσε-

2455 1830 2608 1893 ϐείας
2639 1831 2936 1895 ἐπίγνωσις
2969 1825 3177 1896 ἀληθὴς
3201 1824 3294 1876 καὶ
3329 1822 3469 1892 πρὸς
3500 1820 3562 1871 τὸ
3601 1817 3766 1870 καλὸν
3801 1816 3995 1883 όδηγός
4021 1832 4033 1844 ·

782 1913 917 1965 tium
978 1911 1241 1977 irrorans,
1289 1913 1618 1983 eosdemque
1674 1912 1727 1967 in
1789 1913 1982 1968 melius
2045 1916 2249 1986 ﬁngens
2301 1894 2429 1970 etB

2387 1894 2429 1952 Β
2460 1922 2492 1994 ἢ
2528 1922 2730 1992 μᾶλλον
2748 1894 2953 1988 Ῠῶσπερ
2984 1894 3177 1987 ἀρδεία
3209 1935 3289 1976 τις
3319 1913 3427 1969 ἀπὸ
3458 1911 3705 1982 μεγάλης
3751 1909 3844 1960 καὶ
3880 1907 4033 1965 θείας

782 2019 1133 2073 componens.

853 2193 946 2253 νι.
987 2197 1185 2252 Verum
1209 2194 1540 2266 procedente
1561 2199 1802 2265 tempore
1819 2210 2090 2249 evanuere
2122 2194 2209 2250 illa
2241 2209 2360 2250 om-

782 2287 900 2351 nia,
933 2286 1082 2340 omni
1122 2284 1353 2340 honesto
1382 2299 1531 2338 more
1560 2284 1642 2337 bis
1692 2284 2031 2353 temporibus
2061 2287 2285 2351 abolito,
2308 2295 2362 2340 et

786 2377 1215 2449 lnlprofundum
1267 2377 1420 2446 quasi
1466 2391 1618 2431 mare
1668 2377 1939 2432 demerso.
1975 2376 2180 2431 Dehine
2213 2389 2362 2447 peste

788 2471 843 2527 in
880 2473 1014 2526 alias
1041 2469 1313 2526 Ecelesias
1355 2480 1631 2539 serpente,
1665 2468 1719 2521 in
1762 2477 1903 2522 terra
1937 2468 2102 2523 veluti
2124 2470 2358 2535 deserta,

787 2567 934 2621 invia
992 2575 1045 2621 et
1109 2567 1394 2634 inaquosa'
1426 2563 1594 2617 totius
1631 2561 1957 2617 Christiana:
1991 2562 2361 2618 universitatis

788 2659 986 2712 anima:
1018 2656 1084 2711 ad
1110 2655 1434 2711 hodiernum
1457 2669 1628 2724 usque
1659 2651 1801 2708 diem
1835 2664 2142 2707 versantur.
2177 2653 2360 2724 Itaque

787 2765 856 2807 eo
890 2749 1197 2805 insolentia:
1229 2763 1315 2803 res
1344 2757 1601 2818 provecta
1637 2756 1738 2807 est.
1780 2755 1838 2800 ut
1869 2745 2015 2800 oboli
2048 2747 2206 2801 unius
2240 2761 2360 2817 gra-

789 2845 864 2898 tia
907 2844 1161 2911 utrinque
1209 2840 1520 2910 juramenta
1555 2836 1998 2901 borribilissima,
2032 2836 2213 2906 qualia
2263 2852 2364 2892 nec

791 2933 1082 2990 scribentis
1117 2933 1364 2986 calamus
1403 2946 1628 2985 exarare
1661 2929 1891 2994 audeat,
1926 2931 2360 2997 interponantur.

789 3023 1077 3082 Exstincta
1104 3023 1249 3078 enim
1279 3023 1509 3076 rationis
1541 3021 1911 3089 doctrinaque
1934 3016 2213 3074 salutifera
2245 3019 2362 3073 luce

2460 2014 2644 2082 πηγῆς
2665 2009 2764 2074 τὰς
2791 2010 2970 2080 ψυχὰς
2991 2009 3099 2061 τῶν
3120 2007 3428 2061 ἀκουόντων
3453 2001 3679 2075 ἀρδεύου
3690 2017 3758 2053 σα
3784 1999 3878 2050 καὶ
3899 1998 4040 2049 ταῦ-

2464 2123 2563 2170 τας
2582 2108 2716 2178 πρὸς
2735 2105 2943 2172 ἀμείνω
2962 2103 3158 2158 πλάσιν
3171 2105 3264 2157 καὶ
3287 2098 3536 2154 σύνθεσιν
3560 2094 4036 2166 μεταπλάττουσα.

2573 2206 2646 2262 ς’.
2687 2198 2793 2252 Τοῦ
2826 2200 2880 2251 δὲ
2931 2197 3123 2267 χρόνου
3186 2194 3399 2263 ῥέοντος
3452 2188 3658 2258 φροῦδα
3683 2186 3750 2238 τά
3811 2181 4039 2236 τοιαῦτα

2467 2284 2644 2339 πάντα
2676 2285 2937 2353 κατέστη,
2974 2284 3155 2352 πάσης
3212 2281 3386 2350 καλῆς
3448 2275 3738 2347 συνηθείας
3794 2275 4038 2339 ἀνατρα-

2470 2374 2664 2444 πείσης
2694 2375 2751 2426 ὲν
2788 2374 2998 2435 τούτοις
3021 2373 3130 2433 τοῖς
3163 2370 3375 2442 χρόνοις
3413 2370 3507 2421 καὶ
3529 2363 3717 2434 ὥσπερ
3747 2365 3802 2426 ἐς
3835 2361 4045 2413 θαλάσ-

2469 2482 2567 2534 σης
2598 2464 2904 2532 καταδύσης
2939 2463 3241 2533 πυθμένας.
3278 2461 3386 2513 Καὶ
3423 2460 3522 2526 τῆς
3555 2457 3729 2525 λύμης
3791 2450 4046 2505 ἐντεῦθεν

2468 2560 2561 2612 καὶ
2582 2558 2717 2626 πρὸς
2738 2559 2837 2619 τὰς
2865 2557 3030 2620 ἄλλας
3081 2554 3411 2622 διαδοθείσης
3454 2548 3804 2619 Ἐκκλησίας,
3848 2543 4044 2609 ὥσπερ

2466 2652 2524 2702 ὲν
2553 2653 2621 2720 γῇ
2655 2651 2847 2719 ἐρήμῳ
2912 2650 3007 2701 καὶ
3059 2648 3245 2716 ἀϐάτῳ
3294 2645 3388 2699 καὶ
3442 2642 3679 2711 ἀνύδρῳ,
3733 2643 3930 2698 παντὸς
3982 2635 4045 2688 αἱ

2466 2741 2636 2811 ψυχαὶ
2664 2741 2755 2793 τοῦ
2787 2742 2894 2792 τῶν
2926 2737 3268 2810 Χριστιανῶν
3289 2734 3611 2806 πορεύονται
3674 2728 4044 2798 πληρώματος

2469 2835 2595 2903 ἄχρι
2629 2833 2722 2885 καὶ
2757 2835 2814 2894 ὲς
2848 2833 2945 2899 τὴν
2977 2831 3234 2898 τήμερον.
3268 2828 3431 2878 Ὥστε
3486 2825 3581 2877 καὶ
3643 2825 3698 2882 ἐς
3751 2818 4046 2877 τοσούτους

2470 2926 2831 2996 ἀνερῤιπίσθη
2858 2925 2919 2975 τὸ
2951 2920 3186 2992 πρᾶγμα
3205 2917 3518 2986 κολοφῶνας
3545 2912 3934 2980 ἀτοπημάτων,
3965 2908 4047 2967 ὡς

2472 3018 2565 3071 καὶ
2590 3017 2727 3086 ὑπὲρ
2755 3014 2873 3077 ἐνὸς
2899 3014 3085 3066 ὀϐολοῦ
3124 3009 3470 3080 ’ἑκατέρωθεν
3517 3009 3714 3076 ὅρκους
3771 3000 4046 3072 φρικωδε-

792 3118 979 3173 omnia
1033 3116 1469 3178 confunduntur,
1502 3114 1782 3183 plerisque
1821 3115 1874 3166 in
1909 3113 2126 3166 brutum
2173 3123 2360 3180 stupo-
2390 3122 2434 3183 ο

2390 3122 2434 3183 c
2469 3109 2695 3171 στάτους
2725 3107 2989 3175 γίνεσθαι,
3024 3105 3168 3166 οἵους
3200 3103 3310 3156 οὐδ’
3349 3102 3415 3154 ἄν
3472 3100 3718 3167 κάλαμος
3779 3109 4048 3183 γραμμα-

792 3225 908 3266 rem
960 3207 1391 3279 prolabentlhus,
1423 3222 1485 3261 ac
1509 3206 1727 3260 nemine
1760 3203 2073 3266 exsistente,
2115 3202 2207 3271 qui
2242 3214 2362 3268 qua:

792 3303 946 3358 utilia
996 3302 1142 3362 sint,
1178 3310 1233 3354 et
1271 3314 1379 3367 quo
1406 3298 1724 3353 discrimine
1759 3295 1932 3364 pietas
1969 3295 2035 3347 ab
2082 3293 2364 3363 impietate

795 3394 1172 3465 dignoscantur,
1204 3391 1374 3460 possit
1401 3405 1466 3442 ex
1510 3403 1569 3442 se
1601 3384 1924 3454 intelligere.
1957 3383 2157 3452 Ecquis
2182 3392 2363 3436 autent

793 3485 1165 3557 particulatim
1199 3492 1361 3550 queat
1387 3495 1557 3533 versa:
1611 3479 1663 3530 in
1699 3477 1852 3546 pejus
1883 3474 2137 3531 Ecclesia:
2185 3484 2363 3527 muta-

794 3577 1000 3630 tionem
1035 3585 1312 3631 enarrare,
1356 3583 1516 3637 quam
1568 3583 1671 3622 nec
1704 3565 2011 3637 patriarcha
2041 3579 2163 3619 cum
2204 3561 2367 3617 vellet

797 3665 1093 3723 emendare
1127 3661 1299 3731 potuit
1324 3660 1348 3714 ἳ

2467 3201 2603 3260 τέως
2635 3201 2820 3268 γρ)φῇ
2844 3195 3178 3267 παραδοῦναι
3205 3194 3500 3262 τολμήσειε
3517 3208 3529 3216 ·
3553 3188 3648 3257 τῆς
3671 3187 3778 3254 γὰρ
3808 3181 4046 3268 ζωτικῆς

2469 3287 2563 3340 τοῦ
2599 3266 2758 3352 λόχου
2793 3266 2887 3339 καὶ
2923 3266 3021 3352 τῆς
3061 3280 3408 3339 διδασκαλίας
3449 3279 3664 3336 ἀκτῖνος
3695 3266 4048 3335 σϐεσθείσης,

2472 3376 2605 3445 ὁμοῦ
2633 3378 2812 3428 πάντα
2843 3374 3034 3441 γέγονε
3056 3373 3334 3440 χρήματα,
3360 3367 3465 3419 τῶν
3498 3366 3764 3415 πλείστων
3806 3361 3885 3420 εἰς
3921 3354 4050 3410 ἀλο-

2473 3469 2597 3536 γίαν
2660 3464 3113 3526 ἐκπεπτωκότων,
3158 3463 3252 3514 καλ⁵
3305 3459 3404 3511 οὐκ
3462 3455 3612 3515 δντος
3677 3451 3772 3504 τοῦ
3833 3447 4053 3502 οῐκοθεν

2471 3558 2854 3628 ἐπιγινώσκειν
2876 3555 3176 3621 δυναμένου
3207 3554 3274 3605 τὰ
3304 3554 3550 3620 χρήσιμα
3584 3548 3674 3598 καὶ
3705 3544 3812 3595 τίσι
3845 3539 4051 3608 γνωρί-

2471 3669 2636 3721 σμασι
2689 3651 2971 3717 διέστηκεν
3033 3646 3284 3707 ἀσεϐείας
3347 3641 3618 3695 εὐσέϐεια.
3680 3635 3789 3688 Καὶ
3837 3633 3919 3694 τίς
3972 3631 4042 3684 ἂν

796 3759 1047 3829 δυνηθείη
1068 3724 1192 3809 καθ’
1218 3755 1423 3808 ἓκαστα
1443 3751 1541 3820 τήν
1567 3750 1709 3805 κατά
1741 3749 1938 3822 μικρὸν
1959 3749 2056 3819 τῆς
2105 3745 2438 3816 Ἐκκλησίας-
2505 3747 2596 3799 ἐπὶ
2628 3744 2688 3797 τὸ
2721 3746 2899 3813 χεῖρον
2958 3740 3210 3804 διεξιέναι
3268 3735 3584 3807 μεταϐολὴν,
3626 3732 3694 3800 ήν
3750 3724 3995 3796 διορθοῦν
4025 3726 4055 3776 ὁ

798 3857 1147 3925 πατριάρχης
1178 3851 1346 3904 θέλων
1384 3849 1445 3901 ού
1480 3849 1796 3918 δεδύνηται;

869 3947 982 4004 Vll.
1022 3945 1147 4000 Mihi
1172 3958 1300 3997 vero
1339 3943 1524 3996 mirari
1559 3943 1732 4006 subit,
1757 3941 1902 4010 quod
1946 3957 2068 3995 cum
2103 3945 2219 3996 hrec
2255 3941 2367 3997 ﬁeri

800 4047 1110 4110 Oporteret,
1151 4037 1466 4090 ineonsmns
1505 4034 1736 4087 fortuna:
1789 4033 2066 4088 temeritas
2114 4033 2233 4102 ejus
2289 4034 2366 4088 rei

800 4133 1007 4186 exitum
1047 4127 1337 4183 deduxerit
1390 4126 1457 4179 ad
1520 4125 1671 4178 illum
1727 4124 1900 4178 virum
1961 4125 2369 4193 tranquillitatis

802 4223 1117 4278 monasticze
1147 4222 1450 4274 alumnum.
1482 4219 1644 4288 186
1690 4216 2009 4286 Oportuisse
2065 4221 2208 4273 enim
2266 4218 2368 4274 Ec-

802 4315 1024 4369 clesiam
1075 4313 1147 4366 ita
1181 4311 1437 4374 desolari,
1477 4318 1532 4362 et
1586 4309 1731 4361 illius
1769 4310 2038 4376 primores
2089 4325 2211 4364 eum
2257 4321 2370 4364 toto

803 4404 1128 4458 clericorum
1161 4400 1350 4454 ordine
1403 4397 1609 4467 puniri,
1658 4397 1874 4465 sapiens
1905 4397 2135 4466 quisque
2173 4397 2372 4452 intelli-

2549 3939 2621 3993 Z'.
2660 3937 2814 4006 Ἐμοὶ
2842 3935 2897 3987 δὲ
2927 3932 3228 4001 θαυμάζειν
3256 3929 3521 3999 περίεστι.
3561 3927 3674 3987 πῶς
3733 3924 3850 3976 δέον
3893 3920 4055 3988 γενέο

2478 4026 2859 4090 σθαιτοιαῦτα,
2903 4023 3071 4077 ἔπειτ’
3096 4027 3154 4085 ις
3189 4022 3333 4075 τόνδε
3365 4019 3454 4071 τὸν
3483 4017 3581 4080 τῆς
3609 4017 3832 4086 ἡσυχίας
3862 4014 4054 4079 τρόφι-

2480 4141 2580 4195 μον
2611 4122 2776 4189 ἄνδρα
2816 4118 3080 4188 συνήλασε
3108 4115 3197 4167 τὸν
3237 4112 3425 4181 καιρὸν
3449 4113 3481 4179 ἠ
3513 4107 3610 4178 τῆς
3656 4109 3823 4174 τύχης
3847 4105 4056 4157 ἀστάθ-

2482 4235 2656 4287 μητος
2686 4208 3106 4285 περιπέτεια.’ἔ’δ
3139 4209 3236 4279 μὲν
3263 4209 3578 4278 γὰρχρῆναι
3597 4204 3694 4272 τὴν
3723 4198 4054 4270 Ἐκκλησίαν

2477 4308 2650 4368 οὕτως
2682 4303 3029 4375 ἐρημωθῆναι
3090 4301 3183 4353 καὶ
3218 4302 3313 4368 τὴν
3367 4298 3532 4364 δίκην
3574 4290 3878 4362 περιελθεῖν
3925 4289 4054 4349 τοὺς

2477 4401 2679 4467 ταύτης
2713 4391 2952 4458 ἐνδόξους
2990 4393 3083 4445 καὶ
3142 4387 3235 4456 ξύν
3305 4407 3370 4456 γε
3432 4388 3638 4446 τούτοις
3697 4385 3909 4436 ἅπαντα
3957 4377 4052 4430 τοῦ

806 4497 915 4564 git;
947 4511 1011 4548 ex
1045 4509 1152 4563 quo
1204 4505 1400 4560 nempe
1445 4489 1522 4542 illi
1573 4489 1947 4558 pmnitentiam
1995 4504 2181 4542 eorum
2207 4489 2295 4557 qui
2340 4504 2370 4543 a
2405 4494 2483 4548 D:

2405 4494 2448 4548 D
2477 4491 2682 4559 κλήρου
2708 4487 2796 4539 τὸν
2820 4486 3077 4558 ὁρμαθὺν,
3115 4481 3310 4554 ᾔδεσαν
3344 4478 3392 4533 οἱ
3417 4479 3481 4531 τά
3509 4479 3808 4545 πράγματα
3841 4471 4051 4541 κρίνειν

805 4585 1194 4642 communione
1240 4582 1557 4635 Latinorum
1599 4581 1803 4633 reversi
1845 4591 2000 4634 erant
2047 4595 2154 4634 non
2201 4579 2374 4633 admi-

807 4679 1027 4741 sissent,
1081 4677 1192 4729 imo
1238 4688 1333 4728 eos
1374 4671 1626 4725 maximis
1669 4671 1888 4740 injuriis
1918 4670 2246 4735 olfecissem,
2281 4685 2376 4725 co-

809 4767 989 4836 laphis
1027 4766 1189 4820 etiam
1224 4763 1469 4826 inﬂictis,
1499 4762 1729 4830 aliisque
1763 4762 1814 4815 in
1853 4762 1976 4817 illos
2003 4761 2209 4816 nefarie
2230 4777 2378 4815 com-

809 4861 993 4916 missis
1023 4877 1036 4925 ;
1067 4875 1186 4927 qua:
1218 4869 1271 4911 et
1310 4872 1411 4911 nos
1456 4872 1619 4926 supra
1659 4856 1897 4909 breviter
1925 4855 2377 4909 commemoravi-

809 4966 954 5004 mus.
1008 4952 1072 5003 Λι
1127 4948 1290 5016 hujus
1327 4947 1648 5016 patriarchae
1698 4946 2055 5012 temporibus,
2089 4947 2140 4998 in
2182 4945 2379 5014 quibus

809 5043 1018 5111 optima
1074 5041 1187 5093 hrce
1238 5054 1366 5108 spes
1399 5038 1644 5093 omnium
1683 5037 1896 5091 animos
1934 5038 2172 5101 subibat,
2205 5038 2379 5091 oritu-

811 5149 927 5187 ram
961 5132 1027 5186 de
1059 5141 1200 5184 terra
1231 5130 1510 5184 veritatem
1539 5145 1602 5182 ac
1633 5129 1699 5183 de
1730 5129 1868 5183 cmlo
1891 5130 2178 5198 justitiam,
2198 5130 2379 5182 omnia

810 5227 941 5279 huic
970 5225 1082 5292 spei
1110 5223 1344 5275 maxime
1379 5222 1652 5275 contraria
1687 5223 1958 5274 exstitisse
1981 5261 1993 5283 ,
2031 5237 2092 5274 ac
2121 5230 2179 5273 ut
2214 5222 2381 5274 inuti-

814 5320 958 5379 lem,
1018 5318 1069 5368 in
1111 5325 1485 5383 contemptum
1529 5313 1726 5365 abiisse
1766 5313 1928 5366 vitam
1987 5314 2377 5378 monasticam,

813 5413 1108 5479 ipsumque
1167 5410 1302 5460 adeo
1361 5405 1578 5458 virtutis
1632 5405 1867 5458 fructum
1901 5404 2157 5468 viluisse,
2192 5413 2380 5472 utpote

815 5506 910 5572 qui
971 5507 1022 5555 in
1061 5516 1326 5554 summam
1368 5498 1766 5566 improbitatem
1796 5497 2052 5549 lacillime
2085 5496 2378 5563 degenera-

812 5607 916 5658 ret,
954 5597 1004 5648 id
1041 5607 1350 5660 veroquam
1384 5607 1490 5644 non
1524 5588 1937 5643 admirationem
1972 5588 2201 5641 afferat?
2235 5588 2381 5652 Quos

811 5704 919 5742 non
953 5688 1164 5740 animos
1196 5690 1572 5745 commoveat,
1629 5691 1682 5734 et
1725 5680 1768 5735 si
1829 5691 2016 5734 natura
2068 5695 2164 5733 sua
2220 5679 2376 5733 ferrei

813 5781 922 5837 sint
957 5780 974 5831 ?

2477 4582 2674 4643 εἰδότες
2697 4579 2893 4649 ὀρθῶς.
2926 4578 3018 4646 ἀφ’
3045 4572 3104 4630 οὗ
3135 4577 3230 4644 τήν
3264 4573 3550 4642 μετάνοιαν
3577 4570 3683 4620 τῶν
3738 4568 3798 4618 ἐκ
3831 4583 3894 4633 γε
3951 4566 4052 4632 τῆς

2477 4675 2583 4726 τῶν
2612 4671 2857 4725 Λατίνων
2897 4667 3177 4727 κοινωνίας
3207 4663 3602 4716 ἐπανελθόντων
3626 4660 3748 4712 οὕτε
3791 4658 4057 4726 προσεδέ-

2480 4766 2636 4828 ξαντο
2676 4763 2769 4816 καὶ
2783 4763 2850 4813 τὰ
2879 4760 3109 4829 μέγιστα
3137 4756 3628 4826 προσηδικήκεσαν,
3674 4749 3964 4809 κονδύλους
3996 4764 4058 4799 τε

2480 4856 2811 4915 ὲντείναντες
2860 4854 2953 4904 καὶ
3015 4849 3184 4902 τάλλα
3235 4848 3345 4899 τῶν
3397 4845 3668 4914 ἀθεμίτων
3717 4843 3803 4894 ἐπ’
3860 4842 4058 4902 αὐτοὺς

2481 4947 2824 5019 πεπραχότες
2849 4962 2863 4976 ·
2899 4938 2972 4996 ὧν
3005 4945 3096 4994 καὶ
3118 4940 3273 5010 ἡμεῖς
3299 4940 3554 5007 ἀνωτέρω
3610 4937 3842 5004 μετρίως
3881 4934 4058 5004 ἐμνή-

2484 5039 2690 5104 σθημεν
2709 5053 2724 5070 ο
2746 5037 2806 5089 τὸ
2835 5035 2878 5087 δ’
2900 5036 2956 5086 ὲν
2983 5036 3092 5094 τοῖς
3115 5032 3266 5083 τοῦδε
3299 5026 3794 5096 πατριαρχεύοντος
3817 5026 4057 5094 χρόνοις,

2481 5131 2536 5181 ὲν
2561 5120 2639 5190 οἷς
2674 5127 2707 5197 ή
2736 5125 2842 5178 τῶν
2877 5125 3105 5178 ἐλπίδων
3137 5122 3384 5192 βελτίστη
3415 5121 3510 5181 τὰς
3539 5121 3755 5170 πάντων
3809 5115 4056 5186 περιέθει

2481 5217 2679 5286 ψυχας,
2713 5219 2789 5277 ὡς
2823 5215 3045 5282 ἀλήθεια
3075 5215 3137 5264 ὲκ
3162 5211 3260 5279 τῆς
3301 5211 3401 5278 γῆς
3425 5208 3670 5261 ἀνιτελεῖ
3722 5206 3811 5259 καὶ
3844 5207 4058 5258 δικαιο-

2486 5311 2615 5378 σύνη
2646 5311 2707 5360 ὲκ
2727 5307 2818 5359 τοῦ
2856 5305 3109 5375 ούρανοῦ,
3140 5305 3314 5355 πάντα
3346 5301 3805 5370 συμπεπτωκὲναι
3859 5299 4060 5349 τάνανο

2481 5403 2716 5455 τιώτατα
2763 5400 2854 5452 καὶ
2900 5396 3348 5466 περιυϐρισθῆναι
3394 5395 3491 5463 μὲν
3545 5393 3618 5452 ὡς
3682 5393 3909 5459 ἀνόητον
3965 5391 4056 5441 τὸν

2483 5492 2707 5561 ἡσύχιον
2765 5482 2902 5558 βίον,
2959 5486 3410 5556 περιυϐρισθῆναι
3443 5483 3499 5534 δὲ
3556 5482 3647 5534 τὸν
3699 5483 3797 5547 τῆς
3853 5479 4060 5548 ἀρετῆς

2486 5583 2714 5652 καρπὸν,
2765 5582 2835 5642 ὼς
2892 5582 3061 5649 ῥᾷστα
3101 5581 3234 5647 πρὶς
3275 5578 3332 5630 τὸ
3375 5577 3473 5644 τῆς
3513 5575 3708 5634 κακίας
3759 5574 4064 5640 ἀκρότατον

2485 5676 2914 5734 ditandi-twn,
2946 5672 3101 5723 τοῦτο
3129 5672 3184 5723 6‘3
3218 5669 3318 5722 ποῦ
3339 5671 3436 5721 ούκ
3464 5668 3528 5720 ἂν
3547 5666 3778 5734 ἀπορίας
3808 5664 4059 5725 ἐλαύ-θοις

2488 5767 2648 5830 Τίνας
2683 5765 2727 5818 ἐρ’
2766 5767 2862 5818 οὐκ
2907 5767 2970 5821 ἂν
3011 5764 3349 5820 καττιτείσειε
3401 5759 3598 5831 ψυχὰς,
3633 5759 3718 5811 καλ.
3751 5759 3797 5810 εί
3861 5756 4064 5826 σιδήρῳ

2487 5864 2584 5932 τὴν
2617 5861 2767 5933 φύσιν
2801 5862 3069 5924 ἐοίκασιι,
