4248 6444
776 389 890 461 347
1029 392 1103 464 [Α.
1143 407 1198 446 ιι.
1243 389 1377 449 6791
1425 406 1490 444 λυ
1527 388 1690 460 6856]

1977 393 2403 456 Ν-ΙΟΕΡῘΓΟΠΙ
2445 396 2488 455 G
2505 391 2848 454 R'EGUR.E'

3172 407 3281 449 me.
3325 406 3608 448 axonosuc.
3647 394 3786 466 δεῖν]

3932 399 4040 463 348

780 505 901 561 sive
936 503 1070 559 alios
1094 503 1414 558 sacerdotali
1446 502 1624 557 ordini
1653 502 1924 571 ascriptos
1952 519 1965 562 ;
2001 504 2132 554 item
2165 502 2218 554 in
2243 517 2358 554 om-
2395 508 2433 564 Α

2395 508 2433 564 Α
2464 504 2684 554 πάντων
2711 501 2848 570 ὁμοῦ
2883 499 3146 572 βασιλέων
3182 521 3238 556 τε
3283 505 3378 558 καὶ
3423 507 3726 577 ἀρχιερέων
3775 511 3870 563 καὶ
3928 514 4039 564 ὅσοι

782 610 879 649 nes
909 603 1024 647 tum
1063 594 1293 656 nobiles,
1331 603 1441 646 tum
1472 592 1741 661 plebeios,
1790 606 1884 659 per
1914 606 2052 662 quos
2079 606 2186 644 non
2224 607 2357 644 con-

782 701 999 741 cessum
1037 686 1140 739 sibi
1180 683 1814 751 fuissetﬁpatriarchalem
1852 683 2108 735 thronum
2138 682 2356 736 nonnisi

782 792 909 830 cum
943 776 1052 830 vita
1085 777 1413 842 relinquere.
1451 774 1580 827 Eam
1610 789 1739 826 vero
1758 773 2001 826 chartam
2024 774 2355 826 cumbarum

785 869 939 922 testis
990 868 1280 921 involutam
1317 867 1369 920 in
1413 867 1601 920 rimam
1637 866 1926 934 quamdam
1971 865 2155 931 injecit
2196 866 2358 918 unius

784 975 814 1011 e
847 958 1148 1025 parietibus
1189 956 1348 1024 192
1404 956 1623 1010 maximi
1675 957 1886 1025 templi.
1937 955 2012 1010 lbi
2048 958 2232 1009 charta
2267 957 2356 1009 illa

786 1064 882 1117 per
908 1065 1111 1103 annum
1164 1049 1434 1116 integrum
1485 1045 1662 1102 latuit.
1715 1048 1918 1102 Deinde
1953 1064 1983 1102 a
2015 1048 2196 1118 pueris
2221 1087 2236 1111 ,
2265 1052 2355 1117 qui

785 1140 968 1193 avium
993 1140 1150 1193 nidos
1176 1156 1273 1208 per
1309 1139 1574 1193 foramina
1605 1140 1966 1209 qu'azritabant
1989 1179 2003 1204 ,
2036 1149 2246 1210 reperta
2275 1150 2359 1194 est

787 1231 1192 1299 de°improviso
1237 1231 1463 1285 cont-his
1509 1231 1739 1287 inclusa.
1789 1232 1984 1286 Statim
2020 1246 2221 1286 sancue
2264 1232 2360 1284 Sn-

787 1323 929 1391 phize
959 1325 1108 1377 clero
1141 1324 1470 1388 ostenditur;
1515 1324 1821 1378 ostenditur
1852 1324 2182 1390 imperatori.
2220 1323 2356 1376 Tum

787 1426 848 1466 re
886 1413 1010 1467 inde
1056 1414 1108 1466 in
1139 1413 1295 1468 fama:
1335 1416 1494 1470 tubas
1520 1427 1736 1486 recepta
1778 1417 2021 1470 omnium
2055 1431 2213 1470 aures
2247 1418 2356 1471 eir-

787 1516 1113 1559 cumsonant
1143 1524 1155 1558 :
1185 1522 1378 1562 omnes
1406 1509 1484 1562 ira
1527 1510 1912 1576 incenduntur,
1943 1528 2005 1565 ac
2034 1511 2262 1565 fortasse
2285 1513 2359 1564 ir-

787 1597 1039 1663 ruptione
1090 1597 1228 1652 facta
1279 1600 1558 1655 hominem
1613 1601 2064 1672 discerpsisscnt,
2099 1603 2200 1657 nisi
2233 1604 2359 1656 huic

786 1688 931 1742 malo
955 1704 1251 1744 occurrens
1294 1693 1594 1761 imperator
1620 1707 1810 1748 eorum
1849 1695 2107 1762 impetum
2143 1709 2359 1763 repres-

791 1790 972 1834 SISSCI.

2463 590 2557 642 τοῦ
2587 591 2865 658 ἱερατικοῦ
2899 592 3206 660 καταλόγου
3244 594 3337 646 καὶ
3368 596 3484 648 ὅσοι
3510 596 3619 649 τῶν
3654 599 3712 650 ἐν
3759 599 3898 650 τέλει
3951 602 4043 652 καὶ

2464 685 2578 736 ὅσοι
2608 683 2703 734 τοῦ
2734 683 2929 753 δήμου,
2969 685 3051 736 ὅτι
3089 687 3162 754 μὴ
3217 687 3603 758 συνεγώρησαν
3668 691 4048 744 συναποθεϊναι

2463 779 2574 838 τοῖς
2613 777 2819 844 θρόνοις
2840 777 2931 829 τὸν
2966 777 3081 846 βίον
3101 798 3113 809 ·
3144 779 3203 831 δν
3231 781 3294 849 δὴ
3331 783 3422 834 xui
3448 782 3737 852 ὀστράκοις
3778 786 3914 835 τισὶν
3960 785 4048 835 ἐνο

2464 867 2682 936 ειλήσας
2709 867 2820 937 (66)
2843 869 2950 938 ὁπῇ
2987 887 3092 922 τινι
3146 871 3324 940 τοίχου
3353 872 3462 924 τῶν
3517 872 3612 924 τοῦ
3646 875 3902 942 μεγίστου
3942 875 4047 926 νεὼ

2467 958 2648 1024 φέρων
2708 959 3039 1031 ἐμϐέϐληκε.
3097 962 3372 1016 Διετέλεσε
3437 966 3617 1032 μέντοι
3675 968 4048 1035 κρυπτόμενος

2463 1044 2615 1112 οὗτος
2643 1052 2670 1103 6
2697 1053 2902 1122 χάρτης
2959 1056 3076 1107 ἐκεῖ
3103 1055 3224 1107 ὅλον
3263 1057 3526 1109 ἐνιαυτόν.
3592 1059 3825 1109 Ἔπειτα
3861 1076 4048 1128 μειρα-

2466 1145 2603 1209 κίοις
2632 1145 2741 1196 τισὶ
2779 1145 3018 1207 νεοττιάς
3043 1147 3099 1198 ἐν
3124 1148 3238 1210 ταῖς
3287 1148 3446 1209 ὀπαῖς
3503 1148 3795 1216 ἐρευνῶσιν
3820 1149 4048 1218 ὀρνίθων

2463 1237 2624 1290 τινῶν
2650 1236 3064 1305 ἀπροσδοκήτως
3087 1237 3394 1306 εὑρίσκεται
3422 1238 3702 1305 δεδεμένος
3726 1238 4041 1306 ὀστράκοις·

2465 1323 2582 1380 εἷτα
2631 1327 2987 1394 ἐμφανίζεται
3017 1328 3092 1395 τῴ
3133 1329 3318 1396 κλήρῳ
3348 1329 3444 1396 τῆς
3494 1329 3588 1379 τοῦ
3619 1328 3752 1380 Θεοῦ
3808 1329 4003 1395 Σοφεας
4029 1345 4042 1359 ·

2465 1420 2820 1488 ἐμφανίζεται
2852 1420 2928 1489 τῷ
2958 1419 3189 1487 βασιλεῖ.
3221 1420 3458 1472 Ἐκεῖθεν
3494 1422 3542 1470 οἱ
3568 1421 3660 1488 τῆς
3697 1423 3884 1490 φήμης
3915 1423 4046 1472 ἀπο·

2468 1513 2720 1575 λαϐόντες
2757 1511 3004 1574 κώδωνες
3059 1513 3275 1566 πάντων
3315 1511 3638 1583 περιηχοῦσι
3691 1513 3789 1574 τὰς
3842 1512 4044 1574 ἀκοάς·

2467 1605 2602 1672 πρὸς
2628 1603 2796 1674 ὀργὴν
2826 1605 3116 1674 ἐκκᾲονται
3150 1605 3345 1663 πάντες
3367 1621 3381 1635 ·
3422 1607 3513 1656 καὶ
3565 1604 3687 1672 τάχ’
3726 1604 3792 1656 ἂν
3825 1606 4049 1655 διεσπά-

2469 1694 2635 1764 ραξαν
2674 1695 3059 1763 ἐπιδραμόντες
3087 1697 3175 1747 τὸν
3209 1697 3516 1766 ἄνθρωπον,
3561 1698 3612 1747 εί
3653 1696 3727 1766 μὴ
3776 1696 3984 1761 φθάσας
4021 1697 4049 1748 6

2470 1786 2722 1855 βασιλεὺς
2749 1785 3060 1854 ἀνεχαίτισε
3086 1787 3185 1856 τὴν
3209 1789 3406 1857 ὁρμήν.

869 1871 956 1926 Ill.
1001 1873 1252 1944 Magnum
1295 1876 1399 1932 hoc
1443 1878 1705 1947 probrum
1750 1880 2051 1934 Athanasio
2079 1879 2219 1935 fuit:
2262 1881 2363 1932 hoc
2393 1867 2438 1925 Β
2537 1879 2546 1930 1

2393 1867 2438 1925 Β
2537 1879 2612 1933 I".
2644 1878 2814 1930 Τοῦτο
2863 1880 3032 1932 πολὺν
3090 1879 3336 1949 προσῆψε
3366 1880 3458 1934 τὸν
3503 1881 3690 1950 μῶμον
3717 1881 4045 1950 Ἀθανασίῳ’

793 1963 1008 2035 linguas
1041 1981 1229 2021 eorum
1260 1969 1352 2038 qui
1389 1969 1462 2022 illi
1499 1973 1978 2038 patrocinabantur
2011 1974 2356 2042 compressit.

792 2055 926 2108 Nam
957 2057 1226 2124 ejusmodi
1255 2074 1428 2127 paena:
1445 2058 1511 2114 ad
1547 2069 1805 2116 terrorem
1838 2073 1895 2116 ut
1926 2064 2220 2132 plurimum
2261 2080 2360 2117 cx-

787 2149 1037 2214 cogitatae
1095 2149 1320 2204 fuerunt
1373 2167 1403 2207 a
1451 2154 1620 2208 suris
1664 2155 1961 2221 ministris,
2024 2156 2177 2224 quasi
2211 2157 2359 2223 virga

796 2242 1044 2305 quadam
1080 2241 1382 2296 correctrix
1419 2243 1472 2296 in
1501 2258 1594 2297 eos
1629 2244 1722 2312 qui
1745 2244 1928 2298 divina
1959 2261 2066 2299 non
2104 2246 2238 2299 satis
2279 2262 2359 2300 re-

793 2339 1050 2384 verenter
1081 2334 1363 2387 tractaturi
1393 2344 1600 2389 essent.
1623 2336 1750 2390 ideo
1779 2337 1987 2392 scilicet
2011 2340 2361 2408 peccantibus

795 2437 1012 2491 pmnam
1055 2423 1298 2495 irrogant
1349 2429 1628 2497 sapientes
1655 2429 1885 2496 iudices,
1922 2439 1984 2497 ut
2013 2446 2108 2486 eos
2140 2432 2360 2487 incusso

795 2523 943 2568 metu
976 2532 1004 2569 a
1033 2520 1308 2584 peccando
1346 2521 1660 2574 deterreant
1687 2540 1701 2587 ;
1725 2512 2029 2577 clanculum
2058 2535 2236 2578 autem
2266 2541 2364 2593 pro

791 2609 900 2664 illis
927 2627 1118 2679 preces
1144 2611 1252 2667 Deo
1285 2613 1542 2670 ardentes
1569 2615 1837 2681 fundunt,
1884 2632 1953 2670 ne
2004 2617 2143 2672 forte
2186 2620 2360 2673 illos~a

795 2700 904 2754 Dco
927 2711 1202 2771 svparatos
1234 2720 1382 2759 mors
1426 2707 1707 2775 repentina
1750 2706 2005 2771 invadat.
2035 2709 2361 2777 diaboluqtte

791 2801 848 2845 et
896 2793 1014 2860 ejus
1053 2794 1264 2862 angelis
1308 2797 1662 2850 transmittat.
1709 2797 1770 2853 id
1815 2815 1945 2853 vero
1971 2800 2114 2868 quod
2145 2809 2258 2852 tum
2295 2801 2361 2854 ab

794 2881 1098 2938 Athanasio
1127 2885 1289 2939 fiebat
1327 2897 1443 2942 erat
1472 2903 1693 2956 prorsus
1738 2889 1861 2942 huic
1908 2890 2102 2943 rationi
2132 2900 2362 2944 contra—

793 2975 956 3028 rium.
989 2977 1172 3046 Itaque
1207 2977 1284 3043 id,
1312 2994 1435 3032 cum
1466 2979 1699 3033 alienum
1727 2983 1901 3034 visum
1928 2994 2065 3034 esset
2095 2998 2122 3034 a
2151 2982 2364 3049 salien-

792 3066 924 3119 tium
963 3067 1238 3132 instituto,
1272 3069 1324 3121 in
1353 3069 1644 3124 maximam
1675 3071 2152 3138 reprehensionem
2188 3074 2360 3126 virum

791 3157 1039 3213 adduxit.
1087 3163 1162 3215 Ac
1213 3161 1512 3230 imperator
1559 3163 1817 3232 quidem,
1865 3165 2028 3220 missa
2066 3166 2362 3219 Athanasio

2467 1972 2561 2023 xui
2593 1969 2708 2038 ἅμα
2741 1970 2847 2021 τῶν
2887 1970 3030 2039 ὑπὲρ
3071 1970 3235 2021 αὑτοῦ
3285 1970 3592 2022 λαλούντων
3643 1969 3740 2030 τὰς
3797 1969 4051 2036 γλώσσας

2468 2058 2772 2111 συνέστειλε
2797 2097 2814 2111 .
2842 2058 2921 2111 Tu
2949 2059 3058 2129 γάρ
3112 2060 3364 2130 ἐπιτίμια
3392 2059 3564 2113 ταῦτα
3601 2061 3832 2130 ἀπειλῆς
3889 2063 4051 2131 χάριν

2466 2156 2540 2218 ώς
2578 2156 2646 2208 τά
2708 2156 3006 2218 πολλάτοῐς
3063 2157 3384 2226 ίερωμένοις
3438 2159 3801 2228 ἐπινενόηται,
3857 2157 4051 2226 ὥσπερ

2465 2263 2548 2308 τις
2571 2245 2763 2316 ῥάϐδος
2786 2246 3101 2316 παιδευτικὴ
3126 2248 3265 2300 κατά
3287 2248 3398 2300 τῶν
3419 2249 3493 2318 μὴ
3518 2249 3730 2317 σεμνῶς
3747 2251 3855 2311 τοῖς
3881 2249 4050 2310 Θείοις

2465 2339 2783 2409 χρωμένων.
2810 2338 2894 2410 [Ρ.
2933 2339 3060 2410 118]
3087 2342 3188 2393 Διά
3236 2341 3343 2411 γὰρ
3371 2342 3529 2395 τοῦτο
3556 2344 3649 2397 καὶ
3668 2343 3915 2411 φανερῶς
3948 2343 4053 2412 μὲν

2467 2431 2759 2500 ἐπιτιμῶσι
2781 2435 2890 2494 τοῖς
2912 2433 3313 2502 ἁμαρτάνουσιν
3334 2436 3380 2486 οι
3403 2434 3609 2505 κρίνειν
3625 2435 3824 2496 εἰδότες
3847 2435 4050 2502 ὀρθῶς,

2467 2523 2534 2575 ἶν’
2567 2524 2967 2593 ἐκφοϐήσαντες
3015 2526 3366 2595 ἀποστήσωσι
3413 2526 3513 2596 τῆ;
3551 2526 3748 2586 κακίας
3773 2543 3787 2556 ο
3819 2527 4054 2578 κατόπιν

2470 2614 2514 2667 δ’
2571 2615 2710 2684 ὑπὲρ
2773 2617 2950 2668 αὐτῶν
3009 2615 3213 2686 Θερμάς
3268 2619 3600 2688 ἀναφέρουσι
3656 2618 3736 2686 τῷ
3775 2617 3891 2685 Θεῴ
3952 2619 4054 2679 τὰς

2467 2706 2651 2774 εὐχάς,
2693 2708 2766 2778 μή
2828 2724 2944 2769 πως
3014 2706 3274 2776 ἐξαίφνης
3300 2709 3326 2760 6
3359 2709 3584 2770 οάνατος
3611 2709 4054 2778 κεχωρισμένους

2468 2798 2646 2850 λαϐὼν
2673 2798 2767 2850 τοῦ
2811 2799 2943 2851 Θεοῦ
3007 2799 3351 2872 παραπέμψει
3402 2800 3478 2869 τῷ
3516 2799 3742 2868 διαϐόλῳ
3806 2801 3902 2851 καὶ
3938 2803 4056 2860 τοῖς

2469 2892 2721 2958 ἀγγέλοις
2755 2890 2942 2944 αὑτοῦ.
2977 2891 3050 2942 Τὸ
3097 2890 3151 2941 δὲ
3179 2889 3273 2942 νῦν
3327 2893 3712 2960 πεπραγμένον
3750 2889 4056 2958 Ἀθανασίῳ

2471 2984 2616 3037 ἅπαν
2649 2978 2715 3051 ἦν
2747 2981 3070 3034 τούναντίον.
3104 2980 3195 3034 Διὸ
3219 2981 3309 3033 καὶ
3336 2981 3428 3033 τοῦ
3468 2981 3576 3033 τῶν
3629 2980 3873 3033 εὐλαϐὦν
3926 2979 4057 3046 δίγο

2473 3092 2640 3142 ματος
2685 3073 2843 3136 δόξαν
2894 3073 3171 3140 ἀλλότριον
3236 3072 3444 3142 μέμψιν
3488 3071 3749 3141 μεγίστην
3799 3071 4057 3139 προσῆψε

2470 3165 2676 3235 τάνδρί.
2724 3167 2782 3216 ὐ
2826 3167 2925 3234 μὲν
2964 3165 3027 3234 δὴ
3068 3164 3320 3234 βασιλεὺς
3377 3163 3697 3225 ἀποστείλας
3748 3162 4058 3230 Ἀθανασὶῳ

793 3253 981 3305 charta
1013 3269 1177 3322 supra
1202 3255 1369 3320 dicta,
1395 3270 1611 3308 causam
1647 3255 1789 3308 illius
1831 3254 2085 3309 facinoris
2111 3257 2360 3310 sciscita-
2386 3230 2430 3285 ο

2386 3230 2430 3285 c
2471 3258 2562 3310 τὸν
2591 3230 2798 3326 χάρτην
2827 3230 2929 3326 τὴν
2956 3230 3134 3310 αἰτίαν
3162 3256 3352 3325 ἠρώτα
3379 3255 3473 3307 τοῦ
3497 3255 3795 3326 δράματος,
3828 3255 4055 3321 ἡμέρως

794 3343 974 3408 batur,
1011 3346 1249 3399 humane
1285 3361 1346 3399 ac
1385 3348 1617 3416 benigne
1650 3348 1769 3415 ejus
1801 3348 2160 3400 temeritatem
2207 3363 2364 3400 coar-

801 3451 974 3504 guens
1017 3437 1290 3506 simulque
1313 3438 1649 3507 exprobrans
1678 3438 1751 3491 illi
1778 3439 2017 3490 animum
2048 3438 2362 3492 illiberalem

795 3539 853 3581 et
883 3530 1266 3583 inhumanum.
1307 3531 1399 3583 Ille
1433 3547 1584 3592 vero,
1621 3531 1944 3597 pmnitentia
1971 3531 2178 3584 mollito
2212 3532 2364 3601 inge-

800 3619 928 3679 nio,
987 3619 1238 3686 pusillum
1297 3622 1541 3672 animum
1595 3623 1921 3674 causabatur
1978 3638 2039 3674 ac
2090 3622 2363 3677 tristitiam

798 3723 970 3760 suam.
1002 3708 1341 3778 Quacunquc
1365 3721 1547 3764 autem
1579 3711 1654 3764 sic
1687 3711 1899 3777 fierent,
1931 3713 2086 3780 193
2121 3729 2183 3766 ea
2215 3714 2364 3767 dice-

802 3798 893 3852 bat
925 3801 1040 3867 ipsu
1068 3802 1313 3855 veritatis
1339 3802 1546 3870 judicio
1571 3802 1723 3855 irrita
1753 3819 1896 3858 esse.
1930 3805 2152 3858 Veniam
2185 3806 2366 3873 itaque

801 3899 856 3942 et
886 3891 1035 3944 dedit
1066 3902 1122 3946 ct
1152 3892 1265 3946 dari
1300 3895 1401 3947 sibi
1434 3893 1608 3962 petiit.
1641 3895 1815 3963 Atque
1867 3895 1938 3949 ita
1977 3898 2123 3965 quod
2172 3907 2369 3966 praeter

801 3986 1046 4036 omnium
1103 3984 1418 4050 opinionem
1460 3985 1660 4040 factum
1705 3997 1861 4052 erat,
1898 3999 2156 4057 tanquam
2203 4007 2366 4046 scena

796 4090 860 4126 ac
888 4071 1065 4124 fabula
1097 4076 1291 4129 evanui

871 4163 962 4216 IV.
997 4163 1123 4217 Erat
1145 4175 1326 4218 autem
1360 4166 1578 4236 quidam
1607 4169 1848 4223 habitum
1888 4172 2249 4226 monasticam
2280 4189 2371 4243 ge-

810 4271 959 4317 rens,
995 4258 1214 4310 nomine
1245 4257 1501 4324 Joannes,
1541 4262 1630 4330 qui
1666 4262 1793 4315 olim
1843 4264 2000 4318 ducta
2036 4282 2204 4319 uxore
2240 4267 2372 4321 libe-

801 4361 891 4399 ros
917 4358 1254 4418 susceperat,
1279 4366 1450 4420 eaque
1480 4356 1676 4406 amissa
1702 4357 1972 4409 cucullum
2007 4358 2119 4424 ipse
2155 4375 2372 4429 quoque

805 4436 1094 4505 induerat;
1139 4443 1218 4495 vir
1244 4443 1354 4511 jam
1408 4454 1564 4498 a:tate
1595 4455 1905 4513 provectus,
1943 4458 2134 4503 natura
2167 4451 2232 4504 ad
2262 4453 2372 4504 vir-

2470 3352 2565 3403 xui
2592 3349 2982 3417 φιλανθρώπως
3021 3348 3118 3416 τῆς
3167 3347 3492 3417 προπετείας
3543 3346 3709 3399 αὑτοῦ
3777 3346 4057 3398 101011.13-

2475 3458 2632 3512 μενος
2662 3441 2754 3492 xui.
2781 3440 2896 3509 ἅμα
2929 3439 3343 3508 προσονειδίξων
3367 3439 3426 3490 τὸ
3449 3439 3546 3507 τῆς
3585 3436 3810 3506 γνώμης
3859 3454 4059 3505 μικρο-

2473 3531 2604 3596 φυές
2640 3531 2734 3582 καὶ
2780 3529 3218 3598 ἀφιλάνθρωπον
3246 3531 3273 3581 6
3318 3529 3372 3580 δὲ
3428 3527 3717 3596 μεταμέλω
3785 3527 4059 3593 συντὴξας

2471 3621 2531 3673 τὸ
2555 3617 2682 3690 ἦθος
2716 3621 3082 3690 μικροψυχίαν
3111 3622 3300 3690 ᾐτιᾶτο
3353 3621 3446 3671 καὶ
3486 3620 3681 3686 λύπην.
3716 3617 3796 3670 Tu
3838 3618 3883 3667 δ’
3911 3616 4060 3668 οὕτω

2474 3713 2735 3781 γινόμενά
2759 3730 2889 3782 φησι
2920 3715 3012 3764 καὶ
3043 3712 3310 3780 λεγόμενα
3337 3712 3517 3779 άκυρα
3549 3710 3759 3762 κεῖσθαι
3787 3712 3850 3778 τῇ
3873 3710 4060 3777 κρίσει

2473 3804 2572 3873 τῆς
2603 3804 2876 3871 ἀληθείας.
2906 3803 2996 3855 Διὸ
3021 3803 3084 3871 δὴ
3114 3804 3206 3854 xui
3241 3802 3588 3872 συγχώρησιν
3638 3801 3810 3852 ἐδίδου
3867 3818 3926 3852 τε
3962 3803 4062 3852 xui.

2475 3899 2654 3966 ἐζήτει
2674 3913 2686 3926 ·
2723 3895 2816 3948 καὶ
2836 3895 2977 3947 οὕτω
3005 3895 3253 3966 καθάπερ
3283 3896 3455 3965 σκηνὴ
3488 3895 3579 3947 καὶ
3600 3895 3787 3954 δρᾶμα
3813 3893 3873 3946 τὺ
3901 3895 4060 3961 παρά

2476 3990 2632 4055 δόξαν
2667 3987 2910 4058 πραχθὲν
2933 3987 3194 4043 διελύετο.

2551 4172 2624 4223 Δ’.
2659 4165 2770 4222 Ἦν
2821 4169 2878 4224 δέ
2927 4187 3009 4233 τις
3066 4169 3354 4238 μοναδικδν
3407 4172 3786 4240 περικείμενος
3845 4171 4059 4241 σχῆμα,

2478 4262 2650 4331 ὄνομα
2705 4263 2983 4331 Ἰωάννης,
3028 4263 3196 4315 πάλαι
3256 4262 3354 4330 μὲν
3412 4263 3632 4328 γυναικὶ
3672 4263 3925 4330 συζυγεὶς
3965 4268 4062 4314 καὶ

2480 4356 2683 4429 παίδων
2727 4356 2910 4423 πατὴρ
2982 4357 3282 4417 καταστάς,
3343 4353 3532 4406 ἔπειτα
3589 4354 3804 4424 θανάτῳ
3850 4356 4062 4424 ταύτην

2481 4447 2769 4499 ἀποϐαλὼν
2800 4447 2858 4497 τὸ
2887 4445 3174 4514 μοναδικὸν
3197 4448 3292 4498 καὶ
3319 4447 3479 4507 αὐτὸς
3514 4446 3716 4507 ὑποδὺς
3745 4446 4061 4515 τριϐώνιον,

804 4539 845 4581 ιι
866 4539 970 4582 tem
1003 4531 1204 4598 optimc
1228 4536 1562 4602 compositus
1601 4537 1669 4590 ob
1703 4553 1909 4594 morum
1940 4541 2367 4610 simplicitatem,
2406 4584 2446 4638 ι)
2479 4561 2481 4572 ι

2406 4584 2446 4638 D
2479 4539 2558 4608 τῷ
2592 4541 2767 4608 χρόνῳ
2795 4539 2934 4599 τέως
2965 4537 3345 4606 προϐεϐηκὼς,
3368 4539 3591 4606 ἀρεταῖς
3613 4539 3861 4604 φυσικῶς
3895 4555 4062 4604 προσ-

801 4620 1112 4675 Crmearum
1160 4623 1459 4679 litterarum
1497 4629 1654 4696 plane
1692 4631 1860 4693 rudis,
1892 4648 2083 4688 recens
2115 4635 2366 4704 Sozopoli

805 4711 856 4764 in
888 4713 1074 4768 urbem
1109 4717 1400 4784 profectus.
1429 4719 1478 4771 ls
1506 4721 1725 4775 decreto
1758 4723 2108 4792 imperatoris
2141 4735 2194 4780 et
2230 4729 2370 4782 sacri

799 4809 1010 4875 collegii
1069 4811 1338 4881 siill'ragiis
1377 4815 1796 4881 patriam-halent
1852 4819 2039 4872 sedem
2092 4829 2372 4888 occupat:

801 4901 902 4955 διώ
927 4919 1032 4969 quo
1059 4905 1307 4957 monachi
1333 4906 1470 4960 male
1503 4908 1692 4959 morati
1724 4924 1808 4960 res
1844 4924 1969 4962 suas
1999 4926 2028 4962 e
2049 4921 2374 4980 tempestate

797 5009 860 5044 at:
895 4997 1176 5064 naufragio
1223 4998 1274 5048 in
1330 5008 1502 5051 tutum
1529 5011 1745 5066 portum
1782 5002 2094 5069 pervenisse
2117 5044 2132 5066 ,
2171 5015 2223 5054 et
2257 5003 2375 5057 hic-

796 5100 940 5138 nntn
997 5088 1166 5142 inxer
1216 5101 1602 5146 commutatam
1670 5092 1952 5159 putabant.
2029 5092 2078 5146 is
2136 5092 2374 5149 Lichae-

2473 4629 2816 4700 ῳκειωμένος
2864 4628 2953 4681 διὰ
3001 4631 3099 4696 τῆς
3153 4629 3260 4682 τῶν
3293 4630 3513 4697 τρόπων
3556 4631 3888 4698 ἁπλότητος,
3931 4630 4061 4681 Ἐλο

2474 4724 2701 4791 ληνικῆς
2735 4721 2986 4784 παιδείας
3047 4722 3282 4790 πάμπαν
3335 4723 3624 4790 ἀμέτοχος,
3679 4722 3742 4773 ἐκ
3808 4723 4064 4786 Σωζοπό-

2473 4814 2611 4876 λεως
2639 4817 2717 4876 εἰς
2740 4815 2838 4880 τὴν
2869 4812 3262 4882 βασιλεύουσαν
3312 4813 3438 4882 ἄρτι
3487 4813 3928 4882 ἐπιδεδημηκώς.
3957 4811 4064 4868 05-

2471 4925 2561 4968 τος
2587 4907 2780 4977 γνώμῃ
2807 4907 3060 4976 βασιλικῇ
3092 4911 3187 4958 καὶ
3209 4906 3374 4975 ψήφῳ
3393 4907 3492 4973 τῆς
3530 4908 3811 4976 ἱερατικῆς
3833 4908 4061 4959 συνόδου

2471 5000 2563 5052 τὸν
2596 4999 2990 5068 πατριαρχικὸν
3024 4999 3332 5067 διαδέχεται
3361 4999 3549 5068 θρόνον
3572 5015 3584 5027 ·
3624 5001 3707 5068 ἐφ’
3753 4996 3813 5051 οὗ
3852 5001 3945 5053 xui.
3993 5001 4064 5052 τά

2473 5091 2775 5160 πράγματα
2801 5090 2946 5157 ἔδοξε
2977 5093 3086 5154 τοῖς
3122 5090 3231 5144 τῶν
3264 5089 3520 5160 μοναχῶν
3590 5090 3961 5159 κακοτρόποις
3998 5093 4063 5160 ἐκ

2144 5210 2476 5272 Variorum
2525 5215 2716 5269 noun.

802 5331 946 5384 inter
994 5331 1255 5398 eposcula
1301 5332 1603 5391 Athanasii,
1637 5333 1966 5402 παραίτησις
2011 5333 2109 5399 τῆς
2151 5331 2374 5401 πρώτης

801 5403 1164 5466 πιτριαρχίας
1217 5404 1402 5464 αὑτοῦ,
1459 5420 1621 5470 quain
1663 5420 1727 5456 ex
1789 5405 1877 5456 illa
1922 5406 2108 5456 charta
2164 5406 2372 5458 deeri-

801 5482 950 5540 ptam
1002 5471 1169 5526 fuisse
1217 5474 1395 5537 arguit
1436 5476 1546 5541 ipsa
1602 5474 1896 5530 verborum
1946 5474 2200 5535 formula,
2253 5490 2377 5542 qute

804 5552 986 5612 tamen
1022 5544 1072 5594 in
1106 5543 1292 5593 multis
1322 5543 1535 5595 diversa
1566 5554 1644 5595 est
1673 5543 1740 5595 ab
1767 5559 1849 5607 ea,
1881 5561 2000 5612 quzc
2030 5553 2207 5596 exstat
2233 5545 2374 5609 apud

802 5611 1216 5680 l‘acltymerem.
1267 5613 1321 5664 In
1369 5614 1568 5680 Codice
1621 5613 1787 5679 llegio
1835 5611 1913 5666 sic
1966 5615 2163 5678 legitur
2205 5631 2218 5664 :
2270 5615 2378 5680 Τῆς

801 5679 1037 5747 Χριστοῦ
1105 5683 1454 5750 Ἐκκλησῐας,
1483 5679 1562 5746 οἷς
1604 5687 1763 5743 αὐτὸς
1818 5681 1925 5736 οἶδε
1974 5686 2232 5752 κρίμασι,
2282 5679 2379 5750 τὴν

803 5754 1061 5816 φροντίδα
1085 5753 1389 5820 δεξάμενοι,
1417 5773 1467 5806 κ.
1497 5773 1543 5806 τ.
1583 5756 1632 5806 λ.
1667 5755 1885 5820 licliquc
1919 5756 2026 5807 vide
2053 5756 2190 5805 inter
2220 5757 2380 5810 Atim-

804 5823 1109 5892 nasiiopcra
1133 5823 1194 5876 dc
1218 5826 1399 5892 quibus
1418 5842 1600 5895 supra.
1626 5825 1992 5882 linus—tium
2029 5826 2126 5879 hac
2148 5827 2378 5878 formula

2472 5331 2720 5384 conferat
2763 5332 2954 5394 lector,
2985 5331 3029 5386 si
3076 5331 3212 5385 tanti
3246 5341 3350 5395 est,
3381 5348 3523 5392 eam,
3557 5347 3678 5400 quae
3704 5339 3881 5386 exstat
3911 5333 4059 5400 apud

2476 5403 2865 5488 l’acliytn'erenm
2900 5404 2993 5456 lib.
3026 5420 3083 5467 ll,
3115 5419 3235 5488 cap;
3272 5405 3362 5488 3‘5.
3399 5403 3612 5488 imitus.

2549 5471 2660 5532 (66)
2699 5473 3164 5542 Pachymeresait
3208 5474 3358 5526 δυσὶν
3395 5473 3717 5537 ἐκπώμασιν
3748 5471 4060 5542 ἐμϐαλὼν,

2477 5543 2622 5610 quod
2682 5541 2939 5595 Possinus
2987 5543 3398 5610 interpretatur.
3445 5545 3581 5595 rasis
3633 5541 3827 5593 duobus
3883 5546 4063 5594 taleis

2479 5561 2622 5610 quou
2682 5561 2939 5595 t'ossmus
2987 5561 3398 5664 Interpretatur.
3445 5561 3581 5595 rasis
3633 5561 3827 5593 (ιυυυυσ
3883 5561 4058 5594 ιεειειε

2479 5615 2713 5664 inclusit.
2750 5614 2859 5666 Vox
2897 5613 3080 5666 Grzet-a
3164 5630 3397 5679 στρακον
3432 5623 3726 5680 utrumque
3762 5613 4058 5680 signiﬁcat.

2478 5693 2533 5734 et
2563 5686 2812 5735 concham
2863 5695 2917 5736 et
2951 5695 3158 5734 testam.
3193 5685 3300 5753 Ego
3344 5695 3403 5737 ut
3437 5684 3504 5738 tle
3547 5686 3863 5736 (auc/tarum
3915 5685 4069 5736 testis

2480 5755 2685 5814 dictum
2721 5756 2925 5824 accepi.
2964 5753 3171 5808 BOIVIN.
