4240 6442
776 414 880 477 387
1069 410 1146 484 [ιι.
1200 428 1255 468 ιι.
1297 412 1426 469 679i
1476 427 1540 467 ,ιο
1581 410 1748 484 68551

2005 416 2050 474 Ν
2068 413 2434 474 [CEPHORI
2479 412 2874 474 GREGORAZ

3134 406 3271 479 ]m~.
3319 425 3603 465 ANDRONIC.
3645 411 3790 484 sem]

3978 415 4093 478 388

776 531 1013 596 versari,
1048 542 1310 602 tanquam
1347 532 1636 604 fugitivum
1674 533 1788 598 Dei,
1826 541 1876 586 et
1923 531 2248 586 violatorem
2285 531 2371 598 ju-

2481 531 2822 600 δραστηρίως
2853 529 3204 599 ἐπιτιθέμενα
3235 547 3247 560 ·
3281 530 3364 603 [Ρ.
3409 530 3535 602 138]
3566 532 3661 585 καὶ
3693 531 4094 603 διδασκόμενος

778 625 945 678 stitiae
977 623 1196 680 lortiter
1223 627 1575 681 uleiscentia.
1625 627 1774 681 Idem
1813 625 1906 680 ubi
1942 641 2066 681 sese
2095 627 2366 694 cognorit,

777 715 894 786 ipse
924 717 1027 772 sibi
1059 719 1360 789 praecipere
1419 729 1604 790 queat,
1650 737 1760 776 non
1817 721 2200 791 refragandum
2251 736 2372 776 esse

777 809 902 864 lata:
944 809 1213 866 divinitus
1267 813 1558 867 sententia:
1598 814 1780 883 qualis
1825 829 1889 869 ea
1919 830 2137 884 cunque
2168 814 2367 879 fuerit;

777 919 957 974 neque
998 904 1268 958 violenter
1301 905 1602 975 quidquam
1640 907 1930 978 agendum,
1965 907 2062 962 sed
2095 923 2191 962 sua
2225 917 2372 962 sorte

779 998 1157 1068 acquieseenti
1195 998 1494 1053 fallendum
1524 1009 1761 1072 tempus,
1797 1016 1861 1057 ae
1888 1002 1995 1055 vim
2025 1001 2372 1056 necessitatis

778 1089 1132 1157 adjutandam
1164 1091 1350 1160 potius
1379 1107 1542 1160 quam
1583 1093 2012 1165 impediendam,
2045 1096 2170 1149 licet
2215 1095 2373 1148 aliter

778 1193 900 1251 agat
925 1199 1026 1238 nos
1059 1198 1220 1253 quam
1253 1183 1538 1239 vellemus.
1576 1185 1762 1256 Longe
1789 1187 1937 1240 enim
1991 1187 2189 1241 melius
2245 1202 2371 1241 esse

782 1275 1146 1345 potentiorem
1174 1276 1284 1330 vim
1323 1278 1479 1347 sequi
1504 1279 1638 1332 nihil
1669 1279 1902 1350 agendo,
1939 1288 1996 1334 et
2025 1281 2219 1334 eodem
2246 1296 2369 1335 cum

781 1369 898 1439 ipsa
928 1369 1132 1439 impetu
1164 1370 1365 1441 abripi,
1389 1387 1554 1441 quam
1589 1373 1803 1441 agendo
1834 1374 2042 1444 aliquid
2082 1376 2371 1430 materiam

777 1462 943 1515 veluti
1001 1463 1249 1532 praebere
1299 1464 1473 1535 iniqui
1530 1466 1794 1534 temporis
1848 1467 2121 1521 violentia:
2173 1466 2372 1536 :quod

777 1555 1007 1624 perinde
1047 1555 1235 1622 fuerit,
1274 1571 1338 1612 ac
1375 1558 1419 1612 si
1460 1558 1582 1628 quis
1628 1557 1862 1614 flammae
1887 1560 2150 1630 impetum
2193 1559 2372 1614 refor-

778 1649 994 1703 midans
1027 1649 1206 1705 adhuc
1246 1652 1452 1706 circum
1499 1653 1642 1707 aedes
1690 1653 1938 1724 vagantis
1988 1669 2095 1708 non
2151 1654 2372 1724 quidvis

781 1741 1062 1806 moliatur,
1120 1757 1231 1812 quo
1290 1759 1409 1799 eam
1470 1745 1689 1815 longius
1746 1747 2000 1816 progredi
2055 1757 2224 1813 vetet,
2279 1756 2374 1801 aut

779 1833 940 1887 etiam
968 1847 1195 1902 prorsus
1243 1836 1572 1907 restinguat,
1617 1837 1712 1893 sed
1752 1850 2159 1894 sarmentorum
2209 1839 2372 1894 fasci-

2481 625 2630 687 ὅστις
2652 623 2780 676 ποτὲ
2808 625 2915 694 εἴη,
2939 623 3120 693 ἑαυτῷ
3153 625 3217 678 ἂν
3244 625 3391 696 παρή
3425 643 3473 678 ει
3500 627 3574 696 μὴ
3596 626 4092 693 αντιπαλαμᾶσθαι

2478 715 2616 786 πρὸς
2651 714 2750 782 τὴν
2783 714 2993 768 ἄνωθεν
3028 715 3372 784 κυρωθεῖσαν
3406 716 3589 786 ψῆφον
3611 759 3623 780 ,
3658 718 3820 770 ὁποία
3862 719 3986 769 ποτ’
4018 717 4092 770 ἂν

2473 801 2508 881 ᾗ
2534 847 2549 868 ,
2587 807 2722 875 μηδὲ
2756 805 2932 876 βίαιον
2963 805 3229 876 πράττειν
3260 807 3465 878 μηδὲν,
3497 807 3633 861 ἀλλὰ
3667 809 3900 878 μένοντα
3932 811 4091 862 κατὰ

2476 899 2665 970 χώραν
2699 899 2880 970 ἡσυχῆ
2915 899 3298 954 διαπεττεύειν
3331 903 3425 953 τὸν
3460 903 3653 974 χρόνον
3689 904 3783 955 καὶ
3820 903 4090 973 στέργειν

2479 991 2679 1062 μᾶλλον
2711 991 2808 1060 τὴν
2841 991 3145 1062 σύνδρομον
3177 991 3271 1046 τοῦ
3308 994 3567 1063 φέροντος
3602 993 3862 1064 ἀγωγὴν,
3901 1000 3998 1045 καὶ
4039 995 4090 1046 εί

2479 1087 2553 1154 μὴ
2591 1086 2734 1138 κατὰ
2771 1085 2997 1155 γνώμην
3029 1085 3280 1157 φέροιτο,
3313 1085 3346 1156 ἢ
3382 1088 3480 1157 τὴν
3510 1085 3853 1158 ἀντίδρομον.
3893 1088 3981 1139 [1ο
4007 1086 4092 1156 λῷ

2476 1179 2584 1249 γὰρ
2617 1179 2792 1249 δήπου
2829 1177 3042 1249 βέλτιον
3073 1178 3466 1248 ἀπρακτοῦντα
3497 1180 3574 1249 τῷ
3608 1181 3828 1250 φέροντι
3864 1185 4093 1249 συμφί-

2480 1271 2668 1338 ρεσθαι
2691 1312 2705 1336 ,
2743 1270 2775 1339 ἢ
2815 1270 3131 1340 πράττοντά
3167 1289 3217 1323 τι
3251 1270 3506 1340 καθάπερ
3544 1269 3679 1340 ῦλην
3713 1275 3978 1341 χορηγεῖν
4016 1277 4087 1341 τῇ

2479 1361 2822 1415 καθ’ἑαυτοῦ
2869 1364 3015 1435 φορᾷ
3056 1363 3150 1418 τοῦ
3198 1363 3416 1436 καιροῦ.
3446 1365 3674 1434 Ὅμοιον
3718 1364 3826 1435 γὰρ
3875 1367 3944 1417 ἂν
3991 1369 4086 1432 εή

2478 1455 2664 1522 τουτὶ,
2699 1456 2890 1528 ῶσπερ
2931 1457 2998 1510 ἂν
3033 1457 3086 1510 εί
3114 1475 3197 1521 τις
3243 1458 3414 1529 πυρὸς
3451 1459 3626 1530 ὁρμὴν
3661 1459 3849 1522 δεδιὼς
3893 1459 3976 1512 ἔτι
4016 1460 4090 1513 τὰ

2477 1546 2664 1616 κύκλῳ
2710 1547 3074 1619 περιθέουσαν
3114 1532 3471 1618 τῆςόίκίας,
3513 1551 3736 1603 ὀδ⁹ἁντὶ
3781 1551 3874 1604 τοῦ
3925 1555 4083 1621 πασῃ

2477 1639 2717 1709 χρῆσθαι
2765 1632 2986 1711 μηχανῇ
3026 1641 3058 1709 ἢ
3096 1640 3198 1711 τῆς
3237 1642 3426 1712 πρόσω
3468 1641 3785 1695 συστέλλειν
3820 1645 4001 1711 όρ;.ἧς
4050 1643 4084 1714 ἦ

2480 1730 2680 1784 παύειν
2724 1731 2957 1795 τελέως,
3003 1735 3302 1804 φρυγάνων
3344 1733 3585 1786 ἐπετίθει
3629 1735 3938 1803 φακέλλους
3985 1736 4087 1787 καὶ

2486 1824 2661 1878 ἔλαιον
2704 1825 2880 1896 ἐνέχει
2925 1827 3060 1880 πολύ
3087 1843 3101 1856 °
3142 1827 3174 1896 ἢ
3218 1826 3408 1896 ὥσπερ
3450 1827 3516 1880 ἂν
3552 1828 3720 1891 εἴτις
3762 1829 4088 1897 ἀπαρκτίου

779 1929 934 1984 culos
986 1939 1264 2002 congerat,
1301 1937 1356 1984 et
1392 1931 1623 1984 multum
1678 1931 1784 1986 olei
1840 1931 2092 1987 affundat
2131 1950 2144 1986 :
2181 1942 2277 1987 aut
2325 1934 2370 1987 si

2481 1917 2709 1987 σφοδροῦ
2740 1919 3139 1991 καταρρέοντος
3167 1914 3376 1975 ἄνωθεν
3399 1923 3493 1974 καὶ
3521 1921 3670 1975 δεινὰ
3693 1922 3829 1993 πρὸς
3861 1923 3922 1973 τὸ
3949 1926 4016 1974 κά
4031 1939 4090 1973 τ-

779 2025 904 2093 quis
940 2023 1255 2080 vehementi
1279 2024 1456 2077 Borea
1493 2024 1733 2096 desuper
1768 2025 2060 2095 ingruente
2091 2034 2145 2081 et
2178 2025 2373 2080 imma-

780 2133 879 2171 nes
912 2115 1113 2172 ﬂuctus
1142 2131 1238 2186 per
1263 2130 1495 2186 pronutn
1534 2132 1602 2169 ex
1649 2115 1772 2172 aliis
1821 2117 1960 2173 alios
2009 2118 2262 2174 volvente
2293 2128 2375 2174 ta-

782 2225 907 2264 men
943 2211 1197 2265 navicula
1223 2209 1421 2280 exigua
1450 2208 1698 2265 adversis
1723 2209 1988 2266 ﬂuetibus
2028 2212 2171 2266 ultro
2221 2213 2375 2268 navi-

780 2317 909 2372 gare
937 2302 1180 2372 incipiat.
1221 2301 1292 2356 Ea
1322 2303 1469 2358 enim
1517 2321 1636 2361 esse
1665 2305 1958 2374 ejusmodi,
1997 2314 2054 2360 ut
2087 2317 2373 2375 aspectum

780 2396 1006 2452 minime
1036 2396 1216 2450 laetum
1245 2398 1623 2467 jncundumve
1658 2402 1937 2469 praebeant
1992 2417 2004 2452 :
2055 2399 2220 2470 226
2266 2402 2376 2453 imo

781 2503 848 2542 ex
915 2505 1102 2542 carum
1170 2505 1352 2545 rerum
1420 2507 1653 2546 numero
1712 2507 1880 2556 esse,
1949 2508 2070 2560 qua:
2143 2491 2378 2545 maxime

786 2581 998 2635 infesta:
1059 2593 1211 2648 sunt,
1275 2594 1332 2638 et
1381 2586 1633 2639 ultimum
1698 2586 1926 2640 exitium
1997 2585 2183 2639 statim
2243 2584 2377 2639 affe-

784 2692 884 2729 l‘llﬂ
895 2688 932 2729 Ι..

857 2771 948 2825 Ill.
995 2769 1117 2825 llaec
1157 2773 1228 2824 ita
1271 2787 1328 2826 se
1372 2771 1595 2836 habere,
1635 2772 1678 2825 si
1705 2771 1851 2825 nulla
1885 2770 1989 2824 alia
2032 2771 2086 2824 in
2119 2773 2377 2842 prmsenli

784 2864 1032 2932 exmuplu
1084 2872 1404 2934 suppetant,
1439 2880 1504 2919 ea
1553 2877 1704 2919 certe
1751 2881 1872 2935 quae
1926 2866 2380 2935 liistemporibns

785 2958 1125 3022 acciderunt,
1174 2957 1394 3011 abunde
1451 2960 1836 3027 comprobent.
1897 2956 2031 3010 Nam
2089 2975 2214 3011 eum
2271 2956 2379 3013 Ro-

786 3051 1098 3104 mani-nihil
1127 3051 1272 3120 quod
1312 3051 1376 3105 ad
1419 3068 1533 3104 rem
1569 3050 1708 3105 bene
1743 3051 2039 3120 gerendam
2077 3053 2381 3122 pertineret

785 3144 1123 3207 amisissent,
1152 3146 1563 3199 adversationes
1604 3160 1872 3200 :naxnuas
1902 3145 2137 3200 fortuna:
2165 3146 2377 3215 experti

2476 2029 2633 2074 αντες
2685 2011 3082 2076 ἐπαντλοῦντος
3129 2013 3266 2067 ἄλλα
3299 2013 3385 2066 ἐπ’
3411 2014 3592 2078 ἄλλοις
3619 2014 3688 2067 τὰ
3720 2017 3968 2083 κύματα.
4037 2015 4086 2066 δ’

2476 2103 2688 2174 ἀκατίῳ
2708 2104 2816 2160 τινὶ
2840 2106 2977 2178 πρὸς
3000 2107 3275 2177 ἁνάρῤουν
3295 2105 3582 2179 ἐθελοντὴς
3603 2107 3882 2177 ἐπεχείρει
3910 2124 4030 2158 ποιε
4045 2110 4092 2157 ί-

2480 2197 2604 2249 σθαι
2643 2197 2735 2250 τὸν
2782 2197 2972 2254 πλοῦν.
3011 2196 3166 2252 Εἶναι
3209 2199 3316 2270 γὰρ
3357 2201 3510 2254 τουτὶ
3553 2202 3657 2254 τῶν
3701 2202 3761 2253 (ὑ
3806 2203 3954 2255 πάνυ
4000 2219 4085 2255 τοι

2482 2290 2782 2359 μειδιῶσαν
2817 2293 2954 2364 ὁμοῦ
2991 2294 3083 2348 καὶ
3120 2293 3510 2364 φιλάνθρωπον
3542 2296 3640 2366 τὴν
3673 2295 3794 2363 ιψιν
3833 2315 4084 2365 παρεχο-

2483 2387 2664 2455 μένων
2688 2390 2799 2451 τοῖς
2831 2388 3201 2458 βουλομένοις,
3227 2390 3365 2442 ἀλλὰ
3390 2388 3600 2443 τούτων
3624 2391 3682 2443 ἒν
3705 2390 3878 2443 ὁπόσα
3912 2392 4081 2442 πολέ-

2483 2494 2609 2547 μιον
2641 2482 2916 2534 ἀνατείνει
2949 2486 3106 2553 χεῖρα
3144 2484 3250 2536 κάκ
3278 2483 3372 2535 τοῦ
3405 2484 3672 2553 σύνεγγυς
3707 2485 3922 2554 μακρὸν
3954 2486 4086 2537 ἐπι-

2481 2572 2639 2645 φέρει
2672 2573 2767 2626 τὸν
2800 2575 3045 2645 ὄλεθρον.

2557 2761 2629 2815 l".
2674 2763 2969 2832 Μαρτύρια
3013 2763 3071 2817 δέ
3115 2781 3206 2833 μοι
3253 2765 3362 2818 τῶν
3405 2766 3754 2838 λεγομένων,
3803 2767 3852 2821 εί
3901 2769 3976 2838 μή
4036 2787 4086 2822 τι

2487 2854 2651 2908 πλέον
2689 2855 2907 2928 ἔχοιμεν
2942 2859 2998 2909 ὲν
3032 2856 3111 2927 τῷ
3146 2858 3240 2911 νῦν
3276 2856 3417 2912 εἶναι
3458 2860 3806 2930 μεμνῆσθαι,
3843 2861 3959 2913 ἀλλ’
3991 2859 4088 2915 ’.ὗν

2481 2952 2552 3002 τά
2577 2966 2641 3017 γε
2669 2952 2726 3002 ὲν
2752 2949 2964 3012 τούτοις
2987 2951 3100 3013 τοῖς
3129 2953 3344 3019 χρόνοις
3371 2953 3678 3021 συμϐάντα,
3708 2953 3939 3016 Οὐδενὸς
3969 2963 4086 3025 γὰρ

2483 3042 2760 3112 ἐλλείψασι
2791 3042 3085 3111 Ῥωμαίοις
3125 3037 3199 3095 ὦν
3233 3044 3342 3096 ἔδει
3384 3043 3519 3114 δρᾷν
3553 3045 3692 3112 πρὸς
3733 3045 4086 3117 κατόρθωσιν

2485 3133 2662 3186 πάντα
2705 3133 2864 3203 ἐπῄει
2909 3132 3340 3186 τάναντιώτατα.
3381 3117 3449 3187 bl
3497 3135 3598 3204 μὲν
3644 3137 3750 3204 γὰρ
3785 3133 4083 3205 Ῥωμαίων

787 3244 938 3288 sunt.
1003 3234 1373 3288 Romanorum
1432 3235 1580 3287 enim
1624 3234 1794 3288 duces
1852 3249 1977 3288 cum
2037 3236 2256 3305 injustis
2313 3235 2376 3288 de

2489 3227 2792 3296 στρατηγοὶ
2833 3224 2901 3277 δι’
2932 3223 2967 3278 ὃ.
3014 3224 3088 3294 μὴ
3135 3225 3294 3294 Θέμις
3337 3229 3397 3279 ὲν
3441 3227 3647 3299 ύποψῖᾳ
3688 3228 3990 3299 γινόμενοι,
4031 3234 4082 3284 οί

789 3327 970 3380 causis
1018 3329 1069 3379 in
1124 3328 1494 3396 suspicioiieiu
1533 3327 1838 3396 venissent,
1897 3326 1990 3379 alii
2048 3328 2103 3379 in
2147 3329 2379 3381 vinculis

788 3431 965 3483 erant,
1003 3422 1092 3474 alii
1135 3421 1202 3474 ab
1234 3422 1586 3490 imperatoris
1618 3422 2005 3477 benevolentia
2045 3423 2202 3491 longe
2233 3440 2380 3475 sum-

790 3513 1171 3567 :novi:bantnr.
1214 3509 1371 3566 Unde
1415 3530 1537 3567 cum
1572 3525 1801 3567 externa
1840 3514 2120 3568 venissent
2156 3515 2381 3580 auxilia,

792 3607 1027 3672 primum
1074 3603 1529 3673 Massagetarum,
1573 3605 1772 3658 deinde
1826 3605 2171 3670 Latinorum,
2214 3610 2281 3661 ab
2317 3609 2382 3661 iis

794 3696 955 3767 longe
993 3699 1164 3765 major
1214 3708 1438 3765 quanta
1469 3699 1779 3752 manifestis
1825 3699 2075 3753 hostibus
2105 3701 2384 3769 pernicies

793 3790 1056 3841 ltumanis
1110 3802 1296 3842 exorta
1350 3799 1454 3843 est.
1494 3791 1570 3843 Ac
1619 3807 1722 3845 nos
1761 3791 1873 3858 jam
1925 3807 2098 3861 pauca
2135 3807 2164 3845 e
2198 3793 2384 3846 multis

795 3883 1144 3949 protulinnts,
1180 3900 1300 3952 quae
1328 3883 1370 3936 si
1391 3884 1515 3951 quis
1549 3893 1698 3937 recte
1725 3896 1779 3937 et
1812 3885 1930 3938 sine
1954 3885 2150 3938 aﬂ'ectu
2177 3900 2384 3954 expen-

790 3976 903 4038 dat,
959 3975 1305 4028 manifestam
1373 3975 1464 4029 Dei
1526 3977 1872 4030 iracundiam
1927 3987 2194 4046 arguunt,
2257 3979 2386 4032 licet

796 4067 1127 4120 mediocrem
1156 4067 1480 4121 contineant
1521 4084 1627 4120 non
1664 4069 2023 4122 mediocrium
2055 4068 2382 4123 delictorum

795 4164 1234 4231 castigationem.
1295 4161 1365 4213 At
1416 4161 1666 4228 ejusdem
1717 4163 1792 4213 rei
1837 4161 2226 4215 documentum
2270 4163 2382 4215 evi-

793 4254 1013 4306 dentius
1047 4262 1130 4306 est
1179 4254 1295 4322 ipsa
1339 4255 1518 4308 eiedes
1568 4252 1788 4322 ltogerii
1832 4253 2083 4307 Caesaris.
2117 4252 2383 4308 Nimirum

798 4347 1053 4409 ltomani,
1085 4361 1222 4414 quos
1253 4346 1401 4399 illius
1433 4347 1684 4400 arcessiti
1719 4345 2044 4414 poenitebat,
2077 4361 2190 4399 sure
2225 4347 2385 4417 aegri-

796 4440 974 4494 tudini
1014 4440 1222 4494 mederi
1253 4440 1540 4507 cupientes
1574 4443 1694 4509 ejus
1722 4441 1960 4493 hominis
1994 4441 2199 4495 Ctl'dellt
2233 4457 2388 4510 pere-

797 4542 1019 4601 gerunt,
1069 4541 1123 4585 et
1151 4533 1396 4586 molestis
1425 4533 1659 4599 negotiis
1709 4533 2026 4586 defunctum
2073 4532 2138 4586 iri
2182 4548 2240 4586 se
2283 4535 2384 4586 lioc

2488 3318 2590 3387 μὲν
2617 3320 2675 3370 ὲν
2700 3317 2921 3388 δεσμοῖς
2948 3320 3248 3387 ἐγίγνοντο,
3279 3321 3328 3372 οί
3356 3320 3412 3372 δὲ
3439 3322 3628 3391 πόρρω
3652 3322 3754 3388 τῆς
3781 3323 4080 3394 βασιλικῆς

2484 3414 2705 3464 ῖσταντο
2739 3412 3049 3482 εὐμενείας.
3082 3411 3247 3464 Ὅθεν
3284 3413 3586 3480 ἀλλοφύλου
3626 3417 3950 3484 συμμαχίας
3986 3418 4077 3469 έλ-

2482 3504 2684 3574 θούσης
2711 3505 2904 3572 πρῶτα
2942 3505 3040 3575 μὲν
3070 3504 3165 3572 τῆς
3195 3504 3304 3557 τῶν
3329 3506 3728 3574 Μασσαγετῶν,
3758 3507 3951 3561 ἔπειτα
3975 3509 4078 3578 τῆς

2482 3599 2590 3650 τῶν
2632 3600 2920 3661 Λατίνων,
2973 3599 3419 3652 πολλαπλασίονα
3473 3602 3887 3653 συνεπεπτώκει
3932 3603 4074 3657 Ῥω-

2489 3693 2672 3763 μαὶοις
2703 3693 2960 3760 γενέσθαι
2988 3695 3077 3746 τὸν
3105 3693 3328 3763 ὄλεθρον
3359 3693 3416 3759 ἐξ
3444 3694 3654 3758 αὐτῶν,
3686 3694 3719 3764 ἢ
3749 3694 3856 3747 τῶν
3885 3697 3948 3746 ἐκ
3976 3694 4074 3748 τοῦ

2489 3782 2804 3852 προφανοῦς
2853 3780 3208 3854 ἐχθρῶν.Ὠν
3250 3785 3326 3848 ὡς
3370 3787 3433 3838 ὲκ
3478 3785 3695 3840 πολλῶν
3736 3786 3935 3860 μέτρια
3983 3792 4079 3844 καὶ

2487 3878 2646 3946 ἡμεῖς
2682 3877 2933 3947 ἔφθημεν
2963 3880 3249 3948 εἰρηκότες
3270 3917 3284 3940 ,
3316 3879 3351 3932 ἃ.
3381 3879 3446 3951 δὴ
3481 3879 3689 3948 σαφοῦς
3723 3882 3791 3935 ἂν
3823 3885 3909 3953 εἴη
3949 3883 4073 3937 θεοο

2488 3973 2685 4039 μηνίας
2719 3969 3005 4040 δείγματα,
3035 3971 3192 4034 εἴτις
3221 3971 3398 4039 ὀρθῶς
3427 3974 3520 4026 καὶ
3554 3974 3761 4037 πάθους
3790 3975 3944 4036 ἐκτὸς
3962 3978 4080 4029 ἐθέ-

2487 4063 2568 4115 λοι
2643 4066 2891 4128 σκοπεῖν,
2934 4065 3027 4116 καὶ
3068 4065 3290 4116 παιδεία
3334 4066 3530 4136 μετρία
3569 4068 3681 4137 (52)
3719 4069 3782 4121 ού
3831 4071 4077 4138 μετρίων

2490 4155 3004 4224 πλημμελημάτων.
3050 4155 3270 4208 Τούτων
3310 4157 3709 4228 ἐναργέστερον
3745 4161 3948 4227 δεῖγμα
3986 4166 4078 4215 καὶ

2485 4251 2513 4302 ὁ
2546 4248 2641 4301 τοῦ
2678 4249 3022 4319 Ῥοντζερίου
3067 4249 3345 4320 Καίσαρος
3387 4252 3636 4319 ἐγεγόνει
3678 4253 3932 4317 θάνατος.
3971 4255 4076 4308 Τὸν

2487 4344 2595 4414 γὰρ
2625 4345 2687 4395 ὲκ
2714 4343 2808 4412 τῆς
2837 4343 3231 4413 προσκλήσεως
3260 4344 3567 4413 μετάμελον
3593 4346 3921 4417 θεραπεύειν
3947 4349 4080 4402 Ῥω-

2491 4440 2637 4502 μαῖοι
2674 4436 2985 4506 βουλόμενοι
3016 4439 3106 4489 τὸν
3135 4438 3326 4489 τούτου
3363 4437 3777 4508 κατεπράξαντο
3812 4441 4074 4504 θάνατον,

2490 4529 2816 4599 ἀπαλλαγὴν
2851 4526 2989 4582 εἶναι
3021 4529 3211 4581 τοῦτον
3253 4531 3507 4599 πονηρῶν
3545 4533 3888 4600 πραγμάτων
3919 4539 4045 4602 νομί

796 4632 956 4692 pacto
1003 4633 1384 4692 speraverunt.
1444 4624 1550 4677 Sed
1609 4623 1739 4676 illud
1800 4624 1980 4692 ipsum
2032 4622 2269 4688 facinus,
2327 4635 2376 4677 ut

2493 4638 2702 4684 σαντες.
2740 4619 2798 4673 Ὀ
2829 4621 2875 4676 δ’
2904 4623 3142 4691 ἀρχηγὸς
3178 4624 3331 4694 παρὰ
3366 4625 3548 4677 πᾶσαν
3582 4625 3772 4679 ἐλπίδα
3808 4629 4073 4695 μειζόνων

797 4731 1095 4791 progressu.
1145 4717 1414 4769 orationis
1468 4716 1738 4779 dicemus.
1805 4717 1964 4785 lenge
2007 4717 2276 4782 majorum
2331 4729 2386 4770 et

794 4809 1106 4878 graviorum
1144 4809 1410 4862 malorum
1447 4824 1609 4863 eausa
1645 4811 1877 4863 exstitit.
1930 4810 2005 4862 lta
2037 4812 2254 4880 quoties
2302 4811 2385 4865 di-

799 4915 922 4952 vina
962 4899 1309 4953 Providentia
1367 4900 1616 4952 consiliis
1668 4907 1724 4952 et
1769 4900 2078 4953 actionibus
2131 4901 2386 4954 humanis

798 5008 903 5044 non
940 4991 1291 5058 suffragatur,
1326 4991 1503 5044 malus
1548 5002 1604 5045 et
1648 4993 1808 5062 plane
1865 4990 2049 5043 infelix
2084 4991 2263 5044 exitus
2318 4991 2387 5044 iis

799 5087 1065 5138 succedit.
1099 5085 1234 5137 Nam
1281 5101 1382 5138 nec
1420 5086 1784 5155 prudentibus
1833 5084 2077 5138 consiliis
2127 5084 2271 5136 valet
2300 5083 2382 5136 vir

802 5174 1058 5240 prudens,
1084 5173 1244 5242 227
1292 5189 1392 5225 nec
1435 5173 1762 5226 fortitudine
1817 5171 1899 5224 vir
1936 5173 2112 5226 fortis.
2171 5171 2283 5224 lmo
2329 5180 2382 5225 et

801 5264 1025 5330 provida
1075 5265 1301 5318 Consilia
1357 5266 1410 5318 in
1457 5265 1621 5318 finem
1659 5263 2015 5333 improvisum
2069 5263 2381 5328 incurrunt,

795 5366 855 5409 et
877 5358 1015 5409 facta
1049 5373 1311 5425 generosa
1344 5374 1405 5411 ac
1433 5358 1730 5410 fortissima
1767 5359 1833 5410 ad
1868 5357 2124 5426 ignavum
2169 5367 2224 5410 et
2267 5367 2380 5410 tur-

799 5465 924 5516 pem
963 5465 1150 5502 rasum
1184 5451 1568 5504 devolvuntur.
1595 5449 1698 5503 Sed
1723 5449 1788 5503 ad
1812 5450 2124 5503 institutum
2147 5453 2382 5503 redeun-

801 5544 928 5595 dutu
965 5553 1065 5596 est.

2487 4713 2731 4781 ἐγεγόνει
2762 4713 2858 4765 καὶ
2891 4715 3032 4782 μάλα
3065 4715 3326 4784 χειρόνων
3355 4717 3721 4785 πραγμάτων,
3750 4718 3825 4779 ὡς
3859 4724 4076 4788 προῖᾶνμ

2483 4823 2573 4868 τες
2608 4807 2840 4876 ἐροῦμεν
2866 4824 2880 4838 ο
2916 4806 3058 4861 οὕτω
3089 4811 3187 4877 τῆς
3223 4809 3369 4870 θείας
3405 4813 3464 4861 ού
3503 4811 3902 4880 συμμαχούσης
3944 4831 4076 4880 προ-

2486 4900 2630 4961 νοίας
2667 4902 2779 4961 τοῖς
2814 4899 2924 4951 τῶν
2958 4900 3261 4968 ἀνθρώπων
3297 4900 3631 4970 βουλεύμασί
3665 4921 3722 4955 τε
3760 4905 3854 4956 καὶ
3892 4907 4074 4969 πραγ-

2488 5007 2625 5060 μασι
2649 4991 2885 5060 πονηρὸν
2913 4991 3098 5054 αὐτοῖς
3114 4994 3332 5062 ἀπαντᾷ
3357 4996 3418 5045 τὸ
3446 4993 3599 5056 τέλος
3630 4999 3723 5047 καὶ
3755 4997 3962 5066 σφόδρα
3996 5015 4074 5049 τοι

2483 5085 2893 5138 ἐναντιώτατον.
2913 5083 2998 5155 [Ρ.
3016 5082 3140 5154 159]
3152 5083 3288 5137 Οῦτε
3308 5087 3413 5155 γὰρ
3430 5075 3663 5157 βουληφέ
3673 5105 3764 5156 ρος
3775 5095 3799 5139 ὸ
3816 5090 4021 5158 βουληφ
4051 5121 4076 5132 ο

2488 5194 2601 5247 ρος,
2633 5175 2744 5230 οὔτ’
2771 5176 3013 5246 ἀνδρεῖος
3046 5180 3074 5228 ὁ
3104 5177 3349 5245 ανδρείος
3374 5193 3388 5207 ⁶
3418 5178 3555 5230 ἀλλὰ
3579 5181 3650 5232 τά
3677 5196 3734 5230 τε
3767 5183 3908 5246 σοφὰ
3945 5183 4070 5248 βοι-

2486 5269 2736 5338 λεύματα
2775 5271 2910 5339 πρὸς
2945 5269 3148 5336 ἄσοφον
3179 5269 3474 5321 τελευτῶσι
3513 5271 3684 5340 πέρας
3721 5271 3815 5323 καὶ⁵
3848 5273 3914 5322 τὰ
3951 5290 4074 5339 γεν-

2487 5363 2615 5415 ναία
2660 5364 2754 5414 καὶ
2796 5359 3176 5430 ἀνδρικώτατα
3221 5361 3527 5429 πράγματα
3571 5361 3834 5431 ἄνανδρόν
3878 5379 3936 5414 τε
3983 5367 4074 5417 καὶ

2495 5456 2640 5524 μάλα
2679 5455 2911 5523 αἰσχρὰν
2956 5457 3054 5522 τὴν
3093 5449 3263 5523 ἧτταν
3307 5453 3668 5522 καρποῦνται.
3711 5455 3850 5507 ’Λλλ’
3880 5459 4070 5508 ἐπανι-

2491 5549 2612 5600 τέον
2642 5548 2764 5598 ὅθεν
2795 5549 2873 5609 εἰς
2905 5546 3078 5598 ταῦτα
3109 5545 3399 5614 ἐξέϐημεν.

2161 5661 2485 5723 Verior-um
2534 5669 2728 5726 nota}.

874 5761 986 5829 (5'2)
1035 5763 1138 5834 Καὶ
1157 5762 1433 5817 παιδείαν
1465 5764 1727 5834 μετρίαν.
1783 5762 2096 5833 Legen-lum
2165 5763 2385 5818 videtur

802 5849 898 5883 και
928 5833 1142 5886 παιδεία
1169 5837 1386 5903 μετρία,
1413 5848 1518 5889 etc.
1561 5837 1704 5888 Idem
1726 5836 1825 5888 lib.
1854 5851 1967 5896 \‘ttl,
1999 5851 2118 5901 cap.
2149 5837 2204 5899 ‘2,
2237 5852 2289 5887 tt.
2313 5838 2383 5888 2:

810 5906 1096 5973 Ἐγνωμεν
1129 5908 1307 5974 κρίσιν
1350 5915 1492 5961 ειναι
1549 5908 1706 5960 τοῦτο
1741 5907 1901 5970 Θεοῦ,
1956 5911 2090 5975 πρὸς
2150 5907 2382 5958 θανατον

2500 5767 2847 5836 συνωθοῦσαν
2891 5766 3215 5835 ὁλοσχερῶς,
3258 5766 3351 5816 xtl.
3389 5766 3642 5819 παιδείαν
3684 5767 3812 5830 ἴσως
3851 5769 4070 5836 μετρίαν

2495 5834 2568 5890 ῶν
2590 5841 2649 5892 ού
2682 5839 2919 5909 μετρίως
2952 5834 3293 5906 ἡμάρτομεν.
3336 5853 3533 5892 servm.
