4240 6442
763 383 868 446 387
1056 379 1134 453 [Α.
1187 397 1242 436 u.
1284 381 1414 438 679l
1463 397 1527 436 Αἰ)
1567 379 1736 453 6855]

1992 385 2038 444 N
2055 383 2421 444 [CEPHORI
2466 382 2860 445 GREGORIE

3122 377 3259 450 ]ivr.
3307 395 3590 436 Ακιηιοςιο.
3631 382 3777 455 sam]

3965 386 4077 450 388

763 499 1001 564 versari,
1035 510 1297 570 tanquam
1335 501 1624 573 fugitivum
1661 503 1776 567 Dei,
1813 510 1863 555 et
1910 501 2235 556 violatorem
2272 501 2358 568 ju-

2466 500 2810 570 δραστηρίως
2839 499 3192 569 ἐπιτιθέμενα
3222 517 3234 531 '
3268 501 3351 574 [P.
3395 501 3522 573 158]
3553 503 3648 556 καὶ
3680 503 4079 574 διδασκόμενος

765 593 932 646 stitiae
964 591 1183 648 fortiter
1210 595 1562 650 ulciscentia.
1611 596 1760 651 Idem
1800 595 1894 649 ubi
1928 611 2053 650 sese
2082 596 2352 664 cognorit,

764 683 882 754 ipse
911 686 1014 740 sibi
1046 687 1348 758 praecipere
1405 698 1591 759 queat,
1637 706 1747 745 non
1805 689 2187 761 refragandum
2237 705 2358 745 esse

765 778 890 833 lata:
931 778 1200 834 divinitus
1253 783 1544 836 sentcntiie
1585 784 1766 852 qualis
1812 798 1876 838 ea
1905 799 2123 853 cunque
2154 783 2354 848 fuerit;

765 887 944 942 neque
984 872 1255 928 violenter
1288 874 1589 944 quidquam
1627 875 1917 947 agendum,
1952 876 2048 932 sed
2082 893 2177 931 sua
2211 887 2359 932 sorte

765 967 1143 1036 acquiescenti
1182 967 1481 1022 fallendum
1511 977 1748 1041 tempus,
1783 985 1848 1026 ac
1874 970 1982 1024 vim
2011 971 2358 1025 necessitatis

764 1058 1118 1126 adjutanilam
1150 1059 1337 1129 potius
1365 1076 1528 1129 quam
1568 1061 1998 1133 impediendam,
2031 1065 2156 1118 licet
2202 1064 2359 1117 aliter

765 1161 886 1220 agat
911 1167 1012 1206 nos
1045 1167 1206 1221 quam
1240 1152 1524 1207 vellemus.
1563 1153 1749 1225 Longe
1775 1156 1923 1210 enim
1977 1157 2175 1210 melius
2231 1171 2357 1211 esse

769 1243 1132 1314 potentiorem
1160 1244 1270 1298 vim
1309 1247 1465 1316 sequi
1491 1247 1625 1301 nihil
1655 1248 1888 1319 agendo,
1925 1257 1982 1304 et
2012 1251 2205 1304 eodem
2233 1265 2356 1304 cum

768 1337 884 1407 ipsa
914 1337 1119 1408 impetu
1151 1339 1351 1409 abripi,
1376 1356 1541 1410 qnam
1574 1343 1790 1410 agendo
1819 1343 2028 1413 aliquid
2068 1345 2357 1399 materiam

763 1430 930 1484 veluti
988 1431 1235 1501 praebere
1285 1433 1459 1503 iniqui
1515 1434 1780 1502 temporis
1833 1436 2107 1490 violentia:
2159 1435 2358 1506 :quod

763 1523 993 1592 perinde
1033 1523 1221 1591 fuerit,
1260 1540 1323 1580 ac
1361 1527 1405 1581 si
1445 1527 1567 1597 quis
1614 1526 1847 1582 ﬂammae
1873 1529 2137 1599 impetum
2179 1529 2358 1584 refor-

763 1617 981 1671 midans
1013 1618 1192 1673 adhuc
1231 1620 1437 1674 circum
1485 1621 1628 1676 aades
1676 1622 1923 1693 vagantis
1974 1638 2081 1677 non
2136 1623 2358 1693 quidvis

766 1709 1048 1774 moliatur,
1106 1726 1217 1781 quo
1276 1728 1395 1767 eam
1455 1713 1675 1784 longius
1731 1716 1986 1785 progredi
2041 1727 2210 1782 vetet,
2265 1726 2360 1770 ant

765 1801 926 1855 etiam
954 1816 1180 1870 prorsus
1228 1804 1558 1876 restinguat,
1603 1806 1698 1861 sed
1737 1819 2145 1864 sarmentorum
2195 1809 2357 1863 fasci-

2468 595 2617 657 ὄστις
2638 593 2768 646 ποτὲ
2795 595 2902 664 εῐη,
2927 593 3107 663 ἐαυτῷ
3139 595 3204 648 ἂν
3230 595 3378 667 παρῄ
3411 614 3459 648 ει
3487 598 3560 667 μὴ
3582 597 4078 664 άντιπαλαμᾶσθαι

2465 684 2604 756 πρὸς
2637 683 2737 752 τὴν
2770 684 2980 738 ἄνωθεν
3015 686 3359 754 κυρωθείσαν
3393 687 3576 756 ψῆφον
3597 730 3610 750 ,
3645 689 3806 742 ὁποία
3849 690 3972 740 ποτ’
4001 689 4078 742 ἂν

2460 771 2495 851 ᾖ
2521 816 2536 838 ,
2574 777 2708 846 μηδὲ
2743 774 2920 846 βίαιον
2950 777 3216 846 πράττειν
3246 778 3451 849 μηδὲν,
3483 779 3620 832 ἀλλὰ
3653 781 3886 849 μένοντα
3919 781 4077 834 κατὶ

2463 868 2652 940 χώραν
2686 869 2867 940 ἠσυχῆ
2901 870 3285 924 διαπεττεύειν
3318 873 3412 924 τὸν
3446 873 3639 944 χρόνον
3675 875 3769 927 καὶ
3805 875 4075 945 στέργειν

2465 961 2666 1032 μᾶλλον
2697 961 2794 1030 τὴν
2828 961 3132 1032 σύνδρομον
3164 961 3257 1016 τοῦ
3294 964 3554 1034 φέροντος
3589 964 3849 1035 ἀγωγὴν,
3886 972 3982 1017 καὶ
4021 966 4076 1017 εί

2466 1057 2540 1124 μὴ
2577 1056 2721 1108 κατὰ
2758 1055 2983 1125 γνώμην
3015 1056 3267 1127 φέροιτο,
3299 1055 3332 1126 ἢ
3368 1058 3467 1128 τὴν
3496 1057 3839 1129 άντίδρομον.
3878 1059 3966 1110 Πο
3991 1058 4079 1127 λῷ

2461 1149 2570 1219 γὰρ
2604 1149 2778 1218 δήπου
2816 1147 3028 1219 βέλτιον
3059 1149 3452 1218 άπρακτοῦντα
3482 1150 3560 1220 τῷ
3594 1151 3813 1221 φέροντι
3851 1157 4079 1220 auge-'-

2466 1241 2655 1308 ρεσθαι
2677 1282 2691 1306 ,
2729 1240 2761 1309 ἢ
2802 1240 3117 1310 πράττοντά
3152 1260 3202 1294 τι
3237 1241 3492 1311 καθάπερ
3530 1240 3665 1311 ὕλην
3699 1247 3962 1313 χορηγεῖν
3997 1249 4074 1314 τῇ

2465 1331 2809 1386 καθ’έαυτοῦ
2856 1335 3000 1406 φορᾷ
3042 1334 3135 1388 τοῦ
3184 1334 3402 1406 καιροῦ.
3432 1337 3659 1405 Ὅμοιον
3704 1335 3812 1406 γὰρ
3862 1339 3929 1389 ἂν
3973 1339 4072 1405 εή

2464 1425 2650 1491 τουτὶ,
2685 1427 2877 1498 ὥσπερ
2917 1428 2983 1481 ἂν
3018 1427 3183 1492 εἴτις
3229 1429 3399 1500 πυρὸς
3437 1429 3612 1500 ὁρμὴν
3647 1431 3835 1494 δεδιὼς
3878 1430 3960 1484 ἔτι
3997 1432 4076 1485 τὰ

2463 1516 2650 1586 κύκλῳ
2696 1517 3060 1589 περιθέουσαν
3099 1502 3457 1589 τῆςρίκίας,
3498 1522 3722 1575 ὅδ’άντ)⁵
3767 1523 3860 1574 τοῦ
3908 1527 4070 1593 πάσῃ

2463 1609 2703 1679 χρῆσθαι
2751 1602 2971 1682 μηχανῇ
3011 1612 3044 1680 ἢ
3082 1611 3183 1682 τῆς
3223 1613 3411 1683 πρόσω
3454 1613 3771 1666 συστέλλειν
3805 1616 3983 1683 ὁρμῆς
4031 1615 4071 1686 ἢ

2466 1700 2666 1753 παύειν
2709 1701 2943 1766 τελέως,
2989 1705 3287 1774 φρυγάνων
3329 1704 3571 1757 ἐπετίθει
3615 1706 3922 1774 φακέλλους
3969 1707 4075 1758 καὶ

2471 1794 2646 1849 ἔλαιον
2689 1795 2865 1866 ἐνέχει
2910 1797 3045 1850 πολύ
3073 1814 3086 1826 ·
3127 1798 3159 1866 ἢ
3203 1797 3394 1868 ὥσπερ
3435 1797 3502 1852 ἂν
3537 1799 3592 1851 εἴ
3622 1817 3706 1862 τις
3747 1801 4074 1868 άπαρκτῖου

764 1898 919 1952 culos
971 1906 1249 1970 congerat,
1287 1906 1341 1952 et
1378 1899 1609 1953 multum
1663 1899 1770 1954 olei
1825 1899 2077 1956 alfundat
2117 1919 2130 1956 :
2167 1912 2262 1956 aut
2311 1904 2356 1957 si

2466 1887 2694 1957 σφοδροῦ
2725 1889 3124 1961 καταρρέοντος
3153 1884 3360 1945 ἄνωθεν
3385 1894 3478 1945 καὶ
3507 1892 3655 1946 δεινᾶ
3678 1893 3814 1964 πρὸς
3847 1893 3906 1944 τὸ
3932 1896 4077 1946 κάτ-

764 1993 890 2062 quis
925 1992 1244 2049 vehementi"
1263 1992 1441 2046 Borea
1479 1993 1718 2064 desuper
1753 1994 2046 2065 ingruente
2077 2003 2131 2050 et
2164 1994 2358 2050 imma-

765 2101 864 2140 nes
897 2083 1098 2140 ﬂuctus
1127 2084 1224 2155 per
1249 2099 1481 2155 pronum
1519 2100 1587 2138 ex
1635 2085 1758 2141 aliis
1807 2086 1946 2142 alios
1995 2087 2247 2142 volvente
2279 2098 2361 2143 ta-

767 2193 893 2232 men
928 2179 1183 2234 navicula
1208 2177 1406 2249 exigua
1436 2177 1683 2233 adversis
1708 2177 1973 2236 ﬂuctibus
2013 2182 2156 2236 ultro
2207 2182 2360 2238 navi-

765 2285 894 2340 gare
922 2270 1166 2341 incipiat.
1205 2270 1277 2325 Ea
1307 2272 1454 2326 enim
1502 2290 1622 2329 esse
1650 2274 1944 2344 ejusmodi,
1982 2283 2039 2329 ut
2073 2286 2358 2345 aspectum

765 2364 991 2420 minime
1021 2365 1201 2419 laetum
1231 2367 1609 2435 jucunduinvc
1643 2371 1923 2438 praebeant
1977 2387 1988 2421 :
2040 2368 2205 2440 226
2251 2372 2361 2422 imo

766 2471 832 2510 ex
900 2473 1088 2510 earnm
1154 2474 1337 2514 rerum
1404 2475 1638 2515 numero
1697 2475 1864 2525 esse,
1934 2477 2055 2529 qua:
2127 2461 2362 2514 maxime

771 2549 983 2604 infesta:
1044 2562 1196 2616 sunt,
1260 2563 1316 2606 et
1366 2555 1618 2608 ultimum
1683 2556 1910 2609 e\itium
1982 2554 2167 2609 statim
2228 2554 2362 2609 affe-

770 2655 917 2697 runt.

841 2739 933 2793 Ill.
979 2737 1102 2793 llicc
1142 2741 1214 2793 ita
1255 2756 1313 2794 se
1356 2740 1580 2805 habere,
1619 2741 1663 2794 si
1689 2740 1836 2794 nulla
1870 2740 1974 2794 alia
2017 2740 2070 2794 in
2104 2742 2362 2811 praisenti

768 2832 1016 2901 exempla
1068 2841 1389 2902 suppetant,
1424 2848 1488 2888 ea
1537 2846 1688 2888 certe
1736 2850 1857 2904 qua:
1911 2835 1995 2888 bis
2021 2837 2364 2904 temporibus

770 2926 1109 2991 acciderunt,
1158 2926 1378 2980 abunde
1436 2929 1820 2995 comprobent.
1881 2925 2015 2980 Nam
2073 2944 2198 2981 cum
2256 2926 2363 2983 R0-

771 3019 1083 3072 mani-nibil
1111 3020 1257 3088 quod
1296 3020 1360 3073 ad
1403 3036 1517 3073 rem
1553 3019 1692 3074 bene
1728 3020 2023 3089 gerendam
2062 3022 2365 3091 pertineret

769 3112 1107 3175 omisissent,
1135 3114 1548 3168 adversationcs
1588 3129 1857 3169 maximas
1886 3114 2120 3169 fortuna:
2150 3115 2361 3185 experti

2462 1999 2618 2044 αντες
2670 1981 3067 2047 ἐπαντλοῦντος
3114 1983 3252 2038 ἄλλα
3283 1983 3370 2037 ἐπ’
3396 1985 3577 2049 ἄλλοις
3604 1985 3673 2038 τὰ
3705 1989 3953 2054 κύματα,
4018 1986 4073 2038 δ’

2461 2073 2673 2144 ἀκατίῳ
2693 2075 2801 2130 τινὶ
2825 2076 2962 2149 πρὸς
2985 2077 3260 2147 άνάρῤουν
3280 2075 3566 2150 ἐθελοντὴς
3589 2078 3867 2148 ἐπεχείρει
3894 2082 4079 2129 ποιεῖ-

2465 2167 2590 2219 σθαι
2628 2167 2720 2220 τὸν
2767 2168 2957 2225 πλοῦν.
2997 2166 3151 2223 Εἶναι
3193 2171 3301 2240 γὰρ
3342 2172 3495 2225 τουτὶ
3538 2173 3642 2225 τῶν
3685 2174 3746 2224 εὐ
3792 2175 3938 2226 πάνυ
3983 2191 4072 2226 τοι

2467 2260 2768 2328 μειδιῶσαν
2802 2263 2938 2334 ὁμοῦ
2975 2265 3068 2319 καὶ
3105 2264 3494 2335 φιλάνθρωπον
3527 2267 3624 2337 τὴν
3658 2266 3780 2335 Nam
3817 2286 4072 2338 παρεχο-

2467 2357 2649 2425 μένων
2673 2360 2784 2421 τοῖς
2816 2358 3186 2428 βουλομένοις,
3212 2361 3350 2414 ἀλλὰ
3375 2359 3584 2414 τούτων
3609 2362 3666 2414 ἓν
3691 2361 3863 2414 ὁπόσα
3895 2364 4069 2414 πολέ-

2468 2464 2594 2516 μνον
2625 2452 2900 2504 ἀνατείνει
2933 2457 3090 2523 χεῖρα
3128 2455 3234 2507 κάκ
3263 2454 3356 2506 τοῦ
3389 2454 3657 2525 σύνεγγυς
3692 2456 3904 2526 μακρὸν
3937 2457 4074 2508 ἐπι-

2465 2543 2624 2614 φέρει
2657 2543 2752 2596 τὸν
2785 2545 3030 2616 ὄλεθρον.

2542 2731 2614 2785 Γ’.
2659 2733 2954 2803 Μαρτύρια
2998 2734 3056 2788 δέ
3099 2753 3190 2804 μοι
3237 2735 3346 2789 τῶν
3389 2737 3738 2809 λεγομένων,
3787 2739 3836 2792 εί
3884 2740 3960 2809 μή
4019 2758 4074 2794 τι

2472 2825 2635 2878 πλέον
2673 2826 2892 2898 ἔχοιμεν
2927 2830 2983 2879 ἐν
3017 2827 3095 2898 τῷ
3130 2829 3224 2882 νῦν
3260 2827 3402 2882 εἶναι
3442 2832 3755 2902 μεμνῆσθαι
3777 2875 3790 2898 ,
3826 2833 3942 2885 ἀλλ’
3974 2831 4074 2887 ιίῦν

2465 2922 2536 2972 τά
2562 2935 2626 2987 γε
2654 2923 2710 2972 ὲν
2736 2920 2948 2982 τούτοις
2972 2922 3084 2984 τοῖς
3113 2923 3327 2989 χρόνοις
3356 2924 3662 2991 συμϐάντα,
3693 2925 3922 2988 υύδενὸς
3953 2932 4072 2996 γὰρ

2467 3012 2745 3082 ἐλλείψασι
2776 3012 3070 3081 Ῥωμαίοις
3109 3009 3184 3066 ῶν
3217 3015 3326 3066 ἔδει
3368 3014 3503 3088 δρᾷν
3538 3016 3677 3083 πρὸς
3717 3016 4073 3088 κατόρθωσιν

2469 3103 2647 3156 πάντα
2690 3103 2848 3174 ἐπῄει
2893 3103 3324 3164 τάναντιώτατα.
3365 3087 3433 3158 bl
3481 3107 3581 3174 μὲν
3628 3108 3735 3175 γὰρ
3768 3087 4069 3176 Ῥωμαίων

771 3212 922 3256 sunt.
987 3202 1357 3257 Romanorum
1416 3203 1564 3256 enim
1608 3203 1779 3257 duces
1837 3218 1961 3256 cum
2021 3205 2240 3274 injustis
2298 3206 2361 3258 de

2473 3198 2776 3265 στρατηγοὶ
2817 3195 2885 3247 δι’
2916 3195 2951 3249 ἃ.
2998 3195 3072 3264 μὴ
3119 3195 3277 3265 Θέμις
3321 3199 3381 3250 ἐν
3425 3198 3632 3270 ὑποψίᾳ
3672 3199 3974 3270 γινόμενοι,
4013 3206 4069 3255 οἱ

773 3296 954 3349 causis
1002 3297 1053 3348 in
1109 3297 1479 3365 suspieioiiem
1517 3295 1822 3366 venissent,
1881 3295 1974 3349 alii
2033 3297 2086 3349 in
2131 3299 2363 3351 viai-uiis

772 3399 950 3450 erant,
987 3389 1076 3442 alii
1119 3390 1186 3442 ab
1219 3391 1570 3458 imperatoris
1602 3391 1990 3446 benevolentia
2029 3393 2186 3461 longe
2216 3409 2365 3445 sum,-

775 3481 1156 3535 :uovi:b:mtur.
1198 3478 1355 3536 Unde
1399 3499 1521 3536 cum
1556 3493 1785 3536 externa
1824 3483 2103 3537 venissent
2140 3485 2365 3550 auxilia,

776 3574 1010 3640 primunt
1058 3571 1513 3641 Massagetarum,
1556 3575 1756 3628 deinde
1810 3575 2154 3640 Latinorum,
2197 3579 2265 3630 ab
2301 3579 2366 3631 iis

778 3665 940 3735 iotth
977 3667 1148 3733 major
1198 3675 1422 3734 quani'a
1454 3669 1762 3721 manifestis
1809 3668 2058 3722 hostibus
2087 3671 2367 3739 pernicies

777 3757 1039 3810 Romanis
1094 3770 1281 3811 exorta
1334 3768 1438 3811 est.
1477 3759 1554 3812 Ae
1603 3775 1706 3813 nos
1745 3760 1857 3828 jam
1908 3775 2081 3831 pauca
2119 3776 2148 3814 e
2182 3762 2368 3816 multis

779 3851 1127 3917 protulimus,
1164 3868 1284 3920 qua:
1312 3851 1354 3905 si
1375 3853 1499 3920 quis
1533 3862 1681 3906 recte
1709 3865 1762 3906 et
1796 3854 1913 3907 sine
1938 3854 2134 3908 aﬂ'ectu
2160 3869 2368 3924 expen-

774 3944 886 4007 dat,
942 3943 1288 3996 manifestam
1357 3944 1448 3997 Dei
1509 3945 1856 3999 iracundiam
1910 3956 2177 4016 arguunt,
2241 3949 2369 4002 licet

780 4036 1110 4088 mediocrem
1139 4036 1463 4089 contineant
1505 4052 1611 4090 non
1648 4037 2006 4091 mediocrium
2038 4037 2365 4093 delictorum

778 4132 1217 4199 castigationem.
1279 4130 1348 4182 At
1399 4130 1650 4197 ejusdem
1701 4133 1775 4183 rei
1821 4130 2210 4185 documentum
2253 4132 2365 4185 evi-

776 4222 997 4275 dentius
1031 4230 1113 4274 est
1163 4223 1279 4291 ipsa
1323 4224 1502 4276 caules
1551 4221 1771 4290 liogerii
1815 4222 2066 4277 Ca'saris.
2099 4222 2367 4278 Nimirum

781 4315 1036 4376 ltomani,
1068 4329 1206 4383 quos
1237 4314 1384 4368 illius
1416 4316 1667 4369 arCessiti
1702 4315 2027 4383 poenitebat,
2060 4331 2173 4369 sum
2208 4317 2368 4387 aegri-

779 4408 957 4462 tudini
997 4409 1206 4461 mederi
1237 4409 1524 4476 capientes
1557 4412 1676 4478 ejus
1704 4411 1944 4462 hominis
1977 4410 2182 4464 cicdem
2215 4426 2371 4480 pere-

779 4511 1003 4569 gerunt,
1052 4510 1105 4553 et
1134 4501 1379 4554 molestis
1408 4501 1642 4568 negotiis
1692 4503 2009 4556 defunctum
2056 4502 2121 4555 iri
2165 4519 2223 4556 se
2265 4504 2367 4556 lioc

2472 3287 2574 3358 μὲν
2601 3289 2659 3339 ὲν
2684 3287 2905 3358 δεσμοῖς
2933 3290 3232 3357 ἐγίγνοντο,
3263 3292 3312 3343 οἱ
3340 3290 3396 3343 δὲ
3424 3293 3612 3362 πόρῤω
3636 3293 3738 3359 τῆς
3765 3294 4067 3366 βασιλικῆς

2468 3383 2689 3434 ἵσταντο
2723 3382 3034 3452 εὐμενείας.
3066 3381 3231 3434 Ὀθεν
3268 3383 3570 3451 ἀλλοφύλου
3610 3389 3931 3456 συμμαχίας
3969 3389 4063 3440 έλ-

2467 3473 2668 3544 θούσης
2695 3475 2888 3542 πρῶτα
2926 3476 3024 3545 μὲν
3054 3475 3149 3544 τῆς
3179 3475 3287 3528 τῶν
3313 3477 3712 3544 Μασσαγετῶν,
3741 3477 3932 3533 ἔπειτα
3958 3480 4066 3550 τῆς

2465 3569 2574 3620 τῶν
2615 3570 2904 3632 Λατίνων,
2957 3569 3403 3623 πολλαπλασίονα
3457 3573 3869 3625 συνεπεπτώκει
3914 3575 4060 3629 Ῥω·

2473 3663 2656 3732 μαίοις
2687 3663 2943 3730 γενέσθαι
2971 3665 3060 3716 τὸν
3088 3663 3312 3734 ὄλεθρον
3342 3664 3399 3730 ἐξ
3428 3665 3637 3729 αὐτῶν,
3669 3665 3702 3736 ἢ
3731 3665 3838 3718 τῶν
3867 3668 3930 3718 ὲκ
3959 3666 4061 3720 τοῦ

2473 3752 2788 3822 προφανοῦς
2836 3753 3068 3824 ἐχθρῶν.
3092 3750 3192 3807 Ὧν
3234 3756 3309 3818 ὡς
3353 3758 3417 3810 ἐκ
3462 3756 3678 3811 πολλῶν
3719 3757 3917 3832 μέτρια
3966 3764 4067 3816 καὶ

2471 3848 2630 3916 ἡμεῖς
2666 3847 2916 3917 ἔφθημεν
2947 3851 3232 3918 εἰρηκότες
3253 3888 3267 3911 ,
3299 3850 3334 3903 ἃ
3365 3850 3429 3922 δὴ
3465 3851 3673 3919 σαφοῦς
3706 3853 3774 3906 ἂν
3806 3856 3892 3924 εἴη
3931 3853 4070 3921 Θεο.⁵

2471 3943 2668 4009 μηνίας
2703 3939 2988 4010 δείγματα,
3019 3942 3069 3994 ετ
3091 3959 3174 4004 τις
3205 3942 3381 4010 ὀρθῶς
3410 3945 3503 3996 καὶ
3537 3945 3744 4008 πάθους
3772 3947 4068 4008 ἐκτὸςέθέ-

2470 4033 2552 4086 λοι
2627 4036 2874 4098 σκοπεῖν,
2917 4035 3011 4087 καὶ
3051 4036 3273 4087 παιδεία
3317 4037 3513 4106 μετρία
3552 4039 3664 4108 (52)
3701 4041 3765 4092 ού
3814 4043 4065 4111 μετρίων

2473 4125 2987 4194 πλημμελημάτων.
3034 4126 3253 4179 Τούτων
3293 4128 3692 4200 ἐναργέστερον
3729 4132 3930 4199 δεῖγμα
3969 4137 4066 4187 καὶ

2468 4221 2496 4271 ὁ
2529 4218 2624 4272 τοῦ
2661 4219 3006 4289 Ῥοντζερίου
3050 4219 3329 4291 Καίσαρος
3371 4223 3619 4291 ἐγεγόνει
3661 4224 3914 4288 θάνατος.
3955 4227 4063 4281 Τὸν

2469 4314 2578 4384 γὰρ
2607 4315 2670 4365 ὲκ
2696 4313 2792 4382 τῆς
2820 4313 3214 4384 προσκλήσεως
3243 4315 3550 4384 μετάμελον
3575 4317 3903 4388 θεραπεύειν
3928 4320 4067 4373 Ῥω-

2474 4410 2620 4473 μαῖοι
2656 4406 2968 4477 βουλόμενοι
2999 4410 3088 4460 τὸν
3118 4409 3309 4460 τούτου
3345 4409 3760 4480 κατεπράξαντο
3795 4412 4060 4476 θάνιτον,

2472 4499 2799 4569 ἀπαλλαγὴν
2833 4496 2972 4552 εἶναι
3004 4499 3194 4552 τοῦτον
3235 4502 3490 4570 πονηρῶν
3527 4504 3869 4572 πραγμάτων
3901 4509 4028 4574 νομί

779 4600 939 4659 pacto
986 4601 1366 4660 speraverunt.
1426 4593 1534 4646 Sed
1592 4593 1722 4645 illud
1782 4593 1962 4662 ipsum
2015 4591 2252 4658 facinus,
2310 4605 2361 4647 ut

2475 4608 2684 4654 σαντες.
2723 4589 2780 4643 Ὀ
2812 4592 2858 4646 δ’
2886 4595 3125 4662 ἀρχηγὸς
3160 4595 3313 4665 παρά
3348 4597 3531 4648 πᾶσαν
3565 4597 3754 4650 ἐλπίδα
3791 4600 4059 4667 μειζόνων

781 4699 1078 4759 progressu
1128 4685 1396 4738 orationis
1450 4685 1721 4748 dicemus,
1788 4686 1947 4754 longe
1989 4687 2259 4752 majorum
2313 4700 2368 4740 et

777 4777 1088 4845 graviorum
1127 4778 1393 4830 malorum
1429 4793 1592 4832 eausa
1627 4779 1859 4832 exstitit.
1913 4779 1987 4832 Ita
2020 4781 2237 4849 quoties
2284 4781 2368 4835 di-

782 4884 905 4920 vina
945 4867 1292 4921 Providentia
1349 4869 1598 4921 consiliis
1650 4876 1706 4921 et
1751 4869 2061 4922 actionibus
2113 4870 2369 4924 humanis

781 4976 886 5012 lion
923 4958 1274 5026 suifragatur,
1309 4961 1486 5013 malus
1531 4950 1586 5015 et
1631 4962 1790 5031 plane
1847 4960 2033 5013 infelix
2066 4961 2246 5014 exitus
2300 4960 2369 5014 iis

782 5055 1048 5106 succedit.
1081 5053 1216 5106 Nam
1263 5069 1365 5106 nec
1402 5056 1767 5123 prudentibus
1815 5053 2059 5107 consiliis
2110 5054 2253 5106 valet
2282 5053 2365 5106 vir

785 5142 1041 5208 prudens,
1067 5142 1226 5210 227
1274 5157 1375 5194 nec
1417 5142 1743 5196 fortitudine
1798 5140 1881 5193 vir
1919 5143 2095 5195 fortis.
2153 5141 2265 5194 lmo
2309 5150 2364 5220 et

783 5232 1008 5298 provida
1057 5234 1284 5287 Consilia
1339 5235 1393 5286 in
1439 5234 1603 5287 finem
1641 5233 1997 5303 improvisum
2050 5232 2363 5299 incurrunt,

778 5334 838 5377 et
861 5327 998 5378 facta
1031 5341 1293 5394 generosa
1326 5343 1388 5380 ac
1415 5327 1712 5380 fortissima
1748 5327 1814 5380 ad
1850 5327 2106 5395 ignavum
2151 5336 2206 5379 et
2249 5337 2362 5379 tur-

781 5433 907 5484 pem
945 5433 1132 5471 casum
1165 5419 1549 5473 devolvuntur.
1576 5418 1680 5473 Sed
1705 5418 1770 5472 ad
1793 5419 2105 5472 institutum
2129 5422 2364 5473 redeun-

782 5512 911 5563 duni
947 5521 1047 5564 est.

2469 4684 2713 4750 ἐγεγόνει
2745 4683 2840 4736 καὶ
2873 4685 3016 4752 μάλα
3047 4685 3309 4754 χειρόνων
3338 4688 3703 4756 πραγμάτων,
3732 4690 3809 4751 ὡς
3842 4694 4064 4758 προῐῦνε-

2466 4793 2555 4839 τις
2591 4777 2823 4847 ἐροῦμεν
2849 4794 2862 4808 °
2899 4776 3041 4832 οὓτω
3071 4781 3170 4847 τῆς
3205 4780 3352 4842 θείας
3387 4784 3446 4832 οὐ
3485 4783 3884 4852 συμμαχούσης
3925 4802 4061 4852 προ-

2467 4869 2613 4931 νοίας
2649 4872 2761 4932 τοῖς
2796 4869 2906 4921 τῶν
2940 4871 3244 4938 ἀνθρώπων
3280 4871 3613 4941 βουλεύμασί
3646 4892 3705 4926 τε
3742 4876 3836 4927 καὶ
3873 4879 4059 4941 πραγ-

2471 4977 2607 5029 μασι
2631 4961 2867 5030 πονηρὸν
2895 4963 3079 5024 αὐτοῖς
3096 4964 3314 5032 ἀπαντᾷ
3339 4967 3400 5016 τὸ
3429 4963 3580 5027 τέλος
3611 4971 3706 5018 καὶ
3737 4967 3944 5037 σφόδρα
3977 4986 4059 5020 τοι

2466 5056 2875 5108 ἐναντιώτατον.
2895 5053 3270 5126 [Ρ.159]Οῦτε
3291 5058 3396 5126 γὰρ
3413 5045 3782 5128 βουληφέροςό
3798 5061 4002 5129 βουληφ
4035 5092 4060 5104 -

2470 5164 2583 5217 ρος,
2615 5145 2726 5200 οὔτ’
2753 5147 2996 5216 ἀνδρεῖος
3028 5150 3056 5199 ὁ
3087 5147 3332 5216 ανδρείος
3357 5164 3370 5178 ·
3401 5149 3536 5202 ἀλλὰ
3561 5152 3632 5203 τά
3658 5167 3715 5202 τε
3750 5153 3890 5217 σοφὰ
3926 5155 4054 5219 βοι-

2469 5239 2718 5308 λεύματα
2757 5241 2892 5309 πρὸς
2927 5240 3130 5307 ἄσοφον
3161 5240 3456 5292 τελευτῶσι
3494 5241 3666 5311 πέρας
3703 5243 3797 5294 καὶ
3830 5245 3896 5294 τά
3932 5261 4059 5311 γενο

2469 5333 2597 5385 ναῖα
2642 5335 2736 5384 καὶ
2777 5330 3158 5400 ἀνδρικώτατα
3203 5332 3508 5400 πράγματα
3551 5331 3816 5402 ἄνανδρόν
3859 5350 3916 5385 τε
3963 5338 4060 5389 καὶ

2477 5425 2621 5494 μάλα
2661 5425 2892 5493 αἰσχρὰν
2937 5427 3036 5493 τὴν
3075 5419 3245 5494 ἧτταν
3288 5423 3650 5494 καρποῦνται.
3694 5425 3832 5478 ’Λλλ’
3860 5429 4056 5479 ὲπανι-

2473 5519 2594 5569 τὲον
2624 5517 2745 5569 ὅθεν
2777 5520 2855 5578 εἰς
2887 5517 3059 5568 ταῦτα
3090 5515 3381 5584 ἐξέϐημεν.

2142 5629 2467 5692 Variorum
2516 5639 2710 5696 notae.

857 5729 967 5796 (5:!)
1014 5730 1414 5803 Καιπαιδειάν
1446 5733 1708 5803 μετρίαν.
1763 5731 2077 5802 chCll'itllll
2147 5733 2367 5787 videtur

784 5815 880 5850 και
910 5801 1124 5854 παιδεία
1151 5806 1368 5872 μετρία,
1395 5801 1500 5858 etc.
1542 5806 1684 5857 lilem
1707 5805 1806 5858 lib.
1835 5801 1947 5866 mi,
1979 5820 2099 5870 cap.
2131 5805 2185 5869 2,
2218 5821 2270 5856 tt.
2295 5807 2365 5858 ἓξ

792 5873 1076 5941 Ἐγνωμεν
1111 5876 1288 5942 κρίσιν
1331 5877 1473 5930 εἰναι
1529 5876 1687 5929 τοῦτο
1722 5876 1882 5940 θεοῦ,
1937 5880 2071 5945 πρὸς
2131 5876 2363 5927 θανατον

2482 5737 2828 5808 συκλωθοῦταν
2872 5736 3196 5805 ὁλοσχερῶς,
3239 5737 3333 5787 καὶ
3371 5737 3622 5790 παιδείαν
3665 5737 3792 5800 ἴσως
3831 5740 4058 5808 μετρίαν

2476 5803 2550 5859 ὢν
2572 5810 2631 5860 οὐ
2663 5808 2900 5878 μετρίως
2934 5803 3274 5875 ἡμάρτομεν.
3318 5824 3514 5862 BOIV’IN.
