4240 6442
153 417 261 481 389

444 412 517 486 [Α.
561 431 611 471 c.
658 415 794 471 ιτιιτ
832 433 896 472 ιιι)
940 414 1101 489 1528]
1181 413 1629 481 ltYZANTIN/E
1670 414 1769 473 ΠΙῖ

1852 408 2061 472 ‘ORLE
2099 407 2245 469 LIB,
2272 407 2401 468 Vl],
2482 400 2619 473 lllll’.
2659 413 2935 454 axonoutc.
2982 396 3128 469 sua.)

3307 401 3416 464 390

225 533 301 589 A'.
334 534 639 606 Πυθόμενοι
676 538 785 605 γὰρ
813 539 860 590 οί
892 538 1034 591 κατὰ
1067 538 1166 608 τὴν
1200 536 1604 590 Καλλιούπολιν
1635 534 1741 586 Λα-
1767 585 1769 592 ι

1916 524 2003 581 IV.
2036 524 2216 579 Latini
2273 522 2476 591 itaque,
2535 521 2626 587 qui
2663 518 2947 589 Calliupoli
3006 527 3181 577 erant.
3231 518 3417 571 audita

153 625 294 675 τῖνοι
355 624 469 694 (33)
522 624 612 677 τὸν
674 625 768 677 τοῦ
829 626 1042 694 Καίσαρ
1082 625 1319 693 ςφόνκρν,
1372 624 1589 692 πρῶτον
1640 621 1739 690 μὶν

158 712 373 774 πάντας
404 728 464 763 τε
499 712 686 765 ὀπόσοι
716 712 1007 782 Ῥωμαίων
1041 714 1097 775 ἐς
1134 710 1530 766 Καλλιούπολιν
1559 706 1740 780 ᾧκουν

158 802 513 871 κατέσφαξαν
544 803 774 874 ἡϐηδόνο
808 807 902 860 καὶ
937 807 1005 859 τὰ
1033 805 1190 873 τείχη
1225 801 1499 872 λαμπρῶς
1529 800 1741 871 ὀχυρώ-

157 912 360 960 σαντες
402 898 698 963 κράτιστον
738 893 887 968 εῐχον
940 896 1283 969 ὁρμητήριόν
1315 912 1375 948 τε
1424 897 1522 950 καὶ
1572 894 1742 965 φρού-

158 1003 299 1056 ριον.
334 988 427 1050 Εἰς
457 987 643 1051 διττὰς
691 987 749 1041 δι
805 987 999 1059 μοίρας
1040 987 1234 1041 [πειτα
1282 987 1739 1057 διαμερισάμενοι

152 1082 220 1129 si
252 1080 432 1130 οἰκεία
465 1080 879 1149 στρατεύματα,
918 1080 1027 1133 τῶν
1068 1080 1167 1150 μιν
1196 1077 1294 1141 τὰς
1330 1078 1540 1131 ἑαυτῶν
1570 1076 1739 1147 ἔπλη-

155 1186 343 1237 ρευσαν
363 1172 634 1242 τριήρεις,
652 1170 798 1223 ὀκτὼ
817 1172 916 1234 τὰς
942 1172 1124 1235 πάσας
1146 1169 1330 1234 οὐσας,
1357 1170 1450 1223 καὶ
1470 1168 1743 1237 ναύαρχον

153 1259 386 1321 ταύταις
439 1261 754 1332 ἐπέστησαν
795 1262 890 1315 τὸν
940 1262 1291 1332 Πιριγκίριον
1339 1259 1605 1325 ⁹Ι⁹ἑντζαν,
1654 1258 1742 1312 ίνα

157 1348 307 1400 κατὰ
369 1350 462 1401 τὸν
524 1350 950 1420 Ἑλλησποντίαν
997 1350 1321 1421 ναυλοχούσι
1384 1348 1631 1419 πορθμὸν
1686 1348 1742 1402 αί

158 1441 267 1492 τῶν
341 1442 628 1511 Ῥωμαίων
690 1443 919 1506 ὁλκάδες
975 1442 1224 1499 ὰνιοῦσαι
1284 1442 1381 1497 καὶ
1452 1440 1742 1495 κατιοῦσαι

159 1534 521 1590 ἁλίσκωνται.
560 1537 622 1589 Ol
678 1537 725 1590 δ’
780 1537 960 1607 ἕτεροι
1012 1538 1113 1606 τὴν
1170 1537 1381 1589 ιαυτῶν
1437 1534 1744 1589 πανοπλίαν

159 1627 530 1692 ἀναλαϐόντες
552 1628 646 1682 hri.
668 1629 819 1683 λείαν
842 1632 935 1683 καὶ
956 1629 1178 1701 ὄλεθρον
1203 1629 1303 1698 τῆς
1326 1628 1492 1698 ἄλλης
1516 1626 1745 1699 ὲξῄεσαν

160 1718 392 1789 Θράκης
441 1720 535 1772 καὶ
585 1722 770 1782 κακῶς
818 1720 991 1793 αὐτὴν
1046 1719 1338 1785 διετίθουν,
1373 1718 1589 1790 νύκτωρ
1648 1716 1746 1771 καὶ

164 1774 291 1878 μεθ’
346 1774 569 1880 ἱμέραν
618 1774 1096 1882 ἐκπορευόμενοι.
1146 1774 1441 1881 Ἀλλάντῷ
1493 1774 1595 1881 μὲν
1648 1810 1745 1863 Πι·
1777 1774 1819 1831 Β

164 1897 440 1969 ριγκερίῳ
498 1898 708 1968 Τέντζα
768 1900 908 1968 μετὰ
954 1900 1052 1953 τοῦ
1110 1898 1366 1953 ναυτικοῦ
1428 1898 1629 1961 παντὸς
1680 1900 1743 1950 οὐ

164 1991 405 2059 μακρῶν
434 1990 621 2060 ἐδέησε
654 1991 766 2044 τῶν
815 1991 1027 2061 καιρῶν
1072 1993 1139 2062 τῇ
1193 1991 1421 2062 προνοίᾳ
1456 1989 1746 2059 εὐκαιρίαν

159 2082 527 2151 ἐπιτηδεῦσαι
575 2083 830 2138 θανάτου.
893 2084 1284 2153 ’Δναγομέναις
1332 2085 1441 2154 γὰρ
1500 2085 1565 2136 ἐκ
1620 2082 1751 2135 Γεν-

156 2174 328 2237 νούας
357 2174 473 2245 (3i)
512 2178 649 2243 μετὰ
682 2174 859 2246 βραχὺ
888 2179 1143 2247 τριήρεσι
1193 2176 1330 2230 δέκα
1373 2174 1433 2241 ἒξ
1475 2175 1749 2246 λαμπρῶς

157 2262 544 2332 ὡπλισμέναις
594 2264 679 2317 διὰ
715 2266 813 2327 τάς
863 2265 973 2318 τῶν
1023 2266 1305 2336 πειρατῶν
1357 2266 1525 2328 ἀκοάς
1556 2266 1749 2336 ἀγνοίᾳ

160 2359 618 2421 συνεισπεσόντες
651 2359 829 2425 αὐτοὶ,
867 2360 917 2412 oi
954 2359 1054 2429 μὲν
1086 2359 1268 2413 αὐτῶν
1299 2360 1463 2429 ἔργον
1494 2360 1746 2427 ἐγένοντο

1841 620 1988 675 caede
2021 615 2278 681 Caesaris,
2301 616 2535 684 primum
2569 627 2762 666 omnes
2817 609 3090 664 Romanos
3128 608 3423 677 cujuscun-

1840 724 1947 781 que
1985 707 2165 763 atatis
2206 706 2261 761 in
2321 721 2383 761 ea
2443 705 2578 759 urbe
2637 703 2943 757 habitantes
2981 700 3323 774 jugularunt,
3367 708 3423 755 et

1841 800 2119 857 omnibus
2160 797 2379 868 egregie
2440 796 2664 851 munitis
2697 794 3029 849 tutissimum
3064 794 3117 846 in
3149 793 3216 847 iis
3271 806 3426 846 rece-

1841 904 1994 965 ptum
2028 908 2093 948 at:
2138 892 2448 962 prasidiqu
2486 890 2816 943 habuerunt.
2854 886 3052 941 Deinde
3083 887 3199 941 suis
3234 885 3414 939 militi-

1842 987 1947 1040 bus
1976 986 2030 1038 in
2060 984 2198 1038 duas
2223 992 2404 1051 partes
2434 980 2623 1034 divisis
2668 995 2773 1033 una
2809 988 2961 1049 parte
2995 978 3244 1031 triremes
3271 992 3422 1042 suas,

1843 1093 1966 1149 qua:
1995 1076 2222 1131 omnino
2271 1083 2395 1129 octo
2426 1081 2604 1137 erant,
2639 1071 3070 1141 compleverunt,
3099 1069 3291 1138 eisque
3332 1085 3426 1122 na-

1846 1169 2108 1224 varrhum
2162 1167 2546 1235 Berengarium
2608 1164 2906 1228 Enlencam
2953 1162 3335 1230 praefecerunt,
3371 1170 3428 1217 nt

1840 1279 1907 1316 es
1937 1261 2147 1317 insidiis
2175 1276 2340 1314 naves
2371 1258 2743 1312 Romanorum
2786 1256 3085 1317 onerarias,
3111 1269 3205 1307 seu
3235 1268 3428 1308 ascen-

1844 1355 2055 1418 dentes,
2112 1368 2206 1407 seu
2240 1352 2657 1415 descendentes,
2706 1350 2759 1403 in
2798 1348 3127 1416 Hellesponti
3164 1345 3427 1414 angustiis

1844 1454 2195 1515 execptarent
2242 1462 2254 1497 :
2302 1444 2475 1498 altera
2528 1444 2692 1496 armis
2734 1440 2989 1494 omnibus
3017 1442 3249 1507 sumptis
3286 1454 3425 1507 prie—

1846 1537 2031 1591 datum
2094 1538 2147 1589 in
2197 1534 2444 1589 Thraciae
2497 1534 2716 1603 reliqua!
2766 1532 3059 1603 perniciem
3118 1531 3425 1592 exiverunt,

1846 1642 2077 1696 eamque
2127 1636 2293 1680 noctu
2346 1636 2511 1694 atque
2547 1625 2779 1679 interdiu
2842 1622 3170 1676 incursando
3211 1630 3427 1675 vastare

1848 1728 2151 1790 creperum.
2196 1720 2275 1772 Ae
2311 1717 2664 1787 Berengarius
2718 1715 2956 1782 Entenea
2987 1730 3109 1769 cum
3145 1713 3292 1768 omni
3330 1728 3427 1767 sua

1850 1811 2025 1867 classe
2075 1806 2416 1881 providentia
2460 1808 2710 1863 Numinis
2764 1809 2958 1879 exiguo
2991 1818 3233 1876 tempore
3280 1820 3429 1859 sum-

1853 1917 2000 1956 mum
2031 1902 2326 1957 discrimen
2383 1901 2536 1956 adiit.
2570 1900 2703 1955 Nam
2751 1914 2875 1954 cum
2933 1901 3305 1968 imprudentes
3373 1900 3427 1953 in

1852 1995 2129 2049 sexdecim
2160 2010 2347 2059 navis,
2383 2009 2504 2065 qua:
2534 2002 2648 2048 tum
2688 2008 2753 2049 ex
2786 1995 2917 2047 urbe
2952 1991 3140 2047 Genua
3171 1993 3449 2047 advenio--

1849 2088 2001 2149 bant.
2037 2096 2185 2141 metu
2240 2085 2536 2156 piratarum
2567 2084 2782 2155 egregie
2811 2093 3046 2138 armatas
3081 2081 3429 2153 incidissent,

1850 2179 2044 2248 partim
2078 2175 2336 2241 demersi,
2364 2176 2559 2246 partim
2613 2175 2739 2230 caesi
2771 2184 2924 2230 sunt.
2960 2172 3272 2228 Nai-arctius
3300 2188 3430 2227 veo

1857 2268 2222 2340 Iierengarius
2248 2284 2372 2323 cum
2404 2268 2592 2325 multis
2642 2284 2865 2324 suorum
2896 2277 3087 2338 captus
3118 2266 3230 2321 suis
3255 2281 3431 2336 pomi-

1849 2359 2053 2413 laribus
2090 2358 2363 2413 venditur.

160 2449 462 2519 θαλάττης,
486 2453 534 2503 οἱ
566 2452 621 2502 δὲ
654 2449 837 2519 ξίφους
858 2468 872 2483 ο
902 2452 931 2504 ὁ
980 2451 1037 2505 δὲ
1082 2452 1352 2521 ναύαρχος
1384 2452 1735 2522 Πιριγκέριος
1772 2448 2067 2521 ζωγρεῐται
2102 2454 2200 2505 σὺν
2226 2450 2343 2521 ἅμα
2369 2453 2582 2521 συχνοίς
2644 2452 2751 2506 τῶν
2784 2451 2924 2524 ἀμφ’
2953 2451 3102 2522 αὐτῷ
3162 2450 3255 2505 καὶ
3318 2451 3430 2513 τοῖς

161 2544 463 2611 ὁμοφύλοις
496 2547 890 2615 πιπράσκεται.

242 2635 322 2690 E'.
366 2637 529 2691 Ἀλλὰ
573 2641 682 2708 γὰρ
726 2638 870 2693 οὕτω
916 2640 1029 2710 (55)
1078 2638 1463 2710 γυμνωθέντες
1494 2640 1752 2710 ἐξαίφνης

1927 2639 1993 2694 ν.
2030 2639 2225 2693 Verum
2257 2638 2498 2693 Catalaui
2526 2638 2662 2693 adeo
2684 2639 2863 2693 subito
2885 2654 2937 2693 et
2961 2640 3135 2693 classe
3162 2650 3215 2693 et
3238 2654 3431 2708 magna

170 2730 221 2781 ol
249 2727 556 2782 Κατελάνοι
592 2730 864 2798 θαλάττης
901 2747 959 2783 τε
988 2731 1104 2801 ἅμα
1137 2732 1233 2783 καὶ
1270 2730 1515 2800 μεγάλης
1556 2731 1752 2800 μοίρας

1854 2742 2009 2802 parte
2060 2747 2283 2786 suorum
2312 2733 2511 2785 amissa
2540 2733 2847 2801 complures
2882 2732 2997 2786 dies
3029 2731 3238 2788 immoti
3279 2748 3434 2787 tuan-

175 2811 417 2892 στρατοῦ
443 2822 538 2875 ἐπὶ
564 2838 596 2874 σ
632 2823 764 2891 χνάς
791 2823 887 2882 τὰς
908 2823 1122 2893 ἡμέρας
1150 2823 1373 2891 ἔμειναν
1398 2823 1540 2875 κατά
1570 2822 1753 2893 χώραν

1852 2834 2063 2889 serunt,
2120 2826 2386 2878 incertum
2429 2836 2686 2879 eventum
2745 2838 3080 2891 metuentes,
3149 2828 3435 2880 imminuta

172 2915 558 2984 ὑπεπτηχότες
585 2916 647 2968 τὸ
676 2916 768 2967 τοῦ
801 2915 1089 2985 μέλλοντος
1128 2915 1354 2983 ἄδηλον·
1391 2914 1752 2984 ἁτολμότεροί

1854 2919 2020 2989 228
2045 2917 2278 2971 audacia
2307 2925 2362 2970 et
2385 2916 2594 2970 ~anim‘s
2638 2918 2790 2972 \alde
2815 2919 3060 2988 trepidis.
3106 2918 3210 2971 Eos
3232 2933 3437 2987 ιιιιοιιιιο

172 3022 235 3059 τε
306 3010 556 3073 ἐγένοντο
609 3008 701 3059 καὶ
775 3006 921 3075 μάλα
970 3009 1083 3069 τοῖς
1143 3006 1393 3076 γνώμαις
1458 3023 1561 3076 περ
1588 3008 1750 3066 δεείς.

1861 3011 2157 3064 incesserat
2186 3022 2249 3061 ac
2279 3022 2385 3062 nan
2444 3008 2787 3063 mediocriter
2822 3012 3078 3064 turbabat
3112 3009 3435 3081 Massageta-

190 3097 495 3166 ἰ’πέτρεχε
521 3099 628 3166 γάρ
658 3098 838 3151 αὐτῶν
880 3101 977 3160 τὰς
1017 3099 1254 3161 διανοίας
1289 3100 1381 3151 καὶ
1415 3100 1475 3151 οὐ
1518 3100 1754 3169 μετρίως

1864 3119 1982 3156 rum
2027 3110 2225 3164 metus,
2248 3115 2480 3171 quorum
2507 3100 2561 3153 in
2588 3102 2712 3154 Asia
2743 3116 2925 3155 secum
2955 3101 3298 3155 militantium
3329 3104 3437 3155 ini-

174 3191 491 3260 ἐσπάραττε
540 3191 601 3243 τό
648 3208 707 3244 τε
760 3191 868 3243 τῶν
902 3192 1279 3256 Μασσαγετῶν
1332 3191 1470 3257 δέος,
1504 3193 1586 3245 ὅτι
1616 3191 1758 3244 κατὰ.

1856 3195 2095 3249 mieitias
2166 3194 2350 3263 parvis
2414 3192 2482 3246 de
2537 3194 2721 3248 causis
2788 3205 3182 3264 susceperant,
3241 3196 3441 3250 occisis

178 3287 281 3356 τὴν
325 3286 513 3337 Ἀσίαν
540 3285 724 3347 αὐτοῖς
753 3285 1221 3355 συστρατεύοντες
1260 3284 1757 3353 ἐξεπολεμώθησαν

1856 3286 2018 3341 etiam
2053 3302 2240 3341 eorum
2279 3288 2719 3358 quampluritnis.
2751 3287 2900 3353 Quiu‘
2917 3297 2972 3341 et
3000 3286 3264 3341 Thracios
3298 3290 3442 3343 mili-

175 3396 235 3433 τε
278 3380 404 3433 κατ’
458 3378 636 3432 αὐτῶν
678 3380 771 3430 ἐπὶ
822 3382 1047 3449 μικραί;
1104 3395 1213 3431 τισι
1262 3382 1380 3440 ταῖς
1419 3377 1620 3431 αίτίαι;
1665 3377 1759 3431 καὶ

1862 3390 1942 3435 tes
1984 3380 2131 3435 baud
2188 3396 2380 3451 parum
2419 3382 2700 3443 tinniebant,
2738 3396 2970 3449 quorum
3020 3395 3178 3448 agros
3216 3391 3269 3434 et
3298 3382 3443 3435 aedes

176 3474 411 3540 συχνοὺς
455 3470 636 3523 αὐτῶν
671 3473 1041 3538 πεφονεύκασι
1068 3488 1080 3501 ο
1121 3470 1249 3532 τούς
1281 3487 1340 3522 τε
1374 3469 1440 3522 αὖ
1471 3471 1581 3522 τῶν
1615 3470 1761 3539 Θρᾳ-

176 3564 292 3616 κῶν
343 3558 685 3630 στρατιώτας
728 3560 866 3615 am
913 3560 1009 3613 καί
1053 3561 1251 3623 αὐτοὺς
1281 3561 1342 3612 οὐ
1381 3561 1595 3632 μικρῶς
1648 3562 1762 3613 εδε-

176 3655 387 3708 δίεσαν.
426 3656 536 3716 Τάς
565 3670 626 3705 τε
658 3654 767 3723 γὰρ
799 3654 982 3723 χώρας
1031 3654 1211 3705 αὐτῶν
1244 3654 1371 3721 χθὲς
1425 3656 1519 3706 καὶ
1570 3653 1761 3724 πρώην

181 3750 358 3820 συχνὰ
419 3746 765 3817 παρεξιόντες
824 3745 1015 3815 ἐδῄουν
1070 3748 1165 3799 καὶ
1213 3746 1308 3807 τὰς
1356 3746 1536 3809 οἰκίας
1590 3745 1761 3809 ἀδεῶς

181 3840 641 3910 ἐνεπίμπρασαν
673 3839 768 3893 καὶ
808 3839 1068 3908 οὐδεμίαν
1116 3838 1296 3891 οὐδέσι
1349 3838 1760 3908 φιλανθρωπίας

181 3935 481 3988 κατέλιπον
532 3932 829 4002 πρόφασιν,
874 3930 1017 3985 ὥστε
1066 3931 1382 4002 βουληθεῖσι
1432 3930 1762 3983 σπείσασθαι

182 4028 261 4096 τῷ
301 4026 515 4095 βασιλεῖ
560 4023 844 4077 κείσεσθαι
896 4039 1048 4090 σφισι
1099 4022 1161 4073 τὸ
1218 4024 1451 4090 πρᾶγμα
1501 4021 1763 4074 κινδύνων

400 4112 510 4165 Καὶ
539 4111 599 4163 τό
629 4129 692 4179 γε
732 4110 841 4163 τῶν
881 4110 1066 4178 φόϐων
1100 4109 1334 4180 ἔσχατόν
1364 4126 1550 4178 σφισιν
1585 4111 1764 4180 ὐπῆρ·

182 4225 303 4277 χεν,
344 4206 429 4258 ὅτι
479 4206 573 4258 καὶ
628 4205 721 4255 τὸν
776 4202 1001 4271 βασιλέα
1054 4202 1273 4272 Μιχαὴλ
1331 4202 1461 4254 ὄντα
1516 4201 1763 4267 ἐπίδοξον

186 4302 387 4370 ἧκουον
430 4299 589 4367 ἣκειν
639 4296 727 4349 ἐπ’
778 4295 979 4357 αὐτοὺς
1027 4296 1124 4349 σὺν
1168 4293 1351 4365 πολλῷ
1391 4294 1468 4363 τῷ
1522 4296 1761 4366 στρατῷ.

187 4391 359 4445 Ὅθεν
410 4390 634 4459 βαθεῖαν
661 4389 789 4455 περὶ
821 4389 882 4440 τὸ
912 4387 1174 4458 φρούριον
1219 4388 1429 4456 τάφρον
1472 4388 1763 4450 ἐλάσαντες

1865 3471 2029 3542 paulo
2088 3484 2217 3526 ante
2270 3471 2477 3526 crebris
2528 3470 2932 3525 incursionibus
2981 3478 3345 3533 vastaverant,
3378 3484 3443 3521 ac

1860 3567 2053 3619 domos
2101 3565 2363 3619 audacter
2394 3565 2771 3618 incenderant.
2807 3562 2914 3616 Nec
2951 3562 3107 3614 ullam
3141 3562 3242 3614 sibi
3271 3576 3370 3614 \eu
3398 3577 3443 3613 ae

1862 3673 1893 3712 a
1932 3672 2206 3727 quoquam
2253 3657 2609 3726 impetranda:
2655 3670 2807 3724 spem
2851 3654 3222 3723 reliquerant;
3256 3666 3311 3706 ut
3343 3669 3447 3705 nee.

1863 3748 1909 3804 si
1941 3747 2139 3804 vellent
2166 3762 2509 3817 pacenveum
2536 3747 2864 3814 imperatore
2905 3744 3105 3809 facere,
3141 3745 3275 3798 citra
3299 3760 3444 3813 peri-

1863 3843 2047 3896 culum
2078 3856 2197 3895 eam
2236 3840 2477 3893 facturos
2526 3852 2584 3892 se
2618 3846 2921 3907 Sperarent.
2951 3835 3081 3891 Illud
3116 3848 3296 3890 autem
3333 3847 3447 3889 ter-

1864 3949 2044 3988 rorem
2098 3933 2179 3987 eis
2235 3932 2527 3985 maximum
2578 3929 2910 3992 incutiebat,
2958 3928 3101 3999 quod
3155 3930 3446 3997 imperator

1866 4026 2092 4081 Michael
2127 4041 2250 4079 mox
2282 4024 2618 4077 adventuros
2648 4034 2703 4077 ct
2742 4038 2835 4077 eos
2874 4024 3084 4090 magnis
3115 4038 3236 4075 eum
3274 4026 3449 4092 copiis-

1865 4128 2283 4191 Oppugnaturus
2310 4116 2629 4187 lferebatur.
2672 4116 2834 4186 Igitur
2874 4116 3133 4185 profunda
3167 4115 3309 4169 fossa
3341 4121 3449 4169 eir-

1864 4228 1985 4268 Cum
2016 4212 2299 4266 castellqu
2348 4211 2532 4275 ducta,
2560 4224 2731 4278 eaque
2765 4210 2901 4262 tallo
2934 4210 3172 4278 nudique
3218 4221 3448 4274 ummta,

1867 4307 1933 4359 ad
1984 4304 2319 4359 tolerandam
2373 4302 2712 4356 obsidionem
2772 4317 2829 4355 se
2885 4302 3261 4372 acciugebant,
3301 4318 3453 4357 con.-

1870 4410 2051 4453 meatu
2084 4414 2147 4451 ex
2198 4396 2379 4466 praeda
2433 4395 2536 4449 sibi
2588 4405 2714 4447 ante
2754 4395 2970 4463 proviso
3005 4405 3059 4448 et
3105 4393 3158 4447 in
3192 4396 3448 4464 oppidum

186 4490 280 4539 καί
340 4486 560 4555 χάρακα
623 4480 814 4549 κύκλῳ
869 4480 1190 4549 βαλλόμενοι
1251 4480 1389 4550 πρὸς
1448 4479 1766 4549 πολιορκίαν

1872 4490 2202 4545 intromisso.
2252 4489 2357 4543 Sed
2418 4504 2541 4543 cum
2598 4500 2811 4557 tempus
2845 4496 3131 4550 tereretur,
3164 4498 3217 4541 et
3248 4504 3450 4557 exspe—

188 4574 691 4647 παρεσκευάςοντο,
724 4571 898 4623 πολλὰ
944 4573 1215 4641 πρῆτερον
1250 4575 1313 4623 ὲκ
1353 4572 1453 4640 τῆς
1504 4574 1655 4636 λείας
1685 4575 1769 4625 ὲν-

189 4670 411 4738 θέμενοι
444 4668 514 4719 τά
552 4666 929 4735 χορτάσματα.
981 4664 1135 4716 Ἐπεὶ
1161 4663 1204 4716 δ’
1234 4664 1261 4717 ὃ
1298 4682 1353 4717 τε
1387 4666 1579 4734 χρόνος
1622 4664 1770 4735 ἰτρί-

188 4764 319 4815 6ετο
347 4763 443 4813 καὶ
480 4760 513 4829 ἡ
568 4756 998 4828 προσδοκωμένη
1050 4754 1144 4806 τοῦ
1174 4755 1442 4824 βασιλέως
1488 4756 1676 4823 ἔφοδος
1706 4756 1768 4809 οὐ

187 4853 398 4923 παρῆν,
426 4850 514 4901 ἐπ’
538 4849 703 4910 ἄλλας
729 4848 1026 4917 ἐτρέποντο
1050 4848 1384 4916 σκεμμάτων
1414 4846 1585 4910 ὁδούς.
1610 4848 1772 4901 Ἀλλὰ

190 4947 300 5015 γάρ
316 4944 463 4995 οὕτω
485 4943 597 5003 τοῖς
644 4938 972 4999 Κατελάνοις
1006 4936 1090 5010 [Ρ.
1133 4938 1258 5010 140]
1286 4940 1393 4991 τῶν
1425 4942 1770 5009 πραγμάτων

198 5033 604 5088 συνελαθέντων
624 5032 724 5084 οὐκ
741 5026 809 5101 ἦν
828 5028 914 5083 ἐπ’
932 5031 1235 5100 ἀλλοδαπῆς
1256 5030 1463 5098 διάγειν
1484 5034 1664 5099 φόὸων
1685 5034 1773 5084 εκ-

192 5131 317 5191 τόςο
350 5126 468 5179 ἀλλ’
495 5126 724 5193 ὑποψίαι
759 5123 1020 5178 κινδύνων
1051 5123 1385 5194 πολύτροποι
1431 5125 1772 5196 πανταχόθεν

193 5221 429 5292 ἔθραυον
460 5219 625 5288 σφᾶς.
656 5216 821 5269 Ὅθεν
870 5217 949 5279 είς
1002 5216 1249 5284 ἀνάγκας
1296 5217 1549 5280 τοιαύτας
1582 5219 1774 5286 ἐληλυ-

195 5319 351 5379 θότες
408 5312 688 5367 ἐπινοιῦσι
746 5313 974 5381 πρᾶγμα
1027 5314 1417 5381 κακομήχανον
1461 5314 1557 5365 καὶ
1607 5312 1776 5365 πολιν

192 5414 333 5463 κατὰ
388 5409 499 5461 τῶν
562 5407 854 5476 Ῥωμαίων
886 5407 1078 5459 ώδῖνον
1132 5406 1224 5459 τὸν
1282 5406 1529 5478 ὄλεθρον.
1564 5406 1676 5460 Καὶ
1709 5408 1774 5478 δὴ

188 5501 685 5573 διεπρεσϐεύονται
738 5500 866 5570 περὶ
910 5501 1231 5571 συμμαχίας
1273 5501 1411 5570 πρὸς
1455 5499 1580 5564 τοὺς
1630 5502 1779 5554 ἀντι-

1868 4593 2045 4639 ctatus
2090 4582 2441 4652 imperatoris
2493 4580 2760 4633 adventus
2818 4580 3153 4644 dill'erretur,
3213 4579 3279 4632 ad
3343 4580 3449 4633 alia

1870 4674 2098 4730 consilia
2150 4690 2209 4728 se
2264 4681 2611 4727 convertunt.
2645 4671 2696 4723 lu
2746 4686 2838 4726 eas
2871 4670 3015 4724 enim
3047 4674 3324 4739 angustias
3362 4688 3451 4724 re-

1870 4769 2032 4825 dacti.
2074 4777 2133 4821 ut
2182 4778 2410 4819 externo
2442 4766 2493 4818 in
2551 4766 2667 4817 solo
2722 4780 2986 4832 nusquam
3036 4765 3214 4817 securi
3267 4766 3455 4817 vivere

1874 4868 2119 4931 possent,
2179 4858 2274 4911 sed
2332 4858 2573 4926 undique
2636 4856 2784 4909 vario
2842 4856 3205 4923 periculorum
3246 4865 3459 4910 terrore

1882 4962 2227 5024 urgerentur,
2258 4951 2310 5004 in
2362 4966 2505 5013 eam,
2540 4950 2782 5019 inquam,
2824 4950 3204 5003 necessitatem
3238 4948 3457 5001 adducti

1879 5049 2151 5102 funestam
2185 5054 2239 5099 et
2287 5043 2537 5097 ultimum
2594 5040 2855 5094 Romanis
2889 5040 3111 5095 exitium
3174 5040 3457 5093 allaturum

1883 5140 2132 5195 fraudem
2174 5137 2503 5207 excogitant.
2544 5136 2749 5189 Turcos
2792 5136 2842 5187 in
2894 5134 3121 5187 adverso
3155 5134 3333 5187 littore
3360 5134 3459 5185 lia~

1882 5230 2120 5285 bitantes
2154 5228 2335 5282 missis
2362 5226 2554 5294 legatis
2584 5224 2759 5279 SOt'lt)S
2790 5224 2887 5277 sibi
2921 5224 3215 5285 asciseunt,
3250 5232 3303 5275 et
3333 5238 3459 5275 cum

1883 5320 1985 5390 ipsi
2025 5329 2105 5374 ter
2130 5319 2275 5373 mille
2311 5326 2517 5383 essent,
2566 5317 2897 5386 quingentos
2932 5316 2998 5367 ab
3025 5315 3129 5368 illis
3159 5314 3459 5381 accipiunt.

1882 5409 1994 5466 Nec
2024 5408 2189 5479 229
2219 5410 2379 5481 longo
2422 5420 2544 5479 post
2588 5408 2743 5463 multi
2789 5411 2949 5460 etiam
2989 5406 3280 5471 transl’uga-
3309 5416 3368 5457 se
3392 5404 3460 5457 ad

1883 5502 2005 5556 illos
2036 5502 2327 5556 conferunt
2352 5518 2365 5554 :
2390 5516 2514 5554 cum
2554 5500 2755 5568 quibus
2783 5500 2985 5568 egressi
3019 5498 3275 5551 ﬁnitimos
3299 5509 3461 5566 agros

1551 5619 1881 5681 \‘ariorum
1928 5627 2119 5681 noue.

267 5725 383 5796 (33)
422 5721 750 5796 Paeliymer.
777 5722 883 5796 libl
901 5737 999 5792 xu,
1024 5738 1146 5793 cap.
1177 5722 1269 5788 25,
1295 5722 1387 5784 26,
1411 5720 1502 5796 2_7__.
1562 5720 1771 5774 Monta-

195 5791 316 5857 mr.
351 5791 480 5859 cap.
510 5791 634 5847 2f5.
670 5791 806 5859 Hjst.
846 5791 1311 5858 Franco-Byzant.
1342 5808 1393 5845 ιι.
1428 5792 1516 5844 55.
1542 5805 1766 5845 occaso.

266 5870 381 5943 (5‘)
412 5864 736 5937 Pachymer.
760 5864 859 5921 lib.
890 5880 985 5932 xu,
1011 5880 1129 5934 cap.
1164 5864 1254 5930 27,
1288 5864 1382 5918 lib.
1415 5876 1534 5926 sui,
1568 5877 1686 5931 cap.
1713 5864 1764 5915 7.

1873 5736 2097 5776 DUCANG.

1953 5793 2064 5863 (35)
2093 5794 2414 5861 l'acliymer.
2447 5790 2539 5844 lib.
2575 5804 2667 5855 xu,
2692 5802 2811 5855 cap.
2841 5786 2930 5840 9.9.
2954 5796 3175 5838 DUCANG.
