4240 6442
739 389 846 451 m
1024 385 1098 457 [Α.
1147 401 1202 440 ιι.
1249 385 1375 439 6791
1420 402 1486 438 ,ιο
1530 387 1692 457 esse]

1949 397 2365 459 NICEPllORl
2415 404 2794 466 GREGORJS

3096 403 3231 474 [ιιιρι
3279 421 3561 462 Αιιοιιοηιε.
3606 408 3745 481 seu.)

3888 413 3992 475 440

740 517 802 556 se
827 501 1145 566 ostendunt,
1179 510 1347 571 atque
1377 504 1596 557 eminus
1631 515 1687 558 et
1734 505 1853 572 ipsi
1881 506 2098 561 hostilia
2130 519 2309 564 castra
2343 519 2381 572 Α

2343 519 2381 572 Α
2419 517 2702 586 πέρῤωοεν
2735 521 2828 572 καὶ
2862 520 3009 572 αὐτοὶ
3063 521 3133 574 τά
3181 522 3291 575 τῶν
3322 521 3598 592 πολεμίων
3627 525 3796 592 ὁρῶσι
3826 541 3991 593 στρα-

737 605 994 658 cernunt,
1043 595 1338 664 splendore
1388 612 1664 650 armorum
1718 600 2081 652 coruscantia.
2131 600 2310 666 Quare

736 701 930 754 presso
960 688 1131 756 gradu
1173 687 1240 740 ad
1294 703 1529 758 pugnam
1586 704 1645 743 se
1697 701 1911 759 parant.
1951 692 2030 746 Ac
2071 693 2305 762 primum

734 777 991 833 curribus
1026 779 1081 832 in
1109 781 1295 833 orbem
1334 780 1739 850 circumpositis
1765 783 2009 853 captivos
2038 786 2089 838 in
2127 786 2309 841 medio

733 869 950 924 vinctos
979 870 1254 924 collocant
1288 886 1393 924 una
1424 885 1548 926 eum
1579 874 1793 929 caeteris
1821 876 2116 930 manubiis.
2143 876 2305 931 Dein-

733 959 806 1013 de
833 960 1055 1029 pulvere
1081 961 1350 1030 capitibus
1380 961 1628 1030 insperso
1655 972 1710 1016 et
1741 964 1992 1018 manibus
2024 965 2075 1017 in
2108 965 2303 1020 cmlum

735 1051 969 1104 sublatis
1004 1067 1157 1105 arma
1194 1052 1518 1119 corripiunt.
1560 1053 1680 1109 Jam
1712 1063 1766 1109 et
1802 1053 2106 1109 Romanum
2144 1071 2304 1110 exer-

732 1140 903 1193 citum
938 1139 1267 1195 instructum
1300 1141 1488 1196 vident
1523 1153 1712 1211 contra
1743 1159 1866 1200 sese
1897 1145 1997 1208 ire,
2027 1154 2080 1200 et
2115 1146 2302 1201 Pbilen

732 1247 878 1298 pone
913 1233 1090 1300 sequi,
1124 1232 1367 1302 peditum
1399 1236 1744 1304 etequitum
1792 1239 1981 1307 copias
2026 1249 2302 1310 regentem

729 1333 785 1377 et
833 1324 998 1378 variis
1047 1325 1520 1382 adhortationibus
1566 1328 1632 1381 ad
1659 1343 1890 1397 pugnam
1940 1329 2303 1383 exstimulan-

732 1424 859 1468 tem.

808 1609 892 1666 Vl.
937 1610 1039 1676 Qui
1074 1613 1238 1683 igitur
1278 1614 1330 1666 in
1367 1615 1560 1668 dextro
1587 1629 1757 1668 cornu
1793 1617 2014 1671 ordines
2047 1616 2304 1682 ducebat,

730 1705 942 1773 primus
981 1721 1103 1760 cum
1152 1721 1253 1760 suo
1304 1708 1522 1776 agmine
1576 1707 1630 1760 in
1682 1708 1937 1763 hostilem
1981 1710 2304 1779 phalangem

733 1798 878 1850 tacto
911 1795 1117 1866 impetu
1152 1799 1368 1852 hostem
1397 1799 1709 1868 oppositum
1753 1801 1936 1855 lethali
1970 1802 2196 1856 vulnere
2224 1803 2306 1856 in-

2411 608 2608 662 τὸπεδα
2633 612 2698 679 τῇ
2729 612 3078 682 λαμπρότητι
3107 614 3216 666 τῶν
3235 614 3414 667 ὃπλων
3448 616 3852 682 ἀστράπτοντα.
3878 619 3990 670 Καὶ

2409 699 2471 766 δὴ
2497 700 2635 752 κατὰ
2668 700 2852 771 χώραν
2902 706 3126 765 στάντες
3180 706 3659 772 παρεσκευάζοντο
3711 707 3849 774 πρὸς
3897 708 3990 760 τὸν

2412 789 2670 857 πόλεμον.
2698 793 2808 846 Καὶ
2841 794 3032 865 πρῶτα
3078 795 3177 862 μὲν
3206 797 3306 860 τάς
3341 798 3558 865 ἀμάξας
3612 800 3752 852 κατά
3791 799 3990 853 κύκλον

2412 886 2712 951 στήσαντες
2747 885 3004 954 δεσμίους
3059 888 3207 941 ἔνδον
3240 891 3367 952 τοὺς
3421 890 3798 958 αἰχμαλώτους
3841 894 3990 946 εἰσά-

2409 991 2597 1040 γουσιν
2635 977 2750 1045 ἅμα
2775 981 2886 1039 τοῖς
2902 977 3082 1041 ἄλλοις
3112 979 3394 1049 λαφύροις.
3423 983 3652 1035 Ἔπειτα
3686 985 3835 1036 κόνιν
3865 986 3991 1054 χεά-

2410 1085 2563 1134 μενοι
2602 1070 2742 1122 κατὰ
2773 1071 3019 1139 κεφαλῆς
3054 1073 3148 1124 καὶ
3189 1076 3373 1142 χεῖρας
3427 1076 3561 1144 πρδς
3596 1077 3824 1144 οὐρανὸν
3853 1081 3990 1130 άνα-

2408 1157 2681 1222 τείναντες
2706 1160 3034 1214 ἀνελάὅοντο
3066 1161 3136 1214 τὰ
3160 1164 3322 1216 ὅπλα.
3357 1165 3496 1234 Ἤδη
3526 1166 3580 1217 δὲ
3605 1168 3694 1217 καὶ
3722 1167 3812 1218 τὸν
3853 1168 3991 1220 Ῥω-

2410 1251 2608 1319 μαϊκὸν
2660 1253 2830 1322 ὁρῶσι
2888 1255 3120 1324 στρατὸν
3187 1258 3587 1326 συντεταμένον
3652 1261 3800 1312 ἰόντα
3864 1260 3989 1312 κατ’

2407 1340 2589 1392 αὐτῶν
2629 1343 2722 1394 καὶ
2751 1342 2982 1396 κατόπιν
3005 1345 3105 1407 τάς
3156 1363 3214 1399 τε
3239 1348 3346 1399 τῶν
3373 1349 3556 1413 πεζῶν
3605 1353 3702 1402 καὶ
3730 1351 3837 1403 τῶν
3894 1352 3988 1402 ἰπ-

2409 1435 2557 1485 πέων
2584 1434 2843 1504 δυνάμεις
2889 1436 3135 1492 ἰθύνοντα
3166 1439 3260 1505 τὸν
3297 1440 3463 1510 Φιλῆν
3497 1442 3590 1494 καὶ
3634 1441 3817 1508 λόγοις
3849 1459 3990 1497 παν-

2407 1524 2570 1586 τοίοις
2607 1528 2736 1591 πρὸς
2775 1527 3010 1596 πόλεμον
3037 1529 3434 1596 παροξύνοντα.

2481 1616 2571 1682 ς’.
2605 1618 2828 1688 Πρῶτος
2859 1616 2951 1673 οὖν
2984 1622 3349 1693 είσεπήδησεν
3373 1626 3430 1685 ἐς
3469 1625 3565 1696 τὴν
3595 1626 3852 1694 φάλαγγα
3878 1627 3990 1678 τῶν

2410 1712 2699 1782 βαρϐάρων
2733 1717 2760 1766 ό
2813 1714 3106 1786 ταξίαρχος
3135 1717 3228 1769 τοῦ
3283 1716 3460 1782 δεξιοῦ
3509 1721 3687 1789 κέρως
3719 1723 3856 1789 μετά
3886 1721 3989 1788 τῆς

2410 1807 2684 1874 ἑπομένης
2717 1809 2866 1877 αὐτῷ
2893 1810 3175 1877 φάλαγγος
3198 1827 3211 1840 ·
3247 1813 3341 1864 καί⁸
3390 1811 3606 1882 τρώσας
3643 1814 3867 1884 καιρίαν
3894 1818 3988 1866 τὶν

731 1888 878 1943 ﬂicto
936 1904 999 1942 ex
1059 1905 1200 1958 equo
1256 1891 1551 1958 deturbat;
1615 1909 1737 1947 mox
1808 1896 1989 1947 statim
2051 1895 2303 1949 alterum.
2343 1901 2381 1957 lt

2343 1901 2381 1957 ιι
2412 1899 2735 1952 ἀντιστάντα
2764 1902 3029 1970 πολέμιον
3073 1903 3402 1957 καταϐάλλει
3433 1905 3526 1957 τοῦ
3566 1905 3736 1957 ἵππου
3760 1906 3855 1959 καὶ
3895 1908 3990 1957 ἐπ’

732 1977 939 2034 Deinde
985 1995 1128 2048 equo
1182 1995 1284 2035 suo
1331 1982 1615 2036 vulnerato
1664 1999 1729 2036 ex
1781 1985 1899 2038 acie
1956 1984 2210 2038 discedit.
2249 1986 2302 2040 Id

731 2070 1029 2127 Romanam
1091 2075 1411 2146 phalangem
1475 2077 1876 2147 aliquantisper
1933 2080 2302 2143 conturbavit,

729 2165 1042 2234 effecitque,
1097 2177 1154 2220 ut
1211 2167 1396 2222 hostes
1450 2170 1713 2238 reparatis
1763 2170 1972 2225 viribus
2027 2172 2304 2227 incondito

727 2260 970 2313 clamore
1002 2270 1054 2314 et
1095 2253 1302 2313 ululatu
1333 2261 1398 2314 ad
1431 2264 1841 2331 persequendos
1877 2262 2148 2317 Romanos
2178 2278 2301 2317 cum

729 2353 936 2422 impetu
972 2353 1262 2406 ferrentur.
1299 2354 1406 2408 Sed
1443 2354 1628 2408 Philes
1657 2355 1784 2409 huic
1821 2356 1962 2408 malo
1992 2357 2175 2409 statim
2210 2373 2302 2410 oc-

729 2443 921 2507 currit,
949 2459 1072 2497 cutn
1101 2445 1273 2509 aciem
1302 2445 1554 2499 obeundo
1581 2447 1794 2514 equites
1825 2446 1987 2516 267
2018 2447 2219 2516 pariter
2249 2455 2303 2500 et

729 2536 941 2604 pedites
977 2537 1158 2590 verbis
1191 2545 1246 2589 et
1296 2537 1777 2593 cohortationibus
1828 2538 2212 2605 confirmaret;
2251 2552 2304 2593 et

730 2629 855 2682 hinc
885 2628 1104 2698 quidem
1136 2628 1251 2697 ipse
1282 2629 1536 2698 lacrymis
1579 2629 1820 2682 divinam
1856 2644 2014 2698 opem
2050 2631 2304 2697 implora-

728 2729 831 2785 ret,
863 2736 933 2775 nc
968 2730 1139 2775 totum
1173 2719 1478 2775 Romanum
1512 2721 1801 2790 imperium
1832 2721 1995 2790 paulo
2027 2731 2303 2774 momento

729 2812 973 2867 funditus
1002 2814 1170 2868 everti
1210 2822 1528 2882 pateretur;
1579 2813 1705 2867 inde
1742 2823 1924 2867 autem
1962 2815 2171 2883 captivi
2206 2830 2298 2882 ge-

729 2918 938 2961 mentes
962 2917 1015 2960 et
1045 2906 1314 2960 ululantes
1346 2906 1687 2962 ferventibus
1723 2907 1973 2973 su3piriis
2000 2916 2054 2961 et
2087 2906 2302 2962 fletibus

729 3014 970 3065 prresens
1007 2997 1097 3051 Dei
1130 2998 1394 3051 auxilium
1426 3006 1809 3066 exposcerent.
1843 2995 1981 3050 Tum
2009 2997 2173 3066 igitur
2205 3012 2300 3066 pe-

727 3091 941 3144 desires
971 3089 1340 3144 Romanorum
1383 3090 1556 3158 capia:
1601 3089 1964 3144 Barbarorum
1999 3090 2298 3158 peditatum

685 3178 690 3182 ’
725 3184 976 3236 cominus
1010 3183 1247 3252 aggressi
1285 3182 1488 3237 feriunt
1519 3182 1899 3247 et‘feriuntur,
1925 3164 2158 3244 czedunt,
2193 3199 2299 3236 caa-

726 3276 964 3333 dumur;
991 3286 1046 3327 et
1094 3276 1339 3342 utrisque
1379 3274 1592 3328 fortiter
1639 3275 2021 3328 dimicantibus
2057 3282 2213 3329 atrox
2247 3285 2300 3329 et

726 3368 924 3421 ardens
950 3383 1127 3436 pugna
1160 3367 1422 3432 exsurgit.
1455 3366 1684 3420 Maxima
1715 3383 1846 3421 vero
1879 3376 2030 3436 parte
2054 3368 2296 3436 equitum

727 3459 907 3514 Philes
939 3461 1284 3514 barbaricam
1317 3462 1486 3514 aciem
1526 3459 1790 3524 involvit;
1827 3474 1889 3513 ac
1925 3460 2038 3526 ipse
2068 3460 2299 3528 sumptis

727 3565 914 3604 secum
962 3551 1028 3604 iis
1064 3552 1153 3619 qui
1191 3553 1360 3604 armis
1391 3553 1598 3619 optime
1629 3550 1886 3604 instructi
1921 3562 2097 3613 erant,
2133 3559 2297 3604 totam

727 3658 756 3695 ιι
785 3644 955 3697 latere
990 3644 1314 3712 phalangem
1347 3642 1587 3697 hostium
1641 3641 1967 3711 perrumpit,
2003 3651 2055 3696 et
2089 3643 2140 3695 in
2179 3657 2297 3696 eam

727 3745 907 3800 usque
945 3723 1182 3786 mediam
1225 3731 1440 3785 delatus
1488 3731 1561 3785 ita
1613 3741 1836 3785 strenue
1867 3729 2061 3785 obvios
2100 3731 2303 3802 disjicit
2336 3792 2343 3798 κ

722 3841 789 3901 ac
831 3825 1130 3894 perturbat,
1160 3833 1219 3878 ut
1260 3823 1483 3878 Barbari
1513 3838 1691 3892 neque
1725 3825 2026 3880 consistere
2051 3833 2299 3894 possent,

728 3933 830 4010 nec
873 3915 1002 3988 quid
1045 3915 1318 3987 agendum
1365 3924 1511 3969 esset
1544 3915 1770 3974 scirent,
1800 3916 2042 3984 undique
2069 3915 2304 3970 circum-

726 4004 873 4064 venti
900 4018 955 4063 et
987 4008 1130 4062 fcede
1162 4007 1437 4062 trucidati.
1471 4005 1542 4058 Ita
1566 4007 1825 4060 omnibus
1865 4004 2037 4060 ferme
2068 4005 2175 4058 illic
2202 4021 2302 4059 ea!-

726 4103 821 4166 sis,
859 4100 1016 4171 pauci
1051 4100 1313 4154 duntaxat
1356 4098 1569 4167 equites
1619 4096 1929 4167 elfugerunt
1960 4114 1973 4150 :
2006 4112 2140 4166 quos
2195 4097 2303 4150 Ro-

729 4196 872 4248 mani
906 4195 1115 4264 equites
1148 4192 1318 4262 gradu
1349 4189 1655 4243 accelerate
1685 4204 1854 4257 usque
1893 4189 1958 4242 ad
1992 4189 2297 4260 ingressum

726 4285 1058 4339 Chersonesi
1102 4280 1371 4353 persecuti
1419 4291 1567 4342 sunt,
1610 4288 1669 4332 ut
1723 4279 1798 4333 ibi
1848 4288 2106 4348 tanquam
2152 4280 2296 4333 intra

729 4388 842 4432 rete
874 4376 1164 4431 conclusos
1191 4373 1430 4442 reliquos
1460 4372 1606 4427 facili
1636 4372 1820 4426 labore
1857 4381 2179 4425 mactarent.

2407 1991 2553 2058 αύτῷ
2601 1991 2820 2061 ἕτερον·
2855 1992 3098 2046 ’κᾶπειτα
3144 1994 3239 2047 τοῦ
3277 1995 3445 2048 ῐππου
3504 1996 3793 2064 βληθέντος
3836 1999 3989 2064 αύτξι

2406 2085 2762 2152 παρεκκλίνει
2812 2086 2906 2138 τοῦ
2963 2088 3317 2157 μεταιχμίου.
3359 2087 3530 2142 Τοῦτο
3583 2090 3812 2142 διέσεισε
3848 2091 3989 2152 πρὸς

2408 2173 2581 2243 βραχὺ
2609 2173 2707 2244 τὴν
2746 2173 3033 2242 Ῥωμαίων
3074 2178 3332 2244 φάλαγγα
3354 2196 3368 2210 ο
3431 2181 3524 2231 καὶ
3556 2180 3988 2250 ἀνερρὡθησυν

2405 2266 2454 2317 οἱ
2490 2266 2737 2332 πολέμιοι
2785 2270 2879 2321 καὶ
2913 2271 3112 2340 ἀσήμῳ
3153 2271 3492 2339 χρησάμενοι
3542 2275 3607 2339 τῇ
3643 2272 3852 2340 κλαγγῇ
3890 2276 3985 2326 zu".

2409 2361 2502 2428 βοῇ
2557 2360 2689 2429 πρὸς
2722 2361 2906 2427 δίωξιν
2954 2363 3241 2432 ὥρμησαν.
3314 2364 3477 2416 Ἀλλά
3512 2365 3722 2431 φθάσας
3760 2369 3786 2417 6
3819 2367 3987 2422 Φιλξς

2413 2451 2628 2521 περιῄει
2659 2452 2837 2519 λόγοις
2854 2454 2943 2505 καὶ
2967 2455 3340 2523 παρακελεύσε
3351 2474 3401 2507 σι
3430 2456 3715 2527 θαρρύνων
3734 2458 3790 2509 τό
3808 2475 3864 2509 τε
3883 2475 3988 2509 πῖ-

2410 2541 2499 2601 ζὸν
2518 2544 2611 2594 καὶ
2640 2543 2754 2596 ὅσοι
2779 2545 2888 2596 τῶν
2913 2545 3146 2610 ἱππέων,
3170 2547 3263 2599 καὶ
3282 2547 3494 2610 πολλοῖς
3513 2547 3669 2601 ἔνθεν
3701 2552 3797 2619 μὲν
3821 2551 3988 2610 αὖτις

2406 2633 2776 2702 ὲπ.6οώμενος
2809 2633 3038 2707 ἃὶκρυσι
3062 2637 3161 2703 τὴν
3179 2638 3329 2691 θείαν
3353 2639 3696 2708 ἐπικουρίαν,
3725 2642 3798 2710 μὴ
3827 2659 3987 2711 περι-

2406 2726 2540 2777 ῖδείν
2573 2724 2994 2778 κινδυνεύουσαν
3019 2729 3077 2779 ὲν
3134 2728 3328 2796 βραχεῖ
3377 2729 3475 2799 τὴν
3529 2730 3657 2798 ὅλην
3693 2729 3987 2798 Ῥωμαίωι

2405 2817 2828 2888 ὴγεμονίαν,[Ρ.
2857 2817 2981 2889 165]
3010 2818 3215 2871 ἐκεῖθεν
3243 2819 3628 2887 δὀίμώζοντὲς
3654 2838 3711 2872 τε
3741 2821 3832 2872 καὶ
3862 2820 3984 2873 63o—

2405 2908 2656 2973 λύζοντες
2704 2910 2810 2960 τῶν
2849 2910 3214 2978 αἰχμαλώτων
3270 2910 3340 2962 τὰ
3389 2909 3568 2980 πλήθη
3606 2911 3701 2964 καὶ
3753 2911 3980 2982 θερμοῖς

2407 3003 2734 3071 στεναγμοῖς
2758 3019 2816 3052 τε
2843 3003 2937 3054 καὶ
2959 3001 3194 3071 δάκρυσι
3219 3002 3316 3071 τὴν
3336 3002 3544 3056 ἄνωθεν
3574 3003 3753 3067 δεξιάν
3779 3007 3981 3056 ἐπικα-

2403 3093 2655 3162 λούμενοι
2680 3093 2991 3162 σύμμαχον.
3030 3095 3164 3145 Τότε
3196 3094 3377 3146 τοίνυν
3405 3097 3457 3146 αἰ
3500 3096 3600 3163 μὲν
3628 3096 3849 3157 πεζικαὶ
3871 3097 3984 3147 τῶν

2416 3170 2703 3253 Ῥωμαίων
2730 3184 2991 3253 δυνάμεις
3019 3186 3098 3247 εἰς
3130 3187 3315 3254 χεῖρας
3353 3185 3524 3248 ἰόντες
3559 3187 3670 3248 τοίς
3704 3187 3812 3237 τῶν
3850 3188 3984 3257 βαρ-

2408 3275 2592 3344 ϐάρων
2622 3276 2805 3339 πεζοῖς
2841 3277 2904 3330 ὲκ
2931 3276 3023 3330 τοῦ
3063 3276 3331 3344 σύνεγγυς
3360 3277 3583 3330 ἔϐαλλόν
3617 3296 3668 3330 τε
3699 3280 3790 3332 καὶ
3817 3280 3984 3332 ὲϐάὶο

2408 3367 2577 3428 λοντο,
2611 3367 2839 3420 ἔκοπτόν
2866 3385 2924 3419 τε
2956 3371 3049 3420 καὶ
3075 3370 3366 3422 ἐκόπτοντο
3385 3385 3400 3400 ·
3431 3371 3524 3422 καὶ
3544 3365 3612 3440 ἦν
3633 3373 3877 3440 καρτερά
3907 3390 3988 3433 τις

2409 3455 2502 3508 καὶ
2534 3455 2683 3523 βιαία
2702 3455 2810 3508 τῶν
2840 3455 3020 3520 πεζῶν
3052 3457 3085 3525 ἡ
3120 3459 3290 3526 μάχη,
3327 3457 3449 3510 λίαν
3481 3459 3767 3522 εὐρώστως
3802 3460 3986 3527 ἀμφ)-

2407 3550 2579 3615 τέρων
2609 3549 2715 3601 τῶν
2745 3549 3028 3617 δυνάμεων
3056 3551 3500 3620 ἀγωνιζομένων.
3535 3553 3658 3603 Τῶν
3689 3552 3733 3603 δ’
3767 3553 3986 3603 ἱππέων

2407 3641 2531 3702 τοὺς
2558 3641 2656 3711 μὲν
2683 3641 2968 3703 πλείστους
3011 3642 3198 3712 κύκλῳ
3232 3645 3534 3711 περιήγαγε
3587 3643 3682 3694 τοῦ
3715 3642 3985 3712 βαρϐαρι-

2410 3731 2508 3784 κοῦ
2542 3734 2946 3806 στρατεύματος
2972 3735 3000 3786 6
3022 3733 3186 3803 Φιλῆς
3212 3751 3226 3766 ο
3259 3736 3287 3786 6
3315 3733 3370 3786 δὲ
3393 3734 3517 3797 τοὺς
3537 3734 3738 3803 ἄριστα
3767 3750 3987 3802 nagga-

2409 3821 2645 3888 γμένους
2678 3824 2788 3883 τοίς
2816 3820 2999 3883 ὅπλοις
3026 3821 3314 3874 ἀναλαϐὼν
3348 3824 3610 3890 ῥήγνυσιν
3647 3823 3708 3873 ὲκ
3741 3822 3988 3888 πλευρᾶς

2409 3911 2506 3979 τὴν
2545 3911 2674 3978 ὃλην
2700 3912 2958 3979 φάλαγγα
2993 3911 3100 3964 τῶν
3137 3911 3436 3982 βαρϐάρων
3465 3913 3561 3963 καὶ
3591 3910 3751 3981 μέσος
3784 3911 3985 3970 ἐλάσας

2408 4003 2669 4074 ἐκλόνησὲ
2699 4020 2756 4057 τε
2793 4004 2887 4056 καὶ
2925 4003 3264 4072 συνεκύκησε
3299 4004 3570 4073 κράτιστα
3623 4002 3852 4070 ταύτην,
3914 4004 3987 4053 ibi

2409 4097 2607 4167 μηκέτι
2661 4097 2921 4150 δύνασθαι
2954 4098 3077 4160 τοὺς
3138 4097 3450 4168 βαρϐάρους
3489 4097 3751 4164 συστῆναι
3784 4114 3840 4148 τε
3895 4097 3988 4147 καὶ

2404 4189 2611 4256 γνῶναι
2659 4189 2719 4240 τὸ
2757 4190 3035 4258 ποιητέον,
3089 4188 3232 4241 οὕτω
3281 4189 3614 4261 πανταχόθεν
3650 4205 3991 4257 περιστοιχι-

2405 4281 2626 4343 σθέντας
2654 4283 2748 4334 καὶ
2777 4281 3013 4349 ἀφειδῶς
3049 4282 3442 4348 κοπτομένους.
3471 4281 3576 4334 Καὶ
3613 4280 3714 4349 μὲν
3744 4279 3808 4348 δὴ
3847 4279 3988 4345 πλὴν

2403 4372 2598 4439 όλίγων
2630 4373 2841 4425 ἰππέων
2885 4372 3131 4434 ἅπαντας
3157 4374 3272 4425 ἐκεῖ
3310 4371 3761 4438 κατασφάξαντες
3792 4369 3986 4421 ἔπειτα

726 4471 1111 4525 ἐπισπεύδουσι
1141 4469 1240 4540 τὴν
1266 4467 1512 4538 πορείαν,
1533 4467 1968 4535 ὲξιππασάμενοι
2031 4466 2194 4536 μέχρι
2234 4466 2340 4519 τῶν
2376 4470 2596 4520 εἰσόδων
2652 4468 2749 4537 τῆς
2785 4468 3155 4538 Χερρονήσου,
3216 4465 3303 4519 ἴνα
3369 4465 3517 4526 ἐντὸς
3565 4463 3641 4525 ὡς
3675 4464 3736 4514 ἐν
3782 4461 3989 4528 δικτύῳ

728 4568 1150 4638 συγκλείσαντες
1182 4564 1312 4629 τοὺς
1362 4565 1584 4627 λοιποὺς
1632 4565 1741 4618 τῶν
1777 4563 2073 4634 βαρϐάρων
2121 4564 2535 4635 εὐεπιχείρητον
2596 4565 2695 4636 τὴν
2765 4567 2969 4619 τούτων
3020 4561 3298 4616 ἀπώλειαν
3335 4560 3428 4613 τοῦ
3492 4557 3681 4611 λοιποῦ
3746 4557 3988 4624 διαπρα-

727 4667 946 4732 ξωνται.

801 4761 912 4814 VII.
955 4758 1074 4824 Quo
1101 4772 1222 4811 cum
1257 4764 1579 4826 perventum
1609 4763 1776 4818 esset,
1804 4753 1999 4825 gaudio
2025 4755 2094 4807 ob
2126 4753 2298 4806 vieto-
2335 4754 2375 4809 D

2335 4754 2375 4809 D
2476 4753 2548 4804 Z'.
2579 4749 2889 4810 Φθάσαντες
2937 4745 3029 4800 οὖν
3059 4747 3293 4801 ἐνταῦθα
3348 4743 3840 4815 στρατοπεδεύουσι
3869 4747 3985 4805 τοῖς

729 4857 866 4909 riam
893 4850 1235 4906 exsultantes
1260 4848 1664 4916 honoribusque
1702 4857 1757 4900 et
1785 4847 1942 4901 donis
1970 4847 2039 4901 ab
2069 4848 2304 4914 impera-

731 4958 848 5001 tore
878 4942 1142 5001 cumulati
1166 4950 1345 4997 castra
1381 4948 1610 5010 ponunt.
1642 4938 1835 4993 Statim
1867 4941 2030 4991 etiam
2063 4936 2306 5004 quinque

729 5040 986 5094 triremes
1027 5036 1328 5104 imperator
1355 5033 1538 5094 ‘misit,
1585 5047 1705 5101 quae
1759 5030 2092 5100 Hellesponti
2153 5043 2305 5082 oram

727 5127 959 5200 legendo
995 5132 1273 5191 caverent,
1313 5139 1381 5178 ne
1419 5139 1449 5177 a
1485 5121 1734 5176 barbaris
1768 5121 1821 5174 in
1855 5121 2086 5174 adverso
2126 5118 2308 5174 littore

732 5220 1110 5276 habitantibus
1140 5215 1346 5271 Chaleli
1379 5215 1546 5286 268
1576 5215 1779 5268 auxilia
1823 5214 2302 5267 submitterentur.

736 5312 845 5366 lloc
878 5327 1062 5365 rerum
1110 5317 1253 5363 statu
1287 5308 1656 5362 Triballorutn
1691 5319 1907 5375 quoque
1942 5303 2137 5357 auxilia
2170 5302 2308 5372 jam-

731 5404 946 5476 pridem
984 5411 1204 5456 evocala
1246 5400 1468 5462 adsunt,
1515 5398 1853 5451 delectorum
1899 5396 2144 5463 equitum
2197 5390 2306 5444 duo

731 5499 925 5556 millia.
976 5497 1144 5548 Adest
1195 5502 1251 5546 et
1304 5490 1623 5544 Latinorum
1669 5487 2030 5542 Galataaorum
2068 5484 2309 5536 Potestas

731 5590 874 5660 apud
903 5589 1319 5656 Hellespontum
1354 5583 1496 5636 ultro
1525 5581 1729 5633 nostris
1751 5593 1907 5649 opem
1945 5578 2154 5630 laturus
2181 5590 2304 5629 cum

731 5695 853 5737 octu
881 5681 1193 5736 triremibus
1219 5687 1272 5732 et
1309 5675 1608 5729 muralibus
1639 5672 1942 5726 tormentis.
1976 5669 2107 5722 Cum
2146 5670 2307 5738 igitur

732 5775 861 5829 hinc
895 5776 1266 5826 lintnauurutn
1296 5782 1342 5820 rt
1383 5766 1745 5818 'l'riballnrum
1783 5763 1977 5831 copim,
2003 5761 2126 5814 inde
2153 5762 2183 5813 ii
2210 5765 2300 5830 qui

734 5871 787 5936 in
838 5867 1145 5922 trirenubus
1198 5872 1352 5916 erant
1406 5860 1776 5919 ilth’tjlttb'SCltl,
1831 5872 1929 5927 pro
1975 5855 2215 5927 gentium
2248 5864 2299 5908 et

2407 4862 2464 4896 τε
2515 4841 2802 4904 ἐπινικίοις
2832 4840 3148 4910 τρυφῶντες
3203 4841 3295 4891 καὶ
3352 4841 3469 4899 ταῖς
3504 4840 3568 4888 εκ
3605 4835 3872 4906 βασιλέως
3901 4853 3986 4886 τι-

2412 4937 2539 5005 μαῖς
2571 4953 2629 4988 τε
2653 4938 2748 4990 καὶ
2788 4935 3040 5002 δωρεαῖς.
3082 4932 3298 5001 Πέμπει
3319 4914 3382 4982 δὲ
3415 4930 3508 4982 καὶ
3535 4929 3698 4982 πέντε
3730 4932 3981 4998 τριήρεις

2407 5031 2434 5081 6
2463 5028 2714 5097 βασιλεὺς
2744 5027 2926 5091 εὐθὺς,
2958 5027 3045 5078 ἴνα
3073 5025 3484 5096 παραπλέουσαι
3511 5023 3600 5075 τὸν
3645 5022 3985 5090 Ἑλλήσπον-

2409 5134 2501 5168 τον
2533 5114 3026 5186 παραφυλάττωσι,
3063 5113 3138 5182 μὴ
3171 5111 3308 5184 λάθῃ
3357 5111 3508 5180 παρὰ
3549 5110 3656 5161 τῶν
3686 5109 3988 5176 ἀντιπέρας

2411 5208 2705 5280 βαρϐάρων
2756 5206 3044 5277 έληλυθυῖα
3099 5204 3328 5271 δύναμις
3382 5202 3458 5271 τῷ
3513 5201 3722 5267 Χαλὴλ.
3763 5199 3990 5252 Τούτων

2409 5303 2579 5363 οὕτως
2611 5302 2848 5370 ἐχόντων
2871 5300 2994 5368 ἦκει
3024 5299 3118 5349 καὶ
3146 5299 3177 5365 ἡ
3224 5297 3393 5349 πάλαι
3422 5295 3688 5363 κληθεῖσα
3714 5293 3824 5344 τῶν
3851 5293 3989 5360 Τρι-

2410 5394 2623 5446 δαλλῶν
2655 5391 2962 5460 συμμαχία,
3015 5389 3238 5456 λογάδες
3291 5389 3478 5449 ἱππεῖς
3512 5385 3782 5454 δισχίλιοι.
3827 5386 3992 5435 Ἠκει

2409 5487 2453 5538 δ’
2477 5475 2809 5542 ἐπΥτούτόις
2857 5485 2949 5534 καὶ
2984 5483 3011 5534 6
3052 5482 3172 5535 τῶν
3205 5482 3261 5532 ὲν
3291 5482 3400 5540 τοῖς
3448 5477 3691 5530 Γαλάτου
3740 5477 3993 5529 Λατίνωι

2418 5573 2742 5635 ποτεστάῖος
2796 5571 2946 5640 παρά
3000 5569 3090 5621 τὸν
3159 5568 3600 5638 Ἑλλήσποντον,
3655 5565 3990 5633 αὐτόκλητος

2421 5664 2719 5732 Ῥωμαίοις
2756 5663 3062 5730 σύμμαχος,
3095 5662 3342 5729 τριήρεις
3373 5657 3516 5726 ἔχων
3557 5655 3702 5707 ὀκτὼ
3737 5657 3830 5707 καὶ
3883 5672 3993 5707 τει-

2414 5756 2688 5826 χομαχικά
2712 5756 3101 5825 μηχανήματα.
3131 5753 3237 5804 Καὶ
3263 5752 3327 5820 δὴ
3379 5749 3815 5819 προσελάσαντες
3836 5747 3956 5799 ενϐε
3975 5769 3996 5799 δ

2413 5855 2512 5922 μὲν
2547 5855 2608 5904 τὰ
2649 5852 2930 5920 Ῥωμαίων
2957 5851 3047 5903 καὶ
3069 5848 3382 5918 Τριϐαλλῶν
3409 5846 3813 5917 στρατεύματα,
3844 5847 3991 5896 Exi-
