4240 6442
693 321 799 386 459
944 317 1016 389 [Α.
1063 333 1119 372 ιι.
1158 317 1286 373 679i
1333 335 1399 374 an
1440 319 1603 391 683C]

1863 328 2274 387 NICEPHORI
2319 329 2707 390 GREGORE

2988 331 3118 402 [una
3163 347 3443 388 umorue.
3513 347 3606 387 ses
3634 333 3652 405 ]

3834 341 3947 419 480

691 435 845 504 fugae.
888 433 1019 487 Nam
1055 448 1176 488 cum
1214 449 1375 488 avum
1408 435 1782 490 Andronicum
1823 436 1918 491 diu
1951 453 2133 493 rerum
2161 453 2259 509 po—
2286 443 2333 500 Α
2364 471 2365 482 ι

2286 443 2333 500 Α
2364 441 2492 494 ὦντι
2514 443 2622 512 γάρ
2651 444 2741 494 τὶν
2775 441 2999 496 πάππον
3034 445 3374 514 Ἀνδρόνικον
3422 451 3631 519 μακρὸν
3690 451 3784 502 ἐπὶ
3839 455 3948 522 τῆς

689 525 798 587 tiri,
845 539 1020 594 eoque
1051 524 1312 580 defuncto
1363 541 1633 581 summam
1671 535 1996 596 potestatem
2044 530 2108 584 ad
2159 545 2256 600 pa-

692 624 825 668 trem
861 630 1018 669 suum
1046 615 1361 671 Michaelem
1399 617 1756 673 deventuram
1811 635 1931 676 esse
1980 631 2252 686 cerneret,

690 706 891 761 nullam
947 707 1059 775 jam
1116 708 1454 779 adipiscendi
1517 711 1733 780 imperii
1792 728 2080 781 superesse
2150 715 2256 769 sibi

689 813 839 868 spem
875 801 1116 868 putabat.
1144 800 1330 871 itaque
1358 803 1574 878 animus
1596 804 1712 874 ejus
1751 807 2010 876 regnandi
2041 808 2255 874 avidus,

690 890 1026 960 impatientia
1084 894 1316 962 quadam
1383 910 1494 949 non
1542 897 1768 952 omnino
1827 897 2049 969 ignobili
2097 901 2259 971 longo

692 992 936 1051 tempore
966 995 1204 1051 vexatus,
1241 987 1308 1042 ad
1347 1002 1440 1044 eas
1471 989 1691 1043 tandem
1725 991 2082 1061 cogitationes
2137 1009 2261 1062 pro-

692 1074 871 1142 lapsus
908 1077 1070 1147 285
1099 1087 1205 1133 est.
1262 1077 1397 1133 Cum
1450 1080 1595 1134 enim
1642 1096 1747 1136 avo
1785 1083 2098 1152 imperatori
2142 1093 2262 1138 tan-

691 1182 852 1235 quam
911 1171 1204 1241 paedagogo
1258 1187 1473 1240 parere,
1528 1182 1582 1227 et
1606 1173 1836 1228 aliorum
1891 1177 2261 1233 voluntatibus

692 1273 909 1327 semper
960 1262 1164 1315 servire
1217 1262 1385 1316 instar
1424 1264 1576 1334 pueri
1626 1266 1812 1328 nollet.
1851 1268 2259 1336 imperatoriam

693 1352 1073 1406 auctoritatem
1122 1364 1179 1408 et
1231 1370 1454 1426 magnas
1491 1371 1622 1424 opes
1672 1359 1982 1427 requirebat
2026 1376 2040 1413 :
2097 1369 2156 1413 ut
2211 1371 2263 1415 et

692 1443 809 1511 ipse
841 1446 983 1514 quod
1027 1447 1160 1500 satis
1189 1456 1332 1502 essvt
1364 1449 1613 1518 haberet,
1668 1458 1724 1504 et
1754 1451 1876 1504 aliis
1922 1461 1978 1506 ut
2027 1453 2263 1522 impera-

693 1545 777 1588 tor
816 1538 1052 1593 subditis
1099 1541 1394 1609 gratificari
1425 1551 1628 1611 posset.
1664 1542 1818 1608 Quod
1848 1559 1970 1598 cum
2006 1547 2132 1599 vivo
2161 1560 2263 1598 avo

692 1642 928 1702 etpatre
961 1632 1069 1686 illic
1112 1633 1384 1688 residente
1429 1649 1537 1688 non
1588 1634 1753 1689 licere
1806 1647 2077 1700 cerneret,
2131 1637 2263 1690 alia-

695 1741 812 1778 rum
847 1726 1250 1793 provinciarum
1303 1725 1643 1780 dominatum
1692 1727 2003 1792 ambiebat;
2033 1738 2085 1782 et
2119 1744 2266 1782 nunc

691 1817 1004 1870 Armeniam
1041 1817 1231 1871 matris
1265 1829 1427 1873 causa
1479 1817 1546 1872 ad
1595 1831 1656 1873 se
1705 1817 2087 1888 pertinentem,
2125 1837 2268 1875 nunc

693 1909 1151 1979 Peloponnesum,
1166 1925 1309 1964 nunc
1326 1908 1559 1965 Lesbum
1580 1921 1636 1965 et
1656 1910 1920 1965 Lemnum
1938 1921 2270 1982 exterasque

697 1999 861 2054 maris
917 1999 1087 2070 IEgtei
1137 2000 1342 2055 insulas
1393 2003 1717 2057 somniabat.
1768 2001 1900 2069 Quae
1944 2019 2068 2058 cum
2118 2007 2270 2059 clan-

693 2092 872 2147 culum
904 2093 1066 2146 modo
1099 2093 1164 2146 ad
1213 2103 1443 2162 patrem,
1475 2095 1636 2150 modo
1675 2096 1743 2149 ad
1795 2110 1956 2150 avum
1988 2095 2270 2152 deferren-

699 2198 805 2246 tur,
856 2201 1006 2240 nunc
1053 2185 1122 2240 ab
1175 2184 1300 2251 hoc,
1347 2202 1497 2242 nunc
1549 2188 1620 2244 ab
1674 2188 1768 2243 illo
1816 2189 1954 2244 clam
2003 2190 2266 2260 impedie-

695 2279 915 2335 bantur.

769 2563 859 2618 ΙΙΙ.
901 2564 968 2618 Et
1005 2572 1062 2618 ut
1115 2563 1343 2633 plurima
1405 2562 1624 2617 silentio
1668 2575 1959 2630 transeam,
2004 2577 2168 2623 noctu
2201 2571 2268 2624 ad

697 2657 982 2712 mulierem
1013 2672 1118 2710 non
1172 2672 1305 2710 sane
1357 2656 1578 2725 ignobili
1625 2657 1828 2710 familia
1858 2669 2054 2722 ortam,
2092 2677 2269 2714 mere-

699 2748 874 2802 triciis
908 2763 1034 2800 vero
1078 2747 1358 2816 praeditam
1404 2746 1669 2809 moribus,
1720 2761 2084 2802 contessattnn
2132 2751 2266 2806 ibat.

701 2839 833 2907 Ejus
864 2854 1028 2907 porro
1059 2847 1272 2890 amator
1306 2845 1422 2890 erat
1445 2845 1499 2890 et
1535 2836 1774 2890 amasios
1806 2847 1861 2890 et
1898 2837 2103 2895 Adonis
2133 2840 2271 2894 alter

697 2931 915 2999 quidam
963 2928 1137 2982 aetatis
1169 2927 1301 2981 ﬂore
1332 2937 1383 2980 et
1438 2926 1626 2982 forma:
1690 2928 2092 2997 pulchritudine
2143 2947 2272 2984 con-

699 3024 940 3090 spicuus.
973 3019 1124 3074 Unde
1165 3019 1464 3088 imperator
1495 3019 1863 3084 Andronicus,
1897 3017 2268 3072 inﬂammante

2365 534 2662 602 ἡγεμονίας
2716 534 3116 604 παρατείνοντα
3146 537 3238 589 τὸν
3263 539 3452 608 χρόνον
3487 541 3583 592 καὶ
3625 539 3750 610 μετ’
3797 543 3951 595 έκεῖ-

2365 639 2454 678 νον
2488 625 2712 696 ἔφεδρον
2765 627 2862 696 τῆς
2915 627 3346 700 αὐτοκρατορίας
3388 627 3546 694 αὖθις
3593 631 3687 684 τὸν
3744 634 3944 687 ἑαυτοῦ

2371 720 2582 788 πατέρα
2606 719 2825 790 Μιχαὴλ
2845 721 2937 774 τὸν
2986 721 3228 792 βασιλέα,
3270 724 3796 795 άπργινωσκομένην
3836 728 3944 798 ήδη

2370 810 2465 862 καὶ
2497 811 2820 865 ἀνέλπιστον
2843 813 3023 883 ἑαυτῷ
3053 813 3150 884 τὴν
3184 816 3614 888 αὑτοκρατορίαν
3641 818 3803 889 ἐπῄει
3857 837 3949 872 νο·

2373 901 2573 970 μίζειν.
2609 904 2774 957 Ὅθεν
2811 906 2872 957 τὸ
2902 908 3030 977 περὶ
3054 907 3156 976 τὴν
3185 907 3478 978 φιλαρχίαν
3504 909 3683 978 λίχνον
3708 910 3818 963 τῶν
3852 911 3946 962 λο-

2368 993 2583 1062 γισμῶν
2615 997 2946 1066 μικροψυχία
2976 1014 3058 1060 τις
3090 999 3150 1050 οὑ
3180 998 3326 1068 μάλα
3363 998 3563 1070 ἀγενὴς
3619 999 3703 1068 ἐφ’
3757 1002 3946 1054 ἱκανὸν

2371 1089 2775 1159 έπιδοσιιομένη
2815 1091 2952 1160 πρὸς
2983 1091 3239 1155 τοιαύτας
3289 1091 3595 1155 ἐξοκέλλειν
3661 1093 3946 1160 ἠνάγκαζε

2370 1182 2468 1244 τάς
2498 1183 2748 1252 μελέτας.
2769 1183 2922 1254 Μηδὲ
2948 1183 3056 1254 γὰρ
3073 1184 3242 1237 θέλων
3263 1185 3366 1237 ὑπὸ
3382 1183 3467 1256 [Ρ.
3487 1183 3609 1259 175]
3629 1185 3708 1256 τῷ
3731 1185 3947 1257 πάππῳ

2375 1277 2472 1329 καὶ
2496 1275 2708 1345 βασιλεῖ
2737 1278 2981 1347 καθάπερ
3010 1278 3113 1330 ὕπὸ
3139 1278 3468 1348 παιδαγωγῷ
3489 1278 3946 1350 παιδοκομιίσθαι

2375 1366 2469 1419 καὶ
2512 1367 2689 1420 ἄλλων
2740 1367 3031 1438 λατρεύειν
3086 1366 3427 1437 βουλήμασιν
3475 1367 3668 1439 ὥσπερ
3729 1371 3945 1425 παιδίον

2371 1460 2479 1522 ἀεὶ,
2538 1459 2866 1529 αὐτονομίαν
2926 1460 3107 1529 ἐζήτει
3185 1460 3474 1530 βασιλικήν
3533 1463 3629 1515 καὶ
3682 1463 3945 1530 ἀφθονίαν

2373 1554 2738 1624 πραγμάτων,
2767 1552 2906 1605 ὥστε
2948 1552 3125 1623 ἑαυτῷ
3156 1570 3214 1606 τε
3261 1554 3404 1622 ἔχειν
3457 1554 3518 1606 τὸ
3572 1553 3794 1625 διαρκὲς
3846 1558 3946 1608 καὶ

2372 1647 2553 1710 ἄλλοις
2583 1645 2670 1700 οἷα
2705 1647 2955 1716 βασιλεὺς
3001 1649 3261 1716 ὑπηκόοις
3289 1646 3632 1717 χαρίζεσθαι.
3704 1648 3852 1701 Ἐπεὶ
3896 1649 3926 1700 δ

2371 1741 2632 1793 ἀδύνατον
2669 1740 2895 1793 ἑὸλεπεν
2922 1736 3062 1792 εἶναι
3101 1739 3258 1792 τοῦτο
3295 1739 3499 1804 ζῶντος
3547 1739 3644 1792 τοῦ
3711 1743 3944 1794 πάππου

2370 1835 2464 1887 καὶ
2496 1835 2590 1886 τοῦ
2622 1834 2827 1902 πατρὸς
2875 1834 3124 1884 ἐνταυθοῖ
3177 1831 3512 1902 καθημένου,
3557 1833 3694 1899 πρὸς
3745 1834 3945 1902 ἑτέρας

2369 1927 2590 1979 ἐσκόπει
2620 1925 2813 1997 χωρῶν
2853 1923 3246 1990 ἐπικράτειαν
3295 1926 3385 1976 καὶ
3427 1924 3520 1977 νῦν
3578 1926 3677 1994 μὲν
3746 1926 3946 1996 Ἀρμε-

2368 2019 2488 2072 νίαν
2517 2018 2870 2088 ὠνειροπόλει
2894 2017 2978 2071 ἆτ’
3007 2017 3068 2070 ἐκ
3097 2016 3302 2087 μητρὸς
3337 2016 3487 2086 αὐτῷ
3534 2019 3941 2087 προσήκουσαν,

2368 2114 2462 2167 νῦν
2487 2113 2543 2166 δὲ
2567 2112 2993 2180 Πελοπόννησον,
3026 2110 3119 2164 νῦν
3148 2111 3201 2164 δὲ
3230 2109 3436 2164 Λέσϐον
3461 2112 3553 2162 καὶ
3587 2113 3804 2177 Ᾱῆμών
3848 2130 3923 2163 γα

2367 2207 2488 2260 ὅσαι
2515 2207 2574 2258 τὸ
2606 2205 2740 2259 πολὺ
2769 2203 2864 2257 τοῦ
2889 2203 3116 2273 Αἰγαίου
3145 2202 3474 2273 πληροῦσιν.
3539 2202 3706 2256 Ἀλλὰ
3763 2203 3901 2258 ταῦτ
3937 2247 3942 2251 .

2371 2301 2473 2370 μὲν
2504 2301 2582 2362 εἰς
2614 2299 2781 2362 ἀκοὰς
2808 2299 2895 2370 ᾔει
2936 2297 3111 2368 λάθρα
3136 2296 3230 2350 νῦν
3273 2297 3370 2366 μὲν
3425 2296 3518 2350 τοῦ
3573 2297 3802 2368 πατρὸς,
3843 2295 3945 2350 νῦν

2367 2394 2424 2447 δὲ
2451 2393 2544 2446 τοῦ
2569 2395 2816 2447 πάππου.
2850 2393 3017 2445 Ὀθεν
3048 2393 3141 2444 καὶ
3168 2391 3343 2461 λάθρα
3368 2390 3463 2443 νῦν
3496 2391 3595 2461 μὲν
3628 2391 3719 2444 ὑπ’
3747 2392 3940 2454 αὑτοῦ,

2370 2485 2464 2539 νῦν
2488 2486 2531 2537 δ’
2565 2486 2656 2538 ὑπ’
2687 2487 2896 2538 ἐκείνου
2930 2484 3267 2538 διεκόπτετο.

2441 2578 2516 2630 Γ.
2550 2579 2658 2629 Καὶ
2696 2578 2784 2630 ἵνα
2814 2579 2994 2646 σιωπῇ
3019 2595 3087 2628 πα
3101 2576 3362 2647 ραδράμω
3391 2579 3457 2628 τὰ
3506 2576 3755 2640 πλεῖστα,
3811 2579 3947 2628 νύκ-

2369 2689 2482 2738 τωρ
2512 2669 2762 2740 ἐκώμαζε
2788 2671 2920 2741 πρὸς
2953 2671 3184 2736 γυναῖκα
3223 2687 3339 2724 τινα
3369 2671 3512 2736 γένει
3540 2671 3640 2740 μὲν
3691 2657 3802 2722 τῶν
3839 2671 3946 2723 οὐκ

2369 2763 2617 2832 ἀσήμων,
2654 2763 2741 2815 τὸν
2770 2763 2825 2816 δὲ
2857 2762 3054 2829 τρόπον
3074 2761 3318 2831 ἑταίραν.
3341 2762 3556 2830 Ταύτης
3590 2763 3824 2832 ἐραστὴς
3873 2758 3947 2833 ἦν

2371 2855 2471 2906 καὶ
2499 2855 2774 2922 ἐρώμενος
2809 2854 2904 2905 καὶ
2953 2854 3181 2915 ’Δδωνις
3214 2853 3370 2914 ἄλλος
3405 2854 3513 2905 τῶν
3544 2857 3600 2906 ἐν
3633 2855 3817 2924 ἡλικία
3856 2872 3947 2917 τις

2372 2952 2463 3001 καὶ
2487 2948 2602 3019 ὥρᾳ
2621 2947 2937 3016 διαπρεπῶν
2971 2963 2983 2976 ·
3007 2947 3074 3000 δι’
3097 2948 3156 2999 ὃν
3182 2948 3278 3000 καὶ
3305 2946 3608 3016 ζηλοτυπία
3652 2965 3734 3008 τις
3803 2965 3945 3015 πυρ-

2374 3040 2610 3092 πολοῦσα
2639 3038 2736 3108 τὴν
2768 3038 3112 3107 Ἀνδρονίκου
3147 3037 3238 3089 τοῦ
3269 3037 3533 3106 βασιλέως
3579 3037 3757 3105 ψυχὴν
3795 3038 3945 3102 τοξό-

699 3109 940 3162 anituum
992 3108 1279 3178 zelotypia.
1316 3107 1568 3164 homines
1617 3108 1828 3177 sagittis
1878 3117 1932 3163 et
1962 3109 2153 3179 gladiis
2183 3127 2268 3162 ar-
2291 3143 2338 3206 ϐ
2370 3151 2373 3160 .

2291 3143 2338 3206 C
2370 3144 2463 3192 τας
2492 3132 2582 3182 καὶ
2619 3107 2949 3198 ξιὴηυόρους
2988 3127 3264 3197 ἠνάγκαζε
3304 3128 3646 3199 προλοχίζειν
3671 3130 3800 3198 περὶ
3841 3129 3945 3198 τὴν

699 3210 876 3253 matos
908 3200 1053 3253 circa
1106 3198 1456 3253 meritriculaa
1508 3199 1651 3253 aedes
1699 3200 1925 3269 cogebat
1977 3202 2263 3256 excubare.

701 3291 882 3345 Semel
933 3303 1113 3344 autem
1170 3290 1400 3344 fortuito
1444 3305 1570 3345 casu
1602 3292 1821 3356 accidit,
1872 3301 1932 3345 ut
1966 3292 2109 3346 circa
2156 3309 2269 3347 me-

698 3386 843 3438 diam
875 3384 985 3437 fere
1029 3393 1246 3438 noctem
1280 3383 1490 3436 Manuel
1541 3383 1790 3453 Despota,
1829 3384 2050 3438 fratrem
2095 3385 2269 3456 impe-

701 3490 938 3532 ratorem
971 3490 1243 3544 quaerens,
1284 3476 1437 3541 juxta
1473 3475 1784 3530 meretricis
1806 3476 2029 3530 domum
2066 3479 2272 3531 transi.

701 3579 803 3624 ret.
837 3569 1008 3637 Quem
1042 3585 1164 3623 cum
1199 3567 1535 3637 imperatorii
1573 3568 1949 3636 speculatores
1977 3584 2270 3638 properare

701 3661 770 3714 ad
800 3675 858 3713 se
909 3667 1223 3720 cernerent,
1257 3673 1357 3710 nec
1391 3658 1514 3725 quis
1548 3665 1698 3710 esset
1736 3672 1830 3727 per
1885 3658 2136 3712 tenebras
2177 3673 2270 3712 co-

702 3761 1053 3823 gnoscerent,
1081 3749 1411 3803 mulierculae
1443 3751 1705 3804 amasium
1755 3764 1879 3804 esse
1928 3751 2026 3802 rati
2065 3750 2273 3804 crebris

704 3843 824 3897 telis
877 3843 1164 3910 impetunt.
1217 3840 1382 3910 286
1433 3838 1582 3894 Unde
1640 3841 1729 3895 ille
1779 3842 1892 3894 ictu
1938 3840 2120 3895 letbali
2178 3857 2273 3897 ac-

704 3945 861 4004 cepto
906 3950 970 3986 ex
1018 3947 1161 4002 equo
1209 3928 1503 3985 delabitur.
1544 3932 1746 3986 Deinde
1798 3947 2072 3988 concursu
2125 3935 2270 3987 circa

706 4027 879 4093 ipsum
904 4022 1044 4076 facto
1070 4022 1285 4092 agnitus
1305 4021 1581 4075 hominum
1614 4022 1865 4076 manibus
1892 4025 2183 4091 excipitur,
2219 4034 2275 4078 et

705 4113 1041 4168 semianimis
1069 4113 1122 4166 in
1147 4111 1403 4182 palatium
1429 4113 1696 4167 defertur.
1735 4113 1888 4179 Quod
1917 4113 2150 4178 facinus,
2186 4114 2270 4168 ubi

707 4205 882 4258 illuxit
911 4204 1048 4266 dies,
1079 4204 1355 4272 cognitum
1381 4203 1762 4272 imperatorem
1795 4219 1956 4258 avum
1993 4220 2184 4274 magna
2222 4215 2279 4259 et

707 4296 1018 4350 vehementi
1045 4295 1262 4349 tristitia
1293 4293 1502 4359 aﬂecit,
1539 4309 1649 4348 non
1682 4311 1922 4364 praesens
1948 4297 2108 4351 modo
2144 4307 2278 4352 tem-

709 4407 808 4458 pus
838 4391 1166 4451 intuentem,
1193 4387 1288 4440 sed
1310 4389 1486 4442 futura
1514 4388 1676 4441 etiam
1698 4389 1996 4457 prudenter
2021 4389 2276 4444 conside-

2369 3223 2466 3292 τῆς
2499 3221 2763 3291 έταιρίδος
2798 3221 2993 3275 οἰκίαν.
3024 3219 3112 3272 Ἐν
3143 3221 3242 3290 μιᾷ
3272 3223 3449 3272 τοίνυν
3488 3220 3597 3289 (ὖὸ)
3624 3220 3750 3288 περὶ
3773 3221 3946 3286 μέσας

2371 3332 2473 3366 που
2505 3313 2704 3375 νύκτας
2735 3314 2823 3365 τὸν
2850 3313 3076 3384 βασιλέα
3100 3311 3278 3380 ζητῶν
3307 3314 3333 3364 ὁ
3373 3313 3596 3380 ἀδελφὸς
3631 3315 3721 3364 καὶ
3748 3313 3948 3365 δεσπό-

2370 3425 2468 3476 της
2496 3405 2684 3474 ἔτυχεν
2720 3407 2825 3459 ἀπὸ
2854 3406 3194 3474 ταύτομάτου
3228 3405 3445 3474 συμϐάν
3494 3407 3694 3458 οὑτωσὶ
3749 3407 3941 3474 παριέ-

2373 3515 2460 3548 ναι
2491 3496 2618 3567 περὶ
2645 3498 2743 3566 τὴν
2776 3496 2869 3564 τῆς
2903 3494 3168 3565 ἑταιρίδος
3194 3495 3394 3548 οἰκίαν.
3454 3486 3628 3548 Ὀνόί
3661 3497 3752 3549 τοῦ
3779 3495 3943 3562 βασις

2374 3589 2510 3650 λέως
2541 3589 2734 3641 σκοποὶ
2763 3588 3090 3657 θεασάμενοι
3121 3587 3324 3658 σπουδῇ
3356 3587 3786 3658 προσελαύνοντα
3844 3593 3945 3643 καὶ

2377 3683 2451 3752 μὴ
2477 3683 2692 3750 γνόντες
2722 3682 2808 3733 διὰ
2839 3680 2899 3732 τὸ
2923 3681 3114 3742 σκότος
3142 3680 3290 3742 ὅστις
3351 3680 3460 3749 είη,
3507 3681 3642 3734 ἀλλά
3688 3683 3780 3735 τὸν
3839 3684 3944 3750 τῆς

2375 3772 2644 3841 έταιρίδος
2693 3772 3134 3833 ὑποτοπάσαντες
3192 3768 3331 3823 εἶναι
3397 3778 3711 3840 ερώμειον,
3773 3774 3946 3844 συχνὰ

2376 3865 2496 3917 κατ’
2563 3862 2727 3916 αὐτοῦ
2777 3862 3029 3933 ῥίπτουσι
3089 3861 3238 3932 βέλη.
3305 3864 3412 3916 Καὶ
3461 3863 3562 3933 μὲν
3623 3865 3686 3934 δὴ
3718 3870 3947 3936 καιρίαν

2376 3958 2582 4019 ὲκεῐνος
2612 3956 2903 4024 δεξάμενος
2938 3956 3125 4007 πίπτει
3149 3955 3242 4006 τοῦ
3279 3955 3444 4007 ἵππου
3481 3972 3493 3985 ο
3531 3956 3767 4009 κᾶπειτα
3813 3975 3946 4011 συν-

2375 4042 2672 4112 δραμόντες
2706 4045 2798 4094 καὶ
2835 4043 3053 4110 γνόντες
3079 4043 3225 4106 ὅστις
3259 4045 3342 4112 εἴη
3377 4045 3615 4114 φοράδην
3649 4047 3705 4108 ἐς
3735 4047 3802 4097 τά
3844 4046 3948 4114 βα-

2379 4137 2552 4188 σίλεια
2581 4137 2803 4205 φέρουσι
2841 4137 3018 4198 ζῶντα
3070 4137 3162 4188 καὶ
3212 4137 3356 4205 μάλα
3419 4139 3572 4206 μόλις
3608 4139 3742 4208 (36).
3773 4140 3952 4193 Τοῦτο

2381 4230 2499 4300 μεθ’
2531 4231 2743 4298 ἡμέραν
2765 4231 3008 4297 γνωσθὲν
3043 4231 3120 4300 τῷ
3146 4232 3354 4300 πάππῳ
3383 4236 3474 4284 καὶ
3529 4233 3736 4302 βασιλεί
3768 4235 3948 4302 μεγά-

2378 4318 2475 4381 λας
2499 4320 2782 4390 ὲνέσπειρε
2814 4321 2905 4371 καὶ
2941 4319 3174 4388 σφοδρὰς
3201 4321 3299 4381 τὰς
3322 4321 3477 4381 άνίας
3520 4321 3578 4370 οὺ
3617 4322 3776 4389 μόνον
3811 4325 3951 4390 πρὸς

2380 4408 2440 4462 τὸ
2468 4410 2642 4476 παρὸν
2673 4411 2971 4480 ἀφορῶντι,
2999 4409 3132 4462 άλλά
3163 4411 3253 4461 καὶ
3281 4409 3373 4461 τοῦ
3414 4410 3697 4478 μέλλοντος
3722 4412 3918 4463 εὐσυνέ
3940 4444 3952 4451 -

709 4489 939 4534 rantem.
958 4477 1224 4532 Caeterum
1246 4477 1490 4532 Mannele
1517 4475 1747 4547 DeSpota
1766 4494 1832 4532 ex
1855 4495 1920 4533 eo
1940 4481 2158 4534 vulnere
2178 4481 2272 4534 de-
2306 4505 2354 4560 υ
2377 4521 2383 4534 .

2306 4505 2354 4560 D
2377 4519 2484 4565 τως
2513 4475 2914 4570 στοχαζομτένῳ.
2949 4501 3104 4553 Ἐπεί
3147 4519 3209 4568 γε
3242 4503 3351 4571 μὴν
3384 4475 3482 4554 τοῦ
3532 4502 3792 4554 δεσπότου
3827 4503 3953 4556 Μα-

707 4571 912 4634 Iuncto,
930 4578 983 4623 et
1007 4569 1151 4623 fama
1162 4571 1226 4623 ad
1247 4569 1627 4639 imperatorem
1659 4571 1970 4625 Michaelem
1985 4572 2274 4626 Thessalo-

708 4667 842 4717 nicae
859 4675 969 4717 tum
987 4664 1274 4733 degentem
1296 4663 1521 4732 perlata,
1537 4663 1664 4732 quid
1682 4665 1884 4718 dicam?
1908 4665 1980 4718 ita
1999 4682 2060 4720 ea
2082 4683 2165 4721 res
2187 4683 2278 4721 cu-

703 4757 926 4826 juslibet
944 4757 1032 4808 teli
1047 4758 1155 4809 ictu
1174 4755 1453 4823 potentius
1470 4757 1712 4810 animum
1735 4756 1851 4824 ejus
1867 4759 2126 4824 perculit,
2159 4769 2275 4813 tan-

709 4862 822 4900 tum
841 4849 962 4917 ejus
979 4848 1126 4901 cordi
1157 4847 1352 4900 vulnus
1385 4847 1597 4913 inﬂixit,
1623 4857 1679 4900 ut
1702 4849 1847 4902 illius
1875 4851 2048 4903 cladis
2069 4853 2274 4920 Cogita-

713 4942 856 4994 tione
875 4940 1104 4994 subinde
1121 4949 1435 4993 recurrente
1452 4939 1684 4993 afﬂictus
1702 4949 1755 4993 et
1771 4956 2064 5011 oppressus
2093 4945 2145 4996 in
2164 4959 2278 5013 gra-

2378 4595 2538 4664 νουηλ
2562 4597 2625 4646 ἐκ
2665 4595 2762 4663 τῆς
2797 4594 3052 4663 τοιαύτης
3083 4595 3335 4657 θανόντος
3370 4595 3582 4664 πληγῆς
3609 4597 3704 4647 καὶ
3757 4598 3809 4656 ἐς
3860 4597 3954 4648 ’.ὸν

2381 4688 2604 4758 βασιλέα
2636 4689 2853 4758 Μιχαὴλ
2893 4690 2949 4739 ἐν
3003 4688 3371 4757 Θεσσαλονίκῃ
3411 4688 3757 4756 ᾱατρίεοντα
3817 4683 3952 4759 ἧκεν

2375 4786 2412 4851 ἡ
2439 4785 2619 4851 φήμη,
2643 4782 2694 4832 τί
2718 4784 2822 4850 χρὴ
2847 4781 3024 4846 λέγειν
3061 4799 3072 4843 ;
3102 4780 3322 4832 τοσοῦτο
3368 4781 3476 4847 γάρ
3509 4780 3844 4846 δραστικώτε
3858 4797 3950 4842 ρον

2384 4870 2569 4939 βέλους
2605 4873 2800 4931 παντὸς
2833 4868 3132 4937 ἐπεπράχει
3169 4869 3296 4936 περὶ
3344 4869 3443 4936 τὴν
3474 4869 3682 4920 ἐκείνου
3720 4869 3950 4934 καρδίαν

2383 4961 2442 5013 τὸ
2503 4959 2746 5030 τραῦμα,
2794 4959 2934 5012 ὥστε
2986 4959 3400 5012 κατασεισθέντι
3447 4959 3541 5010 καὶ
3577 4958 3950 5032 ,βαπτισθέντι

711 5048 828 5086 vem
846 5034 1092 5086 morbum
1111 5030 1380 5095 inciderit,
1400 5031 1490 5100 qui
1511 5030 1659 5083 illum
1680 5047 1783 5085 non
1804 5033 1962 5103 longo
1982 5043 2151 5100 poste
2177 5037 2284 5090 vita
2384 5083 2385 5096 χ

2275 5056 2284 5089 ι
2384 5058 2594 5123 συχνοῖς
2617 5057 2728 5116 τοῖς
2760 5051 2854 5105 τοῦ
2887 5053 3089 5113 πάθους
3114 5050 3391 5118 λογισμοῖς
3442 5030 3596 5128 νόσης
3649 5052 3949 5120 ἐνσκήπτει

709 5124 950 5178 sustulit.
993 5121 1386 5192 Imperatorem
1427 5137 1557 5176 vero
1595 5123 1968 5178 Andronicum
2005 5127 2280 5181 seniorem

712 5225 893 5270 tantus
929 5215 1055 5268 inde
1089 5213 1257 5267 animi
1290 5214 1558 5268 tumultus
1589 5230 1955 5285 curarumque
1985 5231 2147 5272 matus
2199 5220 2282 5272 in-

712 5310 866 5371 vasit,
907 5317 1052 5362 tanta
1085 5305 1338 5361 confusio
1389 5323 1450 5358 ac
1489 5309 1826 5377 perturbatio
1876 5310 1995 5378 ejus
2029 5327 2118 5366 res
2153 5327 2282 5381 per-

2380 5146 2547 5217 δεινὴ,
2583 5146 2618 5216 ἢ
2671 5145 2733 5216 δὴ
2762 5147 2856 5198 καὶ
2888 5144 3006 5212 μετ’
3053 5145 3111 5194 οὐ
3151 5144 3284 5196 πολὺ
3353 5143 3466 5210 (37)
3513 5141 3700 5196 τοῦτον
3761 5143 3952 5209 ἐξάγει

2382 5239 2520 5307 βίον.
2556 5238 2646 5306 Τῷ
2679 5240 2863 5307 μέντοι
2904 5237 3122 5306 γηραιῷ
3149 5236 3358 5302 βασιλεῖ
3384 5236 3709 5306 Ἀνδρονίκῳ
3757 5234 3920 5288 τοσοῦ

2379 5349 2459 5383 τοι
2481 5331 2746 5400 χειμῶνες
2791 5327 3042 5381 ἐντεῦθεν
3087 5330 3183 5381 καὶ
3241 5328 3508 5389 κλιδωνες
3565 5329 3953 5396 ἀνερέάγησαν

2067 5446 2399 5508 \‘ariorum
2436 5457 2620 5508 notae.

786 5571 896 5639 (35‘)
925 5570 1223 5623 Cautacuz.
1262 5570 1355 5622 ιιι).
1399 5587 1437 5634 ι,
1479 5584 1597 5638 cap.
1655 5571 1718 5634 l;
1772 5570 2066 5631 Phranzes.
2107 5571 2182 5622 lit)

711 5660 831 5709 cap.
867 5641 948 5694 10.
989 5641 1222 5696 Ducma.

783 5714 892 5780 (56)
931 5713 1114 5764 Ζώντα
1139 5712 1282 5780 μάλα
1317 5711 1489 5778 μόλις,
1523 5726 1629 5764 non
1656 5720 1749 5764 aut
1868 5712 2092 5774 φέρουσι
2137 5711 2280 5778 μάλα

718 5787 914 5852 μόι.ις;
954 5781 1149 5836 \Vollio
1182 5792 1498 5851 utrumque.
1539 5780 1771 5836 Yertera
1872 5783 2034 5851 uippc
2071 5785 2265 5836 semin-

2387 5571 2541 5623 mmis
2571 5573 2622 5623 in
2654 5569 2909 5640 palatium
2940 5585 3075 5639 (egre
3099 5569 3353 5636 defertur.
3387 5565 3571 5640 [iotvtx

2459 5642 2570 5708 (37)
2603 5637 2678 5696 ld'.
2713 5641 2961 5704 Octobr.,
2988 5637 3150 5692 anno
3191 5641 3346 5710 juxta
3375 5637 3593 5694 Crmcos
3621 5637 3780 5701 68%9,
3817 5639 3952 5694 Chr.

2390 5712 2545 5766 1320.
2579 5712 2870 5766 Cantacnz.
2911 5712 3148 5764 [ιταλιξς.
