4240 6442
706 412 817 473 40.3
961 407 1038 476 tt.
1084 424 1142 461 ιι.
1183 407 1312 464 679l
1363 423 1428 461 in
1469 407 1632 481 6856]

1889 416 2313 476 NICEPIIORI
2355 416 2398 476 G
2417 414 2745 475 [\EG‘JILE

3031 409 3169 468 hue.
3208 424 3496 465 ANDRONIC.
3542 406 3686 480 55ml

3871 411 3979 476 ισι

710 521 1038 575 mediocrem
1082 521 1218 590 ipsis
1243 530 1523 591 stuporem
1553 537 1616 576 ac
1648 523 2116 591 perturbationem
2150 532 2292 579 attu-
2319 528 2367 586 Α

2319 528 2367 586 Α
2401 524 2602 593 συχνὰς
2646 523 2855 594 ἡμέρας
2892 524 3053 578 κάκεῖ
3075 525 3411 594 διατρίψασα
3435 525 3611 596 λάθρα
3641 526 3794 596 παρά
3833 540 3983 583 τινος

709 614 806 676 lit;
841 614 977 668 adeo
1015 625 1069 668 ut
1124 629 1191 669 ex
1235 615 1559 670 necessitate
1596 625 1650 670 et
1685 616 1841 670 herili
1879 625 2023 671 metu
2071 618 2290 690 gravius

708 703 760 757 in
791 720 907 759 eam
939 706 1241 760 consulturi
1273 707 1622 768 viderentur;
1661 724 1859 779 nempe
1889 718 1983 762 aut
2014 711 2288 764 cucullum

708 797 998 852 laceraturi
1021 807 1076 853 et
1111 799 1334 853 invitam
1368 799 1434 854 ad
1469 800 1725 853 maritum
1758 800 2035 856 reductori
2069 819 2082 858 :
2114 812 2211 857 aut
2244 803 2288 857 si

706 907 773 946 eo
791 891 1235 947 descendendum
1254 902 1419 954 esset,
1442 891 1782 948 interfecturi
1799 895 2070 961 eamdem,
2085 910 2152 950 ne
2174 896 2290 950 viva

707 1002 872 1056 quam
926 987 1244 1058 longissime
1298 1002 1327 1040 a
1385 987 1581 1040 nzarito
1617 987 1909 1054 habitaret,
1947 997 2002 1043 et
2047 988 2292 1044 animum

707 1081 827 1149 ejus
875 1079 989 1133 acri
1021 1088 1076 1133 et
1125 1079 1364 1133 violento
1394 1078 1582 1133 dolore
1626 1079 1965 1135 incenderet.
2009 1079 2115 1135 Sed
2151 1081 2294 1136 Con-

708 1171 980 1225 stantinus
1022 1174 1242 1238 despota
1299 1168 1470 1224 frater
1501 1170 1621 1238 ejus
1662 1171 2109 1238 consanguineus
2142 1183 2292 1236 (nam

708 1277 762 1318 et
816 1265 933 1333 ipse
987 1263 1194 1331 aderat)
1243 1279 1338 1318 eos
1385 1264 1682 1334 praevertit,
1733 1273 1787 1318 et
1852 1264 2089 1319 fabulam
2147 1266 2292 1320 illam

709 1372 851 1426 tegre
885 1356 1120 1410 laturum
1157 1355 1370 1410 Cralem
1421 1357 1720 1409 arbitratus
1752 1359 2104 1411 temerarium
2139 1373 2295 1412 soro-

712 1448 786 1502 ris
814 1447 1016 1501 factum
1037 1448 1292 1502 correxit.
1326 1445 1460 1502 Nam
1488 1448 1670 1501 Statim
1697 1463 1991 1502 accurrens
2018 1448 2293 1504 cucullum

709 1541 759 1593 vi
820 1541 1039 1600 lact-rat.
1086 1551 1141 1593 et
1197 1540 1374 1595 solitis
1428 1552 1677 1594 ornatam
1738 1541 1987 1594 vestibus
2046 1542 2298 1596 Triballis

707 1651 827 1687 eam
873 1635 1070 1697 reddit,
1107 1650 1161 1687 ut
1199 1634 1372 1702 ipsam
1421 1650 1583 1702 quam
1618 1634 1906 1688 celerrime
1937 1635 2156 1688 domum
2206 1650 2296 1689 re-

708 1728 915 1782 ducant
965 1726 1320 1794 qnantumvis
1371 1721 1598 1780 invitam
1648 1735 1702 1781 et
1750 1727 2080 1797 plorantem.
2111 1725 2297 1797 Atque

709 1818 823 1873 inec
844 1818 924 1872 ita
956 1835 1015 1874 Se
1046 1818 1384 1875 habuerunt.

2398 618 2564 688 ῥάκος
2593 616 2929 687 ὠνησαμένη
2965 617 3259 690 μοναχικδν
3317 619 3417 688 μιᾷ
3465 619 3576 671 τῶν
3608 617 3822 672 νυκτῶν
3867 620 3974 673 ἐνε-

2392 710 2592 764 δύσατο
2620 709 2780 764 τοῦτο
2808 727 2821 740 ⁸
2851 711 2945 764 καὶ
2985 711 3131 764 οὕτω
3165 714 3301 781 παρ’
3329 713 3524 767 ἐλπίδα
3577 712 3700 782 μεθ’
3765 715 3985 783 ἡμέραν

2395 803 2630 868 φανεῖσα
2657 803 2770 864 τοῖς
2803 801 2920 871 μετ’
2977 802 3148 871 αὐτῆς
3209 800 3304 872 [Ρ.
3336 801 3461 874 Πῖ]
3522 801 3847 872 Τριϐαλλοῖς
3893 803 3987 854 ἐκ-

2395 893 2591 965 πληξίν
2619 910 2679 947 τε
2711 896 2807 947 καὶ
2843 893 3090 964 ταραχὴν
3119 893 3378 947 ἐνέϐαλεν
3410 895 3473 947 ού
3508 895 3737 965 μικρὰν,
3760 894 3836 956 ὡς
3859 894 3987 964 βου-

2394 986 2632 1056 ληθῆναι
2673 988 2984 1058 παράόολόν
3018 1006 3070 1042 τι
3120 987 3191 1041 δι’
3244 989 3497 1056 ἀνάγκην
3527 989 3727 1048 αὐτοὺς
3759 989 3858 1041 καὶ
3887 987 3988 1056 φό-

2397 1078 2492 1132 ϐον
2526 1079 2849 1134 δεσποτικὸν
2876 1080 2964 1133 ἐπ’
2995 1081 3135 1152 αὐτῇ
3176 1083 3523 1150 πεπραχέναι
3562 1097 3575 1112 ο
3611 1081 3646 1151 ἢ
3689 1082 3799 1150 γάρ
3826 1080 3987 1152 διαρο

2400 1168 2563 1239 ῥῆξαι
2594 1171 2654 1223 τὸ
2680 1172 2847 1240 ῥάκος
2886 1172 2983 1224 καὶ
3031 1171 3277 1224 ἄκουσαν
3320 1171 3493 1239 αὐτὴν
3532 1171 3591 1235 ις
3643 1175 3736 1226 τὸν
3809 1172 3987 1240 ἄνδρα

2397 1266 2628 1335 ἀγαγεῖν
2659 1281 2672 1294 ·
2704 1264 2738 1332 ἢ
2795 1264 2857 1319 τό
2907 1281 2970 1333 γε
3011 1264 3285 1335 δεύτερον,
3335 1265 3507 1337 αὐτὴν
3562 1265 3976 1336 διαχρήσασθαι

2398 1359 2490 1410 καὶ
2524 1359 2598 1427 μὴ
2629 1357 2816 1420 ζῶσαν
2859 1357 3031 1428 αὐτὴν
3064 1357 3136 1418 ὡ,
3169 1359 3514 1429 πορρωτάτω
3545 1375 3602 1412 τε
3634 1358 3729 1411 τοῦ
3782 1359 3987 1430 ἀνδρὸς

2397 1449 2568 1500 οἰκεῖν
2606 1447 2718 1517 (43)
2744 1449 2841 1500 καὶ
2865 1447 2982 1518 ἅμα
3010 1448 3287 1518 δριμείαις
3315 1466 3374 1502 τε
3433 1451 3528 1504 καὶ
3565 1449 3830 1520 σφοδραῖς
3863 1451 3987 1513 ταῖς

2399 1543 2583 1605 ἀνίαις
2617 1543 2915 1613 ὲμπιπρᾷν
2944 1543 3036 1594 τὸν
3063 1542 3277 1595 ἑκείνου
3305 1542 3498 1612 θυμόν.
3568 1543 3729 1597 ’Δλλὰ
3773 1543 3991 1612 φθάσας

2397 1635 2427 1686 ὁ
2457 1633 2661 1704 ταύτης
2693 1633 3081 1706 ἁμφιμήτριος
3140 1634 3372 1703 ἀδελφὸς
3405 1633 3520 1706 (44)
3573 1635 3990 1698 Κωνσταντῖνος

2399 1724 2710 1795 δδεσπότης
2769 1728 2978 1798 (παρῆν
3008 1726 3122 1797 γὰνρ
3153 1727 3250 1780 καὶ
3304 1727 3490 1792 αὐτὸς)
3547 1727 3840 1796 διόρθωσιν
3888 1726 3988 1779 τοῦ

2402 1819 2886 1890 καινοτομήματος
2922 1821 3259 1892 ὶπεπράχει,
3289 1822 3353 1874 ού
3396 1822 3587 1892 πράως
3615 1823 3869 1890 ἐνεγκεῖν
3894 1823 3992 1873 τὸν

710 1913 934 1984 Κρά).ην
957 1911 1018 1964 τὸ
1056 1913 1242 1982 δρᾶμα
1268 1912 1537 1982 οἰόμενος.
1599 1910 1859 1982 Ῥήγνυσι
1914 1912 2027 1981 γὰρ
2081 1912 2273 1982 βιαίως
2311 1909 2634 1983 ἐπιδραμὼν
2698 1913 2758 1966 τὸ
2831 1914 3001 1983 ῥάκος
3052 1915 3232 1968 ὲκεῖνο
3270 1913 3366 1968 καὶ
3418 1916 3479 1968 τὸ
3525 1915 3756 1986 σύνηθες
3822 1910 3990 1984 αὖθις

711 2005 925 2058 ἐνέδυσε
960 2005 1148 2077 σχῆμα
1183 2020 1199 2036 ⁸
1237 2007 1331 2059 καὶ
1361 2006 1638 2076 παραδοὺς
1666 2007 1776 2068 τοῖς
1799 2005 2120 2076 Τριϐαλλοῖς
2159 2007 2401 2062 ἄκουσάν
2431 2023 2488 2059 τε
2551 2008 2646 2059 καὶ
2674 2006 2971 2062 κλαίουσαν
2995 2007 3233 2076 ἁπάγειν
3259 2009 3516 2063 ἐκέλευσε
3566 2008 3665 2080 τὴν
3695 2027 3760 2063 τα
3769 2040 3796 2079 ,_
3805 2011 3986 2077 ίστην.

713 2104 818 2157 Καὶ
848 2103 1004 2158 τοῦτο
1040 2103 1139 2175 μὲν
1173 2103 1362 2156 τοῦτον
1390 2102 1515 2172 ἔσχε
1542 2102 1634 2156 τὸν
1658 2101 1882 2174 τρόπον.

2165 2232 2394 2289 CAPUT
2436 2235 2502 2289 ll.

716 2339 902 2412 Clycys
938 2339 1242 2409 patriarcha
1276 2335 1453 2413 morbo
1475 2336 1896 2413 ingravescente.
1929 2332 1992 2413 in
2042 2318 2702 2413 monasteriumnsecediti
2750 2332 2966 2413 minime
3018 2348 3234 2396 avarus,
3260 2331 3534 2413 ﬁdenque.
3572 2347 3762 2400 parum
3819 2331 3988 2413 dices:

786 2398 1072 2481 lir'egoram
1109 2408 1347 2468 arcessit,
1402 2407 1486 2460 cui
1520 2398 1765 2458 ultimam
1811 2402 2146 2484 voluntatem
2194 2401 2370 2484 dictet.
2426 2398 3209 2484 l’atriarcltaintestamentum.
3250 2398 3601 2484 Luculentio'r
3637 2403 3893 2484 narratio
3921 2404 3988 2455 ab

782 2470 994 2537 auclore
1023 2483 1276 2536 indicata.
1314 2478 1618 2534 Gerasimus
1649 2473 1954 2538 monachus,
1983 2474 2063 2527 vir
2101 2470 2328 2542 simplex
2354 2480 2402 2526 et
2431 2472 2698 2540 indoctus,
2735 2471 2884 2541 Glyci
2912 2474 3252 2544 subrogatur.
3301 2470 3497 2536 Quales
3529 2475 3848 2543 patriarcha:
3878 2475 3988 2526 im-

782 2552 1112 2619 peratoribus
1140 2551 1403 2626 placeant.

784 2669 954 2741 289
991 2669 1036 2725 Ι.
1094 2670 1160 2724 At
1203 2668 1512 2738 patriarcha
1569 2668 1808 2723 Joannes
1865 2665 2061 2737 Glycys
2084 2679 2208 2722 eum
2238 2674 2294 2720 et
2327 2669 2369 2727 Β

2327 2669 2369 2727 Β
2464 2661 2546 2720 A'.
2590 2662 2648 2716 '0
2696 2663 2752 2716 δὲ
2806 2664 3158 2734 πατριάρχης
3200 2663 3458 2732 Ἰωάννης
3521 2667 3547 2715 ὁ
3603 2663 3810 2724 Γλυκὺς
3863 2664 3987 2733 (45)

715 2779 865 2834 spem
897 2762 1280 2831 recuperanda:
1302 2760 1624 2815 valetudinis
1648 2760 1849 2814 nullatn
1876 2759 1976 2814 sibi
1997 2771 2289 2829 superesse

715 2870 771 2910 et
811 2870 880 2912 eo
923 2870 1147 2908 munere
1180 2853 1330 2924 fungi
1366 2868 1427 2908 se
1466 2853 1814 2923 intelligeret,
1859 2851 2016 2921 cujus
2055 2849 2292 2906 admini-

711 2947 906 3004 stratio
934 2961 1157 3016 magnas
1184 2944 1328 2998 vires
1373 2953 1429 2998 et
1468 2944 1682 2998 ﬁrmum
1713 2943 1965 3012 corporis
1998 2945 2166 2996 robur
2192 2957 2294 3012 po-

714 3041 981 3104 stularet;
1039 3048 1228 3093 contra
1265 3042 1449 3092 autem
1492 3051 1688 3106 magna
1719 3033 2109 3102 tranquillitate
2151 3048 2290 3102 opus

717 3147 839 3186 esse
878 3133 1042 3185 sciret
1073 3128 1288 3199 corpori
1322 3129 1629 3198 a-grotanti,
1666 3135 1722 3181 et
1755 3127 1997 3181 vicissim
2047 3127 2288 3181 animum

717 3227 919 3294 ipsum,
964 3234 1150 3292 utpote
1183 3223 1563 3278 condolentem
1607 3221 1822 3290 corpori
1869 3231 1924 3276 et
1971 3224 2091 3288 ejus
2134 3221 2291 3289 aegri-

719 3316 910 3370 tudine
940 3315 1286 3377 distractum,
1337 3327 1532 3384 magno
1578 3312 1646 3367 ab
1690 3312 1937 3366 externis
1966 3313 2128 3366 rebus
2177 3312 2291 3366 otio

717 3425 879 3476 egere
924 3408 1388 3463 animadverteret
1435 3405 1567 3477 (duo
1614 3405 1818 3474 quippe
1870 3406 1995 3459 inde
2055 3406 2291 3460 maxima

721 3506 859 3559 mala
887 3501 1213 3563 existebant,
1241 3514 1365 3555 cum
1400 3514 1502 3554 nec
1545 3497 1863 3569 quotidiana
1902 3498 2115 3568 negotia
2145 3513 2293 3553 com-

721 3598 878 3652 mode
910 3605 966 3651 et
999 3595 1252 3650 celeriter
1283 3591 1550 3662 expediri,
1576 3606 1677 3646 nec
1708 3590 1847 3662 vulgi
1870 3605 1964 3645 seu
1989 3589 2292 3661 indignatio

721 3707 813 3744 seu
867 3687 1115 3744 convicia
1150 3686 1375 3756 reprimi
1409 3684 1682 3754 possent);
1726 3683 1782 3736 in
1829 3681 2010 3736 medio
2055 3682 2293 3736 admini-

718 3782 996 3837 strationis
1021 3795 1186 3834 cursu
1236 3780 1488 3845 fatigatus
1519 3776 1631 3831 otio
1663 3791 1763 3829 suo
1795 3776 2100 3839 consulere,
2127 3785 2292 3843 atque

719 3892 784 3930 ex
834 3874 925 3928 illo
971 3886 1166 3943 magno
1216 3868 1715 3924 circumﬂuentium
1762 3867 2102 3938 negotiorum
2152 3878 2289 3922 testu

720 3981 998 4037 etnergere
1028 3963 1238 4018 statuit.
1274 3961 1485 4028 Quibus
1511 3960 1578 4013 de
1619 3960 1798 4013 causis
1843 3959 2139 4027 imperator
2172 3960 2291 4028 ejus

723 4059 984 4115 voluntati
1036 4057 1247 4120 annuit,
1298 4057 1455 4122 eique
1507 4052 1818 4120 Cyriotissa:
1867 4052 2312 4119 monasterium,

723 4154 777 4206 in
819 4168 925 4221 quo
976 4149 1265 4220 habitaret.
1315 4145 1615 4214 assignavit
1658 4163 1670 4198 :
1713 4144 1769 4196 in
1813 4142 1959 4212 quod
2006 4158 2064 4197 se
2097 4153 2294 4213 quarto

721 4263 866 4300 anno
892 4241 1294 4315 patriarchatus
1338 4243 1418 4293 sui
1448 4238 1700 4300 contulit,
1726 4235 1976 4289 abdicata
2022 4245 2299 4305 utcunque

722 4339 1005 4409 dignitate.
1035 4335 1109 4390 lbi
1149 4347 1422 4404 quatenus
1453 4331 1652 4384 licebat
1691 4329 2059 4384 valetudinem
2100 4344 2299 4383 curans

723 4442 943 4502 propter
966 4429 1131 4498 pedes
1173 4425 1402 4496 paralysi
1450 4423 1676 4476 allectos
1713 4432 1943 4475 mortem
1975 4423 2026 4473 in
2071 4421 2187 4475 dies
2239 4421 2302 4474 ti-

726 4527 923 4578 mebat.
971 4521 1151 4587 Quare
1197 4535 1319 4572 cum
1372 4517 1726 4585 pecuniarum
1779 4525 1840 4568 nt
1889 4513 1979 4566 alii
2049 4513 2297 4583 plerique

724 4616 915 4668 avidus
934 4615 1073 4667 baud
1101 4611 1314 4673 fuiSset,
1341 4624 1446 4661 non
1475 4622 1696 4674 magnas
1717 4619 1850 4674 opes
1871 4620 1900 4658 e
1924 4603 2296 4673 patriarcbatu

723 4723 907 4763 secum
956 4705 1173 4769 attulit;
1205 4701 1300 4754 sed
1338 4713 1559 4768 parvam
1597 4706 1654 4752 et
1688 4695 2084 4750 numerabilem
2130 4710 2298 4764 pecu-

723 4803 890 4863 niam,
934 4812 1094 4868 quam
1145 4797 1196 4847 in
1233 4801 1483 4860 sumptus
1531 4784 1911 4844 conservando
1967 4786 2297 4841 monasterio

725 4891 1062 4948 IlCt‘OSSal‘lOS
1105 4886 1392 4955 impendit.
1435 4884 1514 4936 ille
1558 4890 1737 4934 autem
1777 4879 2100 4934 arcessitum
2146 4895 2299 4950 roga-

727 4994 822 5052 vit,
847 5000 904 5040 ut
942 4996 1251 5050 supremam
1294 4994 1445 5031 suam
1477 4978 1810 5030 voluntatem
1845 4973 1896 5025 in
1940 4977 2125 5026 cbaria
2152 4974 2300 5026 ordi-

2403 2758 2630 2811 συνιδὼν
2653 2757 2727 2819 ὡς
2756 2759 3054 2812 ἀνέλπιστά
3079 2759 3128 2810 οῖ
3156 2758 3222 2810 τὰ
3259 2759 3355 2826 τῆς
3380 2758 3592 2826 ὑγιείας
3617 2759 3717 2828 ήδη
3745 2758 3991 2823 κατέστη

2405 2852 2576 2904 καὶτὸ
2610 2852 2708 2921 μὲν
2733 2853 2826 2921 τῆς
2863 2851 3248 2921 πνευματικῆς
3274 2849 3481 2920 ταύτης
3510 2853 3687 2921 ἀρχῆς
3717 2849 3988 2921 λειτούρ-

2405 2960 2563 3013 γημα
2586 2941 2791 3012 πολλῆς
2821 2944 2991 2996 δεῖται
3034 2942 3359 3012 σωματικῆς
3392 2943 3573 3013 ἰσχύος
3627 2943 3724 2996 καὶ
3763 2941 3990 3012 ῥώμης,

2406 3035 2607 3103 πολλῆς
2630 3036 2674 3086 δ’
2696 3033 2760 3088 αὖ
2785 3035 3051 3100 ἑτέρωθεν
3072 3035 3423 3111 ἡρεμίαςβεῖ
3447 3036 3710 3104 κάμνοντι
3739 3035 3987 3103 σώματι·

2401 3129 2510 3180 xix
2538 3126 2635 3179 τοῦ
2665 3128 2909 3181 ἐναντίου
2935 3126 2978 3178 δ’
3010 3126 3090 3178 ἔτι
3120 3126 3216 3180 καὶ
3251 3126 3448 3198 σχολῆς
3482 3127 3590 3181 τῶν
3642 3127 3844 3191 ἔξωθεν
3882 3145 3991 3195 μα-

2402 3221 2542 3288 κρᾶς
2567 3219 2714 3289 ψυχῇ
2757 3219 3151 3291 συγκαμνούσῃ
3178 3220 3274 3271 καλ⁵
3296 3221 3695 3290 περισπωμένῃ
3734 3222 3856 3282 ταῖς
3889 3220 3988 3272 τοῦ

2399 3309 2652 3378 σώματος
2681 3309 2936 3379 ἀλγηδόσι
2960 3308 3069 3378 (διὰ
3093 3310 3202 3378 γὰρ
3237 3309 3372 3361 αὐτό
3402 3325 3464 3376 γε
3493 3310 3650 3362 τοῦτο
3706 3310 3800 3362 δύο
3834 3327 3984 3378 συμ-

2401 3399 2610 3454 ϐαίνειν
2673 3400 3085 3455 τάναντιώτατα
3124 3418 3136 3430 ·
3207 3401 3348 3471 μήτε
3405 3402 3512 3470 γάρ
3566 3401 3811 3472 τὴντῶν
3877 3403 3988 3455 ἀνὰ

2402 3496 2591 3562 χεῖρας
2630 3493 2970 3563 πραγμάτων
3000 3493 3277 3564 διοίκησιν
3322 3493 3411 3546 διὰ
3467 3495 3617 3554 λείας
3657 3497 3746 3547 καὶ
3794 3496 3989 3563 ἀκμα-

2401 3579 2609 3662 ζοιιηι
2641 3587 2907 3656 φέρεσθαι
2939 3587 3036 3656 τῆς
3069 3585 3213 3650 ὁδοῦ,
3242 3587 3383 3656 μήτε
3441 3591 3537 3641 τὸν
3569 3588 3697 3640 λαὸν
3750 3589 3989 3658 ἀνύΰριο

2401 3683 2540 3731 στον
2573 3680 2819 3734 ἢνασθαι
2852 3680 3042 3749 φέρειν
3075 3679 3161 3732 ἐπ’
3195 3680 3360 3734 αὑτὸν
3396 3679 3619 3751 γνώμην
3650 3684 3744 3734 καὶ
3807 3684 3989 3749 γλιῖιτ·

2400 3777 2548 3841 ταν)⁶
2587 3773 2646 3825 ἐν
2679 3773 2824 3846 μέσῃ
2852 3778 2918 3842 τῇ
2958 3773 3066 3826 τῶν
3124 3775 3470 3844 πραγμάτων
3524 3776 3748 3843 ἀπέγνω
3783 3777 3988 3848 πορείᾳ

2366 3869 2498 3927 ,καὶ
2554 3867 2750 3937 σχολὴν
2809 3867 2990 3939 ἑαυτῷ
3048 3869 3536 3938 προύμνηστεύετο
3575 3869 3678 3938 ήδη
3735 3871 3833 3921 καὶ
3884 3874 3988 3939 τῆς

2399 3959 2597 4028 πολλῆς
2623 3959 2807 4029 ἐζήτει
2835 3964 2928 4012 καὶ
2957 3961 3210 4028 ποικίλης
3240 3964 3473 4030 ταυτησὶ
3495 3967 3806 4032 περιφορᾶς
3841 3968 3981 4016 ἁπο-

2394 4052 2660 4121 χὼρησιν.
2692 4045 2861 4104 Ταῦτ’
2907 4054 3016 4122 ἄρα
3051 4053 3144 4104 καὶ
3175 4055 3289 4117 τοῖς
3348 4053 3517 4106 αὐτοῦ
3553 4055 3922 4122 βουλεύμασιν
3959 4059 3988 4108 ὁ

2396 4144 2650 4213 βασιλεὺς
2686 4143 2928 4196 ἐπινεύει
2984 4147 3078 4197 καὶ
3109 4144 3210 4212 τὴν
3241 4146 3340 4214 τῆς
3396 4146 3782 4215 Κυριωτὶσσης
3815 4149 3988 4217 μονὴν

2394 4239 2473 4298 εἰς
2497 4236 2712 4306 οἴκησιν
2742 4237 3047 4304 ἀπονέμει*
3110 4237 3248 4306 πρὸς
3304 4238 3371 4306 ἣν
3401 4236 3466 4305 δὴ
3502 4237 3597 4289 καὶ
3662 4239 3985 4306 ἀφικνεῖται

2393 4327 2471 4398 τῷ
2505 4329 2753 4397 τετάρτῳ
2785 4330 2880 4394 τῆς
2925 4326 3092 4379 αὑτοῦ
3122 4344 3183 4395 γε
3234 4329 3642 4396 πατριαρχείας
3695 4329 3832 4392 ἔτει,
3889 4331 3986 4381 τὸν

2403 4419 2807 4491 πατριαρχικὸν
2857 4421 3006 4482 ὅπως
3057 4420 3188 4471 ποτὲ
3239 4419 3724 4488 παραιτησάμενος
3770 4421 3984 4491 θρόνον.

2403 4515 2577 4569 Κάκεῖ
2611 4510 3104 4581 νοσοκομούμενος,
3133 4511 3208 4572 ὡς
3245 4511 3395 4580 ἐνῆν,
3425 4510 3515 4563 διὰ
3553 4512 3654 4580 τὴν
3708 4513 3818 4564 τῶν
3869 4531 3986 4580 χει-

2400 4607 2509 4674 ρῶν
2549 4606 2645 4658 καὶ
2672 4603 2850 4656 ποδῶν
2878 4603 3121 4668 παντελῆ
3148 4603 3381 4670 πάρεσιν
3434 4602 3627 4654 ἐδεδίει
3683 4603 3807 4653 καθ’
3847 4606 3988 4673 ήμέο

2399 4715 2498 4767 ραν
2525 4696 2616 4749 τὸν
2637 4696 2888 4750 θάνατον.
2924 4684 3092 4747 Ὅθεν
3125 4697 3184 4746 ού
3216 4694 3388 4746 πολύυ
3412 4711 3536 4746 τινα
3593 4694 3823 4747 πλοῦτον
3880 4715 3986 4748 κα-

2394 4789 2649 4860 ταγαγὼν
2675 4790 2739 4842 ἐκ
2765 4789 2860 4841 τοῦ
2878 4790 3275 4858 πατριαρλικοῦ
3310 4787 3500 4856 θρόνου
3533 4787 3620 4840 διὰ
3645 4787 3706 4839 τὸ
3732 4789 3809 4856 μὴ
3826 4789 3986 4854 φιλη-

2397 4893 2680 4953 χρηματος
2711 4877 2850 4936 εἶναι
2902 4883 3040 4934 κατὰ
3070 4881 3153 4952 [Ρ.
3187 4879 3321 4949 Π8]›
3346 4881 3472 4943 τοὺς
3505 4881 3813 4942 πλείστους,
3842 4883 3982 4935 ἀλλὰ

2400 4977 2600 5046 μικρόν
2627 4994 2685 5029 τε
2712 4977 2807 5029 καὶ
2834 4975 3234 5046 εὐαρίθμητον,
3255 4975 3444 5027 τοῦτον
3466 4975 3655 5044 μὲνεξς
3688 4981 3986 5048 περιποίη-

2087 5117 2418 5180 Variorum
2442 5126 2631 5181 noue.

804 5257 914 5320 (4'5)
955 5252 1031 5307 Ne
1056 5255 1170 5305 viva
1204 5267 1365 5318 quant
1396 5249 1694 5317 longissime
1721 5263 1752 5298 a
1788 5237 1978 5300 marito
2006 5246 2292 5320 habitaret,
2331 5251 2371 5303 D
2401 5246 2557 5320 logos
2591 5246 2846 5320 l_)espota,
2872 5263 2937 5301 ex
2965 5249 3263 5304 Andronici
3293 5265 3416 5304 cum
3443 5250 3598 5305 Anna
3629 5253 3815 5320 priore
3839 5267 3980 5306 con-

729 5318 834 5380 etc.
857 5318 944 5378 Sic.
963 5322 1310 5381 vertendum,
1329 5335 1436 5371 non
1465 5329 1516 5370 ut
1539 5327 1747 5370 mortua
1768 5333 1926 5385 quam
1948 5318 2296 5369 remotissima

732 5418 760 5449 ιι
791 5398 1000 5458 marito,
1021 5397 1253 5444 animum
1277 5391 1384 5459 ejus
1405 5388 1550 5440 nullo
1568 5403 1782 5440 nta'rore
1804 5388 2087 5452 sauciaret,
2107 5401 2297 5456 quem-

732 5467 1025 5521 admodum
1059 5471 1296 5514 verternt
1333 5460 1580 5513 Wolﬁus.
1618 5459 1825 5511 BOlVlN.

804 5538 914 5599 lii)
961 5535 1255 5599 Inlerpres.
1313 5531 1479 5598 frater
1534 5530 1802 5581 aterinus:
1860 5529 2297 5593 entendavintus,

731 5607 1170 5674 consanguineus,
1202 5618 1268 5654 ex
1296 5603 1496 5674 eodem,
1523 5609 1829 5674 parenteet
1868 5599 1970 5652 alia
2007 5611 2209 5674 tnatr‘e:
2245 5600 2296 5674 id

731 5682 877 5732 enim
914 5669 1014 5728 vox
1045 5673 1230 5728 Graeca
1266 5681 1439 5725 sonat.
1482 5671 1692 5732 l’ollux,
1740 5670 1832 5722 lib.
1870 5687 1946 5729 Ill,
1975 5685 2096 5738 cap.
2127 5669 2193 5722 2:
2236 5671 2296 5722 Ui

732 5751 829 5818 μὲν
861 5751 918 5798 ὲκ
956 5746 1117 5814 μόνου
1149 5741 1614 5818 πατρδς,τζιδεριροὶ3
1640 5740 1915 5818 διαφόρων
1936 5740 1990 5791 δὲ
2019 5741 2296 5818 μητέρων,

727 5811 1134 5886 ὰμςριμῄτορες,
1185 5814 1232 5865 οἱ
1274 5813 1328 5864 δὲ
1365 5815 1425 5864 ὲκ
1454 5811 1727 5886 διαφόρων
1758 5813 2034 5886 πατέρων,
2076 5814 2201 5886 nisi;
2241 5811 2295 5864 δὲ

729 5881 952 5960 μηὲρὸςζ
997 5881 1400 5957 ἄμφιπάτορες.
1438 5881 1834 5937 Constantinus
1885 5881 2030 5935 enim
2088 5881 2290 5934 l‘ala-o-

2399 5318 2559 5392 juge_,_
2595 5317 2836 5392 Simonis
2881 5333 3013 5372 vero
3044 5334 3110 5373 ex
3149 5320 3325 5373 altero
3365 5335 3488 5392 cum
3520 5317 3678 5392 Irene
3718 5323 3983 5392 conjugin

2405 5386 2743 5460 prodiegant.
2781 5388 3014 5460 DUCASG.
3040 5421 3100 5431 -—
3131 5391 3358 5455 Ταύτης
3381 5391 3781 5460 ἀμφιμήτριος
3804 5386 3982 5445 ἀδέλ-

2404 5457 2538 5525 φός.
2595 5457 2783 5510 Fra'ter
2832 5459 2945 5526 ejus
2990 5457 3432 5527 consanguineus,
3467 5457 3609 5520 non,
3647 5457 3709 5517 ut
3746 5462 3980 5515 Wolﬁus

2402 5529 2888 5601 nite_rpretabatur,
2907 5532 3162 5583 uterinus.
3185 5530 3583 5585 Constantinus
3599 5532 3834 5601 DespOta
3857 5545 3981 5585 erat

2397 5597 2656 5671 Craleenaa
2687 5599 2853 5671 frater
2896 5602 3332 5671 consanguineus,
3374 5603 3565 5671 eodem
3597 5597 3750 5671 patre
3785 5613 3978 5666 natus,

2398 5684 2506 5721 non
2537 5669 2665 5722 item
2694 5669 2882 5723 eadem
2918 5669 3110 5725 matre.
3147 5670 3278 5725 Vide
3307 5687 3428 5737 cap.
3465 5670 3518 5734 4,
3551 5669 3686 5726 sect.
3725 5673 3778 5738 l,
3813 5672 3977 5726 infra.

2411 5739 2814 5815 ’.ᾼμφιμήτριος
2865 5740 3009 5792 idem
3046 5752 3139 5815 est
3171 5750 3335 5810 atque
3377 5744 3744 5815 αμφιμήτωρ,
3784 5743 3837 5798 id
3871 5755 3974 5809 est,

2396 5809 2603 5862 diversa
2634 5821 2798 5862 matre
2831 5821 3006 5862 natus.
3044 5811 3250 5865 BUIV'IN.

2471 5881 2581 5949 (t5)
2621 5881 2895 5934 Pbranzcs
2929 5882 3020 5936 lib.
3059 5899 3093 5950 ι,
3134 5897 3251 5952 cap.
3293 5882 3346 5937 9.
3390 5880 3624 5937 Decus.
