  <div class='ocr_page' id='page_1' title='image "/cluster/home/n/w/nwhite01/storage/ocr_20150623/148/nnc1.0046980490/250.png"; bbox 0 0 4240 6442; ppageno 0'>
   <div class='ocr_carea' id='block_1_1' title="bbox 187 392 290 456">
    <p class='ocr_par' dir='ltr' id='par_1_1' title="bbox 187 392 290 456">
     <span class='ocr_line' id='line_1_1' title="bbox 187 392 290 456; baseline 0.019 -2"><span class='ocrx_word' id='word_1_1' title='bbox 187 392 290 456; x_wconf 76' lang='grc'><strong>465</strong></span> 
     </span>
    </p>
   </div>
   <div class='ocr_carea' id='block_1_2' title="bbox 434 384 2443 460">
    <p class='ocr_par' dir='ltr' id='par_1_2' title="bbox 434 384 2443 460">
     <span class='ocr_line' id='line_1_2' title="bbox 434 384 2443 460; baseline -0.01 0"><span class='ocrx_word' id='word_1_2' title='bbox 434 388 510 460; x_wconf 65' lang='grc' dir='ltr'><strong>[λ.</strong></span> <span class='ocrx_word' id='word_1_3' title='bbox 550 403 598 442; x_wconf 85' lang='lat' dir='ltr'><strong>c-</strong></span> <span class='ocrx_word' id='word_1_4' title='bbox 645 387 778 442; x_wconf 62' lang='lat'><strong>1232</strong></span> <span class='ocrx_word' id='word_1_5' title='bbox 819 403 886 441; x_wconf 69' lang='lat' dir='ltr'><strong>AD</strong></span> <span class='ocrx_word' id='word_1_6' title='bbox 935 385 1088 458; x_wconf 65' lang='lat' dir='ltr'><strong>I328]</strong></span> <span class='ocrx_word' id='word_1_7' title='bbox 1171 388 1616 450; x_wconf 62' lang='lat' dir='ltr'><strong>BYZWTINE</strong></span> <span class='ocrx_word' id='word_1_8' title='bbox 1660 386 2048 447; x_wconf 73' lang='lat' dir='ltr'><strong>IIISTORIE</strong></span> <span class='ocrx_word' id='word_1_9' title='bbox 2089 385 2240 444; x_wconf 85' lang='lat' dir='ltr'><strong>Ltn.</strong></span> <span class='ocrx_word' id='word_1_10' title='bbox 2286 384 2443 444; x_wconf 81' lang='lat' dir='ltr'><strong>Vill.</strong></span> 
     </span>
    </p>
   </div>
   <div class='ocr_carea' id='block_1_3' title="bbox 3354 371 3460 436">
    <p class='ocr_par' dir='ltr' id='par_1_3' title="bbox 3354 371 3460 436">
     <span class='ocr_line' id='line_1_3' title="bbox 3354 371 3460 436; baseline 0 0"><span class='ocrx_word' id='word_1_11' title='bbox 3354 371 3460 436; x_wconf 72' lang='grc'>466</span> 
     </span>
    </p>
   </div>
   <div class='ocr_carea' id='block_1_4' title="bbox 2529 370 3193 448">
    <p class='ocr_par' dir='ltr' id='par_1_4' title="bbox 2529 370 3193 448">
     <span class='ocr_line' id='line_1_4' title="bbox 2529 370 3193 448; baseline -0.006 -19"><span class='ocrx_word' id='word_1_12' title='bbox 2529 375 2659 448; x_wconf 65' lang='grc' dir='ltr'>[μιν.</span> <span class='ocrx_word' id='word_1_13' title='bbox 2707 386 2989 428; x_wconf 64' lang='grc' dir='ltr'>Ακωιοκιο.</span> <span class='ocrx_word' id='word_1_14' title='bbox 3053 370 3193 442; x_wconf 56' lang='grc' dir='ltr'><strong>δεδι]</strong></span> 
     </span>
    </p>
   </div>
   <div class='ocr_carea' id='block_1_5' title="bbox 191 492 1794 581">
    <p class='ocr_par' dir='ltr' id='par_1_5' title="bbox 191 509 1766 581">
     <span class='ocr_line' id='line_1_5' title="bbox 191 509 1766 581; baseline -0.001 -19"><span class='ocrx_word' id='word_1_15' title='bbox 191 528 274 562; x_wconf 87' lang='grc' dir='ltr'><strong>σιν</strong></span> <span class='ocrx_word' id='word_1_16' title='bbox 299 509 548 564; x_wconf 77' lang='grc' dir='ltr'>ἀνάλωσε</span> <span class='ocrx_word' id='word_1_17' title='bbox 579 512 676 581; x_wconf 78' lang='grc' dir='ltr'>τῆς</span> <span class='ocrx_word' id='word_1_18' title='bbox 717 511 904 580; x_wconf 81' lang='grc' dir='ltr'>μονῆς.</span> <span class='ocrx_word' id='word_1_19' title='bbox 955 512 1086 579; x_wconf 82' lang='grc' dir='ltr'>Ἐμὲ</span> <span class='ocrx_word' id='word_1_20' title='bbox 1137 511 1191 563; x_wconf 79' lang='grc' dir='ltr'>δὲ</span> <span class='ocrx_word' id='word_1_21' title='bbox 1250 510 1766 580; x_wconf 68' lang='grc' dir='ltr'>προσκαλεσάμενος</span> 
     </span>
    </p>
   </div>
   <div class='ocr_carea' id='block_1_6' title="bbox 1874 492 3460 581">
    <p class='ocr_par' dir='ltr' id='par_1_6' title="bbox 1874 492 3460 567">
     <span class='ocr_line' id='line_1_6' title="bbox 1874 492 3460 567; baseline -0.009 -8"><span class='ocrx_word' id='word_1_22' title='bbox 1874 519 2082 559; x_wconf 82' lang='lat' dir='ltr'><strong>narem.</strong></span> <span class='ocrx_word' id='word_1_23' title='bbox 2119 502 2250 557; x_wconf 82' lang='lat' dir='ltr'><strong>Nam</strong></span> <span class='ocrx_word' id='word_1_24' title='bbox 2284 516 2408 557; x_wconf 91' lang='lat' dir='ltr'><strong>meo</strong></span> <span class='ocrx_word' id='word_1_25' title='bbox 2437 497 2651 554; x_wconf 86' lang='lat' dir='ltr'><strong>dicendi</strong></span> <span class='ocrx_word' id='word_1_26' title='bbox 2676 512 2874 567; x_wconf 80' lang='lat' dir='ltr'><strong>genere</strong></span> <span class='ocrx_word' id='word_1_27' title='bbox 2900 493 3196 552; x_wconf 85' lang='lat' dir='ltr'><strong>admodum</strong></span> <span class='ocrx_word' id='word_1_28' title='bbox 3227 492 3460 548; x_wconf 71' lang='lat' dir='ltr'><strong>delecta-</strong></span> 
     </span>
    </p>
   </div>
   <div class='ocr_carea' id='block_1_7' title="bbox 189 603 1769 676">
    <p class='ocr_par' dir='ltr' id='par_1_7' title="bbox 189 603 1769 676">
     <span class='ocr_line' id='line_1_7' title="bbox 189 603 1769 676; baseline 0.001 -22"><span class='ocrx_word' id='word_1_29' title='bbox 189 604 286 672; x_wconf 81' lang='grc' dir='ltr'>τὴν</span> <span class='ocrx_word' id='word_1_30' title='bbox 321 604 641 657; x_wconf 73' lang='grc' dir='ltr'><strong>τελευταίαν</strong></span> <span class='ocrx_word' id='word_1_31' title='bbox 673 605 842 658; x_wconf 87' lang='grc' dir='ltr'>αὑτοῦ</span> <span class='ocrx_word' id='word_1_32' title='bbox 882 604 1141 674; x_wconf 87' lang='grc' dir='ltr'>βούλησιν</span> <span class='ocrx_word' id='word_1_33' title='bbox 1173 606 1232 658; x_wconf 85' lang='grc' dir='ltr'><strong>ἐν</strong></span> <span class='ocrx_word' id='word_1_34' title='bbox 1263 608 1442 676; x_wconf 80' lang='grc' dir='ltr'>χάρτῃ</span> <span class='ocrx_word' id='word_1_35' title='bbox 1485 603 1769 657; x_wconf 75' lang='grc' dir='ltr'><strong>διαθέσθαι</strong></span> 
     </span>
    </p>
   </div>
   <div class='ocr_carea' id='block_1_8' title="bbox 189 695 1602 768">
    <p class='ocr_par' dir='ltr' id='par_1_8' title="bbox 189 695 1602 768">
     <span class='ocr_line' id='line_1_8' title="bbox 189 695 1602 768; baseline 0.003 -22"><span class='ocrx_word' id='word_1_36' title='bbox 189 695 368 763; x_wconf 78' lang='grc' dir='ltr'>ἠξίου.</span> <span class='ocrx_word' id='word_1_37' title='bbox 398 696 612 768; x_wconf 48' lang='grc' dir='ltr'>Σςόδρα</span> <span class='ocrx_word' id='word_1_38' title='bbox 651 698 759 765; x_wconf 79' lang='grc' dir='ltr'>γὰρ</span> <span class='ocrx_word' id='word_1_39' title='bbox 795 701 907 761; x_wconf 83' lang='grc' dir='ltr'>τοῖς</span> <span class='ocrx_word' id='word_1_40' title='bbox 938 700 1091 768; x_wconf 83' lang='grc' dir='ltr'>ἐμοῖς</span> <span class='ocrx_word' id='word_1_41' title='bbox 1115 700 1384 768; x_wconf 73' lang='grc' dir='ltr'><strong>ἠρέσκετο</strong></span> <span class='ocrx_word' id='word_1_42' title='bbox 1402 698 1602 762; x_wconf 77' lang='grc' dir='ltr'><strong>λόγοις.</strong></span> 
     </span>
    </p>
   </div>
   <div class='ocr_carea' id='block_1_9' title="bbox 259 784 1771 863">
    <p class='ocr_par' dir='ltr' id='par_1_9' title="bbox 259 784 1771 863">
     <span class='ocr_line' id='line_1_9' title="bbox 259 784 1771 863; baseline 0.001 -24"><span class='ocrx_word' id='word_1_43' title='bbox 259 785 335 840; x_wconf 86' lang='grc' dir='ltr'><strong>Β¹.</strong></span> <span class='ocrx_word' id='word_1_44' title='bbox 373 789 544 841; x_wconf 64' lang='lat' dir='ltr'><strong>«nam</strong></span> <span class='ocrx_word' id='word_1_45' title='bbox 572 788 669 857; x_wconf 85' lang='grc' dir='ltr'><strong>μέν</strong></span> <span class='ocrx_word' id='word_1_46' title='bbox 691 784 783 843; x_wconf 83' lang='grc' dir='ltr'>οὖν</span> <span class='ocrx_word' id='word_1_47' title='bbox 808 790 1116 860; x_wconf 88' lang='grc' dir='ltr'>ἀνθρώποις</span> <span class='ocrx_word' id='word_1_48' title='bbox 1136 789 1302 863; x_wconf 66' lang='grc'><strong>(46).»</strong></span> <span class='ocrx_word' id='word_1_49' title='bbox 1323 793 1478 861; x_wconf 66' lang='grc' dir='ltr'>φησι,</span> <span class='ocrx_word' id='word_1_50' title='bbox 1506 790 1771 844; x_wconf 80' lang='grc' dir='ltr'>«θανάτου</span> 
     </span>
    </p>
   </div>
   <div class='ocr_carea' id='block_1_10' title="bbox 193 881 1772 954">
    <p class='ocr_par' dir='ltr' id='par_1_10' title="bbox 193 881 1772 954">
     <span class='ocr_line' id='line_1_10' title="bbox 193 881 1772 954; baseline 0.003 -22"><span class='ocrx_word' id='word_1_51' title='bbox 193 881 508 950; x_wconf 79' lang='grc' dir='ltr'>μεμνῆσθαι</span> <span class='ocrx_word' id='word_1_52' title='bbox 557 883 735 952; x_wconf 83' lang='grc' dir='ltr'>χρεὼν</span> <span class='ocrx_word' id='word_1_53' title='bbox 760 884 855 937; x_wconf 72' lang='grc' dir='ltr'>καὶ</span> <span class='ocrx_word' id='word_1_54' title='bbox 880 885 1144 954; x_wconf 77' lang='grc' dir='ltr'>νήφουσιν</span> <span class='ocrx_word' id='word_1_55' title='bbox 1165 884 1469 954; x_wconf 63' lang='grc' dir='ltr'>ὀφθαλμοῖς</span> <span class='ocrx_word' id='word_1_56' title='bbox 1506 885 1606 953; x_wconf 83' lang='grc' dir='ltr'>τὴν</span> <span class='ocrx_word' id='word_1_57' title='bbox 1660 885 1772 937; x_wconf 83' lang='grc' dir='ltr'>τῶν</span> 
     </span>
    </p>
   </div>
   <div class='ocr_carea' id='block_1_11' title="bbox 191 973 1776 1047">
    <p class='ocr_par' dir='ltr' id='par_1_11' title="bbox 191 973 1776 1047">
     <span class='ocr_line' id='line_1_11' title="bbox 191 973 1776 1047; baseline 0.003 -23"><span class='ocrx_word' id='word_1_58' title='bbox 191 973 480 1043; x_wconf 72' lang='grc' dir='ltr'>παρόντων</span> <span class='ocrx_word' id='word_1_59' title='bbox 498 973 937 1042; x_wconf 78' lang='grc' dir='ltr'><strong>καταγινώσκειν</strong></span> <span class='ocrx_word' id='word_1_60' title='bbox 972 977 1156 1044; x_wconf 72' lang='grc' dir='ltr'>σκιὰν,</span> <span class='ocrx_word' id='word_1_61' title='bbox 1186 977 1304 1039; x_wconf 84' lang='grc' dir='ltr'>πῶς</span> <span class='ocrx_word' id='word_1_62' title='bbox 1343 978 1441 1045; x_wconf 80' lang='grc' dir='ltr'>μὲν</span> <span class='ocrx_word' id='word_1_63' title='bbox 1489 977 1580 1030; x_wconf 82' lang='grc' dir='ltr'>τὸν</span> <span class='ocrx_word' id='word_1_64' title='bbox 1646 976 1776 1047; x_wconf 78' lang='grc' dir='ltr'>χθὲς</span> 
     </span>
    </p>
   </div>
   <div class='ocr_carea' id='block_1_12' title="bbox 192 1067 1773 1142">
    <p class='ocr_par' dir='ltr' id='par_1_12' title="bbox 192 1067 1773 1142">
     <span class='ocr_line' id='line_1_12' title="bbox 192 1067 1773 1142; baseline 0.004 -24"><span class='ocrx_word' id='word_1_65' title='bbox 192 1067 282 1118; x_wconf 81' lang='grc' dir='ltr'>καὶ</span> <span class='ocrx_word' id='word_1_66' title='bbox 327 1067 598 1138; x_wconf 87' lang='grc' dir='ltr'>πρότερον</span> <span class='ocrx_word' id='word_1_67' title='bbox 630 1067 763 1122; x_wconf 72' lang='grc' dir='ltr'>ὄντα</span> <span class='ocrx_word' id='word_1_68' title='bbox 795 1069 988 1122; x_wconf 82' lang='grc' dir='ltr'>κόλποι</span> <span class='ocrx_word' id='word_1_69' title='bbox 1033 1070 1139 1140; x_wconf 84' lang='grc' dir='ltr'>γῆς</span> <span class='ocrx_word' id='word_1_70' title='bbox 1190 1070 1452 1142; x_wconf 76' lang='grc' dir='ltr'>ἐξαίφνης</span> <span class='ocrx_word' id='word_1_71' title='bbox 1504 1069 1773 1140; x_wconf 83' lang='grc' dir='ltr'>διέλαχον,</span> 
     </span>
    </p>
   </div>
   <div class='ocr_carea' id='block_1_13' title="bbox 191 1160 1776 1234">
    <p class='ocr_par' dir='ltr' id='par_1_13' title="bbox 191 1160 1776 1234">
     <span class='ocr_line' id='line_1_13' title="bbox 191 1160 1776 1234; baseline 0.003 -22"><span class='ocrx_word' id='word_1_72' title='bbox 191 1161 321 1228; x_wconf 73' lang='grc' dir='ltr'>πρὶν</span> <span class='ocrx_word' id='word_1_73' title='bbox 352 1162 422 1213; x_wconf 79' lang='grc' dir='ltr'><strong>τά</strong></span> <span class='ocrx_word' id='word_1_74' title='bbox 450 1160 590 1214; x_wconf 71' lang='grc' dir='ltr'>οἴκοι</span> <span class='ocrx_word' id='word_1_75' title='bbox 619 1161 904 1217; x_wconf 79' lang='grc' dir='ltr'>διαθέσθαι</span> <span class='ocrx_word' id='word_1_76' title='bbox 927 1165 1071 1226; x_wconf 75' lang='grc' dir='ltr'>κατά</span> <span class='ocrx_word' id='word_1_77' title='bbox 1109 1165 1338 1233; x_wconf 84' lang='grc' dir='ltr'>γνώμην</span> <span class='ocrx_word' id='word_1_78' title='bbox 1377 1165 1472 1219; x_wconf 73' lang='grc' dir='ltr'>καὶ</span> <span class='ocrx_word' id='word_1_79' title='bbox 1503 1165 1637 1234; x_wconf 78' lang='grc' dir='ltr'>πρὶν</span> <span class='ocrx_word' id='word_1_80' title='bbox 1678 1183 1776 1217; x_wconf 86' lang='grc' dir='ltr'>κα-</span> 
     </span>
    </p>
   </div>
   <div class='ocr_carea' id='block_1_14' title="bbox 189 1249 1777 1325">
    <p class='ocr_par' dir='ltr' id='par_1_14' title="bbox 189 1249 1777 1325">
     <span class='ocr_line' id='line_1_14' title="bbox 189 1249 1777 1325; baseline 0.004 -23"><span class='ocrx_word' id='word_1_81' title='bbox 189 1249 294 1312; x_wconf 80' lang='grc' dir='ltr'>λῶς</span> <span class='ocrx_word' id='word_1_82' title='bbox 322 1251 613 1320; x_wconf 83' lang='grc' dir='ltr'>διαϐλέψαι</span> <span class='ocrx_word' id='word_1_83' title='bbox 642 1253 736 1305; x_wconf 74' lang='grc' dir='ltr'><strong>τὸν</strong></span> <span class='ocrx_word' id='word_1_84' title='bbox 771 1253 929 1324; x_wconf 83' lang='grc' dir='ltr'>λόχον</span> <span class='ocrx_word' id='word_1_85' title='bbox 953 1256 1050 1324; x_wconf 82' lang='grc' dir='ltr'>τῆς</span> <span class='ocrx_word' id='word_1_86' title='bbox 1101 1258 1394 1325; x_wconf 77' lang='grc' dir='ltr'>συμφορᾶς</span> <span class='ocrx_word' id='word_1_87' title='bbox 1428 1271 1443 1286; x_wconf 81' lang='lat'>&#39;</span> <span class='ocrx_word' id='word_1_88' title='bbox 1514 1257 1610 1309; x_wconf 79' lang='grc' dir='ltr'>καὶ</span> <span class='ocrx_word' id='word_1_89' title='bbox 1659 1256 1777 1318; x_wconf 83' lang='grc' dir='ltr'><strong>πῶς</strong></span> 
     </span>
    </p>
   </div>
   <div class='ocr_carea' id='block_1_15' title="bbox 153 1339 1776 1418">
    <p class='ocr_par' dir='ltr' id='par_1_15' title="bbox 153 1339 1776 1418">
     <span class='ocr_line' id='line_1_15' title="bbox 153 1339 1776 1418; baseline 0.003 -22"><span class='ocrx_word' id='word_1_90' title='bbox 153 1396 159 1401; x_wconf 77' lang='grc'><strong>,</strong></span> <span class='ocrx_word' id='word_1_91' title='bbox 190 1339 350 1406; x_wconf 76' lang='grc' dir='ltr'>αὖθις</span> <span class='ocrx_word' id='word_1_92' title='bbox 377 1345 405 1397; x_wconf 84' lang='grc' dir='ltr'>ὁ</span> <span class='ocrx_word' id='word_1_93' title='bbox 438 1344 686 1415; x_wconf 78' lang='grc' dir='ltr'><strong>σήμερον</strong></span> <span class='ocrx_word' id='word_1_94' title='bbox 703 1344 921 1399; x_wconf 75' lang='grc' dir='ltr'>οἴκοθεν</span> <span class='ocrx_word' id='word_1_95' title='bbox 950 1347 1118 1400; x_wconf 76' lang='grc' dir='ltr'>οίονεὶ</span> <span class='ocrx_word' id='word_1_96' title='bbox 1154 1347 1232 1417; x_wconf 79' lang='grc' dir='ltr'><strong>τῷ</strong></span> <span class='ocrx_word' id='word_1_97' title='bbox 1255 1347 1392 1418; x_wconf 77' lang='grc' dir='ltr'>ἡλίῳ</span> <span class='ocrx_word' id='word_1_98' title='bbox 1438 1347 1574 1418; x_wconf 83' lang='grc' dir='ltr'>τῷδε</span> <span class='ocrx_word' id='word_1_99' title='bbox 1610 1365 1776 1401; x_wconf 82' lang='grc' dir='ltr'>συνα-</span> 
     </span>
    </p>
   </div>
   <div class='ocr_carea' id='block_1_16' title="bbox 189 1435 1776 1510">
    <p class='ocr_par' dir='ltr' id='par_1_16' title="bbox 189 1435 1776 1510">
     <span class='ocr_line' id='line_1_16' title="bbox 189 1435 1776 1510; baseline 0.002 -21"><span class='ocrx_word' id='word_1_100' title='bbox 189 1435 466 1489; x_wconf 74' lang='grc' dir='ltr'>νατέλλων</span> <span class='ocrx_word' id='word_1_101' title='bbox 496 1437 590 1489; x_wconf 78' lang='grc' dir='ltr'>καὶ</span> <span class='ocrx_word' id='word_1_102' title='bbox 637 1437 1012 1506; x_wconf 85' lang='grc' dir='ltr'>ἐμπομπεύων</span> <span class='ocrx_word' id='word_1_103' title='bbox 1045 1441 1109 1508; x_wconf 77' lang='grc' dir='ltr'>τῇ</span> <span class='ocrx_word' id='word_1_104' title='bbox 1143 1437 1451 1510; x_wconf 77' lang='grc' dir='ltr'>πανηγύρει</span> <span class='ocrx_word' id='word_1_105' title='bbox 1504 1438 1600 1492; x_wconf 88' lang='grc' dir='ltr'><strong>τοῦ</strong></span> <span class='ocrx_word' id='word_1_106' title='bbox 1659 1439 1776 1508; x_wconf 90' lang='grc' dir='ltr'>βίου</span> 
     </span>
    </p>
   </div>
   <div class='ocr_carea' id='block_1_17' title="bbox 191 1528 1778 1604">
    <p class='ocr_par' dir='ltr' id='par_1_17' title="bbox 191 1528 1778 1604">
     <span class='ocr_line' id='line_1_17' title="bbox 191 1528 1778 1604; baseline 0.003 -24"><span class='ocrx_word' id='word_1_107' title='bbox 191 1528 398 1598; x_wconf 79' lang='grc' dir='ltr'>μεστὸς</span> <span class='ocrx_word' id='word_1_108' title='bbox 437 1528 764 1598; x_wconf 87' lang='grc' dir='ltr'>ἀπεράντων</span> <span class='ocrx_word' id='word_1_109' title='bbox 796 1528 1051 1592; x_wconf 83' lang='grc' dir='ltr'>ἐλπίδων,</span> <span class='ocrx_word' id='word_1_110' title='bbox 1111 1528 1288 1583; x_wconf 71' lang='grc' dir='ltr'>ἔπειτ’</span> <span class='ocrx_word' id='word_1_111' title='bbox 1338 1532 1394 1583; x_wconf 85' lang='grc' dir='ltr'><strong>ἐν</strong></span> <span class='ocrx_word' id='word_1_112' title='bbox 1455 1530 1778 1604; x_wconf 76' lang='grc' dir='ltr'>μεσημϐρίᾳ</span> 
     </span>
    </p>
   </div>
   <div class='ocr_carea' id='block_1_18' title="bbox 190 1621 1776 1695">
    <p class='ocr_par' dir='ltr' id='par_1_18' title="bbox 190 1621 1776 1695">
     <span class='ocr_line' id='line_1_18' title="bbox 190 1621 1776 1695; baseline 0.001 -20"><span class='ocrx_word' id='word_1_113' title='bbox 190 1622 370 1690; x_wconf 73' lang='grc' dir='ltr'>φωτδς</span> <span class='ocrx_word' id='word_1_114' title='bbox 412 1621 639 1684; x_wconf 83' lang='grc' dir='ltr'>σκότους</span> <span class='ocrx_word' id='word_1_115' title='bbox 662 1640 693 1674; x_wconf 92' lang='grc' dir='ltr'><strong>κ</strong></span> <span class='ocrx_word' id='word_1_116' title='bbox 721 1621 756 1673; x_wconf 75' lang='lat' dir='ltr'><strong>.l.</strong></span> <span class='ocrx_word' id='word_1_117' title='bbox 781 1621 952 1691; x_wconf 85' lang='grc' dir='ltr'>λήθης</span> <span class='ocrx_word' id='word_1_118' title='bbox 985 1622 1195 1694; x_wconf 81' lang='grc' dir='ltr'>ὑπῆλθε</span> <span class='ocrx_word' id='word_1_119' title='bbox 1251 1623 1460 1692; x_wconf 72' lang='grc' dir='ltr'>μυχοὺς</span> <span class='ocrx_word' id='word_1_120' title='bbox 1515 1624 1573 1677; x_wconf 87' lang='grc' dir='ltr'><strong>ἐν</strong></span> <span class='ocrx_word' id='word_1_121' title='bbox 1621 1625 1776 1695; x_wconf 78' lang='grc' dir='ltr'>ἀκμῇ</span> 
     </span>
    </p>
   </div>
   <div class='ocr_carea' id='block_1_19' title="bbox 187 1713 1780 1785">
    <p class='ocr_par' dir='ltr' id='par_1_19' title="bbox 187 1713 1780 1785">
     <span class='ocr_line' id='line_1_19' title="bbox 187 1713 1780 1785; baseline 0.001 -19"><span class='ocrx_word' id='word_1_122' title='bbox 187 1717 253 1783; x_wconf 82' lang='grc' dir='ltr'><strong>τῇ</strong></span> <span class='ocrx_word' id='word_1_123' title='bbox 288 1714 534 1783; x_wconf 75' lang='grc' dir='ltr'>ἡλικίας,</span> <span class='ocrx_word' id='word_1_124' title='bbox 566 1713 830 1776; x_wconf 79' lang='grc' dir='ltr'>πολλάκις</span> <span class='ocrx_word' id='word_1_125' title='bbox 863 1715 958 1767; x_wconf 80' lang='grc' dir='ltr'>καὶ</span> <span class='ocrx_word' id='word_1_126' title='bbox 990 1715 1154 1784; x_wconf 80' lang='grc' dir='ltr'>ἐορτῇ</span> <span class='ocrx_word' id='word_1_127' title='bbox 1179 1713 1274 1767; x_wconf 87' lang='grc' dir='ltr'><strong>τοῦ</strong></span> <span class='ocrx_word' id='word_1_128' title='bbox 1314 1714 1635 1785; x_wconf 79' lang='grc' dir='ltr'>προσώπου,</span> <span class='ocrx_word' id='word_1_129' title='bbox 1687 1720 1780 1768; x_wconf 73' lang='grc' dir='ltr'>καὶ</span> 
     </span>
    </p>
   </div>
   <div class='ocr_carea' id='block_1_20' title="bbox 190 1807 1771 1879">
    <p class='ocr_par' dir='ltr' id='par_1_20' title="bbox 190 1807 1771 1879">
     <span class='ocr_line' id='line_1_20' title="bbox 190 1807 1771 1879; baseline 0.003 -19"><span class='ocrx_word' id='word_1_130' title='bbox 190 1809 254 1861; x_wconf 75' lang='grc' dir='ltr'><strong>ἶν’</strong></span> <span class='ocrx_word' id='word_1_131' title='bbox 285 1809 430 1861; x_wconf 72' lang='grc' dir='ltr'>εἴπω</span> <span class='ocrx_word' id='word_1_132' title='bbox 451 1808 545 1860; x_wconf 87' lang='grc' dir='ltr'><strong>τοῦ</strong></span> <span class='ocrx_word' id='word_1_133' title='bbox 575 1808 788 1870; x_wconf 78' lang='grc' dir='ltr'>πάθους</span> <span class='ocrx_word' id='word_1_134' title='bbox 825 1807 1150 1879; x_wconf 76' lang='grc' dir='ltr'>ἀνελπιστίᾳ</span> <span class='ocrx_word' id='word_1_135' title='bbox 1174 1807 1481 1863; x_wconf 74' lang='grc' dir='ltr'>πολυτελεῖ.</span> <span class='ocrx_word' id='word_1_136' title='bbox 1511 1810 1698 1879; x_wconf 86' lang='grc' dir='ltr'>Πολλῷ</span> <span class='ocrx_word' id='word_1_137' title='bbox 1725 1810 1771 1864; x_wconf 87' lang='grc' dir='ltr'>δ’</span> 
     </span>
    </p>
   </div>
   <div class='ocr_carea' id='block_1_21' title="bbox 189 1890 1855 1972">
    <p class='ocr_par' dir='ltr' id='par_1_21' title="bbox 189 1890 1855 1972">
     <span class='ocr_line' id='line_1_21' title="bbox 189 1890 1855 1972; baseline 0.004 -20"><span class='ocrx_word' id='word_1_138' title='bbox 189 1901 282 1954; x_wconf 79' lang='grc' dir='ltr'>οὖν</span> <span class='ocrx_word' id='word_1_139' title='bbox 305 1903 610 1970; x_wconf 83' lang='grc' dir='ltr'>ἀναγκαῖον</span> <span class='ocrx_word' id='word_1_140' title='bbox 640 1902 874 1955; x_wconf 81' lang='grc' dir='ltr'>θανάτου</span> <span class='ocrx_word' id='word_1_141' title='bbox 918 1901 1121 1972; x_wconf 81' lang='grc' dir='ltr'>μᾶλλον</span> <span class='ocrx_word' id='word_1_142' title='bbox 1155 1903 1493 1972; x_wconf 85' lang='grc' dir='ltr'>μεμνῆσθαι,</span> <span class='ocrx_word' id='word_1_143' title='bbox 1549 1897 1630 1967; x_wconf 75' lang='grc' dir='ltr'><strong>οἷς</strong></span> <span class='ocrx_word' id='word_1_144' title='bbox 1681 1907 1778 1958; x_wconf 77' lang='grc' dir='ltr'>καὶ</span> <span class='ocrx_word' id='word_1_145' title='bbox 1809 1890 1855 1950; x_wconf 80' lang='grc' dir='ltr'>Β</span> 
     </span>
    </p>
   </div>
   <div class='ocr_carea' id='block_1_22' title="bbox 190 1989 1780 2068">
    <p class='ocr_par' dir='ltr' id='par_1_22' title="bbox 190 1989 1780 2068">
     <span class='ocr_line' id='line_1_22' title="bbox 190 1989 1780 2068; baseline 0.003 -21"><span class='ocrx_word' id='word_1_146' title='bbox 190 1997 348 2059; x_wconf 82' lang='grc' dir='ltr'>νόσος</span> <span class='ocrx_word' id='word_1_147' title='bbox 373 1989 464 2050; x_wconf 75' lang='grc' dir='ltr'>οἷά</span> <span class='ocrx_word' id='word_1_148' title='bbox 491 2012 575 2059; x_wconf 85' lang='grc' dir='ltr'><strong>τις</strong></span> <span class='ocrx_word' id='word_1_149' title='bbox 605 1994 674 2048; x_wconf 84' lang='grc' dir='ltr'>δι’</span> <span class='ocrx_word' id='word_1_150' title='bbox 703 1994 1029 2064; x_wconf 81' lang='grc' dir='ltr'>ἀνωμαλίαν</span> <span class='ocrx_word' id='word_1_151' title='bbox 1059 2012 1117 2048; x_wconf 90' lang='grc' dir='ltr'><strong>τε</strong></span> <span class='ocrx_word' id='word_1_152' title='bbox 1151 1996 1246 2050; x_wconf 75' lang='grc' dir='ltr'>καὶ</span> <span class='ocrx_word' id='word_1_153' title='bbox 1265 1996 1496 2062; x_wconf 77' lang='grc' dir='ltr'>ἀταξίαν</span> <span class='ocrx_word' id='word_1_154' title='bbox 1521 1997 1618 2067; x_wconf 77' lang='grc' dir='ltr'>τῆς</span> <span class='ocrx_word' id='word_1_155' title='bbox 1647 1997 1780 2068; x_wconf 79' lang='grc' dir='ltr'>ὕλης</span> 
     </span>
    </p>
   </div>
   <div class='ocr_carea' id='block_1_23' title="bbox 193 2083 1778 2155">
    <p class='ocr_par' dir='ltr' id='par_1_23' title="bbox 193 2083 1778 2155">
     <span class='ocr_line' id='line_1_23' title="bbox 193 2083 1778 2155; baseline 0.002 -14"><span class='ocrx_word' id='word_1_156' title='bbox 193 2088 631 2155; x_wconf 76' lang='grc' dir='ltr'>συμπέπτωκεν,</span> <span class='ocrx_word' id='word_1_157' title='bbox 677 2083 766 2152; x_wconf 75' lang='grc' dir='ltr'>αἷς</span> <span class='ocrx_word' id='word_1_158' title='bbox 805 2089 1028 2152; x_wconf 83' lang='grc' dir='ltr'>πολλαῖς</span> <span class='ocrx_word' id='word_1_159' title='bbox 1058 2106 1118 2143; x_wconf 90' lang='grc' dir='ltr'><strong>τε</strong></span> <span class='ocrx_word' id='word_1_160' title='bbox 1149 2089 1245 2144; x_wconf 78' lang='grc' dir='ltr'>καὶ</span> <span class='ocrx_word' id='word_1_161' title='bbox 1280 2090 1558 2152; x_wconf 78' lang='grc' dir='ltr'>ποικίλαις</span> <span class='ocrx_word' id='word_1_162' title='bbox 1587 2091 1778 2145; x_wconf 84' lang='grc' dir='ltr'>ἀλλοτε</span> 
     </span>
    </p>
   </div>
   <div class='ocr_carea' id='block_1_24' title="bbox 192 2181 1782 2254">
    <p class='ocr_par' dir='ltr' id='par_1_24' title="bbox 192 2181 1782 2254">
     <span class='ocr_line' id='line_1_24' title="bbox 192 2181 1782 2254; baseline 0.001 -17"><span class='ocrx_word' id='word_1_163' title='bbox 192 2184 391 2242; x_wconf 75' lang='grc' dir='ltr'>ἄλλαις</span> <span class='ocrx_word' id='word_1_164' title='bbox 419 2183 482 2236; x_wconf 90' lang='grc' dir='ltr'><strong>τδ</strong></span> <span class='ocrx_word' id='word_1_165' title='bbox 514 2181 862 2251; x_wconf 88' lang='grc' dir='ltr'>ἀνθρώπινον</span> <span class='ocrx_word' id='word_1_166' title='bbox 889 2183 1164 2254; x_wconf 84' lang='grc' dir='ltr'>κέχρηται</span> <span class='ocrx_word' id='word_1_167' title='bbox 1198 2183 1361 2252; x_wconf 86' lang='grc' dir='ltr'>σῶμα</span> <span class='ocrx_word' id='word_1_168' title='bbox 1415 2185 1782 2254; x_wconf 80' lang='grc' dir='ltr'>συγχεούσαις</span> 
     </span>
    </p>
   </div>
   <div class='ocr_carea' id='block_1_25' title="bbox 191 2275 1783 2349">
    <p class='ocr_par' dir='ltr' id='par_1_25' title="bbox 191 2275 1783 2349">
     <span class='ocr_line' id='line_1_25' title="bbox 191 2275 1783 2349; baseline 0.003 -21"><span class='ocrx_word' id='word_1_169' title='bbox 191 2292 248 2328; x_wconf 84' lang='grc' dir='ltr'><strong>τε</strong></span> <span class='ocrx_word' id='word_1_170' title='bbox 295 2275 395 2330; x_wconf 72' lang='grc' dir='ltr'>καὶ</span> <span class='ocrx_word' id='word_1_171' title='bbox 442 2275 780 2337; x_wconf 86' lang='grc' dir='ltr'>διασπώσαις</span> <span class='ocrx_word' id='word_1_172' title='bbox 831 2275 931 2348; x_wconf 79' lang='grc' dir='ltr'>τὴν</span> <span class='ocrx_word' id='word_1_173' title='bbox 984 2276 1094 2330; x_wconf 85' lang='grc' dir='ltr'><strong>τῶν</strong></span> <span class='ocrx_word' id='word_1_174' title='bbox 1126 2276 1441 2347; x_wconf 79' lang='grc' dir='ltr'>συνδέσμων</span> <span class='ocrx_word' id='word_1_175' title='bbox 1499 2281 1783 2349; x_wconf 78' lang='grc' dir='ltr'>στοιχείων</span> 
     </span>
    </p>
   </div>
   <div class='ocr_carea' id='block_1_26' title="bbox 194 2359 1786 2441">
    <p class='ocr_par' dir='ltr' id='par_1_26' title="bbox 194 2359 1786 2441">
     <span class='ocr_line' id='line_1_26' title="bbox 194 2359 1786 2441; baseline 0.002 -22"><span class='ocrx_word' id='word_1_176' title='bbox 194 2367 579 2438; x_wconf 72' lang='grc' dir='ltr'>ἀλληλουχίαν.</span> <span class='ocrx_word' id='word_1_177' title='bbox 614 2359 778 2422; x_wconf 75' lang='grc' dir='ltr'>Οὗτοι</span> <span class='ocrx_word' id='word_1_178' title='bbox 808 2367 917 2438; x_wconf 80' lang='grc' dir='ltr'><strong>γὰρ</strong></span> <span class='ocrx_word' id='word_1_179' title='bbox 960 2369 1064 2440; x_wconf 72' lang='grc' dir='ltr'>ήδη</span> <span class='ocrx_word' id='word_1_180' title='bbox 1095 2371 1323 2439; x_wconf 81' lang='grc' dir='ltr'>μονονοὺ</span> <span class='ocrx_word' id='word_1_181' title='bbox 1376 2369 1584 2440; x_wconf 80' lang='grc' dir='ltr'>θατέρᾳ</span> <span class='ocrx_word' id='word_1_182' title='bbox 1637 2369 1786 2441; x_wconf 78' lang='grc' dir='ltr'>χειρὶ</span> 
     </span>
    </p>
   </div>
   <div class='ocr_carea' id='block_1_27' title="bbox 192 2459 1786 2534">
    <p class='ocr_par' dir='ltr' id='par_1_27' title="bbox 192 2459 1786 2534">
     <span class='ocr_line' id='line_1_27' title="bbox 192 2459 1786 2534; baseline 0.001 -19"><span class='ocrx_word' id='word_1_183' title='bbox 192 2464 292 2530; x_wconf 77' lang='grc' dir='ltr'>τὴν</span> <span class='ocrx_word' id='word_1_184' title='bbox 321 2459 416 2514; x_wconf 85' lang='grc' dir='ltr'><strong>τοῦ</strong></span> <span class='ocrx_word' id='word_1_185' title='bbox 441 2461 676 2515; x_wconf 83' lang='grc' dir='ltr'>θανάτου</span> <span class='ocrx_word' id='word_1_186' title='bbox 725 2460 988 2516; x_wconf 82' lang='grc' dir='ltr'>κόπτουσι</span> <span class='ocrx_word' id='word_1_187' title='bbox 1022 2461 1195 2534; x_wconf 81' lang='grc' dir='ltr'>θύραν</span> <span class='ocrx_word' id='word_1_188' title='bbox 1222 2463 1319 2517; x_wconf 80' lang='grc' dir='ltr'>καὶ</span> <span class='ocrx_word' id='word_1_189' title='bbox 1356 2462 1417 2518; x_wconf 85' lang='grc' dir='ltr'>τὸ</span> <span class='ocrx_word' id='word_1_190' title='bbox 1467 2464 1630 2517; x_wconf 81' lang='grc' dir='ltr'>πλέον</span> <span class='ocrx_word' id='word_1_191' title='bbox 1683 2464 1786 2532; x_wconf 78' lang='grc' dir='ltr'>τῆς</span> 
     </span>
    </p>
   </div>
   <div class='ocr_carea' id='block_1_28' title="bbox 194 2554 1788 2627">
    <p class='ocr_par' dir='ltr' id='par_1_28' title="bbox 194 2554 1788 2627">
     <span class='ocr_line' id='line_1_28' title="bbox 194 2554 1788 2627; baseline -0.001 -19"><span class='ocrx_word' id='word_1_192' title='bbox 194 2555 288 2609; x_wconf 86' lang='grc' dir='ltr'><strong>τοῦ</strong></span> <span class='ocrx_word' id='word_1_193' title='bbox 329 2555 428 2623; x_wconf 73' lang='grc' dir='ltr'><strong>ζῇν</strong></span> <span class='ocrx_word' id='word_1_194' title='bbox 458 2554 672 2618; x_wconf 79' lang='grc' dir='ltr'>ἐλπίδος</span> <span class='ocrx_word' id='word_1_195' title='bbox 700 2554 934 2608; x_wconf 82' lang='grc' dir='ltr'>κατόπιν</span> <span class='ocrx_word' id='word_1_196' title='bbox 963 2555 1308 2619; x_wconf 82' lang='grc' dir='ltr'>διαλιπόντες</span> <span class='ocrx_word' id='word_1_197' title='bbox 1355 2555 1569 2627; x_wconf 80' lang='grc' dir='ltr'>θατέρῳ</span> <span class='ocrx_word' id='word_1_198' title='bbox 1615 2556 1788 2626; x_wconf 85' lang='grc' dir='ltr'>βλέμ-</span> 
     </span>
    </p>
   </div>
   <div class='ocr_carea' id='block_1_29' title="bbox 199 2647 1788 2719">
    <p class='ocr_par' dir='ltr' id='par_1_29' title="bbox 199 2647 1788 2719">
     <span class='ocr_line' id='line_1_29' title="bbox 199 2647 1788 2719; baseline 0.001 -18"><span class='ocrx_word' id='word_1_199' title='bbox 199 2665 331 2718; x_wconf 73' lang='grc' dir='ltr'>ματι</span> <span class='ocrx_word' id='word_1_200' title='bbox 367 2647 505 2718; x_wconf 79' lang='grc' dir='ltr'>πρὸς</span> <span class='ocrx_word' id='word_1_201' title='bbox 525 2650 651 2711; x_wconf 75' lang='grc' dir='ltr'>τοὺς</span> <span class='ocrx_word' id='word_1_202' title='bbox 688 2648 801 2702; x_wconf 84' lang='grc' dir='ltr'><strong>τῶν</strong></span> <span class='ocrx_word' id='word_1_203' title='bbox 837 2648 1139 2718; x_wconf 79' lang='grc' dir='ltr'>μνημάτων</span> <span class='ocrx_word' id='word_1_204' title='bbox 1169 2648 1272 2719; x_wconf 72' lang='grc' dir='ltr'>ήδη</span> <span class='ocrx_word' id='word_1_205' title='bbox 1327 2648 1612 2718; x_wconf 82' lang='grc' dir='ltr'>κρημνοὺς</span> <span class='ocrx_word' id='word_1_206' title='bbox 1672 2649 1788 2702; x_wconf 86' lang='grc' dir='ltr'>δια-</span> 
     </span>
    </p>
   </div>
   <div class='ocr_carea' id='block_1_30' title="bbox 195 2735 1787 2812">
    <p class='ocr_par' dir='ltr' id='par_1_30' title="bbox 195 2735 1787 2812">
     <span class='ocr_line' id='line_1_30' title="bbox 195 2735 1787 2812; baseline -0.001 -16"><span class='ocrx_word' id='word_1_207' title='bbox 195 2746 472 2796; x_wconf 70' lang='grc' dir='ltr'>κύπτουσι</span> <span class='ocrx_word' id='word_1_208' title='bbox 504 2758 518 2771; x_wconf 90' lang='grc'><strong>·</strong></span> <span class='ocrx_word' id='word_1_209' title='bbox 554 2740 766 2804; x_wconf 85' lang='grc' dir='ltr'>τούτοις</span> <span class='ocrx_word' id='word_1_210' title='bbox 830 2742 995 2795; x_wconf 81' lang='grc' dir='ltr'>παντὶ</span> <span class='ocrx_word' id='word_1_211' title='bbox 1054 2741 1245 2811; x_wconf 81' lang='grc' dir='ltr'>τρόπῳ</span> <span class='ocrx_word' id='word_1_212' title='bbox 1292 2742 1638 2809; x_wconf 73' lang='grc' dir='ltr'>λυσιτεῖήσει</span> <span class='ocrx_word' id='word_1_213' title='bbox 1688 2735 1787 2812; x_wconf 83' lang='grc' dir='ltr'>τῆς</span> 
     </span>
    </p>
   </div>
   <div class='ocr_carea' id='block_1_31' title="bbox 193 2833 1790 2905">
    <p class='ocr_par' dir='ltr' id='par_1_31' title="bbox 193 2833 1790 2905">
     <span class='ocr_line' id='line_1_31' title="bbox 193 2833 1790 2905; baseline 0 -17"><span class='ocrx_word' id='word_1_214' title='bbox 193 2835 408 2894; x_wconf 71' lang='grc' dir='ltr'>οἰκείας</span> <span class='ocrx_word' id='word_1_215' title='bbox 439 2833 726 2903; x_wconf 85' lang='grc' dir='ltr'>φροντίσαι</span> <span class='ocrx_word' id='word_1_216' title='bbox 752 2835 933 2905; x_wconf 78' lang='grc' dir='ltr'>ψυχῆς</span> <span class='ocrx_word' id='word_1_217' title='bbox 953 2835 1050 2888; x_wconf 76' lang='grc' dir='ltr'>καὶ</span> <span class='ocrx_word' id='word_1_218' title='bbox 1079 2833 1327 2888; x_wconf 87' lang='grc' dir='ltr'>ἀθάνατά</span> <span class='ocrx_word' id='word_1_219' title='bbox 1357 2851 1419 2902; x_wconf 90' lang='grc' dir='ltr'><strong>γε</strong></span> <span class='ocrx_word' id='word_1_220' title='bbox 1445 2837 1510 2904; x_wconf 85' lang='grc' dir='ltr'>τῇ</span> <span class='ocrx_word' id='word_1_221' title='bbox 1535 2834 1790 2904; x_wconf 83' lang='grc' dir='ltr'>ἀθανάτῳ</span> 
     </span>
    </p>
   </div>
   <div class='ocr_carea' id='block_1_32' title="bbox 194 2905 1791 2996">
    <p class='ocr_par' dir='ltr' id='par_1_32' title="bbox 194 2905 1791 2996">
     <span class='ocr_line' id='line_1_32' title="bbox 194 2905 1791 2996; baseline 0.003 -21"><span class='ocrx_word' id='word_1_222' title='bbox 194 2905 353 2996; x_wconf 68' lang='grc' dir='ltr'>πάσῃ</span> <span class='ocrx_word' id='word_1_223' title='bbox 389 2923 592 2993; x_wconf 82' lang='grc' dir='ltr'>σπουδῇ</span> <span class='ocrx_word' id='word_1_224' title='bbox 627 2925 982 2994; x_wconf 77' lang='grc' dir='ltr'>πορίσασθαι,</span> <span class='ocrx_word' id='word_1_225' title='bbox 1015 2927 1227 2996; x_wconf 87' lang='grc' dir='ltr'>μήποτε</span> <span class='ocrx_word' id='word_1_226' title='bbox 1249 2926 1476 2980; x_wconf 78' lang='grc' dir='ltr'>διπλοῦν</span> <span class='ocrx_word' id='word_1_227' title='bbox 1505 2927 1596 2978; x_wconf 74' lang='grc' dir='ltr'><strong>τὸν</strong></span> <span class='ocrx_word' id='word_1_228' title='bbox 1624 2927 1791 2982; x_wconf 87' lang='grc' dir='ltr'>θάνα-</span> 
     </span>
    </p>
   </div>
   <div class='ocr_carea' id='block_1_33' title="bbox 193 3016 1790 3088">
    <p class='ocr_par' dir='ltr' id='par_1_33' title="bbox 193 3016 1790 3088">
     <span class='ocr_line' id='line_1_33' title="bbox 193 3016 1790 3088; baseline 0.001 -18"><span class='ocrx_word' id='word_1_229' title='bbox 193 3018 286 3070; x_wconf 77' lang='grc' dir='ltr'><strong>τόν</strong></span> <span class='ocrx_word' id='word_1_230' title='bbox 319 3033 512 3085; x_wconf 75' lang='grc' dir='ltr'>σςρισιν</span> <span class='ocrx_word' id='word_1_231' title='bbox 547 3018 732 3079; x_wconf 79' lang='grc' dir='ltr'>αὐτοῖς</span> <span class='ocrx_word' id='word_1_232' title='bbox 763 3016 1142 3088; x_wconf 79' lang='grc' dir='ltr'>προξενήσωσι</span> <span class='ocrx_word' id='word_1_233' title='bbox 1161 3018 1253 3071; x_wconf 89' lang='grc' dir='ltr'><strong>τόν</strong></span> <span class='ocrx_word' id='word_1_234' title='bbox 1279 3035 1340 3071; x_wconf 87' lang='grc' dir='ltr'><strong>τε</strong></span> <span class='ocrx_word' id='word_1_235' title='bbox 1391 3018 1488 3071; x_wconf 86' lang='grc' dir='ltr'><strong>τοῦ</strong></span> <span class='ocrx_word' id='word_1_236' title='bbox 1535 3019 1790 3088; x_wconf 81' lang='grc' dir='ltr'>σώματος</span> 
     </span>
    </p>
   </div>
   <div class='ocr_carea' id='block_1_34' title="bbox 194 3108 1792 3180">
    <p class='ocr_par' dir='ltr' id='par_1_34' title="bbox 194 3108 1792 3180">
     <span class='ocr_line' id='line_1_34' title="bbox 194 3108 1792 3180; baseline 0.002 -18"><span class='ocrx_word' id='word_1_237' title='bbox 194 3109 289 3162; x_wconf 85' lang='grc' dir='ltr'><strong>τόν</strong></span> <span class='ocrx_word' id='word_1_238' title='bbox 341 3125 405 3161; x_wconf 91' lang='grc' dir='ltr'><strong>τε</strong></span> <span class='ocrx_word' id='word_1_239' title='bbox 425 3108 529 3177; x_wconf 84' lang='grc' dir='ltr'>τῆς</span> <span class='ocrx_word' id='word_1_240' title='bbox 576 3109 780 3179; x_wconf 73' lang='grc' dir='ltr'>ψυχῆς.</span> <span class='ocrx_word' id='word_1_241' title='bbox 834 3109 990 3178; x_wconf 78' lang='grc' dir='ltr'>Ἐμοὶ</span> <span class='ocrx_word' id='word_1_242' title='bbox 1044 3109 1100 3164; x_wconf 79' lang='grc' dir='ltr'>δὲ</span> <span class='ocrx_word' id='word_1_243' title='bbox 1153 3109 1540 3180; x_wconf 69' lang='grc' dir='ltr'>καὶμάλιστα</span> <span class='ocrx_word' id='word_1_244' title='bbox 1569 3111 1792 3166; x_wconf 86' lang='grc' dir='ltr'>πάντων</span> 
     </span>
    </p>
   </div>
   <div class='ocr_carea' id='block_1_35' title="bbox 195 3198 1786 3270">
    <p class='ocr_par' dir='ltr' id='par_1_35' title="bbox 195 3198 1786 3270">
     <span class='ocr_line' id='line_1_35' title="bbox 195 3198 1786 3270; baseline 0.002 -19"><span class='ocrx_word' id='word_1_245' title='bbox 195 3199 352 3269; x_wconf 85' lang='grc' dir='ltr'>δεινῇ</span> <span class='ocrx_word' id='word_1_246' title='bbox 394 3217 505 3251; x_wconf 90' lang='grc' dir='ltr'>τινι</span> <span class='ocrx_word' id='word_1_247' title='bbox 539 3199 634 3251; x_wconf 73' lang='grc' dir='ltr'>καὶ</span> <span class='ocrx_word' id='word_1_248' title='bbox 657 3198 853 3269; x_wconf 77' lang='grc' dir='ltr'>βαρείᾳ</span> <span class='ocrx_word' id='word_1_249' title='bbox 875 3201 942 3270; x_wconf 77' lang='grc' dir='ltr'>τῇ</span> <span class='ocrx_word' id='word_1_250' title='bbox 981 3199 1124 3269; x_wconf 88' lang='grc' dir='ltr'>νόσῳ</span> <span class='ocrx_word' id='word_1_251' title='bbox 1173 3199 1377 3269; x_wconf 82' lang='grc' dir='ltr'>τούμὸν</span> <span class='ocrx_word' id='word_1_252' title='bbox 1417 3202 1566 3253; x_wconf 79' lang='grc' dir='ltr'>τουτὶ</span> <span class='ocrx_word' id='word_1_253' title='bbox 1625 3201 1786 3270; x_wconf 86' lang='grc' dir='ltr'>σῶμα</span> 
     </span>
    </p>
   </div>
   <div class='ocr_carea' id='block_1_36' title="bbox 197 3291 1790 3365">
    <p class='ocr_par' dir='ltr' id='par_1_36' title="bbox 197 3291 1790 3365">
     <span class='ocr_line' id='line_1_36' title="bbox 197 3291 1790 3365; baseline 0.002 -21"><span class='ocrx_word' id='word_1_254' title='bbox 197 3291 406 3362; x_wconf 78' lang='grc' dir='ltr'>μικροῦ</span> <span class='ocrx_word' id='word_1_255' title='bbox 441 3292 643 3355; x_wconf 83' lang='grc' dir='ltr'>τελέως</span> <span class='ocrx_word' id='word_1_256' title='bbox 676 3292 1131 3361; x_wconf 88' lang='grc' dir='ltr'>ἐκδεδαπάνηται.</span> <span class='ocrx_word' id='word_1_257' title='bbox 1175 3293 1326 3346; x_wconf 85' lang='grc' dir='ltr'>Πάνυ</span> <span class='ocrx_word' id='word_1_258' title='bbox 1352 3295 1461 3364; x_wconf 78' lang='grc' dir='ltr'>γὰρ</span> <span class='ocrx_word' id='word_1_259' title='bbox 1486 3296 1551 3347; x_wconf 87' lang='grc' dir='ltr'><strong>ἐκ</strong></span> <span class='ocrx_word' id='word_1_260' title='bbox 1575 3293 1790 3365; x_wconf 81' lang='grc' dir='ltr'>μακροῦ</span> 
     </span>
    </p>
   </div>
   <div class='ocr_carea' id='block_1_37' title="bbox 195 3383 1791 3456">
    <p class='ocr_par' dir='ltr' id='par_1_37' title="bbox 195 3383 1791 3456">
     <span class='ocr_line' id='line_1_37' title="bbox 195 3383 1791 3456; baseline 0.001 -20"><span class='ocrx_word' id='word_1_261' title='bbox 195 3384 488 3451; x_wconf 80' lang='grc' dir='ltr'>πάνδημός</span> <span class='ocrx_word' id='word_1_262' title='bbox 532 3400 618 3446; x_wconf 88' lang='grc' dir='ltr'><strong>τις</strong></span> <span class='ocrx_word' id='word_1_263' title='bbox 674 3383 1156 3452; x_wconf 84' lang='grc' dir='ltr'>ἐπιστρατεύσασά</span> <span class='ocrx_word' id='word_1_264' title='bbox 1223 3402 1316 3453; x_wconf 91' lang='grc' dir='ltr'><strong>μοι</strong></span> <span class='ocrx_word' id='word_1_265' title='bbox 1370 3385 1791 3456; x_wconf 85' lang='grc' dir='ltr'>παλινοστήσειν</span> 
     </span>
    </p>
   </div>
   <div class='ocr_carea' id='block_1_38' title="bbox 196 3471 1792 3547">
    <p class='ocr_par' dir='ltr' id='par_1_38' title="bbox 196 3471 1792 3547">
     <span class='ocr_line' id='line_1_38' title="bbox 196 3471 1792 3547; baseline 0.002 -18"><span class='ocrx_word' id='word_1_266' title='bbox 196 3471 575 3540; x_wconf 75' lang='grc' dir='ltr'>οῦκὲτάῦθις</span> <span class='ocrx_word' id='word_1_267' title='bbox 599 3475 943 3547; x_wconf 87' lang='grc' dir='ltr'>βεϐούληται,</span> <span class='ocrx_word' id='word_1_268' title='bbox 997 3476 1114 3531; x_wconf 87' lang='grc' dir='ltr'>ἀλλ’</span> <span class='ocrx_word' id='word_1_269' title='bbox 1171 3477 1601 3546; x_wconf 84' lang='grc' dir='ltr'>ἐμπεφώλευκεν</span> <span class='ocrx_word' id='word_1_270' title='bbox 1665 3479 1792 3532; x_wconf 69' lang='grc' dir='ltr'>ἐσάο</span> 
     </span>
    </p>
   </div>
   <div class='ocr_carea' id='block_1_39' title="bbox 195 3567 1795 3640">
    <p class='ocr_par' dir='ltr' id='par_1_39' title="bbox 195 3567 1795 3640">
     <span class='ocr_line' id='line_1_39' title="bbox 195 3567 1795 3640; baseline 0.001 -18"><span class='ocrx_word' id='word_1_271' title='bbox 195 3587 331 3630; x_wconf 79' lang='grc' dir='ltr'>παν,</span> <span class='ocrx_word' id='word_1_272' title='bbox 370 3567 565 3639; x_wconf 81' lang='grc' dir='ltr'>ὥσπερ</span> <span class='ocrx_word' id='word_1_273' title='bbox 606 3571 731 3623; x_wconf 64' lang='grc' dir='ltr'>τινα</span> <span class='ocrx_word' id='word_1_274' title='bbox 791 3569 988 3640; x_wconf 81' lang='grc' dir='ltr'>ἑαυτῆς</span> <span class='ocrx_word' id='word_1_275' title='bbox 1014 3569 1194 3622; x_wconf 84' lang='grc' dir='ltr'>οἰκίαν</span> <span class='ocrx_word' id='word_1_276' title='bbox 1245 3570 1630 3637; x_wconf 66' lang='grc' dir='ltr'>κατειληφυῖα,</span> <span class='ocrx_word' id='word_1_277' title='bbox 1700 3572 1795 3624; x_wconf 77' lang='grc' dir='ltr'>καὶ</span> 
     </span>
    </p>
   </div>
   <div class='ocr_carea' id='block_1_40' title="bbox 197 3659 1794 3732">
    <p class='ocr_par' dir='ltr' id='par_1_40' title="bbox 197 3659 1794 3732">
     <span class='ocr_line' id='line_1_40' title="bbox 197 3659 1794 3732; baseline 0.001 -18"><span class='ocrx_word' id='word_1_278' title='bbox 197 3661 514 3714; x_wconf 81' lang='grc' dir='ltr'>διετέλεσεν</span> <span class='ocrx_word' id='word_1_279' title='bbox 547 3660 697 3713; x_wconf 80' lang='grc' dir='ltr'>ἐσαεὶ</span> <span class='ocrx_word' id='word_1_280' title='bbox 731 3661 831 3729; x_wconf 77' lang='grc' dir='ltr'>τὴν</span> <span class='ocrx_word' id='word_1_281' title='bbox 857 3661 960 3730; x_wconf 72' lang='grc' dir='ltr'>μὲν</span> <span class='ocrx_word' id='word_1_282' title='bbox 997 3661 1138 3732; x_wconf 85' lang='grc' dir='ltr'>ἐμὴν</span> <span class='ocrx_word' id='word_1_283' title='bbox 1174 3659 1268 3714; x_wconf 88' lang='grc' dir='ltr'><strong>τοῦ</strong></span> <span class='ocrx_word' id='word_1_284' title='bbox 1318 3659 1571 3730; x_wconf 84' lang='grc' dir='ltr'>σώματος</span> <span class='ocrx_word' id='word_1_285' title='bbox 1605 3661 1794 3715; x_wconf 77' lang='grc' dir='ltr'>οὐσίαν</span> 
     </span>
    </p>
   </div>
   <div class='ocr_carea' id='block_1_41' title="bbox 197 3749 1792 3825">
    <p class='ocr_par' dir='ltr' id='par_1_41' title="bbox 197 3749 1792 3825">
     <span class='ocr_line' id='line_1_41' title="bbox 197 3749 1792 3825; baseline -0.001 -17"><span class='ocrx_word' id='word_1_286' title='bbox 197 3756 371 3809; x_wconf 81' lang='grc' dir='ltr'>οἱονεί</span> <span class='ocrx_word' id='word_1_287' title='bbox 399 3772 487 3817; x_wconf 88' lang='grc' dir='ltr'><strong>τις</strong></span> <span class='ocrx_word' id='word_1_288' title='bbox 524 3754 823 3823; x_wconf 75' lang='grc' dir='ltr'>ἐκμυζῶσα</span> <span class='ocrx_word' id='word_1_289' title='bbox 860 3752 1076 3823; x_wconf 83' lang='grc' dir='ltr'>βδέλλα,</span> <span class='ocrx_word' id='word_1_290' title='bbox 1114 3753 1216 3824; x_wconf 83' lang='grc' dir='ltr'>τὴν</span> <span class='ocrx_word' id='word_1_291' title='bbox 1269 3752 1316 3807; x_wconf 82' lang='grc' dir='ltr'>δ’</span> <span class='ocrx_word' id='word_1_292' title='bbox 1345 3749 1412 3808; x_wconf 77' lang='grc' dir='ltr'>αὖ</span> <span class='ocrx_word' id='word_1_293' title='bbox 1468 3754 1792 3825; x_wconf 83' lang='grc' dir='ltr'>περιουσίαν</span> 
     </span>
    </p>
   </div>
   <div class='ocr_carea' id='block_1_42' title="bbox 199 3846 1794 3918">
    <p class='ocr_par' dir='ltr' id='par_1_42' title="bbox 199 3846 1794 3918">
     <span class='ocr_line' id='line_1_42' title="bbox 199 3846 1794 3918; baseline -0.003 -17"><span class='ocrx_word' id='word_1_294' title='bbox 199 3847 520 3918; x_wconf 61' lang='grc' dir='ltr'>ὑφαιροῦσά</span> <span class='ocrx_word' id='word_1_295' title='bbox 555 3863 657 3916; x_wconf 87' lang='grc' dir='ltr'><strong>μου</strong></span> <span class='ocrx_word' id='word_1_296' title='bbox 686 3846 828 3899; x_wconf 73' lang='grc' dir='ltr'>κατὰ</span> <span class='ocrx_word' id='word_1_297' title='bbox 879 3847 1078 3917; x_wconf 85' lang='grc' dir='ltr'>μικρὸν</span> <span class='ocrx_word' id='word_1_298' title='bbox 1107 3846 1326 3916; x_wconf 81' lang='grc' dir='ltr'>διδύμῃ,</span> <span class='ocrx_word' id='word_1_299' title='bbox 1371 3846 1433 3899; x_wconf 81' lang='grc' dir='ltr'>τὸ</span> <span class='ocrx_word' id='word_1_300' title='bbox 1480 3846 1794 3915; x_wconf 66' lang='grc' dir='ltr'>λεγόμενον,</span> 
     </span>
    </p>
   </div>
   <div class='ocr_carea' id='block_1_43' title="bbox 201 3938 1794 4010">
    <p class='ocr_par' dir='ltr' id='par_1_43' title="bbox 201 3938 1794 4010">
     <span class='ocr_line' id='line_1_43' title="bbox 201 3938 1794 4010; baseline -0.002 -17"><span class='ocrx_word' id='word_1_301' title='bbox 201 3940 352 4010; x_wconf 73' lang='grc' dir='ltr'>χειρὶ</span> <span class='ocrx_word' id='word_1_302' title='bbox 390 3941 486 3991; x_wconf 77' lang='grc' dir='ltr'>καὶ</span> <span class='ocrx_word' id='word_1_303' title='bbox 522 3943 634 4002; x_wconf 86' lang='grc' dir='ltr'><strong>τοίς</strong></span> <span class='ocrx_word' id='word_1_304' title='bbox 677 3938 789 3992; x_wconf 74' lang='grc' dir='ltr'>τῶν</span> <span class='ocrx_word' id='word_1_305' title='bbox 828 3939 1030 4009; x_wconf 84' lang='grc' dir='ltr'>ίατρῶν</span> <span class='ocrx_word' id='word_1_306' title='bbox 1071 3938 1296 4000; x_wconf 84' lang='grc' dir='ltr'>κόλποις</span> <span class='ocrx_word' id='word_1_307' title='bbox 1353 3938 1794 4010; x_wconf 81' lang='grc' dir='ltr'>ὲπισωρεύουσα,</span> 
     </span>
    </p>
   </div>
   <div class='ocr_carea' id='block_1_44' title="bbox 201 4027 1797 4102">
    <p class='ocr_par' dir='ltr' id='par_1_44' title="bbox 201 4027 1797 4102">
     <span class='ocr_line' id='line_1_44' title="bbox 201 4027 1797 4102; baseline -0.001 -16"><span class='ocrx_word' id='word_1_308' title='bbox 201 4033 466 4102; x_wconf 80' lang='grc' dir='ltr'>καθάπερ</span> <span class='ocrx_word' id='word_1_309' title='bbox 489 4033 600 4084; x_wconf 71' lang='grc' dir='ltr'>τισὶ</span> <span class='ocrx_word' id='word_1_310' title='bbox 632 4030 903 4102; x_wconf 77' lang='grc' dir='ltr'>ταμιείοις</span> <span class='ocrx_word' id='word_1_311' title='bbox 936 4027 1089 4083; x_wconf 83' lang='grc' dir='ltr'>οῦσιν</span> <span class='ocrx_word' id='word_1_312' title='bbox 1128 4029 1354 4098; x_wconf 82' lang='grc' dir='ltr'>ἑαυτῆς.</span> <span class='ocrx_word' id='word_1_313' title='bbox 1419 4031 1574 4084; x_wconf 75' lang='grc' dir='ltr'>Ἐπεὶ</span> <span class='ocrx_word' id='word_1_314' title='bbox 1624 4031 1668 4082; x_wconf 78' lang='grc' dir='ltr'>δ’</span> <span class='ocrx_word' id='word_1_315' title='bbox 1704 4027 1797 4084; x_wconf 81' lang='grc' dir='ltr'>οὖν</span> 
     </span>
    </p>
   </div>
   <div class='ocr_carea' id='block_1_45' title="bbox 200 4120 1797 4196">
    <p class='ocr_par' dir='ltr' id='par_1_45' title="bbox 200 4120 1797 4196">
     <span class='ocr_line' id='line_1_45' title="bbox 200 4120 1797 4196; baseline -0.001 -17"><span class='ocrx_word' id='word_1_316' title='bbox 200 4130 233 4195; x_wconf 81' lang='grc' dir='ltr'><strong>ἡ</strong></span> <span class='ocrx_word' id='word_1_317' title='bbox 257 4127 399 4196; x_wconf 72' lang='grc' dir='ltr'>πρὸς</span> <span class='ocrx_word' id='word_1_318' title='bbox 431 4125 606 4195; x_wconf 76' lang='grc' dir='ltr'>αὐτὴν</span> <span class='ocrx_word' id='word_1_319' title='bbox 639 4124 886 4193; x_wconf 74' lang='grc' dir='ltr'>ἡμετέρα</span> <span class='ocrx_word' id='word_1_320' title='bbox 915 4125 1124 4194; x_wconf 77' lang='grc' dir='ltr'>σπουδὴ</span> <span class='ocrx_word' id='word_1_321' title='bbox 1156 4124 1386 4191; x_wconf 84' lang='grc' dir='ltr'>μάταιος</span> <span class='ocrx_word' id='word_1_322' title='bbox 1426 4120 1494 4195; x_wconf 83' lang='grc' dir='ltr'>ἦν</span> <span class='ocrx_word' id='word_1_323' title='bbox 1535 4127 1634 4178; x_wconf 72' lang='grc' dir='ltr'>καὶ</span> <span class='ocrx_word' id='word_1_324' title='bbox 1672 4128 1797 4179; x_wconf 81' lang='grc' dir='ltr'>ἀνό-</span> 
     </span>
    </p>
   </div>
   <div class='ocr_carea' id='block_1_46' title="bbox 203 4215 1796 4287">
    <p class='ocr_par' dir='ltr' id='par_1_46' title="bbox 203 4215 1796 4287">
     <span class='ocr_line' id='line_1_46' title="bbox 203 4215 1796 4287; baseline -0.001 -15"><span class='ocrx_word' id='word_1_325' title='bbox 203 4235 370 4287; x_wconf 77' lang='grc' dir='ltr'>νητος</span> <span class='ocrx_word' id='word_1_326' title='bbox 398 4217 576 4287; x_wconf 79' lang='grc' dir='ltr'>ὄχλος,</span> <span class='ocrx_word' id='word_1_327' title='bbox 600 4217 696 4270; x_wconf 78' lang='grc' dir='ltr'>καὶ</span> <span class='ocrx_word' id='word_1_328' title='bbox 731 4220 811 4280; x_wconf 87' lang='grc' dir='ltr'><strong>είς</strong></span> <span class='ocrx_word' id='word_1_329' title='bbox 857 4215 968 4286; x_wconf 85' lang='grc' dir='ltr'><strong>πῦρ</strong></span> <span class='ocrx_word' id='word_1_330' title='bbox 1009 4216 1090 4286; x_wconf 81' lang='grc' dir='ltr'><strong>(τὸ</strong></span> <span class='ocrx_word' id='word_1_331' title='bbox 1141 4217 1236 4270; x_wconf 86' lang='grc' dir='ltr'><strong>τοῦ</strong></span> <span class='ocrx_word' id='word_1_332' title='bbox 1270 4220 1455 4284; x_wconf 83' lang='grc' dir='ltr'>λόγου)</span> <span class='ocrx_word' id='word_1_333' title='bbox 1517 4217 1796 4281; x_wconf 81' lang='grc' dir='ltr'>ξαίνοντες</span> 
     </span>
    </p>
   </div>
   <div class='ocr_carea' id='block_1_47' title="bbox 203 4308 1800 4382">
    <p class='ocr_par' dir='ltr' id='par_1_47' title="bbox 203 4308 1800 4382">
     <span class='ocr_line' id='line_1_47' title="bbox 203 4308 1800 4382; baseline -0.001 -17"><span class='ocrx_word' id='word_1_334' title='bbox 203 4309 534 4380; x_wconf 87' lang='grc' dir='ltr'>ἐδοκοῦμεν,</span> <span class='ocrx_word' id='word_1_335' title='bbox 588 4311 641 4362; x_wconf 91' lang='grc' dir='ltr'><strong>τί</strong></span> <span class='ocrx_word' id='word_1_336' title='bbox 673 4308 740 4362; x_wconf 84' lang='grc' dir='ltr'><strong>ἀν</strong></span> <span class='ocrx_word' id='word_1_337' title='bbox 775 4327 858 4374; x_wconf 89' lang='grc' dir='ltr'><strong>τις</strong></span> <span class='ocrx_word' id='word_1_338' title='bbox 892 4310 1290 4380; x_wconf 65' lang='grc' dir='ltr'>ὲκτραγῳδυίη,</span> <span class='ocrx_word' id='word_1_339' title='bbox 1324 4311 1496 4376; x_wconf 79' lang='grc' dir='ltr'>ὁπόσα</span> <span class='ocrx_word' id='word_1_340' title='bbox 1533 4329 1622 4382; x_wconf 87' lang='grc' dir='ltr'><strong>μοι</strong></span> <span class='ocrx_word' id='word_1_341' title='bbox 1654 4312 1800 4366; x_wconf 88' lang='grc' dir='ltr'><strong>κατά</strong></span> 
     </span>
    </p>
   </div>
   <div class='ocr_carea' id='block_1_48' title="bbox 204 4399 1799 4473">
    <p class='ocr_par' dir='ltr' id='par_1_48' title="bbox 204 4399 1799 4473">
     <span class='ocr_line' id='line_1_48' title="bbox 204 4399 1799 4473; baseline -0.001 -18"><span class='ocrx_word' id='word_1_342' title='bbox 204 4405 298 4456; x_wconf 73' lang='grc' dir='ltr'><strong>τὸν</strong></span> <span class='ocrx_word' id='word_1_343' title='bbox 332 4402 448 4473; x_wconf 85' lang='grc' dir='ltr'>βίον</span> <span class='ocrx_word' id='word_1_344' title='bbox 473 4400 785 4472; x_wconf 70' lang='grc' dir='ltr'>ἠναντιώθη</span> <span class='ocrx_word' id='word_1_345' title='bbox 819 4399 876 4453; x_wconf 72' lang='grc' dir='ltr'><strong>ἐν</strong></span> <span class='ocrx_word' id='word_1_346' title='bbox 915 4417 974 4453; x_wconf 88' lang='grc' dir='ltr'><strong>τε</strong></span> <span class='ocrx_word' id='word_1_347' title='bbox 1007 4403 1122 4462; x_wconf 78' lang='grc' dir='ltr'>τοῖς</span> <span class='ocrx_word' id='word_1_348' title='bbox 1155 4401 1449 4470; x_wconf 86' lang='grc' dir='ltr'>βασιλείοις</span> <span class='ocrx_word' id='word_1_349' title='bbox 1484 4401 1541 4454; x_wconf 79' lang='grc' dir='ltr'><strong>έν</strong></span> <span class='ocrx_word' id='word_1_350' title='bbox 1578 4419 1639 4454; x_wconf 88' lang='grc' dir='ltr'><strong>τε</strong></span> <span class='ocrx_word' id='word_1_351' title='bbox 1687 4404 1799 4465; x_wconf 77' lang='grc' dir='ltr'>τοῖς</span> 
     </span>
    </p>
   </div>
   <div class='ocr_carea' id='block_1_49' title="bbox 207 4489 1801 4564">
    <p class='ocr_par' dir='ltr' id='par_1_49' title="bbox 207 4489 1801 4564">
     <span class='ocr_line' id='line_1_49' title="bbox 207 4489 1801 4564; baseline 0 -17"><span class='ocrx_word' id='word_1_352' title='bbox 207 4495 331 4549; x_wconf 84' lang='grc' dir='ltr'>κατ’</span> <span class='ocrx_word' id='word_1_353' title='bbox 378 4489 528 4546; x_wconf 72' lang='grc' dir='ltr'>οἷκον</span> <span class='ocrx_word' id='word_1_354' title='bbox 587 4493 933 4563; x_wconf 83' lang='grc' dir='ltr'>πράγμασι;</span> <span class='ocrx_word' id='word_1_355' title='bbox 992 4491 1328 4564; x_wconf 83' lang='grc' dir='ltr'>Συμϐέϐηκε</span> <span class='ocrx_word' id='word_1_356' title='bbox 1385 4494 1496 4563; x_wconf 79' lang='grc' dir='ltr'><strong>γάρ</strong></span> <span class='ocrx_word' id='word_1_357' title='bbox 1550 4511 1640 4562; x_wconf 88' lang='grc' dir='ltr'><strong>μοι</strong></span> <span class='ocrx_word' id='word_1_358' title='bbox 1697 4495 1801 4548; x_wconf 81' lang='grc' dir='ltr'><strong>κάν</strong></span> 
     </span>
    </p>
   </div>
   <div class='ocr_carea' id='block_1_50' title="bbox 208 4583 1800 4656">
    <p class='ocr_par' dir='ltr' id='par_1_50' title="bbox 208 4583 1800 4656">
     <span class='ocr_line' id='line_1_50' title="bbox 208 4583 1800 4656; baseline 0.001 -18"><span class='ocrx_word' id='word_1_359' title='bbox 208 4589 322 4648; x_wconf 82' lang='grc' dir='ltr'>τοῖς</span> <span class='ocrx_word' id='word_1_360' title='bbox 373 4586 667 4656; x_wconf 84' lang='grc' dir='ltr'>βασιλείοις</span> <span class='ocrx_word' id='word_1_361' title='bbox 717 4585 977 4654; x_wconf 79' lang='grc' dir='ltr'>τετάχθαι</span> <span class='ocrx_word' id='word_1_362' title='bbox 1035 4583 1161 4655; x_wconf 77' lang='grc' dir='ltr'>ἄρτι</span> <span class='ocrx_word' id='word_1_363' title='bbox 1212 4585 1320 4640; x_wconf 83' lang='grc' dir='ltr'><strong>τῶν</strong></span> <span class='ocrx_word' id='word_1_364' title='bbox 1365 4584 1538 4651; x_wconf 81' lang='grc' dir='ltr'>λόγων</span> <span class='ocrx_word' id='word_1_365' title='bbox 1589 4588 1800 4640; x_wconf 75' lang='grc' dir='ltr'>ὑπανα-</span> 
     </span>
    </p>
   </div>
   <div class='ocr_carea' id='block_1_51' title="bbox 209 4677 1803 4750">
    <p class='ocr_par' dir='ltr' id='par_1_51' title="bbox 209 4677 1803 4750">
     <span class='ocr_line' id='line_1_51' title="bbox 209 4677 1803 4750; baseline 0.001 -18"><span class='ocrx_word' id='word_1_366' title='bbox 209 4680 450 4749; x_wconf 69' lang='grc' dir='ltr'>κύψαντι</span> <span class='ocrx_word' id='word_1_367' title='bbox 478 4683 574 4732; x_wconf 83' lang='grc' dir='ltr'>καὶ</span> <span class='ocrx_word' id='word_1_368' title='bbox 607 4679 699 4731; x_wconf 82' lang='grc' dir='ltr'>τὸν</span> <span class='ocrx_word' id='word_1_369' title='bbox 720 4677 924 4748; x_wconf 75' lang='grc' dir='ltr'>ἔφηϐον</span> <span class='ocrx_word' id='word_1_370' title='bbox 967 4679 1429 4749; x_wconf 79' lang='grc' dir='ltr'>παραλλάττοντι,</span> <span class='ocrx_word' id='word_1_371' title='bbox 1480 4679 1572 4733; x_wconf 76' lang='grc' dir='ltr'>καὶ</span> <span class='ocrx_word' id='word_1_372' title='bbox 1624 4679 1803 4750; x_wconf 82' lang='grc' dir='ltr'>τιμῶν</span> 
     </span>
    </p>
   </div>
   <div class='ocr_carea' id='block_1_52' title="bbox 209 4770 1794 4842">
    <p class='ocr_par' dir='ltr' id='par_1_52' title="bbox 209 4770 1794 4842">
     <span class='ocr_line' id='line_1_52' title="bbox 209 4770 1794 4842; baseline 0.002 -20"><span class='ocrx_word' id='word_1_373' title='bbox 209 4774 367 4842; x_wconf 66' lang='grc' dir='ltr'>παρὰ</span> <span class='ocrx_word' id='word_1_374' title='bbox 421 4774 534 4835; x_wconf 80' lang='grc' dir='ltr'>τοῖς</span> <span class='ocrx_word' id='word_1_375' title='bbox 557 4771 858 4833; x_wconf 82' lang='grc' dir='ltr'>θειοτάτοις</span> <span class='ocrx_word' id='word_1_376' title='bbox 889 4770 1208 4840; x_wconf 84' lang='grc' dir='ltr'>βασιλεῦσιν</span> <span class='ocrx_word' id='word_1_377' title='bbox 1242 4771 1511 4841; x_wconf 76' lang='grc' dir='ltr'>ἠξιῶσθαι</span> <span class='ocrx_word' id='word_1_378' title='bbox 1543 4772 1694 4826; x_wconf 78' lang='grc' dir='ltr'>οῦτοι</span> <span class='ocrx_word' id='word_1_379' title='bbox 1729 4790 1794 4842; x_wconf 84' lang='grc' dir='ltr'><strong>γε</strong></span> 
     </span>
    </p>
   </div>
   <div class='ocr_carea' id='block_1_53' title="bbox 213 4859 1799 4934">
    <p class='ocr_par' dir='ltr' id='par_1_53' title="bbox 213 4859 1799 4934">
     <span class='ocr_line' id='line_1_53' title="bbox 213 4859 1799 4934; baseline 0.001 -20"><span class='ocrx_word' id='word_1_380' title='bbox 213 4861 538 4931; x_wconf 81' lang='grc' dir='ltr'>ἐλαχίστων.</span> <span class='ocrx_word' id='word_1_381' title='bbox 582 4859 668 4932; x_wconf 84' lang='grc' dir='ltr'><strong>[Ρ.</strong></span> <span class='ocrx_word' id='word_1_382' title='bbox 698 4859 819 4933; x_wconf 84' lang='lat' dir='ltr'><strong>I79]</strong></span> <span class='ocrx_word' id='word_1_383' title='bbox 855 4862 964 4914; x_wconf 82' lang='grc' dir='ltr'><strong>Καὶ</strong></span> <span class='ocrx_word' id='word_1_384' title='bbox 993 4861 1081 4917; x_wconf 74' lang='grc' dir='ltr'>ἵνα</span> <span class='ocrx_word' id='word_1_385' title='bbox 1106 4863 1207 4915; x_wconf 87' lang='grc' dir='ltr'><strong>τάν</strong></span> <span class='ocrx_word' id='word_1_386' title='bbox 1239 4864 1392 4933; x_wconf 83' lang='grc' dir='ltr'>μέσῳ</span> <span class='ocrx_word' id='word_1_387' title='bbox 1415 4863 1799 4934; x_wconf 83' lang='grc' dir='ltr'>παρέλθωμεν,</span> 
     </span>
    </p>
   </div>
   <div class='ocr_carea' id='block_1_54' title="bbox 211 4953 1800 5026">
    <p class='ocr_par' dir='ltr' id='par_1_54' title="bbox 211 4953 1800 5026">
     <span class='ocr_line' id='line_1_54' title="bbox 211 4953 1800 5026; baseline 0.003 -21"><span class='ocrx_word' id='word_1_388' title='bbox 211 4953 408 5023; x_wconf 81' lang='grc' dir='ltr'>ἐπειδὴ</span> <span class='ocrx_word' id='word_1_389' title='bbox 435 4953 528 5004; x_wconf 75' lang='grc' dir='ltr'>καὶ</span> <span class='ocrx_word' id='word_1_390' title='bbox 556 4954 586 5006; x_wconf 82' lang='grc' dir='ltr'>ὁ</span> <span class='ocrx_word' id='word_1_391' title='bbox 616 4954 1021 5023; x_wconf 76' lang='grc' dir='ltr'>πατριαρχικὸς</span> <span class='ocrx_word' id='word_1_392' title='bbox 1074 4955 1226 5024; x_wconf 75' lang='grc' dir='ltr'>ἡμᾶς</span> <span class='ocrx_word' id='word_1_393' title='bbox 1271 4953 1501 5026; x_wconf 75' lang='grc' dir='ltr'>ὕστερον</span> <span class='ocrx_word' id='word_1_394' title='bbox 1561 4958 1800 5026; x_wconf 82' lang='grc' dir='ltr'>κέκληκε</span> 
     </span>
    </p>
   </div>
   <div class='ocr_carea' id='block_1_55' title="bbox 212 5044 1808 5115">
    <p class='ocr_par' dir='ltr' id='par_1_55' title="bbox 212 5044 1808 5115">
     <span class='ocr_line' id='line_1_55' title="bbox 212 5044 1808 5115; baseline 0.003 -17"><span class='ocrx_word' id='word_1_395' title='bbox 212 5047 408 5113; x_wconf 85' lang='grc' dir='ltr'>θρόνος</span> <span class='ocrx_word' id='word_1_396' title='bbox 448 5048 540 5097; x_wconf 74' lang='grc' dir='ltr'>καὶ</span> <span class='ocrx_word' id='word_1_397' title='bbox 563 5044 629 5114; x_wconf 79' lang='grc' dir='ltr'>δὴ</span> <span class='ocrx_word' id='word_1_398' title='bbox 667 5046 760 5097; x_wconf 82' lang='grc' dir='ltr'>καὶ</span> <span class='ocrx_word' id='word_1_399' title='bbox 784 5045 1172 5115; x_wconf 83' lang='grc' dir='ltr'>προσηγάγετο</span> <span class='ocrx_word' id='word_1_400' title='bbox 1197 5047 1434 5111; x_wconf 79' lang='grc' dir='ltr'>ἄκοντάς</span> <span class='ocrx_word' id='word_1_401' title='bbox 1476 5066 1535 5101; x_wconf 88' lang='grc' dir='ltr'><strong>τε</strong></span> <span class='ocrx_word' id='word_1_402' title='bbox 1579 5051 1675 5104; x_wconf 80' lang='grc' dir='ltr'>καὶ</span> <span class='ocrx_word' id='word_1_403' title='bbox 1705 5051 1808 5104; x_wconf 87' lang='grc' dir='ltr'>οὐκ</span> 
     </span>
    </p>
   </div>
   <div class='ocr_carea' id='block_1_56' title="bbox 212 5135 1807 5209">
    <p class='ocr_par' dir='ltr' id='par_1_56' title="bbox 212 5135 1807 5209">
     <span class='ocr_line' id='line_1_56' title="bbox 212 5135 1807 5209; baseline 0.003 -19"><span class='ocrx_word' id='word_1_404' title='bbox 212 5138 490 5200; x_wconf 81' lang='grc' dir='ltr'>ἄκοντας·</span> <span class='ocrx_word' id='word_1_405' title='bbox 526 5135 761 5199; x_wconf 83' lang='grc' dir='ltr'>ἀκοντας</span> <span class='ocrx_word' id='word_1_406' title='bbox 793 5136 895 5205; x_wconf 85' lang='grc' dir='ltr'>μὲν</span> <span class='ocrx_word' id='word_1_407' title='bbox 948 5137 1039 5190; x_wconf 84' lang='grc' dir='ltr'>διὰ</span> <span class='ocrx_word' id='word_1_408' title='bbox 1090 5137 1153 5190; x_wconf 81' lang='grc' dir='ltr'>τὸ</span> <span class='ocrx_word' id='word_1_409' title='bbox 1189 5138 1265 5209; x_wconf 81' lang='grc' dir='ltr'>μὴ</span> <span class='ocrx_word' id='word_1_410' title='bbox 1318 5141 1524 5208; x_wconf 86' lang='grc' dir='ltr'>σφόδρα</span> <span class='ocrx_word' id='word_1_411' title='bbox 1579 5143 1807 5195; x_wconf 84' lang='grc' dir='ltr'>ἀνεκτὸν</span> 
     </span>
    </p>
   </div>
   <div class='ocr_carea' id='block_1_57' title="bbox 211 5227 1804 5303">
    <p class='ocr_par' dir='ltr' id='par_1_57' title="bbox 211 5227 1804 5303">
     <span class='ocr_line' id='line_1_57' title="bbox 211 5227 1804 5303; baseline 0.003 -22"><span class='ocrx_word' id='word_1_412' title='bbox 211 5231 313 5298; x_wconf 74' lang='grc' dir='ltr'><strong>της</strong></span> <span class='ocrx_word' id='word_1_413' title='bbox 351 5227 638 5289; x_wconf 81' lang='grc' dir='ltr'>ἀσθενείας</span> <span class='ocrx_word' id='word_1_414' title='bbox 676 5227 842 5296; x_wconf 80' lang='grc' dir='ltr'>βάρος</span> <span class='ocrx_word' id='word_1_415' title='bbox 883 5245 897 5260; x_wconf 89' lang='grc'>⁶</span> <span class='ocrx_word' id='word_1_416' title='bbox 928 5229 1159 5298; x_wconf 85' lang='grc' dir='ltr'>θάτερον</span> <span class='ocrx_word' id='word_1_417' title='bbox 1187 5231 1243 5282; x_wconf 82' lang='grc' dir='ltr'>δὲ</span> <span class='ocrx_word' id='word_1_418' title='bbox 1275 5232 1444 5285; x_wconf 55' lang='lat' dir='ltr'><strong>aut);</strong></span> <span class='ocrx_word' id='word_1_419' title='bbox 1476 5237 1574 5303; x_wconf 80' lang='grc' dir='ltr'>τῆς</span> <span class='ocrx_word' id='word_1_420' title='bbox 1596 5236 1804 5302; x_wconf 75' lang='grc' dir='ltr'>ὑγιείας</span> 
     </span>
    </p>
   </div>
   <div class='ocr_carea' id='block_1_58' title="bbox 214 5323 1807 5397">
    <p class='ocr_par' dir='ltr' id='par_1_58' title="bbox 214 5323 1807 5397">
     <span class='ocr_line' id='line_1_58' title="bbox 214 5323 1807 5397; baseline 0.006 -24"><span class='ocrx_word' id='word_1_421' title='bbox 214 5323 667 5394; x_wconf 76' lang='grc' dir='ltr'>προσδοκησιμον</span> <span class='ocrx_word' id='word_1_422' title='bbox 720 5324 774 5392; x_wconf 73' lang='grc' dir='ltr'><strong>(ἡ</strong></span> <span class='ocrx_word' id='word_1_423' title='bbox 827 5325 937 5390; x_wconf 77' lang='grc' dir='ltr'><strong>γάρ</strong></span> <span class='ocrx_word' id='word_1_424' title='bbox 997 5324 1219 5397; x_wconf 84' lang='grc' dir='ltr'>ταύτης</span> <span class='ocrx_word' id='word_1_425' title='bbox 1259 5327 1625 5382; x_wconf 78' lang='grc' dir='ltr'>ἐπιοαίνουσα</span> <span class='ocrx_word' id='word_1_426' title='bbox 1685 5331 1807 5382; x_wconf 84' lang='grc' dir='ltr'>καθ’</span> 
     </span>
    </p>
   </div>
   <div class='ocr_carea' id='block_1_59' title="bbox 1880 599 2058 652">
    <p class='ocr_par' dir='ltr' id='par_1_59' title="bbox 1880 599 2058 652">
     <span class='ocr_line' id='line_1_59' title="bbox 1880 599 2058 652; baseline -0.006 -1"><span class='ocrx_word' id='word_1_427' title='bbox 1880 599 2058 652; x_wconf 88' lang='lat' dir='ltr'><strong>batur.</strong></span> 
     </span>
    </p>
   </div>
   <div class='ocr_carea' id='block_1_60' title="bbox 1947 774 3480 860">
    <p class='ocr_par' dir='ltr' id='par_1_60' title="bbox 1947 774 3480 860">
     <span class='ocr_line' id='line_1_60' title="bbox 1947 774 3480 860; baseline -0.011 -16"><span class='ocrx_word' id='word_1_428' title='bbox 1947 789 2111 860; x_wconf 76' lang='lat'><strong>290</strong></span> <span class='ocrx_word' id='word_1_429' title='bbox 2151 785 2215 842; x_wconf 92' lang='lat' dir='ltr'><strong>ll.</strong></span> <span class='ocrx_word' id='word_1_430' title='bbox 2252 807 2270 839; x_wconf 76' lang='grc' dir='ltr'><strong>ι</strong></span> <span class='ocrx_word' id='word_1_431' title='bbox 2314 784 2518 842; x_wconf 86' lang='lat' dir='ltr'><strong>Omnes</strong></span> <span class='ocrx_word' id='word_1_432' title='bbox 2543 781 2821 846; x_wconf 72' lang='lat' dir='ltr'><strong>mortales,</strong></span> <span class='ocrx_word' id='word_1_433' title='bbox 2859 799 2879 833; x_wconf 72' lang='grc' dir='ltr'><strong>ι</strong></span> <span class='ocrx_word' id='word_1_434' title='bbox 2911 777 3111 849; x_wconf 91' lang='lat' dir='ltr'><strong>inquit,</strong></span> <span class='ocrx_word' id='word_1_435' title='bbox 3136 774 3329 830; x_wconf 88' lang='lat' dir='ltr'><strong>mortis</strong></span> <span class='ocrx_word' id='word_1_436' title='bbox 3350 786 3480 847; x_wconf 2' lang='lat' dir='ltr'><strong>me-q</strong></span> 
     </span>
    </p>
   </div>
   <div class='ocr_carea' id='block_1_61' title="bbox 1879 869 3462 952">
    <p class='ocr_par' dir='ltr' id='par_1_61' title="bbox 1879 869 3462 952">
     <span class='ocr_line' id='line_1_61' title="bbox 1879 869 3462 952; baseline -0.014 -12"><span class='ocrx_word' id='word_1_437' title='bbox 1879 885 2107 940; x_wconf 90' lang='lat' dir='ltr'><strong>minissc</strong></span> <span class='ocrx_word' id='word_1_438' title='bbox 2164 888 2415 952; x_wconf 90' lang='lat' dir='ltr'><strong>oportet,</strong></span> <span class='ocrx_word' id='word_1_439' title='bbox 2477 887 2531 933; x_wconf 92' lang='lat' dir='ltr'><strong>et</strong></span> <span class='ocrx_word' id='word_1_440' title='bbox 2593 877 2791 932; x_wconf 86' lang='lat' dir='ltr'><strong>sobriis</strong></span> <span class='ocrx_word' id='word_1_441' title='bbox 2845 873 3020 930; x_wconf 90' lang='lat' dir='ltr'><strong>oculis</strong></span> <span class='ocrx_word' id='word_1_442' title='bbox 3077 869 3462 928; x_wconf 86' lang='lat' dir='ltr'><strong>considerare,</strong></span> 
     </span>
    </p>
   </div>
   <div class='ocr_carea' id='block_1_62' title="bbox 1878 959 3466 1050">
    <p class='ocr_par' dir='ltr' id='par_1_62' title="bbox 1878 959 3466 1050">
     <span class='ocr_line' id='line_1_62' title="bbox 1878 959 3466 1050; baseline -0.014 -15"><span class='ocrx_word' id='word_1_443' title='bbox 1878 995 2040 1050; x_wconf 89' lang='lat' dir='ltr'><strong>quam</strong></span> <span class='ocrx_word' id='word_1_444' title='bbox 2086 993 2226 1032; x_wconf 83' lang='lat' dir='ltr'><strong>vana</strong></span> <span class='ocrx_word' id='word_1_445' title='bbox 2280 975 2352 1031; x_wconf 92' lang='lat' dir='ltr'><strong>sit</strong></span> <span class='ocrx_word' id='word_1_446' title='bbox 2400 972 2687 1044; x_wconf 62' lang='lat' dir='ltr'><strong>praesentis</strong></span> <span class='ocrx_word' id='word_1_447' title='bbox 2731 972 2857 1026; x_wconf 76' lang='lat' dir='ltr'><strong>vita:</strong></span> <span class='ocrx_word' id='word_1_448' title='bbox 2902 967 3131 1030; x_wconf 88' lang='lat' dir='ltr'><strong>umbra;</strong></span> <span class='ocrx_word' id='word_1_449' title='bbox 3182 972 3243 1017; x_wconf 83' lang='lat' dir='ltr'><strong>ut</strong></span> <span class='ocrx_word' id='word_1_450' title='bbox 3281 962 3326 1016; x_wconf 91' lang='lat' dir='ltr'><strong>is</strong></span> <span class='ocrx_word' id='word_1_451' title='bbox 3372 959 3466 1031; x_wconf 89' lang='lat' dir='ltr'><strong>qui</strong></span> 
     </span>
    </p>
   </div>
   <div class='ocr_carea' id='block_1_63' title="bbox 1880 1053 3464 1134">
    <p class='ocr_par' dir='ltr' id='par_1_63' title="bbox 1880 1053 3464 1134">
     <span class='ocr_line' id='line_1_63' title="bbox 1880 1053 3464 1134; baseline -0.013 -8"><span class='ocrx_word' id='word_1_452' title='bbox 1880 1073 1995 1126; x_wconf 83' lang='lat' dir='ltr'><strong>heri</strong></span> <span class='ocrx_word' id='word_1_453' title='bbox 2057 1070 2251 1134; x_wconf 79' lang='lat' dir='ltr'><strong>fuerit,</strong></span> <span class='ocrx_word' id='word_1_454' title='bbox 2295 1078 2456 1123; x_wconf 57' lang='lat' dir='ltr'><strong>terra;</strong></span> <span class='ocrx_word' id='word_1_455' title='bbox 2508 1066 2630 1120; x_wconf 88' lang='lat' dir='ltr'><strong>sinu</strong></span> <span class='ocrx_word' id='word_1_456' title='bbox 2697 1063 2994 1132; x_wconf 77' lang='lat' dir='ltr'><strong>derepente</strong></span> <span class='ocrx_word' id='word_1_457' title='bbox 3045 1065 3310 1126; x_wconf 80' lang='lat' dir='ltr'><strong>exceptus</strong></span> <span class='ocrx_word' id='word_1_458' title='bbox 3359 1053 3464 1119; x_wconf 88' lang='lat' dir='ltr'><strong>sit,</strong></span> 
     </span>
    </p>
   </div>
   <div class='ocr_carea' id='block_1_64' title="bbox 1879 1149 3435 1236">
    <p class='ocr_par' dir='ltr' id='par_1_64' title="bbox 1879 1149 3435 1236">
     <span class='ocr_line' id='line_1_64' title="bbox 1879 1149 3435 1236; baseline -0.011 -17"><span class='ocrx_word' id='word_1_459' title='bbox 1879 1165 2198 1236; x_wconf 89' lang='lat' dir='ltr'><strong>priusquam</strong></span> <span class='ocrx_word' id='word_1_460' title='bbox 2224 1164 2292 1217; x_wconf 89' lang='lat' dir='ltr'><strong>de</strong></span> <span class='ocrx_word' id='word_1_461' title='bbox 2327 1161 2493 1216; x_wconf 88' lang='lat' dir='ltr'><strong>rebus</strong></span> <span class='ocrx_word' id='word_1_462' title='bbox 2530 1155 2848 1214; x_wconf 90' lang='lat' dir='ltr'><strong>domesticis</strong></span> <span class='ocrx_word' id='word_1_463' title='bbox 2874 1170 2939 1208; x_wconf 82' lang='lat' dir='ltr'><strong>ex</strong></span> <span class='ocrx_word' id='word_1_464' title='bbox 2967 1150 3238 1209; x_wconf 87' lang='lat' dir='ltr'><strong>sententia</strong></span> <span class='ocrx_word' id='word_1_465' title='bbox 3271 1149 3435 1205; x_wconf 90' lang='lat' dir='ltr'><strong>decer</strong></span> 
     </span>
    </p>
   </div>
   <div class='ocr_carea' id='block_1_65' title="bbox 1881 1243 3468 1315">
    <p class='ocr_par' dir='ltr' id='par_1_65' title="bbox 1881 1243 3468 1315">
     <span class='ocr_line' id='line_1_65' title="bbox 1881 1243 3468 1315; baseline -0.011 -3"><span class='ocrx_word' id='word_1_466' title='bbox 1881 1274 2012 1314; x_wconf 92' lang='lat' dir='ltr'><strong>nere</strong></span> <span class='ocrx_word' id='word_1_467' title='bbox 2041 1269 2098 1313; x_wconf 88' lang='lat' dir='ltr'><strong>et</strong></span> <span class='ocrx_word' id='word_1_468' title='bbox 2122 1256 2432 1312; x_wconf 81' lang='lat' dir='ltr'><strong>insidiantis</strong></span> <span class='ocrx_word' id='word_1_469' title='bbox 2467 1251 2799 1309; x_wconf 83' lang='lat' dir='ltr'><strong>calamitatis</strong></span> <span class='ocrx_word' id='word_1_470' title='bbox 2823 1249 3120 1303; x_wconf 87' lang='lat' dir='ltr'><strong>adventum</strong></span> <span class='ocrx_word' id='word_1_471' title='bbox 3148 1243 3468 1315; x_wconf 83' lang='lat' dir='ltr'><strong>prospicere</strong></span> 
     </span>
    </p>
   </div>
   <div class='ocr_carea' id='block_1_66' title="bbox 1879 1337 3465 1423">
    <p class='ocr_par' dir='ltr' id='par_1_66' title="bbox 1879 1337 3465 1423">
     <span class='ocr_line' id='line_1_66' title="bbox 1879 1337 3465 1423; baseline -0.015 -15"><span class='ocrx_word' id='word_1_472' title='bbox 1879 1360 2066 1423; x_wconf 88' lang='lat' dir='ltr'><strong>posset</strong></span> <span class='ocrx_word' id='word_1_473' title='bbox 2103 1369 2116 1405; x_wconf 93' lang='lat'><strong>:</strong></span> <span class='ocrx_word' id='word_1_474' title='bbox 2161 1351 2289 1404; x_wconf 90' lang='lat' dir='ltr'><strong>item</strong></span> <span class='ocrx_word' id='word_1_475' title='bbox 2323 1361 2385 1403; x_wconf 94' lang='lat' dir='ltr'><strong>ut</strong></span> <span class='ocrx_word' id='word_1_476' title='bbox 2430 1348 2476 1402; x_wconf 88' lang='lat' dir='ltr'><strong>is</strong></span> <span class='ocrx_word' id='word_1_477' title='bbox 2506 1346 2598 1416; x_wconf 88' lang='lat' dir='ltr'><strong>qui</strong></span> <span class='ocrx_word' id='word_1_478' title='bbox 2645 1346 2747 1398; x_wconf 83' lang='lat' dir='ltr'><strong>hac</strong></span> <span class='ocrx_word' id='word_1_479' title='bbox 2789 1344 2905 1413; x_wconf 86' lang='lat' dir='ltr'><strong>ipsa</strong></span> <span class='ocrx_word' id='word_1_480' title='bbox 2941 1341 3031 1397; x_wconf 88' lang='lat' dir='ltr'><strong>die</strong></span> <span class='ocrx_word' id='word_1_481' title='bbox 3085 1354 3114 1392; x_wconf 91' lang='lat' dir='ltr'><strong>e</strong></span> <span class='ocrx_word' id='word_1_482' title='bbox 3163 1337 3328 1391; x_wconf 87' lang='lat' dir='ltr'><strong>domo</strong></span> <span class='ocrx_word' id='word_1_483' title='bbox 3367 1349 3465 1388; x_wconf 86' lang='lat' dir='ltr'><strong>sua</strong></span> 
     </span>
    </p>
   </div>
   <div class='ocr_carea' id='block_1_67' title="bbox 1881 1427 3468 1518">
    <p class='ocr_par' dir='ltr' id='par_1_67' title="bbox 1881 1427 3468 1518">
     <span class='ocr_line' id='line_1_67' title="bbox 1881 1427 3468 1518; baseline -0.013 -17"><span class='ocrx_word' id='word_1_484' title='bbox 1881 1460 2206 1518; x_wconf 76' lang='lat' dir='ltr'><strong>progressus</strong></span> <span class='ocrx_word' id='word_1_485' title='bbox 2262 1459 2386 1498; x_wconf 88' lang='lat' dir='ltr'><strong>cum</strong></span> <span class='ocrx_word' id='word_1_486' title='bbox 2437 1441 2552 1496; x_wconf 90' lang='lat' dir='ltr'><strong>sole</strong></span> <span class='ocrx_word' id='word_1_487' title='bbox 2591 1437 2792 1492; x_wconf 76' lang='lat' dir='ltr'><strong>exoriri</strong></span> <span class='ocrx_word' id='word_1_488' title='bbox 2845 1444 2901 1490; x_wconf 91' lang='lat' dir='ltr'><strong>et</strong></span> <span class='ocrx_word' id='word_1_489' title='bbox 2956 1434 3012 1488; x_wconf 91' lang='lat' dir='ltr'><strong>in</strong></span> <span class='ocrx_word' id='word_1_490' title='bbox 3063 1430 3280 1487; x_wconf 88' lang='lat' dir='ltr'><strong>theatro</strong></span> <span class='ocrx_word' id='word_1_491' title='bbox 3342 1427 3468 1482; x_wconf 78' lang='lat' dir='ltr'><strong>vitae</strong></span> 
     </span>
    </p>
   </div>
   <div class='ocr_carea' id='block_1_68' title="bbox 1881 1520 3466 1606">
    <p class='ocr_par' dir='ltr' id='par_1_68' title="bbox 1881 1520 3466 1606">
     <span class='ocr_line' id='line_1_68' title="bbox 1881 1520 3466 1606; baseline -0.015 -11"><span class='ocrx_word' id='word_1_492' title='bbox 1881 1539 2096 1596; x_wconf 82' lang='lat' dir='ltr'><strong>inﬁnita</strong></span> <span class='ocrx_word' id='word_1_493' title='bbox 2154 1552 2252 1606; x_wconf 88' lang='lat' dir='ltr'><strong>spe</strong></span> <span class='ocrx_word' id='word_1_494' title='bbox 2312 1537 2508 1606; x_wconf 87' lang='lat' dir='ltr'><strong>plenus</strong></span> <span class='ocrx_word' id='word_1_495' title='bbox 2565 1529 2926 1588; x_wconf 85' lang='lat' dir='ltr'><strong>obambulare</strong></span> <span class='ocrx_word' id='word_1_496' title='bbox 2984 1525 3306 1583; x_wconf 83' lang='lat' dir='ltr'><strong>videbatur,</strong></span> <span class='ocrx_word' id='word_1_497' title='bbox 3363 1520 3466 1574; x_wconf 88' lang='lat' dir='ltr'><strong>sub</strong></span> 
     </span>
    </p>
   </div>
   <div class='ocr_carea' id='block_1_69' title="bbox 1882 1612 3469 1688">
    <p class='ocr_par' dir='ltr' id='par_1_69' title="bbox 1882 1612 3469 1688">
     <span class='ocr_line' id='line_1_69' title="bbox 1882 1612 3469 1688; baseline -0.014 -2"><span class='ocrx_word' id='word_1_498' title='bbox 1882 1632 2166 1688; x_wconf 85' lang='lat' dir='ltr'><strong>meridiem</strong></span> <span class='ocrx_word' id='word_1_499' title='bbox 2203 1627 2398 1685; x_wconf 87' lang='lat' dir='ltr'><strong>deinde</strong></span> <span class='ocrx_word' id='word_1_500' title='bbox 2432 1624 2782 1680; x_wconf 81' lang='lat' dir='ltr'><strong>tenebrarum</strong></span> <span class='ocrx_word' id='word_1_501' title='bbox 2806 1627 2862 1675; x_wconf 89' lang='lat' dir='ltr'><strong>et</strong></span> <span class='ocrx_word' id='word_1_502' title='bbox 2895 1615 3191 1673; x_wconf 85' lang='lat' dir='ltr'><strong>oblivionis</strong></span> <span class='ocrx_word' id='word_1_503' title='bbox 3229 1612 3469 1667; x_wconf 82' lang='lat' dir='ltr'><strong>latebras</strong></span> 
     </span>
    </p>
   </div>
   <div class='ocr_carea' id='block_1_70' title="bbox 1881 1701 3468 1788">
    <p class='ocr_par' dir='ltr' id='par_1_70' title="bbox 1881 1701 3468 1788">
     <span class='ocr_line' id='line_1_70' title="bbox 1881 1701 3468 1788; baseline -0.014 -10"><span class='ocrx_word' id='word_1_504' title='bbox 1881 1723 2131 1788; x_wconf 87' lang='lat' dir='ltr'><strong>subierit,</strong></span> <span class='ocrx_word' id='word_1_505' title='bbox 2181 1721 2232 1774; x_wconf 91' lang='lat' dir='ltr'><strong>in</strong></span> <span class='ocrx_word' id='word_1_506' title='bbox 2281 1718 2458 1788; x_wconf 93' lang='lat' dir='ltr'><strong>primo</strong></span> <span class='ocrx_word' id='word_1_507' title='bbox 2492 1715 2627 1770; x_wconf 83' lang='lat' dir='ltr'><strong>ﬂore</strong></span> <span class='ocrx_word' id='word_1_508' title='bbox 2681 1711 2882 1772; x_wconf 70' lang='lat' dir='ltr'><strong>aetatis.</strong></span> <span class='ocrx_word' id='word_1_509' title='bbox 2912 1722 3055 1778; x_wconf 65' lang='lat' dir='ltr'><strong>saepe</strong></span> <span class='ocrx_word' id='word_1_510' title='bbox 3099 1714 3157 1762; x_wconf 90' lang='lat' dir='ltr'><strong>et</strong></span> <span class='ocrx_word' id='word_1_511' title='bbox 3190 1705 3243 1759; x_wconf 90' lang='lat' dir='ltr'><strong>in</strong></span> <span class='ocrx_word' id='word_1_512' title='bbox 3290 1701 3468 1758; x_wconf 89' lang='lat' dir='ltr'><strong>media</strong></span> 
     </span>
    </p>
   </div>
   <div class='ocr_carea' id='block_1_71' title="bbox 1881 1799 3466 1874">
    <p class='ocr_par' dir='ltr' id='par_1_71' title="bbox 1881 1799 3466 1874">
     <span class='ocr_line' id='line_1_71' title="bbox 1881 1799 3466 1874; baseline -0.013 -3"><span class='ocrx_word' id='word_1_513' title='bbox 1881 1816 2066 1871; x_wconf 83' lang='lat' dir='ltr'><strong>vultus</strong></span> <span class='ocrx_word' id='word_1_514' title='bbox 2121 1813 2454 1874; x_wconf 79' lang='lat' dir='ltr'><strong>festivitate,</strong></span> <span class='ocrx_word' id='word_1_515' title='bbox 2521 1822 2650 1862; x_wconf 88' lang='lat' dir='ltr'><strong>cum</strong></span> <span class='ocrx_word' id='word_1_516' title='bbox 2710 1803 3118 1859; x_wconf 90' lang='lat' dir='ltr'><strong>imminentium</strong></span> <span class='ocrx_word' id='word_1_517' title='bbox 3199 1799 3466 1854; x_wconf 89' lang='lat' dir='ltr'><strong>malorum</strong></span> 
     </span>
    </p>
   </div>
   <div class='ocr_carea' id='block_1_72' title="bbox 1883 1887 3466 1968">
    <p class='ocr_par' dir='ltr' id='par_1_72' title="bbox 1883 1887 3466 1968">
     <span class='ocr_line' id='line_1_72' title="bbox 1883 1887 3466 1968; baseline -0.015 -7"><span class='ocrx_word' id='word_1_518' title='bbox 1883 1906 2094 1968; x_wconf 91' lang='lat' dir='ltr'><strong>omnis,</strong></span> <span class='ocrx_word' id='word_1_519' title='bbox 2153 1912 2212 1957; x_wconf 91' lang='lat' dir='ltr'><strong>ut</strong></span> <span class='ocrx_word' id='word_1_520' title='bbox 2259 1903 2332 1956; x_wconf 86' lang='lat' dir='ltr'><strong>ita</strong></span> <span class='ocrx_word' id='word_1_521' title='bbox 2387 1899 2606 1963; x_wconf 88' lang='lat' dir='ltr'><strong>dicam,</strong></span> <span class='ocrx_word' id='word_1_522' title='bbox 2665 1909 2793 1967; x_wconf 83' lang='lat' dir='ltr'><strong>spes</strong></span> <span class='ocrx_word' id='word_1_523' title='bbox 2850 1890 3171 1961; x_wconf 79' lang='lat' dir='ltr'><strong>longissime</strong></span> <span class='ocrx_word' id='word_1_524' title='bbox 3222 1887 3466 1941; x_wconf 88' lang='lat' dir='ltr'><strong>abesset.</strong></span> 
     </span>
    </p>
   </div>
   <div class='ocr_carea' id='block_1_73' title="bbox 1884 1978 3469 2066">
    <p class='ocr_par' dir='ltr' id='par_1_73' title="bbox 1884 1978 3469 2066">
     <span class='ocr_line' id='line_1_73' title="bbox 1884 1978 3469 2066; baseline -0.013 -13"><span class='ocrx_word' id='word_1_525' title='bbox 1884 1999 2103 2065; x_wconf 88' lang='lat' dir='ltr'><strong>Quanto</strong></span> <span class='ocrx_word' id='word_1_526' title='bbox 2153 2003 2338 2051; x_wconf 87' lang='lat' dir='ltr'><strong>autem</strong></span> <span class='ocrx_word' id='word_1_527' title='bbox 2388 1991 2562 2066; x_wconf 74' lang='lat' dir='ltr'><strong>magis</strong></span> <span class='ocrx_word' id='word_1_528' title='bbox 2595 1990 2631 2046; x_wconf 91' lang='lat' dir='ltr'><strong>ii</strong></span> <span class='ocrx_word' id='word_1_529' title='bbox 2663 1989 2867 2045; x_wconf 88' lang='lat' dir='ltr'><strong>debent</strong></span> <span class='ocrx_word' id='word_1_530' title='bbox 2896 1984 3088 2040; x_wconf 88' lang='lat' dir='ltr'><strong>mortis</strong></span> <span class='ocrx_word' id='word_1_531' title='bbox 3130 1978 3469 2041; x_wconf 87' lang='lat' dir='ltr'><strong>meminisse,</strong></span> 
     </span>
    </p>
   </div>
   <div class='ocr_carea' id='block_1_74' title="bbox 1883 2075 3473 2162">
    <p class='ocr_par' dir='ltr' id='par_1_74' title="bbox 1883 2075 3473 2162">
     <span class='ocr_line' id='line_1_74' title="bbox 1883 2075 3473 2162; baseline -0.01 -17"><span class='ocrx_word' id='word_1_532' title='bbox 1883 2093 1976 2162; x_wconf 85' lang='lat' dir='ltr'><strong>qui</strong></span> <span class='ocrx_word' id='word_1_533' title='bbox 2016 2091 2089 2145; x_wconf 91' lang='lat' dir='ltr'><strong>ob</strong></span> <span class='ocrx_word' id='word_1_534' title='bbox 2127 2089 2382 2144; x_wconf 77' lang='lat' dir='ltr'><strong>vitiosam</strong></span> <span class='ocrx_word' id='word_1_535' title='bbox 2416 2093 2473 2141; x_wconf 91' lang='lat' dir='ltr'><strong>et</strong></span> <span class='ocrx_word' id='word_1_536' title='bbox 2510 2081 2892 2154; x_wconf 85' lang='lat' dir='ltr'><strong>perturbatam</strong></span> <span class='ocrx_word' id='word_1_537' title='bbox 2943 2076 3229 2134; x_wconf 87' lang='lat' dir='ltr'><strong>materiam</strong></span> <span class='ocrx_word' id='word_1_538' title='bbox 3265 2075 3473 2130; x_wconf 85' lang='lat' dir='ltr'><strong>morbis</strong></span> 
     </span>
    </p>
   </div>
   <div class='ocr_carea' id='block_1_75' title="bbox 1884 2171 3472 2252">
    <p class='ocr_par' dir='ltr' id='par_1_75' title="bbox 1884 2171 3472 2252">
     <span class='ocr_line' id='line_1_75' title="bbox 1884 2171 3472 2252; baseline -0.009 -11"><span class='ocrx_word' id='word_1_539' title='bbox 1884 2185 2297 2248; x_wconf 81' lang='lat' dir='ltr'><strong>conﬂictantur,</strong></span> <span class='ocrx_word' id='word_1_540' title='bbox 2341 2182 2436 2252; x_wconf 87' lang='lat' dir='ltr'><strong>qui</strong></span> <span class='ocrx_word' id='word_1_541' title='bbox 2490 2179 2646 2234; x_wconf 89' lang='lat' dir='ltr'><strong>multi</strong></span> <span class='ocrx_word' id='word_1_542' title='bbox 2697 2186 2754 2232; x_wconf 91' lang='lat' dir='ltr'><strong>et</strong></span> <span class='ocrx_word' id='word_1_543' title='bbox 2797 2175 2934 2231; x_wconf 82' lang='lat' dir='ltr'><strong>varii</strong></span> <span class='ocrx_word' id='word_1_544' title='bbox 2983 2184 3150 2242; x_wconf 82' lang='lat' dir='ltr'><strong>atque</strong></span> <span class='ocrx_word' id='word_1_545' title='bbox 3200 2171 3337 2228; x_wconf 86' lang='lat' dir='ltr'><strong>alias</strong></span> <span class='ocrx_word' id='word_1_546' title='bbox 3383 2172 3472 2226; x_wconf 82' lang='lat' dir='ltr'><strong>alii</strong></span> 
     </span>
    </p>
   </div>
   <div class='ocr_carea' id='block_1_76' title="bbox 1887 2269 3470 2346">
    <p class='ocr_par' dir='ltr' id='par_1_76' title="bbox 1887 2269 3470 2346">
     <span class='ocr_line' id='line_1_76' title="bbox 1887 2269 3470 2346; baseline -0.008 -12"><span class='ocrx_word' id='word_1_547' title='bbox 1887 2280 2129 2334; x_wconf 80' lang='lat' dir='ltr'><strong>humana</strong></span> <span class='ocrx_word' id='word_1_548' title='bbox 2186 2291 2416 2346; x_wconf 83' lang='lat' dir='ltr'><strong>corpora</strong></span> <span class='ocrx_word' id='word_1_549' title='bbox 2464 2273 2735 2335; x_wconf 79' lang='lat' dir='ltr'><strong>afﬁciunt,</strong></span> <span class='ocrx_word' id='word_1_550' title='bbox 2774 2271 3044 2326; x_wconf 86' lang='lat' dir='ltr'><strong>elementa</strong></span> <span class='ocrx_word' id='word_1_551' title='bbox 3103 2269 3470 2332; x_wconf 82' lang='lat' dir='ltr'><strong>confundunt,</strong></span> 
     </span>
    </p>
   </div>
   <div class='ocr_carea' id='block_1_77' title="bbox 1886 2359 3472 2440">
    <p class='ocr_par' dir='ltr' id='par_1_77' title="bbox 1886 2359 3472 2440">
     <span class='ocr_line' id='line_1_77' title="bbox 1886 2359 3472 2440; baseline -0.007 -15"><span class='ocrx_word' id='word_1_552' title='bbox 1886 2379 1943 2425; x_wconf 91' lang='lat' dir='ltr'><strong>et</strong></span> <span class='ocrx_word' id='word_1_553' title='bbox 1984 2380 2166 2440; x_wconf 85' lang='lat' dir='ltr'><strong>aptam</strong></span> <span class='ocrx_word' id='word_1_554' title='bbox 2211 2383 2404 2424; x_wconf 86' lang='lat' dir='ltr'><strong>eorum</strong></span> <span class='ocrx_word' id='word_1_555' title='bbox 2456 2379 2779 2435; x_wconf 79' lang='lat' dir='ltr'><strong>compagem</strong></span> <span class='ocrx_word' id='word_1_556' title='bbox 2824 2362 3175 2417; x_wconf 86' lang='lat' dir='ltr'><strong>dissolvunt?</strong></span> <span class='ocrx_word' id='word_1_557' title='bbox 3217 2360 3281 2414; x_wconf 77' lang='lat' dir='ltr'><strong>lli</strong></span> <span class='ocrx_word' id='word_1_558' title='bbox 3323 2359 3472 2414; x_wconf 87' lang='lat' dir='ltr'><strong>enim</strong></span> 
     </span>
    </p>
   </div>
   <div class='ocr_carea' id='block_1_78' title="bbox 1889 2455 3472 2525">
    <p class='ocr_par' dir='ltr' id='par_1_78' title="bbox 1889 2455 3472 2525">
     <span class='ocr_line' id='line_1_78' title="bbox 1889 2455 3472 2525; baseline -0.009 -3"><span class='ocrx_word' id='word_1_559' title='bbox 1889 2476 2100 2523; x_wconf 90' lang='lat' dir='ltr'><strong>tantum</strong></span> <span class='ocrx_word' id='word_1_560' title='bbox 2171 2479 2278 2518; x_wconf 88' lang='lat' dir='ltr'><strong>non</strong></span> <span class='ocrx_word' id='word_1_561' title='bbox 2353 2461 2526 2514; x_wconf 86' lang='lat' dir='ltr'><strong>altera</strong></span> <span class='ocrx_word' id='word_1_562' title='bbox 2574 2472 2739 2512; x_wconf 87' lang='lat' dir='ltr'><strong>manu</strong></span> <span class='ocrx_word' id='word_1_563' title='bbox 2785 2455 2934 2510; x_wconf 78' lang='lat' dir='ltr'><strong>fores</strong></span> <span class='ocrx_word' id='word_1_564' title='bbox 2971 2456 3163 2511; x_wconf 91' lang='lat' dir='ltr'><strong>mortis</strong></span> <span class='ocrx_word' id='word_1_565' title='bbox 3209 2455 3472 2525; x_wconf 86' lang='lat' dir='ltr'><strong>pulsant;</strong></span> 
     </span>
    </p>
   </div>
   <div class='ocr_carea' id='block_1_79' title="bbox 1891 2548 3474 2626">
    <p class='ocr_par' dir='ltr' id='par_1_79' title="bbox 1891 2548 3474 2626">
     <span class='ocr_line' id='line_1_79' title="bbox 1891 2548 3474 2626; baseline -0.006 -12"><span class='ocrx_word' id='word_1_566' title='bbox 1891 2561 1945 2614; x_wconf 78' lang='lat' dir='ltr'><strong>lii</strong></span> <span class='ocrx_word' id='word_1_567' title='bbox 1978 2558 2108 2613; x_wconf 74' lang='lat' dir='ltr'><strong>vitae</strong></span> <span class='ocrx_word' id='word_1_568' title='bbox 2156 2571 2312 2626; x_wconf 87' lang='lat' dir='ltr'><strong>spem</strong></span> <span class='ocrx_word' id='word_1_569' title='bbox 2356 2554 2594 2607; x_wconf 74' lang='lat' dir='ltr'><strong>maxima</strong></span> <span class='ocrx_word' id='word_1_570' title='bbox 2633 2565 2699 2605; x_wconf 83' lang='lat' dir='ltr'><strong>ex</strong></span> <span class='ocrx_word' id='word_1_571' title='bbox 2743 2557 2897 2619; x_wconf 83' lang='lat' dir='ltr'><strong>parte</strong></span> <span class='ocrx_word' id='word_1_572' title='bbox 2943 2559 3092 2602; x_wconf 83' lang='lat' dir='ltr'><strong>retro</strong></span> <span class='ocrx_word' id='word_1_573' title='bbox 3131 2548 3474 2619; x_wconf 66' lang='lat' dir='ltr'><strong>ahjt-cernnt.</strong></span> 
     </span>
    </p>
   </div>
   <div class='ocr_carea' id='block_1_80' title="bbox 1889 2641 3479 2718">
    <p class='ocr_par' dir='ltr' id='par_1_80' title="bbox 1889 2641 3479 2718">
     <span class='ocr_line' id='line_1_80' title="bbox 1889 2641 3479 2718; baseline -0.01 -10"><span class='ocrx_word' id='word_1_574' title='bbox 1889 2664 1945 2708; x_wconf 87' lang='lat' dir='ltr'><strong>et</strong></span> <span class='ocrx_word' id='word_1_575' title='bbox 2003 2654 2234 2706; x_wconf 88' lang='lat' dir='ltr'><strong>altermn</strong></span> <span class='ocrx_word' id='word_1_576' title='bbox 2286 2653 2397 2718; x_wconf 84' lang='lat' dir='ltr'><strong>jam</strong></span> <span class='ocrx_word' id='word_1_577' title='bbox 2449 2648 2668 2702; x_wconf 85' lang='lat' dir='ltr'><strong>oculum</strong></span> <span class='ocrx_word' id='word_1_578' title='bbox 2716 2645 2782 2699; x_wconf 86' lang='lat' dir='ltr'><strong>ad</strong></span> <span class='ocrx_word' id='word_1_579' title='bbox 2839 2648 2947 2700; x_wconf 90' lang='lat' dir='ltr'><strong>ima</strong></span> <span class='ocrx_word' id='word_1_580' title='bbox 3015 2642 3211 2696; x_wconf 87' lang='lat' dir='ltr'><strong>tumuli</strong></span> <span class='ocrx_word' id='word_1_581' title='bbox 3292 2641 3479 2708; x_wconf 63' lang='lat' dir='ltr'><strong>pru&#39;ci-</strong></span> 
     </span>
    </p>
   </div>
   <div class='ocr_carea' id='block_1_81' title="bbox 1889 2733 3477 2816">
    <p class='ocr_par' dir='ltr' id='par_1_81' title="bbox 1889 2733 3477 2816">
     <span class='ocr_line' id='line_1_81' title="bbox 1889 2733 3477 2816; baseline -0.009 -18"><span class='ocrx_word' id='word_1_582' title='bbox 1889 2747 2021 2816; x_wconf 89' lang='lat' dir='ltr'><strong>pitia</strong></span> <span class='ocrx_word' id='word_1_583' title='bbox 2070 2745 2386 2800; x_wconf 86' lang='lat' dir='ltr'><strong>intendunt.</strong></span> <span class='ocrx_word' id='word_1_584' title='bbox 2446 2743 2540 2799; x_wconf 85' lang='lat' dir='ltr'><strong>llis</strong></span> <span class='ocrx_word' id='word_1_585' title='bbox 2590 2756 2819 2813; x_wconf 89' lang='lat' dir='ltr'><strong>prorsus</strong></span> <span class='ocrx_word' id='word_1_586' title='bbox 2866 2737 3103 2809; x_wconf 82' lang='lat' dir='ltr'><strong>expedit,</strong></span> <span class='ocrx_word' id='word_1_587' title='bbox 3149 2733 3317 2788; x_wconf 89' lang='lat' dir='ltr'><strong>animi</strong></span> <span class='ocrx_word' id='word_1_588' title='bbox 3377 2748 3477 2786; x_wconf 81' lang='lat' dir='ltr'><strong>cu-</strong></span> 
     </span>
    </p>
   </div>
   <div class='ocr_carea' id='block_1_82' title="bbox 1890 2826 3478 2908">
    <p class='ocr_par' dir='ltr' id='par_1_82' title="bbox 1890 2826 3478 2908">
     <span class='ocr_line' id='line_1_82' title="bbox 1890 2826 3478 2908; baseline -0.009 -13"><span class='ocrx_word' id='word_1_589' title='bbox 1890 2855 2008 2895; x_wconf 77' lang='lat' dir='ltr'><strong>ram</strong></span> <span class='ocrx_word' id='word_1_590' title='bbox 2071 2839 2380 2908; x_wconf 86' lang='lat' dir='ltr'><strong>suscipere,</strong></span> <span class='ocrx_word' id='word_1_591' title='bbox 2441 2837 2625 2906; x_wconf 83' lang='lat' dir='ltr'><strong>eique,</strong></span> <span class='ocrx_word' id='word_1_592' title='bbox 2675 2849 2800 2890; x_wconf 91' lang='lat' dir='ltr'><strong>cum</strong></span> <span class='ocrx_word' id='word_1_593' title='bbox 2836 2833 2909 2888; x_wconf 86' lang='lat' dir='ltr'><strong>sit</strong></span> <span class='ocrx_word' id='word_1_594' title='bbox 2943 2827 3288 2892; x_wconf 86' lang='lat' dir='ltr'><strong>immortalis,</strong></span> <span class='ocrx_word' id='word_1_595' title='bbox 3336 2826 3478 2882; x_wconf 84' lang='lat' dir='ltr'><strong>bona</strong></span> 
     </span>
    </p>
   </div>
   <div class='ocr_carea' id='block_1_83' title="bbox 1891 2925 3480 2999">
    <p class='ocr_par' dir='ltr' id='par_1_83' title="bbox 1891 2925 3480 2999">
     <span class='ocr_line' id='line_1_83' title="bbox 1891 2925 3480 2999; baseline -0.006 -10"><span class='ocrx_word' id='word_1_596' title='bbox 1891 2931 2222 2989; x_wconf 83' lang='lat' dir='ltr'><strong>immortalia</strong></span> <span class='ocrx_word' id='word_1_597' title='bbox 2257 2930 2407 2984; x_wconf 88' lang='lat' dir='ltr'><strong>omni</strong></span> <span class='ocrx_word' id='word_1_598' title='bbox 2445 2928 2631 2984; x_wconf 87' lang='lat' dir='ltr'><strong>studio</strong></span> <span class='ocrx_word' id='word_1_599' title='bbox 2675 2928 2985 2999; x_wconf 87' lang='lat' dir='ltr'><strong>providere.</strong></span> <span class='ocrx_word' id='word_1_600' title='bbox 3017 2939 3088 2979; x_wconf 90' lang='lat' dir='ltr'><strong>ne</strong></span> <span class='ocrx_word' id='word_1_601' title='bbox 3120 2929 3261 2984; x_wconf 79' lang='lat' dir='ltr'><strong>forte</strong></span> <span class='ocrx_word' id='word_1_602' title='bbox 3301 2925 3480 2995; x_wconf 79' lang='lat' dir='ltr'><strong>dupli-</strong></span> 
     </span>
    </p>
   </div>
   <div class='ocr_carea' id='block_1_84' title="bbox 1891 3021 3478 3092">
    <p class='ocr_par' dir='ltr' id='par_1_84' title="bbox 1891 3021 3478 3092">
     <span class='ocr_line' id='line_1_84' title="bbox 1891 3021 3478 3092; baseline -0.004 -9"><span class='ocrx_word' id='word_1_603' title='bbox 1891 3041 2010 3083; x_wconf 90' lang='lat' dir='ltr'><strong>cem</strong></span> <span class='ocrx_word' id='word_1_604' title='bbox 2059 3024 2164 3080; x_wconf 89' lang='lat' dir='ltr'><strong>sibi</strong></span> <span class='ocrx_word' id='word_1_605' title='bbox 2209 3034 2441 3079; x_wconf 89' lang='lat' dir='ltr'><strong>mortem</strong></span> <span class='ocrx_word' id='word_1_606' title='bbox 2476 3033 2786 3088; x_wconf 90' lang='lat' dir='ltr'><strong>arcessant,</strong></span> <span class='ocrx_word' id='word_1_607' title='bbox 2816 3032 2872 3078; x_wconf 90' lang='lat' dir='ltr'><strong>et</strong></span> <span class='ocrx_word' id='word_1_608' title='bbox 2909 3037 3204 3092; x_wconf 89' lang='lat' dir='ltr'><strong>corporum</strong></span> <span class='ocrx_word' id='word_1_609' title='bbox 3256 3031 3312 3078; x_wconf 90' lang='lat' dir='ltr'><strong>et</strong></span> <span class='ocrx_word' id='word_1_610' title='bbox 3355 3021 3478 3076; x_wconf 90' lang='lat' dir='ltr'><strong>ani-</strong></span> 
     </span>
    </p>
   </div>
   <div class='ocr_carea' id='block_1_85' title="bbox 1894 3115 3480 3186">
    <p class='ocr_par' dir='ltr' id='par_1_85' title="bbox 1894 3115 3480 3186">
     <span class='ocr_line' id='line_1_85' title="bbox 1894 3115 3480 3186; baseline -0.003 -13"><span class='ocrx_word' id='word_1_611' title='bbox 1894 3133 2128 3173; x_wconf 88' lang='lat' dir='ltr'><strong>morum.</strong></span> <span class='ocrx_word' id='word_1_612' title='bbox 2161 3115 2291 3170; x_wconf 83' lang='lat' dir='ltr'><strong>Mihi</strong></span> <span class='ocrx_word' id='word_1_613' title='bbox 2318 3131 2447 3172; x_wconf 85' lang='lat' dir='ltr'><strong>vero</strong></span> <span class='ocrx_word' id='word_1_614' title='bbox 2475 3124 2629 3171; x_wconf 91' lang='lat' dir='ltr'><strong>tanto</strong></span> <span class='ocrx_word' id='word_1_615' title='bbox 2669 3115 2845 3186; x_wconf 75' lang='lat' dir='ltr'><strong>magis</strong></span> <span class='ocrx_word' id='word_1_616' title='bbox 2873 3115 2977 3170; x_wconf 91' lang='lat' dir='ltr'><strong>hoc</strong></span> <span class='ocrx_word' id='word_1_617' title='bbox 3003 3130 3168 3185; x_wconf 89' lang='lat' dir='ltr'><strong>quam</strong></span> <span class='ocrx_word' id='word_1_618' title='bbox 3209 3115 3336 3170; x_wconf 85' lang='lat' dir='ltr'><strong>aliis</strong></span> <span class='ocrx_word' id='word_1_619' title='bbox 3363 3130 3480 3169; x_wconf 88' lang='lat' dir='ltr'><strong>om-</strong></span> 
     </span>
    </p>
   </div>
   <div class='ocr_carea' id='block_1_86' title="bbox 1895 3210 3482 3281">
    <p class='ocr_par' dir='ltr' id='par_1_86' title="bbox 1895 3210 3482 3281">
     <span class='ocr_line' id='line_1_86' title="bbox 1895 3210 3482 3281; baseline -0.002 -16"><span class='ocrx_word' id='word_1_620' title='bbox 1895 3212 2060 3266; x_wconf 91' lang='lat' dir='ltr'><strong>nibus</strong></span> <span class='ocrx_word' id='word_1_621' title='bbox 2124 3210 2436 3266; x_wconf 75' lang='lat' dir='ltr'><strong>faeiendum</strong></span> <span class='ocrx_word' id='word_1_622' title='bbox 2511 3217 2626 3276; x_wconf 89' lang='lat' dir='ltr'><strong>est,</strong></span> <span class='ocrx_word' id='word_1_623' title='bbox 2689 3220 2901 3280; x_wconf 88' lang='lat' dir='ltr'><strong>quanto</strong></span> <span class='ocrx_word' id='word_1_624' title='bbox 2968 3210 3218 3281; x_wconf 78' lang='lat' dir='ltr'><strong>graviore</strong></span> <span class='ocrx_word' id='word_1_625' title='bbox 3293 3210 3482 3264; x_wconf 78' lang='lat' dir='ltr'><strong>morbo</strong></span> 
     </span>
    </p>
   </div>
   <div class='ocr_carea' id='block_1_87' title="bbox 1819 3274 3485 3370">
    <p class='ocr_par' dir='ltr' id='par_1_87' title="bbox 1819 3274 3485 3370">
     <span class='ocr_line' id='line_1_87' title="bbox 1819 3274 3485 3370; baseline -0.001 -13"><span class='ocrx_word' id='word_1_626' title='bbox 1819 3274 1862 3332; x_wconf 66' lang='grc' dir='ltr'><strong>θ</strong></span> <span class='ocrx_word' id='word_1_627' title='bbox 1896 3311 2073 3357; x_wconf 90' lang='lat' dir='ltr'><strong>totum</strong></span> <span class='ocrx_word' id='word_1_628' title='bbox 2121 3299 2234 3354; x_wconf 83' lang='lat' dir='ltr'><strong>fere</strong></span> <span class='ocrx_word' id='word_1_629' title='bbox 2263 3315 2468 3369; x_wconf 90' lang='lat' dir='ltr'><strong>corpus</strong></span> <span class='ocrx_word' id='word_1_630' title='bbox 2524 3315 2704 3355; x_wconf 91' lang='lat' dir='ltr'><strong>meum</strong></span> <span class='ocrx_word' id='word_1_631' title='bbox 2743 3309 2828 3355; x_wconf 87' lang='lat' dir='ltr'><strong>est</strong></span> <span class='ocrx_word' id='word_1_632' title='bbox 2875 3311 3288 3370; x_wconf 88' lang='lat' dir='ltr'><strong>consumptum.</strong></span> <span class='ocrx_word' id='word_1_633' title='bbox 3343 3300 3485 3355; x_wconf 86' lang='lat' dir='ltr'><strong>Nam</strong></span> 
     </span>
    </p>
   </div>
   <div class='ocr_carea' id='block_1_88' title="bbox 1897 3389 3485 3460">
    <p class='ocr_par' dir='ltr' id='par_1_88' title="bbox 1897 3389 3485 3460">
     <span class='ocr_line' id='line_1_88' title="bbox 1897 3389 3485 3460; baseline 0 -16"><span class='ocrx_word' id='word_1_634' title='bbox 1897 3391 1986 3446; x_wconf 91' lang='lat' dir='ltr'><strong>hic</strong></span> <span class='ocrx_word' id='word_1_635' title='bbox 2019 3391 2244 3444; x_wconf 87' lang='lat' dir='ltr'><strong>morbus</strong></span> <span class='ocrx_word' id='word_1_636' title='bbox 2285 3401 2579 3460; x_wconf 87' lang='lat' dir='ltr'><strong>postquam</strong></span> <span class='ocrx_word' id='word_1_637' title='bbox 2606 3391 2778 3445; x_wconf 89' lang='lat' dir='ltr'><strong>semel</strong></span> <span class='ocrx_word' id='word_1_638' title='bbox 2816 3399 2926 3444; x_wconf 90' lang='lat' dir='ltr'><strong>tota</strong></span> <span class='ocrx_word' id='word_1_639' title='bbox 2958 3390 3008 3445; x_wconf 87' lang='lat' dir='ltr'><strong>vi</strong></span> <span class='ocrx_word' id='word_1_640' title='bbox 3037 3390 3092 3445; x_wconf 91' lang='lat' dir='ltr'><strong>in</strong></span> <span class='ocrx_word' id='word_1_641' title='bbox 3129 3406 3216 3444; x_wconf 84' lang='lat' dir='ltr'><strong>me</strong></span> <span class='ocrx_word' id='word_1_642' title='bbox 3249 3389 3485 3444; x_wconf 83' lang='lat' dir='ltr'><strong>infestus</strong></span> 
     </span>
    </p>
   </div>
   <div class='ocr_carea' id='block_1_89' title="bbox 1898 3483 3483 3553">
    <p class='ocr_par' dir='ltr' id='par_1_89' title="bbox 1898 3483 3483 3553">
     <span class='ocr_line' id='line_1_89' title="bbox 1898 3483 3483 3553; baseline 0.001 -15"><span class='ocrx_word' id='word_1_643' title='bbox 1898 3485 2080 3549; x_wconf 87' lang='lat' dir='ltr'><strong>irruit,</strong></span> <span class='ocrx_word' id='word_1_644' title='bbox 2132 3484 2290 3553; x_wconf 78' lang='lat'><strong>291</strong></span> <span class='ocrx_word' id='word_1_645' title='bbox 2329 3483 2505 3538; x_wconf 92' lang='lat' dir='ltr'><strong>noluit</strong></span> <span class='ocrx_word' id='word_1_646' title='bbox 2550 3499 2618 3540; x_wconf 80' lang='lat' dir='ltr'><strong>ex</strong></span> <span class='ocrx_word' id='word_1_647' title='bbox 2657 3499 2725 3538; x_wconf 80' lang='lat' dir='ltr'><strong>eo</strong></span> <span class='ocrx_word' id='word_1_648' title='bbox 2756 3484 2956 3539; x_wconf 88' lang='lat' dir='ltr'><strong>deinde</strong></span> <span class='ocrx_word' id='word_1_649' title='bbox 2988 3499 3018 3538; x_wconf 88' lang='lat' dir='ltr'><strong>a</strong></span> <span class='ocrx_word' id='word_1_650' title='bbox 3050 3499 3138 3539; x_wconf 90' lang='lat' dir='ltr'><strong>me</strong></span> <span class='ocrx_word' id='word_1_651' title='bbox 3174 3484 3483 3548; x_wconf 79' lang='lat' dir='ltr'><strong>discedere.</strong></span> 
     </span>
    </p>
   </div>
   <div class='ocr_carea' id='block_1_90' title="bbox 1896 3577 3481 3649">
    <p class='ocr_par' dir='ltr' id='par_1_90' title="bbox 1896 3577 3481 3649">
     <span class='ocr_line' id='line_1_90' title="bbox 1896 3577 3481 3649; baseline -0.001 -15"><span class='ocrx_word' id='word_1_652' title='bbox 1896 3578 1992 3634; x_wconf 88' lang='lat' dir='ltr'><strong>sed</strong></span> <span class='ocrx_word' id='word_1_653' title='bbox 2027 3586 2292 3648; x_wconf 86' lang='lat' dir='ltr'><strong>perpetuo</strong></span> <span class='ocrx_word' id='word_1_654' title='bbox 2325 3577 2380 3632; x_wconf 88' lang='lat' dir='ltr'><strong>in</strong></span> <span class='ocrx_word' id='word_1_655' title='bbox 2409 3578 2786 3647; x_wconf 73' lang='lat' dir='ltr'><strong>penetralibus</strong></span> <span class='ocrx_word' id='word_1_656' title='bbox 2819 3577 2959 3633; x_wconf 88' lang='lat' dir='ltr'><strong>meis</strong></span> <span class='ocrx_word' id='word_1_657' title='bbox 2997 3578 3249 3633; x_wconf 85' lang='lat' dir='ltr'><strong>habitare</strong></span> <span class='ocrx_word' id='word_1_658' title='bbox 3279 3580 3481 3649; x_wconf 89' lang='lat' dir='ltr'><strong>persti-</strong></span> 
     </span>
    </p>
   </div>
   <div class='ocr_carea' id='block_1_91' title="bbox 1901 3671 3479 3741">
    <p class='ocr_par' dir='ltr' id='par_1_91' title="bbox 1901 3671 3479 3741">
     <span class='ocr_line' id='line_1_91' title="bbox 1901 3671 3479 3741; baseline 0.001 -17"><span class='ocrx_word' id='word_1_659' title='bbox 1901 3671 1986 3732; x_wconf 82' lang='lat' dir='ltr'><strong>tit.</strong></span> <span class='ocrx_word' id='word_1_660' title='bbox 2016 3673 2170 3741; x_wconf 85' lang='lat' dir='ltr'><strong>quasi</strong></span> <span class='ocrx_word' id='word_1_661' title='bbox 2204 3687 2324 3726; x_wconf 92' lang='lat' dir='ltr'><strong>eam</strong></span> <span class='ocrx_word' id='word_1_662' title='bbox 2349 3671 2447 3726; x_wconf 90' lang='lat' dir='ltr'><strong>sibi</strong></span> <span class='ocrx_word' id='word_1_663' title='bbox 2485 3671 2707 3724; x_wconf 89' lang='lat' dir='ltr'><strong>domum</strong></span> <span class='ocrx_word' id='word_1_664' title='bbox 2736 3671 3012 3740; x_wconf 82' lang='lat' dir='ltr'><strong>propriam</strong></span> <span class='ocrx_word' id='word_1_665' title='bbox 3046 3681 3243 3725; x_wconf 83' lang='lat' dir='ltr'><strong>nactus</strong></span> <span class='ocrx_word' id='word_1_666' title='bbox 3275 3682 3426 3726; x_wconf 83' lang='lat' dir='ltr'><strong>esset</strong></span> <span class='ocrx_word' id='word_1_667' title='bbox 3466 3689 3479 3726; x_wconf 91' lang='lat'><strong>:</strong></span> 
     </span>
    </p>
   </div>
   <div class='ocr_carea' id='block_1_92' title="bbox 1899 3763 3481 3833">
    <p class='ocr_par' dir='ltr' id='par_1_92' title="bbox 1899 3763 3481 3833">
     <span class='ocr_line' id='line_1_92' title="bbox 1899 3763 3481 3833; baseline -0.001 -17"><span class='ocrx_word' id='word_1_668' title='bbox 1899 3780 2079 3832; x_wconf 89' lang='lat' dir='ltr'><strong>neque</strong></span> <span class='ocrx_word' id='word_1_669' title='bbox 2131 3778 2372 3833; x_wconf 86' lang='lat' dir='ltr'><strong>unquam</strong></span> <span class='ocrx_word' id='word_1_670' title='bbox 2405 3763 2654 3832; x_wconf 87' lang='lat' dir='ltr'><strong>corporis</strong></span> <span class='ocrx_word' id='word_1_671' title='bbox 2704 3763 2810 3817; x_wconf 89' lang='lat' dir='ltr'><strong>mei</strong></span> <span class='ocrx_word' id='word_1_672' title='bbox 2860 3777 3083 3817; x_wconf 89' lang='lat' dir='ltr'><strong>succum</strong></span> <span class='ocrx_word' id='word_1_673' title='bbox 3124 3763 3394 3816; x_wconf 79' lang='lat' dir='ltr'><strong>hirudinis</strong></span> <span class='ocrx_word' id='word_1_674' title='bbox 3428 3763 3481 3815; x_wconf 94' lang='lat' dir='ltr'><strong>in</strong></span> 
     </span>
    </p>
   </div>
   <div class='ocr_carea' id='block_1_93' title="bbox 1901 3853 3482 3921">
    <p class='ocr_par' dir='ltr' id='par_1_93' title="bbox 1901 3853 3482 3921">
     <span class='ocr_line' id='line_1_93' title="bbox 1901 3853 3482 3921; baseline 0 -14"><span class='ocrx_word' id='word_1_675' title='bbox 1901 3870 2106 3908; x_wconf 83' lang='lat' dir='ltr'><strong>morem</strong></span> <span class='ocrx_word' id='word_1_676' title='bbox 2132 3869 2399 3921; x_wconf 67' lang='lat' dir='ltr'><strong>exsugere</strong></span> <span class='ocrx_word' id='word_1_677' title='bbox 2430 3854 2664 3920; x_wconf 89' lang='lat' dir='ltr'><strong>destitit,</strong></span> <span class='ocrx_word' id='word_1_678' title='bbox 2694 3862 2750 3909; x_wconf 89' lang='lat' dir='ltr'><strong>et</strong></span> <span class='ocrx_word' id='word_1_679' title='bbox 2795 3870 2909 3908; x_wconf 85' lang='lat' dir='ltr'><strong>rem</strong></span> <span class='ocrx_word' id='word_1_680' title='bbox 2946 3853 3273 3909; x_wconf 83' lang='lat' dir='ltr'><strong>familiarem</strong></span> <span class='ocrx_word' id='word_1_681' title='bbox 3308 3871 3482 3909; x_wconf 84' lang='lat' dir='ltr'><strong>meam</strong></span> 
     </span>
    </p>
   </div>
   <div class='ocr_carea' id='block_1_94' title="bbox 1899 3948 3486 4018">
    <p class='ocr_par' dir='ltr' id='par_1_94' title="bbox 1899 3948 3486 4018">
     <span class='ocr_line' id='line_1_94' title="bbox 1899 3948 3486 4018; baseline 0 -17"><span class='ocrx_word' id='word_1_682' title='bbox 1899 3950 2164 4018; x_wconf 77' lang='lat' dir='ltr'><strong>paulatim</strong></span> <span class='ocrx_word' id='word_1_683' title='bbox 2207 3948 2547 4002; x_wconf 83' lang='lat' dir='ltr'><strong>deminutam</strong></span> <span class='ocrx_word' id='word_1_684' title='bbox 2582 3948 2870 4012; x_wconf 89' lang='lat' dir='ltr'><strong>ambabus,</strong></span> <span class='ocrx_word' id='word_1_685' title='bbox 2904 3957 2962 4002; x_wconf 91' lang='lat' dir='ltr'><strong>ut</strong></span> <span class='ocrx_word' id='word_1_686' title='bbox 3007 3950 3183 4014; x_wconf 85' lang='lat' dir='ltr'><strong>aiunt,</strong></span> <span class='ocrx_word' id='word_1_687' title='bbox 3233 3948 3486 4002; x_wconf 80' lang='lat' dir='ltr'><strong>manibus</strong></span> 
     </span>
    </p>
   </div>
   <div class='ocr_carea' id='block_1_95' title="bbox 1899 4039 3487 4106">
    <p class='ocr_par' dir='ltr' id='par_1_95' title="bbox 1899 4039 3487 4106">
     <span class='ocr_line' id='line_1_95' title="bbox 1899 4039 3487 4106; baseline -0.001 -13"><span class='ocrx_word' id='word_1_688' title='bbox 1899 4054 2219 4106; x_wconf 62' lang='lat' dir='ltr'><strong>congerere,</strong></span> <span class='ocrx_word' id='word_1_689' title='bbox 2270 4052 2324 4093; x_wconf 90' lang='lat' dir='ltr'><strong>et</strong></span> <span class='ocrx_word' id='word_1_690' title='bbox 2371 4039 2426 4092; x_wconf 89' lang='lat' dir='ltr'><strong>in</strong></span> <span class='ocrx_word' id='word_1_691' title='bbox 2466 4039 2650 4092; x_wconf 89' lang='lat' dir='ltr'><strong>sinum</strong></span> <span class='ocrx_word' id='word_1_692' title='bbox 2697 4040 3031 4094; x_wconf 86' lang='lat' dir='ltr'><strong>medicorum</strong></span> <span class='ocrx_word' id='word_1_693' title='bbox 3066 4040 3232 4094; x_wconf 81' lang='lat' dir='ltr'><strong>\‘cluli</strong></span> <span class='ocrx_word' id='word_1_694' title='bbox 3267 4040 3319 4094; x_wconf 90' lang='lat' dir='ltr'><strong>iu</strong></span> <span class='ocrx_word' id='word_1_695' title='bbox 3367 4041 3487 4092; x_wconf 81' lang='lat' dir='ltr'><strong>thc-</strong></span> 
     </span>
    </p>
   </div>
   <div class='ocr_carea' id='block_1_96' title="bbox 1901 4129 3487 4189">
    <p class='ocr_par' dir='ltr' id='par_1_96' title="bbox 1901 4129 3487 4189">
     <span class='ocr_line' id='line_1_96' title="bbox 1901 4129 3487 4189; baseline 0.001 -3"><span class='ocrx_word' id='word_1_696' title='bbox 1901 4146 2097 4187; x_wconf 80' lang='lat' dir='ltr'><strong>sauros</strong></span> <span class='ocrx_word' id='word_1_697' title='bbox 2122 4147 2252 4187; x_wconf 88' lang='lat' dir='ltr'><strong>suos</strong></span> <span class='ocrx_word' id='word_1_698' title='bbox 2296 4129 2566 4185; x_wconf 81' lang='lat' dir='ltr'><strong>conferre.</strong></span> <span class='ocrx_word' id='word_1_699' title='bbox 2609 4131 2744 4185; x_wconf 83' lang='lat' dir='ltr'><strong>Cum</strong></span> <span class='ocrx_word' id='word_1_700' title='bbox 2777 4139 2962 4185; x_wconf 91' lang='lat' dir='ltr'><strong>autem</strong></span> <span class='ocrx_word' id='word_1_701' title='bbox 3000 4143 3188 4187; x_wconf 82' lang='lat' dir='ltr'><strong>noster</strong></span> <span class='ocrx_word' id='word_1_702' title='bbox 3221 4134 3487 4189; x_wconf 79' lang='lat' dir='ltr'><strong>adversus</strong></span> 
     </span>
    </p>
   </div>
   <div class='ocr_carea' id='block_1_97' title="bbox 1905 4221 3489 4290">
    <p class='ocr_par' dir='ltr' id='par_1_97' title="bbox 1905 4221 3489 4290">
     <span class='ocr_line' id='line_1_97' title="bbox 1905 4221 3489 4290; baseline 0 -12"><span class='ocrx_word' id='word_1_703' title='bbox 1905 4225 2056 4278; x_wconf 87' lang='lat' dir='ltr'><strong>illum</strong></span> <span class='ocrx_word' id='word_1_704' title='bbox 2085 4236 2317 4278; x_wconf 83' lang='lat' dir='ltr'><strong>conatus</strong></span> <span class='ocrx_word' id='word_1_705' title='bbox 2359 4223 2539 4277; x_wconf 87' lang='lat' dir='ltr'><strong>inanis</strong></span> <span class='ocrx_word' id='word_1_706' title='bbox 2567 4232 2624 4278; x_wconf 88' lang='lat' dir='ltr'><strong>et</strong></span> <span class='ocrx_word' id='word_1_707' title='bbox 2654 4223 2846 4277; x_wconf 91' lang='lat' dir='ltr'><strong>irritus</strong></span> <span class='ocrx_word' id='word_1_708' title='bbox 2877 4221 3065 4288; x_wconf 78' lang='lat' dir='ltr'><strong>fuerit,</strong></span> <span class='ocrx_word' id='word_1_709' title='bbox 3113 4234 3189 4290; x_wconf 92' lang='lat' dir='ltr'><strong>et,</strong></span> <span class='ocrx_word' id='word_1_710' title='bbox 3224 4235 3283 4278; x_wconf 91' lang='lat' dir='ltr'><strong>ut</strong></span> <span class='ocrx_word' id='word_1_711' title='bbox 3315 4227 3489 4279; x_wconf 80' lang='lat' dir='ltr'><strong>fertur</strong></span> 
     </span>
    </p>
   </div>
   <div class='ocr_carea' id='block_1_98' title="bbox 1904 4314 3491 4385">
    <p class='ocr_par' dir='ltr' id='par_1_98' title="bbox 1904 4314 3491 4385">
     <span class='ocr_line' id='line_1_98' title="bbox 1904 4314 3491 4385; baseline 0.001 -17"><span class='ocrx_word' id='word_1_712' title='bbox 1904 4315 2212 4383; x_wconf 82' lang='lat' dir='ltr'><strong>proverbio,</strong></span> <span class='ocrx_word' id='word_1_713' title='bbox 2265 4315 2443 4384; x_wconf 78' lang='lat' dir='ltr'><strong>ignem</strong></span> <span class='ocrx_word' id='word_1_714' title='bbox 2487 4314 2700 4369; x_wconf 61' lang='lat' dir='ltr'><strong>caedere</strong></span> <span class='ocrx_word' id='word_1_715' title='bbox 2728 4315 3179 4372; x_wconf 20' lang='lat' dir='ltr'><strong>hactenus‘visus</strong></span> <span class='ocrx_word' id='word_1_716' title='bbox 3207 4318 3332 4380; x_wconf 73' lang='lat' dir='ltr'><strong>sim,</strong></span> <span class='ocrx_word' id='word_1_717' title='bbox 3359 4319 3491 4385; x_wconf 87' lang='lat' dir='ltr'><strong>quid</strong></span> 
     </span>
    </p>
   </div>
   <div class='ocr_carea' id='block_1_99' title="bbox 1903 4407 3491 4478">
    <p class='ocr_par' dir='ltr' id='par_1_99' title="bbox 1903 4407 3491 4478">
     <span class='ocr_line' id='line_1_99' title="bbox 1903 4407 3491 4478; baseline -0.001 -15"><span class='ocrx_word' id='word_1_718' title='bbox 1903 4408 2031 4463; x_wconf 69' lang='lat' dir='ltr'><strong>vita:</strong></span> <span class='ocrx_word' id='word_1_719' title='bbox 2066 4425 2199 4462; x_wconf 69' lang='lat' dir='ltr'><strong>meae</strong></span> <span class='ocrx_word' id='word_1_720' title='bbox 2233 4407 2598 4463; x_wconf 86' lang='lat' dir='ltr'><strong>adversitates</strong></span> <span class='ocrx_word' id='word_1_721' title='bbox 2645 4416 2754 4461; x_wconf 84' lang='lat' dir='ltr'><strong>tam</strong></span> <span class='ocrx_word' id='word_1_722' title='bbox 2787 4408 3159 4478; x_wconf 84' lang='lat' dir='ltr'><strong>imperatoriis</strong></span> <span class='ocrx_word' id='word_1_723' title='bbox 3190 4426 3352 4477; x_wconf 72' lang='lat' dir='ltr'><strong>quam</strong></span> <span class='ocrx_word' id='word_1_724' title='bbox 3394 4412 3491 4462; x_wconf 83' lang='lat' dir='ltr'><strong>do-</strong></span> 
     </span>
    </p>
   </div>
   <div class='ocr_carea' id='block_1_100' title="bbox 1904 4500 3490 4570">
    <p class='ocr_par' dir='ltr' id='par_1_100' title="bbox 1904 4500 3490 4570">
     <span class='ocr_line' id='line_1_100' title="bbox 1904 4500 3490 4570; baseline 0.001 -14"><span class='ocrx_word' id='word_1_725' title='bbox 1904 4501 2149 4557; x_wconf 81' lang='lat' dir='ltr'><strong>mesticis</strong></span> <span class='ocrx_word' id='word_1_726' title='bbox 2191 4501 2242 4553; x_wconf 87' lang='lat' dir='ltr'><strong>in</strong></span> <span class='ocrx_word' id='word_1_727' title='bbox 2273 4502 2436 4555; x_wconf 81' lang='lat' dir='ltr'><strong>rebus</strong></span> <span class='ocrx_word' id='word_1_728' title='bbox 2464 4501 2930 4554; x_wconf 82' lang='lat' dir='ltr'><strong>commemorem?</strong></span> <span class='ocrx_word' id='word_1_729' title='bbox 2976 4500 3068 4555; x_wconf 82' lang='lat' dir='ltr'><strong>Sic</strong></span> <span class='ocrx_word' id='word_1_730' title='bbox 3093 4506 3236 4555; x_wconf 84' lang='lat' dir='ltr'><strong>enim</strong></span> <span class='ocrx_word' id='word_1_731' title='bbox 3267 4504 3490 4570; x_wconf 67' lang='lat' dir='ltr'><strong>accidit,</strong></span> 
     </span>
    </p>
   </div>
   <div class='ocr_carea' id='block_1_101' title="bbox 1907 4591 3486 4663">
    <p class='ocr_par' dir='ltr' id='par_1_101' title="bbox 1907 4591 3486 4663">
     <span class='ocr_line' id='line_1_101' title="bbox 1907 4591 3486 4663; baseline 0.001 -15"><span class='ocrx_word' id='word_1_732' title='bbox 1907 4604 1966 4648; x_wconf 91' lang='lat' dir='ltr'><strong>ut</strong></span> <span class='ocrx_word' id='word_1_733' title='bbox 2009 4592 2208 4648; x_wconf 88' lang='lat' dir='ltr'><strong>studiis</strong></span> <span class='ocrx_word' id='word_1_734' title='bbox 2247 4594 2555 4647; x_wconf 83' lang='lat' dir='ltr'><strong>litterarum</strong></span> <span class='ocrx_word' id='word_1_735' title='bbox 2590 4593 2678 4646; x_wconf 80' lang='lat' dir='ltr'><strong>vix</strong></span> <span class='ocrx_word' id='word_1_736' title='bbox 2710 4591 3028 4656; x_wconf 78' lang='lat' dir='ltr'><strong>defunctus,</strong></span> <span class='ocrx_word' id='word_1_737' title='bbox 3058 4610 3181 4647; x_wconf 88' lang='lat' dir='ltr'><strong>eum</strong></span> <span class='ocrx_word' id='word_1_738' title='bbox 3225 4602 3288 4648; x_wconf 78' lang='lat' dir='ltr'><strong>ex</strong></span> <span class='ocrx_word' id='word_1_739' title='bbox 3319 4598 3486 4663; x_wconf 56' lang='lat' dir='ltr'><strong>ephev</strong></span> 
     </span>
    </p>
   </div>
   <div class='ocr_carea' id='block_1_102' title="bbox 1911 4683 3493 4753">
    <p class='ocr_par' dir='ltr' id='par_1_102' title="bbox 1911 4683 3493 4753">
     <span class='ocr_line' id='line_1_102' title="bbox 1911 4683 3493 4753; baseline 0.001 -13"><span class='ocrx_word' id='word_1_740' title='bbox 1911 4686 1995 4741; x_wconf 89' lang='lat' dir='ltr'><strong>bis</strong></span> <span class='ocrx_word' id='word_1_741' title='bbox 2023 4686 2370 4748; x_wconf 78' lang='lat' dir='ltr'><strong>excederent,</strong></span> <span class='ocrx_word' id='word_1_742' title='bbox 2409 4685 2461 4738; x_wconf 94' lang='lat' dir='ltr'><strong>in</strong></span> <span class='ocrx_word' id='word_1_743' title='bbox 2498 4683 2677 4738; x_wconf 83' lang='lat' dir='ltr'><strong>aulam</strong></span> <span class='ocrx_word' id='word_1_744' title='bbox 2721 4693 2978 4753; x_wconf 84' lang='lat' dir='ltr'><strong>receptus</strong></span> <span class='ocrx_word' id='word_1_745' title='bbox 3018 4686 3144 4749; x_wconf 86' lang='lat' dir='ltr'><strong>sim,</strong></span> <span class='ocrx_word' id='word_1_746' title='bbox 3186 4695 3241 4738; x_wconf 91' lang='lat' dir='ltr'><strong>et</strong></span> <span class='ocrx_word' id='word_1_747' title='bbox 3269 4701 3299 4739; x_wconf 89' lang='lat' dir='ltr'><strong>a</strong></span> <span class='ocrx_word' id='word_1_748' title='bbox 3349 4686 3493 4742; x_wconf 85' lang='lat' dir='ltr'><strong>divis</strong></span> 
     </span>
    </p>
   </div>
   <div class='ocr_carea' id='block_1_103' title="bbox 1912 4777 3490 4848">
    <p class='ocr_par' dir='ltr' id='par_1_103' title="bbox 1912 4777 3490 4848">
     <span class='ocr_line' id='line_1_103' title="bbox 1912 4777 3490 4848; baseline 0.002 -17"><span class='ocrx_word' id='word_1_749' title='bbox 1912 4778 2334 4847; x_wconf 88' lang='lat' dir='ltr'><strong>imperatoribus</strong></span> <span class='ocrx_word' id='word_1_750' title='bbox 2391 4777 2631 4833; x_wconf 85' lang='lat' dir='ltr'><strong>honores</strong></span> <span class='ocrx_word' id='word_1_751' title='bbox 2677 4793 2786 4833; x_wconf 90' lang='lat' dir='ltr'><strong>non</strong></span> <span class='ocrx_word' id='word_1_752' title='bbox 2849 4778 3108 4832; x_wconf 86' lang='lat' dir='ltr'><strong>minimos</strong></span> <span class='ocrx_word' id='word_1_753' title='bbox 3159 4780 3490 4848; x_wconf 88' lang='lat' dir='ltr'><strong>acceperim.</strong></span> 
     </span>
    </p>
   </div>
   <div class='ocr_carea' id='block_1_104' title="bbox 1911 4868 3494 4940">
    <p class='ocr_par' dir='ltr' id='par_1_104' title="bbox 1911 4868 3494 4940">
     <span class='ocr_line' id='line_1_104' title="bbox 1911 4868 3494 4940; baseline -0.001 -18"><span class='ocrx_word' id='word_1_754' title='bbox 1911 4868 2087 4938; x_wconf 88' lang='lat' dir='ltr'><strong>Atque</strong></span> <span class='ocrx_word' id='word_1_755' title='bbox 2114 4878 2172 4922; x_wconf 81' lang='lat' dir='ltr'><strong>ut</strong></span> <span class='ocrx_word' id='word_1_756' title='bbox 2203 4884 2268 4922; x_wconf 86' lang='lat' dir='ltr'><strong>ea</strong></span> <span class='ocrx_word' id='word_1_757' title='bbox 2291 4884 2436 4938; x_wconf 67' lang='lat' dir='ltr'><strong>qua:</strong></span> <span class='ocrx_word' id='word_1_758' title='bbox 2463 4870 2901 4924; x_wconf 86' lang='lat' dir='ltr'><strong>intercesserunt</strong></span> <span class='ocrx_word' id='word_1_759' title='bbox 2933 4870 3154 4924; x_wconf 89' lang='lat' dir='ltr'><strong>silentio</strong></span> <span class='ocrx_word' id='word_1_760' title='bbox 3202 4882 3494 4940; x_wconf 66' lang='lat' dir='ltr'><strong>praeterea.</strong></span> 
     </span>
    </p>
   </div>
   <div class='ocr_carea' id='block_1_105' title="bbox 1909 4963 3493 5033">
    <p class='ocr_par' dir='ltr' id='par_1_105' title="bbox 1909 4963 3493 5033">
     <span class='ocr_line' id='line_1_105' title="bbox 1909 4963 3493 5033; baseline 0.003 -17"><span class='ocrx_word' id='word_1_761' title='bbox 1909 4978 2055 5026; x_wconf 88' lang='lat' dir='ltr'><strong>mus,</strong></span> <span class='ocrx_word' id='word_1_762' title='bbox 2086 4978 2210 5017; x_wconf 91' lang='lat' dir='ltr'><strong>eum</strong></span> <span class='ocrx_word' id='word_1_763' title='bbox 2246 4963 2359 5031; x_wconf 83' lang='lat' dir='ltr'><strong>ipsa</strong></span> <span class='ocrx_word' id='word_1_764' title='bbox 2399 4977 2615 5033; x_wconf 90' lang='lat' dir='ltr'><strong>quoque</strong></span> <span class='ocrx_word' id='word_1_765' title='bbox 2651 4977 2753 5016; x_wconf 90' lang='lat' dir='ltr'><strong>nos</strong></span> <span class='ocrx_word' id='word_1_766' title='bbox 2802 4963 3187 5032; x_wconf 79' lang='lat' dir='ltr'><strong>patriarchalis</strong></span> <span class='ocrx_word' id='word_1_767' title='bbox 3228 4965 3388 5020; x_wconf 84' lang='lat' dir='ltr'><strong>sedes</strong></span> <span class='ocrx_word' id='word_1_768' title='bbox 3426 4967 3493 5020; x_wconf 89' lang='lat' dir='ltr'><strong>ad</strong></span> 
     </span>
    </p>
   </div>
   <div class='ocr_carea' id='block_1_106' title="bbox 1907 5054 3498 5124">
    <p class='ocr_par' dir='ltr' id='par_1_106' title="bbox 1907 5054 3498 5124">
     <span class='ocr_line' id='line_1_106' title="bbox 1907 5054 3498 5124; baseline 0.001 -15"><span class='ocrx_word' id='word_1_769' title='bbox 1907 5069 1966 5109; x_wconf 92' lang='lat' dir='ltr'><strong>se</strong></span> <span class='ocrx_word' id='word_1_770' title='bbox 2024 5054 2223 5109; x_wconf 88' lang='lat' dir='ltr'><strong>deinde</strong></span> <span class='ocrx_word' id='word_1_771' title='bbox 2286 5058 2633 5115; x_wconf 86' lang='lat' dir='ltr'><strong>vocavisset,</strong></span> <span class='ocrx_word' id='word_1_772' title='bbox 2695 5063 2861 5123; x_wconf 84' lang='lat' dir='ltr'><strong>atque</strong></span> <span class='ocrx_word' id='word_1_773' title='bbox 2919 5054 3084 5109; x_wconf 89' lang='lat' dir='ltr'><strong>etiam</strong></span> <span class='ocrx_word' id='word_1_774' title='bbox 3135 5057 3498 5124; x_wconf 80' lang='lat' dir='ltr'><strong>pertraxisset</strong></span> 
     </span>
    </p>
   </div>
   <div class='ocr_carea' id='block_1_107' title="bbox 1907 5145 3496 5215">
    <p class='ocr_par' dir='ltr' id='par_1_107' title="bbox 1907 5145 3496 5215">
     <span class='ocr_line' id='line_1_107' title="bbox 1907 5145 3496 5215; baseline 0.004 -18"><span class='ocrx_word' id='word_1_775' title='bbox 1907 5145 2102 5214; x_wconf 90' lang='lat' dir='ltr'><strong>parlim</strong></span> <span class='ocrx_word' id='word_1_776' title='bbox 2168 5145 2440 5210; x_wconf 86' lang='lat' dir='ltr'><strong>nolentes,</strong></span> <span class='ocrx_word' id='word_1_777' title='bbox 2495 5145 2689 5215; x_wconf 78' lang='lat' dir='ltr'><strong>partim</strong></span> <span class='ocrx_word' id='word_1_778' title='bbox 2741 5163 2848 5200; x_wconf 89' lang='lat' dir='ltr'><strong>non</strong></span> <span class='ocrx_word' id='word_1_779' title='bbox 2899 5148 3145 5201; x_wconf 86' lang='lat' dir='ltr'><strong>uolentes</strong></span> <span class='ocrx_word' id='word_1_780' title='bbox 3187 5165 3200 5200; x_wconf 90' lang='lat'><strong>:</strong></span> <span class='ocrx_word' id='word_1_781' title='bbox 3241 5150 3496 5204; x_wconf 87' lang='lat' dir='ltr'><strong>nolentes</strong></span> 
     </span>
    </p>
   </div>
   <div class='ocr_carea' id='block_1_108' title="bbox 1905 5239 3493 5308">
    <p class='ocr_par' dir='ltr' id='par_1_108' title="bbox 1905 5239 3493 5308">
     <span class='ocr_line' id='line_1_108' title="bbox 1905 5239 3493 5308; baseline 0.004 -18"><span class='ocrx_word' id='word_1_782' title='bbox 1905 5239 2126 5306; x_wconf 83' lang='lat' dir='ltr'><strong>quidem</strong></span> <span class='ocrx_word' id='word_1_783' title='bbox 2173 5241 2242 5292; x_wconf 83' lang='lat' dir='ltr'><strong>ul)</strong></span> <span class='ocrx_word' id='word_1_784' title='bbox 2291 5239 2627 5293; x_wconf 86' lang='lat' dir='ltr'><strong>inﬁrmitatis</strong></span> <span class='ocrx_word' id='word_1_785' title='bbox 2672 5255 2812 5294; x_wconf 87' lang='lat' dir='ltr'><strong>onus</strong></span> <span class='ocrx_word' id='word_1_786' title='bbox 2861 5255 3012 5308; x_wconf 70' lang='grc' dir='ltr'>ιιωιιο</span> <span class='ocrx_word' id='word_1_787' title='bbox 3073 5240 3423 5297; x_wconf 86' lang='lat' dir='ltr'><strong>intolerabile</strong></span> <span class='ocrx_word' id='word_1_788' title='bbox 3478 5261 3493 5296; x_wconf 87' lang='lat'><strong>:</strong></span> 
     </span>
    </p>
   </div>
   <div class='ocr_carea' id='block_1_109' title="bbox 1908 5330 3493 5402">
    <p class='ocr_par' dir='ltr' id='par_1_109' title="bbox 1908 5330 3493 5402">
     <span class='ocr_line' id='line_1_109' title="bbox 1908 5330 3493 5402; baseline 0.004 -22"><span class='ocrx_word' id='word_1_789' title='bbox 1908 5331 2050 5382; x_wconf 82' lang='lat' dir='ltr'><strong>haud</strong></span> <span class='ocrx_word' id='word_1_790' title='bbox 2107 5331 2356 5385; x_wconf 68' lang='lat' dir='ltr'><strong>uolentes</strong></span> <span class='ocrx_word' id='word_1_791' title='bbox 2392 5330 2462 5384; x_wconf 89' lang='lat' dir='ltr'><strong>ob</strong></span> <span class='ocrx_word' id='word_1_792' title='bbox 2502 5331 2966 5400; x_wconf 80' lang='lat' dir='ltr'><strong>exspectationem</strong></span> <span class='ocrx_word' id='word_1_793' title='bbox 3019 5332 3278 5387; x_wconf 81' lang='lat' dir='ltr'><strong>sanitatis</strong></span> <span class='ocrx_word' id='word_1_794' title='bbox 3335 5334 3493 5402; x_wconf 88' lang='lat' dir='ltr'><strong>(nam</strong></span> 
     </span>
    </p>
   </div>
   <div class='ocr_carea' id='block_1_110' title="bbox 1578 5461 2133 5524">
    <p class='ocr_par' dir='ltr' id='par_1_110' title="bbox 1578 5461 2133 5524">
     <span class='ocr_line' id='line_1_110' title="bbox 1578 5461 2133 5524; baseline 0.014 -8"><span class='ocrx_word' id='word_1_795' title='bbox 1578 5461 1906 5523; x_wconf 68' lang='lat' dir='ltr'><strong>Vat-iurum</strong></span> <span class='ocrx_word' id='word_1_796' title='bbox 1949 5473 2133 5524; x_wconf 75' lang='lat' dir='ltr'><strong>noue.</strong></span> 
     </span>
    </p>
   </div>
   <div class='ocr_carea' id='block_1_111' title="bbox 289 5582 1802 5653">
    <p class='ocr_par' dir='ltr' id='par_1_111' title="bbox 289 5582 1802 5653">
     <span class='ocr_line' id='line_1_111' title="bbox 289 5582 1802 5653; baseline 0 -17"><span class='ocrx_word' id='word_1_797' title='bbox 289 5582 406 5653; x_wconf 61' lang='lat'><strong>(46)</strong></span> <span class='ocrx_word' id='word_1_798' title='bbox 449 5582 735 5651; x_wconf 78' lang='lat' dir='ltr'><strong>Gregoras.</strong></span> <span class='ocrx_word' id='word_1_799' title='bbox 763 5597 871 5636; x_wconf 92' lang='lat' dir='ltr'><strong>non</strong></span> <span class='ocrx_word' id='word_1_800' title='bbox 913 5591 1304 5637; x_wconf 89' lang='lat' dir='ltr'><strong>testamentum</strong></span> <span class='ocrx_word' id='word_1_801' title='bbox 1347 5598 1522 5651; x_wconf 80' lang='lat' dir='ltr'><strong>ipsum</strong></span> <span class='ocrx_word' id='word_1_802' title='bbox 1565 5586 1802 5651; x_wconf 81' lang='lat' dir='ltr'><strong>patriar-</strong></span> 
     </span>
    </p>
   </div>
   <div class='ocr_carea' id='block_1_112' title="bbox 213 5655 1801 5722">
    <p class='ocr_par' dir='ltr' id='par_1_112' title="bbox 213 5655 1801 5722">
     <span class='ocr_line' id='line_1_112' title="bbox 213 5655 1801 5722; baseline 0.002 -15"><span class='ocrx_word' id='word_1_803' title='bbox 213 5655 358 5717; x_wconf 69' lang='lat' dir='ltr'><strong>eius,</strong></span> <span class='ocrx_word' id='word_1_804' title='bbox 394 5655 489 5708; x_wconf 78' lang='lat' dir='ltr'><strong>sed</strong></span> <span class='ocrx_word' id='word_1_805' title='bbox 523 5655 832 5707; x_wconf 87' lang='lat' dir='ltr'><strong>testamenti</strong></span> <span class='ocrx_word' id='word_1_806' title='bbox 868 5655 1197 5722; x_wconf 74' lang='lat' dir='ltr'><strong>prooemium</strong></span> <span class='ocrx_word' id='word_1_807' title='bbox 1233 5658 1462 5722; x_wconf 73' lang='lat' dir='ltr'><strong>proteri,</strong></span> <span class='ocrx_word' id='word_1_808' title='bbox 1495 5657 1654 5721; x_wconf 79' lang='lat' dir='ltr'><strong>cujus</strong></span> <span class='ocrx_word' id='word_1_809' title='bbox 1681 5671 1801 5710; x_wconf 83' lang='lat' dir='ltr'><strong>sese</strong></span> 
     </span>
    </p>
   </div>
   <div class='ocr_carea' id='block_1_113' title="bbox 215 5724 1803 5792">
    <p class='ocr_par' dir='ltr' id='par_1_113' title="bbox 215 5724 1803 5792">
     <span class='ocr_line' id='line_1_113' title="bbox 215 5724 1803 5792; baseline 0 -14"><span class='ocrx_word' id='word_1_810' title='bbox 215 5734 507 5778; x_wconf 70' lang='lat' dir='ltr'><strong>aut-torem</strong></span> <span class='ocrx_word' id='word_1_811' title='bbox 559 5724 909 5777; x_wconf 70' lang='grc' dir='ltr'>ιιιίιιιίίνδιυιιι</span> <span class='ocrx_word' id='word_1_812' title='bbox 941 5725 1141 5792; x_wconf 81' lang='lat' dir='ltr'><strong>prodit.</strong></span> <span class='ocrx_word' id='word_1_813' title='bbox 1176 5724 1398 5777; x_wconf 72' lang='lat' dir='ltr'><strong>Exstant</strong></span> <span class='ocrx_word' id='word_1_814' title='bbox 1427 5724 1478 5777; x_wconf 88' lang='lat' dir='ltr'><strong>in</strong></span> <span class='ocrx_word' id='word_1_815' title='bbox 1507 5725 1696 5778; x_wconf 81' lang='lat' dir='ltr'><strong>codice</strong></span> <span class='ocrx_word' id='word_1_816' title='bbox 1722 5743 1803 5778; x_wconf 85' lang='lat' dir='ltr'><strong>re—</strong></span> 
     </span>
    </p>
   </div>
   <div class='ocr_carea' id='block_1_114' title="bbox 217 5794 1799 5864">
    <p class='ocr_par' dir='ltr' id='par_1_114' title="bbox 217 5794 1799 5864">
     <span class='ocr_line' id='line_1_114' title="bbox 217 5794 1799 5864; baseline 0.001 -18"><span class='ocrx_word' id='word_1_817' title='bbox 217 5814 310 5864; x_wconf 71' lang='grc' dir='ltr'><strong>μιυ</strong></span> <span class='ocrx_word' id='word_1_818' title='bbox 359 5795 502 5848; x_wconf 69' lang='lat'><strong>32.29</strong></span> <span class='ocrx_word' id='word_1_819' title='bbox 537 5795 802 5862; x_wconf 74' lang='lat' dir='ltr'><strong>npuscltla</strong></span> <span class='ocrx_word' id='word_1_820' title='bbox 837 5795 966 5856; x_wconf 86' lang='lat' dir='ltr'><strong>duo,</strong></span> <span class='ocrx_word' id='word_1_821' title='bbox 1021 5795 1267 5864; x_wconf 76' lang='lat' dir='ltr'><strong>ejusdem</strong></span> <span class='ocrx_word' id='word_1_822' title='bbox 1307 5794 1477 5848; x_wconf 71' lang='lat' dir='ltr'><strong>rerum</strong></span> <span class='ocrx_word' id='word_1_823' title='bbox 1531 5806 1585 5847; x_wconf 85' lang='lat' dir='ltr'><strong>et</strong></span> <span class='ocrx_word' id='word_1_824' title='bbox 1635 5812 1799 5858; x_wconf 62' lang='lat' dir='ltr'><strong>argu-</strong></span> 
     </span>
    </p>
   </div>
   <div class='ocr_carea' id='block_1_115' title="bbox 219 5867 1804 5935">
    <p class='ocr_par' dir='ltr' id='par_1_115' title="bbox 219 5867 1804 5935">
     <span class='ocr_line' id='line_1_115' title="bbox 219 5867 1804 5935; baseline -0.002 -14"><span class='ocrx_word' id='word_1_825' title='bbox 219 5877 392 5922; x_wconf 80' lang='lat' dir='ltr'><strong>menll</strong></span> <span class='ocrx_word' id='word_1_826' title='bbox 431 5878 486 5919; x_wconf 76' lang='lat' dir='ltr'><strong>et</strong></span> <span class='ocrx_word' id='word_1_827' title='bbox 533 5867 695 5934; x_wconf 65' lang='lat' dir='ltr'><strong>styli;</strong></span> <span class='ocrx_word' id='word_1_828' title='bbox 743 5882 975 5934; x_wconf 77' lang='lat' dir='ltr'><strong>quorum</strong></span> <span class='ocrx_word' id='word_1_829' title='bbox 1029 5867 1266 5935; x_wconf 73' lang='lat' dir='ltr'><strong>primum</strong></span> <span class='ocrx_word' id='word_1_830' title='bbox 1317 5867 1659 5926; x_wconf 72' lang='lat' dir='ltr'><strong>inscribitur,</strong></span> <span class='ocrx_word' id='word_1_831' title='bbox 1696 5868 1804 5918; x_wconf 68' lang='grc' dir='ltr'>ιον</span> 
     </span>
    </p>
   </div>
   <div class='ocr_carea' id='block_1_116' title="bbox 1911 5586 3497 5657">
    <p class='ocr_par' dir='ltr' id='par_1_116' title="bbox 1911 5586 3497 5657">
     <span class='ocr_line' id='line_1_116' title="bbox 1911 5586 3497 5657; baseline -0.002 -18"><span class='ocrx_word' id='word_1_832' title='bbox 1911 5588 2253 5656; x_wconf 62' lang='grc' dir='ltr'>πατριάρχου</span> <span class='ocrx_word' id='word_1_833' title='bbox 2315 5592 2486 5657; x_wconf 86' lang='grc' dir='ltr'>κυροῦ</span> <span class='ocrx_word' id='word_1_834' title='bbox 2531 5587 2781 5639; x_wconf 83' lang='grc' dir='ltr'>Ἰωάννου</span> <span class='ocrx_word' id='word_1_835' title='bbox 2819 5586 2910 5637; x_wconf 84' lang='grc' dir='ltr'><strong>τοῦ</strong></span> <span class='ocrx_word' id='word_1_836' title='bbox 2948 5586 3182 5646; x_wconf 82' lang='grc' dir='ltr'>Γλυκέος</span> <span class='ocrx_word' id='word_1_837' title='bbox 3218 5588 3247 5653; x_wconf 85' lang='grc' dir='ltr'>ἠ</span> <span class='ocrx_word' id='word_1_838' title='bbox 3297 5589 3497 5657; x_wconf 72' lang='grc' dir='ltr'>παραί-</span> 
     </span>
    </p>
   </div>
   <div class='ocr_carea' id='block_1_117' title="bbox 1909 5656 3464 5728">
    <p class='ocr_par' dir='ltr' id='par_1_117' title="bbox 1909 5656 3464 5728">
     <span class='ocr_line' id='line_1_117' title="bbox 1909 5656 3464 5728; baseline -0.003 -18"><span class='ocrx_word' id='word_1_839' title='bbox 1909 5675 2063 5728; x_wconf 81' lang='grc' dir='ltr'>τησις</span> <span class='ocrx_word' id='word_1_840' title='bbox 2119 5661 2212 5709; x_wconf 73' lang='grc' dir='ltr'><strong>τοῦ</strong></span> <span class='ocrx_word' id='word_1_841' title='bbox 2266 5656 2412 5726; x_wconf 67' lang='grc' dir='ltr'>πλτρ</span> <span class='ocrx_word' id='word_1_842' title='bbox 2440 5659 2686 5726; x_wconf 77' lang='grc' dir='ltr'>ἀρχείου,</span> <span class='ocrx_word' id='word_1_843' title='bbox 2725 5658 2982 5728; x_wconf 77' lang='lat' dir='ltr'><strong>alterum,</strong></span> <span class='ocrx_word' id='word_1_844' title='bbox 3021 5657 3129 5728; x_wconf 76' lang='grc' dir='ltr'><strong>Τοῦ</strong></span> <span class='ocrx_word' id='word_1_845' title='bbox 3168 5656 3334 5707; x_wconf 83' lang='grc' dir='ltr'><strong>αὑιού</strong></span> <span class='ocrx_word' id='word_1_846' title='bbox 3387 5675 3464 5707; x_wconf 82' lang='grc' dir='ltr'><strong>πα</strong></span> 
     </span>
    </p>
   </div>
   <div class='ocr_carea' id='block_1_118' title="bbox 1908 5726 3490 5800">
    <p class='ocr_par' dir='ltr' id='par_1_118' title="bbox 1908 5726 3490 5800">
     <span class='ocr_line' id='line_1_118' title="bbox 1908 5726 3490 5800; baseline 0 -22"><span class='ocrx_word' id='word_1_847' title='bbox 1908 5726 2173 5796; x_wconf 64' lang='grc' dir='ltr'>τριαρχου</span> <span class='ocrx_word' id='word_1_848' title='bbox 2225 5728 2632 5800; x_wconf 70' lang='grc' dir='ltr'>ύπτιμνηςτικδν</span> <span class='ocrx_word' id='word_1_849' title='bbox 2680 5728 2756 5790; x_wconf 75' lang='grc' dir='ltr'><strong>εἰς</strong></span> <span class='ocrx_word' id='word_1_850' title='bbox 2788 5730 2878 5778; x_wconf 67' lang='grc' dir='ltr'>τὸν</span> <span class='ocrx_word' id='word_1_851' title='bbox 2921 5726 3146 5797; x_wconf 79' lang='grc' dir='ltr'>βασιλέα</span> <span class='ocrx_word' id='word_1_852' title='bbox 3189 5729 3282 5779; x_wconf 79' lang='grc' dir='ltr'>τὸν</span> <span class='ocrx_word' id='word_1_853' title='bbox 3313 5728 3490 5793; x_wconf 74' lang='grc' dir='ltr'>ἂγιον.</span> 
     </span>
    </p>
   </div>
   <div class='ocr_carea' id='block_1_119' title="bbox 1913 5800 2118 5852">
    <p class='ocr_par' dir='ltr' id='par_1_119' title="bbox 1913 5800 2118 5852">
     <span class='ocr_line' id='line_1_119' title="bbox 1913 5800 2118 5852; baseline 0.005 -1"><span class='ocrx_word' id='word_1_854' title='bbox 1913 5800 2118 5852; x_wconf 60' lang='grc' dir='ltr'>Βυιγξκ.</span> 
     </span>
    </p>
   </div>
  </div>
