4240 6442
228 415 326 478 469
473 411 550 485 [Α.
593 427 644 468 c.
690 412 826 469 I282
863 431 928 470 ω
971 413 1130 486 1523]

1209 419 1526 482 ΒΥΖΑΝΤΙ
1539 423 1656 482 ΝΛΞ
1682 424 1812 482 HIS

1835 423 2065 484 [‘ORHZ
2091 425 2236 487 LIB,
2273 423 2432 486 νιῐι,
2513 416 2643 492 [tum
2687 435 2976 476 anoaomc.
3037 419 3184 494 εειι.]

3379 424 3493 490 470

229 534 348 585 σἹαι
377 533 620 588 ἐκέλευε.
656 535 730 587 Τὸ
770 536 815 588 δ’
847 536 1044 601 αἴτιον,
1078 537 1160 590 ὅτι
1197 536 1293 591 καὶ
1332 535 1424 589 τδν
1456 536 1558 604 τῆς
1593 538 1802 610 μητρὸς

1835 545 1877 599 Α
1905 545 2048 604 erat,
2078 537 2224 607 quod
2251 537 2478 593 alterius
2511 537 2762 593 mulieris
2801 537 3186 597 vehementior
3207 549 3264 598 et
3291 551 3487 614 poten-

228 625 390 679 αὐτοῦ
444 627 705 697 Καθαρὶς
740 627 921 699 ἔρωτα
961 629 1148 699 ἕτερος
1186 630 1449 699 ἐξαπίνης
1480 627 1803 698 ἐπιδραμὼν

229 719 593 790 ἀντέκρουσεν
626 721 764 791 ἔρως
819 723 1284 792 ὲπικρατέστερος
1331 720 1513 792 πολλῷ
1546 722 1639 776 καὶ
1673 738 1805 788 σφο-

227 810 376 878 δρότε
387 827 504 880 ρος.

295 902 369 958 Β’.
420 903 574 956 Ἐπεὶ
599 903 706 974 γὰρ
736 904 874 976 πρὸς
913 904 1008 958 τοῦ
1043 906 1255 976 πατρὸς
1285 908 1380 959 καὶ
1412 905 1674 977 βασιλέως
1705 905 1806 974 τὴν

228 996 531 1066 ἐπιτροπὴν
559 996 920 1060 ιδέξιτο“τῶν
945 1014 1008 1050 τε
1041 1000 1098 1051 ὲν
1125 1000 1434 1069 Μακεδονίᾳ
1461 998 1806 1068 πραγμάτων

232 1088 321 1140 καὶ
352 1087 758 1160 Θεσσαλονίκης
785 1091 958 1157 αὐτῆς
986 1090 1244 1161 (διέτρισε
1270 1091 1324 1144 δὲ
1353 1093 1424 1144 τά
1458 1091 1688 1144 πλεῖστα
1710 1089 1807 1142 τοῦ

229 1180 418 1240 ἄστεος
467 1181 616 1234 ἔνδον
663 1181 1114 1252 Θεσσαλονίκης),
1146 1182 1310 1254 ἔρωτι
1357 1187 1617 1252 γυναικὸς
1665 1182 1806 1236 ἑάλω

229 1271 368 1334 τινὸς
400 1271 507 1324 τῶν
538 1273 842 1340 ἐπιφανῶν.
871 1270 978 1326 Ἦν
1003 1275 1060 1327 δὲ
1095 1273 1231 1343 αὕτη
1260 1274 1510 1344 θυγάτηρ
1545 1275 1643 1344 μὲν
1674 1275 1807 1326 Νεο-

231 1362 582 1428 καισαρ;ίτου
628 1363 721 1415 τοῦ
769 1364 1258 1434 πρωτασηκρῆτις,
1303 1369 1536 1433 σύζυγος
1570 1365 1623 1416 δὲ
1650 1366 1806 1418 Κων-

232 1453 512 1505 σταντίνου
547 1455 642 1506 τοῦ
684 1455 1076 1518 Παλαιολόγου.
1125 1455 1284 1510 Οὕτω
1338 1459 1384 1510 δ’
1425 1457 1806 1526 ἀπαράμιλλος

230 1539 296 1614 ἦν
324 1544 404 1614 τῷ
434 1561 491 1597 τε
515 1546 613 1614 τῆς
637 1547 813 1614 ὅψεως
844 1547 1033 1600 κάλλει
1061 1549 1157 1600 καὶ
1187 1550 1253 1619 τῇ
1286 1551 1384 1619 τῆς
1425 1547 1674 1617 γλώττης
1700 1546 1809 1598 δει-

229 1636 412 1704 νότητι
444 1637 539 1688 καὶ
573 1636 648 1705 τῷ
715 1637 981 1709 φέρποντι
1015 1636 1112 1690 τοῦ
1145 1638 1310 1708 ἧθους
1347 1637 1522 1707 ὑγρῷ,
1567 1636 1709 1689 ὥστε
1745 1638 1804 1690 οὐ

225 1730 346 1794 ταῖς
386 1729 497 1782 τῶν
530 1730 971 1799 ἐντυγχακόντων
1003 1732 1163 1800 μόνον
1189 1732 1390 1800 ψυχαῖς
1415 1731 1656 1798 ἀφυκτόν
1685 1747 1805 1782 τινα

223 1823 321 1889 τὴν
358 1821 634 1891 ἐρωτικὴν
667 1821 911 1892 σαγήνην
939 1823 1295 1892 ὲπὲρῤιπτεν,
1332 1821 1471 1876 ἀλλά
1504 1824 1610 1874 κάκ
1637 1824 1807 1892 μόνης

221 1917 318 1982 τῆς
348 1916 542 1985 φήμης
577 1917 704 1978 τοὺς
743 1916 1033 1981 πλείστους
1082 1916 1222 1984 πρ³ς
1270 1917 1396 1980 τοὺς
1434 1917 1633 1986 ἑαυτῆς
1678 1915 1804 1970 ἀνέ-

221 2008 420 2075 φλεγεν
440 2007 673 2077 ἔρωτας.
717 2007 875 2063 Οὕτω
905 2008 1014 2080 γὰρ
1042 2009 1074 2080 ὴ
1116 2008 1278 2076 φύσις
1309 2011 1438 2081 περὶ
1465 2009 1564 2080 τὴν
1595 2008 1804 2080 ἀνθρω-

219 2117 320 2152 πον
359 2101 818 2173 ἐφιλοτιμήσατο,
851 2100 992 2155 ὥστε
1028 2100 1233 2172 πολλὴν
1271 2102 1372 2171 μὲν
1406 2103 1499 2154 ἐπὶ
1543 2099 1638 2154 τοῦ
1670 2118 1805 2171 προ-

220 2193 406 2246 σώπου
460 2193 560 2263 τὴν
618 2193 928 2264 εὐρυθμίαν
979 2195 1299 2266 ἑφήπλωσε,
1343 2194 1548 2262 πολλὴν
1599 2193 1656 2247 δὲ
1705 2195 1804 2266 τὴν

219 2285 456 2355 ὀξύτητα
507 2286 640 2357 περὶ
675 2287 775 2358 τὴν
813 2288 1060 2342 διάνοιαν
1113 2288 1472 2359 ὲθησαύρισε,
1505 2289 1708 2360 πολλὴν
1742 2288 1802 2342 δι

221 2383 316 2436 καὶ
341 2385 410 2452 τῇ
445 2379 662 2453 γλώττῃ
712 2383 984 2453 ὲνήρμοσε
1034 2383 1133 2452 τὴν
1184 2380 1364 2436 πειθὼ
1397 2383 1488 2436 καὶ⁵
1517 2380 1801 2453 δεινότητα

223 2475 315 2528 καὶ
344 2476 405 2526 τὸ
437 2471 738 2544 εὔστροφον
772 2475 867 2527 καὶ
896 2475 1122 2545 ἐπίχαρι
1157 2476 1256 2545 τῆς
1281 2476 1468 2546 ἠχοῦς.
1496 2470 1604 2530 Ἦν
1631 2477 1688 2530 δὲ
1711 2477 1805 2528 καὶ

225 2569 416 2635 σοφίας
445 2570 544 2638 τῆς
599 2567 834 2638 θύραθεν
877 2570 980 2622 ούκ
1029 2569 1261 2640 ἄμοιρος
1291 2572 1323 2640 ἡ
1365 2571 1524 2638 γυνή.
1555 2565 1666 2623 Ἦν
1693 2571 1806 2641 γάρ

226 2660 354 2712 ίδεῖν
386 2660 562 2728 αὐτὴν
591 2660 770 2714 πάντα
802 2661 898 2714 καὶ
942 2663 1172 2714 παντοῖα
1205 2661 1404 2732 ῥαδίως
1439 2662 1582 2716 κατά
1613 2662 1806 2725 καιρὸν

223 2754 282 2804 ὲν
299 2754 365 2822 τῇ
402 2751 592 2823 ὁμιλία
622 2753 710 2806 διά
743 2753 991 2825 γλώττης
1017 2753 1425 2824 προφέρουσαν,
1454 2757 1554 2808 ὃσα
1579 2772 1640 2806 τε
1665 2756 1804 2825 αὐτὴ

223 2844 288 2897 δι’
319 2845 524 2915 ἑαυτῆς
554 2846 855 2912 ἀνεγνώκει
887 2845 984 2898 καὶ
1022 2846 1124 2899 ὅσα
1165 2846 1433 2913 λεγόντων
1462 2845 1638 2900 ἀλλων
1668 2845 1806 2917 ἀκή-

223 2956 374 3000 κοεν,
427 2940 503 3001 ῶς
549 2938 739 2992 Θεανώ
789 2957 910 2993 τινα
961 2939 1353 3010 Πυθαγορικὴν
1393 2941 1488 2993 καὶ
1556 2939 1804 2992 Υπατίαν

224 3031 395 3101 ἀλλην
421 3032 792 3100 ὀνομάζεσθαι
827 3032 1034 3104 ταύτην
1066 3035 1202 3102 πρὸς
1249 3033 1360 3085 τῶν
1408 3034 1494 3101 ἐφ’
1521 3033 1680 3103 ἡμῶν
1715 3051 1804 3086 σο·-

224 3126 368 3192 ςωτέ
380 3143 512 3195 ρων.
535 3124 753 3179 Τούτων
769 3125 1026 3179 ἀπάντων
1041 3127 1451 3188 Κωνσταντῖνος
1471 3128 1498 3179 ό
1516 3125 1802 3196 δεσπότης,

221 3217 298 3281 ὼς
329 3217 571 3286 ἔφημεν,
609 3220 667 3279 ες
709 3218 779 3270 τὰ
824 3217 1063 3287 μάλιστα
1093 3218 1299 3288 ἥττητο
1341 3219 1436 3272 καὶ
1464 3217 1809 3287 ἀπεπειρᾶτο

221 3313 323 3379 τῆς
353 3308 621 3376 γυναικὸς
682 3311 773 3362 καὶ
822 3309 998 3379 λάθρα
1043 3309 1196 3378 ἠξίου
1250 3309 1566 3379 μίγνυσθαι.
1613 3309 1676 3362 Ἠ
1725 3309 1804 3374 δὲ,

222 3403 334 3455 εττε
376 3401 475 3453 τὸν
529 3399 767 3468 σύζυγον
817 3400 1112 3467 δεδοικυῖα,
1166 3402 1276 3455 εἴτε
1326 3402 1714 3471 μυσαττομένη
1748 3401 1810 3454 τὸ

221 3498 320 3566 τῆς
349 3497 603 3563 πράξεως
620 3495 881 3566 ἄθεσμον,
907 3496 1198 3549 ἀνθίστατό
1216 3497 1226 3566 |
1243 3497 1300 3550 P.
1331 3495 1458 3567 181]
1483 3513 1542 3550 τε
1567 3499 1658 3550 καὶ
1678 3497 1813 3548 ἀπε-

222 3590 483 3659 τρέπετο.
518 3589 580 3642 '0
611 3588 656 3641 δ’
699 3588 824 3641 ὅσον
863 3589 1082 3659 ικείνην
1126 3589 1585 3659 ἀποτρεπομένην
1633 3588 1806 3659 ἐώρα,

221 3681 485 3734 τοσοῦτον
510 3678 674 3743 αὐτὸς
708 3682 848 3751 πρὸς
899 3681 1152 3750 μείζονας
1197 3682 1452 3746 ὲξεκάετο
1481 3683 1609 3747 τοὺς
1639 3683 1812 3752 αὐτῆς

1836 3266 1883 3328 C

1910 631 2016 684 tior
2041 631 2215 687 multo
2244 647 2402 686 amor
2433 641 2658 696 repente
2681 633 2952 688 excitatus
2977 633 3237 690 Catbara:
3261 651 3483 706 quoque

1908 725 2100 780 matris
2131 726 2252 797 ejus
2277 741 2522 780 amorem
2549 724 2858 795 depulerat.

1977 903 2045 958 ll.
2087 904 2221 958 Nam
2260 919 2444 958 rerum
2485 903 2962 960 Macedonicarum
2997 915 3054 961 et
3094 905 3267 977 ipsius
3307 904 3491 961 Thes-

1909 996 2165 1052 salonicae
2197 995 2581 1065 praefecturam
2617 1011 2741 1050 cum
2778 1012 2807 1050 a
2844 1005 2997 1065 patre
3030 997 3363 1067 imperatore
3392 1011 3488 1052 ac-

1910 1090 2166 1157 cepisset,
2200 1097 2254 1140 et
2285 1087 2343 1141 in
2377 1102 2442 1142 ea
2479 1091 2612 1142 urbe
2647 1089 2974 1158 plerumque
2999 1102 3333 1152 versaretur,
3369 1106 3460 1143 mu

1909 1178 2065 1233 Iieris
2093 1178 2378 1248 cujusdam
2412 1177 2642 1233 illustris
2673 1194 2860 1233 amore
2902 1189 3096 1249 captus
3126 1188 3230 1233 est.
3263 1177 3396 1233 Erat
3423 1193 3489 1234 ea

1909 1270 2288 1325 Nicoczesarita:
2323 1271 2770 1340 protosecretarii
2811 1270 2941 1338 lilia,
2985 1271 3334 1326 Constantini
3383 1270 3491 1325 Pa-

1910 1363 2120 1432 lmologi
2158 1379 2314 1416 uxor.
2341 1363 2416 1418 Ita
2445 1379 2576 1419 vero
2605 1375 2660 1419 et
2685 1364 2955 1434 elegantia
2989 1363 3178 1419 forma
3206 1375 3261 1418 et
3289 1366 3491 1435 linguae

1910 1454 2169 1510 facundia
2207 1465 2263 1510 et
2308 1455 2508 1511 blanda
2541 1471 2755 1511 morum
2790 1457 3048 1512 comitate
3089 1462 3400 1526 praestabat,
3431 1467 3492 1513 ut

1912 1563 2020 1600 non
2072 1548 2234 1601 modo
2285 1561 2509 1617 aspectu
2560 1562 2661 1604 suo
2711 1548 2928 1602 animos
2961 1563 3180 1613 eorum,
3224 1564 3254 1604 a
3289 1548 3493 1618 quibus

1910 1639 2192 1705 adibatur,
2223 1639 2531 1695 inevitabili
2563 1640 2799 1708 quodam
2833 1641 3041 1696 amoris
3067 1641 3262 1712 laqueo
3308 1642 3494 1698 irreti-

1912 1742 2016 1800 ret,
2052 1734 2146 1789 sed
2187 1735 2304 1790 sola
2347 1735 2514 1790 etiam
2562 1735 2705 1790 fama
2753 1735 3023 1790 excitatos
3070 1735 3340 1806 plurimos
3373 1736 3491 1805 pari

1912 1830 2105 1880 ardore
2143 1825 2524 1882 inflammaret.
2562 1827 2734 1882 Tanta
2781 1827 2928 1880 enim
2973 1835 3180 1881 natura:
3216 1825 3322 1881 fuit
3361 1843 3494 1897 erga

1835 1900 1881 1960 Β
1907 1937 2028 1976 eam
2057 1922 2382 1987 liberalitas,
2416 1931 2476 1976 ut
2507 1931 2619 1976 toto
2647 1921 2802 1975 vultu
2830 1921 3158 1992 elegantiam
3186 1919 3488 1990 praeferret;

1909 2016 1963 2070 in
2026 2016 2246 2086 ingenio
2311 2015 2611 2085 plurimum
2647 2013 2811 2088 294
2839 2014 3133 2081 acuminis,
3188 2014 3244 2068 in
3303 2013 3492 2085 lingua

1911 2109 2021 2163 vim
2055 2108 2278 2164 dicendi
2325 2123 2391 2164 ac
2440 2107 2808 2178 persuadendi
2859 2108 3176 2172 maximam,
3229 2121 3332 2162 nec
3383 2122 3491 2161 non

1914 2206 2315 2262 volubilitatem
2348 2205 2597 2260 haberet.
2635 2205 2766 2259 Erat
2795 2212 2851 2258 et
2887 2201 3309 2258 humanioribus
3342 2202 3491 2257 litte-

1915 2299 1994 2353 ris
2039 2297 2283 2360 erudita,
2330 2305 2389 2352 et
2439 2297 2494 2350 in
2545 2294 2913 2350 familiaribus
2960 2295 3254 2364 colloquiis
3305 2293 3492 2348 omnia

1911 2391 2092 2446 omnis
2135 2390 2378 2462 generis,
2429 2404 2552 2460 quas
2607 2397 2715 2442 tam
2772 2388 2887 2458 ipsa
2935 2386 3167 2456 legerat,
3210 2401 3374 2455 quam
3424 2400 3492 2438 ex

1911 2483 2038 2537 aliis
2068 2481 2342 2541 audierat,
2390 2477 2554 2534 facile
2606 2487 2662 2535 ct
2706 2488 3019 2549 Opportune
3065 2477 3394 2548 proferebat,
3435 2483 3496 2529 ut

1912 2577 2081 2631 altera
2113 2573 2341 2628 Theano
2392 2572 2748 2644 Pythagorica
2806 2580 2864 2627 et
2917 2571 3089 2626 altera
3147 2570 3377 2641 Hypatia
3422 2569 3492 2624 ab

1916 2665 2316 2722 eruditioribns
2340 2665 2657 2736 quibusque
2684 2663 3078 2735 appellaretur.
3113 2662 3210 2718 His
3238 2662 3494 2716 omnibus

1915 2758 2309 2816 Constantinus
2351 2757 2602 2826 despota,
2649 2765 2706 2810 ut
2750 2755 3008 2818 diximus,
3056 2755 3283 2810 omnino
3316 2753 3495 2808 victus

1913 2863 2019 2916 est,
2059 2859 2118 2906 ut
2159 2851 2279 2922 ejus
2314 2849 2636 2920 pudicitiam
2671 2858 2930 2912 tentaret,
2985 2857 3041 2903 et
3090 2847 3492 2901 clandestinum

1911 2946 2032 3016 ejus
2086 2943 2440 2998 concubitum
2492 2950 2720 3012 peteret.
2772 2941 2891 3011 Ipsa
2940 2956 3093 3003 vero,
3145 2941 3261 2994 sive
3313 2939 3494 2995 mariti

1915 3047 2060 3092 metu
2082 3035 2496 3099 deterrita,sive
2529 3049 2642 3088 rem
2660 3035 2832 3104 ipsam
2869 3042 3054 3103 utpote
3075 3032 3320 3086 illicitum
3341 3047 3498 3086 aver-

1914 3140 2050 3194 sata,
2097 3128 2389 3183 resistebat
2429 3143 2493 3182 ac
2539 3125 2867 3198 refugiebat.
2905 3126 2999 3180 llle
3043 3140 3152 3194 quo
3195 3124 3367 3192 magis
3397 3123 3497 3177 ab-

1915 3224 2140 3277 horrere
2165 3236 2287 3276 eam
2327 3220 2566 3285 videbat,
2613 3235 2681 3276 eo
2729 3220 3112 3275 vehementius
3146 3233 3334 3272 amore
3378 3218 3499 3287 ejus

1918 3315 2336 3372 incendebatur.
2371 3315 2584 3385 Itaque,
2615 3317 2759 3383 quod
2788 3315 2866 3367 ait
2908 3312 3081 3374 Plato,
3115 3312 3351 3366 amantis
3376 3311 3500 3364 ani-

1917 3425 2060 3462 mam
2095 3408 2276 3462 videre
2305 3407 2504 3462 eratin
2538 3406 2718 3460 alieno
2751 3420 2982 3474 corpore
3010 3405 3330 3472 spirantem.
3357 3403 3495 3458 Cum

1917 3510 2098 3555 autem
2123 3499 2418 3568 aliquando
2455 3506 2576 3567 post
2611 3497 2841 3551 maritus
2870 3497 2991 3566 ejus
3015 3496 3361 3557 decessisset,
3383 3496 3494 3565 jam

1918 3592 2102 3645 acrius
2129 3606 2244 3645 rem
2280 3589 2508 3659 urgebat
2536 3588 2813 3658 despotes,
2852 3601 3207 3656 omnemque,
3247 3595 3308 3641 ut
3335 3587 3498 3654 vulgo

1917 3685 2095 3746 aiunt,
2129 3681 2384 3738 movebat
2412 3679 2667 3750 lapidem,
2704 3696 2814 3749 quo
2845 3679 2990 3732 illam
3041 3694 3266 3732 uxorem
3315 3677 3500 3758 legitig-

223 3775 468 3844 ἔρωτας
498 3774 592 3828 καὶ
635 3769 704 3845 ἧν
756 3774 908 3839 ίδεῖν,
951 3776 1008 3827 ab
1045 3774 1138 3828 τοῦ
1180 3776 1484 3840 Πλάτωνος,
1508 3777 1605 3847 τὴν
1634 3775 1812 3848 ψυχὴν

1911 3792 2052 3831 mam
2088 3777 2336 3830 duceret.
2375 3775 2495 3838 Quo
2537 3773 2704 3837 facto,
2750 3772 2999 3826 omnium
3031 3770 3264 3824 aliarum
3299 3769 3498 3822 mulie-

223 3868 322 3921 τοῦ
359 3869 592 3938 ἐρῶντος
624 3869 681 3920 ὲν
717 3867 985 3940 ἀλλοτρίῳ
1042 3870 1226 3934 ζῶσαν
1269 3870 1344 3938 τῷ
1382 3869 1619 3941 σώματι.
1663 3871 1812 3925 Ἐπεὶ

1914 3885 2036 3924 rum
2086 3876 2142 3922 et
2192 3881 2442 3921 amorum
2494 3865 2719 3931 oblitus,
2757 3864 3042 3934 ipsiusque
3087 3862 3225 3917 adeo
3269 3861 3365 3916 filii
3399 3861 3498 3915 lli-

222 3962 280 4014 δὶ
315 3961 458 4030 μετά
488 3961 684 4031 χρόνον
712 3962 839 4017 τινὰ
871 3961 962 4014 τὸν
1005 3961 1122 4031 βίον
1155 3965 1182 4015 ὁ
1223 3962 1430 4032 ταύτης
1461 3963 1698 4017 ἀπέλιπε
1725 3962 1812 4016 σύ-

1914 3961 2122 4016 cbaelis
2148 3959 2396 4022 Cathari,
2432 3974 2621 4027 quem,
2674 3966 2733 4010 ut
2777 3957 3036 4019 diximus,
3064 3973 3132 4010 ex
3169 3955 3364 4010 ancilla
3393 3955 3499 4009 Ca-

223 4053 416 4120 ζυγος,
452 4052 552 4122 ἤδη
586 4053 952 4124 σφοδρότερον
1003 4049 1073 4124 ἦν
1123 4055 1444 4123 ἐγκείμενος
1486 4057 1514 4108 ό
1548 4055 1812 4125 δεσπότης

1915 4057 2072 4111 thara
2099 4059 2441 4121 susceperat,
2469 4049 2634 4104 unius
2663 4047 2918 4104 Eudocia:
2940 4047 3316 4118 Palazologina:
3339 4061 3495 4100 amo-

224 4148 324 4198 καὶ
354 4144 535 4197 πάντα
561 4144 706 4198 λίθον
737 4147 926 4211 κινῶν,
951 4146 1012 4200 τὸ
1044 4147 1137 4200 τού
1173 4147 1356 4216 λόγου,
1394 4149 1628 4218 νόμιμον
1681 4149 1812 4218 ἀγα-

1919 4149 2077 4203 rinus
2110 4146 2358 4200 vacabat.

222 4237 420 4306 γὲσθαι
458 4238 781 4309 βουλόμενος
817 4240 1075 4310 σύζυγον.
1108 4236 1182 4296 Ob
1213 4242 1278 4311 δὴ
1308 4242 1598 4311 γεγονότος
1664 4243 1854 4297 πασῶν
1895 4242 2060 4306 εὐθὺς
2128 4241 2413 4307 ἐξελάθετο
2449 4240 2728 4309 γυναικῶν
2777 4239 2871 4291 καὶ
2913 4237 3134 4309 ἐρώτων
3178 4235 3354 4289 ἄλλων
3401 4233 3494 4286 καὶ

222 4331 396 4386 αξιτοῦ
445 4349 508 4400 γε
537 4333 632 4386 τοῦ
675 4335 934 4404 ῥηθέντος
974 4337 1136 4399 υίὲως
1183 4336 1443 4407 Καθαροῦ
1487 4337 1729 4408 Μιχαὴλ,
1794 4338 1853 4392 ὃν
1893 4338 1957 4390 εκ
2001 4339 2098 4402 τῆς
2140 4335 2523 4406 θεραπαινίδος
2563 4335 2862 4404 γεγέννηκε
2890 4349 2902 4362 ·
2946 4332 3039 4385 καὶ
3076 4327 3144 4396 ἦν
3180 4329 3349 4400 μόνης
3376 4328 3501 4398 θερ-

231 4430 352 4499 μῶς
377 4428 699 4498 ὲξεχόμενος
729 4429 992 4494 Εύδοκίας
1019 4431 1119 4500 τῆς
1151 4431 1580 4503 Παλαιολογίνης
1605 4432 1742 4502 (51).

299 4521 376 4575 Γ.
405 4521 610 4574 Τοῦτον
634 4519 697 4588 δὴ
727 4514 820 4573 οὖν
848 4521 940 4573 τὸν
983 4520 1238 4589 Καθαρὸν
1278 4523 1498 4593 Μιχαὴλ
1529 4540 1812 4578 πεντεκαι-

1986 4518 2075 4574 Ill.
2116 4518 2258 4572 Eum
2321 4516 2641 4572 Michaelem
2689 4514 3009 4576 Catliarum,
3060 4530 3264 4569 annum
3323 4517 3501 4569 aetatis

226 4614 460 4667 δέκατον
489 4612 587 4681 ἤδη
622 4611 814 4682 χρόνον
849 4614 949 4682 τῆς
993 4611 1212 4681 ἡλικίας
1260 4613 1564 4683 ἀμείϐοντα
1591 4613 1812 4684 πέμψας

1915 4609 2193 4666 decimum
2232 4609 2488 4679 quintum
2512 4609 2623 4678 jam
2649 4618 2921 4678 agentem,
2954 4607 3257 4677 Imperator
3282 4607 3506 4662 Andro-

227 4709 255 4758 ό
288 4706 546 4776 βασιλεὺς
592 4705 936 4775 Ἀνδρόνικος
977 4709 1004 4758 ό
1059 4707 1290 4774 γηραιὸς
1343 4707 1732 4777 προσηγάγετό
1757 4721 1812 4757 τε

1849 4720 1895 4776 ι)
1924 4700 2084 4754 nicus
2110 4699 2298 4754 senior
2337 4699 2662 4754 arcessitum
2693 4700 2880 4768 pueris
2907 4697 3210 4753 domestica
3253 4699 3476 4755 ministe

228 4797 328 4850 καὶ
359 4797 472 4859 τοῖς
492 4793 614 4848 κατ’
639 4791 789 4848 οἷκον
811 4795 1165 4864 ὑπηρετικοῖς
1193 4795 1499 4866 παιδαρίοις
1523 4795 1634 4865 (52)
1672 4811 1810 4864 συγ-

1924 4791 2005 4845 ria
2040 4791 2373 4846 obeuntibus
2423 4791 2633 4846 socium
2669 4790 2941 4845 ascribit:
3000 4791 3258 4859 primum.
3311 4806 3380 4843 ne
3433 4789 3504 4846 ab

230 4889 536 4953 κατέὶεξεο
597 4887 818 4957 πρῶτον
866 4888 987 4955 μὲν,
1021 4887 1108 4939 ἵνα
1159 4887 1234 4958 μὴ
1273 4887 1600 4958 διαφθαρείη
1646 4887 1812 4958 λιμῷ,

1922 4884 2181 4939 omnibus
2212 4882 2374 4954 295
2397 4883 2682 4954 neglectus
2706 4882 2848 4937 fame
2875 4883 3081 4951 periret
3115 4898 3130 4937 :
3159 4881 3361 4936 deinde
3389 4882 3508 4936 for-

230 4979 468 5050 μηδενὸς
523 4978 978 5048 προμηθουμένου
999 4994 1015 5011 ο
1046 4979 1300 5050 δεύτερον
1343 4979 1388 5032 δ’
1439 4980 1570 5043 ἴσως
1601 4980 1689 5034 ἵνα
1720 4979 1812 5032 καί

1925 4987 2090 5044 tasse,
2127 4987 2188 5032 ut
2213 4992 2312 5047 per
2344 4992 2472 5031 eum
2506 4977 2775 5048 sanguine
2814 4976 3175 5046 imperatorio
3201 4985 3384 5029 ortum
3415 4976 3499 5029 af-

227 5087 343 5123 τινι
367 5071 476 5122 τῶν
509 5070 668 5138 πέριξ
706 5069 879 5125 ἐθνῶν
913 5073 991 5134 είς
1031 5071 1194 5138 κῆδος
1222 5071 1426 5140 δοθείη,
1450 5071 1526 5136 ῶς
1555 5072 1614 5139 ἐξ
1646 5072 1812 5142 αἷμα-

1924 5067 2106 5123 finitas
2138 5084 2262 5122 cum
2287 5067 2471 5137 aliqua
2496 5084 2562 5122 ex
2593 5067 2841 5121 finitimis
2867 5067 3128 5137 gentibus
3153 5066 3500 5136 iungeretur,

228 5179 326 5225 τος
361 5160 436 5214 ῶν
469 5161 745 5230 βασιλείου
800 5163 899 5216 καὶ
941 5164 1171 5233 γένηται
1207 5164 1450 5217 σπονδῶν
1481 5181 1648 5218 τινων
1679 5165 1812 5233 πρό-

1919 5173 2086 5231 atque
2122 5171 2181 5215 ut
2211 5161 2436 5216 fcederis
2461 5161 2696 5230 alicujus
2724 5159 3061 5215 conciliandi
3088 5160 3305 5214 occasio
3329 5169 3501 5222 esset,

231 5251 388 5315 ξενος
426 5248 517 5299 καί
565 5265 711 5311 τινος
751 5249 1024 5319 ὠφελείας
1079 5249 1376 5320 Ῥωμαίοις
1408 5252 1504 5302 καὶ
1533 5253 1645 5314 τοῖς
1687 5251 1812 5304 Ῥω·

1921 5254 2293 5324 Romanisque
2319 5263 2377 5307 et
2417 5253 2491 5307 rei
2526 5253 2788 5306 Romana:
2815 5253 3062 5322 quolibet
3091 5251 3308 5305 tandem
3341 5263 3502 5321 pacto

234 5343 427 5412 μαίων
463 5340 788 5411 πράγμασιν
830 5343 1025 5405 αἴτιος.
1065 5341 1126 5395 '0
1155 5341 1211 5394 δὲ
1247 5343 1530 5412 κομισθεὶς
1569 5347 1664 5397 καὶ
1701 5343 1812 5396 δια-

1919 5347 2222 5416 prodesset.
2254 5345 2349 5400 llle
2383 5354 2566 5400 autem
2602 5361 2726 5399 cum
2761 5346 2812 5398 in
2851 5344 3052 5415 palatio
3084 5342 3419 5399 educaretur
3446 5354 3502 5399 et

1585 5480 1921 5541 Variornm
1954 5487 2141 5539 nota}.

312 5601 430 5671 (5|)
477 5599 855 5671 Neoczesarttae
907 5598 1068 5666 primi
1106 5613 1134 5650 a
1189 5601 1422 5671 secretis
1472 5601 1613 5664 tiliae,
1667 5604 1816 5656 (lon-

235 5667 477 5731 stantini
513 5668 795 5735 Palaaologi
825 5669 1067 5736 despotae
1102 5667 1309 5725 uxoris,
1347 5686 1409 5723 ac
1437 5687 1501 5724 ex
1530 5672 1636 5725 alio
1667 5672 1815 5726 Con-

235 5741 492 5799 stantino
520 5756 630 5791 'nm
663 5739 861 5798 viduae,
897 5735 1043 5790 unde
1082 5735 1447 5810 l_’alw_o_logina
1497 5742 1582 5794 hic
1615 5757 1815 5810 cogno-

241 5822 514 5869 minatur.
563 5827 626 5860 ex
687 5812 866 5878 priore
895 5807 1168 5878 conjugiu.
1213 5806 1345 5863 Vide
1376 5814 1518 5866 idem
1555 5806 1810 5868 stetntna.

245 5886 489 5937 Dx'tSU-

1994 5603 2106 5671 (52)
2142 5601 2627 5667 Adolescentibus,
2667 5617 2807 5671 quos
2841 5601 3306 5671 ἀρίοντοπούλους
3336 5618 3501 5659 voca-

1921 5674 2072 5730 bant.
2111 5673 2264 5733 νέους
2293 5673 2398 5724 τῶν
2445 5671 2812 5740 εὐπατριδῶν,
2857 5671 3282 5728 Cantaiznzenus
3307 5675 3404 5727 lib.
3442 5690 3500 5738 ιι,

1922 5760 2043 5811 cap.
2076 5743 2184 5806 40;
2216 5745 2366 5802 νέους
2394 5743 2504 5793 τῶν
2539 5742 2964 5810 εὐγενεστέρων.
2995 5745 3089 5798 lib.
3127 5759 3208 5807 Ill,
3257 5759 3378 5811 cap.
3409 5744 3500 5800 43.

1927 5813 2059 5868 Vide
2092 5813 2264 5868 Gloss.
2303 5815 2436 5866 med.
2473 5813 2687 5868 ercit.
2723 5813 2775 5866 in
2817 5813 2921 5866 hac
2952 5829 3101 5871 voce.
3147 5815 3382 5871 Ducum.
