4240 6442
703 419 813 486 4⁵15
955 416 1031 491 [Δ.
1073 433 1131 474 ιι.
1171 417 1306 476 6791
1346 436 1414 476 tto
1453 420 1617 492 6856]

1871 427 2289 488 NICEPHORI
2327 422 2724 487 GREGORE.

2995 411 3130 484 [ιιιν.
3173 427 3458 468 asumma.
3520 412 3668 484 sum]

3855 412 3970 480 478

703 544 762 588 et
793 536 847 589 in
878 535 1117 592 vincula.
1155 543 1215 589 ιιι
1240 535 1501 598 diximus,
1538 535 1845 599 conjectum
1883 537 1948 590 ad
1982 541 2272 607 imperato-
2299 534 2350 596 Α

2299 534 2350 596 Α
2378 535 2717 604 εἰρήκειμεν,
2745 527 2936 582 τοῦτον
2959 526 3274 597 ἐπεπόμφει
3295 525 3372 596 τῷ
3407 525 3641 595 βασιλεῐ.
3659 523 3820 580 Ἀλλὰ
3855 526 3970 595 γὰρ

705 640 820 681 rem
855 626 1023 681 misit.
1076 627 1159 682 Ob
1205 627 1337 682 illud
1374 628 1582 683 crimen
1625 628 1954 702 Syrgiannes
1989 631 2041 685 in
2087 640 2276 687 custo-

705 720 854 774 diam
883 721 1045 774 datus
1075 719 1168 774 diu
1199 735 1419 775 carcere
1463 720 1705 777 inclusus
1745 722 1968 777 mansit.
2005 723 2111 778 Sed
2151 738 2276 778 cum

705 813 826 883 ejus
861 823 1033 866 mater
1059 813 1264 881 gemitu
1299 823 1354 866 et
1384 813 1637 883 lacrymis
1669 815 1850 869 aulam
1892 816 2141 885 quotidie
2169 817 2275 871 im-

711 905 905 973 pleret,
938 916 994 958 et
1018 904 1210 973 quavis
1233 904 1490 962 cautione
1515 905 1696 959 oblata
1733 907 1901 960 lilium
1932 909 2159 977 supplex
2193 923 2278 963 re-

710 1006 981 1065 posceret.
1020 1012 1160 1067 aegre
1190 999 1408 1052 tandem
1451 999 1744 1068 impetrare
1778 1001 1976 1069 potuit.
2017 1011 2074 1054 ut
2099 1017 2129 1055 e
2155 1017 2278 1055 car-

711 1106 837 1145 cere
885 1089 1239 1144 educeretur.
1296 1091 1415 1145 Non
1472 1091 1624 1157 prius
1677 1101 1854 1145 tamen
1912 1092 1966 1145 id
2018 1093 2280 1160 obtinuit,

709 1199 871 1251 quam
912 1183 1003 1237 ille
1035 1183 1240 1251 scripto
1288 1185 1654 1253 jurejurando
1691 1199 1874 1238 coram
1933 1197 2282 1240 sacrosancta

713 1275 948 1343 imagine
976 1275 1297 1328 castissimae
1326 1275 1418 1328 Dei
1449 1274 1743 1330 Genilricis
1773 1274 2115 1344 Hodegt-triaa
2141 1293 2281 1346 pra--

712 1370 861 1428 stite,
900 1369 1134 1422 cavisset
1178 1370 1520 1438 imperatori,
1567 1384 1845 1440 nunquam
1884 1386 1944 1424 se
1976 1372 2287 1442 ejusjussis

711 1468 902 1528 postea
933 1461 1377 1515 adversaturum.
1644 1443 1647 1445 ’

786 1636 849 1691 V.
900 1635 990 1690 Sic
1036 1636 1127 1690 ille
1172 1637 1318 1689 omni
1368 1637 1686 1706 suspicione
1737 1637 2005 1693 liberatus
2051 1637 2290 1709 principi

709 1727 850 1782 bene
902 1728 1102 1782 merito
1141 1729 1346 1798 optimc
1386 1729 1525 1782 velle
1563 1728 1895 1783 credebatur
1939 1747 1953 1785 :
2001 1744 2031 1783 a
2081 1746 2191 1800 quo
2237 1739 2292 1787 et

709 1820 874 1890 299
901 1822 945 1874 is
982 1822 1155 1874 honor
1189 1822 1238 1875 ei
1274 1821 1490 1875 habitus
1519 1830 1620 1883 est.
1661 1833 1721 1876 ut
1756 1822 1920 1876 etiam
1954 1837 2283 1876 arcanorum

709 1914 982 1980 particeps
1015 1911 1187 1966 ﬁeret.
1227 1915 1302 1966 Ac
1353 1913 1494 1966 inter
1524 1922 1719 1966 ca'tera
1755 1912 1886 1966 illud
1918 1928 2136 1982 quoque
2165 1913 2284 1984 ejus

711 2002 834 2056 ﬁdei
867 2004 1222 2058 commissum
1257 2003 1378 2069 fuit,
1417 2013 1475 2059 ut
1513 2005 1750 2060 furtivus
1779 2005 1944 2060 veluti
1973 2015 2160 2060 custos
2189 2006 2284 2061 im-

706 2103 1022 2166 peratorem
1090 2096 1467 2151 Andronicum
1529 2098 1806 2168 juniorem
1886 2100 2284 2156 circumeundo

709 2187 1092 2256 adeundoque,
1153 2203 1222 2240 ne
1279 2187 1674 2242 clandestinam
1731 2189 1912 2258 fugam
1971 2191 2282 2258 moliretur,

710 2281 1064 2344 observaret;
1092 2280 1561 2349 quemadmodum
1595 2296 1759 2351 supra
1786 2282 2045 2339 diximus.
2071 2286 2139 2339 At
2170 2285 2282 2352 ille,

711 2370 755 2424 si
800 2369 932 2439 quid
979 2370 1125 2439 vulgi
1165 2369 1521 2438 Opinionibus
1572 2371 1907 2426 credendum
1963 2384 2067 2438 est,
2116 2374 2286 2429 homo

713 2478 931 2531 semper
966 2463 1319 2527 ambitiosus,
1351 2463 1439 2518 cui
1473 2465 1675 2520 mentis
1704 2465 2047 2520 declarandae
2095 2466 2281 2523 hacte-

712 2570 817 2608 nus
848 2554 1112 2610 defuisset
1142 2556 1381 2619 occasio,
1417 2556 1660 2611 olilatum
1692 2558 1929 2628 denique
1977 2574 2010 2614 a
2068 2559 2286 2615 fortuna

712 2657 1086 2717 opportunum
1119 2657 1337 2717 tempus
1367 2648 1558 2704 adesse
1587 2648 1941 2715 existimavit,
1973 2665 2084 2721 quo
2109 2651 2287 2721 impe-

715 2741 995 2794 ratoribus
1031 2740 1172 2794 inter
1205 2755 1263 2795 se
1297 2742 1439 2795 bello
1478 2741 1810 2807 commissis,
1857 2751 1914 2797 et
1963 2743 2129 2798 rebus
2174 2744 2286 2800 Ro-

715 2849 1000 2887 manorum
1033 2834 1260 2888 omnino
1283 2836 1362 2888 sic
1394 2834 1753 2903 perturbatis,
1783 2835 1898 2905 ipse
1927 2836 2161 2906 sceptris
2186 2851 2286 2906 po-

712 2930 944 2991 tiretur;
982 2940 1077 2982 aut
1106 2929 1295 2982 saltem
1329 2928 1582 2996 portione
1617 2927 1801 2998 aliqua
1831 2944 1862 2982 a
1896 2936 2012 2983 toto
2055 2927 2288 2996 imperio

714 3022 912 3085 recisa,
973 3022 1256 3090 proprium
1315 3022 1422 3075 sibi
1481 3020 1847 3091 principatum
1903 3020 2286 3078 constitueret.

712 3113 901 3182 itaque
957 3113 1340 3182 imperatorem
1398 3112 1772 3168 Andronicum
1816 3112 2092 3184 juniorem
2150 3114 2286 3181 adit,

2386 627 2580 695 εἱρκτῇ
2624 620 2955 692 παραδοθεὶς
2987 621 3076 674 διὰ
3123 620 3221 690 τὴν
3265 617 3523 687 τοιαύτην
3559 618 3740 671 αἰτίαν
3762 619 3790 670 ὁ
3822 617 3970 688 Eup-

2384 719 2631 788 γιάννης,
2665 715 2848 785 ἔμεινε
2880 713 3072 783 χρόνον
3101 713 3159 765 ἐν
3186 709 3360 783 ταύτῃ
3391 709 3609 779 συχνόν.
3653 709 3805 761 Ἐπεὶ
3841 709 3899 762 δέ
3936 710 3970 778 ὴ

2391 809 2575 879 μήτηρ
2607 809 2667 862 οὐ
2701 807 2942 859 διέλιπεν
2978 804 3233 875 ὀδυρμοῖς
3268 803 3363 855 καὶ
3399 801 3631 872 δάκρυσι
3661 800 3974 872 προσιοῦσα

2389 905 2499 966 τοῖς
2538 904 2662 972 περὶ
2711 901 2799 954 τὸν
2839 899 3065 970 βασιλέα
3111 899 3207 950 καὶ
3252 895 3574 951 ίκετεύουσα
3605 896 3696 948 καὶ
3731 896 3822 947 τὸν
3851 894 3975 948 υίέα

2389 995 2750 1065 ἐξαιτουμένη
2796 992 2894 1046 καὶ
2935 994 3117 1054 πάσας
3144 984 3367 1059 ’ἐγγύας
3412 987 3813 1058 προϐάλλουσα,
3872 985 3976 1055 ὀψὲ

2390 1090 2483 1142 καὶ
2537 1088 2690 1158 μόλις
2744 1084 2975 1154 ἐδυνήθη
3017 1083 3117 1152 τῆς
3165 1081 3392 1150 εἱρκτῆς
3427 1080 3591 1134 αὐτὸν
3641 1079 3926 1145 ἐξελέσθαι
3955 1091 3974 1108 ⁸

2388 1181 2528 1250 πλὴν
2553 1181 2612 1234 οὐ
2642 1179 2930 1249 πρότερον,
2964 1177 3096 1248 πρὶν
3128 1176 3194 1228 ἂν
3220 1175 3534 1244 ἐγγράφους
3562 1172 3976 1227 αὐτὺνὰποδοῦ-

2387 1292 2475 1328 ναι
2529 1273 2607 1343 τῷ
2642 1271 2852 1338 βασιλεί
2884 1271 3009 1332 τοὺς
3039 1270 3236 1339 ὅρκους
3265 1267 3496 1320 ἐνώπιον
3525 1268 3622 1335 τῆς
3651 1267 3798 1325 θείας
3828 1266 3973 1319 εἰκό-

2389 1385 2478 1430 νος
2506 1367 2602 1433 τῆς
2629 1364 2936 1436 ὐπεράγνου
2959 1362 3044 1435 [Ρ.
3072 1360 3198 1434 184]
3237 1362 3569 1430 θεομήτορος
3596 1362 3697 1428 τῆς
3736 1361 3974 1429 Ὀδηγη-

2390 1463 2571 1532 τρίας,
2607 1460 2682 1532 μὴ
2707 1464 2819 1524 τοῖς
2846 1459 2940 1513 τοῦ
2972 1459 3240 1530 βασιλέως
3283 1459 3710 1528 προστάγμασιν
3749 1456 3975 1513 ἐναντία

2393 1554 2525 1608 ποτὲ
2557 1550 2986 1623 διαπράξασθαι.

2464 1643 2834 1713 Ε’.Ἀλλὰνγὰρ
2857 1642 3003 1696 οὕτω
3020 1641 3200 1711 πάσης
3219 1638 3456 1710 ὑποψίας
3480 1636 3817 1704 άπολυθεὶςίό
3835 1637 3976 1704 ἀνὴρ

2394 1737 2489 1791 καὶ⁵
2518 1737 2697 1790 πᾶσαν
2729 1733 2943 1788 εὔνοιαν
2964 1732 3255 1798 διασώζειν
3286 1730 3679 1800 πιστευόμενος
3721 1730 3858 1800 πρὸς
3879 1731 3972 1783 τὸν

2397 1829 2695 1901 εὐεργέτην
2742 1829 2837 1881 καὶ
2859 1828 3188 1900 ἀπορρήτων
3214 1827 3316 1898 ήδη
3349 1825 3609 1889 κοινωνὸς
3645 1825 3862 1894 ήξιοῦτο
3893 1824 3978 1891 γί-

2389 1923 2640 1993 γνεσθαι,
2665 1921 2740 1984 ὡς
2757 1919 3121 1988 πιστευθῆναι
3142 1917 3326 1972 λοιπὸν
3359 1917 3455 1971 καὶ
3472 1917 3621 1971 τουτὶ
3643 1917 3703 1970 τὸ
3724 1916 3976 1987 ἀπόρρη-

2385 2033 2498 2081 τον,
2518 2015 2683 2084 λέγω,
2702 2014 2764 2068 τὸ
2787 2013 2960 2082 φύλαξ
2977 2012 3255 2068 λανθάνων
3278 2013 3550 2083 περιϊέναι
3567 2010 3663 2065 καὶ
3685 2011 3975 2079 προσιέναι

2385 2109 2463 2180 τῷ
2494 2111 2702 2179 ἐγγόνῳ
2728 2107 2825 2162 τοῦ
2854 2105 3120 2177 βασιλέως
3166 2105 3494 2176 Ἀνδρονίκῳ
3524 2105 3604 2175 τῷ
3628 2103 3858 2174 βασιλεῖ,
3897 2102 3976 2172 μὴ

2385 2202 2525 2276 λάθῃ
2544 2201 2751 2272 φυγὼν,
2775 2201 2852 2264 ὡς
2874 2199 3118 2269 ἐφθημεν
3140 2199 3445 2270 εἰρηκότες.
3465 2197 3524 2252 '0
3547 2199 3627 2263 δὲ,
3649 2199 3697 2252 εί
3723 2196 3828 2268 χρὴ
3855 2198 3975 2260 ταῖς

2386 2297 2494 2350 τῶν
2508 2295 2717 2348 πολλῶν
2743 2291 3043 2362 ὑπολήψεσι
3071 2291 3374 2357 πείθεσθαι,
3395 2292 3656 2362 φίλαρχος
3673 2288 3749 2342 ὣν
3766 2289 3856 2342 ἀεὶ
3879 2290 3977 2341 καὶ

2388 2388 2582 2458 καιροῦ
2619 2386 2693 2457 μὴ
2726 2385 2906 2457 τυχὼν
2929 2384 3142 2439 οὐδέπω
3173 2384 3233 2436 τὸ
3271 2384 3596 2454 βουλόμενον
3634 2382 3977 2449 ἐνδείξασθαι

2386 2479 2484 2548 τῆς
2520 2477 2700 2548 ψυχῆς
2741 2476 2836 2530 νῦν
2879 2475 3018 2545 ἔγνω
3061 2476 3254 2545 καιρὸν
3294 2469 3433 2528 εἶναι
3475 2474 3667 2528 τοῦτον
3722 2473 3829 2526 ὐπὸ
3875 2472 3978 2538 τῆς

2387 2569 2558 2640 τύχης
2602 2568 3022 2646 παρεσχημένον
3072 2568 3195 2620 κατ’
3241 2566 3490 2636 ἀλλήλων
3547 2567 3672 2628 τοὺς
3716 2565 3977 2634 βασιλέας

2391 2661 2783 2728 ἐκπολεμώσας
2833 2660 3035 2712 καὶτὰ
3100 2658 3390 2726 Ῥωμαίων
3423 2657 3566 2710 οὕτω
3616 2658 3977 2726 συγκυκήσας

2390 2751 2610 2806 ἅπαντα
2642 2751 2968 2820 πράγματα,
3004 2751 3112 2803 τῶν
3148 2751 3448 2819 σκήπτρων
3477 2750 3639 2812 αὐτὸς
3674 2749 3938 2818 ἐπιϐῆναι
3960 2766 3973 2779 ο

2389 2843 2422 2912 ἢ
2465 2843 2527 2896 τό
2570 2859 2634 2909 γε
2679 2842 2950 2914 δεύτερον,
2991 2843 3157 2913 μέρος
3205 2847 3305 2914 τῆς
3357 2842 3485 2906 ὅλης
3533 2842 3642 2895 τῶν
3683 2842 3978 2912 Ῥωμαίων

2390 2935 2694 3007 ἡγεμονίας
2754 2936 3169 3004 ἀποτεμόμενος
3216 2935 3298 2998 είς
3346 2934 3556 2988 οίκείαν
3613 2935 3790 3004 ἀρχὴν
3841 2933 3977 2985 αὐτὸ

2392 3028 2864 3097 καταστήσασθαι.
2912 3028 3077 3080 Ὀθεν
3123 3025 3452 3096 Ἀνδρονίκῳ
3483 3024 3563 3096 τῷ
3607 3019 3980 3096 νέῳβασιλεῖ

2395 3121 2707 3190 προσελθὼν
2725 3121 2872 3176 ἅπαν
2897 3122 2988 3174 τοῦ
3017 3122 3243 3174 πάππου
3270 3125 3364 3174 καὶ
3385 3119 3646 3189 βασιλέως
3668 3119 3979 3188 ἀνεκάλυψε

711 3209 874 3272 eique
927 3208 1012 3260 avi
1067 3208 1419 3276 imperatoris
1470 3222 1732 3261 arcanum
1783 3220 1946 3261 omne
1994 3209 2286 3262 consilium
2318 3225 2361 3283 ε

2318 3225 2361 3283 c
2392 3213 2451 3265 τὸ
2499 3214 2832 3283 ἀπόρρητον,
2864 3212 3066 3280 λέγων,
3104 3212 3179 3274 ὡς
3217 3232 3234 3264 ι
3278 3210 3414 3281 Ἐμέ
3445 3210 3542 3280 μὲν
3575 3205 3663 3264 οἷά
3689 3227 3811 3263 τινα
3836 3227 3980 3264 κυνα

714 3303 937 3370 aperit:
976 3321 994 3353 ε
1045 3301 1150 3367 Me,
1198 3302 1402 3370 inquit,
1459 3304 1757 3370 imperator
1819 3299 1988 3356 veluti
2037 3315 2285 3370 sagacem

713 3411 906 3450 canem
934 3403 1054 3448 tuas
1083 3395 1448 3464 cogitationes
1477 3394 1696 3449 odorari
1723 3394 1887 3464 jussit
1913 3410 1927 3446 :
1959 3403 2164 3449 etcum
2195 3393 2288 3447 ille

713 3499 939 3544 catenas
977 3489 1075 3541 tibi
1112 3497 1166 3540 et
1198 3487 1415 3541 vincula
1451 3485 1777 3550 fabricetur,
1813 3495 1870 3540 tu
1902 3486 2126 3556 ignarus
2156 3499 2289 3555 pue-

714 3581 835 3636 rilia
863 3581 1090 3634 consilia
1131 3581 1323 3650 agitas.
1359 3578 1500 3646 Quid
1537 3580 1680 3634 enim
1716 3578 1815 3633 tibi
1849 3577 2118 3649 profuerit
2147 3577 2286 3631 clam

713 3673 773 3726 in
801 3674 972 3727 altum
1004 3672 1203 3726 deferri
1251 3680 1306 3727 et
1339 3687 1567 3742 peregre
1600 3671 1775 3735 abire,
1809 3671 1901 3726 ubi
1933 3671 2112 3726 aliena
2153 3685 2291 3741 qua-

710 3765 813 3819 dra
844 3765 1012 3834 (quod
1048 3764 1224 3834 aiunt)
1261 3765 1556 3818 vivendqu
1589 3764 1688 3818 tibi
1723 3765 1850 3830 erit,
1883 3764 1929 3818 si
1961 3779 2049 3817 res
2083 3765 2290 3833 optime

711 3859 892 3920 cadat,
927 3865 983 3911 et
1031 3872 1140 3910 non
1175 3855 1311 3910 illud
1345 3856 1574 3919 accidat,
1616 3865 1676 3911 ut
1723 3855 1792 3910 ab
1840 3855 2151 3926 hospitibus
2197 3864 2292 3910 aut

715 3952 1033 4014 trucideris,
1072 3960 1166 4004 aut
1201 3949 1253 4002 in
1289 3948 1638 4017 imperatoris
1685 3947 1773 4002 avi
1804 3964 1988 4004 casses
2034 3949 2290 4018 laqueos-

714 4063 826 4117 que
862 4044 1090 4099 incidas.
1122 4041 1278 4108 Quod
1312 4042 1358 4096 si
1394 4041 1513 4096 istis
1534 4041 1978 4111 cogitationibus,
2004 4056 2125 4110 quae
2157 4056 2289 4108 pue-

718 4155 841 4194 rum
874 4139 1113 4206 sapiunt,
1147 4135 1364 4204 penitus
1392 4133 1654 4187 oblivioni
1695 4133 1937 4199 traditis,
1980 4133 2206 4187 meliora
2236 4141 2293 4186 et

719 4231 1002 4287 salutifera
1038 4228 1287 4291 consilia,
1323 4226 1506 4296 qualia
1556 4241 1656 4296 ego
1689 4225 1926 4281 daturus
1956 4241 2100 4292 sum,
2136 4224 2290 4293 sequi

718 4326 980 4384 volueris,
1031 4322 1166 4375 nihil
1211 4319 1471 4379 obstabit,
1500 4319 1795 4388 quominus
1825 4333 2094 4372 summam
2131 4327 2291 4387 pote-

717 4428 913 4473 statem
949 4416 1126 4486 primo
1154 4427 1372 4482 quoque
1407 4421 1651 4479 tempore
1673 4409 1811 4464 citra
1843 4410 2015 4464 ullum
2045 4409 2291 4465 laborem

723 4512 978 4580 arripias.
1009 4508 1224 4563 Etenim
1254 4521 1416 4558 unam
1448 4519 1568 4558 esse
1595 4502 1775 4560 video.
1809 4518 1915 4572 qua
1950 4502 2004 4556 id
2031 4517 2293 4571 assequa-

2398 3304 2790 3374 ρινηλατοῦσαν
2828 3306 2897 3358 τὰ
2927 3305 2995 3359 σὰ
3031 3304 3377 3375 βουλεύματα
3402 3303 3632 3372 τέταχεν
3656 3305 3683 3356 ό
3718 3302 3980 3372 βασιλεὺς

2396 3399 2525 3468 περί
2552 3415 2612 3450 σε
2634 3414 2648 3428 ο
2665 3399 2691 3451 ό
2711 3398 2766 3450 δὲ
2794 3397 3029 3465 κάθηται
3052 3396 3405 3460 συσκευάζων
3425 3396 3659 3466 ἀγχόνας
3684 3398 3779 3448 καὶ
3800 3396 3982 3465 δεσμὰ

2398 3490 2540 3542 κατὰ
2571 3489 2666 3542 σοῦ
2689 3507 2703 3521 ·
2731 3491 2795 3542 σὺ
2821 3489 2868 3542 δ’
2895 3489 3104 3555 άγνοῶν
3134 3488 3371 3555 κάθησαι
3401 3489 3612 3556 νηπίων
3641 3486 3981 3557 βουλεύμασι

2397 3580 2788 3650 γαυρούμενος.
2837 3581 2902 3632 Τί
2941 3582 3048 3650 γάρ
3097 3598 3178 3633 σοι
3229 3581 3291 3632 τὸ
3329 3579 3522 3646 ὄφελος
3569 3579 3984 3634 άποπλεύσαντι

2396 3673 2570 3744 λάθρα
2597 3675 2734 3743 πρὸς
2761 3673 3047 3744 ἀλλοτρίαν
3076 3672 3553 3743 οίχεσθαινχώραν,
3572 3672 3701 3725 ἔνθα
3723 3671 3982 3741 καθάπερ

2395 3766 2565 3836 δούλῳ
2591 3767 2770 3833 δεήσει
2803 3766 3100 3836 καθημένῳ
3125 3765 3260 3834 πρὸς
3291 3765 3579 3835 ἀλλοτρίαν
3600 3763 3824 3835 βλέπειν
3853 3764 3988 3834 τρά-

2398 3860 2589 3922 πεζαν,
2637 3858 2838 3910 ὁπόταν
2887 3858 3017 3920 ίσως
3076 3857 3211 3928 μηδέ
3273 3857 3531 3927 φονεῦσιν
3580 3855 3813 3929 ἐντύχῃς
3867 3859 3983 3919 τοῖς

2399 3951 2688 4015 ξενίζουσι,
2726 3949 2862 4020 μηδὲ
2891 3951 3012 4012 ταῖς
3046 3948 3141 4001 τοῦ
3174 3950 3402 4004 πάππου
3437 3949 3534 4003 καὶ
3581 3949 3849 4020 βασιλέως
3881 3951 3985 4020 tip-

2399 4062 2525 4097 κυσι
2558 4047 2651 4098 καὶ
2687 4045 2891 4110 πάγαις
2915 4043 3100 4112 άλῷς;
3131 4044 3192 4095 ΕΞ
3224 4044 3281 4096 δὲ
3315 4042 3491 4096 πάντα
3528 4043 3664 4112 πρὸς
3679 4041 3853 4111 λήθης
3890 4042 3986 4111 βυ-

2400 4137 2529 4198 θοὺς
2559 4137 2624 4189 τά
2650 4136 2894 4204 νηπιὼδη
2919 4135 3094 4188 ταῦτα
3122 4135 3287 4204 ῥίψας
3315 4135 3665 4204 βουλεύματα
3693 4135 3987 4203 πεισθείης

2402 4228 2525 4296 ἐμοὶ
2559 4227 2623 4280 τὰ
2659 4228 2852 4297 βελτίω
2877 4244 2959 4279 σοι
2994 4227 3091 4280 καὶ
3125 4228 3373 4297 σωτήρια
3405 4225 3851 4296 συμϐουλεύοντι,
3886 4227 3990 4279 οὐκ

2399 4322 2465 4374 ἂν
2494 4322 2716 4389 φθάνοις
2741 4322 2809 4373 τὰ
2831 4323 3085 4390 σκῆπτρα
3109 4320 3209 4389 τῆς
3236 4319 3667 4388 αὐτοκρατορίας
3690 4319 3990 4388 λαμϐάνων

2399 4414 2654 4482 ἀπονητί.
2695 4413 2843 4468 Μίαν
2880 4413 2990 4483 γάρ
3021 4413 3445 4482 άνυσιμωτάτην
3485 4413 3599 4480 όρῶ
3645 4413 3784 4481 πρὸς
3824 4413 3990 4466 τοῦτο

2402 4505 2677 4574 φέρουσαν
2721 4504 2999 4572 ἀφορμὴν,
3031 4503 3097 4570 ἢν
3145 4503 3336 4571 φυγὼν
3367 4502 3426 4555 τὸ
3461 4502 3753 4566 Βυζάντιον
3789 4505 3848 4566 ἐς
3889 4507 3992 4567 τὰς

723 4620 803 4666 re,
833 4600 1259 4657 efﬁcacissimam
1284 4596 1446 4666 300
1470 4597 1758 4649 rationem.
1786 4594 2057 4648 Nimirum
2087 4593 2294 4664 Byzan-
2327 4583 2369 4637 Ῑ)

2327 4583 2369 4637 Ῑ)
2402 4596 2501 4663 τῆς
2530 4595 2751 4665 Θρᾴκης
2786 4597 3068 4666 ἐκδράμῃς
3100 4595 3285 4657 πόλεις
3317 4594 3409 4645 καὶ
3439 4593 3646 4664 χώρας.
3678 4592 3848 4647 ⁴ιθύσει
3879 4596 3990 4664 γάρ

724 4699 801 4752 ιίο
841 4693 1157 4765 fugiendum
1204 4697 1263 4744 et
1297 4691 1362 4743 ad
1399 4687 1647 4742 Thraciae
1678 4686 1843 4740 urbes
1874 4685 2297 4755 provinciasque

722 4785 1147 4842 excurrendum.
1195 4781 1332 4836 Nam
1380 4794 1505 4832 cum
1556 4788 1612 4832 et
1663 4778 1967 4831 humanum
2015 4775 2295 4844 ingenium

723 4882 882 4936 novis
928 4878 1097 4933 rebus
1147 4875 1404 4945 gaudeat,
1457 4881 1513 4925 et
1565 4870 1748 4925 miseri
1803 4869 2046 4924 Thraces
2092 4868 2301 4924 crebris

724 4973 1108 5031 exactionibus
1133 4978 1424 5030 vexentur,
1457 4964 1501 5018 si
1532 4964 1865 5017 levationem
1891 4975 2120 5015 onerum
2151 4971 2206 5014 et
2236 4959 2301 5013 li-

726 5071 992 5122 bertatem
1027 5059 1472 5132 proclamaveris.
1501 5057 1647 5110 ultro
1671 5068 1866 5108 omnes
1901 5065 1952 5107 te
1983 5067 2092 5121 quo
2120 5051 2304 5105 volue-

2399 4689 2683 4758 χαίροντες
2715 4689 2836 4750 ταῖς
2871 4688 3244 4756 καινοτομίαις
3272 4686 3381 4741 τῶν
3409 4686 3718 4756 ἀνθρώπων
3739 4688 3804 4740 τὸ
3827 4689 3990 4756 γένος

2398 4783 2492 4833 καὶ
2524 4780 2639 4850 ἅμα
2682 4781 3050 4850 βεδαρημένοι
3093 4783 3206 4843 τοῖς
3241 4784 3455 4852 συχνοῖς
3488 4781 3676 4851 φόροις
3713 4783 3762 4835 οί
3799 4783 3993 4836 ταλαί-

2400 4889 2576 4945 πωροι
2597 4873 2833 4943 Θρᾷκες,
2865 4872 2931 4942 ἢν
2963 4873 3267 4941 κουφισμὸν
3297 4877 3389 4925 καί
3411 4872 3728 4941 ἐλευθερίαν
3752 4870 3995 4936 ἐξελθὼν

2399 4962 2678 5034 κηρύξῃς,
2714 4962 2942 5031 ἄσμενοί
2979 4979 3058 5013 σοι
3093 4964 3294 5025 πάντες
3321 4961 3546 5030 ἕψονται
3582 4962 3719 5028 πρὸς
3749 4961 3896 5030 ὅπερ
3927 4961 3997 5012 ἂν

2401 5055 2566 5119 αὐτὸς
2603 5055 2834 5121 ἐθέλοις,
2861 5055 2958 5122 τὴν
2982 5052 3118 5122 πρὸς
3148 5053 3241 5106 τὸν
3266 5054 3490 5106 πάππον
3517 5053 3611 5106 καὶ
3637 5052 3870 5121 βασιλέα
3892 5070 3995 5104 πο-

728 5160 804 5210 ris
851 5161 1185 5225 praeeuntem
1230 5157 1551 5218 sequentur,
1597 5146 1684 5218 avi
1743 5144 1820 5197 tui
1859 5143 2125 5198 diuturno
2168 5142 2302 5212 jugo
2400 5147 2402 5155 '

2400 5145 2565 5213 λυετῆ
2601 5143 2847 5196 δουλείαν
2888 5143 3062 5212 ῥᾷστα
3098 5141 3455 5203 λακτίσαντες
3507 5145 3601 5193 καὶ
3641 5140 3836 5209 ὥσπερ
3869 5141 3998 5193 τινὶ

728 5247 988 5301 facillime
1044 5256 1300 5298 excusso.
1349 5240 1506 5309 quasi
1559 5237 1806 5291 Tantalei
1856 5235 2140 5306 cujusdam
2184 5234 2302 5288 saxi

2406 5236 2735 5290 Ταντάλειον
2768 5237 2970 5304 φόρτον
3011 5233 3456 5300 ἀποσεισάμενοι.
3493 5233 3553 5284 Εί
3587 5231 3717 5299 γοῦν
3760 5233 3999 5301 ἀρεστὸν

732 5339 871 5392 mole
911 5353 940 5390 a
973 5334 1286 5390 cervicibus
1316 5332 1566 5401 depulsa.
1613 5330 1725 5383 Hoc
1762 5329 2053 5382 consilium
2107 5326 2207 5380 tibi
2256 5325 2302 5379 si
2404 5352 2406 5362 ι

2404 5330 2466 5381 τὸ
2493 5328 2625 5397 ἐμόν
2657 5344 2740 5379 σοι
2771 5326 2889 5378 τόδε
2924 5325 3168 5393 φαίνοιτο
3200 5323 3495 5393 βούλευμα,
3531 5321 3643 5388 ἐγὼ
3665 5324 3761 5376 καὶ
3790 5323 3998 5390 ταμίας

729 5434 932 5502 placet,
965 5444 1064 5498 ego
1097 5427 1261 5497 hujus
1291 5423 1492 5494 negotii
1527 5429 1853 5492 procurator
1879 5430 1936 5474 et
1977 5419 2305 5473 administer

2407 5420 2499 5470 καὶ
2529 5415 2766 5487 χορηγός
2797 5430 2878 5466 σοι
2905 5411 3000 5464 τοῦ
3026 5411 3302 5480 δράματος
3331 5410 3528 5478 ἔσομαι
3565 5411 3659 5459 καὶ
3690 5410 3867 5462 πάντ]
3905 5411 4000 5460 τον

731 5501 950 5578 futurus
988 5535 1107 5574 sum
1137 5537 1152 5584 ;
1186 5533 1288 5589 ego
1321 5531 1540 5570 omnem
1588 5513 1749 5567 istius
1783 5511 2102 5567 certaminis
2148 5510 2305 5565 labo-

2406 5505 2568 5563 ἆθλον
2600 5506 2837 5568 ὑποστὰς
2866 5504 2964 5574 τὴν
2985 5503 3248 5574 ταχίστην
3279 5501 3578 5554 ἐκτελέσω·
3614 5501 3679 5570 ἢν
3704 5503 3869 5570 μόνον
3904 5504 4001 5554 καὶ

735 5631 848 5669 rem
889 5612 1184 5682 suscipiam
1217 5626 1280 5663 ac
1308 5607 1459 5663 brevi
1490 5605 1820 5668 conficiam;
1869 5603 2032 5657 modo
2081 5612 2137 5657 et
2191 5603 2306 5672 ipse

2410 5601 2472 5653 σύ
2509 5618 2595 5669 μοι
2631 5597 2968 5667 ὑποσχέσθαι
2994 5595 3185 5666 ἐθέλῃς
3210 5597 3304 5647 καὶ
3324 5593 3510 5646 δοῦναι
3541 5592 3710 5644 πιστά
3741 5594 3812 5646 τὰ
3838 5595 4004 5661 ἐχέγ-

738 5706 870 5760 ni'tlti
899 5703 1236 5775 pollicearis.
1267 5712 1319 5755 et
1347 5702 1514 5756 certis
1537 5698 1857 5769 pignoribus
1884 5697 2044 5750 fidem
2069 5697 2306 5750 olistrin-
2411 5712 2412 5721 η

2411 5710 2515 5760 γυα
2569 5693 2694 5761 περὶ
2733 5693 2842 5742 τῶν
2886 5691 3051 5754 ἀξίων
3086 5687 3266 5758 γερῶν
3303 5689 3395 5739 καὶ
3440 5685 3717 5738 ἐπάθλων.
3759 5686 3897 5736 Τίνα
3930 5686 4002 5756 δὴ

735 5816 851 5868 gas,
882 5809 933 5852 te
960 5813 1056 5868 pro
1080 5795 1346 5866 dignitate
1379 5793 1596 5847 labori-5
1621 5805 1769 5843 meos
1802 5801 2302 5842 remuneraturum.

2411 5785 2614 5848 nam;
2666 5782 3018 5850 Ἀξιωμάτων
3047 5780 3432 5849 λαμπρότητες
3464 5781 3557 5831 καὶ
3601 5779 3784 5847 χωρία
3831 5779 4006 5830 πολλὰ

736 5896 866 5960 Quae
903 5907 1031 5945 vero
1073 5891 1174 5945 ista
1215 5889 1436 5961 praemia
1484 5885 1648 5942 sunt?
1696 5881 1935 5935 illustres
1970 5881 2302 5951 dignitates;

2414 5880 2505 5931 καὶ
2541 5877 2733 5946 πολλὴν
2769 5876 2862 5946 τὴν
2900 5875 3141 5926 ἐπέτειον
3167 5872 3500 5942 παρέχεσθαι
3531 5873 3806 5939 δυνάμενα
3837 5873 3976 5953 προσ
