4240 6442
225 362 331 428 477

487 361 564 435 [Α.
606 379 657 418 c.
703 365 842 421 1282
882 382 946 422 Αυ
992 368 1150 442 1523]
1230 377 1677 442 ΒΥΖᾹἻΤΙΝΕ
1722 385 1798 444 ΙΙΙ

1918 386 2106 450 )RI.E
2141 393 2282 455 LIB.
2327 394 2494 453 ναι.
2574 390 2712 462 ['xr.
2757 408 3041 449 Axnnoxrc.
3087 395 3230 466 sam]

3404 401 3512 464 478

221 475 347 527 οδον
375 492 389 506 ·
429 478 526 530 καὶ
558 479 651 534 ἐπὶ
682 483 894 545 τούτοις
929 486 1134 556 μηδένα
1163 491 1273 541 τών
1308 493 1528 545 πάντων
1561 495 1804 548 δύνασθα

1936 505 2104 560 multa
2141 509 2368 576 prandia,
2412 525 2532 577 qua:
2565 525 2790 580 magnos
2831 526 3044 566 annuos
3076 512 3284 569 reditus
3315 514 3512 574 aﬂ'erre

219 565 392 618 πλέον
412 569 548 636 ἐμοῦ
570 573 716 642 παρά
735 591 835 636 σοι,
859 573 946 647 [Ρ.
979 577 1102 650 185]
1127 579 1399 648 μηδεμίαν
1418 586 1539 637 τινα
1563 592 1823 655 πραγμάο

219 675 335 712 των
356 664 697 718 κατάστασιν
716 669 1074 737 περαίνεσθαι
1097 690 1170 725 πα
1182 676 1249 742 ρὰ
1273 673 1390 741 σοῦ,
1416 679 1555 746 πλὴν
1567 680 1659 732 τοῦ
1682 682 1824 751 κάμὲ

221 754 550 811 συνειδέναι.
592 757 760 831 Ὁρᾷς
791 763 921 832 γὰρ,
954 765 1104 830 ὅπως
1131 768 1240 820 τῶν
1274 771 1572 840 συμφορῶν
1605 774 1819 826 ἔθελον·

218 850 314 913 τής
346 865 427 899 σοι
463 851 681 917 γίνομαι
717 857 971 918 κοινωνὸς
1000 859 1093 910 καὶ
1122 858 1229 911 τῶν
1264 860 1522 914 κινδύνων
1558 864 1820 934 αὐθαιρέ-

214 963 325 1007 τως
357 947 713 1015 συναίρεσθαι
737 950 1020 1020 βούλομαι,
1041 956 1252 1018 πάντας
1276 958 1516 1021 ἐκείνους
1538 959 1660 1022 τοὺς
1686 960 1819 1030 πρὸς

213 1040 308 1091 τέ--ι
342 1041 573 1106 βασιλέα
594 1042 695 1108 τῆς
731 1044 830 1111 σῆς
854 1047 1079 1113 ἀγάπης
1110 1049 1291 1101 ὀπίσω
1322 1050 1545 1117 θέμενος
1577 1053 1771 1120 ὅρκους
1801 1071 1811 1082 ο

214 1132 319 1185 κᾶν
352 1135 402 1186 εἴ
431 1152 484 1186 τι
519 1135 696 1188 δεινὴν
737 1140 881 1191 κατὰ
917 1140 1018 1207 τῆς
1053 1142 1192 1210 ὲμῆς
1227 1144 1467 1211 κεζαλῆς
1502 1147 1561 1196 τὸ
1593 1146 1690 1210 τῆς
1727 1147 1817 1199 τύ·-

211 1243 318 1295 χης
367 1229 511 1298 φέρῃ
565 1231 901 1300 παράλογον,
949 1234 1250 1304 προθύμως
1291 1237 1480 1306 φέρειν
1530 1240 1814 1310 παρῄνεσα

211 1321 470 1389 ἐμαυτῷ.
529 1323 718 1376 Ταῦτα
769 1326 952 1378 τοίνυν
1005 1326 1282 1396 θεώμενος
1330 1331 1610 1400 πρόθυμος
1658 1335 1813 1398 γίνου

213 1413 309 1464 καὶ
349 1418 413 1465 σὺ
461 1417 585 1483 περὶ
617 1419 714 1476 τὰς
751 1417 1075 1489 ὑποσχέσεις
1109 1423 1218 1474 τῶν
1253 1423 1400 1492 ἐμῶν
1438 1423 1773 1494 ζητημάτων
1798 1469 1810 1490 ,

211 1506 278 1573 ἦν
334 1505 610 1572 σώζεσθαι
667 1510 849 1588 θέλῃς.
913 1511 1067 1565 Ἐπεὶ
1120 1513 1167 1566 δ’
1222 1517 1251 1585 ἡ
1295 1516 1404 1569 τῶν
1464 1521 1811 1588 πραγμάτων

208 1599 410 1670 ὀξύτης
441 1602 589 1669 ἡμᾶς
622 1603 721 1656 οὐκ
754 1605 818 1675 ἐᾷ
852 1604 919 1658 τὰ
947 1607 1194 1676 παρόντα
1226 1610 1612 1680 σχολαιότερον
1639 1613 1812 1666 διατί-

209 1691 432 1755 θεσθαι,
466 1694 584 1746 ἀλλ’
624 1698 717 1748 ἐπὶ
758 1695 924 1768 ξυροῦ
993 1701 1128 1768 ἡμῖν
1183 1704 1215 1768 ἠ
1269 1704 1420 1773 ἀκμὴ
1465 1707 1809 1774 περιΐσταται

206 1787 303 1838 τοῦ
338 1788 592 1841 κινδύνου
629 1790 955 1860 μελλήσασι,
994 1794 1127 1865 φέρε
1168 1795 1263 1847 καὶ
1297 1797 1505 1865 ἑτέροις
1539 1800 1635 1868 τῆς
1667 1801 1807 1867 γνὼ-

211 1896 319 1947 μης
345 1884 579 1950 ταυτησὶ
610 1885 1062 1954 κοινωνήσωμεν,
1097 1888 1146 1940 οἶ
1185 1888 1274 1940 διὰ
1303 1887 1402 1958 τὴν
1433 1892 1570 1960 πρ“»ς
1595 1893 1686 1944 τὶν
1706 1894 1806 1962 βα-

210 1976 372 2028 σιλέα
396 1977 706 2045 ἀπέχθειαν
734 1979 850 2033 οὗθ’
878 1982 1028 2049 ἡμᾶς
1057 1983 1151 2034 καὶ⁵
1175 1983 1240 2034 τὰ
1265 1984 1491 2039 τοιαῦτα
1526 1989 1806 2054 μυστήρια

207 2069 506 2138 προδοῦναι
558 2071 866 2140 ἀνάτχοιντ*
903 2075 970 2127 ἂν
1014 2077 1107 2127 καὶ
1153 2077 1216 2144 τῇ
1254 2075 1502 2147 παρούσῃ
1554 2077 1713 2146 χρείᾳ
1751 2081 1806 2142 ἐς

205 2163 404 2228 καιριιν
434 2165 492 2214 ἐν
519 2167 629 2224 τοῖς
661 2165 896 2232 μάλιστα
928 2166 1158 2233 γένοιντ’
1192 2170 1277 2222 ἀν.
1316 2187 1334 2219 ι

279 2256 375 2322 ς’.
423 2257 532 2309 Καὶ
562 2257 656 2308 ἐπὶ
683 2258 892 2321 τούτοις
919 2260 946 2311 ὁ
978 2259 1234 2326 βασιλεὺς
1261 2268 1356 2325 τάς
1393 2282 1450 2317 τε
1481 2266 1806 2333 ὑποσχέσεις

203 2349 386 2420 τούτῳ
415 2351 528 2403 τῶν
556 2351 892 2420 ζητημάτων
915 2355 1226 2423 ἐγγράφους
1250 2357 1368 2421 μεθ’
1393 2359 1572 2426 ὅρκων
1597 2360 1702 2410 ὲόἱδ
1719 2379 1766 2411 ,υ
1793 2380 1800 2387 ’

205 2449 303 2498 καὶ
349 2447 606 2515 παρῆσαν
649 2449 697 2500 oi
730 2449 838 2499 τῶν
875 2455 1193 2520 μυστηρίων
1230 2453 1478 2519 ἐσόμενοι
1518 2458 1804 2518 κοινωνοὶ,

218 2537 482 2606 Ἰωάννης
513 2558 571 2593 τε
605 2542 633 2593 ὁ
670 2542 1123 2612 Καντακουζηνὸ;
1151 2546 1242 2597 καὶ
1273 2545 1547 2614 Θεόδωρος
1573 2549 1601 2599 ὁ
1636 2548 1807 2599 Συνα-

204 2635 392 2702 δηνδς,
423 2637 452 2687 ὁ
484 2637 582 2704 μὲν
615 2641 678 2706 τῇ
711 2638 804 2691 τοῦ
841 2640 1078 2704 μεγάλου
1108 2642 1312 2692 παπίου
1352 2641 1464 2708 (56)
1498 2642 1799 2710 τηνικαῦτα

207 2728 619 2794 σεμνυνόμενος
652 2729 962 2797 ἐπικλήσει,
981 2733 1022 2801 ,ὁ
1051 2731 1106 2783 δὲ
1139 2733 1203 2801 τῇ
1232 2731 1323 2784 τοῦ
1350 2717 1682 2802 δομεστίκου
1711 2734 1802 2785 τοῦ

202 2820 301 2872 ἐπὶ
338 2821 440 2887 τῆς
481 2824 764 2890 τραπέζης
796 2823 895 2890 τῆς
931 2825 1215 2894 βασιλικῆς
1247 2842 1260 2854 ·
1300 2828 1388 2879 καὶ
1419 2827 1602 2896 τρίτος
1650 2827 1802 2878 Ἀλέ-

204 2911 320 2975 ξιος
354 2914 382 2964 ὁ
425 2913 794 2978 Ἀπόκαυκος,
830 2916 1152 2983 δομέστικος
1185 2920 1274 2970 καί
1306 2921 1469 2982 αὐτὸς
1502 2921 1804 2989 τηνικαῦτα

203 3008 317 3059 τῶν
351 3007 588 3059 ευτικῶν
614 3007 870 3073 θεμάτων
901 3010 1235 3079 ἀκουόμενος
1266 3012 1360 3063 καὶ
1391 3014 1498 3064 τῶν
1533 3014 1676 3066 ἁλῶν
1704 3017 1802 3085 τὴν

199 3100 478 3166 διοίκησιν
526 3101 892 3168 ταμιουλκῶν.
926 3095 1093 3164 Οὗτος
1130 3105 1228 3170 μὲν
1277 3104 1370 3158 οὖν
1405 3107 1466 3157 ού
1520 3107 1660 3159 πάνυ
1692 3110 1800 3160 τῶν

1931 603 2138 670 possint
2173 622 2184 657 :
2232 615 2520 672 prarterea.
2562 621 2625 659 ne
2664 609 2955 676 quisquam
3004 610 3331 664 auctoritate
3365 614 3506 682 apud

1929 704 1981 749 tc
2033 697 2164 749 milii
2214 696 2559 765 praeferatur,
2594 714 2695 752 nec
2739 715 2767 753 a
2806 709 2857 754 te
2904 701 3205 770 quidquam
3263 704 3366 757 nisi
3425 721 3510 760 me

1926 790 2148 843 conscio
2184 791 2235 842 in
2278 792 2557 859 republica
2589 793 2898 848 ordinanda
2930 795 3325 850 constituatur.
3377 799 3508 853 Ete-

1927 883 2061 940 nim.
2097 882 2272 944 vides,
2305 882 2680 937 calamitatum
2713 895 2932 939 tuarum
2973 887 3249 957 particeps
3279 898 3335 943 et
3361 890 3508 958 peri-

1918 974 2170 1028 culorum
2219 977 2401 1031 socius
2452 978 2639 1031 volens
2685 979 2972 1048 libensque
3022 983 3246 1043 accedo.
3285 983 3508 1051 postha-

1924 1065 2036 1119 bita
2067 1067 2321 1122 charitati
2353 1078 2459 1122 tua:
2489 1071 2655 1122 etiam
2679 1072 3042 1142 jurisjurandi
3078 1074 3364 1142 religione.
3398 1092 3506 1142 qua

1922 1176 2043 1213 sum
2082 1161 2400 1227 imperatori
2436 1163 2730 1232 obligatus.
2772 1164 2928 1231 Quod
2968 1166 3013 1220 si
3055 1167 3290 1222 fortuna
3337 1181 3506 1223 teme-

1922 1254 2055 1305 ritas
2090 1253 2213 1306 mali
2247 1254 2454 1322 aliquid
2487 1254 2653 1322 capiti
2688 1270 2808 1308 meo
2843 1256 3060 1310 illatura
3086 1266 3191 1322 est,
3222 1257 3271 1311 id
3305 1258 3503 1310 alacri-

1920 1359 2001 1400 ter
2029 1361 2150 1400 esse
2187 1345 2470 1400 feri-mlum
2502 1347 2617 1415 ipse
2648 1348 2779 1400 milii
2819 1349 3103 1418 imperavi.
3132 1349 3346 1416 Quibus
3373 1367 3504 1406 con-

1917 1440 2171 1494 sideratis
2225 1449 2281 1493 ct
2341 1451 2396 1494 tu
2457 1457 2563 1495 non
2629 1442 2897 1511 gravatim
2951 1445 3087 1497 meis
3142 1443 3503 1513 petitionibus

1916 1531 2171 1594 annuito,
2209 1532 2254 1586 si
2287 1532 2470 1587 salvus
2500 1548 2620 1588 esse
2643 1535 2747 1589 vis.
2770 1533 2907 1589 Cum
2939 1543 3122 1588 autem
3165 1537 3253 1589 hic
3290 1546 3501 1604 tempo-

1915 1623 1990 1677 ris
2044 1623 2314 1679 articulus
2350 1639 2561 1678 moram
2616 1625 3036 1680 deliberationis
3084 1642 3191 1681 non
3227 1628 3500 1692 admittat,

1913 1717 2006 1770 sed
2025 1717 2558 1785 prccrastinantibus
2573 1729 2880 1772 extremum
2902 1719 3195 1773 discrimen
3220 1719 3378 1790 301
3402 1720 3502 1772 im-

1915 1809 2152 1879 pendeat
2188 1827 2201 1863 :
2237 1825 2356 1879 age,
2387 1826 2510 1864 cum
2542 1811 2666 1864 aliis
2693 1811 2856 1864 etiam
2890 1811 2994 1865 hoc
3031 1812 3318 1866 consilium
3352 1829 3502 1866 com-

1913 1902 2279 1964 municemus,
2318 1902 2411 1970 qui
2443 1904 2511 1956 ob
2545 1903 2898 1972 imperatoris
2948 1903 3134 1958 odium
3185 1920 3363 1974 neque
3399 1923 3499 1962 nos

1913 2013 2091 2066 neque
2127 2013 2326 2051 arcana
2364 1997 2480 2051 lucc
2534 1997 2801 2065 prodituri
2857 1998 2990 2060 sint.
3038 1999 3134 2053 sed
3184 1999 3494 2053 institutum

1914 2100 2162 2144 nostrum
2229 2100 2544 2160 opportuno
2604 2090 2810 2144 auxilio
2861 2091 3120 2160 adjuvare
3197 2093 3493 2163 plurimum

1913 2185 2138 2252 possint.
2189 2205 2205 2235 ι

1989 2278 2070 2330 Vl.
2118 2278 2212 2331 His
2254 2278 2668 2335 eonditionibus
2720 2281 3037 2348 imperator,
3083 2297 3205 2349 qua:
3251 2281 3342 2335 ille
3395 2297 3493 2350 pc-

1917 2374 2077 2422 ticiat
2102 2411 2114 2432 ,
2153 2386 2214 2422 ea
2250 2370 2624 2436 perlecturum
2658 2387 2714 2426 se
2744 2372 2953 2442 scripto
2979 2372 3338 2442 jurejurando
3367 2388 3493 2440 pru-

1914 2462 2103 2514 mittit.
2155 2461 2369 2515 Adsunt
2415 2463 2579 2515 ctiam
2635 2478 2967 2517 arcanorum
3023 2461 3193 2517 futuri
3251 2464 3488 2530 conscii,

1909 2553 2151 2607 Joannes
2192 2554 2612 2609 Cantacuzenus
2653 2567 2709 2608 et
2742 2556 3072 2610 Theodorus
3121 2554 3488 2624 Synadcnus;

1912 2643 2004 2696 ch
2047 2653 2157 2696 tum
2197 2646 2378 2715 magni
2422 2647 2599 2714 l’apize
2643 2647 2800 2699 titulo
2856 2647 3193 2711 honoratus,
3243 2648 3332 2701 hic
3386 2648 3490 2703 do-

1911 2737 2121 2791 mestici
2183 2753 2387 2792 mensae
2428 2740 2837 2807 imperatoriam
2881 2750 2937 2794 et
2972 2757 3096 2795 cum
3141 2741 3209 2795 iis
3249 2741 3485 2807 tertius,

1909 2832 2132 2884 Alexius
2165 2834 2523 2901 Apocaucus,
2560 2834 2898 2888 domesticus
2925 2844 2983 2888 et
3019 2835 3136 2904 ipse
3171 2843 3303 2888 tunc
3338 2837 3489 2890 oeci-

1907 2925 2207 2979 dentalium
2247 2926 2660 2996 provinciarum
2686 2969 2700 2990 ,
2732 2937 2787 2981 et
2819 2928 3008 2984 salinis
3042 2930 3353 2998 prml'ectus.
3389 2930 3487 2985 llic

1906 3037 2014 3075 non
2043 3021 2337 3074 admodum
2374 3021 2579 3075 nobilis
2599 3065 2611 3080 .
2648 3020 2743 3075 sed
2780 3020 3024 3090 prudens
3052 3033 3172 3077 erat
3203 3031 3259 3077 et
3290 3024 3483 3090 solers,

1910 3121 1960 3166 et
2020 3111 2164 3165 dolis
2217 3111 2549 3166 fabricandis
2605 3113 2742 3166 mire
2795 3123 2974 3182 aptus.
3035 3112 3113 3167 llli
3157 3130 3285 3167 vero
3323 3115 3485 3168 ambo

202 3194 454 3261 εὐγενῶν
496 3190 586 3263 ἦν,
630 3194 1007 3264 βαθυγνὼμων
1060 3198 1116 3249 δὲ
1158 3200 1297 3268 ἀνὴρ
1353 3202 1442 3253 καὶ
1486 3203 1796 3272 εὐμήχανος

1918 3204 2292 3270 imperatorem
2316 3205 2639 3274 cognatione
2661 3204 3067 3272 contingebant.
3099 3206 3297 3260 Verum
3334 3206 3446 3260 Can
3472 3237 3482 3245 -

203 3289 306 3341 καὶ
354 3288 540 3348 δόλους
579 3289 859 3342 συνθεῖναι
891 3291 1062 3352 δεινός
1089 3308 1101 3321 ⁸
1134 3292 1300 3361 ἄμφω
1346 3293 1390 3344 δ’
1427 3295 1621 3346 ἐκεῖνον.
1661 3298 1802 3349 κατὰ

200 3381 366 3447 γένος
412 3380 489 3448 τῷ
543 3381 754 3449 βασιλεί
786 3384 1156 3453 προσήκοντες
1188 3400 1202 3413 °
1253 3386 1391 3452 πλὴν
1438 3389 1463 3438 ὁ
1510 3389 1607 3452 μὲν
1644 3389 1799 3440 Κιν-

198 3474 546 3539 τακουῖηνδς
604 3477 699 3526 καὶ
757 3473 1084 3544 ήλικιιῦτηςς
1115 3471 1206 3544 ἦνρ
1241 3481 1338 3528 και
1397 3477 1671 3547 ὁμόψυχος
1709 3482 1802 3532 καὶ

201 3568 492 3634 ὀμόττνους
530 3567 670 3630 ἐξέτι
719 3568 840 3621 νέου
875 3567 955 3633 τῷ
1003 3567 1217 3638 βασιλεῖ
1259 3569 1584 3639 Ἀνδρονίιιῳ
1616 3570 1706 3624 διά.
1739 3589 1799 3624 τε

201 3661 308 3728 τὴν
345 3660 444 3724 τῆς
471 3661 697 3728 γνώμης
725 3659 995 3730 ὀρθότητι
1026 3662 1116 3714 καὶ
1144 3662 1240 3728 τῆς
1270 3661 1516 3729 γλώττης
1544 3663 1800 3732 ἀλήθειαν

203 3755 301 3807 καὶ
327 3754 391 3804 τὸ
411 3752 506 3805 τοῦ
540 3753 704 3822 ἤθους
736 3756 950 3820 καίριον
971 3769 986 3784 ⁶
1017 3757 1054 3818 ὁ-
1077 3756 1132 3807 δὲ
1165 3756 1467 3822 Συναδτ,νὸς
1499 3757 1697 3823 ὁμοῐως
1723 3755 1798 3826 τῷ

205 3845 387 3913 πατρὶ
421 3845 586 3897 αὑτοῦ
618 3844 694 3911 τῷ
727 3844 937 3912 βασιλεῖ
965 3843 1208 3915 Μιχαὴλ,
1248 3846 1350 3909 ἕως
1379 3842 1446 3916 ἦν
1479 3849 1683 3908 ἐκεῖνος
1717 3847 1796 3899 ἔτι

205 3938 342 4002 ζῶν.
383 3929 542 3988 Οὗτοι
570 3937 750 3989 τοίνυν
781 3936 970 4005 ὥσπερ
1013 3939 1076 3990 ἐκ
1108 3940 1236 4005 μιᾶς
1267 3937 1510 4006 οἰνοχόης
1537 3939 1598 3990 τὸ
1631 3941 1800 4010 ἀπόρ-

208 4033 380 4099 ρητον
411 4033 589 4083 ἐκεῖνο
618 4031 903 4098 δεξάμενοι
930 4031 1207 4100 βούλευμα
1235 4032 1387 4094 δαλὸς
1422 4030 1562 4100 ἦσαν
1584 4035 1662 4095 είς
1689 4034 1797 4103 πῦρ

202 4124 303 4175 καὶ
344 4121 513 4183 ἵππος
558 4106 640 4182 έίς
689 4120 889 4176 πεδίον.
930 4122 1085 4175 Οὕτω
1125 4122 1365 4192 φρατρία
1423 4142 1507 4183 τις
1550 4126 1798 4196 ἀρραγὴς

204 4213 376 4273 εὐθὺς
420 4213 471 4265 οξ
527 4213 806 4281 ἄνθρωποι
850 4214 1199 4282 ἐγεγόνεισαν
1255 4217 1347 4268 καὶ
1403 4217 1796 4287 ὁρκωμοτήρια

207 4307 415 4375 φρίκης
442 4308 617 4372 μεστὰ
633 4307 944 4370 ξυνετίθουν
961 4325 1019 4360 τε
1052 4309 1146 4362 καὶ
1175 4309 1417 4362 ἐδίδοσαν
1444 4311 1796 4381 καὶήποσχέ-

205 4415 324 4461 aet;
375 4396 628 4467 μεγάλων
656 4399 979 4452 ἀντιδόσεων
1021 4399 1110 4450 καὶ
1139 4400 1318 4468 γερῶν
1364 4401 1790 4471 ἀντελάμόανον.

276 4671 359 4722 Ζ’.
405 4668 627 4721 Τούτων
680 4668 822 4722 οὕτω
866 4668 1192 4736 ξυμϐάντων
1249 4671 1411 4740 ἔργου
1452 4675 1661 4744 εἴχοντο
1699 4677 1793 4747 ὅλῃ

205 4763 418 4831 σπουδῇ
457 4779 517 4814 τε
546 4763 640 4814 καὶ
669 4760 884 4834 γνώμῃ.
922 4765 1032 4818 Καὶ
1065 4766 1257 4834 πρῶτα
1292 4769 1390 4836 μὲν
1417 4770 1664 4837 χρήμασι
1697 4786 1796 4822 πε-

209 4852 519 4921 ριελθόντες
545 4853 674 4916 τοὺς
703 4853 781 4923 τῷ
805 4855 1017 4922 βασιλεῖ
1067 4857 1642 4925 παραδυναστεύοντας
1680 4861 1708 4912 ὃ
1740 4877 1798 4913 τε

207 4945 555 5015 Σύργάννης
591 4945 685 4997 καὶ
719 4947 746 4998 ὁ
799 4947 1255 5016 Καντακουζηνὸς
1298 4948 1457 5002 ὤνιον
1505 4950 1798 5020 εἰλήφεσαν

207 5038 312 5108 τὴν
341 5038 653 5106 ἐπιτροπὴν
682 5039 791 5091 τῶν
826 5040 883 5091 ἐν
911 5040 1105 5111 Θρᾴκῃ
1131 5043 1325 5112 χωρῶν
1358 5044 1452 5096 καὶ
1487 5044 1695 5097 πόλεων
1723 5060 1738 5077 ο
1771 5046 1799 5096 ὁ

213 5130 316 5197 μὲν
353 5131 422 5182 τά
461 5146 520 5181 τε
558 5130 788 5184 πλεῖστα
820 5132 918 5201 τῆς
951 5135 1242 5202 μεσογείου
1276 5137 1368 5188 καὶ
1401 5136 1497 5206 τῆς
1529 5139 1796 5205 παραλίου

210 5225 400 5291 πάσης
430 5221 558 5290 ἄχρι
597 5223 694 5277 τοῦ
734 5224 1044 5293 ἀκροτάτου
1083 5228 1341 5297 Ῥοδόπης
1365 5248 1376 5259 ’
1411 5228 1495 5300 [Ρ.
1523 5230 1644 5302 186]
1673 5240 1699 5284 ο
1738 5232 1796 5285 δὲ

206 5313 671 5377 Καντακουζτινδς
691 5315 845 5381 ὀλίγα
872 5316 970 5384 τῆς
995 5319 1279 5386 μεσογείου
1301 5321 1488 5391 μόνης,
1508 5323 1680 5392 durior,
1698 5327 1795 5390 τῆς

217 5406 380 5475 Ὀρεσ
417 5405 560 5467 ιάδος
582 5409 697 5459 ἐστὶ
723 5409 1020 5477 περίοικος.
1040 5410 1161 5463 Ἐπὶ
1181 5413 1388 5475 τούτοις
1413 5415 1794 5483 στρατεύματα

207 5497 573 5565 συνεκρότουν
605 5499 696 5551 καὶ
726 5499 866 5553 ὅπλα
898 5503 1374 5571 παρεσκευάζοντο
1401 5506 1496 5558 κα)⁵
1528 5507 1797 5578 στρατιώ-

1911 3304 2208 3350 tacuzeuus
2247 3299 2413 3351 etiam
2449 3297 2676 3365 qualis
2707 3306 2760 3349 ct
2794 3297 3068 3349 unanimis
3105 3307 3159 3349 et
3193 3299 3482 3351 conc-mdia

1906 3392 1974 3443 ab
2000 3393 2221 3443 inemile
2246 3399 2402 3444 :clate
2444 3405 2568 3442 cum
2609 3391 2940 3459 imperatore
2981 3391 3296 3445 Andronico
3351 3407 3485 3444 con-

1900 3482 2125 3550 junctus
2158 3482 2335 3536 fuerat
2365 3493 2588 3553 propter
2617 3483 2784 3536 animi
2815 3484 3112 3538 candorem
3136 3523 3150 3546 ,
3188 3492 3244 3537 et
3276 3499 3487 3538 sermo-

1906 3591 2036 3628 num
2092 3576 2416 3640 veritatem,
2474 3585 2529 3630 et
2565 3577 2656 3646 qui
2701 3578 2948 3632 moribus
2994 3577 3298 3632 commodis
3345 3593 3480 3646 pra-

1904 3667 2050 3719 ditus
2082 3677 2223 3720 erat.
2265 3667 2592 3738 Syuadenus
2625 3679 2808 3723 autem
2840 3684 2964 3723 cum
2994 3679 3147 3739 patre
3177 3669 3476 3724 Andronici

1905 3758 2166 3813 Michaele
2200 3761 2525 3830 imperatore
2545 3802 2559 3824 ,
2590 3762 2719 3815 dum
2754 3763 2797 3816 is
2824 3771 3102 3832 superstes
3133 3772 3279 3817 esset
3299 3801 3312 3824 ,
3341 3777 3476 3816 con-

1898 3851 2245 3920 junctissime
2291 3851 2524 3905 vixerat.
2569 3852 2649 3905 llli
2699 3853 2864 3924 igitur
2915 3854 2981 3908 ad
3023 3870 3277 3908 arcanam
3326 3855 3476 3908 illam

1903 3944 2356 4000 deliberationem
2396 3955 2650 4015 tanquam
2688 3947 2753 4000 ad
2790 3947 3033 4016 ejusdem
3089 3949 3271 4018 poculi
3326 3965 3478 4004 com-

1904 4053 2122 4090 munem
2148 4037 2400 4090 haustum
2427 4039 2683 4104 admissi,
2706 4038 2852 4094 faces
2876 4040 3044 4095 veluti
3073 4041 3300 4096 fuerunt
3321 4081 3335 4102 .
3359 4059 3480 4112 quae

1903 4130 2009 4198 igni
2042 4129 2274 4184 admotae
2313 4130 2626 4184 incendium
2659 4142 2964 4202 augerent;
2998 4142 3092 4187 aut
3125 4134 3290 4188 veluti
3322 4136 3477 4205 equi-

1904 4231 2048 4276 tatus
2082 4223 2136 4276 in
2173 4233 2420 4292 apertum
2453 4239 2708 4294 campum
2741 4225 2995 4281 emissus.
3036 4227 3127 4282 Sic
3161 4231 3477 4283 societatem

1900 4316 2121 4370 vinculo
2156 4317 2370 4386 irrupto
2412 4316 2679 4370 [innatam
2724 4320 2908 4373 statim
2942 4321 3195 4385 coivere,
3241 4322 3479 4376 horribi-

1903 4408 2046 4460 lihns
2079 4409 2410 4476 juramentis
2444 4410 2746 4474 adhibitis;
2795 4428 3112 4481 magnarum
3155 4424 3337 4467 autem
3394 4431 3482 4468 rc-

1904 4503 2342 4554 munerationum
2376 4503 2535 4572 302
2569 4519 2631 4557 ac
2682 4506 3032 4573 praemiorum
3087 4506 3473 4575 promissioni-

1903 4594 2003 4645 bus
2038 4593 2279 4648 vicissim
2315 4595 2575 4664 acceptis.

1968 4683 2080 4738 Vll.
2123 4683 2255 4749 Quae
2292 4701 2415 4738 cum
2458 4688 2508 4738 in
2557 4688 2703 4740 hunc
2747 4689 2968 4741 modum
3019 4690 3166 4743 inter
3200 4705 3296 4745 eos
3340 4707 3476 4745 con-

1897 4777 2209 4840 venissent,
2253 4793 2367 4831 rem
2411 4779 2582 4848 ipsam
2622 4796 2833 4834 summa
2876 4779 3157 4850 diligentia
3202 4793 3258 4835 et
3307 4784 3474 4838 alacri

1899 4867 2084 4920 studio
2119 4867 2533 4937 aggrediuntur.
2595 4869 2667 4922 Ac
2716 4870 2988 4939 principio
3039 4871 3370 4942 Syrgiannes
3420 4884 3477 4930 et

1899 4959 2354 5024 Cantacuzenus,
2401 4964 2634 5031 pecunia
2673 4965 3069 5020 circumventis
3107 4967 3244 5021 aula:
3279 4983 3475 5036 proce-

1900 5053 2052 5107 ribus
2076 5095 2090 5118 ,
2119 5056 2562 5123 procurationem
2595 5057 2994 5113 Thracensium
3027 5059 3242 5114 urbium
3271 5072 3328 5118 et
3354 5078 3476 5132 pro.

1899 5144 2204 5198 vinciarum
2245 5146 2563 5211 redimunt;
2599 5148 2690 5202 ille
2727 5152 3018 5204 maximam
3052 5161 3263 5220 partem
3301 5153 3475 5206 medi-

1899 5242 2163 5288 terraneaa
2192 5236 2434 5303 regionis
2464 5246 2519 5289 et
2541 5253 2651 5292 ora;
2685 5240 2852 5293 totius
2885 5242 3174 5296 maritima:
3200 5258 3375 5311 usque
3405 5243 3471 5298 ad

1895 5342 2169 5380 summum
2215 5328 2514 5399 Rhodopes
2559 5332 2825 5398 sortitus;
2875 5333 3293 5391 Cantacuzenns
3343 5352 3472 5391 vero

1895 5421 2090 5489 exigua
2122 5436 2294 5489 eaque
2331 5423 2775 5491 mediterranea,
2825 5441 2946 5490 quae
2997 5425 3268 5482 Orestiadi
3319 5428 3472 5495 adja-

1894 5521 2044 5565 cent.
2085 5512 2290 5568 Deindc
2325 5515 2513 5586 c0pias
2547 5517 2924 5584 contrahunt,
2954 5535 3105 5574 arma
3159 5531 3379 5590 parant,
3411 5531 3469 5578 et

1568 5644 1895 5707 Variorum
1931 5657 2114 5709 notae.

278 5781 506 5874 {soi-De
540 5785 639 5840 hac
669 5785 839 5856 Magni
874 5788 1068 5857 Papia),
1103 5799 1158 5843 et
1223 5789 1342 5845 aliis
1410 5790 1501 5846 hic
1529 5792 1851 5848 mvmoratis
1891 5796 2149 5865 palatinis
2215 5798 2618 5870 dignitatibus.
2679 5806 2892 5874 agimus
2965 5807 3017 5862 in
3085 5807 3206 5863 cod.
3280 5809 3460 5868 Gloss.

209 5851 444 5905 llt'cgaxc.
