4240 6442
175 343 280 408 485
426 341 502 413 [Α.
542 355 594 395 c.
641 340 776 394 I282
816 352 881 391 Αο
929 336 1084 408 ίῦΞΒ]

1167 337 1612 400 ΒΥΖΧΧἸΊΝᾸΞ
1657 335 2035 394 IIISTiJIIIE
2072 335 2210 394 LIB.
2249 331 2415 394 VIII.

2496 325 2629 398 [μιν.
2672 341 2959 381 Αδοιιοκιε.
2999 323 3142 398 stin.)

3323 331 3427 395 486

175 461 343 528 ψυχῇ.
399 459 472 511 Σ)
525 461 677 526 γοῦν,
717 459 802 511 ἵνα
847 456 921 527 μὴ
949 457 1025 526 τῷ
1057 458 1234 526 χρόνῳ
1275 457 1335 507 τὸ
1379 455 1552 517 πάθος
1583 457 1741 524 ίσχῦν
1776 452 1816 510 Α

1776 452 1816 510 Α
1849 461 1998 504 tuum
2031 459 2148 514 est,
2185 445 2544 518 philosophia“:
2583 445 2929 500 nobilitatem
2975 445 3041 498 ad
3077 454 3281 498 t:intam
3318 447 3423 499 hu-

175 553 395 622 εἰληφὸς
438 551 643 622 βλάϐην
705 552 1033 606 ἀνέλπιστον
1080 551 1320 620 ἐπιφέρῃ
1351 589 1367 614 ,
1421 549 1746 620 διανάστηθι

175 642 313 711 πρὸς
349 641 489 694 Θεοῦ
543 642 638 693 καὶ
670 640 831 709 γενοῦ
864 639 1086 693 σαυτοῦ.
1129 641 1217 707 Ούι
1243 636 1352 709 γάρ
1399 638 1492 691 σὺν
1523 638 1620 708 τὴν
1656 639 1752 692 εύο

174 731 395 798 γένειαν
450 732 551 802 τῆς
613 731 942 800 φιλοσοφίας
997 734 1094 796 εἰς,
1140 731 1404 800 τοιαύτην
1465 732 1756 800 κατασπᾷν

176 825 657 894 σμικροπρέτιειαν
717 823 810 877 καὶ
847 824 1058 893 ἀωρίαν
1105 822 1379 893 τοσαύτην
1421 822 1517 875 τοῦ
1550 823 1756 891 ταύτης

175 918 608 982 κατασκεδάζειν
659 916 1043 986 σεμνώματος.
1102 915 1320 982 Πέφυκε
1370 912 1480 982 γάρ
1524 929 1641 975 πως
1697 912 1759 964 τὸ

175 1009 273 1075 τῆς
329 1007 510 1076 λύπης
573 1008 744 1061 δεινὸν
809 1010 982 1078 ῥᾷστα
1033 1009 1099 1076 τῇ
1153 1005 1463 1074 παρατάσει
1490 1004 1588 1072 τῆς
1635 1019 1763 1055 atur-

175 1097 284 1166 πῆς
323 1098 925 1162 πολλαπλασιάξεσθαι.
959 1099 1144 1167 Χωρεῖ
1182 1097 1292 1166 γὰρ
1343 1094 1645 1166 ἀνατρέχον
1672 1092 1763 1146 ἐπὶ

180 1193 248 1242 τὰ
279 1189 435 1243 ἔνδον
458 1192 545 1244 ἀεὶ
570 1190 727 1261 δίκην
760 1191 954 1254 ἕλκους
1002 1190 1096 1242 καὶ
1127 1189 1189 1242 ού
1229 1188 1502 1259 πρότερον
1530 1184 1765 1254 ἀφίστα-

175 1299 267 1335 ται
299 1283 398 1336 τοῦ
441 1283 619 1337 πάντα
651 1282 914 1353 νέμεσθαι
967 1283 1139 1352 λάθρα
1167 1281 1236 1334 τὰ
1279 1280 1489 1350 πρόσω,
1533 1280 1665 1348 πρὶν
1698 1276 1765 1330 ἂν

1852 543 2136 596 militalem
2193 539 2468 608 dejicere,
2522 538 2778 606 illiusque
2836 537 3175 605 majestatem
3231 537 3429 590 intem—

1855 634 2083 704 pestivis
2124 632 2334 686 doloris
2379 630 2608 683 maculis
2650 645 2980 698 aspergere:
3028 632 3183 698 cujus
3224 645 3287 682 ea
3337 646 3426 681 na.

1860 735 1980 780 tura
2029 734 2149 790 est,
2201 732 2259 777 ut
2302 721 2717 776 continuatione
2759 721 2961 774 silentii
3009 722 3429 790 multiplicetur.

1860 817 2106 873 Subinde
2150 817 2298 870 enim
2353 815 2552 868 ulceris
2596 813 2771 866 instar
2816 814 3076 867 interiora
3127 812 3426 876 invadens,

1859 909 2020 964 obvia
2054 922 2283 976 qumque
2318 905 2459 958 clam
2499 903 2798 972 depascere
2847 919 2953 956 non
2997 906 3148 972 prius
3189 903 3428 967 desinit,

1861 1014 2022 1070 quam
2054 998 2120 1051 ad
2153 997 2299 1065 ipsas
2339 1007 2396 1048 ut
2428 996 2501 1048 ita
2532 995 2709 1047 dicam
2741 994 2938 1048 anima:
2970 994 3233 1048 medullas
3267 1009 3429 1062 pene-

1863 1092 2060 1153 trarit,
2115 1097 2171 1141 et
2220 1087 2405 1141 vitalia
2454 1086 2696 1140 hominis
2739 1085 3130 1155 absumpserit.
3184 1085 3339 1149 Quod
3386 1086 3430 1139 si

1865 1182 2052 1237 arcani
2090 1179 2298 1246 aliquid
2325 1189 2409 1232 est
2433 1220 2447 1241 ,
2480 1178 2604 1232 aliis
2631 1193 2893 1232 arcanum
2924 1187 3042 1232 esto
3069 1195 3080 1230 :
3117 1178 3271 1230 nobis
3299 1193 3434 1230 vero

1869 1275 1977 1327 tuis
2006 1272 2454 1340 haudquaquam.
2489 1289 2507 1321 ι

177 1378 272 1427 καὶ
313 1377 516 1439 αὐτοὺς
545 1415 560 1440 ,
619 1376 693 1440 ὡς
741 1379 955 1442 εἰπεῖν,
997 1375 1181 1446 διέλθῃ
1235 1375 1361 1436 τοὺς
1413 1372 1645 1443 μυελοὺς
1675 1369 1774 1438 τῆς
1808 1367 1986 1437 ψυχῆς
2061 1365 2154 1416 καὶ
2215 1364 2353 1416 αὑτά
2381 1362 2474 1416 τοῦ
2510 1362 2651 1426 ζώου
2683 1363 2750 1415 τά
2789 1364 3125 1432 καιριώτερα
3169 1377 3430 1428 κατατρο-

175 1467 435 1538 πώσηται
491 1469 679 1540 μόρια.
735 1470 846 1524 Καὶ
885 1470 936 1522 εί
973 1470 1075 1538 μέν
1132 1486 1182 1521 τι
1239 1467 1350 1521 τῶν
1408 1464 1736 1538 ἀπορρήτων
1773 1462 1944 1522 ἐστὶν,
1979 1457 2161 1519 ἄλλοις
2212 1455 2388 1526 χρεὼν
2436 1449 2577 1506 εἴναι
2643 1453 2981 1524 ἀπόρρητον
3049 1453 3182 1522 ἡμῖν
3233 1451 3287 1503 δέ
3321 1454 3431 1514 τοῖς

176 1562 291 1620 σοῖς
319 1560 418 1612 καὶ
460 1560 605 1629 μάλα
631 1561 853 1630 ἣκιστα.
895 1579 912 1611 ι

245 1646 343 1715 (τ’.
388 1649 616 1712 Τούτνςις
677 1651 774 1703 καὶ
819 1651 1082 1714 τοιούτοις
1127 1650 1341 1703 πλείοσι
1392 1651 1485 1703 καὶ
1531 1647 1757 1718 τοιαύτῃ

176 1740 414 1810 παλάμῃ
479 1741 580 1809 τῆς
623 1741 869 1808 γλώττης
913 1743 946 1812 ἠ
1011 1745 1235 1811 γενναία
1281 1741 1462 1808 ἐκείνη
1512 1739 1758 1809 θυγάτηρ

1937 1658 2025 1714 VI.
2091 1657 2186 1713 His
2240 1668 2295 1711 et
2357 1657 2604 1728 pluribus
2658 1655 2970 1725 huiusmodi
3029 1656 3216 1710 verbis
3273 1672 3434 1719 gene-

1867 1766 1989 1806 rosa
2067 1750 2155 1803 illa
2220 1750 2327 1803 filia
2388 1748 2553 1818 308
2609 1762 2734 1802 cum
2779 1762 2938 1801 aures
2993 1749 3163 1816 patris
3220 1750 3434 1803 mulsis-

171 1831 271 1892 τὰς
304 1830 404 1883 τοῦ
444 1830 648 1901 πατρὸς
688 1831 857 1896 ἀκοὰς
891 1833 1178 1902 μαλάξασα
1217 1832 1358 1886 κατὰ
1395 1833 1455 1885 τὸ
1480 1830 1758 1902 ἐγχωροῦν
1793 1859 1832 1913 Β

1793 1859 1832 1913 Β
1863 1854 1994 1910 set,
2041 1843 2121 1898 sic
2168 1842 2343 1897 ferme
2379 1842 2528 1895 illius
2566 1840 2811 1895 animum
2868 1841 3060 1901 movit,
3101 1849 3156 1895 et
3201 1855 3266 1894 ex
3312 1856 3434 1909 pro.

173 1923 331 1991 παρὰ
384 1921 639 1974 τοσοῦτον
685 1924 785 1992 τῆς
844 1924 1081 1988 διανοίας
1116 1925 1321 1978 ἐκείνου
1354 1923 1632 1994 καθήψατο
1659 1922 1755 1976 καὶ

171 2015 369 2084 ὥσπερ
427 2015 534 2069 ἀπὸ
586 2014 779 2085 βαθέος
835 2018 1180 2088 ἀνηρτήσατο
1244 2015 1411 2070 ὕπνου
1443 2057 1458 2081 ,
1516 2015 1756 2086 παρόσον

173 2111 380 2164 ἀλιέων
426 2111 522 2163 καὶ
559 2110 977 2181 θαυματοποιῶν
1013 2113 1198 2175 παῖδες
1236 2113 1284 2165 οι
1331 2111 1430 2182 μὲν
1472 2114 1584 2174 τοῖς
1615 2111 1758 2179 πλή-

171 2219 364 2270 κτροις
412 2202 477 2253 ἐκ
507 2201 777 2272 θαλάττης
808 2203 932 2267 τοὺς
984 2203 1171 2275 ἰχθύας
1223 2203 1593 2270 ἀνασπῶντες,
1620 2204 1669 2256 οί
1699 2201 1756 2255 δὲ

169 2298 296 2354 τοὺς
345 2293 501 2360 ὄφεις
559 2294 622 2345 ἐκ
664 2295 762 2362 τῆς
804 2295 1032 2366 λόχμης·
1072 2296 1144 2358 ὼς
1189 2297 1394 2349 ἐκεῖνον
1429 2296 1622 2365 μικρὸν
1657 2294 1757 2363 τῆς

178 2384 366 2454 λύπης
403 2383 718 2454 χαλάσαντα
743 2390 807 2458 τῇ
835 2387 1044 2459 γλώττῃ
1068 2387 1253 2442 δοῦναι
1276 2387 1365 2443 τὸν
1395 2388 1518 2442 νοῦν
1540 2391 1632 2442 καὶ
1659 2390 1756 2452 τὰς

173 2479 368 2546 ῥήσεις
419 2479 633 2542 ἐκείνας
672 2480 863 2550 βραχὺ
909 2481 1005 2534 τοῦ
1049 2481 1172 2534 ’1ὼῦ
1221 2481 1616 2548 ύπαλλάξαντα,
1659 2483 1756 2544 ώς,

178 2571 559 2636 «Ἄπολοιντο,
593 2590 610 2623 ι
653 2574 840 2640 φάναι,
882 2593 899 2623 ι
930 2574 986 2626 αί
1031 2573 1237 2643 ἡμέραι
1287 2574 1513 2639 ἐκεῖναι,
1563 2576 1621 2625 ἑν
1670 2568 1759 2637 αἷς

173 2664 404 2728 γυναικί
435 2680 493 2715 τε
533 2664 814 2736 συνήφθην
856 2667 948 2718 καὶ
991 2667 1197 2720 τέκνων
1249 2669 1517 2736 ἐγενόμην
1554 2669 1758 2737 πατήρ.

185 2754 399 2823 Ῥᾷστα
449 2755 558 2824 γὰρ
590 2755 656 2810 ἄν
689 2757 762 2828 μὴ
803 2759 1086 2830 παρόντων
1120 2760 1296 2812 αὐτῶν
1330 2759 1610 2830 τάμαυτοῦ
1651 2761 1761 2814 διε-

175 2844 381 2914 θέμην.
439 2846 554 2898 Νῦν
608 2848 665 2900 δέ
713 2850 967 2902 τοσούτου
1019 2851 1104 2903 διὰ
1143 2851 1316 2904 ταῦτα
1378 2852 1758 2924 περιρρέοντος

175 2935 338 3004 δχλου
385 2940 704 3005 φροντίδων,
740 2942 837 2994 οὐκ
875 2939 990 2995 οίδα
1039 2944 1152 3005 πῶς
1191 2944 1610 3014 ἂνςδιαφύγοιμι
1661 2945 1759 3016 τὴν

175 3027 332 3091 ὅπως
369 3031 498 3082 ποτὲ
539 3032 629 3083 καὶ
686 3034 906 3087 ὁθενοῦν
955 3036 1357 3105 ἁπειλουμὲνην
1402 3037 1756 3106 ἐπενεχθήσε·

179 3121 308 3173 σθαι
384 3123 509 3174 ὅσον
573 3124 785 3177 οὐδέπω
833 3127 1102 3197 κακίστην
1162 3130 1504 3198 πραγμάτων
1562 3131 1755 3199 φοράν.

1860 1937 2032 1992 fundo
2060 1937 2219 2006 quasi
2250 1951 2444 1991 somno
2459 1935 2738 2000 excitavit,
2768 1945 2826 1990 ut
2851 1951 2917 1991 ex
2943 1934 3074 1988 mari
3104 1935 3280 2004 pisces
3307 1951 3336 1989 a
3355 1938 3436 2005 pi.

1860 2029 2249 2098 scatoribus,:e
2267 2029 2404 2082 silva
2424 2028 2633 2083 colubri
2653 2043 2682 2082 a
2700 2028 3193 2098 prastig‘iatoribus
3205 2029 3366 2098 plecti
3380 2045 3439 2083 o-

1862 2136 1983 2176 rum
2019 2121 2073 2174 vi
2115 2121 2502 2174 extrahuntur.
2559 2118 2751 2188 Itaque
2801 2119 2894 2172 ille
2934 2119 3122 2173 sedato
3154 2121 3437 2187 paululum

1859 2213 2048 2267 dolore
2079 2211 2322 2266 animum
2366 2212 2567 2282 lingua:
2595 2213 2987 2278 commodavit,
3038 2223 3096 2267 ut
3121 2213 3242 2268 Jobi
3275 2218 3438 2268 verba

1858 2318 2056 2376 parum
2139 2304 2422 2359 immutata
2496 2304 2786 2374 proferret.
2843 2323 2862 2357 ι
2916 2305 3166 2368 Pcreant,
3233 2306 3433 2375 inquit,

1857 2396 1975 2452 dies
2005 2396 2107 2460 illi,
2128 2397 2184 2450 in
2216 2396 2418 2464 quibus
2450 2412 2672 2451 uxorem
2693 2397 2844 2460 duxi,
2864 2409 2920 2452 et
2946 2398 3154 2453 liberos
3178 2400 3395 2468 suscepi
3420 2417 3434 2452 :

1859 2489 1952 2556 qui
1983 2487 2029 2541 si
2061 2502 2172 2541 non
2205 2497 2411 2552 essent,
2445 2487 2704 2542 facillime
2744 2487 2909 2543 rebus
2949 2490 3086 2543 meis
3120 2490 3438 2543 consuluis-

1859 2594 1995 2634 sem.
2047 2579 2206 2634 Nuuc
2234 2593 2384 2645 vero,
2431 2587 2578 2633 tanta
2609 2594 2866 2634 curarum
2904 2579 3062 2633 turba
3089 2579 3160 2633 ob
3212 2595 3274 2634 ea
3327 2581 3442 2648 ipsa

1862 2670 2238 2736 incumbente,
2289 2671 2503 2740 ignoro,
2542 2687 2649 2740 qua
2705 2672 2914 2725 ratione
2944 2673 3185 2742 ellugere
3236 2672 3444 2740 possim

1860 2765 2154 2833 pessimam
2206 2762 2443 2824 cladem,
2499 2778 2621 2831 quae
2673 2762 2809 2816 mihi
2867 2763 3142 2818 incertum
3199 2764 3342 2817 unde
3388 2771 3444 2817 et

1862 2855 2138 2926 quomodo
2160 2870 2282 2909 mox
2316 2855 2500 2910 statim
2538 2854 2826 2907 inferetur.
2869 2854 3124 2909 Imminet
3147 2856 3294 2908 enim
3325 2871 3446 2925 gra-

1863 2948 1946 3003 vis
1993 2948 2150 3002 nobis
2197 2947 2489 3015 impressio
2539 2946 2779 2999 hostium
2819 2946 3006 3000 nescio
3040 2962 3297 3015 quorum,
3328 2948 3447 3001 sive

1864 3049 2012 3096 terra
2041 3040 2158 3095 sive
2185 3039 2319 3092 mari
2351 3037 2794 3102 adventantium,
2827 3036 2922 3106 qui
2965 3052 3050 3092 res
3076 3046 3295 3093 nostras
3325 3053 3446 3106 pes-

1864 3134 2001 3187 sime
2035 3131 2339 3185 turbabunt
2369 3146 2382 3183 :
2411 3145 2474 3184 ac
2507 3129 2555 3183 si
2590 3143 2840 3198 magnam
2884 3129 3194 3184 onerariam
3228 3130 3450 3185 ancoris

176 3212 420 3264 Μέλλειν
450 3213 560 3286 γὰρ
593 3217 778 3284 ἐφοδίν
828 3235 949 3272 τινα
984 3218 1208 3291 βαρεῖαν
1245 3220 1344 3273 εἴτ’
1375 3222 1440 3274 ἐκ
1471 3220 1759 3291 θαλάττης,
1789 3237 1832 3298 C

1789 3237 1832 3298 ο
1868 3224 2192 3279 destitutam
2219 3224 2272 3277 in
2307 3222 2490 3277 medio
2527 3222 2665 3276 mari
2701 3230 2993 3290 protervus
3023 3221 3222 3290 aliquis
3247 3234 3452 3277 ventus

178 3305 280 3357 εἴτ’
341 3307 402 3371 ἐξ
460 3307 712 3379 ἠπείρου,
758 3309 970 3379 ἐχθρῶν
1010 3312 1142 3379 μὲν,
1192 3313 1293 3366 οὐκ
1347 3308 1465 3366 οἶδα
1521 3313 1566 3366 δ’
1597 3315 1755 3378 ὅτων,

179 3399 670 3467 ἐπαναστήσεσθαι
713 3401 837 3455 καθ’
877 3403 1035 3473 ἡμῶν
1064 3406 1158 3458 καὶ
1199 3406 1378 3460 πάντα
1407 3405 1597 3469 κακῶς
1633 3423 1761 3459 συν-

182 3487 450 3558 ταράξειν
471 3490 540 3542 τὰ
577 3490 700 3542 καθ’
723 3494 892 3562 ἡμᾶς,
919 3493 1002 3565 ιΡ.
1022 3492 1144 3553 I90]
1164 3494 1415 3564 καθάπερ
1439 3495 1636 3548 ὁλκάδα
1664 3512 1761 3564 με·

182 3580 368 3650 γάλην
392 3581 616 3634 ἐπειδὰν
663 3584 758 3636 ἐπὶ
791 3587 988 3638 πόντου
1015 3585 1194 3638 λ;.6ὼν
1235 3587 1489 3657 ἀγκυρῶν
1518 3587 1759 3658 ὀρφανὴν

181 3673 450 3744 ὑϐριστής
520 3677 719 3746 ἅνεμτις
785 3678 1046 3747 μαίνηται
1078 3679 1220 3731 κατὰ
1278 3680 1388 3731 τῶν
1432 3680 1616 3732 ἱστίων
1667 3684 1761 3732 καὶ

1866 3314 2257 3384 deprehendat,
2293 3323 2351 3369 et
2395 3314 2451 3367 in
2482 3314 2602 3368 vela
2637 3312 2879 3367 furiosus
2927 3312 3146 3366 irruens
3190 3312 3447 3368 ﬂuctibus

1866 3406 2081 3477 agitatis
2100 3405 2486 3460 debacchetur.
2503 3423 2523 3456 ι
2538 3404 2634 3458 His
2647 3403 2808 3458 dictis
2821 3419 3013 3458 rursus
3028 3403 3283 3468 obticuit,
3299 3407 3448 3474 cogi-

1869 3497 2290 3553 tationibusillis
2310 3507 2490 3552 mente
2505 3497 2900 3567 propemodum
2919 3497 3152 3551 alienata
3174 3498 3351 3552 :etsui
3368 3499 3451 3567 ip-

1870 3591 2216 3658 siussuaeque
2229 3589 2426 3660 linguae
2443 3589 2647 3642 oblitus
2661 3589 2921 3652 surrexit,
2934 3604 3100 3658 seque
3114 3590 3166 3642 in
3186 3590 3448 3645 lectulum

1869 3681 2102 3736 contulit
2127 3695 2192 3734 ac
2230 3681 2487 3734 recubuit
2521 3697 2535 3733 :
2569 3679 2665 3733 diu
2709 3688 2889 3734 autem
2930 3680 3194 3735 insomnis
3223 3683 3444 3736 mansit.

181 3771 536 3842 καταχορεύῃ
570 3770 660 3823 τοῦ
702 3770 965 3840 κύματος.
999 3790 1017 3822 ι
1066 3770 1250 3825 Ταῦτα
1277 3773 1445 3831 εἰπὼν
1485 3772 1793 3845 ἐσιώπησεν
1830 3769 2010 3841 αὖθις,
2064 3774 2294 3836 κλαπεὶς
2338 3773 2526 3843 ὥσπερ
2564 3773 2656 3825 τὸν
2682 3773 2805 3824 νοῦν
2861 3772 2963 3825 ὑπὸ
3013 3773 3122 3825 τῶν
3172 3774 3446 3843 λογισμῶν

181 3871 416 3924 ἐκείνων
445 3872 540 3922 καὶ
571 3869 932 3939 ἐκλαθόμενος
978 3872 1174 3925 ἐαυτοῦ
1219 3873 1311 3924 καὶ
1351 3872 1450 3939 τῆς
1477 3871 1756 3942 γλώττης·
1797 3877 1890 3925 καὶ
1919 3875 2157 3935 ἀναστὰς
2218 3870 2390 3942 εἰσῄει
2427 3869 2623 3941 μεστὸς
2666 3868 2906 3940 ἀθυμίας
2970 3870 3062 3923 ἐπὶ
3100 3870 3196 3941 τὴν
3234 3873 3448 3944 κλίνην,

182 3973 266 4039 ἐτ’
302 3967 376 4042 ἦς
419 3971 513 4023 καὶ
561 3969 858 4040 κατέδαρθε
902 3969 1018 4038 μέν·
1079 3968 1359 4022 καθεύδειν
1399 3968 1443 4020 δ’
1499 3971 1599 4022 οὐκ
1650 3964 1764 4038 εἶχε
1806 3971 1968 4039 μέχρι
2001 3968 2220 4022 πολλοῦ.

255 4065 333 4117 Ζ’.
364 4065 491 4130 Εγὼ
514 4064 559 4116 δ’
596 4067 654 4125 ἐς
683 4063 976 4132 ὑστεραίαν
1012 4063 1185 4115 πάντα
1211 4063 1588 4132 ἐμεμαθήκειν
1622 4062 1764 4115 κατὰ

183 4158 244 4209 τὸ
276 4155 475 4216 εἰωθὸς
500 4153 849 4222 ἀφικόμενος.
902 4154 1126 4225 Ἀπῄειν
1160 4157 1268 4224 γὰρ
1298 4156 1684 4225 συνεχέστερον
1709 4159 1766 4218 ἐς

183 4251 284 4320 τὴν
329 4248 429 4301 τοῦ
474 4247 663 4317 ἀνδρὸς
695 4248 932 4315 ὁμιλίαν.
978 4248 1093 4313 Ἀφ’
1126 4240 1186 4299 οὗ
1206 4250 1317 4316 γὰρ
1363 4249 1490 4317 περὶ
1522 4249 1764 4310 πλείονος

187 4343 569 4413 ποιησάμενος
627 4340 728 4408 ἐμὲ
788 4340 926 4391 κατὰ
976 4338 1073 4407 τὴν
1144 4340 1294 4409 αύτῷ
1341 4342 1765 4411 νεουργηθεῖσαν

191 4436 366 4504 μονὴν
397 4433 499 4499 τῆς
535 4429 731 4500 Χώρας
782 4430 964 4497 φέρων
1001 4429 1298 4498 κατῴκισε,
1335 4430 1533 4501 πολλὴν
1574 4431 1764 4484 ἔπειτα

186 4527 292 4595 τὴν
328 4523 570 4592 στοργὴν
606 4523 813 4574 ἐδείκνυ
853 4522 989 4590 πρὸς
1036 4522 1133 4589 ἐμὲ
1188 4525 1279 4574 καὶ
1314 4523 1502 4592 ἱλαράν
1533 4524 1631 4594 τὴν
1656 4525 1770 4576 διέσ-

188 4620 345 4670 θεσιν
386 4616 480 4668 καλ¹
518 4613 716 4684 μικροῦ
762 4617 872 4676 τοῖς
924 4614 1088 4666 αὐτοῦ
1138 4617 1323 4666 παισὶν
1354 4615 1550 4684 ἐπίσης
1599 4617 1765 4669 ἐδίδιυ

1947 4063 2059 4117 VII.
2104 4063 2214 4132 Ego
2245 4078 2375 4117 vero
2408 4061 2672 4131 postridie
2708 4062 2776 4118 de
2803 4080 2956 4119 more
2981 4064 3048 4117 ad
3079 4079 3204 4119 eum
3239 4067 3450 4131 ingres-

1871 4166 1967 4206 sus
2004 4154 2186 4206 omnia
2238 4155 2489 4223 cognovi.
2537 4153 2753 4207 Etenim
2799 4170 2924 4208 eum
2980 4155 3237 4224 frequens
3282 4155 3450 4210 collo-

1871 4243 2074 4310 quendi
2107 4258 2270 4298 causa
2318 4243 2646 4297 invisebam.
2680 4244 2892 4313 Quippe
2933 4260 2998 4298 ex
3029 4261 3138 4314 quo
3171 4246 3343 4314 pluris
3378 4245 3449 4300 ab

1870 4349 1937 4387 co
1979 4335 2153 4390 factus
2178 4347 2232 4391 et
2277 4336 2328 4388 in
2367 4336 2563 4391 Chora:
2599 4339 2948 4402 monasterio,
2989 4338 3132 4407 quod
3166 4339 3328 4408 309
3361 4339 3450 4393 ille

1871 4427 2296 4490 instauraverat,
2357 4428 2662 4482 collocatus
2717 4429 2948 4492 fueram,
3008 4445 3199 4499 magna
3249 4429 3453 4486 deinde

1873 4532 1958 4570 me
2007 4517 2386 4570 benevolentia
2431 4519 2771 4586 aejucundo
2818 4519 2987 4572 animi
3046 4521 3242 4574 aﬂ'ectu
3295 4535 3450 4574 com-

1875 4608 2065 4676 plexus
2117 4623 2257 4676 pene
2313 4609 2502 4662 liberis
2550 4611 2666 4664 suis
2723 4621 3132 4679 exaequaverat;
3195 4613 3332 4668 adeo
3392 4625 3456 4669 ut

188 4709 293 4778 τὴν
338 4710 528 4776 σχέσιν
576 4706 765 4772 κάμοί·
814 4705 954 4757 ὥστε
987 4707 1080 4756 καὶ
1107 4707 1505 4774 ἀστρονομικὴν
1541 4710 1766 4776 ἐπιστὴ-
1805 4711 1846 4767 D

1805 4711 1846 4767 ο
1874 4701 2296 4754 astronomicam
2336 4701 2709 4770 disciplinam,
2742 4719 2904 4772 quam
2935 4703 3084 4757 solus
3118 4720 3184 4758 eo
3209 4714 3453 4775 tempore

191 4820 306 4874 μην
340 4801 504 4868 μόνος
545 4797 689 4851 κατὰ
732 4797 921 4848 τούσδε
963 4799 1087 4860 τοὺς
1137 4798 1360 4865 χρόνους
1405 4798 1560 4857 eiad);
1620 4802 1674 4860 ἐς
1716 4801 1773 4851 τὸ

191 4892 502 4961 ἀκρότατον
534 4889 634 4940 οὐκ
668 4887 946 4956 ἀπηξίωσε
998 4887 1072 4954 μὴ
1122 4887 1182 4938 οὐ
1240 4887 1557 4955 μεταδοῦναι
1607 4890 1774 4957 κάμοὶ

187 4984 286 5037 τοῦ
305 4982 570 5037 τοσούτου
594 4980 825 5033 πλούτου
849 4996 863 5011 ⁸
895 4978 1036 5031 ὥστε
1071 4981 1166 5032 καὶ
1197 4980 1454 5041 πολλάκις
1479 4982 1775 5032 ἐνεκαλλω-

189 5077 403 5127 πξσατο
441 5075 532 5124 ἐπί
578 5087 635 5122 τε
666 5070 760 5123 τοῦ
797 5068 1062 5138 βασιλέως
1093 5071 1184 5122 ἐπί
1218 5086 1275 5120 τε
1322 5070 1428 5122 τῶν
1470 5070 1772 5139 ἐλλογίμων

188 5168 332 5237 ἐμοῦ
369 5183 430 5232 γε
456 5167 639 5230 ἓνεκα,
683 5166 761 5216 ὅτι
798 5163 1042 5232 διάδοχον
1073 5163 1170 5232 τῆς
1201 5162 1367 5215 αὑτοῦ
1411 5165 1601 5228 σοφίας
1643 5165 1771 5214 ἐπε-

190 5263 424 5331 ποιήκει
459 5275 549 5328 με.
593 5257 844 5316 Δείκνυσι
906 5256 963 5308 δὲ
1010 5252 1169 5307 τοῦτο
1211 5257 1542 5322 σαφέστερον
1601 5254 1657 5306 ἐν
1714 5271 1772 5306 τε

186 5353 314 5412 ταῖς
355 5353 494 5419 πρὸς
533 5347 633 5417 ἐμὲ
670 5347 858 5399 τούτου
897 5345 1204 5414 ἐπιστολαῖς
1235 5345 1291 5396 ἐν
1323 5361 1379 5396 τε
1423 5347 1531 5407 τοῖς
1565 5345 1778 5409 Emam,

186 5445 566 5514 ἂ,πεποίηκεν
600 5441 709 5512 (65)
744 5439 971 5511 ὕστερον
1013 5443 1069 5492 ἐν
1102 5443 1164 5510 τῇ
1204 5439 1387 5509 ἐξορῖᾳ
1425 5437 1612 5490 αὐτοῦ’
1647 5439 1775 5507 περὶ

1876 4790 2274 4859 perfectissime
2338 4803 2517 4856 norat,
2588 4796 2722 4849 mihi
2777 4795 3041 4859 traderet,
3114 4813 3216 4852 nec
3274 4808 3454 4854 tantas

1876 4903 2009 4955 opes
2055 4887 2361 4953 invideret;
2409 4900 2464 4943 et
2507 4905 2648 4958 sape
2695 4907 2819 4945 cum
2874 4892 3016 4961 apud
3067 4895 3458 4962 Imperatorem

1879 4991 1990 5032 tum
2033 4980 2175 5048 apud
2213 4994 2473 5049 proceres
2509 4981 2860 5051 gloriaretur,
2895 4997 2981 5037 me
3019 4998 3048 5036 a
3080 4998 3137 5036 se
3179 4983 3452 5037 haeredem

1877 5075 2141 5126 doctrina:
2178 5088 2289 5127 sua:
2319 5073 2630 5127 institutum
2658 5089 2802 5128 esse.
2843 5075 3010 5143 quue
3042 5075 3352 5128 evidentius
3397 5075 3456 5128 in

1880 5164 1992 5217 suis
2023 5162 2088 5215 ad
2125 5178 2208 5215 me
2242 5163 2509 5230 epistolis,
2561 5171 2617 5218 et
2673 5165 2728 5216 in
2761 5165 3036 5229 versibus,
3072 5179 3213 5232 quos
3268 5173 3458 5232 postea

1880 5255 2034 5308 exsul
2067 5255 2213 5316 fecit.
2245 5255 2547 5309 declaravit
2585 5274 2596 5310 :
2623 5256 2690 5310 de
2722 5256 2920 5325 quibus
2950 5255 3283 5309 luculentius
3313 5254 3458 5308 infra

1884 5345 2081 5399 dicturi
2122 5359 2333 5399 sumus.
2364 5343 2460 5399 His
2492 5343 2656 5414 igitur
2687 5344 2752 5399 de
2781 5344 2985 5409 causis,
3017 5361 3142 5400 cum
3174 5345 3292 5398 viro
3315 5344 3455 5397 muL

1885 5430 1998 5492 tum
2032 5438 2307 5498 deberem,
2353 5438 2585 5506 gratiam
2617 5436 2668 5490 ei
2717 5436 3018 5491 referebam
3053 5446 3310 5507 quautam
3361 5453 3460 5506 po-

1560 5550 1895 5609 \'ariorum
1927 5562 2111 5608 tmttB.

271 5661 392 5730 (65)
448 5657 863 5730 Nempe.initio
909 5658 1197 5730 poematis,
1237 5655 1400 5730 quod
1439 5655 1778 5730 inscribitur,

188 5727 297 5796 Βιξ
326 5723 423 5787 τδν
469 5723 630 5799 σοφεν
662 5723 977 5798 Νικηφόρον
1020 5723 1110 5779 τὸν
1149 5727 1449 5799 Γρηγορὶτν-
1487 5725 1780 5790 ὑποθῆκαι,

186 5807 464 5874 καὶπερὶ
498 5797 604 5854 τῶν
635 5799 849 5854 οικείων
885 5800 1297 5866 συνταγμάτων.
1332 5797 1548 5850 Initium
1583 5804 1662 5848 est
1694 5815 1704 5845 :

1888 5655 2042 5706 (PLM.
2068 5654 2366 5719 Νικηφόρε
2392 5670 2494 5719 μοι
2526 5653 2778 5721 κεφαλά,
2814 5652 2918 5703 τὸν
2952 5650 3118 5720 ἔγωγ’
3151 5652 3381 5718 εἴρωμαι

1892 5725 2084 5790 Ιίίιτὰρ
2116 5723 2260 5790 ἐμὰς
2292 5726 2537 5789 σοφίας,
2573 5724 2610 5790 ἢ
2642 5727 2732 5787 τίς
2775 5727 2902 5774 ποτ’
2937 5722 3013 5774 ἂν
3043 5723 3132 5787 ἔῃ,
3169 5721 3457 5782 λιπέσθαι

1900 5794 2000 5858 Ἐξ
2024 5796 2136 5862 ἄρα
2162 5793 2475 5861 διάδοχον,
2509 5794 2750 5848 πάντων
2782 5793 3017 5849 ἀσύλου
3043 5793 3314 5860 elopem,
