4240 6442
766 343 872 404 495

768 457 949 511 omnia
997 461 1194 510 arca'ua
1254 455 1462 509 ratione
1507 467 1738 524 agantur
1789 471 1803 509 :

767 552 1078 610 sedeamus,
1110 565 1172 603 ac
1213 548 1565 602 Providentia
1609 556 1667 602 et
1698 549 1928 602 veritate
1969 549 2222 618 indignas
2256 565 2342 601 ra-

770 643 947 693 tiones
975 640 1477 693 comminiscamnr.
1507 639 1642 692 Cum
1675 639 1820 693 enim
1860 639 2003 692 Deus
2034 640 2104 692 ob
2155 650 2338 694 vetera

766 743 822 787 et
875 731 1114 787 recentia
1153 733 1350 787 delicta
1379 732 1681 800 quemlibet
1723 733 1956 785 multare
1993 732 2128 789 vult.
2176 731 2338 799 periti

767 827 961 880 medici
1015 827 1206 889 instar,
1238 825 1410 894 plagis
1439 837 1630 877 curatu
1675 822 1990 876 difficilibus
2029 823 2229 875 ferrum
2285 833 2342 876 et

768 920 946 985 ignem
997 919 1268 972 admovet.
1325 916 1444 970 Mox
1497 927 1692 970 terram
1729 916 1848 969 laeto
1889 916 2053 969 ubere
2107 915 2338 969 fertilem

769 1031 863 1067 aer
911 1014 1092 1083 gravis
1143 1013 1385 1071 infestat.
1427 1027 1566 1079 aqua
1625 1013 1791 1064 maris
1822 1010 2157 1080 indignatur,
2191 1012 2338 1064 venti

773 1106 1068 1175 importuni
1103 1117 1156 1159 et
1186 1106 1324 1157 votis
1360 1104 1619 1159 contrarii
1670 1103 1864 1155 reflare
1923 1103 2213 1171 incipiunt,
2247 1118 2339 1171 pe-

770 1197 1009 1250 stilentia
1050 1207 1328 1266 grassatur
1361 1212 1374 1248 :
1410 1192 1723 1259 affliguntur
1752 1202 2022 1262 quotquot
2057 1195 2263 1248 virtute
2287 1203 2340 1247 et

768 1288 1083 1343 eruditione
1123 1304 1180 1342 se
1210 1290 1357 1356 ipsos
1380 1294 1740 1348 exornarunt,
1771 1301 1833 1338 ac
1863 1300 2045 1338 mores
2088 1301 2218 1339 suos
2272 1286 2336 1337 ad

771 1381 1008 1442 ltoriam,
1043 1390 1101 1433 nt
1147 1380 1216 1431 ita
1263 1379 1464 1439 dicam,
1502 1378 1842 1432 harmoniam
1888 1379 2220 1448 compositos
2246 1394 2339 1432 ex.

769 1473 1103 1541 poliverunt.
1155 1471 1428 1539 Quidquid
1490 1471 1786 1524 instituunt
1850 1469 2054 1523 exitum
2111 1471 2341 1525 sortitur

770 1565 1064 1618 infaustum
1097 1573 1151 1617 ct
1179 1563 1364 1630 prima:
1396 1577 1622 1629 operum
1658 1561 1958 1628 inceptioni
1993 1563 2224 1637 maxime
2245 1566 2338 1614 ad—

766 1659 1091 1717 versarium,
1124 1671 1380 1724 supremo
1415 1655 1506 1708 Dei
1563 1655 1785 1708 numine
1842 1654 1921 1709 sic
1985 1655 2336 1709 decernente.

767 1751 968 1802 tlontra
1021 1747 1319 1801 calamitosi
1350 1787 1364 1808 ,
1393 1746 1632 1808 obscuri,
1669 1747 1928 1799 vecordes
1961 1757 2014 1798 et
2050 1745 2335 1800 Furiarum

1020 344 1095 410 |.i.
1133 356 1166 392 iit
1237 343 1366 394 UH
1414 357 1479 394 an
1524 341 1687 413 ($856]

1987 344 2404 406 NICEPIIORI
2447 347 2827 408 GRleORdZ

1857 455 1987 509 licet
2036 471 2136 510 nos
2171 456 2342 526 ignari
2383 467 2416 517 ρ,
2449 459 2693 511 εἰκοστὸν
2745 459 2984 516 ἔννατον.
3032 462 3354 536 Ἐπιστῆσαι
3411 469 3457 522 δ’
3518 473 3531 525 ί

2383 467 2416 517 ρ,
2449 459 2693 511 εἰκοστὸν
2745 459 2984 516 ἔννατον.
3032 462 3354 536 Ἐπιστῆσαι
3411 469 3457 522 δ’
3518 472 3690 538 ἄξιον,
3743 474 3859 537 πῶς
3917 478 4031 530 τῶν

3137 348 3268 418 line.
3313 367 3594 406 nonomc.
3637 353 3779 427 55s.]

3925 363 4031 426 406

2451 552 2806 620 ἀνθρωπίνων
2855 556 3195 625 πραγμάτων
3233 561 3385 613 οὐδὲν
3435 563 3532 631 τῆς
3577 566 3837 634 Προνοίας
3872 570 4032 632 ἐκτὸς

2450 645 2752 709 διοικεῖται,
2784 645 2919 701 ἀλλὰ
2967 647 3145 701 πάντα
3200 651 3356 718 λόγον
3403 655 3717 726 ἀπόρρητον
3767 661 3880 730 ἔχει
3935 664 4031 715 τον

2449 737 2645 803 ἄγοντα
2675 753 2687 765 ·
2734 737 2835 790 κᾶν
2885 741 3044 807 ἡμεῖς
3095 744 3418 810 ἀγνοοῦντες
3467 749 3777 820 καθήμεθα,
3826 754 4025 818 λόγους

2450 829 2818 898 προφέροντες
2867 833 2963 899 τῆς
3009 850 3069 884 τε
3127 835 3386 904 Προνοίας
3432 841 3564 908 ὁμοῦ
3605 847 3696 896 καὶ
3745 846 3847 916 τῆς
3891 850 4031 918 ἁληο

2449 920 2600 985 θείας
2650 925 2709 975 ού
2749 925 2893 990 μάλα
2938 925 3140 991 ἀξίους.
3192 929 3359 981 Ὅταν
3410 933 3514 1002 γᾶρ
3563 934 3718 1006 ἐθέλῃ
3773 939 4028 1003 κολάζειν

2449 1011 2540 1075 οὓς
2578 1014 2642 1065 ἂν
2679 1014 2849 1066 ἐθέλοι
2886 1016 3134 1067 παλαιῶν
3172 1036 3230 1069 τε
3269 1023 3363 1071 καὶ
3420 1024 3554 1074 νέων
3604 1025 4030 1095 ἁμαρτημάτων

2450 1104 2774 1172 ποιούμενος
2829 1107 3056 1171 ἔκτισιν,
3090 1103 3178 1161 οἶα
3240 1113 3400 1179 σοφὸς
3458 1116 3643 1184 ίατρδς
3702 1123 3875 1186 τομὴν
3932 1124 4029 1172 καὶ

2449 1199 2702 1267 καυτῆρα
2748 1203 2868 1261 ταῖς
2909 1202 3184 1265 δυσιάτοις
3233 1206 3428 1272 ἐπάγει
3460 1208 3721 1276 πληγαῖς.
3755 1212 3861 1264 Καὶ
3904 1213 4027 1279 ἅμα

2449 1288 2590 1340 κατὰ
2652 1290 2754 1356 γῆς
2817 1291 3155 1362 εὐθηνούσης
3215 1295 3378 1365 ἀέρες
3439 1301 3869 1370 νεωτερίζουσι·
3931 1310 4030 1360 δια-ἰ

2448 1382 2750 1448 ἀγανακτεῖ
2784 1385 2902 1436 κατ’
2927 1386 3107 1438 αὐτῶν
3133 1387 3275 1458 ὕδωρ
3307 1391 3578 1462 Θαλάττης
3602 1411 3615 1424 ·
3643 1399 3734 1448 καὶ
3768 1398 4030 1463 ὑϐρισταὶ

2447 1474 2588 1523 κατὰ
2636 1473 2734 1538 τῇς
2786 1473 2991 1525 τούτων
3047 1474 3354 1546 βουλήσεως
3394 1481 3735 1537 ἁντιπνέουσι
3789 1486 3981 1554 ἄνεμοι
4011 1505 4026 1517 ·

2448 1569 2540 1619 κατ⁸
2571 1567 2777 1635 λοιμῶν
2807 1569 2922 1629 όδλις
2952 1569 3226 1621 εύοδοῦται
3254 1584 3269 1598 ⁸
3303 1574 3395 1625 καὶ
3428 1576 3883 1645 κακοδαιμονοῦσι
3919 1583 4026 1648 μὲν

2445 1659 2560 1710 ὅσοι
2595 1660 2728 1726 πρὸς
2759 1659 2956 1727 ἀρετὴν
2992 1661 3086 1711 καὶ
3121 1661 3368 1715 παιδείαν
3398 1665 3739 1734 ὲρρύθμισαν
3760 1671 4018 1736 ὲαυτεὶς,

2449 1753 2542 1802 καὶ
2572 1750 2632 1800 τὸ
2655 1750 2864 1801 ἑαυτῶν
2900 1752 3034 1839 πρὸς
3061 1753 3160 1839 την
3186 1753 3408 1823 Δώριον,
3443 1755 3526 1827 [Ρ.
3567 1757 3687 1830 193]
3714 1761 3786 1822 εἰς
3818 1765 4021 1823 εἰτπῖν,

768 1843 994 1903 aluiizni,
1025 1854 1338 1908 prosperam
1379 1839 1649 1891 fortunam
1679 1839 2075 1905 experiuntur;
2123 1839 2338 1904 sapiens
2377 1827 2416 1878 Β

2377 1827 2416 1878 Β
2451 1846 2718 1916 ἁρμονίαν
2744 1844 3014 1908 ἁπέίςεσαν
3035 1829 3165 1916 ἦθος
3188 1865 3201 1878 ⁴
3238 1849 3334 1901 καὶ⁸
3355 1851 3459 1902 πᾶν
3490 1852 3516 1902 ὃ
3546 1870 3596 1902 τι
3625 1855 3888 1922 πράξαιεν
3923 1859 4025 1907 πέ-

771 1942 851 1984 tes
883 1932 950 1984 ab
993 1929 1378 1999 insipientibus
1408 1930 1623 1996 penitus
1666 1930 2002 1992 vincuntur;
2060 1945 2352 1984 sannioiies

768 2031 823 2074 ct
842 2020 1112 2089 mancipia
1142 2019 1405 2072 modestis
1428 2017 1782 2086 honestisque
1808 2018 2100 2086 imperant.
2137 2018 2273 2070 Tum
2298 2027 2351 2071 cl

768 2113 990 2166 urbium
1051 2111 1422 2187 magistratus,
1447 2119 1512 2164 et
1544 2111 1983 2178 patresfamilias,
2015 2119 2071 2163 et
2101 2110 2349 2164 tribunos

769 2209 965 2277 plebis,
998 2215 1053 2259 et
1088 2205 1296 2267 mdiles,
1332 2215 1387 2258 et
1426 2214 1708 2272 pra-tores,
1756 2203 1866 2256 imo
1913 2205 2083 2273 ipsius
2127 2217 2346 2271 quoque

771 2301 1080 2357 mouastica:
1104 2297 1407 2366 disciplina:
1436 2295 1709 2349 antistites
1739 2309 1930 2348 omnes
1954 2294 2159 2358 videas,
2189 2296 2339 2348 velut

766 2415 831 2452 ex
865 2393 1188 2464 composito,
1238 2389 1590 2459 impudentia:
1639 2399 1694 2442 et
1739 2388 2051 2457 petulantia:
2097 2388 2334 2452 servire,

769 2506 867 2545 nec
898 2505 964 2543 ex
997 2487 1175 2541 oflicio
1199 2483 1498 2553 quidquam
1536 2483 1712 2536 facere
1738 2491 1832 2534 aut
1863 2496 2022 2549 posse
2054 2492 2148 2534 aut
2176 2481 2336 2550 317

768 2583 928 2637 velle.
965 2580 1089 2636 llwc
1120 2580 1190 2632 ita
1223 2593 1281 2631 se
1317 2575 1519 2628 habere
1549 2588 1612 2627 ex
1643 2573 1733 2639 iis,
1772 2587 1893 2643 qua:
1935 2574 2043 2643 jam
2067 2574 2334 2638 dicemus,

767 2674 1064 2730 constabit.

2454 1956 2554 2007 ρας
2582 1938 2830 2007 εὑρίσκει
2864 1940 3136 2008 σφαλερον
3169 1942 3260 1992 καὶ
3297 1941 3440 2009 μάλα
3470 1945 3877 2011 πολεμιώτατον
3909 1951 4025 2010 τοῖς

2447 2018 2712 2095 ἀρχηγὸῖς
2746 2026 2856 2078 τῶν
2891 2026 3067 2094 ἔργων
3118 2027 3472 2097 βουλεύμασι,
3510 2034 3602 2081 τοῦ
3648 2031 3783 2083 θεοῦ
3834 2037 4027 2088 τοιαύ-

2445 2132 2544 2184 την
2584 2121 2705 2168 τινα
2754 2115 2852 2185 τὴν
2885 2117 3068 2186 κρίσιν
3100 2118 3308 2170 ἄνωθεν
3357 2121 3800 2185 ταλαντεύοντος.
3829 2126 4030 2178 Εὐδαι-

2449 2206 2672 2274 μονοῦσι
2708 2205 2752 2257 δ’
2785 2208 2972 2259 ὁπόσοι
3021 2208 3304 2278 δυστυχεῖς
3341 2225 3488 2274 τινες
3525 2219 3616 2265 καὶ
3664 2216 3885 2282 ἀφανεῖς
3927 2221 4026 2269 καὶ

2447 2298 2809 2366 παραπλῆγες
2854 2301 2950 2351 καὶ
3008 2301 3300 2372 Ἐριννύων
3356 2306 3633 2372 πεφύκασι
3680 2308 4021 2378 θρέμματα·

2446 2387 2541 2438 καὶ
2571 2387 2797 2440 νικῶσιν
2854 2389 2957 2441 ἀνὰ
3009 2391 3209 2460 κράτος
3239 2393 3367 2451 τοὺς
3407 2393 3684 2463 ἔμφρονας
3733 2399 3972 2466 ἄφρονες
4005 2416 4018 2428 ·

2445 2479 2538 2528 καὶ
2569 2477 2886 2545 κυριεύουσι
2938 2479 3049 2530 τῶν
3095 2483 3339 2549 κοσμίων
3387 2485 3481 2535 καὶ
3521 2487 3877 2555 εὐσχημόνων
3927 2491 4025 2540 αι-

2441 2569 2583 2638 δρῶν
2617 2571 2922 2639 ὲμπαῖκταί
2951 2589 3097 2633 τινες
3125 2577 3218 2628 καὶ
3240 2576 3548 2647 οίκῡτριϐες
3580 2581 3882 2649 ἄνθρωποι.
3917 2583 4025 2634 Καὶ

2445 2665 2545 2715 ίεδοι
2579 2680 2662 2724 τις
2695 2661 2761 2714 ἂν
2799 2665 3103 2734 τηνικαῦτα
3137 2671 3265 2730 τούς
3297 2687 3356 2721 τε
3388 2671 3773 2741 δημαγωγοὺς⁹
3801 2675 3928 2736 τούς
3963 2693 4022 2726 τε

765 2772 874 2823 τῖιν
903 2772 1108 2822 πόλεων
1152 2768 1442 2836 ἄρχοντας,
1475 2767 1601 2827 τούς
1630 2781 1688 2816 τε
1735 2762 1843 2816 τῶν
1877 2759 2089 2826 οἰκιῶν,
2149 2759 2275 2820 τούς
2338 2775 2396 2809 τε
2438 2759 2815 2825 ἀγορανόμους
2853 2761 2946 2812 καὶ
2997 2761 3380 2824 δικασπόλους,
3411 2766 3504 2817 καὶ
3551 2768 3684 2835 πρός
3718 2785 3781 2834 γε
3828 2771 4024 2822 ὀπόσοι

765 2866 858 2919 τοῦ
932 2857 1221 2934 μοναδικοῦ
1281 2859 1603 2928 προστατεῖν
1658 2856 1849 2924 ἔλαχον
1907 2855 2046 2925 βίου,
2114 2852 2323 2913 πάντας
2404 2851 2659 2920 καθάπερ
2715 2854 2826 2907 ἀπὸ

2923 2854 3219 2924 συμφώνου
3277 2859 3424 2921 τινὸς
3479 2863 3542 2928 τῇ
3613 2862 3860 2931 ἀναιδείᾳ
3927 2869 4026 2917 καὶ

767 2960 962 3026 ἀταξία
993 2952 1394 3023 λατρεύοντας,
1432 2949 1526 3002 καὶ
1567 2949 1719 3001 οὐδὲν
1764 2949 1912 3015 ὑγιὲς
1964 2947 2227 3016 πράττειν
2293 2943 2415 2996 οὔτε
2454 2945 2825 3015 δυναμένους,
2889 2946 3014 2999 οὔτε
3091 2949 3398 3013 ἐθέλοντας.
3455 2953 3752 3008 Βεὸαιώσει
3831 2958 3888 3009 δὲ
3958 2963 4028 3011 τὰ

766 3053 1036 3118 λεγόμενα
1095 3045 1187 3096 καὶ
1242 3043 1386 3111 άπερ
1440 3043 1638 3094 αὐτίκα
1685 3040 1927 3104 λέξοντες
1976 3041 2182 3110 ἥκομεν
2234 3039 2329 3090 καὶ
2367 3041 2552 3109 ἡμεῖς.

840 3146 902 3199 ν.
946 3144 1078 3198 Nam
1107 3157 1231 3194 cum
1259 3139 1560 3193 Turcarum
1595 3137 1926 3206 irruptiones
1965 3152 2078 3188 rem
2132 3135 2330 3187 Roma-
2360 3142 2405 3198 C
2512 3141 2514 3189 i

2360 3142 2405 3198 C
2512 3135 2585 3190 E'.
2635 3138 2791 3190 Ἐπεὶ
2841 3140 2948 3208 γὰρ
2985 3144 3064 3203 είς
3122 3143 3324 3212 πλῆθος
3359 3146 3391 3212 ὴ
3448 3143 3557 3196 τῶν
3593 3144 3856 3216 Τούρκων
3887 3149 4023 3199 ἐττε-

771 3255 890 3292 nam
923 3235 1286 3297 undecunque
1335 3238 1636 3282 atterentes
1680 3246 1734 3281 et
1782 3227 2106 3280 afﬂictantes
2156 3226 2337 3280 incre-

769 3334 1110 3386 brescerent,
1138 3336 1194 3376 et
1220 3322 1487 3392 quidquid
1517 3321 1636 3386 opis
1667 3336 1728 3372 ac
1757 3318 1991 3371 subsidii
2033 3318 2086 3370 in
2124 3317 2334 3370 viribus

771 3438 866 3476 seu
920 3416 1238 3473 domesticis
1273 3429 1367 3466 seu
1412 3411 1770 3465 auxiliaribus
1804 3411 2041 3480 positum
2086 3409 2244 3467 foret.
2281 3408 2335 3462 id

770 3527 935 3566 omne
997 3522 1222 3579 prorsus
1268 3503 1463 3557 inutile
1505 3518 1570 3556 ac
1606 3502 1815 3555 nullum
1868 3516 1989 3554 esse
2041 3500 2337 3569 imperator

771 3604 1036 3656 divinitus
1089 3597 1434 3666 intelligeret,
1490 3595 1593 3649 alia
1648 3593 1729 3646 via
1764 3606 1879 3647 rem
1919 3607 2179 3661 agressus
2227 3602 2332 3654 est,

771 3696 981 3749 lubrica
1014 3694 1102 3745 illa
1142 3690 1386 3760 quidem,
1429 3687 1472 3742 si
1502 3701 1628 3740 vere
1669 3685 1987 3738 consideres
2014 3695 2069 3738 et
2102 3684 2332 3752 aquita-

770 3798 876 3840 tein
914 3793 1125 3853 spectes
1153 3823 1166 3846 ,
1212 3797 1318 3833 non
1351 3791 1528 3831 tamen
1569 3792 1792 3846 prorsus
1832 3775 2185 3844 imprudenti,
2227 3785 2336 3828 tam

770 3876 1016 3931 adversis
1057 3885 1111 3928 et
1148 3883 1252 3926 tam
1309 3870 1509 3939 iniquis
1563 3868 1922 3936 temporibus.
1973 3867 2108 3921 Nam
2156 3880 2336 3918 annua

768 3969 1111 4023 subditorum
1158 3964 1357 4016 tributa
1411 3977 1608 4031 augere
1649 3961 1878 4024 statuit;
1908 3960 2110 4029 quibus
2146 3959 2336 4013 divisis

770 4070 979 4132 partem
1013 4059 1066 4111 in
1100 4057 1238 4110 alios
1279 4070 1409 4108 usus
1459 4054 1754 4122 quotannis
1790 4053 2091 4115 conferret,
2126 4061 2334 4120 partem

769 4155 1016 4210 finitimis
1049 4151 1299 4204 hostibus
1329 4149 1690 4216 impenderet,
1727 4161 1900 4214 eaque
1933 4148 2144 4198 ratione
2175 4160 2338 4199 vena-

765 4248 872 4298 icni
927 4246 995 4296 ab
1036 4243 1100 4294 iis
1141 4255 1328 4309 pacem
1371 4239 1665 4306 acciperet.
1717 4236 1873 4300 Quod
1922 4236 2152 4305 perinde
2213 4235 2334 4300 fuit,

767 4356 828 4389 ac
863 4338 905 4389 si
942 4337 1064 4403 quis
1096 4334 1393 4387 amicitiam
1459 4331 1715 4400 luporum
1751 4331 1981 4383 mercari
2021 4329 2208 4383 volens
2238 4344 2334 4382 ve-

767 4445 865 4480 nas
906 4426 1007 4479 .~ibi
1062 4425 1116 4477 in
1149 4425 1423 4492 plerisque
1475 4422 1723 4490 corporis
1758 4421 2004 4489 partibus
2039 4421 2331 4484 incideret,

2447 3228 2682 3282 πόλασεν
2715 3231 2926 3300 ἔφοδος,
2960 3235 3296 3304 πανταχόθεν
3329 3238 3417 3289 ἀεὶ
3465 3238 3735 3307 ζημιοῦσα
3774 3243 3865 3291 καὶ
3902 3242 4029 3293 Cu-

2443 3323 2704 3391 τιθεμένη
2732 3325 2919 3388 κακῶς
2946 3326 3014 3377 τὰ
3053 3327 3343 3397 Ῥωμαίων
3368 3333 3689 3401 πράγματα,
3722 3336 3813 3386 καὶ
3845 3338 4025 3387 πᾶσαι

2449 3418 2688 3482 μηχαναὶ
2725 3417 2819 3468 καὶ
2866 3417 3113 3486 παλάμαι
3145 3423 3368 3490 γνήσιαί
3414 3441 3469 3478 τε
3523 3426 3617 3476 καὶ
3672 3434 4028 3497 συμμαχικαὶ

2444 3505 2520 3575 τῷ
2575 3508 2784 3575 βασιλεῖ
2841 3510 3028 3564 θεόθεν
3082 3517 3430 3568 παντάπασιν
3480 3519 3826 3590 ἦλέγχθησαν
3861 3523 4027 3576 οὖσαι

2449 3602 2636 3671 μηδὲν,
2674 3605 2870 3674 ἑτέραν
2901 3607 3189 3676 ἐτράπετο,
3226 3612 3499 3682 σφαλεράι
3537 3616 3635 3683 μὲν
3661 3617 3800 3668 κατά
3834 3635 3896 3684 γε
3931 3619 4025 3670 τὸν

2445 3694 2620 3765 ἀληθῆ
2670 3699 2762 3780 καὶ
2791 3699 2999 3751 δίκαιον
3037 3701 3195 3769 λόγον
3218 3720 3230 3732 ·
3280 3705 3417 3774 πρὸς
3455 3706 3510 3757 δὲ
3556 3696 3696 3759 οὕτω
3723 3710 3900 3777 βίαιον
3931 3717 4028 3765 καὶ

2444 3789 2856 3863 ἀνταγωνιστὴν
2911 3795 3122 3863 χρόνον,
3171 3797 3231 3848 ού
3284 3801 3424 3850 πάνυ
3456 3818 3536 3852 τοι
3579 3803 3784 3870 σφόδρα
3829 3804 4029 3856 ἀσύνε-

2445 3902 2554 3938 τον.
2595 3885 2776 3953 Ἔγνω
2806 3886 2915 3956 γὰρ
2939 3890 3065 3950 τοὺς
3094 3891 3344 3959 ἐτησίους
3366 3892 3472 3943 τῶν
3497 3893 3750 3961 ὑπηκὸων
3785 3875 4026 3962 αἰξῆσάι

2446 3975 2646 4045 φόρους
2673 3993 2686 4007 ⁸
2728 3980 2822 4046 ἀφ’
2850 3976 2926 4033 ὦν
2960 3981 3318 4052 μεριζόμενον
3345 3989 3600 4054 χορηγεῖν
3621 3987 3724 4038 ἀνὰ
3757 3989 3864 4038 πᾶν
3899 3989 4023 4051 ἔτος

2442 4072 2566 4130 ταῖς
2604 4085 2661 4121 τε
2711 4070 2898 4134 ἄλλαις
2945 4074 3158 4142 χρείαις
3209 4078 3301 4127 καὶ
3354 4077 3470 4145 ἅμα
3511 4081 3620 4138 τοῖς
3659 4079 3867 4144 γείτοσι
3911 4082 4022 4131 τῶν

2443 4160 2653 4230 ἐχθρῶν
2687 4163 2781 4214 καὶ
2828 4162 2988 4218 ὢνιον
3046 4167 3248 4220 οὑτωσὶ
3303 4171 3402 4237 τὴν
3452 4172 3664 4223 ἐκεῖθεν
3713 4172 4023 4241 λαμϐάνειν

2443 4253 2669 4321 εἰρήνην
2690 4270 2703 4285 ·
2733 4255 2918 4322 ὅμοιον
2943 4258 3132 4321 ποιῶν,
3160 4259 3346 4328 ῶσπερ
3378 4261 3442 4314 ἂν
3467 4262 3621 4323 εἴτις
3658 4265 3836 4329 φιλίαν
3864 4283 3980 4335 παρ
4000 4286 4022 4317 1

2430 4344 2550 4395 τῶν
2578 4345 2760 4397 λύκων
2791 4346 3119 4416 ὠνούμενος,
3155 4352 3342 4403 ἔπειτα
3372 4354 3470 4415 τὰς
3509 4355 3717 4416 οἰκείας
3749 4357 4023 4425 πολλακὸο

2445 4437 2536 4487 θεν
2561 4436 2778 4505 τέμνων
2809 4433 3011 4505 φλέόας
3047 4442 3225 4493 πίνειν
3257 4445 3486 4505 ἐκείνοις
3533 4449 3760 4516 παρεῖχε
3797 4452 3894 4500 καὶ
3925 4455 4010 4518 ἐμ·

765 4534 820 4574 «ιι
865 4519 1127 4586 sanguine
1173 4531 1272 4567 suo
1317 4513 1440 4567 illos
1488 4513 1664 4580 potari
1713 4522 1769 4565 et
1821 4513 2145 4581 ingurgitari
2187 4515 2331 4568 ultro
2366 4519 2439 4571 Di

2366 4519 2407 4571 ι)
2438 4529 2725 4597 φορεῖσθαι
2769 4530 2862 4581 τοῦ
2899 4532 3154 4599 αἵματος.
3196 4533 3360 4586 Ὀθεν
3410 4539 3600 4605 καιρὸν
3633 4513 3923 4608 ειληφὸτες
3957 4513 4017 4593 ὀἱ

769 4613 1128 4679 permitteret.
1162 4605 1316 4660 Unde
1351 4604 1625 4673 publicani
1677 4613 1732 4657 et
1786 4616 2067 4658 exactores
2117 4615 2335 4673 sumpta

764 4702 1052 4755 ιιςωείοιιθ
1074 4698 1165 4750 alii
1193 4697 1329 4748 alios
1353 4704 1697 4748 antevertere
1724 4695 2073 4756 studuerunt,
2101 4696 2335 4763 quisque

766 4795 920 4862 plura
963 4807 1020 4844 se
1060 4790 1465 4857 persoluturum
1503 4785 1787 4855 pollicens,
1829 4786 1874 4839 si
1909 4785 2179 4854 ejusmodi
2217 4802 2337 4838 mu~

767 4886 917 4938 neris
947 4881 1351 4936 administratio
1378 4878 1483 4932 sibi
1512 4877 1886 4930 mandaretur.
1918 4876 2103 4946 Itaque
2133 4879 2334 4944 exiguo

769 4990 1034 5045 tempore,
1078 4973 1328 5043 quamvis
1368 4968 1598 5024 Romani
1650 4968 1868 5037 imperii
1914 4968 2052 5022 ﬁnes
2101 4969 2334 5023 subinde

769 5069 1250 5125 contraherentur,
1305 5064 1386 5117 sic
1439 5063 1646 5116 reditus
1695 5061 1861 5114 annui
1913 5071 2235 5125 creverunt,
2277 5074 2332 5115 nt

768 5160 966 5213 millies
995 5159 1211 5213 millena
1247 5159 1568 5209 nomismata
1601 5155 1901 5224 quotannis
1935 5154 1989 5207 in
2034 5157 2222 5208 fiscum
2265 5158 2332 5208 ab

770 5253 856 5313 iis,
888 5252 978 5320 qui
1031 5250 1291 5320 pecunias
1325 5264 1388 5300 ac
1435 5248 1640 5301 tributa
1672 5247 2019 5315 colligebant,
2060 5249 2331 5300 referien-

765 5357 871 5397 tur.
907 5342 1057 5396 Unde
1089 5343 1274 5395 senior
1298 5344 1596 5408 imperator
1627 5339 1680 5392 in
1707 5340 1889 5392 animo
1919 5339 2175 5400 habebat,
2207 5356 2328 5407 per-

764 5447 984 5504 ].ctnam
1021 5435 1209 5500 viginti
1245 5432 1547 5485 triremium
1583 5431 1809 5485 classem
1851 5441 2041 5484 contra
2081 5433 2324 5485 marinos

2434 4615 2665 4666 τελῶναι
2699 4617 2790 4669 καί
2823 4619 3129 4686 φορολόγοι,
3150 4619 3335 4689 ἕτερος
3375 4624 3563 4691 ἕτερον
3594 4627 3826 4690 ἔφθανεν
3855 4628 4020 4680 ὑπισ-

2435 4709 2731 4776 χνούμενος
2782 4710 2950 4761 πλείω
3004 4712 3263 4779 παρέξειν
3318 4716 3504 4780 αὐτὸς,
3570 4719 3852 4788 ὑπηρέτης
3919 4722 4020 4788 τῆς

2434 4800 2688 4869 τοιαύτης
2723 4801 3002 4862 καταστὰς
3029 4801 3369 4872 διοικήσεως.
3408 4805 3517 4857 Καὶ
3563 4808 3733 4870 οὕτως
3764 4813 3819 4862 ὲν
3852 4814 4021 4880 ὀλίγῳ

2433 4888 2510 4959 τῷ
2558 4891 2756 4959 χρόνῳ,
2791 4893 2967 4943 καίτοι
3021 4892 3361 4962 βραχυτέρας
3415 4899 3498 4949 ἀεὶ
3540 4903 3876 4969 γιγνομένης
3919 4907 4017 4973 τῆς

2440 4983 2546 5033 τῶν
2589 4981 2872 5049 Ῥωμαίων
2912 4984 3288 5050 ἐπικρατείας,
3328 4988 3474 5055 ὅμως
3507 4992 3585 5051 εἰς
3617 4991 3796 5058 χιλίας
3843 4995 4018 5066 ηεξη-

2441 5087 2530 5121 ται
2577 5071 2820 5140 χιλιάδας
2856 5071 2925 5123 τὰ
2952 5071 3088 5140 πρὸς
3135 5072 3246 5124 τῶν
3285 5076 3668 5143 ἁργυρολόγων
3709 5085 3801 5131 καὶ
3855 5101 4019 5152 φορε-

2441 5163 2612 5229 λόγων
2635 5165 2757 5216 κατ’
2780 5164 2900 5225 ἔτος
2929 5166 3006 5225 είς
3033 5163 3094 5215 τὸ
3119 5162 3397 5232 βασιλικὸν
3423 5171 3759 5237 εἰσαγόμενα
3785 5190 4017 5242 ταμειεν

2436 5257 2769 5323 νομίσματα.
2820 5254 2907 5318 Ἐξ
2933 5250 3005 5308 ὧν
3036 5250 3100 5324 ἦν
3133 5256 3208 5325 τῷ
3240 5263 3457 5328 γηραιῷ
3493 5262 3705 5330 βασιλεῖ
3732 5267 3867 5328 πρὸς
3893 5267 4016 5333 βλιτ-

2436 5349 2641 5417 λήσεως
2694 5351 3026 5428 καταστῆναι
3066 5356 3312 5422 τριήρεις
3373 5354 3472 5420 μὲν
3520 5356 3691 5406 είκοσι
3739 5355 4014 5426 διηνεκεῖς

2421 5437 2575 5487 κατὰ
2609 5437 2714 5487 τῶν
2752 5438 3053 5491 θαλαττίων
3113 5446 3206 5494 καὶ
3261 5444 3717 5511 παραθαλαττίων
3753 5448 3964 5515 ἐχθρῶν
3993 5466 4006 5477 ·

2090 5573 2419 5634 Variorum
2459 5592 2641 5638 nomc.

763 5729 1003 5797 errorem
1036 5716 1304 5786 ascriptus
1334 5724 1433 5776 est,
1469 5733 1563 5783 pro
1596 5731 1736 5768 anno
1780 5717 1934 5781 1521,
1973 5726 2029 5770 ιιι
2061 5727 2118 5771 et
2149 5719 2326 5787 Capite
2368 5719 2544 5786 primo
2589 5719 2829 5786 i'jiisilgm
2886 5725 3008 5779 mni
3079 5743 3253 5782 almus
3298 5728 3450 5788 εδει,
3485 5744 3583 5797 pro
3638 5745 3782 5782 τιηηο
3850 5731 4003 5785 ιδέο,

768 5787 972 5836 limis.
