4240 6442
197 302 297 366 497

445 304 524 377 [Α.
566 322 614 362 c.
664 309 799 363 ηεξ
841 326 903 364 ιω
949 307 1110 382 1528]
1187 312 1632 374 ΒΥΖιΝτιΝςιῑ
1678 310 1806 369 ma

1925 310 2068 373 [ΠΕ
2110 316 2253 377 LiB.
2304 319 2462 379 Vill.

2556 313 2690 371 lutr.
2734 327 3009 368 monoxtc.
3050 327 3144 367 SEN
3181 311 3198 383 ]

3338 314 3453 382 498

201 423 432 488 στρατόν
473 424 516 475 δ’
560 426 933 494 ἡττειρωτικδν
962 430 1019 480 ἐν
1061 430 1160 497 μὲν
1201 428 1419 497 Βιθυνίᾳ
1451 426 1652 495 χιλίους
1682 423 1771 476 ίπ-
1804 466 1809 477 .

1925 438 1941 477 ,⁸
1982 430 2284 483 maritimos
2333 430 2522 484 hostes
2584 430 2915 492 instituere;
2974 435 3263 482 terrestres
3312 443 3444 480 vero

199 513 334 575 πέας
364 515 658 583 διηνεκεῖς,
701 512 759 569 ἐν
800 517 855 570 δέ
894 518 1086 589 Θρᾴκῃ
1132 521 1227 572 καὶ
1254 516 1566 585 Μακεδονίᾳ
1598 516 1769 582 δισχι-

196 606 341 669 λίους
396 608 597 676 ὁμοίιος
624 626 637 639 ο
673 610 740 661 τὰ
778 610 825 663 δ’
872 611 1141 663 ὑπόλοιπα
1180 612 1439 679 χρήματα
1486 607 1773 660 ἀναλίσκε-

196 699 321 753 σθαι
385 702 522 769 πρὸς
584 701 829 765 δαπάνας
896 704 1005 756 τῶν
1062 702 1383 774 όθενδήποτε
1440 703 1775 771 προσιόντων

199 793 388 846 ἄλλοτε
406 794 587 848 ἄλλων
610 796 912 864 πρέσϐεων,
937 796 1031 849 καὶ
1053 796 1319 865 χορηγίας
1340 794 1640 856 ἐνιαυσίους
1668 794 1776 845 τῶν

202 885 687 953 πρικυκλούντων
732 887 924 950 ἐθνῶν,
971 888 1061 939 καὶ
1102 888 1221 940 ὅσαι
1254 886 1410 963 ἀλλαι
1450 884 1640 953 μυρίαι
1688 885 1779 937 δα-

200 976 366 1029 πάναι
391 980 503 1037 τοῖς
536 977 828 1047 βασιλείοις
861 978 1161 1050 καθήκουσι
1183 978 1519 1047 πράγμασιν.
1542 977 1625 1047 lP.
1652 975 1775 1047 196]

210 1068 351 1122 'sn'
391 1071 516 1122 ἐπεὶ
570 1072 660 1122 καὶ
698 1070 816 1137 Θεῷ
854 1087 915 1139 γε
952 1071 1013 1122 ού
1046 1071 1186 1139 μάλα
1227 1070 1463 1122 ἐθέλοντι
1492 1066 1578 1139 ἦν,
1616 1070 1684 1123 δι’
1714 1070 1779 1131 ἃς

202 1159 363 1221 αὐτὸς
392 1156 535 1213 οἶδεν
563 1160 760 1227 αἰτίας,
792 1162 1051 1231 ἐξαίφνης
1076 1163 1292 1215 ἅπαντα
1335 1162 1423 1215 διὰ
1464 1163 1559 1230 τῆς
1596 1163 1779 1231 κοινῆς

200 1255 407 1321 ταύτης
465 1254 779 1323 συγχύσεως
814 1255 1241 1327 ἀνατέτραπται,
1293 1255 1545 1325 καθάπερ
1606 1255 1773 1307 κύϐου

204 1350 627 1414 μεταπεσόντος.

276 1441 369 1505 ς’,
432 1441 750 1509 Θαυμάζειν
804 1442 849 1495 δ’
904 1438 997 1496 οἷον
1028 1443 1177 1510 ὅμως
1210 1442 1388 1511 χρεὼν
1417 1444 1513 1513 τὴν
1544 1443 1784 1513 ἄρρητον

203 1533 296 1585 τοῦ
326 1535 397 1585 τὰ
430 1534 609 1587 πάντα
648 1534 955 1602 ἐφορῶντος
987 1535 1337 1604 κηδεμονίανζ
1374 1536 1490 1595 πῶς
1525 1535 1787 1596 πλείστας

204 1626 343 1693 ὁμοῦ
398 1628 493 1678 καὶ
534 1627 737 1695 ἀθρόας
777 1627 933 1695 ἡμῶν
973 1627 1301 1695 ὀφειλόντων
1331 1628 1528 1680 διδόναι
1570 1630 1667 1691 τὰς
1706 1628 1785 1679 δί-

210 1736 309 1780 κας
370 1719 516 1786 ὑπὲρ
555 1720 773 1787 μακρᾶς
811 1720 913 1785 τῆς
957 1720 1177 1784 κακίας,
1238 1720 1380 1789 μετά
1434 1736 1578 1781 τινος
1626 1720 1787 1781 αὐτὸς

210 1809 429 1873 φειδοῦς
463 1810 556 1861 καὶ
581 1808 992 1879 φιλανθρωπίας
1017 1809 1314 1878 λαμϐάνειν
1344 1810 1527 1877 ἔκρινε
1560 1809 1784 1872 ταύτας.

209 1902 283 1952 Οὐ
343 1901 454 1970 γὰρ
514 1901 818 1971 ἀλλοτρίοις
856 1903 1003 1954 τισὶν
1047 1901 1157 1954 οὐδ’
1194 1900 1510 1969 ἀλλοφύλοις
1572 1900 1789 1972 ἐχθροῖς

208 1996 302 2046 καὶ
341 1994 560 2061 ἀγρίοις
612 1994 936 2061 παρέδωκεν
987 1995 1162 2064 ἡμᾶς,
1203 1994 1318 2047 ἀλλ’
1360 1994 1651 2063 ὁμοφύλοις
1698 1994 1791 2047 ἀν-

209 2088 455 2155 θρώποις
486 2088 576 2139 καὶ
618 2088 895 2158 ίσοψύχοις
928 2090 1021 2141 καὶ
1047 2091 1313 2157 γνωστοῖς
1341 2090 1435 2142 καὶ
1465 2087 1787 2157 μαλακωτέ-

211 2199 348 2248 ροις,
392 2181 424 2250 ἢ
492 2181 626 2252 παρ’
686 2175 760 2235 ὧν
813 2183 979 2252 ἐχρῆν
1036 2185 1187 2252 ἡμᾶς
1230 2184 1613 2253 τιμωρεῖσθαι,
1665 2185 1792 2244 τοὺς

209 2275 435 2336 πλεῐους
467 2276 604 2338 τέως
633 2274 745 2328 τῶν
771 2276 962 2347 κύκλῳ
991 2277 1116 2330 καθ’
1139 2277 1299 2345 ἡμῶν
1331 2278 1674 2346 μαινομένων
1698 2277 1793 2330 θα·-

212 2364 360 2432 νάτῳ
400 2364 793 2432 προαρπάσας·
836 2364 926 2419 ἵνα
974 2366 1048 2438 μὴ
1096 2367 1216 2421 κατ’
1257 2366 1505 2437 ἀλλήλοιν
1535 2369 1667 2438 ἡμῖν
1703 2368 1794 2420 ἐκ-

216 2456 582 2523 πολεμωθεῖσι
644 2458 740 2509 καὶ
784 2458 1015 2527 καλάμῳ
1058 2459 1507 2529 συντετριμμένῳ
1549 2459 1793 2528 ἀτεχνῶς

214 2549 457 2601 ἐοικόσιν
485 2549 839 2616 ἐπιτιθέντες,
866 2552 1105 2604 κάκεῖνοι
1136 2553 1341 2615 πάντας
1369 2552 1538 2622 ἄρδην
1573 2552 1653 2614 είς
1677 2552 1793 2605 όλέ-

217 2645 352 2714 θρου
422 2645 619 2713 βυθοὺς
658 2645 1129 2716 παραπέμψωσιν.
1194 2643 1285 2698 Ἐν
1345 2645 1454 2714 γὰρ
1503 2643 1678 2713 τούτῳ
1718 2640 1795 2712 τῷ

214 2738 398 2806 χρόνῳ
448 2737 681 2808 τέθνηκε
734 2737 833 2807 μέν
873 2740 901 2791 ό
952 2739 1176 2808 Κράλης
1229 2736 1460 2807 Σερὸίας
1494 2735 1649 2803 (74)’
1704 2734 1794 2787 τέ-

216 2829 388 2899 θνηκε
422 2829 468 2883 δ’
500 2832 528 2885 ό
578 2833 689 2884 τῶν
738 2830 1058 2903 Βουλγάρων
1084 2830 1309 2901 ἡγεμὼν
1354 2831 1383 2883 ό
1430 2826 1797 2897 Σφενδοσθλά-

214 2923 311 2986 6o;
339 2923 494 2991 (75)·
536 2920 863 2991 πεφόνευται
894 2924 952 2977 δέ
980 2924 1114 2993 προς
1145 2924 1238 2976 τοῦ
1270 2921 1495 2991 ἀνεψιοῦ
1527 2920 1641 2991 (76)
1672 2921 1795 2973 κόν.

210 3032 309 3068 του
349 3015 733 3083 Κεφαλληνίας
763 3015 877 3085 (77)
906 3016 933 3068 ό
962 3016 1072 3069 τῶν
1108 3016 1360 3068 Αίτωλῶν
1394 3015 1490 3068 καὶ
1526 3013 1800 3084 Ἀκαρνά-

214 3126 326 3160 νων
380 3110 686 3179 δεσπότης’
721 3110 1145 3180 προσετεθνήκει
1203 3110 1263 3164 δέ
1319 3110 1411 3162 καὶ
1469 3110 1499 3162 ό
1549 3109 1647 3175 τῆς
1686 3106 1795 3159 τῶν

1875 519 2062 585 copias
2117 523 2168 575 in
2229 523 2479 593 Bithynia
2539 524 2685 576 mille
2736 524 2950 590 equites
3002 532 3338 590 perpetuos;
3388 522 3442 571 in

1878 608 2110 666 Thracia
2148 622 2203 667 et
2239 614 2550 668 Macedonia
2587 614 2753 685 318
2787 614 2872 667 bis
2903 614 3049 667 mille
3080 615 3223 666 item
3247 627 3444 682 νει-ρει

1879 710 2034 757 tuos:
2057 705 2320 774 reliquam
2345 722 2474 760 vero
2497 708 2783 773 pecuniam
2814 706 2864 758 in
2890 716 3140 773 sumptus
3163 705 3448 759 undecun-

1878 811 1985 863 quc
2022 796 2433 851 advenientium
2468 800 2793 868 legatorum,
2822 808 2877 851 et
2912 797 2965 851 in
3014 812 3189 849 annua
3241 795 3443 848 tributa

1882 887 2128 943 llnitimis
2152 891 2406 960 gentibus
2431 891 2790 959 persnlvenda
2816 888 3091 945 conferre.
3110 896 3447 954 creterosque

1882 981 2095 1049 imperii
2149 991 2399 1051 sumptus
2462 1000 2598 1051 pene
2652 985 2911 1037 intlnitos.
2956 981 3062 1035 Sed
3110 981 3240 1050 quia
3277 993 3345 1032 ne
3396 978 3447 1031 id

1882 1074 2101 1137 quidem
2138 1075 2387 1143 placebat
2438 1077 2579 1139 Deo,
2628 1088 2853 1145 propter
2900 1090 3115 1135 causas.
3151 1089 3289 1143 quas
3336 1072 3453 1140 ipse

1884 1165 2057 1224 novit.
2105 1167 2290 1220 subito
2320 1168 2502 1221 omnia
2545 1168 2777 1223 confuso
2828 1166 2921 1220 illo
2954 1164 3268 1235 reipublicae
3306 1173 3451 1217 statu

1882 1273 2076 1311 eversa
2110 1268 2259 1321 sunt,
2297 1268 2355 1312 ut
2386 1259 2441 1315 in
2476 1260 2612 1322 alea,
2648 1274 2771 1314 cum
2802 1267 3006 1313 tessera
3040 1258 3091 1310 in
3119 1258 3452 1309 contrarium

1885 1352 2137 1405 vertitur.

1962 1444 2045 1498 Vl.
2088 1444 2466 1500 Admiratione
2498 1454 2682 1499 tamen
2718 1446 2879 1512 digna
2911 1456 2997 1500 est
3028 1445 3323 1501 ineiiabilis
3366 1444 3456 1497 illa

1888 1537 2134 1590 omnium
2183 1537 2504 1604 inspectoris
2559 1536 2651 1590 Dei
2706 1537 3017 1600 clementia,
3048 1538 3141 1606 qui
3192 1552 3315 1591 cum
3362 1552 3459 1589 nos

1889 1628 2165 1683 diuturnae
2194 1628 2563 1693 improbitatis
2588 1644 2779 1697 pmnas
2806 1630 3067 1697 plurimas
3090 1644 3303 1697 easque
3335 1644 3438 1679 ron

1893 1722 2057 1775 ferlas
2086 1720 2236 1774 luere
2264 1722 2613 1779 deberemus.
2646 1736 2740 1774 eas
2772 1729 2952 1774 tamen
2989 1736 3152 1788 parre
3182 1730 3238 1773 et
3270 1719 3464 1772 Imma-

1892 1814 2035 1867 niter
2065 1812 2399 1882 expetendas
2426 1828 2547 1866 esse
2571 1812 2925 1881 iudicaverit.
2951 1811 3139 1878 Neque
3165 1811 3310 1865 enim
3333 1811 3466 1863 alie-

1890 1904 2107 1974 nigenis
2153 1904 2412 1959 Barbaris
2465 1913 2629 1963 atque
2678 1904 3013 1958 immanibus
3066 1903 3318 1957 hoStibus
3363 1917 3465 1955 nes

1893 1996 2160 2051 tradidit:
2214 1995 2308 2050 sed
2368 1995 2729 2066 popularibus
2771 2005 2825 2050 et
2869 1996 3034 2059 notis,
3085 2005 3140 2049 et
3188 1994 3255 2047 iis
3290 1994 3382 2063 qui
3435 2010 3465 2047 a

1891 2091 2099 2145 nostris
2153 2088 2402 2143 moribus
2447 2104 2553 2142 non
2610 2089 3015 2152 abhorrerent,
3060 2088 3313 2157 adeoque
3352 2088 3465 2142 el:-

1893 2184 2194 2236 mentiores
2241 2190 2425 2233 essent
2476 2180 2563 2244 iis,
2599 2197 2695 2249 per
2728 2197 2865 2250 quos
2900 2181 3167 2251 puniendi
3198 2197 3464 2243 eramus:

1895 2276 2172 2345 plerisque
2220 2273 2477 2328 videlicet
2512 2289 2730 2339 eorum,
2764 2275 2857 2344 qui
2883 2276 3243 2330 circumcirca
3280 2272 3331 2328 in
3367 2291 3468 2330 nos

1895 2370 2215 2432 saeviebant,
2246 2378 2423 2423 morte
2458 2368 2769 2438 prrereptis.
2797 2383 2865 2423 ne
2898 2384 2999 2423 nos
3031 2368 3293 2422 intestino
3326 2368 3469 2421 bello

1895 2462 2239 2518 conﬂictatus
2261 2470 2316 2514 et
2342 2460 2622 2514 confracta
2649 2459 2859 2514 calamo
2882 2460 3041 2529 plane
3071 2461 3277 2514 similes
3302 2460 3466 2515 ctiam

1896 2555 1971 2608 illi
2007 2555 2250 2622 aggressi
2281 2550 2530 2605 funditus
2561 2564 2753 2603 omnes
2786 2550 3166 2604 internecione
3194 2549 3467 2604 delerent.

1894 2646 1993 2701 His
2047 2647 2194 2699 enim
2249 2642 2587 2713 temporibus
2644 2642 2782 2696 obiit
2825 2643 3013 2695 Cralcs
3052 2641 3298 2707 Servi:e;
3334 2640 3475 2696 obiit

1897 2751 1953 2794 et
1982 2739 2335 2800 V'enceslaus,
2382 2738 2742 2808 Bulgarorum
2784 2736 3061 2805 princeps.
3106 2735 3201 2789 Est
3230 2743 3286 2787 et
3315 2749 3342 2787 a
3384 2748 3473 2788 so-

1898 2832 2042 2887 roris
2097 2831 2207 2883 tilio
2245 2828 2617 2898 Cephalleniae
2651 2827 2852 2882 comite
2903 2825 3227 2879 interfectus
3264 2822 3470 2877 ᾸΞιοΙο-

1901 2939 2021 2977 rum
2062 2930 2117 2975 et
2163 2920 2511 2975 Acarnanum
2550 2918 2827 2988 dcspotes.
2878 2917 3021 2982 Quin
3066 2926 3123 2969 et
3165 2914 3472 2969 Thessalici

1903 3015 2247 3086 principatus
2272 3014 2500 3068 ultimus
2534 3011 2730 3078 baares,
2767 3027 2833 3065 ex
2864 3009 3117 3081 Angelica
3150 3007 3351 3063 familia
3389 3023 3479 3062 or-

1908 3119 2015 3171 tus.
2045 3107 2379 3161 decesserat.
2418 3102 2524 3159 Sed
2555 3104 2686 3161 illuc
2721 3103 2911 3157 redeo.

211 3202 505 3256 θετταλῶν
558 3203 856 3274 ἡγεμονίας
914 3205 1225 3268 τελευταῖος
1275 3203 1520 3273 διάδοχος
1548 3245 1564 3271 ,
1604 3205 1633 3257 ό
1687 3204 1797 3256 τῶν
1852 3201 2286 3271 Ἀγγελωνύμων
2326 3198 2616 3265 ἀπόγονος.
2659 3196 2797 3249 Ἀλλ’
2824 3196 3003 3249 ἐκεῖσε
3037 3195 3311 3263 ἐπάνειμι.

285 3300 364 3353 Z'.
423 3300 575 3353 Ἐπεὶ
614 3299 721 3368 γὰρ
751 3298 996 3369 ἐγνώσθη
1036 3300 1117 3371 τῷ
1164 3301 1385 3370 γηραιῷ
1423 3300 1635 3369 βασιλεῖ
1667 3299 1797 3367 πρὶν

1974 3295 2089 3350 V'll.
2119 3295 2256 3349 Cum
2300 3294 2487 3348 senior
2524 3294 2822 3362 imperator
2849 3301 2976 3346 ante
3007 3292 3140 3346 solis
3165 3300 3346 3345 ortum
3377 3305 3477 3345 ne-

217 3394 503 3448 ἀνατεῖλαι
542 3394 634 3446 τὸν
660 3394 815 3463 ἥλιον
850 3396 880 3465 ἡ
912 3394 1004 3447 τοῦ
1042 3395 1268 3463 ἐγγόνου
1299 3394 1465 3466 φυγὴ,
1496 3395 1800 3464 προσκαλεο

220 3490 461 3557 σαμενος
492 3488 805 3558 αὐθημερὸν
826 3490 952 3550 τοὺς
983 3490 1042 3541 ἐν
1072 3488 1353 3559 Βυζαντίῳ
1389 3488 1666 3557 παρόντας
1692 3486 1801 3539 τῶν

219 3575 537 3647 ἀρχιερέων
571 3579 621 3643 (ὁ
645 3576 752 3646 γὰρ
784 3576 1131 3647 πατριάρχης
1156 3576 1252 3645 μιᾷ
1278 3574 1379 3644 τῆς
1404 3575 1588 3644 φυγῆς
1617 3576 1800 3646 ήμέρξι

222 3668 668 3743 προετεθνήκει),
704 3669 974 3738 ἐγγράφῳ
1038 3667 1474 3721 κοθυποόάλλειν
1540 3668 1804 3736 ἐπιτιμίῳ

220 3763 439 3825 τούτοις
469 3763 689 3815 ἐκέλευε
728 3762 819 3814 τόν
859 3779 918 3813 τε
970 3762 1192 3829 ἔγγονον
1231 3759 1306 3822 ὡς
1352 3761 1665 3829 ἀποστάτην
1712 3763 1809 3814 καὶ

220 3858 338 3925 ἃμα
360 3854 488 3918 τούς
520 3870 578 3907 τε
610 3853 760 3924 αὐτῷ
793 3851 1303 3922 συνεξεληλυθότας,
1334 3853 1428 3904 καὶ
1459 3852 1511 3903 εί
1543 3868 1627 3914 τις
1654 3852 1733 3904 ἔτι
1771 3850 1804 3922 ἦ

221 3947 452 4015 φεύγειν
487 3945 519 4010 ἢ
553 3946 619 3999 τὰ
659 3944 868 3997 ἐκείνου
905 3946 1122 4013 φρονεῖν
1156 3944 1374 4012 μέλλοιο
1416 3941 1444 3993 ὃ
1473 3944 1536 4013 δὴ
1578 3947 1675 3997 καὶ
1707 3945 1807 4014 ρςι-

222 4039 350 4099 ὂζως
384 4041 417 4107 ἠ
446 4037 553 4089 τῶν
580 4039 888 4107 ἀρχιερέων
918 4037 1176 4106 ἐπέραινε
1209 4037 1483 4102 σύνταξις.
1510 4031 1619 4090 Ἦν
1645 4036 1688 4088 δ’
1718 4037 1809 4088 ἐπί

222 4135 442 4195 τούτοις
478 4133 607 4184 ίδεῖν
660 4131 755 4184 καὶ
800 4132 861 4183 τὸ
898 4130 1043 4182 θεῖον
1079 4131 1328 4199 πανταχῆ
1377 4130 1810 4199 περιφερόμενον

225 4225 565 4292 Εὐαγγέλιον
593 4223 655 4287 ἓν
680 4239 739 4275 τε
764 4222 1056 4292 βασιλείοις
1073 4221 1281 4284 αὐλαῖς,
1310 4221 1365 4273 ἐν
1396 4238 1457 4275 τε
1488 4220 1648 4283 ὁδοῖς,
1676 4223 1730 4273 ἐν
1752 4236 1810 4272 τε

224 4320 481 4387 ἀγοραῖς,
504 4316 742 4380 καὶτοὺς
762 4315 985 4384 ὀμνύειν
1006 4314 1097 4367 τὸν
1118 4315 1289 4383 δῆμον
1320 4312 1660 4377 κελεύοντας,
1684 4312 1809 4378 ἀξί-

229 4410 462 4463 στασθαι
503 4410 603 4478 μὲν
645 4412 743 4476 τῆς
777 4406 872 4460 τοῦ
910 4408 1030 4460 νέου
1081 4406 1345 4475 βασιλέως
1396 4405 1682 4465 κοινωνίας
1715 4404 1818 4455 καὶ·

228 4503 428 4572 γνώμῃ
482 4502 576 4553 καὶ
626 4500 770 4569 χειρὶ
800 4501 894 4552 καὶ
947 4499 1164 4568 γλώττῃ
1195 4538 1209 4562 ,
1243 4496 1587 4550 συντίθετθαι
1638 4495 1694 4547 δέ
1724 4494 1813 4564 βε-

227 4597 517 4667 ϐαιότερον
571 4596 650 4664 τῷ
681 4593 898 4665 γηραιῷ
950 4592 1182 4662 βασιλεῖ.
1215 4591 1403 4643 Ταῦτα
1436 4590 1535 4659 μὶν
1586 4589 1681 4645 οὖν
1711 4591 1809 4658 τῆς

229 4687 638 4760 βασιλευούσης
672 4687 824 4749 ἐντος
855 4685 1049 4738 τοῦτον
1073 4684 1313 4735 ἐτελεῖτο
1344 4684 1435 4735 τὸν
1466 4683 1692 4752 τρόπον.
1745 4682 1807 4732 Οί

226 4784 285 4836 δέ
322 4782 457 4850 περὶ
500 4780 593 4831 τὸν
646 4778 786 4844 νέον,
829 4778 1055 4847 βασιλέα
1103 4776 1445 4843 Ἀνδρόνικον
1492 4773 1811 4843 ἐλευθερίαν

229 4871 576 4943 κηρύξαντες
605 4876 699 4924 καί⁵
728 4871 980 4923 ἀτέλειαν
1007 4873 1126 4932 ταῖς
1153 4875 1206 4921 ὲν
1237 4868 1430 4940 θρᾴκῃ
1462 4870 1679 4932 κώμαις
1720 4867 1813 4918 καὶ

228 4968 481 5029 πόλεσιν,
507 4966 753 5027 ἅπαντας
787 4960 933 5034 εἶχον
968 4963 1129 5024 εὐθὺς
1177 4963 1447 5024 εὐπειθεῖς
1482 4960 1620 5029 πρὸς
1662 4962 1808 5014 ἆπαν

226 5058 294 5110 δὴ
334 5058 399 5110 τὸ
427 5058 528 5125 τῆς
559 5056 783 5126 γνώμης
822 5054 1168 5125 βουλόμενον.
1216 5052 1322 5105 Καὶ
1351 5047 1489 5121 ἦσαν
1520 5051 1582 5120 δὴ
1614 5051 1815 5111 πάντες

227 5154 281 5205 οῖ
337 5151 504 5221 μέχρι
563 5147 1013 5218 Χριστουπόλεως
1067 5142 1281 5217 Θρᾷκες
1338 5146 1395 5198 ἐν
1428 5145 1613 5207 ὅπλοις
1655 5144 1816 5201 εὐθὺς

229 5245 379 5313 ὑπὲρ
402 5240 500 5294 τοῦ
531 5241 651 5293 νέου
682 5240 945 5309 βασιλέως
976 5238 1118 5290 κατά
1143 5235 1236 5289 τοῦ
1251 5234 1484 5307 γηραιοῦ
1517 5232 1811 5305 προθύμως

226 5337 580 5408 ὁρμώμενοι.
633 5336 744 5389 Καὶ
776 5334 965 5405 πρῶτα
1009 5331 1254 5401 μὲντοὺς
1312 5330 1601 5397 ἀπανταχῆ
1661 5343 1818 5395 περι-

230 5428 542 5496 ιόνταςτῆς
584 5426 807 5499 Θρᾴκης
856 5424 1095 5488 τελώνας
1127 5425 1222 5476 καὶ
1266 5420 1593 5492 φορολόγους
1621 5418 1817 5481 αὐτοὺς

1904 3389 2051 3460 potis
2082 3386 2266 3456 fugam
2298 3386 2669 3456 cognovisset,
2710 3383 2876 3456 319
2924 3383 3117 3439 eodem
3152 3384 3243 3438 die
3289 3382 3477 3453 ponti-

1906 3478 2103 3534 ﬁcibus
2130 3478 2222 3547 qui
2252 3479 2306 3530 in
2338 3476 2473 3530 urbe
2499 3475 2729 3531 aderant
2759 3476 3044 3531 arcessitis
3074 3476 3219 3545 (nam
3250 3478 3478 3545 patriar-

1905 3571 2005 3626 cha
2032 3570 2210 3641 pridie
2238 3569 2377 3638 fugae
2405 3567 2661 3633 obierat),
2689 3570 2895 3637 scripto
2924 3568 3273 3623 anathemate
3301 3581 3471 3636 nepo-

1910 3671 2017 3718 tem
2056 3663 2304 3717 damnari
2333 3661 2491 3728 jubet
2523 3669 2581 3714 ut
2610 3661 2870 3715 rebellem
2906 3681 2918 3725 ;
2957 3662 3086 3715 item
3126 3677 3244 3725 eos,
3279 3662 3374 3732 qui
3407 3662 3481 3718 si-

1908 3756 2019 3809 mul
2058 3769 2182 3808 cum
2215 3769 2282 3807 eo
2317 3753 2642 3817 exivisscnt,
2668 3754 2833 3822 quive
2867 3753 3067 3807 deinde
3100 3752 3226 3823 fuga
3264 3755 3481 3809 evasuri

1907 3855 2003 3899 aut
2031 3846 2151 3915 ejus
2180 3854 2362 3914 partes
2394 3844 2676 3898 defensuri
2706 3853 2913 3899 essent.
2947 3844 3003 3898 Id
3034 3853 3214 3897 autem
3265 3844 3423 3899 facile
3453 3861 3482 3899 a

1909 3935 2231 4007 pontiﬁcum
2268 3944 2412 3989 metu
2448 3944 2732 4005 peractum
2778 3945 2881 3989 est.
2922 3934 3001 3989 Ex
3037 3949 3104 3989 eo
3154 3935 3352 4004 passim
3400 3950 3486 3988 sa-

1910 4042 2260 4088 crosanctum
2293 4030 2648 4099 Evangelium
2679 4030 2731 4082 in
2759 4028 2998 4100 palatiis,
3025 4027 3079 4080 in
3107 4028 3230 4091 viis,
3258 4028 3314 4082 in
3353 4026 3488 4080 foris

1911 4126 2260 4182 circumferri
2288 4134 2637 4189 cerneres,et
2661 4124 2925 4193 populum
2953 4131 3298 4177 sacramento
3317 4119 3487 4188 adigi,

1912 4227 1973 4273 ut
2007 4234 2034 4271 a
2064 4218 2304 4289 iunioris
2329 4216 2673 4285 imperatoris
2705 4216 2967 4271 societate
3012 4215 3199 4269 animo
3232 4224 3289 4268 ct
3325 4229 3487 4266 manu

1914 4321 1969 4365 et
2008 4311 2196 4379 lingua
2250 4312 2611 4375 recederent;
2661 4307 2863 4361 seniori
2920 4316 3101 4360 autem
3156 4304 3491 4370 art-tioribus

1918 4402 2250 4455 cbedientia:
2293 4401 2529 4456 vinculis
2572 4401 3032 4466 astringerentur.
3080 4396 3212 4463 Qua:
3264 4412 3387 4450 cum
3421 4394 3489 4449 ad

1918 4495 2065 4547 hunc
2097 4492 2320 4546 modum
2357 4494 2409 4545 in
2442 4492 2576 4545 urbe
2611 4491 2957 4559 imperatrice
2996 4496 3342 4557 gererentur,
3375 4486 3490 4537 An-

1919 4584 2185 4639 dronicus
2224 4585 2414 4653 junior
2464 4584 2720 4638 libertate
2756 4590 2812 4637 et
2856 4580 3204 4634 immunitate
3236 4576 3488 4631 Thraciis

1920 4678 2072 4748 pagis
2102 4688 2155 4729 et
2208 4676 2437 4730 urbibus
2486 4673 2839 4743 pronuntiata
2899 4672 3047 4727 illico
3077 4686 3268 4725 omnes
3303 4671 3495 4723 volun-

1919 4774 2015 4825 tati
2047 4786 2161 4823 suze
2192 4770 2566 4837 obsequentes
2598 4774 2652 4821 et
2677 4765 2896 4833 quidvis
2937 4763 3117 4817 facere
3146 4771 3367 4830 paratos
3396 4763 3492 4814 ha-

1921 4863 2060 4916 buit.
2112 4861 2308 4915 Statim
2356 4859 2602 4913 Thraces
2630 4856 2871 4912 universi
2908 4855 3282 4924 Chrismpolin
3320 4869 3491 4923 usque

1918 4971 2016 5025 pro
2045 4956 2264 5023 juniore
2291 4956 2620 5022 imperatore
2652 4952 2704 5003 iu
2739 4951 2906 5004 armis
2942 4948 3184 5013 fuerunt,
3217 4947 3490 5000 seniorem

1919 5048 2117 5116 cupide
2152 5047 2413 5101 invasuri.
2457 5048 2535 5099 Ac
2574 5046 2811 5115 primum
2844 5044 3044 5113 passim
3077 5058 3173 5111 per
3201 5040 3488 5093 Thraciam

1923 5139 2246 5208 vagantibus
2286 5138 2594 5209 publicanis
2633 5148 2687 5191 et
2725 5137 3073 5189 exactoribus
3114 5133 3256 5188 [inde
3295 5146 3493 5185 excru-

1926 5232 2107 5294 ciatis,
2144 5242 2407 5299 ereptam,
2460 5246 2625 5298 quam
2676 5227 3154 5288 circumfert-baut,
3199 5222 3489 5292 pecuniam

1925 5324 2074 5377 nulla
2126 5322 2392 5376 modestia
2440 5326 2582 5375 Inter
2630 5335 2751 5374 sese
2794 5320 3125 5387 partiuntur.
3167 5316 3489 5384 Priusquam

1930 5428 2115 5472 autem
2146 5428 2352 5487 septem
2396 5415 2515 5469 dies
2544 5414 2919 5475 elaberentur,
2953 5409 3239 5465 Orestiade
3264 5404 3493 5477 digressi

1577 5522 1919 5585 Variorum
1954 5532 2142 5584 notae.

311 5640 432 5710 (71)
470 5637 719 5705 Urosius,
754 5637 822 5692 de
857 5653 967 5707 quo
990 5652 1179 5710 supra.
1212 5636 1444 5691 Ducam.

316 5698 433 5777 [7.3)
472 5712 607 5765 Vide
640 5698 888 5764 Stentora
915 5698 1101 5778 regunt
1154 5708 1415 5779 Bulgaria
1460 5710 1581 5774 post
1617 5698 1814 5754 Famil.

232 5789 317 5858 Br,
334 5791 468 5837 :uut.
503 5798 557 5835 ιι.
588 5782 675 5836 Η.
712 5782 942 5835 litasse.

2000 5624 2112 5693 (76)
2152 5624 2285 5678 \‘ide
2316 5637 2437 5692 cap.
2478 5622 2527 5684 1,
2562 5630 2694 5677 sect.
2731 5620 2754 5674 t
2794 5618 3216 5693 supra._Boivtx_.

1996 5685 2108 5763 (77)
2145 5694 2280 5750 Vide
2344 5685 2526 5748 notata
2588 5694 2652 5746 ad
2720 5685 2920 5759 mipr
2983 5691 3145 5759 hujus
3194 5685 3317 5740 libri
3377 5700 3495 5741 τίη.
3564 5688 3565 5691 “

1925 5768 2156 5823 Ducam.
