4240 6442
211 378 317 444 5θὸ

464 377 541 450 [Α.
585 394 635 435 c.
679 379 819 435 I282
860 398 926 437 AD
970 383 1128 457 I328]
1207 391 1653 454 ΒΥΖΑΝΤΙΝᾸΞ
1692 393 2081 458 IlISTORLE
2118 398 2138 459 1

794 381 819 435 2
860 398 926 437 ιο
970 383 1128 457 1528⁷1
1207 391 1653 454 ΒΥΖΑΝΤΙΝᾸΞ
1692 393 2081 458 IlISTORLE
2118 398 2262 462 LIB.
2308 403 2468 462 VIII.

2569 398 2702 470 [ιιιιι.
2748 414 3024 459 Ακοιιοιιισ.
3070 417 3225 463 sero.

3360 407 3463 475 506

214 496 354 567 μετά
381 497 556 569 λήθης
580 498 820 571 τοῦνομα
841 503 1113 568 κείσεται,
1138 506 1392 580 καθάπερ
1409 509 1457 562 οἳ
1493 509 1675 580 χωλὴν
1697 506 1793 563 τοῦ
1819 510 1868 569 Α

1787 507 1868 569 ἱΑ
1899 511 1988 567 nis
2035 511 2288 569 Socrates
2336 528 2393 574 et
2442 519 2718 576 Platones.
2753 522 2982 592 Aperite
3012 527 3213 583 mentis
3262 539 3461 586 nostra:

210 590 327 659 βίου
354 590 506 661 ζωὴν
533 591 813 654 ὲδάδισαν.
842 595 871 648 ὅ
902 613 1039 665 φησι
1067 597 1291 653 Πλάτων
1315 617 1331 633 ο
1367 600 1545 672 κήρυξ
1573 600 1618 655 δ’
1640 602 1698 665 ὲς
1720 600 1790 654 τά

211 682 435 751 μάλισθ’
458 683 653 738 ἑαυτοῦ
679 686 868 755 σχεδὸν
900 688 995 741 ἐπὶ
1026 690 1200 758 μέσης
1230 692 1448 759 ἑστήξει
1481 692 1583 760 τῆς
1610 694 1790 746 οίκου-

210 774 402 844 μένης,
437 775 532 828 καὶ
556 774 634 845 τῷ
668 778 865 848 μακρῷ
909 781 1087 851 χρόνῳ
1136 784 1276 851 μετὰ
1302 786 1789 854 ,φαρμακευούσης

208 867 598 935 ὲμπομπεύσει
645 869 746 938 τῆς
798 871 1027 941 ἡδονῆςο
1066 877 1163 929 καὶ⁵
1213 877 1288 947 μὴ
1320 880 1403 931 ὅτι
1446 896 1510 946 γε
1567 881 1789 949 μνήμης

205 958 507 1022 ἀξιώσεται
535 961 637 1030 τῆς
668 962 756 1016 διά
781 966 882 1033 γῆς
912 966 1273 1039 πλανωμένης
1310 974 1403 1024 καὶ
1432 976 1789 1043 προτκαίροις

206 1051 401 1113 ἀκοαῖς
427 1051 489 1104 τὸ
524 1051 669 1121 ῐχνος
697 1054 1038 1127 έρειδούσης.
1070 1061 1205 1139 ἀλλά
1231 1064 1491 1135 κάκείνης
1520 1066 1583 1133 γέ
1608 1084 1712 1132 τοι,
1751 1069 1785 1139 ἠ

207 1142 303 1195 καὶ
335 1144 505 1197 αὐτὸν
534 1145 826 1216 ἄνθρωπον
854 1152 1091 1220 παραθεῖ
1118 1129 1215 1209 καὶ
1245 1155 1306 1209 τὸ
1344 1129 1610 1228 παράπαν
1645 1129 1787 1228 ἀκήλ

210 1252 377 1303 ρατος
407 1238 497 1289 ἀεὶ
519 1237 878 1308 διαγίγνεται.
916 1244 1049 1310 Ἀγε
1079 1244 1145 1313 δὴ
1186 1245 1277 1299 οὖν
1304 1248 1428 1316 ἀγε,
1459 1250 1567 1303 τῶν
1595 1252 1688 1319 ὑφ’
1726 1253 1789 1320 ἡ·

206 1326 304 1395 λίῳ
332 1330 623 1396 σοφώτατε
649 1348 663 1362 ·
692 1334 923 1402 μετάδος
968 1337 1062 1389 τοῦ
1097 1338 1192 1391 σοῦ
1234 1340 1441 1411 κόσμου
1477 1345 1543 1412 τῇ
1588 1343 1791 1414 θρεψα-

210 1421 375 1491 μένῃ,
412 1423 666 1494 καθάπερ
697 1428 1006 1497 Λυκοῦργοι
1040 1433 1134 1483 καὶ
1170 1434 1407 1495 Σόλωνες
1430 1453 1445 1469 ο
1474 1436 1707 1505 τίμησον
1729 1438 1789 1490 τὸ

201 1512 499 1581 διαϐόητον
529 1515 666 1569 ἀστυ
699 1520 873 1579 τουτὶ,
909 1520 1162 1592 καθάπερ
1206 1526 1303 1593 τὴν
1345 1526 1646 1597 Ἀθηναίων
1686 1529 1789 1581 πά-

203 1605 292 1676 λαι
320 1607 640 1677 Σωκράτεις
674 1612 768 1664 καὶ
798 1612 1105 1678 Πλάτωνες.
1138 1616 1382 1682 Ἀνοιξον
1416 1622 1576 1690 ἡμῶν
1608 1624 1669 1676 τὸ
1690 1622 1786 1677 τοῦ

201 1697 294 1751 νοῦ
324 1699 599 1768 βλέφαρον
624 1719 639 1734 ·
671 1702 845 1771 δεῖξον
876 1708 1269 1779 ἐναργέστερον
1294 1715 1378 1774 τίς
1406 1713 1434 1763 ὁ
1463 1714 1554 1766 τοῦ
1585 1715 1787 1779 παντὸς

199 1793 490 1862 ἁρμοστὴς
523 1796 616 1848 καὶ
652 1798 780 1850 ποία
813 1800 932 1852 ποθ’
965 1802 1223 1872 ήτούτων
1249 1807 1621 1876 παναρμόνιος
1646 1809 1781 1863 νσύνο

198 1884 629 1950 ταξιςοδίδαξον
682 1891 757 1957 πῆ
806 1892 903 1950 τὰς
958 1895 1135 1957 αίτίας
1189 1896 1376 1951 θετέον
1402 1900 1494 1952 τοῦ
1525 1902 1780 1954 τοσούτου

195 1975 445 2040 δοθέντος
468 1979 677 2045 ἀγαθοῦ
701 1997 714 2010 ·
747 1984 812 2051 τῇ
837 1984 945 2037 τῶν
974 1986 1191 2057 ἄστρων
1220 1990 1456 2061 ἀνάγκῃ.
1492 1992 1635 2045 κατὰ
1658 1993 1783 2055 τοὺς

197 2065 438 2136 θύραθεν
467 2068 683 2137 λόγους,
716 2072 750 2143 ἢ
778 2072 854 2142 τῷ
884 2075 977 2129 τοῦ
1007 2080 1207 2141 παντὸς
1239 2082 1416 2151 αἰτίῳ.
1467 2084 1561 2137 Ἐκ
1586 2084 1780 2138 πολλοῦ

196 2160 313 2228 γάρ
343 2162 423 2225 ὡς
458 2162 528 2217 τά
581 2165 751 2219 πολλά
783 2168 1202 2245 διαπορουμένῳ
1235 2176 1409 2238 οὐδεὶς
1442 2178 1654 2232 οὐδέπω
1691 2198 1782 2248 μοι

194 2252 323 2315 νοῦς
385 2256 696 2327 ἀπηντήκει
744 2261 845 2326 τῆς
905 2263 1047 2333 ἐμῆς
1107 2267 1547 2338 ἀποχειροτονῶν
1604 2272 1782 2343 ψυχῆς

194 2346 738 2418 τάμφιδαλλόμενον.
772 2352 926 2407 Ὠστ⁹
958 2357 1005 2408 εί
1040 2356 1114 2427 μὴ
1164 2358 1234 2411 δι’
1268 2361 1397 2413 ἄλλο
1427 2380 1501 2426 τι,
1529 2363 1620 2416 διὰ
1650 2366 1782 2430 γοῦν

195 2436 258 2488 έν
294 2437 360 2503 γέ
394 2454 479 2491 τοι
505 2440 663 2497 τοῦτο
696 2443 926 2509 δίδαξον.
964 2447 1076 2501 Ποῦ
1106 2450 1152 2501 δ’
1181 2452 1281 2505 οὐκ
1313 2452 1381 2506 ἂν
1415 2456 1627 2510 ἐλαύνοι
1660 2475 1784 2528 σχε-

194 2524 506 2597 τλιότητος,
542 2531 808 2601 οὐρανοὺς
842 2536 939 2604 μὲν
982 2537 1289 2609 διηγεῖσθαι
1322 2543 1477 2607 δόξαν
1510 2545 1647 2599 Θεοῦ
1678 2524 1778 2601 πε-

194 2618 530 2690 ριηχοῦντας
564 2625 746 2677 πᾶσαν
766 2626 893 2696 γῆν,
928 2630 1078 2697 ἡμᾶς
1112 2633 1167 2684 δὲ
1191 2636 1463 2704 κωφεύειν
1483 2639 1585 2691 οὐκ
1620 2641 1780 2693 ἐπαΐ-

193 2728 363 2776 οντας
420 2713 556 2768 ἅττα
613 2719 801 2786 φασὶν,
839 2721 956 2773 ἀλλ’
1009 2723 1233 2793 ἄστροις
1284 2730 1346 2781 τὸ
1377 2731 1779 2802 θρυλλούμενον

192 2803 598 2874 τεκμαίρεσθαι
625 2808 724 2878 τὴν
769 2809 975 2863 τούτων
1024 2814 1372 2887 ὲπιστήμην;
1410 2820 1645 2874 Ἔπειτα
1685 2826 1778 2876 καὶ

194 2895 291 2948 τοῦ
321 2897 529 2960 παντὸς
553 2898 619 2953 ἀν
650 2901 870 2965 πάντως
902 2904 1147 2960 ἐλλείποι
1180 2910 1254 2979 μὴ
1306 2910 1527 2975 ἀδικίας
1571 2912 1778 2984 ἔσχατα

196 2983 343 3040 εἶναι
396 2992 572 3055 τουτὶ,
605 2992 654 3043 εί
710 2996 850 3062 μήτε
889 2997 1033 3050 κατά
1074 2999 1399 3072 Πυθαγόραν
1427 3007 1485 3067 ἐς
1527 2983 1777 3078 Ἀττικὴν

197 3079 294 3132 ἀπ’
317 3080 605 3146 Δίγύπτου
633 3083 937 3139 διαϐαίνειν
961 3088 1103 3153 δέον,
1138 3093 1265 3161 μήθ’
1297 3095 1499 3163 ὁμοίως
1531 3098 1774 3150 Πλάτωνι

1895 604 2203 673 palpebras.
2244 606 2563 665 Evidentins
2585 612 2925 678 demonstra,
2951 615 3077 685 quis
3112 619 3185 673 sit
3208 621 3453 675 omnium

1892 696 2233 760 moderator,
2285 710 2341 753 et
2372 701 2551 770 qualis
2599 707 3111 776 eorum°aptissima
3147 724 3459 780 compages.

1894 785 2036 841 Doce
2068 804 2179 858 quo
2212 806 2387 846 causa:-
2408 796 2754 851 conferendae
2786 799 2899 854 sint
2928 800 3090 856 nobis
3124 806 3257 857 tanti
3290 806 3456 860 boni:

1892 880 2159 948 numquid
2207 882 2273 936 ad
2321 864 2707 962 necessitatem
2753 898 3067 956 astrorum,
3124 900 3186 946 ut
3240 894 3469 964 profani‘

1892 973 2138 1035 tradunt,
2170 980 2266 1025 aut
2291 973 2358 1027 ad
2393 975 2773 1034 universitatis
2803 988 3107 1036 auctorem.
3143 985 3260 1047 Qua
3290 986 3358 1040 de
3397 1002 3456 1041 re

1889 1072 2013 1112 cum
2045 1058 2209 1130 longo
2233 1073 2479 1133 tempore
2515 1083 2718 1138 anceps
2744 1070 3067 1140 haesitarim,
3093 1090 3255 1131 nemo
3277 1078 3460 1133 adhuc

1889 1151 2249 1222 contigit,qui
2290 1159 2610 1228 scrupulum
2640 1163 2787 1218 hunc
2817 1166 3003 1220 animo
3033 1183 3156 1223 meo
3171 1172 3458 1230 eximeret.

1889 1236 2069 1301 Quare
2105 1240 2149 1293 si
2194 1257 2303 1296 non
2347 1246 2416 1299 ob
2442 1248 2614 1312 aliud,
2645 1252 2728 1306 vel
2760 1266 2984 1324 propter
3016 1256 3120 1313 hoc
3156 1275 3325 1315 unum
3357 1264 3457 1317 do-

1889 1340 2031 1384 ceto.
2080 1332 2221 1398 Quid
2268 1351 2399 1390 vero
2435 1340 2691 1397 miserius
2742 1344 2857 1399 ﬁeri
2904 1357 3091 1415 queat,
3124 1366 3287 1419 quam
3331 1370 3457 1409 cum

1888 1421 2013 1474 caeli
2062 1421 2157 1476 Dei
2184 1424 2411 1493 gloriam
2443 1443 2704 1487 enarrent
2746 1450 2965 1491 omnem
2995 1450 3191 1495 terram
3222 1444 3460 1500 circum-

1890 1523 2173 1578 sonantes,
2202 1533 2302 1571 nos
2331 1521 2643 1577 surdastros
2674 1542 2783 1582 non
2809 1534 3071 1586 exaudire
3095 1535 3226 1603 quid
3253 1537 3456 1604 dicant,

1888 1603 1982 1658 sed
2033 1608 2199 1661 astris
2250 1609 2335 1678 (ut
2385 1612 2547 1683 vulgo
2593 1616 2854 1688 jactatur)
2900 1622 3117 1677 illorum
3169 1603 3457 1683 scientiam

1890 1696 2219 1764 ponderare,
2249 1700 2302 1754 id
2350 1712 2454 1767 est,
2499 1705 2608 1760 levi
2657 1711 2970 1777 conjectura
3019 1724 3227 1770 tantum
3265 1708 3464 1778 intellir

1888 1789 2062 1856 gere?
2098 1790 2236 1844 Illud
2282 1808 2415 1847 vero
2443 1805 2704 1854 extrema:
2744 1803 3054 1871 iniquitatis
3092 1807 3278 1874 fuerit,
3329 1829 3455 1868 cum

1888 1896 1988 1936 nec
2024 1892 2082 1936 ut
2118 1883 2430 1954 Pythagora:
2460 1904 2525 1941 ex
2566 1890 2800 1961 Aigypto
2833 1896 2886 1948 in
2918 1899 3148 1954 Atticam
3199 1906 3461 1975 navigan-

1886 1972 2041 2034 dum,
2079 1990 2181 2030 nec
2225 1988 2282 2030 ut
2322 1979 2533 2035 Platoni
2594 1998 2744 2038 mare
2797 1985 3009 2044 Ionium
3059 1993 3223 2064 326
3260 1972 3460 2068 sacpius

1887 2068 2291 2138 trajiciendum,
2329 2083 2379 2126 et
2412 2091 2474 2127 ex
2508 2078 2685 2131 Attica
2723 2080 2775 2132 in
2818 2084 3057 2137 Siciliam
3092 2090 3158 2141 ad
3199 2100 3459 2160 tyrannos

1887 2161 2366 2238 proﬁciscendum,
2393 2176 2556 2236 atque
2592 2171 2717 2226 inde
2751 2174 2800 2227 in
2832 2177 3158 2235 Academias
3183 2191 3236 2235 et
3260 2184 3458 2238 ambu-

1884 2252 2029 2308 lacra
2061 2257 2404 2312 redeundum
2436 2262 2532 2315 tibi
2568 2264 2659 2328 sit,
2689 2277 2747 2319 ιιι
2772 2270 2987 2336 publice
3012 2275 3271 2331 virtutem
3301 2294 3458 2346 spar-

1883 2360 1977 2410 gas
2011 2362 2024 2399 :
2068 2347 2162 2401 sed
2208 2365 2306 2417 pro
2342 2348 2520 2421 Lyeeo
2541 2364 2595 2408 et
2618 2354 2747 2410 Stoa
2779 2358 2832 2412 in
2865 2364 3146 2417 consuetis
3179 2368 3293 2422 tuis
3319 2370 3456 2423 ardi-

1885 2435 1989 2490 bus
2019 2439 2274 2493 virtutem
2313 2450 2457 2496 tuam
2491 2444 2543 2496 in
2579 2452 2751 2499 totum
2796 2458 3061 2505 terrarum
3102 2455 3293 2511 orbem
3330 2475 3458 2528 pro-

1884 2544 2085 2600 pagare
2119 2547 2320 2599 queas:
2359 2536 2568 2605 aliquid
2606 2538 2752 2593 aliud
2798 2542 2989 2611 majori
3021 2544 3120 2598 tibi
3156 2563 3303 2603 cura:
3332 2566 3455 2607 esse

1882 2624 2124 2684 sinas.et
2151 2625 2393 2691 linguam
2418 2638 2562 2682 tuam
2596 2631 3081 2700 incomparabilem
3104 2639 3458 2698 obsolescere
3478 2658 3498 2667 “

1882 2712 2106 2768 silentio
2160 2716 2402 2782 patiaris.
2463 2716 2583 2771 Jam
2638 2720 2773 2773 illud
2841 2738 3062 2792 quoque
3115 2726 3454 2792 videndum,

1881 2818 2046 2872 quam
2080 2805 2449 2860 inconstantia
2491 2818 2548 2862 et
2582 2810 2794 2865 incerta
2830 2815 2941 2867 sint
2982 2806 3165 2872 omnia
3196 2837 3209 2872 :
3244 2832 3301 2873 ut
3341 2823 3455 2875 for-

1884 2905 2031 2949 tuna:
2069 2898 2308 2953 insultes
2360 2900 2498 2955 nihil
2533 2919 2655 2957 esse
2691 2905 3017 2960 diuturnum
3050 2911 3228 2966 sinat:
3265 2922 3323 2966 ut
3356 2916 3448 2968 alii

1880 2990 2081 3053 serius,
2108 2992 2264 3045 ocius
2312 2993 2429 3055 alii,
2478 2998 2642 3051 rebus
2671 3000 2930 3055 omnibus
2977 3005 3207 3069 relictis,
3252 3019 3451 3076 praeter

1879 3087 2364 3152 exspectationem,
2412 3089 2467 3141 in
2518 3101 2760 3155 noctem,
2794 3093 2846 3146 in
2900 3096 3179 3163 tenebras,
3215 3101 3267 3152 in
3307 3102 3395 3155 obl
3424 3131 3453 3144 -

195 3169 467 3235 πολλάκις
513 3171 762 3229 διαπλεῖν
800 3177 892 3230 τδν
929 3176 1107 3234 Ἰόνιον
1146 3184 1254 3236 κάκ
1284 3185 1381 3254 τῆς
1432 3185 1683 3256 Ἀττικῆς
1717 3190 1773 3251 ἐς
1805 3203 1846 3257 c
1882 3176 2122 3241 VlOllCmo
2171 3177 2223 3231 in
2271 3189 2502 3233 ιηυτίθω
2541 3182 2851 3253 ντεεῑνίιεε
2900 3196 3085 3243 ¹Ὶ¹²ηίο
3133 3189 3252 3261 ιβδδ
3290 3210 3455 3269 νυττο

195 3263 476 3331 Σικελίαν,
508 3267 601 3319 καὶ
622 3271 917 3338 τυράννους
954 3274 1109 3341 ίέναι,
1143 3277 1573 3341 κάκεῖθεναῦθις
1602 3283 1655 3343 ἐς,
1692 3283 1779 3334 Ἀ-

194 3357 476 3427 καδημίας
532 3360 627 3411 καὶ
684 3363 1027 3433 περιπάτους
1080 3368 1388 3431 ἐπανιέναι,
1428 3370 1496 3422 ἵν’
1548 3371 1691 3424 οὕτω
1725 3373 1775 3440 γ’

191 3449 343 3518 ἐξείη
408 3450 617 3519 διαχεῖν
651 3454 711 3508 ιν
743 3456 907 3524 κοινῷ
959 3458 1058 3527 τὴν
1091 3460 1314 3530 ἀρετὴν.
1358 3461 1476 3515 ἀλλ’
1521 3465 1643 3515 ἀντὶ
1669 3465 1776 3516 Λυ-

194 3540 349 3592 κείου
384 3542 481 3592 καὶ
512 3542 683 3605 Στοᾶς
705 3547 771 3616 τῇ
815 3546 1040 3617 συνήθει
1070 3549 1356 3618 χρώμενον
1398 3553 1555 3623 ἑστίᾳ
1582 3554 1776 3623 κόσμῳ

193 3632 358 3685 παντὶ
388 3634 782 3702 παραπέμπειν
805 3639 904 3705 τὴν
932 3641 1151 3710 ἀρετὴν.
1186 3642 1365 3695 ἕπεθ’
1414 3644 1473 3696 ἓν
1503 3646 1565 3711 γέ
1590 3665 1638 3697 τι
1665 3646 1777 3697 τῶν

192 3723 457 3777 ἁπάντων
496 3729 820 3798 προτιμῴης
852 3731 1042 3801 ἕτερον
1076 3735 1168 3785 καὶ
1208 3736 1460 3806 ῥᾳστώνῃ
1492 3736 1649 3805 διδῷς
1680 3756 1774 3790 σου

190 3817 290 3887 τὴν
324 3818 425 3870 τοῦ
487 3820 689 3875 παντὸς
746 3823 906 3888 ἀξίαν
957 3825 1229 3892 γλῶτταν.
1275 3829 1444 3900 Ὀρᾷν
1492 3830 1549 3881 δὲ
1600 3831 1772 3902 δήπου

190 3904 372 3974 χρεὼν
426 3908 523 3958 καὶ
568 3907 668 3977 ὅση
705 3912 819 3972 τοῖς
876 3913 1202 3981 πράγμασιν
1254 3918 1488 3970 ἀπιστία
1555 3936 1616 3970 τε
1681 3922 1771 3972 καὶ

188 3998 546 4067 πλημμέλεια
598 4002 997 4071 περικέχυται,
1033 4006 1127 4057 καὶ
1185 4006 1331 4068 ὅπως
1376 4012 1430 4060 αἱ
1462 4010 1564 4077 τῆς
1601 4012 1775 4082 τύχης

188 4089 481 4144 ἐπιϐουλαὶ
521 4091 703 4160 μένειν
728 4094 884 4148 οὐδὲν
913 4095 1024 4150 τῶν
1046 4097 1266 4154 πάντων
1298 4100 1461 4155 ἐῶσιν
1498 4104 1582 4172 ἐφ’
1613 4106 1735 4169 ἑνός
1757 4122 1769 4136 ·

188 4179 309 4232 ἀλλ’
329 4180 613 4251 ἄνθρωποι
640 4184 762 4252 μὲν,
787 4185 837 4237 οί
866 4185 966 4254 μὲν
994 4187 1052 4239 ὲν
1082 4190 1401 4261 μεσημϐρίᾳ
1428 4194 1628 4259 φωτὸς,
1652 4196 1775 4245 σκό-

188 4289 314 4335 τους
333 4274 433 4326 καὶ
454 4274 624 4344 λήθης
651 4277 842 4329 ύπίασι
871 4278 1095 4348 μυχούς·
1115 4277 1198 4351 [Ρ.
1223 4280 1349 4353 201]
1370 4286 1417 4336 oi
1441 4283 1484 4335 δ’
1516 4285 1575 4349 ἐξ
1604 4286 1771 4339 ὕπνου

1881 3269 2149 3337 sapientia
2201 3286 2425 3340 quoque
2484 3275 2742 3343 migravit
2786 3280 3025 3346 saepius;
3064 3284 3226 3352 cujus
3273 3280 3455 3356 primo

1880 3358 2223 3415 domicilium
2268 3361 2546 3434 Egyptus.
2588 3367 2757 3421 fuisse
2813 3372 3157 3439 perhibetur.
3209 3378 3341 3434 Inde
3384 3382 3452 3436 ad

1882 3450 2076 3503 νει-εδδ
2102 3452 2458 3509 etChaldaeos
2486 3460 2737 3515 transiit:
2763 3472 2887 3530 post
2916 3466 3061 3533 apud
3085 3466 3456 3527 Athenienses

1878 3542 2143 3599 divertit;
2180 3556 2345 3613 atque
2398 3548 2550 3602 illinc
2601 3552 2767 3605 etiam
2816 3555 3034 3609 tandem
3071 3562 3358 3616 avolavit:
3399 3576 3455 3618 et

1878 3652 2026 3689 num:
2084 3638 2232 3691 velut
2280 3641 2495 3694 avicula
2538 3644 2669 3700 nido
2724 3650 3013 3704 exturbata
3070 3652 3236 3724 longo
3284 3657 3452 3711 etiam

1881 3740 2126 3799 tempore
2159 3732 2388 3795 incertis
2421 3738 2647 3794 sedibus
2673 3753 2904 3809 vagatur
2944 3756 2999 3799 et
3030 3748 3273 3804 oberrat.
3307 3752 3448 3807 Fieri

1876 3833 2057 3873 autem
2092 3835 2292 3890 potest,
2322 3837 2380 3880 ιιι
2410 3839 2504 3881 aut
2533 3831 2678 3899 apud
2713 3850 2815 3889 nos
2850 3836 3019 3891 linitis
3042 3842 3350 3905 erroribus,
3398 3847 3443 3898 si

1878 3912 1976 3967 tibi
2025 3914 2095 3966 ita
2140 3914 2316 3968 visum
2385 3916 2571 3985 fuerit,
2605 3922 2941 3981 domicilium
2992 3933 3310 4000 constituat,
3358 3946 3455 3990 aut

1876 4018 2107 4071 prorsus
2142 4004 2195 4056 in
2233 4007 2403 4059 cwlos
2436 4011 2618 4064 abeat.
2651 4012 2729 4066 Ne
2770 4031 2900 4069 vero
2943 4019 3074 4073 mihi
3123 4036 3452 4080 succenseas

1876 4110 1997 4155 oro,
2034 4104 2085 4147 te
2117 4096 2183 4148 ad
2229 4100 2352 4156 talia
2387 4102 2721 4157 exiturlanti.
2761 4105 2817 4159 Id
2849 4111 2993 4162 enim
3031 4112 3214 4169 dicere
3258 4132 3445 4186 cogor,

1874 4199 2017 4266 quod
2052 4201 2255 4253 nullam
2286 4204 2400 4255 veri
2431 4205 2847 4263 similitudinem
2881 4212 3070 4279 habet,
3095 4217 3300 4289 incerta
3331 4237 3448 4276 mo-

1876 4299 2058 4344 menta
2107 4301 2416 4359 temporum
2466 4298 2720 4354 veritus:
2776 4318 2845 4357 ne
2911 4306 3063 4361 velut
3116 4326 3180 4363 ex
3229 4313 3446 4367 occulto

189 4367 287 4419 atat
316 4368 515 4429 νυκτὸς
551 4369 632 4431 είς
661 4370 864 4433 ὖπνους
882 4376 977 4425 καὶ
998 4371 1200 4437 νύκτας
1218 4373 1486 4444 διηνεκεῖς
1511 4378 1773 4446 μεταδαί-

1875 4392 2044 4449 atque
2075 4396 2141 4435 ex
2175 4384 2392 4438 insidiis
2422 4392 2768 4457 erumpentia
2803 4404 3013 4450 ιςιιιιιιιιι
3050 4401 3212 4455 nobis
3246 4404 3448 4458 bonum

186 4476 375 4523 νουσι,
412 4460 593 4523 πάσας
622 4462 913 4531 φροντίδας
950 4465 1182 4519 κατόπιν
1216 4467 1771 4537 διαλιμπάνοντες.Ἰ[
1805 4553 1811 4554 7

1875 4474 2136 4542 eripiant.
2172 4476 2330 4536 Nam.
2376 4480 2421 4531 si
2455 4490 2511 4532 ct
2554 4480 2660 4537 hoc
2706 4486 2999 4541 dicendum
3046 4503 3149 4554 est,
3188 4510 3294 4547 non
3342 4508 3448 4551 tam

183 4551 243 4604 δὲ
271 4554 441 4620 σοφία
470 4555 566 4606 καὶ
587 4555 727 4625 αὐτὴ
758 4556 982 4619 πολλαῖς
1012 4561 1130 4622 ταῖς
1156 4559 1443 4625 ἀποικίαις
1473 4564 1763 4633 ἐχρήσατο.
1795 4553 1846 4612 D

1795 4553 2117 4621 Dnostram
2179 4570 2354 4623 vicem
2414 4573 2634 4628 solliciti
2686 4591 3087 4649 sumus,qnam
3122 4586 3188 4638 de
3247 4596 3336 4641 tua
3396 4592 3448 4643 in

179 4644 467 4712 Αἴγυπτος
493 4645 595 4715 μὲν
628 4649 739 4716 γὰρ
770 4648 962 4718 αὐτῆς,
988 4654 1179 4720 φασιν,
1210 4654 1397 4723 ὴπρὶν
1433 4657 1604 4709 ἑστία.
1637 4652 1768 4712 Εἶτα

1874 4669 2158 4727 posterum
2206 4662 2640 4718 existimatione.
2693 4667 2855 4737 327
2912 4672 3064 4736 Quod
3116 4676 3159 4727 si
3211 4684 3449 4746 optando

178 4737 322 4806 πρὸς
365 4736 587 4805 Πέρσας
620 4738 714 4791 καὶ
743 4740 1041 4805 Χαλδαίους
1068 4743 1242 4814 διέόη.
1279 4743 1409 4797 Εῐτα
1437 4748 1566 4817 παρ’
1606 4748 1766 4817 Ἀθη-

1878 4760 2088 4804 tantum
2141 4755 2520 4823 proﬁci-retur,
2556 4752 2721 4827 quain
2754 4776 3005 4835 prompta
3058 4771 3311 4825 voluntas
3340 4784 3444 4838 est,

180 4828 359 4890 ναίοις
414 4828 713 4881 κατέλυσε·
769 4832 1027 4885 κάκεῖθεν
1065 4834 1128 4887 τὸ
1175 4834 1494 4890 τελευταῖον
1544 4840 1766 4908 ἀπέπτη

1872 4841 2236 4897 immortalem
2284 4860 2408 4899 esse
2442 4857 2494 4899 te
2529 4850 2816 4915 vellemus,
2862 4866 2921 4908 nt
2950 4866 2998 4910 te
3030 4860 3288 4926 gaudere,
3327 4873 3446 4916 tan-

180 4917 278 4969 καὶ
305 4919 477 4969 οἱονεί
526 4936 609 4981 τις
657 4918 811 4990 ὅρνις
855 4922 958 4989 τῆς
1010 4923 1206 4985 καλιᾶς
1234 4925 1324 4993 ὑφ’
1361 4926 1583 4979 ὁτουοῦν
1636 4930 1771 4993 ἐξω-

1869 4950 2035 5003 quam
2075 4936 2366 4991 excellenti
2400 4938 2681 5004 thesauro,
2718 4956 2982 5014 perpetuo
3010 4949 3221 5005 liberet.
3265 4953 3448 5007 Enim-

182 5008 380 5060 σθείσα
413 5010 683 5077 περίεισιν
714 5012 842 5080 ἄρτι
867 5012 959 5065 διὰ
989 5016 1209 5082 μακροῦ
1242 5018 1766 5087 πλανωμένηιΚινέ

1868 5040 2001 5078 vero
2031 5036 2185 5079 tuum
2213 5028 2322 5097 jam
2356 5028 2527 5085 fuerit
2553 5037 2868 5102 ostendere,
2902 5056 3032 5094 num
3069 5041 3106 5094 I'i
3126 5055 3271 5097 nstra
3305 5047 3447 5101 fores

177 5095 400 5151 δυνεύει
427 5097 472 5150 δ’
491 5097 586 5151 οὖν
612 5102 751 5165 τέως
784 5104 817 5173 ἢ
850 5105 982 5173 παρ’
1005 5106 1138 5175 ἡμῖν
1172 5109 1428 5161 ἐνταυθοί
1450 5110 1546 5163 τοῦ
1575 5111 1765 5164 λοιποῦ

688 5118 751 5165 ως
784 5104 817 5173 ἢ
850 5105 982 5173 παρ’
1005 5106 1138 5175 ἡμῖν
1172 5109 1428 5161 ἐνταυθοί
1450 5110 1546 5163 τοῦ
1575 5111 1765 5164 λοιποῦ
1870 5118 2302 5202 pulsaverimus.
2346 5138 2362 5171 ι

180 5191 373 5259 μεῖναι
405 5193 613 5247 στᾶσαν
644 5195 745 5260 τῆς
802 5198 1039 5267 πλάνη-,
1069 5199 1123 5252 εί
1168 5200 1251 5253 σοί
1294 5217 1357 5268 γε
1394 5204 1481 5273 εἴη
1513 5191 1919 5276 δεδογμένον,ἦ
1984 5209 2184 5271 τελέως
2222 5211 2469 5278 οἴχεσθαι
2542 5214 2861 5287 δραμοῦσαν
2924 5224 2991 5275 δι’
3039 5225 3256 5298 αἰθέρος
3281 5244 3295 5258 ·
3352 5230 3448 5283 καὶ

178 5284 259 5352 μή
321 5300 419 5353 μοι
478 5285 799 5357 ἀχθεσθνιίης
852 5290 948 5341 ἐπὶ
979 5290 1209 5345 τοιαῦτά
1264 5311 1327 5346 σε
1380 5296 1764 5363 παροξύνοντι,
1807 5301 2004 5365 Λέγειν
2052 5304 2160 5372 γὰρ
2220 5305 2489 5373 ἐξάγομαι
2538 5284 2780 5362 καὶντοῦ
2830 5318 3036 5379 εἲκότος
3108 5284 3301 5392 πόρῤω
3346 5324 3448 5393 τὴν

173 5376 273 5427 τοῦ
322 5376 521 5444 χρόνου
554 5377 741 5440 δεδιώς
778 5381 1059 5447 πεττείαν,
1127 5390 1202 5452 μὴ
1235 5382 1427 5454 ὥσπερ
1471 5387 1529 5452 ἑξ
1593 5389 1833 5454 ἀφανοῦς
1870 5407 1931 5443 τε
1964 5392 2056 5442 καὶ
2092 5393 2249 5460 λόχου
2296 5395 2522 5464 δραμὼν
2568 5401 2821 5453 τοσοῦτον
2871 5407 3033 5458 καλὸν
3066 5409 3281 5479 οἴχηται
3314 5414 3448 5464 ἁπον-

171 5469 423 5540 κρύψας.
464 5470 527 5521 ΕΞ
553 5472 661 5542 γὰρ
697 5474 791 5525 καὶ
816 5474 960 5527 τοῦτ’
990 5478 1166 5530 εἰπεῖν
1197 5479 1326 5549 χρὴ,
1364 5479 1463 5549 οὐχ
1494 5482 1624 5549 ἡμῖν
1651 5482 1837 5545 αὐτοῖς
1870 5484 2030 5552 ἡμῶν
2072 5486 2250 5539 αὐτῶν
2322 5492 2576 5545 τοσοῦτον
2630 5500 2807 5566 μέλει,
2877 5503 3001 5553 ὅσον
3073 5506 3165 5555 καὶ
3200 5506 3299 5576 τῆς
3345 5512 3447 5578 σῆς

168 5570 261 5630 είς
300 5564 688 5634 τοῦμπροσθεν
713 5568 1007 5634 εὐκλείαςο
1044 5571 1310 5626 ὥστεκαὶ
1371 5576 1533 5645 εἴπερ
1565 5577 1693 5645 ἐξῆν
1754 5579 2040 5648 εὐξαμένῳ
2094 5586 2279 5651 τυχεῖν
2334 5581 2409 5639 ὦν
2441 5590 2508 5643 ἂν
2558 5598 2644 5663 εἴη
2719 5596 2977 5661 ἐθέλοντι,
3041 5600 3212 5669 ἥδιστ’
3262 5602 3328 5655 ἂν
3380 5606 3448 5657 δι’

168 5660 382 5723 αἰῶνός
445 5675 505 5712 σε
558 5662 656 5731 ζῇν
687 5663 965 5735 ηὐξάμην,
1024 5667 1091 5719 ἵν’
1116 5668 1199 5736 εἴη
1234 5671 1366 5738 ἡμῖν
1394 5670 1621 5739 ἥδεσθαι
1676 5672 1763 5725 διὰ
1802 5675 2003 5737 παντὸς
2031 5676 2122 5727 ἐπὶ
2153 5666 2257 5739 σοι,
2292 5684 2544 5754 καθάπερ
2608 5691 2696 5740 ἐπὶ
2730 5690 2858 5757 μάλ’
2897 5696 3115 5763 εὐτυχεῖ
3155 5695 3441 5770 θησαυρῷ,

184 5754 363 5807 Ἀλλά
397 5754 509 5823 γὰρ
540 5758 632 5810 σὺν
665 5757 731 5811 ἂν
764 5761 852 5830 εἴη
902 5761 1225 5815 ττιυντεῦθεν
1256 5766 1543 5833 δεικνύειν,
1585 5768 1634 5819 εί
1688 5769 1762 5836 μὴ
1803 5770 1952 5835 παρᾶ
1984 5769 2157 5840 θύραν
2189 5772 2415 5842 ἥκουσιν
2456 5779 2615 5847 ἡμῶν
2642 5783 2693 5833 αἱ
2731 5785 3128 5855 παρακλήσει;.
3163 5808 3188 5843 ,ι
