4240 6442
178 378 285 445 509

435 374 512 448 [Α.
554 389 605 430 c.
652 371 791 430 isse
829 387 895 428 λυ
940 369 1100 444 1323]
1176 375 1632 438 BYZANTINE
1668 375 1768 440 HI:

1857 379 2061 441 ORI/E
2101 382 2250 446 LIB.
2294 382 2460 448 VIII.

2558 378 2694 453 [ιιιιι.
2737 396 3023 439 tsnaoxxc.
3064 385 3208 459 seu]

3352 387 3459 453 510

174 499 412 554 κατόπιν
435 499 539 569 τῆς
561 499 717 566 ἀξίας
744 498 1063 571 βαδίζοντας
1105 497 1251 553 τοῦτ’
1286 498 1422 555 αὐτὸ
1450 500 1650 565 ποιεῖν,
1678 498 1755 565 ὠς

1858 496 2136 555 frustrari.
2188 500 2376 573 Neque
2430 501 2577 557 enim
2631 502 2905 557 aﬂirmare
2966 503 3315 568 dullitetn,ei
3355 507 3451 576 qui

177 593 321 659 μάλα
344 590 408 645 δν
438 592 595 646 οὐδὲν
618 593 863 663 αἰσχρόν.
899 592 1285 662 Διατειναίμην
1320 594 1429 662 γὰρ
1458 593 1525 646 ἂν
1552 593 1761 664 σφόδρα

173 687 378 754 ἔγωγε.
433 687 511 750 ὡς
565 686 667 756 τὴν
729 686 827 757 σὴν
880 684 1185 755 πλουτῆσαι
1213 684 1471 752 γλῶσσαν
1502 684 1762 750 εῠεασθαι

174 780 281 850 χρὴ
309 779 605 850 πρότερον,
628 779 775 843 ὅστις
803 778 1047 849 βούλοιτο
1072 777 1209 849 πρὸς
1232 778 1391 843 ἀξίαν
1418 778 1674 845 διεξιέναι
1694 781 1760 833 τὰ

175 873 262 926 σά.
331 872 552 936 Ἀλλως
602 871 647 926 δ’
686 872 787 925 οὐκ
847 872 915 925 ἂν
945 870 1329 942 διατειναίμην
1390 867 1531 925 εἶναι
1580 871 1761 943 ῥᾴδιον

172 966 378 1023 οὐδενί.
403 967 519 1020 Καὶ
540 966 649 1036 γὰρ
699 966 797 1020 καὶ
826 965 1073 1037 γλώττης
1125 964 1437 1036 εὐπρεπείᾳ
1495 964 1761 1035 βασιλικῷ

172 1060 249 1132 τῷ
306 1060 477 1131 πήχει
529 1062 654 1123 τοὺς
697 1059 894 1123 ἄλλους
922 1060 1277 1130 παρήλασας,
1316 1059 1417 1112 καὶ
1469 1060 1648 1112 πάντα
1676 1074 1761 1110 σοι

174 1153 442 1224 πρόσεστι
470 1155 540 1205 τὰ
573 1152 737 1217 καλὰ,
760 1146 835 1206 ὧν
863 1152 921 1206 ἓν
947 1154 1067 1207 οὐδὲ
1085 1153 1144 1206 ἓν
1166 1153 1344 1207 οὐδενὶ
1363 1152 1475 1207 τῶν
1503 1151 1762 1205 ἁπάντων

172 1245 468 1311 ὡσαύτως,
501 1240 626 1296 οὔτε
668 1242 776 1297 τῶν
799 1246 858 1297 ὲν
880 1238 961 1305 οἷς
1001 1245 1185 1313 ἡμεῖς,
1209 1242 1335 1295 οὔτε
1360 1242 1468 1312 μὴν
1490 1242 1601 1296 τῶν
1630 1243 1762 1312 πρὶν

176 1338 209 1407 ἦ
237 1339 423 1407 ἡμεῖς,
453 1336 651 1390 οὖκουν
686 1336 798 1391 οὐδ’
839 1335 907 1389 ἂν
948 1336 1075 1400 τοὺς
1121 1337 1356 1407 ὲξαρχῆς
1389 1336 1642 1406 ἀριθμεῖν
1676 1351 1762 1398 τις

177 1427 360 1498 ἐθέλῃ.
396 1428 679 1482 Ἐνταυθοῖ
703 1428 761 1482 δὲ
785 1428 880 1482 τοῦ
910 1428 1069 1496 λόγου
1098 1429 1392 1498 γενόμενος
1413 1426 1538 1480 οὔτε
1568 1425 1763 1492 διεξιέ-

176 1538 266 1575 ναι
297 1521 489 1589 τολμῶ
532 1520 656 1575 οὔτε
700 1521 861 1575 πάνθ’
892 1522 967 1584 ὡς
1021 1522 1225 1574 ἐπίπαν
1253 1522 1429 1575 ὁπόσα
1480 1521 1562 1573 σοί
1617 1521 1763 1572 ἑστιν

175 1614 458 1687 ιγκὼμια,
488 1614 612 1667 οὔτε
647 1614 722 1685 μὴ
749 1616 930 1667 πάντα
953 1629 968 1644 ⁸
998 1614 1169 1668 αἰτίαι
1195 1614 1252 1667 δὲ
1282 1614 1358 1677 ὼς
1387 1614 1640 1684 λαμπραὶ
1671 1614 1763 1666 καὶ

175 1704 451 1775 λαμπρῶς
480 1705 820 1772 ἐγκείμεναι.
853 1702 959 1757 Καὶ
982 1702 1093 1773 γὰρ
1120 1704 1183 1756 τὸ
1220 1704 1294 1774 μὴ
1314 1702 1575 1757 δύνασθαι
1606 1703 1700 1755 καὶ
1726 1704 1760 1773 ἡ

172 1797 269 1852 τοῦ
328 1798 528 1868 χρέους
572 1798 802 1859 εκτισις,
866 1796 1074 1868 δόθ’δη
1125 1796 1299 1850 ταῦτα
1358 1796 1617 1857 ἐναντίως
1646 1812 1762 1857 πως

176 1892 373 1961 ἔχοντα
420 1889 561 1961 πρὸς
615 1890 843 1958 ἄλληλα,
873 1890 974 1958 τὴν
1016 1888 1157 1959 ἐμὴν
1207 1888 1295 1957 ἀφ’
1323 1888 1560 1959 ἑκάτερα
1588 1888 1762 1958 σχίζει

173 1984 421 2038 διάνοιαν
443 2001 457 2013 ·
493 1964 570 2048 ὧς
596 1984 695 2053 ἐμὲ
724 1983 856 2053 γοῦν
873 1982 963 2035 τὸν
991 1982 1339 2055 ἑκατέρωθεν
1358 1982 1763 2052 φυλαττόμενον

176 2077 431 2130 κίνδυνον
486 2074 901 2144 ἀναγκάζεσθαι
953 2074 1048 2128 καὶ
1097 2072 1429 2144 ἀμφοτέρων
1454 2076 1765 2144 μεταποιεῖ-

177 2167 303 2221 σθαι
337 2167 434 2219 καὶ⁵
459 2164 528 2218 αὖ
592 2163 929 2235 μηδετέρων.
992 2163 1383 2233 ἁρμοσάμενον
1423 2162 1489 2216 δι’
1518 2162 1764 2234 ἀλλήλων

175 2260 441 2329 ἑκάτερα.
483 2257 679 2310 ὐπότε
712 2256 819 2325 γὰρ
854 2249 930 2309 ὧν
975 2256 1071 2308 ἐπὶ
1100 2255 1269 2327 σοφίᾳ
1305 2255 1475 2308 πάλαι
1501 2255 1764 2324 σεμνότης

175 2353 445 2422 ὀνόματος
470 2343 616 2403 οὗτοι
643 2348 730 2422 [Ρ.
753 2346 883 2419 205]
913 2349 1116 2411 πάντες
1138 2349 1185 2401 εί
1214 2348 1490 2418 παρῆσαν,
1524 2348 1764 2420 ἡττήθη-

178 2463 282 2499 σαν
314 2444 382 2499 ἄν
440 2460 535 2497 σου
568 2442 669 2510 τῆς
700 2441 811 2495 τῶν
853 2441 1035 2495 καλῶν
1064 2442 1403 2507 πλεονεξίας,
1442 2444 1551 2495 τῶν
1580 2460 1638 2494 τε
1669 2441 1766 2495 νῦν

175 2538 348 2589 όντων
384 2534 445 2588 τὸ
473 2535 708 2604 πρᾶγμα
738 2533 890 2586 οὐδὲν
922 2533 1294 2601 διαφερόντως
1328 2532 1464 2602 ἔχει,
1503 2532 1557 2584 τί
1576 2534 1766 2586 λοιπὸν

176 2624 304 2693 ἐμοὶ
332 2623 367 2691 ἢ
399 2620 508 2674 τῶν
540 2638 603 2689 γε
640 2620 905 2674 πλειόνων
936 2622 1197 2691 ἀφεμένω
1228 2624 1405 2691 μικρά
1425 2640 1549 2675 τινα
1579 2623 1765 2675 διαλα-

176 2716 295 2770 ϐεῖν
325 2716 412 2768 δεῖ
458 2715 556 2767 καὶ
589 2714 691 2767 ὅσα
723 2731 815 2782 μοι
874 2695 1153 2781 τάσφαλές
1188 2715 1302 2766 ἐστι
1353 2713 1764 2784 προμνώμενα;

180 2811 369 2880 μήπου
406 2824 490 2860 τοι
520 2806 775 2877 καθάπερ
802 2807 851 2859 oi
881 2806 989 2860 τῶν
1019 2805 1406 2876 Ὀλυμπιακῶν
1436 2806 1612 2861 ἄθλων
1643 2807 1768 2859 ἀτέ-

175 2904 362 2956 λεστοι
396 2899 630 2970 κινδύνῳ
660 2899 1010 2971 χρησάμενος
1033 2898 1297 2969 αἰσχύνης
1324 2898 1565 2967 ἀθλητὴς
1596 2899 1766 2967 ἐμαυ-

175 2996 256 3068 τῷ
274 2992 646 3062 κατασταίην.
702 2992 814 3045 Καὶ
867 2989 1127 3058 πείθομαί
1157 3007 1221 3057 γε
1275 2990 1443 3061 μηδὲν
1481 2984 1767 3073 εἶναιτῶν

178 3090 405 3143 πάντων
430 3087 640 3156 ἕτερον,
675 3084 704 3137 ὃ
734 3102 801 3155 με
834 3085 1108 3154 προσήκει
1133 3084 1336 3153 μᾶλλον
1368 3084 1568 3147 ποιεῖν,
1601 3079 1632 3150 ἦ
1675 3080 1767 3131 τὸν

176 3181 436 3237 ιντεῦθεν
492 3178 857 3249 φυλάττεσθαι
902 3177 1153 3231 κίνδυνον
1203 3176 1298 3228 καὶ
1356 3175 1508 3244 μάλα
1562 3174 1767 3244 μᾶλλον

176 3273 305 3343 ἐμὲ,
333 3272 369 3344 ἢ
401 3272 457 3326 εῐ
484 3288 539 3323 τι
570 3270 769 3341 βρέφος
795 3268 1046 3323 ἐϐούλετο
1096 3267 1279 3337 μάζαν
1309 3267 1604 3331 σιτεῖσθαι,
1638 3267 1769 3337 πρὶν

176 3366 477 3421 ἀπότιτθον
521 3362 794 3431 γενέσθαι.
867 3361 1030 3430 Ἐξῆν
1078 3362 1190 3429 γὰρ
1216 3358 1283 3412 ἀν
1311 3360 1379 3427 γέ
1414 3375 1519 3411 που
1551 3361 1768 3422 πάντως

177 3457 442 3514 ἀνιᾶσθαι
470 3454 833 3517 τελεσθέντος.
857 3454 977 3525 Χρὴ
1004 3453 1209 3524 μέντοι,
1232 3450 1407 3521 οἶμαι,
1435 3452 1509 3515 ὠς
1536 3455 1615 3513 εἰς
1641 3454 1771 3505 ἀνά-

177 3570 377 3623 κτορον
407 3552 631 3604 εἰσιόντι
659 3548 1005 3618 παμπόλλοις
1039 3547 1474 3617 φαιδρυνάμενον
1527 3550 1623 3599 καὶ
1650 3564 1769 3598 ποι-

178 3648 355 3709 κίλοις
390 3644 730 3713 ἀγάλμασιν,
759 3643 836 3704 ὣς
864 3643 922 3694 δὲ
959 3644 1066 3694 κάν
1106 3642 1219 3702 τοῖς
1258 3638 1353 3693 τοῦ
1380 3639 1644 3710 βασιλέως
1678 3642 1770 3706 ἐγ-

178 3735 419 3807 κωμίοις
449 3733 731 3802 γενομένῳ
788 3733 900 3793 τοῖς
931 3729 1115 3792 ἄλλοις
1146 3729 1257 3781 τῶν
1313 3728 1489 3782 ἄλλων
1520 3744 1769 3796 παρακε-

177 3828 470 3900 χωρηκότι
503 3826 623 3890 ἑνός
683 3842 787 3878 που
820 3824 853 3893 ἢ
892 3825 987 3877 καὶ
1034 3822 1130 3877 δύο
1158 3822 1219 3874 τὸ
1246 3822 1500 3874 πλεῖστον
1529 3824 1768 3889 ἐπιμνη-

181 3924 403 3992 σθῆναι.
437 3920 669 3974 Πλείονα
699 3920 809 3989 γάρ
838 3917 913 3981 ὠς
944 3918 1045 3970 οὐκ
1070 3916 1313 3984 ἀσφαλὲς
1347 3916 1412 3968 ἂν
1435 3913 1521 3983 εῖη
1553 3915 1765 3981 λέγειν,

177 4019 287 4088 δτῳ
317 4015 383 4085 δὴ
426 4014 500 4084 μὴ
538 4012 869 4082 μεταμέλειν
920 4010 1094 4079 μέλοι,
1154 4008 1304 4061 ἔστιν
1357 4006 1672 4077 εἰρημένον.
1706 4005 1768 4057 Ei

177 4114 289 4183 γὰρ
318 4110 431 4163 τῶν
457 4107 551 4160 δύο
573 4107 673 4159 οὐκ
700 4104 941 4179 εὐχερῶς
964 4104 1030 4158 ἀν
1060 4120 1143 4165 τις
1175 4098 1571 4165 ἀπαλλάξαιτο,
1598 4099 1765 4169 σχολῇ

177 4206 289 4258 τῶν
314 4220 379 4271 γε
413 4201 697 4255 πλειόνων.
737 4199 919 4251 Ἀλλοι
971 4197 1069 4263 μὲν
1097 4196 1281 4249 τοίνυν
1313 4194 1553 4248 ἀλλάττα
1581 4191 1771 4260 λεγόν-

174 4318 311 4361 των,
338 4298 417 4362 ὡς
445 4313 509 4364 γε
536 4295 776 4364 εἴρηται,
797 4291 906 4345 τῶν
931 4290 1026 4342 τοῦ
1059 4287 1350 4360 βασιλέως,
1379 4288 1503 4355 ἐμοὶ
1525 4286 1570 4338 δ’
1601 4285 1770 4355 ἐχέτω

181 4391 413 4459 μνήμην
440 4386 500 4438 τό
555 4400 614 4436 τε
648 4382 747 4451 τῆς
795 4379 1116 4449 φρονήσεως
1154 4374 1322 4428 αὑτοῦ
1361 4373 1595 4443 μέγεθος
1625 4373 1716 4425 καὶ
1741 4373 1770 4424 ὁ

175 4476 279 4545 τῆς
310 4474 564 4542 γλώττης
598 4468 814 4540 κρότος.
837 4460 940 4518 Ὧν
966 4463 1132 4524 αὐτός
1159 4478 1218 4515 τε
1250 4464 1446 4530 πεῖραν
1488 4461 1635 4530 σχὼν
1657 4462 1768 4523 τοῖς

1864 598 1956 644 tua
1989 589 2131 648 facta
2174 603 2233 646 ιιι
2269 604 2557 649 merentur
2608 594 2831 650 laudare
2870 596 3143 657 instituat,
3174 596 3228 650 in
3257 598 3452 665 primis

1861 686 2105 757 linguam
2152 697 2301 742 tuam
2346 687 2714 757 exaptandam
2774 703 2895 743 esse
2955 706 2970 742 :
3024 688 3191 761 339
3242 691 3449 759 alioqui

1861 794 1992 834 vero
2041 778 2317 834 neminem
2362 780 2415 833 id
2479 779 2639 834 facile
2690 790 2953 850 prtestare
2998 796 3188 850 posse.
3235 782 3371 837 Nam
3399 790 3456 834 et

1861 874 2129 928 orationis
2185 883 2380 927 ornatu
2435 874 2598 943 longo
2670 874 2963 929 intervallo
3020 888 3270 929 omnesa
3302 884 3455 943 tergo

1863 968 2127 1037 relinquis
2185 984 2199 1019 :
2256 983 2358 1022 nec
2415 968 2589 1021 ullum
2631 968 2687 1023 in
2740 978 2793 1023 te
2833 968 3039 1025 bonum
3083 968 3454 1034 desideratur,

1862 1076 2099 1130 quorum
2152 1060 2325 1114 ullum
2386 1063 2469 1115 vel
2520 1070 2703 1115 nostra
2758 1072 2940 1126 atate,
2965 1063 3049 1117 vel
3087 1078 3116 1117 a
3150 1060 3455 1132 primordio

1864 1170 1964 1224 par
1987 1164 2083 1207 aut
2108 1154 2291 1207 simile
2322 1154 2633 1223 extetnplum
2676 1156 2908 1224 reperiri
2938 1166 3125 1224 queat.
3155 1155 3270 1210 Hoc
3330 1170 3454 1209 ora-

1866 1244 2031 1298 tionis
2091 1243 2214 1297 loco
2282 1258 2459 1312 neque
2516 1258 2709 1297 omnes
2756 1252 2879 1299 tuas
2920 1244 3113 1300 laudes
3142 1259 3450 1301 recenscrco

1864 1353 2044 1407 neque
2072 1336 2285 1406 aliquas
2338 1337 2622 1407 praeterire
2671 1336 2851 1392 audeo
2890 1338 3245 1393 evidentibus
3269 1342 3454 1407 gravi-

1868 1430 2083 1500 busque
2119 1430 2186 1483 de
2240 1430 2441 1485 causis.
2493 1430 2627 1484 Nam
2663 1439 2720 1486 et
2780 1430 2985 1499 ingenii
3026 1430 3376 1484 imbecillitas
3399 1439 3456 1484 et

1866 1519 2038 1571 debiti
2084 1518 2406 1587 magnitudo
2443 1519 2688 1573 animum
2722 1533 2902 1571 meum
2930 1516 3149 1571 diverse
3185 1518 3410 1571 tralnmt
3438 1534 3451 1571 :

1865 1621 1924 1665 ut
1956 1611 2261 1679 periculum
2314 1612 2575 1681 utrinque
2639 1612 2853 1666 caventi
2893 1610 3025 1665 mihi
3077 1622 3133 1665 et
3160 1620 3454 1678 utrumque

1864 1705 1937 1759 sit
1965 1706 2299 1764 conandum.
2335 1716 2391 1758 ct
2418 1714 2700 1767 netitrnm,
2744 1694 3012 1759 ambobus
3060 1704 3204 1757 inter
3234 1720 3292 1756 se
3318 1717 3453 1756 con-

1863 1796 2182 1865 jungendis.
2228 1797 2285 1849 Si
2331 1798 2479 1849 enim
2535 1797 2572 1849 ii
2611 1811 2824 1859 omnes,
2860 1794 3061 1864 quibus
3113 1796 3324 1849 illustre
3353 1808 3453 1847 uo-

1868 1904 1990 1943 men
2021 1890 2152 1943 olim
2202 1888 2446 1942 eruditio
2488 1890 2723 1957 peperit,
2764 1888 3044 1945 adessent.
3103 1904 3204 1942 nec
3266 1899 3448 1942 tamen

1865 1992 2192 2052 argumento
2217 1982 2536 2037 satisfacere
2565 1989 2797 2050 possent
2821 1998 2834 2033 :
2861 1990 2918 2036 et
2941 1984 3132 2035 eadem
3153 1990 3235 2035 est
3259 1994 3449 2032 eorum

1866 2076 2033 2130 etiam
2071 2074 2331 2143 quinunc
2371 2075 2561 2127 vivunt
2593 2074 2837 2128 conditio
2875 2094 2887 2127 :
2918 2073 3049 2143 quid
3087 2072 3223 2125 mihi
3259 2082 3449 2135 restat,

1868 2166 1972 2222 nisi
2017 2177 2075 2221 ut
2126 2167 2359 2221 maxima
2410 2179 2564 2235 parte
2610 2166 2812 2219 omissa
2876 2164 3107 2234 paucula
3154 2164 3447 2232 explicem,

1865 2276 1988 2331 qute
2036 2261 2154 2315 sine
2197 2260 2443 2330 periculo
2492 2268 2729 2313 tractare
2780 2258 3022 2327 possim?
3072 2273 3140 2311 ne
3180 2256 3345 2316 forte,
3390 2263 3452 2307 ut

1868 2351 2284 2423 Olympicorum
2344 2352 2708 2404 m-rtaminum
2768 2350 2964 2413 rudes,
3017 2361 3232 2418 meapte
3293 2347 3453 2415 culpa

1867 2444 2159 2514 suscipiam
2200 2442 2458 2496 dedecus.
2508 2442 2587 2496 Ac
2624 2445 2854 2496 omnino
2899 2456 3223 2512 persuasum
3252 2439 3453 2501 habeo,

1868 2536 2006 2590 nihil
2062 2535 2309 2589 omnium
2348 2550 2507 2604 anque
2555 2550 2620 2590 ac
2652 2534 2958 2604 periculum
2998 2539 3102 2590 hoc
3146 2533 3453 2589 cavendum

1867 2646 1989 2686 esse
2014 2630 2171 2695 mihi,
2203 2638 2258 2684 et
2290 2630 2465 2683 nihilo
2491 2630 2674 2683 minus
2707 2644 2870 2698 quam
2897 2628 2941 2683 si
2983 2628 3182 2689 infans,
3208 2628 3453 2682 nondum

1868 2724 1938 2779 ab
1991 2724 2159 2778 ubere
2198 2738 2464 2783 remetus.
2512 2739 2654 2791 pane
2705 2724 2850 2778 vesci
2892 2724 3098 2791 cupiat.
3144 2721 3279 2777 Nam
3316 2723 3362 2778 si
3400 2723 3451 2777 id

1872 2815 2050 2879 ﬁeret,
2074 2825 2224 2870 esset
2252 2816 2441 2884 utique
2468 2815 2689 2869 dolendi
2723 2816 2896 2870 locus.
2937 2814 3051 2870 Etsi
3085 2827 3269 2870 autem
3289 2830 3457 2869 cona-

1875 2918 1963 2963 tus
1994 2918 2079 2964 est
2108 2908 2337 2973 arduus,
2376 2918 2554 2961 tamen
2585 2908 2783 2962 decere
2823 2908 3062 2963 arbitror
3108 2924 3219 2961 non
3252 2908 3435 2963 minus

1871 3015 2035 3069 quam
2067 2999 2113 3053 si
2164 3000 2221 3053 in
2276 2998 2582 3054 sacrarium
2643 2999 2823 3053 omnis
2868 3000 3090 3069 generis
3129 3001 3460 3070 imaginibus

1870 3102 2196 3145 exornatum
2235 3092 2555 3161 ingrederer
2605 3110 2619 3146 :
2650 3092 2721 3146 ita
2755 3092 2918 3162 330
2950 3095 3118 3145 etiam
3158 3095 3457 3158 imperato—

1798 3220 1841 3277 ϐ
1876 3183 1956 3238 ris
1984 3184 2176 3237 laudes
2203 3199 2493 3254 aggressus
2513 3193 2710 3238 uetera
2740 3186 2862 3239 aliis
2891 3184 3267 3248 concedenda,
3295 3186 3459 3239 unius

1874 3292 2006 3330 vero
2048 3288 2217 3347 atque
2275 3278 2508 3332 alterius
2573 3279 2912 3332 mentionem
2968 3293 3090 3332 esse
3125 3278 3455 3335 faciendam.

1871 3370 2007 3425 Nam
2043 3372 2230 3440 plures
2261 3372 2530 3439 attingere
2562 3371 2931 3438 periculosum
2968 3371 3154 3425 fuerit.
3180 3371 3281 3438 Qui
3308 3372 3457 3426 enim

1877 3463 2035 3517 binas
2058 3463 2346 3516 absolvere
2376 3463 2667 3516 ditlicnlter
2694 3474 2884 3532 queat,
2917 3464 3048 3533 quid
3079 3464 3331 3532 pluribus
3361 3479 3458 3519 ac-

1873 3551 2347 3620 cidetoccupato?
2400 3551 2587 3620 Itaque
2625 3553 2719 3606 alii
2768 3553 2874 3606 alia
2906 3564 3342 3608 commemorent
3373 3571 3387 3607 :
3427 3570 3458 3607 a

1876 3659 1962 3698 me
1991 3660 2124 3698 vero
2157 3657 2213 3698 et
2248 3646 2453 3713 ingenii
2487 3645 2808 3717 magnitudo
2851 3656 2909 3700 et
2952 3646 3169 3700 dicendi
3213 3647 3292 3702 vis
3312 3646 3460 3701 cele-

1874 3736 2087 3797 bretur,
2114 3752 2252 3806 quas
2278 3747 2333 3790 et
2368 3737 2489 3805 ipse
2535 3739 2915 3807 experimento
2939 3740 3198 3807 cognovi,
3259 3752 3314 3793 et
3342 3739 3457 3803 alii,

1871 3843 2107 3897 quorum
2162 3830 2563 3884 consuetudine
2615 3842 2779 3893 utor,
2839 3832 3087 3899 quotidie
3135 3831 3455 3901 pradicant,

1872 3921 2095 3974 nemine
2149 3937 2257 3974 non
2304 3922 2609 3976 admirante
2637 3940 2652 3987 ;
2680 3939 2856 3993 neque
2897 3939 2998 3993 ego
3030 3940 3269 3993 unquam
3310 3940 3461 3978 com-

1883 4024 2157 4072 memoro,
2183 4010 2314 4080 quin
2350 4011 2592 4064 admirer
2640 4021 2697 4065 et
2725 4012 3021 4081 ambigam,
3054 4023 3236 4065 utrum
3264 4029 3457 4068 eorum

1873 4102 2049 4171 magis
2104 4104 2332 4157 laudare
2384 4104 2634 4166 debeant,
2683 4119 2806 4158 cum
2850 4104 3082 4158 subinde
3112 4106 3264 4173 plura
3294 4122 3456 4175 quam

1873 4195 2015 4248 dicta
2063 4196 2306 4258 fuerunt,
2369 4196 2600 4249 dicenda
2659 4208 2976 4251 occurrant.
3032 4198 3111 4251 Ad
3166 4215 3249 4251 me
3283 4199 3458 4268 ipsum

1872 4301 2004 4357 ergo
2036 4286 2224 4349 redeo,
2264 4302 2373 4340 non
2405 4303 2562 4340 secus
2592 4303 2655 4341 ac
2685 4287 2719 4340 ii
2753 4288 2843 4355 qui
2880 4288 3106 4343 lzevibus
3132 4290 3459 4358 corporibus

1874 4376 2035 4431 inniti
2067 4379 2314 4439 student,
2374 4379 2737 4434 labascentcs.
2796 4379 2931 4433 Nam
2982 4372 3127 4435 nunc
3160 4383 3380 4451 quidem
3414 4385 3459 4436 si

1871 4470 2087 4535 liceret,
2125 4489 2232 4527 non
2267 4476 2665 4528 committerem
2714 4477 2846 4543 quin
2886 4486 3045 4529 terrm
3083 4480 3252 4531 solem
3296 4490 3346 4531 te
3376 4480 3457 4532 di-

175 4587 238 4622 τε
272 4566 459 4628 ἄλλοις
490 4562 771 4635 χρώμενος
801 4560 888 4613 ἀεὶ
915 4557 1006 4611 διὰ
1034 4556 1283 4624 γλώττης
1332 4554 1528 4621 ἄγουσι
1557 4556 1649 4606 καὶ
1676 4556 1768 4606 οὐ..

1872 4576 2074 4628 eerem,
2132 4566 2450 4634 imperator.
2506 4566 2572 4620 Ut
2620 4569 2765 4621 enim
2815 4585 3007 4623 OlllllCS
3044 4570 3186 4623 lucis
3214 4572 3457 4624 thesauri

174 4661 294 4715 δέσι
327 4658 406 4728 μὴ
441 4655 839 4723 θαυμάζουσιν,
901 4652 1004 4703 οὒκ
1063 4647 1179 4702 ἐσθ’
1210 4650 1299 4701 ὅτε
1351 4648 1643 4715 μέμνημαι
1674 4647 1771 4698 καὶ

175 4751 368 4817 αὐτὸς,
405 4748 482 4818 μὴ
506 4744 862 4816 ἀσχολοῦντός
886 4758 991 4810 μου
1019 4741 1109 4793 τὸν
1142 4740 1268 4792 νοῦν
1294 4740 1388 4792 τυῦ
1417 4740 1597 4793 αὐτῶν
1636 4738 1771 4790 θαύ-

179 4859 355 4916 ματος
391 4839 487 4892 καὶ
516 4836 744 4907 ἀπορεῖν
776 4834 1080 4894 ποιοῦντος.
1115 4834 1343 4901 πότερον
1373 4831 1642 4899 πρότερον
1673 4831 1771 4883 καὶ

180 4934 393 5003 μᾶλλον
426 4928 709 4996 ἐπαινοίην
743 4927 1029 4995 ἑκατέρων
1050 4941 1065 4953 ·
1100 4926 1192 4976 καὶ
1221 4925 1307 4976 ἀεί
1328 4922 1642 4990 περαιτέρω
1674 4918 1770 4972 τοῦ

173 5027 343 5093 λόγου
369 5021 665 5092 δηλοῦσθαι
693 5019 965 5090 εὑρίσκων
1002 5015 1310 5088 μεταχωρῶ
1362 5014 1500 5084 πρὸς
1530 5012 1771 5082 ἐμαυτὸν

172 5117 581 5176 διολισθαίνων,
631 5113 888 5183 καθάπερ
919 5112 969 5163 oi
992 5111 1213 5178 σώμασι
1242 5108 1407 5171 λείοις
1457 5108 1555 5167 τὰς
1580 5109 1771 5176 χεῖρας

173 5211 415 5281 ἐρείδειν
471 5206 890 5270 σπουδάζοντες.
933 5204 1023 5265 Ὠς
1057 5202 1151 5255 νῦν
1177 5219 1263 5271 γε,
1300 5203 1461 5271 εἴπερ
1496 5198 1623 5268 ἐξῆν
1658 5214 1769 5266 μοι,

171 5302 442 5371 οὐδαμῶς
476 5300 541 5352 ἂν
568 5299 808 5367 ὑφιέμην
841 5297 916 5368 μὴ
951 5296 1143 5349 καλεῖν
1171 5311 1229 5347 σε
1268 5296 1371 5365 γῆς
1398 5296 1574 5365 ἥλιον,
1606 5288 1651 5347 ὧ
1677 5293 1771 5362 βα-

171 5394 358 5449 σιλεῦ.
414 5392 503 5451 Ὠς
526 5390 637 5459 γὰρ
661 5391 863 5453 πάντες
919 5388 1098 5458 φωτὸς
1132 5388 1402 5459 θησαυροὶ
1450 5386 1530 5455 τῷ
1562 5387 1771 5457 mm},

167 5486 533 5555 ξυνελθόντες
554 5485 726 5553 δίσκῳ
758 5484 927 5537 πᾶσιν
960 5482 1175 5536 ἐκεῖθεν
1224 5482 1417 5551 ᾦσπερ
1472 5483 1535 5533 ὲκ
1586 5480 1769 5533 κοινοῦ

168 5575 519 5648 πρυτανείου
554 5576 651 5636 ri;
682 5573 941 5644 ἀφορμὰς
984 5573 1193 5625 διδόασι
1224 5571 1318 5625 τοῦ
1352 5572 1593 5640 βλέπειν,
1631 5570 1771 5623 οὕτω

162 5672 238 5739 δὴ
272 5672 382 5723 κάν
443 5669 527 5720 σοὶ
577 5668 732 5719 πᾶσα
784 5668 1052 5735 φρόνησις
1110 5663 1495 5735 συνδραμοῦσα
1544 5670 1770 5733 φέρεται

161 5763 370 5831 ὥσπερ
397 5759 459 5823 ἐξ
489 5758 723 5829 οὐρανοῦ
780 5758 1092 5828 πανταχόσε
1125 5758 1224 5823 τῆς
1256 5758 1379 5825 γῆς,
1407 5758 1662 5827 ἀφορμὰς
1692 5757 1772 5809 δι-

164 5855 351 5911 δοῦσα
404 5855 538 5906 πᾶσι
595 5852 683 5905 τοῦ
714 5851 1023 5923 θαυμάζειν
1051 5870 1062 5882 ο
1119 5853 1210 5905 καὶ
1262 5852 1452 5921 ὥσπερ
1483 5852 1583 5905 οὐκ
1622 5850 1771 5905 ἔστιν

1876 4672 1985 4710 una
2023 4672 2146 4710 cum
2173 4658 2337 4711 solari
2370 4660 2502 4712 orbe
2552 4659 2890 4727 prodeuntes
2942 4663 3200 4715 omnibus
3232 4678 3457 4716 usuram

1872 4749 2014 4802 lueis
2044 4749 2371 4817 impertiant
2404 4767 2416 4801 :
2454 4751 2525 4804 ita
2577 4752 2741 4804 etiam
2780 4753 2831 4804 in
2882 4762 2931 4807 te
2966 4755 3147 4806 omnis
3180 4756 3462 4822 sapientia:

1871 4857 2176 4895 concursus
2208 4844 2360 4895 velut
2393 4859 2423 4896 e
2450 4844 2596 4897 coelo
2632 4844 2682 4897 in
2713 4861 2905 4899 omnes
2935 4857 3108 4899 terras
3133 4846 3330 4910 fertur,
3360 4848 3425 4899 ad
3454 4876 3462 4885 ι

1875 4935 2110 4988 mirandi
2161 4936 2237 4987 tui
2280 4951 2476 4989 causas
2526 4938 2885 5007 suppeditans
2925 4956 2938 4992 :
2987 4950 3043 4993 et
3081 4950 3138 4993 ut
3195 4955 3352 4993 nemo
3378 4952 3462 4995 est

1873 5027 2143 5090 omnium,
2177 5027 2269 5095 qui
2311 5029 2441 5081 solis
2477 5029 2658 5083 radios
2688 5046 2793 5083 non
2826 5034 3121 5099 aspexerit.
3165 5033 3267 5085 nisi
3296 5048 3459 5100 quem

1873 5117 2277 5171 sol‘lnminibus
2304 5120 2556 5173 orbatum
2587 5122 2862 5189 aspexerit
2891 5139 2903 5174 :
2941 5122 3012 5175 ita
3054 5139 3215 5176 nemo
3243 5132 3328 5177 est
3367 5141 3461 5177 ne-

1873 5224 1981 5278 que
2020 5210 2146 5273 erit,
2176 5210 2270 5279 qui
2294 5210 2362 5262 de
2398 5220 2489 5265 tua
2538 5213 2805 5280 sapientia
2866 5214 3001 5267 nihil
3046 5214 3306 5273 audierit.
3352 5216 3458 5270 nisi

1873 5302 2129 5355 audiendi
2180 5318 2341 5356 sensu
2391 5304 2708 5358 destitutus.
2743 5304 2855 5360 Hac
2897 5320 3029 5371 ergo
3083 5307 3293 5362 ratione
3330 5312 3374 5363 si
3409 5320 3461 5363 te

1872 5394 2043 5446 solem
2076 5403 2234 5449 terra:
2272 5397 2574 5464 appellare,
2618 5413 2727 5451 non
2759 5399 2943 5467 inepte
2970 5399 3020 5451 id
3051 5398 3294 5455 facturus
3324 5403 3457 5456 milli

1873 5487 2067 5539 videor
2098 5505 2111 5539 :
2147 5497 2198 5540 et
2247 5487 2290 5541 si
2342 5488 2468 5557 quis
2517 5489 2721 5558 aliquid
2775 5492 2949 5560 majus
2982 5491 3203 5556 dixerit,
3239 5510 3324 5548 me
3359 5495 3462 5547 Ini-

1875 5578 2020 5631 nime
2056 5578 2361 5647 refragante
2406 5580 2573 5635 dicet.
2609 5581 2929 5635 leestinm
2971 5584 3118 5636 enim
3150 5584 3307 5655 331
3336 5602 3459 5639 cor-

1878 5682 2073 5735 porum
2125 5668 2269 5722 idem
2314 5680 2579 5739 perpetuo
2637 5679 2815 5724 status
2867 5672 3289 5726 admirationwm
3324 5690 3461 5727 non-

1877 5760 2013 5813 nihil
2041 5761 2317 5814 inuniuuit
2347 5780 2359 5815 :
2394 5763 2642 5816 ontnitnn
2679 5779 2808 5815 vero
2848 5780 3029 5816 rerum
3065 5771 3456 5827 humanarum,

1878 5868 2107 5920 quarum
2164 5854 2442 5906 nonnullis
2496 5855 2586 5907 alii
2636 5854 2761 5908 aliis
2796 5858 3149 5913 antecellunt,
3178 5874 3300 5913 cum
3332 5872 3459 5925 pcr-
