4240 6442
177 405 271 471 521
426 400 500 472 [.t.
543 416 593 454 c.
643 399 777 453 1282
816 413 882 451 Αο
932 394 1084 467 I328]

1165 397 1610 459 Bl'ZANTlN/E
1650 396 2033 458 HISTORI/E
2077 397 2217 458 LIB.
2265 394 2428 454 Vill.

3310 388 3413 453 522

2517 389 2654 460 itur.
2699 400 2981 446 merome.
3024 382 3179 457 523.1

170 520 247 589 τῷ
282 522 512 593 παρόντι
535 521 808 590 ἠνάγκαζε
838 518 1091 591 δέξασθαί
1140 535 1229 587 με,
1264 519 1329 571 ἶν’
1356 521 1438 585 εῖη
1469 536 1549 581 τις
1611 518 1751 570 τοῦτ’
1780 523 1824 577 Α

1738 518 1751 532 ‘
1780 523 1824 577 Α
1855 516 1928 570 illi
1965 517 2036 569 ob
2068 516 2229 569 talem
2257 530 2382 583 erga
2420 528 2502 567 me
2530 512 2877 567 affectionem
2926 507 3410 570 conviciabantur:

173 613 532 677 εὐπρόσωπος
558 612 702 680 αῦτῴ
738 613 958 681 ἀφορμὴ
1012 614 1148 683 πρδς
1201 612 1325 675 τοῦς
1358 610 1744 680 βασκαίνοντας

174 705 266 755 καὶ
294 704 391 756 ὑπ’
422 705 610 756 ὀδόντα
643 704 1080 772 λοιδορουμένους
1132 704 1281 772 αὐτῷ
1324 705 1422 773 τῆς
1464 702 1739 773 ἡμετέρας

173 793 359 845 εῖνεκα
383 796 571 863 τιμῆς,
596 789 663 863 ἧς
686 793 813 864 παρ’
832 793 994 846 αὐτοῦ
1019 794 1282 863 λαμπρῶς
1304 794 1461 855 εὐθὺς
1480 793 1750 864 ἐκαρπού-

175 899 302 951 μην,
372 884 511 953 μήτε
564 883 754 953 χρόνον
821 883 1271 953 προεισὼεγκὼν,
1340 884 1414 945 ὡς
1470 882 1589 947 ἔθος
1642 885 1753 945 τοῖς

173 976 472 1041 πλείστοις,
508 978 645 1045 μήτι
684 977 803 1029 τινὰ
838 976 1029 1029 πολιὰν
1051 976 1234 1046 τρίχα,
1275 978 1410 1045 μήτε
1442 977 1565 1027 τινὰ
1586 974 1752 1044 τ.μὴν

173 1068 481 1136 ἱερατικὴν.
522 1067 824 1136 Ηύτρέπιζε
858 1067 914 1119 δέ
944 1084 1033 1136 μοι
1060 1067 1187 1138 ἠδη,
1222 1068 1297 1128 ὠς
1319 1066 1407 1135 ἐφ’
1437 1067 1638 1135 ἑτοίμῳ
1675 1064 1751 1134 τῷ

174 1161 487 1228 πράγματι,
524 1164 612 1233 καὶ
638 1158 672 1212 ἃ
691 1162 755 1228 τῇ
774 1159 897 1228 ἀξίᾳ
924 1161 1266 1227 προσήκοντα
1294 1153 1434 1228 ἦσαν
1458 1157 1748 1225 ἐνδύματα.

1852 608 1996 677 quod
2057 623 2154 662 nec
2207 623 2458 677 provecm
2493 615 2648 660 :etate
2698 619 2797 658 nec
2851 618 2988 657 cauo
3020 601 3280 671 capillitio
3318 614 3418 654 nec

1853 698 2159 753 sacerdotio
2193 700 2379 767 aliquo
2427 697 2866 760 commendatus,
2909 703 2968 749 ut
2997 694 3241 771 plerique
3274 691 3416 746 sole-

1852 800 1991 849 rent.
2025 792 2113 846 illa
2148 791 2382 846 fruerer.
2417 791 2531 846 Iam
2562 804 2709 852 vero,
2738 800 2795 843 ut
2824 802 2881 841 re
2905 802 3012 841 non
3039 784 3412 849 dubia,etiam

1852 872 2103 953 dignitati
2153 893 2553 938 consentaneas
2604 890 2785 935 vestes
2836 878 2967 932 mihi
3022 876 3267 947 parabat.
3303 876 3416 947 Ego

1852 990 2006 1040 vero,
2043 990 2166 1029 cum
2202 973 2626 1029 adolescentiam
2673 985 2848 1025 meam
2882 977 2938 1022 et
2973 981 3186 1036 tempus
3216 965 3411 1034 hujus-

1853 1066 1997 1119 modi
2031 1066 2194 1120 rebus
2226 1064 2462 1141 alienum
2499 1061 2957 1125 considerassem,
3003 1061 3071 1114 ad
3119 1058 3267 1112 hunc
3304 1070 3420 1110 mo-

1850 1156 1980 1211 dum
2021 1156 2186 1211 verba
2211 1155 2314 1209 feet
2343 1172 2357 1208 :

186 1248 327 1315 Ἐγὼ
357 1247 403 1300 δ’
435 1251 491 1306 ἐς
512 1249 614 1314 τὴν
654 1247 903 1315 ἐμαυτοῦ
936 1248 1163 1314 νεότητα
1194 1246 1401 1299 ἀπιδὼν
1428 1246 1523 1299 καὶ
1553 1247 1651 1314 τὴν
1691 1245 1798 1299 τῶν
1822 1246 2075 1298 τοιούτων
2101 1245 2309 1315 ἀωρίαν
2335 1244 2676 1317 πραγμάτων
2700 1242 2984 1316 παρελθὼν
3019 1240 3173 1307 εἳεξι
3200 1240 3378 1296 τοιάδε
3404 1244 3413 1252 ‘

245 1342 329 1396 8';
369 1362 388 1394 ι
427 1344 560 1414 Περὶ
586 1350 685 1410 μὲν
727 1343 966 1412 ἐμαυτοῦ
1018 1343 1129 1413 (89)
1174 1346 1264 1430 κα)
1316 1344 1390 1405 ὡς
1440 1343 1593 1396 οὔπω
1652 1361 1742 1411 μοι

177 1440 366 1506 καίρια
399 1438 466 1487 τὰ
518 1438 615 1505 τῆς
673 1437 939 1505 (sparsiet;
1004 1434 1209 1505 βραχύν
1246 1453 1369 1488 τινα
1406 1436 1743 1504 ἀποχρήσειν

1913 1343 1977 1397 ll.
2027 1362 2045 1395 ι
2090 1342 2245 1410 Quod
2273 1343 2339 1395 ad
2372 1357 2457 1395 me
2486 1350 2542 1395 et
2581 1340 2926 1393 immaturam
2954 1334 3265 1390 sacerdotio
3289 1345 3421 1389 asta-

1846 1442 1951 1489 tem
1988 1435 2206 1494 attinet,
2240 1447 2348 1484 non
2383 1445 2577 1498 inagna
2608 1444 2747 1498 opus
2771 1440 2890 1482 esse
2917 1424 3160 1479 arbitror
3185 1437 3419 1479 excusa-

177 1543 266 1593 μοι
294 1525 440 1577 δοκῶ
467 1525 556 1576 τὸν
586 1526 869 1593 ἀπόλογον.
903 1526 977 1577 '0
1031 1542 1086 1577 rt
1119 1527 1223 1596 γάρ
1253 1543 1343 1593 μοι
1378 1526 1564 1595 χρόνος
1593 1526 1745 1579 οὔπω
1843 1533 1851 1577 l

1742 1552 1745 1574 ι
1843 1522 2011 1577 tione.
2037 1522 2170 1576 Nam
2189 1531 2243 1575 et
2268 1522 2395 1574 anni
2430 1522 2533 1576 mei
2569 1521 2769 1575 talibus
2791 1520 2956 1573 rebus
2993 1526 3123 1573 sunt
3156 1516 3416 1586 impares.

172 1616 375 1683 ὡραῖος
418 1614 553 1684 πρὸς
599 1631 660 1682 γε
706 1615 771 1667 τὰ
800 1612 1042 1667 τοιαῦτα·
1069 1616 1164 1667 καὶ
1215 1616 1393 1683 μέιτοι
1445 1633 1508 1682 γε
1567 1618 1658 1669 καὶ
1696 1618 1743 1669 οἱ
1840 1636 1846 1662 ‹

1840 1624 1895 1667 et
1928 1614 2023 1669 otii
2062 1629 2124 1667 ac
2165 1614 2471 1667 litterarum
2506 1613 2730 1667 insanus
2765 1626 2827 1665 ac
2867 1612 3107 1666 furiosus
3137 1624 3291 1663 amor
3320 1606 3418 1661 ad-

168 1710 267 1775 τῇς
298 1708 528 1775 ἡσυχίας
562 1710 656 1762 καὶ
684 1706 791 1758 τῶν
823 1708 996 1774 λόγων
1029 1707 1315 1774 μανιώδεις
1348 1710 1442 1760 καὶ
1484 1708 1741 1777 λελυττη-
1777 1745 1814 1799 Β

1777 1745 1814 1799 Β
1847 1707 1957 1760 1ιιιο
1982 1707 2124 1774 apud
2158 1721 2242 1760 nte
2277 1704 2452 1759 fervet
2479 1723 2493 1758 :
2530 1720 2633 1759 nec
2663 1718 2748 1757 me
2780 1704 3005 1757 missum
3037 1701 3307 1756 facturum
3340 1700 3421 1752 af-

174 1801 328 1859 ιιὸτες
362 1798 562 1868 ἔρωτες
596 1798 803 1866 ἡδῶσιν
836 1798 915 1850 ἑτι
948 1798 1076 1869 παρ’
1103 1801 1224 1866 ἐμοὶ
1261 1800 1354 1851 καί
1393 1816 1459 1867 με
1495 1800 1592 1870 μὴ.
1617 1801 1745 1867 πρὶν

172 1895 249 1951 εἰς
281 1892 443 1959 κόρον
501 1891 735 1959 ἐξήκειν,
802 1895 1065 1960 παρήσειν
1117 1890 1559 1959 διῖσχυρίζονται.
1608 1890 1744 1944 Τότε

169 1986 277 2049 γὰρ
304 1983 401 2033 καὶ
445 1982 512 2032 τὰ
546 1984 645 2049 τῆς
697 1981 934 2042 διανοίας
980 1979 1040 2031 τὸ
1073 1982 1271 2047 ἄφετον
1304 1979 1446 2044 ἕξειν
1487 1983 1579 2034 καὶ
1609 1982 1744 2033 ἀποο

170 2081 321 2144 χρὼν
338 2075 472 2142 πρὶς
487 2074 621 2127 Θεοῦ
642 2073 999 2143 λειτουργίαν.
1022 2072 1093 2126 Τὸ
1118 2074 1172 2127 δὲ
1198 2072 1291 2124 νῦν
1320 2073 1744 2144 ἐμϐριθεστέραν

172 2165 315 2218 εἶναι
350 2166 453 2235 τὴν
483 2166 590 2216 τῶν
623 2166 935 2235 μυστηρίων
968 2165 1190 2234 τόλμαν.
1218 2165 1250 2235 ἢ
1279 2165 1349 2227 ὡς
1382 2167 1481 2234 ἐμέ.
1523 2182 1583 2235 γε
1614 2170 1745 2220 ἐνεῖ-

170 2273 261 2309 ναι
308 2256 504 2326 ῥᾳδίως
537 2255 778 2323 ἐνέγκαι,
814 2256 968 2307 τοῦτο
1007 2256 1052 2308 δ’
1074 2254 1166 2308 οῦν
1206 2257 1253 2307 ei
1277 2258 1349 2324 μή
1395 2273 1473 2325 τῳ
1524 2256 1588 2326 δὴ
1636 2258 1743 2309 τῶν

174 2350 398 2401 πάντων
423 2346 584 2416 ἄλλῳ,
618 2345 752 2398 ἀλλὰ
775 2347 881 2416 γὰρ
912 2346 966 2398 εί
986 2362 1042 2405 ,τι
1066 2346 1173 2398 τῶν
1204 2346 1458 2399 ἁπάντων
1492 2347 1618 2401 ἄλλο
1652 2350 1743 2400 καὶ

170 2438 333 2491 τοῦτο
364 2439 430 2507 δὴ
450 2438 555 2490 τῶν
585 2439 725 2491 πάνυ
758 2455 839 2490 τοι
861 2438 1140 2509 προδήλων
1160 2440 1367 2509 ἔμοιγε.
1388 2438 1619 2509 Ὀπὸσην
1634 2440 1742 2508 γὰρ

178 2529 355 2596 ἐχρῆν
387 2527 479 2578 τοῦ
508 2520 829 2596 πράγματος
857 2528 955 2595 τὴν
980 2531 1197 2598 πεῖραν,
1237 2529 1422 2597 τόσην,
1456 2529 1739 2595 ὠςείπείν,

171 2620 330 2675 ἀσκῶ
367 2620 464 2690 τὴν
495 2620 748 2690 ἀπειρίαν
777 2623 833 2672 ὲν
870 2619 1001 2687 γοῦν
1021 2622 1097 2689 τῷ
1120 2621 1367 2689 παρόντι.
1397 2624 1468 2675 Τὸ
1489 2623 1547 2675 δ⁹ι
1569 2623 1741 2686 οῦτως

177 2715 354 2784 ἔχοντ’
372 2713 597 2783 ἀμαθῶς
621 2712 969 2784 κατατολμᾷν
992 2714 1099 2764 τῶν
1137 2712 1297 2766 θείων
1322 2715 1415 2767 καὶ
1429 2715 1738 2784 ἀψαύστων,

174 2806 362 2875 ὅμοιον
378 2803 435 2857 ὃν
455 2802 644 2874 ὥσπερ
661 2803 725 2856 ἂν
743 2804 795 2855 ei
809 2820 891 2865 τις
904 2804 1147 2872 ὲπεπήδα
1165 2803 1424 2873 θαλάττῃ.
1444 2805 1572 2873 πρὶν
1589 2803 1621 2875 ἢ
1640 2822 1741 2872 μαι

175 2896 290 2949 θεῖν
304 2894 683 2965 διανήχεσθαι,
701 2892 816 2947 οὗθ’
838 2894 987 2961 ὑγιὲς
1009 2894 1329 2963 ἥγημαικαὶ
1353 2896 1470 2948 οὐδὲ
1493 2894 1741 2949 πλείστου

173 2988 280 3040 δέω
303 2987 697 3055 θαυμάξειν,ξεῖ
716 3003 796 3047 τις
813 2986 1097 3054 ἁνάσχοιτὸ
1117 3002 1239 3037 ποτε
1256 2986 1525 3055 τοσαύτην
1542 2988 1743 3055 τόλμαν

174 3078 513 3149 ἀνασχέσθαι
552 3075 797 3148 λογισμῷ
848 3076 1209 3146 καθεστηκότι
1255 3076 1505 3147 πλήττων
1529 3077 1738 3134 ἑαυτόν.

1852 1802 2051 1865 ﬁrmat,
2088 1799 2408 1869 priusquam
2450 1799 2517 1853 iis
2549 1798 2615 1851 ad
2654 1798 2965 1852 satietatem
3011 1795 3246 1850 fruatur.
3279 1792 3417 1847 Tum

1852 1893 1997 1945 enim
2030 1903 2087 1945 et
2117 1893 2345 1946 liberum
2376 1891 2490 1945 fore
2523 1906 2702 1943 meum
2734 1890 2975 1943 animum
3012 1896 3068 1942 et
3096 1887 3161 1940 ad
3195 1884 3289 1940 Dei
3320 1901 3422 1939 mt-

1853 1984 2137 2038 nisteriunt
2190 1982 2467 2037 idetteum.
2525 1980 2680 2035 Nunc
2733 1996 2860 2035 vero
2918 1980 3182 2035 audacem
3220 1987 3421 2051 myste-

1853 2077 2058 2129 riorum
2103 2076 2481 2132 tractationem
2534 2090 2671 2129 onus
2714 2089 2834 2130 esse
2882 2073 3121 2147 gravius,
3154 2086 3316 2141 quain
3360 2080 3423 2125 ut

1852 2166 2010 2220 facile
2041 2166 2172 2220 illud
2201 2168 2403 2236 possint
2429 2168 2721 2231 sustinere,
2749 2165 2795 2219 si
2842 2179 3004 2218 nemo
3040 2164 3181 2218 alius
3211 2161 3420 2216 intelli-

1849 2258 1945 2328 git,
1994 2273 2094 2329 ego
2125 2267 2274 2313 certe
2308 2257 2389 2313 sic
2438 2258 2706 2328 intelligo,
2746 2266 2808 2313 ut
2861 2256 3001 2312 nihil
3050 2256 3245 2326 magis.
3280 2253 3417 2310 Nam

1849 2359 2112 2419 quantam
2164 2366 2250 2405 res
2304 2350 2698 2421 experientiam
2753 2351 3051 2421 postulant,
3085 2358 3246 2404 tanta:
3280 2346 3417 2403 mihi

1851 2458 1973 2498 sum
2009 2442 2296 2512 imperitia:
2324 2443 2600 2509 conscius,
2639 2442 2743 2498 hoc
2770 2442 2991 2514 quidem
3019 2451 3287 2513 tempore.
3317 2440 3419 2496 At-

1849 2536 1941 2605 qui
1974 2536 2253 2590 hominem
2286 2535 2424 2591 adeo
2457 2536 2648 2590 rudem
2676 2535 2877 2591 divinis
2906 2546 2959 2590 et
2993 2550 3097 2589 non
3133 2534 3419 2605 tangendis

1850 2642 1970 2682 sese
2028 2629 2191 2683 rebus
2252 2628 2523 2699 ingerere,
2575 2644 2683 2682 non
2737 2626 2885 2682 aliud
2934 2627 3123 2691 fuerit,
3170 2642 3334 2697 quam
3369 2626 3416 2681 si

1849 2720 1974 2789 quis
2028 2719 2251 2775 natandi
2312 2720 2534 2776 nescius
2581 2721 2634 2775 in
2703 2736 2853 2776 mare
2910 2721 3129 2776 desiliat
3183 2738 3197 2775 :
3252 2719 3409 2792 35.1

1850 2826 2029 2881 neque
2070 2812 2187 2865 sani
2214 2812 2455 2867 hominis
2482 2829 2582 2884 ego
2617 2828 2737 2869 esse
2782 2824 2912 2884 puto
2944 2823 3001 2870 et
3034 2815 3193 2870 valde
3223 2816 3416 2879 mirer.

1849 2905 1897 2958 si
1936 2905 2060 2974 quis
2107 2905 2291 2959 animo
2336 2914 2592 2962 constans
2641 2908 2724 2962 vel
2779 2907 3019 2977 cogitare
3067 2907 3172 2963 tale
3205 2907 3415 2978 aliquid

1848 3000 2135 3054 sustineat.
2167 2999 2375 3065 Quibus
2419 3001 2566 3053 enim
2619 3000 2963 3064 fulminibus,
3012 3000 3214 3072 quibus
3250 3003 3417 3058 maris

1850 3091 2158 3161 gurgitibus
2190 3106 2299 3145 non
2340 3092 2501 3161 digna
2526 3091 2688 3147 fuerit
2728 3092 2817 3147 illa
2848 3092 3215 3148 conﬁdentia?
3239 3093 3412 3150 Crete-

184 3173 360 3225 Ιιοίων
397 3174 495 3240 μὶν
546 3173 654 3241 γὰρ
683 3171 782 3222 οὐκ
806 3168 869 3222 ἂν
899 3169 983 3237 εἴη
1016 3170 1367 3240 πρηστήρων,
1393 3168 1556 3222 ποίων
1572 3168 1617 3222 δ’
1640 3171 1739 3224 οὐκ
1766 3183 1809 3242 c
1845 3201 1858 3237 ι

1731 3188 1739 3224 ε
1766 3183 1809 3242 C
1845 3201 1963 3237 rum
1997 3198 2103 3238 tuae
2137 3184 2435 3254 majestatis
2463 3184 2809 3239 clementiam
2837 3200 2967 3255 erga
2997 3200 3105 3249 me,
3136 3186 3405 3246 sollicitu-

173 3264 240 3318 ἂν
260 3263 575 3316 ’θαλαττίων
605 3262 892 3331 πυθμένων
947 3260 1007 3311 τὺ
1037 3261 1267 3330 πρᾶγμα
1296 3261 1551 3326 ἐπάξιον;
1597 3256 1735 3315 Εἶεν.

174 3359 246 3409 'l‘é
280 3374 344 3423 γε
419 3360 525 3425 μὴν
580 3355 715 3423 πρὸς
753 3352 853 3422 ἐμὲ
887 3355 1131 3422 εὐμενὲς,
1156 3354 1248 3405 καὶ
1304 3353 1597 3423 κηδόμενον
1647 3353 1742 3407 τοῦ

175 3447 270 3500 σοῦ
290 3450 529 3517 κράτους
562 3448 654 3499 καὶ
692 3446 823 3516 πρὸς
856 3446 1079 3508 εὐποῖας
1105 3445 1243 3497 πάνυ
1274 3460 1355 3497 τοι
1385 3446 1587 3515 σφόδρα
1622 3447 1742 3498 ὲπιο

173 3540 348 3600 κλινὲς
370 3545 462 3591 καὶ
482 3539 798 3609 ὀξύρροπον,
818 3534 1039 3609 [P.QIO]
1056 3535 1285 3607 εῖπερδή
1303 3536 1472 3589 τιτῶν
1490 3536 1743 3590 ἁπάντων

171 3630 360 3699 ἕτερον
390 3631 481 3679 καὶ
515 3626 670 3679 τοῦτο
693 3625 736 3678 δ’
759 3629 817 3678 ὲν
845 3627 954 3687 τοῖς
992 3627 1228 3694 μάλιστα
1276 3627 1449 3693 ἔγωγε
1506 3627 1740 3697 ἄγαμαιο

170 3727 264 3775 καί
295 3720 399 3774 οὐκ
420 3720 529 3789 ἔχω
580 3718 913 3781 παντοδαπὸς
960 3720 1275 3788 γιγνόμενος
1313 3719 1420 3772 τίσι
1461 3721 1741 3790 χρησάμε-

169 3829 257 3873 νος
286 3811 555 3873 ἐπινοίαις
583 3808 768 3878 γνοίην
798 3810 944 3870 ὅπως
970 3808 1099 3859 ποτὲ
1165 3810 1257 3861 καὶ
1288 3804 1485 3861 οἷστισι
1515 3811 1627 3872 τοῖς
1661 3811 1743 3861 αῖ-

170 3904 308 3965 τίοις
353 3902 516 3963 αὐτὸς
563 3900 928 3971 χρησάμενος,
965 3893 1011 3952 ὦ
1072 3898 1317 3970 βασιλεῦ,
1357 3900 1595 3963 τοιοῦτός
1649 3918 1739 3972 μοι

169 3998 358 4063 γίγνῃ.
406 3990 566 4055 ’Δλλ’,
610 3992 682 4052 ὼς
713 3991 882 4055 ἔοικε,
943 3991 1075 4059 πρὸς
1127 3992 1215 4043 τὸν
1248 3989 1423 4043 κοινὸν
1464 3994 1739 4062 Δεσπότην

168 4085 365 4153 ῶσπερ
404 4084 538 4152 πρὸς
569 4084 875 4151 ἀρχέτυπον
930 4082 1143 4151 εὐφυῶς
1210 4084 1585 4154 ἁμιλλώμενος
1639 4086 1738 4137 οὐκ

168 4176 465 4242 ἀναμένεις
493 4174 669 4234 αἰτίας
703 4174 787 4225 ἀεὶ
816 4173 944 4243 περὶ
962 4174 1069 4226 πᾶν
1098 4173 1322 4241 ἀγαθάν·
1346 4175 1483 4227 ἀλλα
1512 4178 1588 4246 πὴ
1616 4176 1735 4245 μὲν,

173 4269 251 4337 πὴ
276 4266 566 4327 δάναίτιος
597 4267 758 4334 γίγνῃ
813 4267 905 4317 καὶ
947 4266 1150 4334 σφόδρα
1180 4267 1459 4335 φιλότιμος
1514 4270 1736 4339 εὐεργέ-

168 4378 292 4429 της.
325 4360 391 4410 Ὀ
424 4358 487 4427 δὴ
511 4358 605 4409 καὶ
644 4358 873 4426 μάλιστα
907 4357 1110 4418 πάσαις
1162 4360 1356 4428 ἀρχαῖς
1409 4361 1739 4413 οἰκειότατον

168 4470 229 4505 τε
262 4452 356 4504 καὶ
390 4449 857 4518 πρεπωδέστατον.
922 4449 995 4501 Τὸ
1020 4449 1128 4520 γὰρ
1158 4452 1621 4522 προϋπηργμένης
1648 4455 1736 4506 αξ-

167 4545 289 4605 τίας
313 4543 620 4610 εὐεργετεῖν
669 4543 729 4591 οὐ
760 4540 958 4608 μᾶλλόν
987 4539 1038 4607 γ’
1061 4542 1127 4593 ἂν
1150 4542 1236 4610 εἴη
1277 4541 1370 4593 τοῦ
1417 4542 1670 4612 δρῶντος,
1702 4544 1735 4614 ἢ
1774 4523 1811 4573 D

170 4636 263 4688 τοῦ
296 4639 397 4703 τὴν
427 4633 605 4683 αἰτίαν
638 4630 1100 4701 προδεδλημένου.
1147 4632 1257 4683 Καὶ
1290 4630 1386 4683 νῦν
1435 4633 1625 4700 γέγονέ
1659 4651 1737 4686 σοι

166 4729 229 4779 τὸ
259 4728 358 4796 τῆς
393 4723 554 4787 ἕξεως
578 4722 737 4789 φύσις
760 4722 1149 4791 ἀμεταϐλήτως
1184 4724 1404 4791 ἔχουσα·
1441 4727 1533 4777 καὶ
1552 4726 1740 4795 ὥσπερ

172 4822 380 4873 ﬁxura
411 4817 517 4868 τῶν
561 4816 730 4867 ὄντων
776 4815 837 4865 τὸ
869 4816 967 4883 τῆς
1002 4814 1213 4883 φύσεως
1247 4816 1379 4867 ῖδιον
1420 4815 1739 4885 αὐτομάτως

169 4910 429 4963 ἀποτελεῖ
467 4910 560 4959 καὶ
596 4905 845 4975 ὑγραίνει
898 4906 998 4976 μὲν
1029 4905 1192 4976 ὕδωρ,
1224 4908 1346 4960 κάει
1387 4907 1444 4960 δὲ
1497 4908 1605 4979 πῦρ
1648 4914 1741 4964 καὶ

167 5003 335 5056 τᾶλλα
359 5000 434 5061 ὠς
503 5001 534 5067 ἡ
591 4999 749 5068 φύσις
793 4997 1005 5068 ἑκάστῳ
1071 5001 1535 5069 κεχειροτόνηκεν,
1598 5000 1739 5055 οὕτω

166 5097 323 5148 δίεισι
360 5093 454 5145 τὸν
488 5092 665 5145 πάντα
688 5091 858 5144 αἰῶνα
897 5090 1261 5155 διατελοῦντα,
1320 5093 1530 5163 οὐδαμῆ
1577 5095 1739 5148 οὐδα-

172 5190 288 5256 μῶς
313 5186 647 5239 οὐδεπώποτ’
689 5182 944 5252 ουδεμιᾶς
997 5185 1482 5255 ἀποχειροτονήσαι
1521 5188 1739 5257 δεδυνη-

171 5295 340 5348 μενης
378 5275 609 5346 τροπῆς,
637 5273 777 5326 οὕτω
808 5274 872 5343 δὴ
906 5275 997 5326 καὶ
1051 5276 1213 5337 αὐτὸς
1275 5276 1534 5345 πεφυκὼς
1600 5281 1735 5350 πρὸς

1848 3272 2031 3327 dinem
2089 3283 2144 3327 et
2196 3287 2463 3327 summam
2503 3273 2568 3327 ad
2627 3274 2763 3327 bene
2802 3273 3122 3329 merendum
3167 3289 3410 3345 propen-

1847 3366 2081 3431 sionem,
2119 3366 2163 3420 si
2195 3365 2326 3435 quid
2361 3380 2589 3435 usquam
2616 3365 2763 3424 aliud
2808 3365 2890 3419 vel
2927 3365 2979 3420 in
3013 3366 3205 3435 primis
3237 3366 3414 3421 adiui-

1846 3474 1938 3512 ror
1969 3479 1981 3512 :
2015 3470 2069 3514 et
2098 3474 2430 3529 quocunque
2484 3474 2569 3515 me
2616 3469 2856 3522 vertero,
2905 3474 3017 3514 non
3065 3459 3264 3528 habeo,
3301 3476 3413 3532 quo

1845 3551 2078 3606 consilio
2102 3551 2397 3617 adductus,
2438 3553 2706 3621 quibusve
2734 3553 3064 3618 rationibus,
3089 3555 3407 3621 imperator,

1847 3654 1899 3698 te
1933 3644 2064 3698 mihi
2100 3644 2260 3699 talem
2290 3646 2577 3715 prabeas:
2610 3645 2713 3701 nisi
2750 3646 2895 3716 quod
2927 3655 3172 3715 apparet,
3208 3656 3259 3701 te
3281 3661 3409 3702 cum

1844 3739 2089 3789 omnium
2125 3736 2355 3791 Domino
2385 3738 2661 3809 ingeniose
2704 3737 3129 3794 contendentem
3178 3757 3284 3795 non
3324 3743 3410 3796 ul-

1843 3830 1923 3883 las
1947 3838 2262 3900 exspectare
2297 3831 2672 3885 beneﬁcentia:
2706 3847 2899 3886 causas
2932 3849 2944 3884 :
2983 3831 3079 3887 sed
3126 3832 3259 3888 illud
3288 3844 3409 3889 tan-

1846 3927 1959 3973 tum
2019 3931 2287 3990 spectare,
2342 3938 2448 3992 qua
2508 3924 2719 3977 ratione
2785 3923 2922 3978 bene
2964 3924 3159 3979 mereri
3213 3926 3407 3995 possis.

1842 4012 1998 4080 Quod
2032 4030 2163 4069 sane
2217 4016 2469 4069 omnibus
2516 4016 2763 4085 imperiis
2807 4014 3185 4084 dignissimum
3227 4028 3311 4073 est
3352 4027 3431 4073 et.

1844 4106 2077 4159 maxime
2105 4106 2407 4175 proprium.
2440 4104 2574 4159 Nam
2613 4107 2987 4161 beneﬁcentiae
3022 4123 3185 4162 causa
3209 4123 3410 4179 suppe-

1841 4200 2008 4253 ditata
2046 4198 2389 4265 benefacere,
2418 4214 2527 4252 non
2579 4206 2685 4251 tam
2740 4197 2972 4253 beneﬁci
3008 4198 3193 4262 fuerit,
3239 4217 3402 4272 quam

1839 4292 1958 4361 ejus
1992 4290 2085 4361 qni
2118 4291 2171 4345 id
2201 4294 2465 4345 meruerit
2499 4310 2512 4346 :
2546 4301 2599 4345 et
2646 4305 2793 4345 nunc
2845 4291 3106 4348 diuturna
3152 4294 3240 4348 illa
3270 4311 3405 4350 eon-

1840 4379 2077 4433 suetudo
2110 4389 2200 4433 tua
2246 4379 2299 4433 in
2326 4379 2719 4433 immutabilem
2754 4387 3002 4435 naturam
3037 4392 3121 4437 est
3151 4391 3357 4438 mutata
3386 4402 3401 4439 :

1840 4483 1895 4525 et
1926 4473 1997 4526 ita
2036 4482 2092 4525 ut
2135 4486 2325 4525 omnes
2365 4471 2483 4524 alia:
2514 4486 2598 4526 res
2640 4472 2753 4527 sive
2779 4483 2986 4527 natura:
3024 4488 3221 4527 munus
3261 4473 3404 4529 ultro

1842 4557 2066 4617 faciunt.
2097 4568 2154 4611 ιιι
2182 4574 2320 4628 aqua
2356 4559 2654 4624 humectat,
2681 4570 2738 4615 ut
2772 4560 2914 4630 ignis
2942 4561 3073 4625 urit,
3098 4561 3406 4632 eodemque

1838 4649 2000 4703 modo
2026 4659 2223 4703 cetera
2263 4667 2359 4717 per
2406 4666 2569 4704 omne
2600 4668 2773 4704 a'vum
2826 4662 3050 4707 naturas
3087 4668 3216 4707 suas
3271 4656 3405 4708 reti—

1840 4748 1992 4801 nent,
2032 4754 2131 4793 nec
2160 4738 2263 4792 ulla
2302 4757 2540 4809 unquam
2574 4741 2625 4794 vi
2664 4743 2730 4795 ab
2777 4741 2844 4795 iis
2893 4741 3243 4810 depelluntur
3275 4759 3289 4796 :
3321 4742 3402 4797 sic

1839 4839 1890 4883 et
1925 4831 2038 4898 ipse
2066 4830 2133 4883 ad
2163 4829 2610 4885 benefaciendum
2634 4843 2792 4886 natus
2816 4848 2993 4902 neque
3018 4833 3199 4889 verbis
3223 4836 3402 4904 neque

1841 4921 1997 4975 factis
2048 4923 2186 4978 bene
2242 4924 2441 4978 mereri
2488 4925 2728 4979 desistis.
2781 4924 2961 4991 Quare
3013 4942 3136 4981 cum
3186 4934 3400 4996 gratum

1838 5014 2080 5065 animum
2138 5014 2417 5069 declarare
2448 5016 2631 5070 verbis
2666 5016 2718 5069 in
2773 5018 2969 5085 primis
3023 5018 3263 5085 cupiam,
3300 5031 3403 5071 nec

1839 5106 1889 5158 id
1938 5121 2037 5174 pro
2087 5106 2350 5177 dignitate
2394 5107 2573 5163 facere
2600 5108 2760 5180 342
2808 5111 3036 5179 possim,
3072 5125 3178 5164 non
3219 5109 3404 5163 minus

1837 5205 1892 5250 et
1928 5200 2153 5267 tempori
2187 5209 2243 5253 et
2290 5201 2549 5264 orationi,
2579 5217 2740 5270 quam
2778 5201 2877 5270 ipsi
2910 5202 3041 5255 mihi
3079 5216 3398 5265 succenseo,

1839 5305 1961 5343 cum
2015 5302 2306 5359 utrumque
2354 5306 2419 5345 ex
2475 5309 2630 5361 teque
2687 5293 3113 5361 reprehensione
3175 5294 3401 5365 dignum

168 5371 491 5442 εὐεργεσίας
518 5369 674 5422 τοῦτο
706 5370 800 5423 καὶ
834 5369 1011 5436 Αόγοις
1062 5370 1156 5423 καὶ
1208 5373 1548 5441 πράγμασιν,
1575 5376 1736 5427 οἱονεί
1830 5399 1842 5436 ς

1721 5376 1736 5427 ί
1830 5382 2164 5436 existimem.
2197 5384 2330 5441 Nam
2364 5384 2541 5437 oratio
2583 5399 2707 5436 cum
2758 5385 3039 5439 materiam
3082 5394 3300 5455 superet
3338 5395 3394 5441 et

1520 5506 1853 5570 Variorum
1895 5521 2076 5575 nota).

239 5608 352 5669 (89)
393 5605 448 5657 lu
497 5602 617 5655 istis
673 5601 1015 5656 orationibus
1064 5605 1470 5661 encomiasiicis
1536 5607 1725 5665 Latine

165 5675 448 5732 vertendis
473 5670 704 5745 Wolﬁus
732 5687 838 5724 non
866 5674 1001 5726 adeo
1030 5675 1173 5727 ﬁdus
1202 5690 1265 5728 ac
1290 5678 1519 5745 diligens
1538 5675 1723 5735 'inter-

168 5764 294 5817 pres
322 5751 448 5798 luit.
481 5744 746 5817 Nimirum
785 5757 833 5794 et
863 5758 974 5817 non
1010 5745 1143 5797 tanti
1169 5760 1289 5798 esse
1319 5744 1445 5801 visa:
1482 5759 1629 5814 sunt,
1664 5762 1722 5806 ut

166 5813 396 5872 inultum
424 5814 627 5868 laboris
660 5813 996 5880 impenderet
1030 5828 1216 5866 earum
1256 5813 1716 5886 interpretatit'ini.

487 5910 729 5966 l'nnoc
790 5906 905 5966 Gn.
954 5908 1243 5971 CXLVlIl

1825 5613 2012 5688 Neque
2042 5632 2174 5688 ergo
2204 5633 2383 5687 operae
2414 5633 2537 5674 esse
2568 5618 2872 5673 existimavi
2904 5633 2999 5672 eas
3032 5619 3213 5673 denuo
3246 5619 3395 5677 Lati-

1828 5699 1923 5738 nas
1966 5685 2167 5742 facere.
2210 5685 2352 5744 Satis
2394 5704 2516 5744 esse
2566 5689 2719 5753 duxi,
2767 5704 2887 5756 qua:
2936 5688 3168 5744 Wolﬁus
3217 5690 3402 5748 minus

1826 5757 2113 5878 ἶυιιιιιιὲἓο
2142 5760 2369 5818 γθῑιίτῇθ
2403 5761 2703 5821 videretur,
2735 5775 2797 5814 ea
2840 5760 3002 5814 aliter
3044 5774 3199 5815 versa
3239 5761 3399 5817 exitia

1861 5840 1971 5878 CI'O.
2086 5842 2212 5881 IVIN-

1879 5842 1971 5878 ,‘I‘C.
2007 5842 2212 5882 ιιοινιιι.

3008 5926 3077 5987 17
