4240 6442
185 365 284 427 525
432 357 487 428 [Α
549 373 596 412 c.
643 358 778 412 £283
816 375 881 412 Αι)
925 357 1086 430 15⁵28]

1162 360 1606 424 ΒΥΖΛΝΤΙΝᾸΞ
1645 361 2031 426 HISTORHZ
2073 367 2196 426 LiB
2255 372 2400 429 VIII

2518 366 2652 437 [ιιιρ.
2697 383 2960 423 Ακυιιοκιο
3018 377 3161 442 ses]

3306 376 3408 440 526

191 478 426 531 πλείοσιν
448 479 737 549 αἰσθήσεσι
772 481 863 532 καὶ
896 479 1136 542 συνεῖῶς
1166 481 1247 539 είς
1270 481 1326 532 τὸ
1350 479 1443 532 τοῦ
1477 477 1570 532 νοῦ
1615 494 1753 547 συμ-
1783 488 1827 540 Α

1739 506 1753 519 -
1783 488 1827 540 Α
1865 473 1941 531 iis
1967 481 2231 534 diuturno
2257 483 2366 552 jam
2405 492 2648 551 tempore
2680 485 2852 539 oculis
2881 497 2933 540 et
2961 485 3186 542 auribus
3213 491 3413 545 nostris

187 569 370 638 φέρειν
397 571 624 638 ταμεῖον
655 571 747 621 καὶ
779 569 858 621 ἔτι
887 569 973 621 διά
995 570 1057 622 τὸ
1087 570 1185 639 τῆς
1215 569 1462 635 ἐξουσίας
1493 569 1588 622 τοῦ
1616 568 1749 638 χρῆ·

188 662 306 712 σθαι
335 659 654 714 ἀκόλαστον·
689 660 876 730 ῶσπερ
903 659 970 714 αὖ
1017 663 1082 712 ὲκ
1114 661 1428 713 τούναντίου
1468 662 1530 715 τὸ
1557 680 1746 732 παρῳ-

186 753 347 821 una;
371 753 670 820 ἀκόρεστον
727 753 816 805 ἀεὶ
868 751 1102 806 διατελεῖ
1130 751 1219 804 διά
1275 769 1339 820 γε
1390 753 1451 805 τὸ
1503 755 1748 817 σπανίως

186 845 273 897 καί
305 861 436 897 ποτε
464 843 827 912 προσϐάλλειν
849 843 959 896 τῶν
1022 843 1328 914 αἰσθήσεων
1371 846 1472 914 μιᾷ
1525 862 1630 897 τινι
1680 849 1746 914 τῇ

184 941 318 1008 ἀκοῇ
343 941 437 992 καὶ
467 938 624 1007 μόνη.
657 938 763 989 Καὶ
799 937 1010 1005 μέλιτος
1042 937 1140 1008 μὲν
1168 936 1273 1008 γὰρ
1297 935 1390 990 καὶ
1441 939 1622 1009 κρεῶν
1654 939 1750 992 καὶ

182 1032 280 1083 ὅσα
315 1031 577 1092 πλουσίας
609 1029 892 1098 τραπέζης
938 1029 1076 1081 εἰσὶν
1102 1029 1430 1098 ἀναθήματα
1461 1035 1539 1094 είς
1585 1033 1748 1100 κόρον

183 1119 572 1181 ἀπολελαυκώς
621 1136 700 1179 τις
749 1117 1096 1188 ἐπεθύμησεν
1124 1117 1224 1189 ἢδη
1289 1120 1384 1170 κα)⁸
1429 1119 1594 1188 τυροῦ
1653 1119 1747 1171 καὶ

185 1213 372 1279 θύμουο
403 1213 500 1279 οὐχ
522 1212 602 1264 ὅτι
639 1210 811 1264 ταῦτα
835 1211 1070 1278 κρείττω
1115 1212 1362 1262 εκείνωνο
1424 1210 1540 1264 ἀλλ’
1565 1210 1748 1274 ἔδοξαν

182 1305 279 1374 ἠδη
305 1289 397 1354 διὰ
422 1303 481 1353 τὸ
514 1303 741 1354 σπάνιον
769 1301 862 1354 τοῦ
887 1287 1211 1370 κεχρῆσθαι.
1252 1303 1311 1354 Ei
1335 1301 1378 1354 δ’
1406 1302 1547 1354 οὕτω
1575 1301 1747 1355 ταῦτα

183 1397 274 1446 καὶ
305 1395 466 1462 κόρος
498 1393 584 1443 ἀεὶ
613 1395 723 1451 τοῖς
779 1392 1044 1460 παροῦσιν
1106 1384 1246 1443 εἶναι
1275 1390 1637 1458 ὁμολογεῖται,
1679 1394 1746 1444 τὰ

181 1488 232 1540 δὲ
269 1489 337 1539 σὰ
359 1489 452 1538 καὶ
487 1487 732 1556 παρόντα
757 1485 846 1538 διὰ
877 1485 1090 1554 μακροῦ
1137 1485 1231 1536 τοῦ
1265 1488 1457 1556 χρόνου
1503 1485 1594 1537 καὶ
1632 1483 1748 1554 βλε-

182 1580 396 1646 πόμενά
421 1595 481 1630 τε
505 1581 597 1630 καὶ
635 1577 948 1644 ἀκουόμενα
983 1577 1140 1646 κόρον
1162 1576 1356 1628 οὐδένα
1387 1577 1498 1637 τοῖς
1552 1591 1749 1644 κεχρη-

187 1670 364 1737 μένοις
417 1669 551 1738 ημίν
605 1667 948 1719 οὐδεπώποτε
1004 1667 1339 1735 ἐμποιοῦσιν,
1391 1669 1472 1721 ὅτι
1525 1667 1600 1736 μὴ
1654 1667 1746 1718 καὶ

181 1764 314 1830 πρὸς
359 1763 563 1831 ἔρωτας
592 1761 883 1825 ἐξάπτουσι
915 1759 1154 1829 μείζους,
1182 1759 1370 1829 ῶσπερ
1411 1763 1478 1811 τὰ
1512 1759 1620 1810 τῶν
1652 1775 1744 1809 που

1852 570 2224 638 observantia,
2279 573 2490 627 nullum
2551 575 2826 630 fastidium
2894 578 3054 632 nobis
3106 578 3413 636 fruentibus

1851 663 2106 727 pariunt;
2141 664 2270 732 quin
2301 665 2408 718 imo
2452 667 2827 722 ardentiorem
2878 670 3125 737 quotidie
3171 686 3412 726 amorem

1849 752 2224 815 suiexiitant,
2275 763 2334 806 ιιι
2367 756 2700 823 proﬂuentes
2748 774 2904 828 aqua:
2956 760 3272 817 hominibus
3323 760 3414 816 siti

1855 840 2089 904 exustis,
2115 841 2374 894 nimirum
2401 843 2690 911 proverbia
2715 845 2826 914 ipsa
2853 846 3152 916 Scriptura
3183 850 3414 902 multum

1849 927 2048 980 vicisti.
2082 929 2268 999 Neque
2315 931 2462 985 enim
2496 947 2583 986 res
2628 941 2898 988 vetustate
2937 936 3213 990 obsoletas
3247 934 3317 990 de
3365 946 3417 989 te

1851 1018 2056 1074 referre
2113 1022 2400 1090 quisquam
2456 1033 2658 1093 potest,
2705 1026 2908 1095 quibus
2952 1027 3114 1082 etiam
3163 1029 3415 1085 fabulosa

1849 1120 2154 1164 commenta
2191 1123 2246 1165 et
2289 1113 2502 1168 veritati
2532 1117 2718 1170 fucum
2751 1117 3002 1173 facientia
3053 1130 3286 1188 possunt
3328 1122 3415 1173 iu-

1854 1204 1983 1266 seri,
2036 1219 2218 1256 rerum
2259 1214 2533 1274 gestarum
2582 1213 2806 1262 materia
2854 1209 3079 1266 forsitan
3108 1212 3416 1268 orationem

1849 1292 2180 1349 destituente
2207 1297 2445 1352 :‘eodem
2491 1297 2651 1368 plane
2679 1299 2860 1364 modo,
2893 1316 3003 1371 quo
3032 1317 3216 1357 vacua
3247 1319 3417 1359 nates

1849 1399 2011 1437 arena
2046 1385 2261 1455 impleri
2287 1391 2488 1455 solent,
2526 1390 2618 1444 sed
2655 1390 2709 1444 in
2744 1392 2959 1447 theatro
2985 1399 3248 1462 exposita:
3288 1405 3418 1450 sunt

1848 1476 2094 1529 omnium
2115 1472 2315 1542 oculis,
2347 1491 2403 1534 et
2427 1481 2672 1534 omnium
2718 1482 2920 1553 linguis
2954 1493 3012 1538 et
3045 1484 3300 1539 laudibus
3332 1500 3418 1540 ee-

1849 1565 2155 1620 lebrantur.
2193 1567 2467 1625 Caeterum
2503 1572 2741 1641 linguam
2791 1576 3079 1643 requirunt
3111 1577 3168 1631 in
3203 1577 3416 1632 Acade-

1850 1657 1956 1710 mia
1987 1665 2042 1710 et
2069 1659 2197 1712 Stoa
2230 1661 2520 1716 educatam
2575 1674 2630 1718 et
2680 1664 3130 1721 Demosthenicas
3161 1668 3416 1723 lucernas

1850 1751 2202 1807 redolentem.
2242 1755 2376 1808 Nam
2411 1758 2678 1812 bonorum
2713 1766 2930 1814 tuorum
2957 1759 3138 1815 fontes
3169 1759 3415 1815 omnium

178 1854 368 1922 ταμῶν
400 1855 645 1922 ῥεύματα
689 1853 813 1915 τοὺς
859 1851 1035 1920 πολλῷ
1083 1850 1161 1920 τῷ
1211 1849 1353 1918 δίψει
1401 1848 1743 1917 καιομένουι,
1781 1837 1852 1896 Βλ

1741 1891 1743 1903 ι
1781 1837 1820 1895 Β
1850 1843 2012 1915 hujus
2035 1850 2213 1904 aetatis
2245 1851 2588 1907 eruditorum
2623 1854 2837 1925 linguas
2861 1856 2974 1926 jam
3020 1859 3148 1911 olim
3194 1859 3415 1913 demer-

177 1943 322 2015 ἦπου
353 1960 416 2012 γε
445 1945 537 1997 καὶ
563 1944 628 1996 τά
674 1944 1020 2013 παροιμιώδη
1067 1943 1166 2013 τῆς
1201 1942 1420 2013 γραφῆς
1456 1939 1746 2009 νενίκηκας

179 2040 290 2108 (9‘2)
326 2035 466 2108 μετά
501 2036 698 2089 πολλοῦ
728 2035 822 2089 τοῦ
865 2038 1196 2107 κρείττονος.
1255 2035 1330 2088 Οὐ
1360 2035 1469 2107 γὰρ
1503 2051 1739 2104 γεγηρα-

177 2131 353 2181 κότων
384 2127 684 2180 ἀνελίττειν
714 2126 826 2196 ἔχει
877 2145 960 2187 τις
1012 2126 1363 2196 πραγμάτων
1394 2125 1626 2187 κύκλους
1656 2126 1746 2176 ἐπὶ

178 2221 296 2283 σοῦ,
323 2215 405 2282 οἷς
437 2220 610 2284 ἔξεστι
649 2219 713 2287 δή
765 2236 868 2271 που
928 2219 1201 2287 συνείρειν
1233 2218 1326 2271 καὶ
1387 2217 1590 2287 μυθικὰ
1628 2233 1748 2269 τινα

175 2313 530 2379 γοητεύματα
587 2309 874 2379 τρυφῶντα
909 2311 1048 2362 κατὰ
1071 2309 1170 2378 τῆς
1205 2309 1460 2376 ἀληθείας
1507 2308 1605 2377 (μὴ
1636 2309 1747 2367 τοῖς

176 2404 357 2470 λόγοις
412 2402 540 2465 ίσως
607 2406 939 2472 ἀποχρώσης
991 2402 1092 2470 τῆς
1145 2405 1209 2454 ὲκ
1255 2400 1364 2455 τῶν
1407 2401 1747 2470 πραγμάτων

181 2495 339 2563 ὕλης)
373 2498 466 2548 καὶ
493 2495 663 2548 ταὺτά
691 2499 803 2556 τοῖς
832 2497 1105 2555 ναυτικοῖς
1152 2494 1210 2556 ἐξ
1239 2493 1473 2562 ἀπορίας
1517 2493 1670 2562 δρᾷν,
1698 2490 1746 2543 οἳ

192 2589 272 2657 μὴ
312 2586 709 2656 ἑξικνουμένων
730 2588 837 2639 τῶν
858 2589 1070 2656 φόρτων
1103 2587 1302 2655 ἄμμων
1355 2583 1656 2637 θαλαττίων
1682 2583 1748 2635 τὰ

186 2681 322 2733 κενά
355 2680 622 2750 πληροῦσι
645 2681 742 2748 τῆς
767 2679 1005 2740 ὁλκάδος·
1033 2677 1149 2731 ἀλλ’
1191 2681 1247 2730 ἐν
1296 2675 1507 2746 θεάτρῳ
1541 2677 1746 2726 κεῖνται

174 2776 345 2826 πᾶσιν
376 2773 674 2840 ὀφθαλμοῖς
715 2773 810 2824 καὶ
853 2772 1060 2833 πάσαις
1117 2769 1420 2823 ὲκὸοῶνται
1475 2766 1748 2838 γλώσσαις

173 2868 266 2918 γαί
299 2869 437 2918 είσιν
457 2865 684 2917 οὐδένων
710 2863 999 2932 ἐγκωμίων
1028 2862 1259 2929 ἐκδημαο
1292 2862 1460 2931 μόνην
1513 2860 1560 2913 δ’
1587 2861 1748 2912 ἀπαιο

173 2962 330 3013 τοῦσι
365 2959 612 3027 γλῶτταν
662 2958 927 3026 τρόφιμον
965 2955 1299 3023 Ἀκαδημίας
1340 2955 1431 3006 καὶ
1461 2953 1626 3014 Στοᾶς
1655 2951 1749 3003 καὶ

178 3053 393 3121 λύχνων
418 3049 835 3120 Δημοσθενικῶν
867 3048 1196 3110 άπόζουσαν.
1251 3045 1444 3098 [Ιασῶν
1474 3046 1579 3114 γάρ
1626 3044 1749 3096 ὅσαι

1849 1946 2058 1992 serunt.
2091 1938 2238 2005 Quas
2266 1942 2338 1995 ob
2372 1959 2460 1997 res
2509 1960 2577 1999 ne
2609 1960 2709 2000 nos
2743 1948 2964 2017 quidem
3008 1949 3191 2019 inepte
3217 1949 3414 2004 facturi

1849 2040 2060 2096 sumus,
2109 2030 2154 2084 si
2215 2031 2399 2102 lingua
2455 2050 2700 2105 repressa
2757 2049 2851 2092 tuo
2898 2049 3119 2108 aspectu
3170 2042 3416 2095 contenti

1850 2118 2136 2173 fuerimus.
2173 2120 2280 2177 llac
2313 2125 2460 2178 enim
2489 2126 2557 2179 de
2585 2143 2748 2183 causa
2785 2129 3033 2198 pluribus
3059 2131 3313 2185 sensibus
3345 2131 3414 2185 ad

1849 2213 2047 2266 mentis
2095 2225 2296 2269 nostra:
2346 2219 2745 2274 correctionem
2798 2222 3011 2291 praediti
3077 2239 3287 2292 sumus,
3347 2242 3414 2281 ne

1847 2303 1977 2371 quid
2011 2319 2202 2359 eorum
2231 2322 2332 2360 nos
2368 2323 2486 2377 qua:
2521 2309 2573 2363 in
2611 2312 2814 2367 mundo
2862 2323 2990 2368 sunt
3031 2314 3200 2372 lateat
3252 2335 3266 2371 :
3317 2322 3411 2373 sed

1847 2393 1989 2460 quod
2037 2393 2091 2446 in
2123 2397 2229 2448 alio
2266 2396 2584 2464 decesserit,
2632 2401 2742 2455 alio
2771 2415 3050 2472 pensetur.
3094 2409 3172 2462 Ac
3197 2423 3261 2463 ea
3295 2410 3416 2479 qui-

1849 2485 1970 2538 dem
1999 2484 2163 2553 bona,
2210 2503 2332 2557 quae
2361 2491 2588 2544 auribus
2630 2491 2814 2548 dubiis
2844 2495 3213 2567 accipiuntur,
3261 2509 3411 2554 recte

1851 2576 2204 2647 interpretem
2258 2582 2534 2648 postulant
2587 2585 2887 2640 orationem
2942 2605 2955 2640 :
3004 2604 3127 2658 qua:
3176 2605 3308 2644 vero
3359 2592 3413 2645 in

1849 2673 2036 2726 oculos
2070 2673 2360 2729 incurrunt
2392 2690 2454 2730 ac
2488 2686 2637 2730 muta
2688 2678 2856 2732 veluti
2913 2696 3042 2736 voce
3089 2683 3289 2737 emissa
3331 2685 3418 2739 di-

1850 2761 2051 2814 sertius
2077 2763 2272 2830 quovis
2299 2764 2524 2834 eloquio
2562 2781 2718 2819 suam
2756 2768 3055 2837 pra'dicant
3088 2771 3416 2837 claritatem,

1849 2868 1912 2905 ea
1937 2851 2097 2924 355
2130 2869 2472 2924 nequaquam
2503 2858 2856 2928 interpretem
2893 2861 3197 2917 orationem
3229 2875 3418 2934 postu-

1849 2943 1983 2997 lant.
2017 2945 2092 2997 Ea
2127 2944 2171 2997 si
2220 2947 2344 3014 quis
2378 2948 2640 3018 explicari
2689 2949 2792 3003 sibi
2824 2950 3032 3020 jubeat,
3066 2953 3293 3023 perinde
3337 2955 3418 3010 fe-

1851 3035 2010 3097 cerit,
2046 3051 2110 3090 ac
2146 3038 2189 3090 si
2223 3038 2346 3106 quis
2394 3040 2753 3094 meridianum
2786 3042 2970 3096 solem
2993 3045 3187 3100 vertici
3236 3047 3418 3101 immi-

169 3144 270 3194 νῦν
299 3143 439 3195 εἰσιν
473 3142 530 3192 ιν
560 3139 739 3206 λόγοις
775 3137 1016 3206 γλῶσσαι
1045 3139 1210 3192 πάλαι
1239 3137 1442 3206 πολλήν
1467 3151 1589 3189 τινα
1618 3149 1748 3186 κατ-
1773 3173 1816 3230 C

1740 3160 1748 3170 .
1773 3173 1816 3230 C
1854 3136 2072 3179 neutem
2101 3128 2298 3196 exiguo
2350 3131 2689 3185 carbunculo
2720 3134 3098 3191 demonsuare
3124 3136 3414 3206 instituat;

172 3231 514 3300 εψηφίσαντο
552 3229 652 3297 τὴν
683 3222 851 3298 ἧτταν
883 3227 992 3278 τῶν
1033 3226 1146 3278 σῶν
1173 3226 1394 3295 ἀγαθῶν
1432 3227 1487 3277 αἱ
1546 3223 1741 3294 πηγαί,

175 3321 335 3374 ⁹Ωστ’
369 3321 473 3372 οὐκ
499 3319 688 3373 ἀτοποί
714 3335 857 3380 τινες
882 3317 992 3370 οὐδ’
1023 3320 1181 3389 ἡμεῖς
1235 3320 1300 3372 ἂν
1332 3319 1654 3388 φανείημεν,
1696 3321 1743 3372 εί

171 3409 274 3480 τὴν
308 3407 559 3474 γλῶτταν
617 3409 918 3475 σχάσαντες
958 3403 1053 3458 τοῦ
1092 3404 1270 3472 λέγειν
1324 3405 1447 3474 ὕψει
1510 3408 1645 3477 μόνη
1679 3423 1742 3475 γε

169 3499 285 3550 τῶν
333 3495 447 3547 σῶν
513 3493 969 3563 ωτατρυφῷμεν.
1026 3492 1228 3545 Τούτου
1276 3493 1385 3562 γὰρ
1430 3494 1616 3548 εἵνεκα
1647 3497 1744 3550 καὶ

171 3592 391 3644 πλείοσι
437 3591 547 3652 τοῖς
601 3586 971 3656 αἰσθητηρίοις
1007 3585 1144 3653 πρὸς
1195 3586 1294 3653 τὴν
1327 3585 1422 3638 τοῦ
1473 3590 1744 3658 ἡμετέρου

171 3682 266 3734 νοῦ
324 3678 646 3747 κεχρήμεθα
689 3677 996 3746 βελτίωσιν,
1035 3677 1122 3730 ἵνα
1174 3677 1348 3746 μηδὲν
1380 3680 1534 3748 ἡμᾶς
1577 3681 1746 3735 διαδι-

170 3778 396 3847 δράσκῃ
423 3775 529 3826 τῶν
567 3776 623 3825 ἐν
661 3772 738 3842 τῷ
762 3774 974 3842 κόσμῳ.
1017 3772 1153 3825 ἀλλά
1196 3773 1294 3844 τὴν
1325 3770 1491 3846 ἧτταν
1516 3776 1744 3847 θατέρου

167 3873 406 3937 θάτερον
434 3867 757 3921 ἀνακτᾶται.
800 3865 883 3938 [Ρ.
915 3867 1042 3938 212]
1073 3870 1138 3921 Ἀ
1171 3871 1268 3937 μὲν
1300 3869 1393 3922 οὖν
1432 3870 1538 3922 τῶν
1567 3871 1744 3923 καλῶν

167 3957 672 4027 ἀμφισϐητησίμως
707 3955 995 4023 πορεύεται
1031 3956 1159 4024 πρὸς
1187 3955 1282 4025 τὴν
1305 3957 1492 4025 ἀκοὴν,
1523 3959 1744 4020 είκότως

165 4051 232 4099 ἂν
254 4047 616 4116 καιὲρμηνέα
635 4048 886 4116 ζητήσειε
907 4047 1080 4114 λόγον.
1109 4048 1176 4105 Ἀ
1215 4047 1270 4100 δὲ
1313 4050 1425 4117 (95)
1458 4050 1546 4102 ἐπ’
1589 4050 1743 4119 ιψεσι

165 4140 353 4188 κεῖται
387 4139 479 4186 καὶ
502 4133 663 4186 οἱονεὶ
692 4132 874 4202 φωνὴν
899 4134 1412 4203 ἀίιεκλάλητόντινα
1445 4138 1745 4207 προϊέμενα

162 4244 266 4292 την
298 4223 510 4277 ἑαυτῶν
538 4224 878 4293 ὑπὲριπάντα
893 4224 1050 4291 λόγον
1069 4225 1328 4294 κηρύττει
1356 4226 1741 4298 λαμπρότητα,

165 4319 337 4387 σλολῇ
375 4318 430 4384 γ’
449 4316 515 4367 ἂν
535 4315 778 4384 ἑρμηνέα
796 4316 1052 4383 ζητήσειε
1075 4317 1251 4382 λόγον.
1278 4318 1338 4369 Εί
1353 4316 1410 4370 δέ
1428 4335 1507 4379 τις
1527 4319 1738 4389 ζητοίη,

163 4409 361 4475 ὸμιιον
404 4405 471 4458 ἂν
527 4407 733 4472 ποιοίη,
782 4403 972 4474 ῶσπερ
1026 4403 1093 4458 ἂν
1151 4405 1206 4457 εἰ
1254 4423 1338 4467 τις
1394 4409 1452 4460 ἐν
1508 4407 1744 4478 σταθερᾷ

1853 3219 2154 3287 praesertim
2185 3236 2312 3293 rum
2347 3237 2433 3275 res
2464 3223 2739 3280 inusitata:
2767 3228 3156 3298 magnitudinis
3186 3246 3418 3302 quasque

1855 3311 2000 3366 vires
2037 3313 2303 3367 orationis
2358 3327 2657 3386 superant,
2717 3319 2880 3374 tacite
2932 3320 3192 3376 admirari
3247 3325 3418 3394 magis

1852 3405 2161 3467 conveniat,
2209 3420 2279 3460 ne
2322 3406 2548 3462 fortasse
2599 3424 2706 3462 non
2757 3425 3088 3468 exornemus
3128 3415 3285 3482 illas,
3319 3416 3418 3471 sed

1853 3492 2244 3550 deformemus.
2295 3495 2434 3550 Ecce
2473 3498 2525 3550 in
2557 3499 2711 3552 caelis
2749 3515 2911 3568 quam
2962 3503 3280 3560 admiranda
3332 3521 3420 3561 res

1852 3595 1938 3639 est
1970 3585 2071 3646 sol,
2103 3587 2246 3654 quod
2287 3586 2359 3640 ita
2387 3589 2748 3656 perambulat,
2785 3598 2842 3642 ut
2869 3591 3202 3648 ineﬂ‘abilem
3230 3595 3420 3665 splen-

1853 3674 2040 3727 dorem
2097 3689 2285 3729 secum
2334 3677 2543 3731 traliati
2592 3676 2700 3732 Sed
2747 3694 2909 3734 nemo
2959 3681 3012 3735 in
3049 3683 3196 3739 hunc
3244 3701 3420 3757 usque

1854 3763 1998 3816 diem
2025 3764 2327 3818 secundum
2364 3767 2742 3821 laudationum
2781 3770 2927 3839 leges
2955 3773 3141 3840 palam-
3161 3775 3280 3844 ejus
3301 3776 3422 3846 pub

1852 3853 2225 3907 chritudiuem
2255 3867 2312 3908 ct
2354 3857 2783 3926 magnitudinem
2813 3870 2869 3915 et
2894 3863 3295 3930 jucunditatem
3327 3883 3418 3923 ce-

1852 3941 2066 3997 lebrare
2125 3960 2294 3998 ausus
2341 3956 2444 3999 est.
2494 3945 2628 4000 Nam
2691 3963 2814 4002 cum
2865 3953 3002 4005 nihil
3054 3954 3125 4010 sit
3179 3956 3233 4009 in
3284 3959 3418 4013 orbe

1851 4035 2074 4101 quicum
2121 4035 2358 4088 conferri
2401 4038 2591 4105 possit,
2645 4040 2873 4093 multum
2918 4043 3114 4105 aberit,
3160 4055 3219 4098 ut
3269 4049 3421 4116 quis—

1851 4141 2014 4193 quam
2043 4129 2333 4194 perspicue
2355 4128 2422 4180 de
2447 4143 2515 4181 eo
2549 4129 2714 4182 dicat.
2742 4131 2926 4202 Longe
2959 4149 3087 4189 vero
3118 4139 3304 4193 minus
3335 4144 3418 4194 vel

1854 4219 2003 4271 nullo
2055 4227 2214 4288 pacto
2265 4221 2445 4288 petius
2495 4237 2583 4276 res
2624 4236 2745 4278 tuas
2784 4229 3074 4296 quisquam
3114 4235 3417 4301 enarrabit,

1851 4312 1944 4376 qui
1975 4310 2241 4378 quidquid
2281 4311 2335 4364 iu
2386 4311 2552 4365 rebus
2595 4313 2853 4373 humanis
2883 4321 2967 4374 vel
3009 4323 3418 4392 pulchritudine

1853 4403 1937 4454 vel
1968 4404 2340 4471 magnitudine
2377 4406 2616 4470 excellat,
2655 4423 2715 4461 es
2747 4414 3084 4482 complexus.
3116 4416 3272 4484 Quod
3309 4423 3354 4475 si
3386 4439 3416 4477 a

165 4499 496 4569 μεσημϐρίᾳ
530 4498 622 4549 τὸν
655 4492 793 4567 ὑπὲρ
825 4497 1068 4568 κεφαλῆς
1115 4497 1267 4568 ἠξίου
1293 4500 1563 4553 δεικνύειν
1594 4501 1744 4570 ἥλιον
1778 4526 1818 4579 D

1742 4525 1744 4538 ›
1778 4526 1818 4579 D
1855 4505 1906 4548 te
1943 4497 2316 4551 laudationum
2359 4499 2506 4568 leges
2540 4505 2721 4569 petita:
2751 4518 2954 4573 essent,
2985 4523 3170 4566 essent
3207 4530 3285 4569 ea:
3311 4532 3416 4572 non

160 4591 252 4642 διὰ
282 4589 522 4659 σμικριῦ
552 4605 696 4651 τινος
726 4589 1021 4656 ἄνθρακος.
1073 4588 1285 4652 Ἀλλως
1327 4607 1385 4642 τε
1419 4593 1510 4644 καὶ
1540 4593 1608 4645 τά
1638 4593 1743 4646 τῶν

1854 4590 2016 4642 modo
2059 4591 2230 4658 magis
2254 4593 2417 4646 varia:
2452 4603 2506 4646 et
2534 4598 2869 4665 copiosiores
2892 4610 2944 4654 et
2984 4604 3414 4676 artiticiosiores,

163 4683 520 4751 πραγμάτων
560 4681 817 4748 ὑπερφυᾶ
860 4683 954 4732 καὶ
1012 4679 1171 4747 λόγου
1220 4681 1456 4734 νικῶντα
1511 4683 1744 4752 δύναμιν

1741 4704 1744 4723 ι
1851 4681 1945 4733 Sed
1970 4690 2026 4733 et
2051 4681 2381 4737 illustriores
2423 4694 2479 4739 et
2515 4688 2872 4759 sinceriores,
2908 4698 3087 4763 neque
3113 4712 3143 4749 a
3168 4697 3273 4753 [ide
3301 4701 3415 4755 veri

163 4773 300 4837 σιγῇ
342 4768 547 4836 μᾶλλον
575 4767 834 4835 ἁρμόττει
865 4767 1185 4835 θαυμάζειν·
1238 4769 1284 4819 εί
1316 4767 1361 4819 δ’
1387 4767 1480 4821 οὖν
1506 4768 1743 4838 λήσομεν

1737 4789 1743 4816 ν
1851 4770 2151 4824 abhorrere
2177 4773 2507 4828 viderentur.
2535 4777 2689 4832 Nunc
2724 4795 2869 4846 vero,
2900 4795 2956 4837 ut
2987 4800 3108 4839 rosa
3139 4787 3411 4859 languida,

162 4862 284 4913 ἀντ’
314 4859 556 4923 εὐδοξίας
587 4858 802 4922 ἀδοξίαν
845 4862 1176 4926 πράττοντες
1204 4858 1407 4921 αὐτοῖς.
1457 4861 1589 4912 Ἰδοὺ
1620 4862 1744 4930 “γάρ

1742 4889 1744 4901 ›
1850 4863 2046 4916 amissa
2084 4864 2176 4917 ubi
2213 4880 2322 4919 non
2347 4871 2637 4936 oportebat
2677 4884 2986 4939 venusmte,
3023 4878 3146 4933 aliis
3170 4858 3416 4939 fortassis

163 4955 454 5022 ὑπερφυές
495 4969 549 5003 τι
607 4951 795 5020 χρῆμα
827 4951 940 5002 τῶν
970 4951 1240 5019 οὐρανίων
1304 4953 1398 5004 καὶ
1438 4953 1588 5023 ἥλιος
1651 4955 1747 5006 καὶ

1743 4992 1747 5004 .
1848 4957 1968 5008 usui
2000 4970 2120 5010 esse
2165 4959 2493 5016 videantur;
2524 4963 2620 5015 tibi
2660 4978 2788 5018 vero
2822 4982 2993 5036 usque
3027 4969 3165 5024 adeo
3192 4973 3417 5029 inutiles

161 5045 388 5113 ἄμαχόν
422 5061 546 5096 τινα
573 5044 764 5095 δίεισιν
796 5043 1191 5111 ἐπισυρόμενος
1225 5044 1323 5114 τὴν
1376 5044 1572 5096 ἑαυτοῦ
1599 5045 1741 5114 λαμ-

1841 5061 2003 5116 sunt,
2029 5060 2090 5105 ut
2109 5055 2283 5110 aereis
2324 5058 2634 5113 volucribus
2669 5059 2829 5114 linea:
2849 5071 3050 5115 vestes.
3079 5063 3258 5128 Quare
3283 5066 3415 5120 mihi

161 5141 443 5206 πρότηῖα.
480 5136 620 5188 Ἀλλ’
651 5135 827 5197 οὐδείς
863 5151 950 5188 πω
979 5135 1141 5202 μέχρι
1187 5135 1281 5186 καὶ
1327 5136 1569 5207 τήμερον
1603 5140 1744 5192 κατὰ

1742 5159 1744 5189 ι
1843 5143 2112 5197 dubitanti
2135 5155 2191 5200 et
2209 5149 2274 5202 ad
2299 5149 2442 5217 quod
2465 5150 2690 5220 dignum
2709 5154 2987 5223 exemplar
3005 5159 3306 5212 orationem
3331 5175 3416 5212 re-

157 5233 298 5292 τοὺς
333 5232 442 5282 τῶν
479 5227 770 5296 ἐγκωμίων
798 5227 1069 5297 ἐθάρρησε
1101 5226 1299 5294 νόμους
1346 5231 1426 5290 εἰς
1461 5226 1740 5298 προῦπτον

1841 5233 2042 5290 ferrem
2086 5242 2350 5295 nescienti
2392 5259 2459 5298 eo
2520 5246 2781 5299 utendum
2821 5261 2940 5301 esse
2977 5247 3215 5313 videtur,
3267 5254 3413 5319 quod

1518 5351 1850 5414 Variorum
1885 5365 2069 5419 notia.

234 5470 355 5539 (92)
386 5467 644 5534 Quaenam
669 5468 755 5522 illa
782 5469 890 5521 sint
915 5483 1081 5523 sacra:
1109 5468 1403 5538 Scriptum
1434 5475 1739 5540 proverbia,

155 5543 228 5594 ab
280 5542 601 5593 Andronico
650 5541 978 5611 imperatore
1031 5545 1378 5607 νενικημένα,
1417 5559 1520 5595 non
1560 5545 1738 5611 video,

155 5613 268 5664 nisi
322 5613 466 5662 forte
501 5609 632 5663 illud
666 5611 772 5662 sit:
806 5608 997 5662 Omnia
1044 5617 1248 5676 tempus
1297 5613 1507 5671 litabant,
1543 5616 1590 5664 et
1634 5608 1741 5670 suis

153 5676 356 5752 spatiis
380 5689 655 5753 transeunt
686 5681 927 5733 universa
944 5681 1042 5753 sub
1072 5682 1202 5753 caelo
1225 5697 1242 5733 :
1273 5693 1326 5735 et
1354 5699 1474 5749 qua:
1504 5699 1742 5753 sequun-

155 5762 272 5816 tur,
296 5748 651 5804 Ecclesiaste
682 5766 800 5820 cap.
831 5766 908 5805 ιιι.
938 5749 1145 5821 Nempe
1166 5748 1436 5820 Gregoras
1465 5748 1622 5824 negat
1657 5774 1742 5812 res

1849 5479 2143 5557 Andronici
2176 5483 2524 5552 imperatoris
2554 5488 2822 5557 eiusmodi
2857 5507 2999 5554 esse,
3027 5503 3086 5548 ut
3113 5510 3299 5550 earum
3331 5499 3416 5554 vel

1851 5553 2208 5672 \ldetldaéltlll
2271 5557 2352 5608 vel
2421 5553 2815 5616 audiendarum
2883 5553 3132 5633 voluptas
3184 5553 3418 5624 transire

1851 5631 2038 5672 DJSSll.
2120 5637 2279 5672 OlVlN.

1849 5631 2038 5688 [lJSSlL
2074 5631 2280 5676 Bmvm.

1890 5690 2034 5771 .(973')
2076 5694 2141 5770 ᾌ
2173 5693 2614 5771 δὲ...ςητήσειε
2648 5702 2854 5771 λόγον,
2876 5703 3056 5763 addita
3080 5721 3204 5765 sunt
3238 5726 3303 5766 ex
3326 5728 3418 5768 co-

1848 5760 1966 5814 dice
1992 5760 2268 5817 Vaticano.
2325 5760 2529 5825 Bult'tN.
