4240 6442
787 381 879 442 55)
1027 373 1100 438 ia.
1145 391 1199 428 ιι.
1240 374 1366 427 6ἶ91
1415 389 1478 427 ιο
1519 371 1676 444 6836]

1963 377 2390 438 NlCEPHORl
2431 376 2815 437 GREGORAE

3130 366 3263 438 (utr.
3309 383 3591 436 Ananomc.
3635 368 3780 438 δεκ.)

3923 371 4030 436 562

781 503 973 548 curate
1001 494 1293 562 agendum.
1323 493 1406 546 Fit
1430 494 1594 562 igitur
1611 495 1946 564 exquisitum
1970 497 2360 565 aequinoctium
2392 504 2432 556 Δ

2356 518 2360 550 ι
2392 504 2432 556 Α
2465 513 2526 563 γε
2561 495 2669 564 μὴν
2713 493 2813 563 τῆς
2843 492 3036 562 ἡρινῆς
3062 493 3156 544 καὶ
3189 492 3328 561 μάλα
3375 491 3436 554 γέ
3466 509 3546 544 τοι
3580 491 3846 552 nisis-30;.
3881 491 3920 542 Γ
3926 492 4030 542 {vc-

782 601 939 646 vere,
982 600 1106 637 cum
1141 585 1221 637 sol
1258 585 1487 652 primam
1524 587 1713 641 arietis
1771 595 1979 656 partem
2023 587 2352 656 ingreditur.

786 675 841 728 in
880 689 986 743 qua
1046 674 1209 727 etiam
1247 674 1648 742 aequinoctialis
1682 677 1925 731 circulus
1958 679 2025 731 ab
2065 677 2356 746 astrologis

784 766 1138 821 describitur.
1179 765 1365 826 Neque
1400 781 1530 819 vero
1563 769 1616 820 in
1652 769 1985 836 quibuslibet
2017 770 2176 822 annis
2207 770 2359 822 simi-

786 861 917 913 liter
951 859 1168 912 exsistit
1191 899 1205 920 ,
1239 859 1332 913 sed
1371 859 1422 912 in
1460 861 1617 912 annis
1646 861 2012 914 Nabouassari
2063 863 2165 915 sub
2196 860 2357 914 ﬁnem

787 967 1036 1021 vesperae
1070 952 1318 1004 vicesimi
1357 953 1533 1020 quarti
1577 951 1684 1005 diei
1718 953 1915 1014 Martii,
1957 955 2009 1006 in
2045 954 2204 1007 annis
2233 953 2361 1006 Plii-

789 1043 919 1108 lippi
984 1042 1182 1094 Arida-i
1246 1043 1347 1095 sub
1399 1043 1682 1096 meridiem
1741 1045 1985 1097 vicesimi
2028 1047 2209 1112 quarti
2250 1045 2360 1098 diei

786 1129 1028 1197 ¢.j.isdem
1061 1131 1298 1195 mensis;
1332 1130 1532 1197 quibus
1567 1142 1747 1185 autem
1772 1133 1964 1186 diebus
1987 1133 2236 1188 Christus
2265 1151 2362 1203 pro

793 1221 952 1274 nobis
987 1232 1216 1274 mortem
1242 1223 1495 1290 oppetiit.
1518 1222 1604 1275 die
1637 1223 1896 1277 vicesimo
1926 1227 2108 1288 tertio,
2134 1227 2361 1279 multum

796 1323 923 1364 ante
957 1313 1092 1366 solis
1126 1324 1304 1365 ortum
1349 1329 1408 1366 ac
1453 1315 1636 1382 potius
1670 1315 1847 1368 media
1884 1317 1968 1369 illa
2002 1329 2180 1381 nocte,
2218 1334 2364 1371 nunc

796 1418 927 1456 vero
962 1413 1143 1456 nostra
1171 1413 1328 1457 :ctate
1354 1404 1443 1458 die
1485 1407 1700 1458 decimo
1730 1408 1982 1475 septimo.
2021 1408 2218 1461 lloram
2255 1408 2364 1461 diei

797 1504 891 1544 aut
953 1502 1158 1560 partem
1203 1493 1348 1546 liora:
1400 1493 1617 1546 curiose
1655 1509 1761 1546 non
1813 1497 2066 1558 excutio,
2125 1512 2189 1548 ne
2223 1496 2274 1547 in
2309 1510 2366 1548 re

797 1583 942 1636 baud
977 1585 1314 1646 necessaria.
1358 1586 1470 1638 imo
1530 1587 1710 1654 quoad
1765 1602 2006 1656 presens
2054 1589 2362 1641 institutum

797 1691 1234 1745 supervacanea,
1289 1687 1504 1744 tempus
1555 1687 1747 1730 teram.
1783 1679 1958 1743 Quare
1991 1694 2258 1732 annorum
2300 1680 2368 1732 ab

791 1785 858 1822 eo
882 1783 1127 1837 tempore
1175 1771 1487 1838 elapsorum
1532 1771 1829 1824 discrimen
1869 1771 1994 1825 hinc
2042 1770 2221 1839 colligi
2271 1783 2368 1838 po-

796 1870 933 1924 test;
971 1876 1034 1914 ac
1081 1861 1239 1914 facile
1264 1871 1346 1915 est
1381 1869 1697 1929 supputare,
1733 1869 1867 1930 quot
1914 1861 2174 1914 revolutis
2204 1861 2362 1914 annis

796 1953 960 2006 unius
991 1953 1099 2005 diei
1148 1957 1325 2021 spatio
1379 1962 1596 2021 tempus
1651 1953 1964 2018 aequinoctii
2026 1961 2178 2006 retro
2233 1968 2360 2022 aga-

799 2055 928 2109 tur;
997 2047 1122 2099 item
1173 2057 1294 2115 post
1332 2056 1467 2115 quot
1519 2061 1738 2107 annos.
1809 2046 2004 2107 biduo;
2069 2055 2231 2113 atque
2287 2044 2359 2098 ita

794 2137 1078 2206 deinceps.
1123 2136 1238 2201 Hoc
1286 2154 1416 2192 vero
1496 2153 1605 2191 non
1664 2139 1874 2190 ratione
1926 2146 2106 2189 motus
2166 2136 2360 2189 solaris

795 2230 1038 2296 accidit,
1074 2231 1166 2298 qui
1215 2230 1441 2298 aequalis
1469 2239 1593 2293 est,
1646 2243 1748 2282 nec
1795 2243 2024 2297 usquam
2083 2227 2360 2293 deﬂectit;

795 2321 889 2375 sed
947 2321 1018 2375 ob
1077 2323 1550 2376 enumerationem
1606 2322 1818 2374 dierum
1907 2320 2084 2382 anni.
2147 2321 2198 2373 in
2255 2335 2361 2388 qua

797 2429 898 2468 nos
954 2415 1225 2478 labimur,
1280 2416 1611 2468 trecentenis
1661 2413 1944 2484 sexagenis
1995 2412 2178 2480 quinis
2203 2411 2361 2481 367

799 2507 996 2561 diebus
1073 2508 1350 2577 integrum
1428 2506 1591 2561 unius
1661 2506 1767 2560 diei
1841 2504 2198 2573 quadrantem
2269 2504 2366 2556 ad-

791 2599 1055 2670 jiciendo,
1085 2609 1277 2652 contra
1319 2613 1484 2667 quam
1531 2597 1932 2667 oportebat.Ut
1974 2596 2119 2649 enim
2137 2609 2364 2664 magnus

803 2691 1130 2743 Ptolemaeus
1161 2699 1353 2742 auctor
1399 2698 1504 2753 est,
1550 2703 1656 2741 non
1695 2690 1972 2756 quadrans
2006 2686 2217 2754 integer
2269 2683 2365 2737 ad-

798 2779 1033 2839 dendus,
1062 2779 1153 2831 sed
1180 2793 1245 2832 ex
1277 2793 1343 2831 eo
1376 2779 1757 2831 trecentesima
1791 2775 1897 2829 diei
1939 2790 2062 2842 pars
2089 2775 2365 2828 deducen-

797 2873 898 2938 da;
946 2881 1005 2925 ut
1044 2884 1224 2927 autem
1254 2888 1353 2942 ego
1397 2872 1641 2942 diligenti
1695 2870 2052 2940 inquisitione
2098 2869 2362 2938 comperi,

808 2967 990 3018 minus
1013 2980 1190 3032 neque
1215 2965 1439 3034 praecise
1470 2964 1850 3018 trecentesima
1877 2978 2020 3032 pars.
2040 2962 2212 3028 Quam
2231 2976 2365 3015 mea:

802 3057 1031 3110 rationis
1063 3056 1454 3110 certitndinem
1510 3071 1654 3110 nunc
1702 3056 2006 3124 explicandi
2056 3056 2210 3110 locus
2254 3071 2363 3108 non

799 3163 917 3216 est;
948 3151 1185 3204 viderint
1219 3150 1322 3203 boc
1353 3149 1447 3218 qui
1496 3156 1796 3218 sequentur
1826 3148 2108 3219 astrOIOgi.
2149 3147 2252 3202 Sed
2287 3158 2366 3202 ta-

804 3261 927 3302 men
959 3247 1032 3300 sit
1066 3246 1160 3310 ita,
1210 3254 1269 3298 ut
1307 3245 1396 3297 ille
1443 3245 1594 3298 dicit.
1636 3244 1711 3298 Ea
1741 3245 1888 3298 enim
1921 3245 2059 3298 ratio
2108 3246 2163 3298 in
2213 3246 2372 3298 annis

807 3353 918 3390 non
965 3334 1223 3405 plurimis
1275 3350 1466 3403 parum
1518 3343 1762 3388 nostram
1795 3334 2217 3403 disputationem
2270 3335 2372 3387 im-

807 3429 1014 3498 pediet.
1069 3426 1183 3480 Hoc
1216 3426 1398 3494 itaque
1435 3425 1832 3478 observandum
1861 3437 1967 3487 est,
2015 3426 2368 3481 Ptolemaeum

805 3522 989 3572 virum
1038 3518 1336 3570 maximum
1386 3517 1688 3581 corruisse,
1746 3518 1902 3570 annis
1951 3519 2076 3570 totis
2111 3519 2372 3572 trecentis

809 3612 1083 3682 integrum
1118 3612 1262 3664 diem
1298 3610 1600 3662 naturalem
1637 3609 1885 3663 conﬂari.
1945 3611 2115 3663 Porro
2161 3611 2372 3664 minuta

804 3705 894 3757 illa
928 3704 1036 3756 diei
1087 3717 1212 3770 pars
1257 3711 1330 3754 tot
1363 3702 1584 3768 quidem
1619 3702 1780 3753 annis
1829 3701 2242 3754 evidentissima
2279 3717 2373 3755 ex-

803 3795 974 3849 sistit.
1004 3794 1202 3847 Ternis
1235 3808 1389 3855 vero,
1418 3794 1721 3860 quaternis,
1751 3793 1937 3859 quinis
1980 3801 2034 3844 et
2065 3793 2241 3854 denis,
2278 3801 2373 3844 aut

805 3893 890 3938 ter
917 3885 1082 3938 etiam
1121 3883 1367 3944 totidem,
1403 3883 1597 3952 exigua
1649 3883 1739 3934 illa
1781 3883 2024 3936 accessio
2067 3897 2174 3934 non
2207 3883 2375 3935 senti-

807 3982 914 4025 tur.
953 3971 1068 4037 Qua
1106 3981 1232 4024 ante
1282 3985 1380 4023 nos
1427 3981 1552 4039 post
1599 3970 1824 4023 totidem
1875 3985 2048 4023 annos
2095 3970 2373 4025 subtracta

809 4079 994 4116 rerum
1017 4065 1319 4117 cmlestiuin
1349 4074 1403 4115 et
1438 4073 1710 4114 astrorum
1749 4063 1909 4130 periti
1941 4062 2084 4114 diem
2128 4063 2374 4129 aaquino-

805 4157 900 4209 ctii
930 4158 1201 4224 exquisite
1234 4164 1588 4224 repererunt;
1623 4165 1786 4221 atque
1816 4153 1939 4206 inde
1959 4154 2122 4206 etiam
2143 4154 2375 4207 Pascha-

810 4248 878 4301 tis
913 4257 1126 4316 tempus
1153 4264 1278 4301 vera
1305 4263 1368 4300 ac
1397 4257 1546 4301 certa
1571 4246 1911 4300 correctione
1935 4248 2369 4300 constituerunt:

805 4357 980 4410 eaque
1014 4343 1286 4396 correctio
1311 4343 1551 4395 obtinuit
1582 4342 1646 4394 ad
1682 4356 1885 4393 annum
1921 4341 2034 4395 fere
2065 4343 2133 4394 ab
2165 4343 2374 4395 Adamo

807 4437 989 4488 sexies
1024 4435 1368 4488 millesimum
1418 4449 1480 4488 ac
1532 4438 2000 4487 trecentesimum.
2035 4435 2110 4488 Et
2143 4450 2210 4489 eo
2245 4451 2375 4489 vero

2455 604 2546 640 ται
2576 588 2756 638 τοίνυν
2791 585 3028 654 ἀκριϐὴς
3081 587 3340 652 ίσημερία
3394 587 3452 637 ὲν
3505 583 3667 653 ἔαρος
3695 584 3838 653 ὥρᾳ,
3865 583 4031 635 ὁπότε

2459 682 2585 746 περὶ
2649 679 2842 745 μοῖραν
2895 675 3119 743 πρώτην
3175 674 3204 723 6
3251 672 3404 740 ἥλιος
3455 674 3663 738 γένοιτο
3707 667 3800 722 τοῦ
3848 670 4031 738 κριοῦ·

2457 771 2564 838 ὅπη
2599 769 2690 819 καὶ
2729 771 2756 820 6
2791 766 3106 835 ἰσημερινδς
3147 767 3258 827 τοῖς
3294 764 3698 832 ἀστροθεάμοσι
3735 763 4040 831 διαγράφε-

2457 875 2546 910 ται
2587 857 2804 917 κύκλος.
2833 856 3044 907 Γίνεται
3085 854 3140 907 δὲ
3167 855 3264 924 οὐχ
3295 855 3491 921 ὁμοίως
3518 854 3573 904 ὲν
3597 852 3800 904 ἆπισιν
3831 852 4036 914 ἐτεσιν,

2459 950 2573 1002 ἀλλ’
2593 952 2650 1001 ὲν
2674 951 2788 1009 τοῖς
2813 948 2909 1016 μὲν
2929 946 3023 998 τοῦ
3052 945 3435 1014 Ναεονασάρου
3463 947 3585 1014 περὶ
3605 944 3756 1012 λῆξιν
3774 944 4041 1012 έσπερίαν

2464 1043 2561 1110 τῆς
2595 1040 2689 1092 τοῦ
2734 1040 2962 1106 μαρτίου
2995 1040 3252 1105 πέμπτης
3283 1037 3377 1088 καὶ
3407 1036 3690 1101 εἰκοστῆς·
3730 1038 3787 1086 ὲν
3825 1034 3882 1087 δὲ
3923 1035 4038 1093 τοῖς

2463 1135 2728 1188 Φιλίππου
2767 1130 2861 1183 τοῦ
2915 1122 3189 1200 Ἀριδαίου
3232 1132 3360 1196 περὶ
3396 1127 3750 1197 μεσημϐρίαν
3799 1127 3898 1193 τῆς
3959 1127 4038 1176 εἰ·

2466 1229 2664 1294 κοστῆς
2714 1224 2980 1292 τετάρτης
3015 1221 3182 1274 αὑτοῦ
3242 1219 3380 1288 (21)·
3441 1222 3500 1272 ὲν
3535 1213 3624 1279 οἷς
3657 1217 3703 1269 δ’
3749 1216 4042 1286 ἡμέραιςό
4147 1287 4152 1291 ⁸

2466 1318 2700 1388 Χριστὸς
2759 1315 2900 1383 ὑπὲρ
2954 1313 3115 1383 ἡμῶν
3166 1310 3488 1365 ἐθανατοῦτο
3550 1309 3663 1377 (22)
3709 1310 3898 1377 τρίτην
3945 1308 4042 1360 καὶ

2466 1408 2718 1476 εἰκοστὴν
2752 1407 3056 1466 διανύοντος
3093 1403 3283 1467 αὑτοῦ,
3324 1401 3503 1472 πολλῷ
3552 1401 3818 1469 πρότερον
3846 1401 3977 1468 πρὶν
4005 1398 4041 1467 ἦ

2466 1501 2744 1554 ἀνατεῖλαι
2775 1500 2868 1551 τὸν
2904 1499 3056 1567 ἥλιον
3085 1538 3099 1560 ,
3139 1497 3170 1566 ἢ
3212 1496 3412 1566 μᾶλλον
3462 1495 3635 1554 εἰπεῖν
3673 1493 3806 1561 περὶ
3863 1491 4044 1558 μέσην

2469 1595 2685 1660 ἐκείνην
2729 1591 2829 1661 τὴν
2870 1590 3073 1642 νύκτα·
3109 1588 3204 1640 νῦν
3236 1587 3280 1639 δ’
3315 1586 3402 1653 ἐφ’
3433 1586 3594 1656 ἡμῶν
3643 1582 4045 1636 ἑπτακαιδεκά-

2468 1701 2568 1752 την
2603 1684 2713 1750 (25)
2766 1682 3021 1744 ἀνύοντος
3076 1679 3264 1732 αὑτοῦ.
3318 1679 3432 1729 Οὐκ
3487 1673 3954 1744 ἀκριϐολογοῦμαι
3993 1671 4042 1724 δ’

2471 1777 2593 1830 οὔτε
2636 1778 2741 1847 μὴν
2784 1777 2883 1847 τὴν
2924 1778 3020 1844 τῆς
3061 1776 3277 1843 ἡμέρας
3319 1772 3488 1842 ὥραν,
3519 1769 3643 1822 οὔτε
3689 1768 3794 1838 μὴν
3823 1767 3944 1819 οὐδέ
3978 1780 4044 1830 γε

2401 1845 2441 1898 ῃ
2473 1873 2535 1923 τὸ
2565 1845 2661 1938 τῆς
2699 1845 2849 1938 ὧρας
2897 1867 3082 1937 μέρος.
3115 1867 3190 1918 Οὐ
3230 1865 3337 1933 γὰρ
3367 1864 3659 1929 ἀναγκαῖον
3696 1861 3812 1920 νῦν,
3849 1860 3932 1910 ὅτι
3965 1854 4042 1924 μὴ

2470 1960 2720 2028 διατριϐὴ
2752 1960 2825 2028 μὴ
2876 1960 3020 2010 πάνυ
3064 1975 3146 2009 τοι
3179 1958 3537 2024 προσήκουσα
3568 1955 3633 2022 τῇ
3675 1950 3853 2021 χρείᾳ.
3886 1949 4047 2000 Ὥστ⁹

2468 2051 2643 2114 ἔξεστι
2674 2049 3084 2116 συλλογίζεσθαι
3133 2048 3233 2116 τὴν
3289 2046 3402 2098 τῶν
3445 2044 3650 2113 μεταξὺ
3686 2043 3893 2111 χρόνων
3927 2040 4047 2092 δια-

2469 2144 2640 2211 φοράν
2675 2142 2972 2195 κάντεῦθεν
3004 2142 3100 2194 καὶ
3129 2139 3196 2191 δι’
3225 2139 3367 2190 ὅσων
3393 2136 3505 2207 (24)
3536 2135 3676 2188 ὲτῶν
3708 2131 4046 2191 ὀπισθόπους

2467 2237 2496 2286 ό
2543 2236 2728 2304 χρόνος
2782 2234 2966 2302 ἡμέρα
3033 2233 3132 2303 μιᾷ
3188 2232 3400 2299 γίνεται
3461 2230 3554 2281 καὶ
3611 2229 3680 2280 δι’
3714 2228 3855 2278 ὅσων
3882 2222 4046 2283 αὖθις

2469 2327 2630 2395 ἑτέρᾳ
2661 2326 2757 2392 μιᾷ
2784 2323 2878 2376 καὶ
2899 2323 3103 2392 ὁμοίως
3136 2322 3244 2375 ἀεί.
3283 2319 3452 2371 Τοῦτο
3478 2318 3522 2371 δ’
3547 2320 3608 2370 οὐ
3631 2316 3782 2385 παρὰ
3813 2315 3910 2382 τὴν
3944 2311 4044 2364 τοῦ

2469 2421 2620 2491 ἡλίου
2644 2424 2849 2486 γίνεται
2881 2420 3114 2486 κίνησιν.
3160 2415 3244 2486 [Ρ.
3277 2413 3403 2485 226]
3433 2411 3673 2482 Ὀμαλὴν
3705 2410 3812 2477 γὰρ
3831 2409 4047 2467 ἐκεῖνος

2469 2515 2554 2566 ἀεὶ
2592 2515 2795 2581 ταύτην
2846 2512 2957 2580 (25)
2987 2513 3221 2562 ποιεῖσαι
3267 2509 3359 2567 καὶ
3412 2503 3846 2576 ἀπαρέγκλιτον·
3903 2499 4046 2552 ἀλλὰ

2473 2607 2620 2676 παρά
2677 2609 2775 2675 τὴν
2839 2604 2947 2657 τῶν
2993 2605 3278 2655 ἐνιαυσίων
3344 2599 3564 2668 ἡμερῶν
3615 2593 4045 2664 ἀπαρίθμησιν,

2471 2705 2536 2774 ἦν
2567 2699 2850 2772 σφαλερῶς
2886 2697 3040 2750 αὐτοὶ
3087 2693 3405 2763 ποιούμεθα.
3437 2692 3578 2760 Πρὸς
3613 2690 3718 2757 γὰρ
3751 2689 3865 2748 τοϊς
3887 2700 4051 2754 τρια·

2472 2795 2675 2855 κοσίοις
2721 2792 2988 2861 ἑξήκοντα
3037 2789 3197 2840 πέντε
3252 2785 3614 2855 νυχθημέροις
3673 2781 3899 2849 τίθεμεν
3950 2778 4050 2830 καὶ

2472 2886 2764 2955 ὀλόκληρον
2829 2883 3086 2949 τέταρτον
3150 2878 3508 2954 νυχθημέρου.
3553 2875 3690 2939 ἐνὸς,
3746 2875 3847 2926 οὐκ
3894 2871 4057 2939 ὀφεί-

2473 2980 2652 3038 λοντες
2706 2974 2866 3028 οὕτω.
2949 2975 3019 3035 Ως
3071 2972 3179 3040 γὰρ
3210 2972 3237 3021 ό
3287 2971 3459 3039 μέγας
3518 2969 3650 3037 φησι
3691 2967 4050 3034 Πτολεμαῖος,

2471 3064 2888 3140 τριακοσιοστοῦ
2945 3065 3156 3126 δέοντος
3215 3041 3431 3131 ἡμέρας
3497 3059 3694 3128 μέρους
3747 3058 3827 3108 δεῖ
3885 3056 4054 3108 τοῦτο

2475 3156 2866 3224 προστίθεσθαι
2900 3157 2994 3209 καὶ
3025 3157 3122 3225 οὐχ
3153 3155 3469 3222 ὀλόκληρον·
3501 3152 3576 3212 ὼς
3606 3150 3649 3202 δ’
3673 3149 3847 3216 ἔγωγε
3881 3149 4056 3209 αὐτὸς

2475 3252 2851 3323 ἐξακριὸὡσας
2884 3245 3065 3318 εὗρον,
3106 3247 3349 3316 μείζονος
3385 3245 3495 3313 (26)
3540 3246 3635 3295 καὶ
3667 3243 3870 3311 ἥκιστα
3894 3256 4056 3310 τρια-

2474 3344 2756 3399 κοσιοστοῦ
2804 3341 3021 3404 τελέως,
3057 3343 3104 3391 εἰ
3161 3339 3259 3406 μὲν
3319 3338 3574 3404 ἀσφαλῶς
3621 3335 4055 3405 ἠκριεωσάμην·

2476 3441 2525 3491 εί
2556 3439 2612 3491 δὲ
2655 3437 2750 3506 μὴ,
2786 3435 3010 3503 σκέμμα
3045 3431 3205 3484 τοῦτο
3254 3429 3445 3498 τίθημι
3487 3431 3597 3489 τοῖς
3628 3427 3802 3479 ἔπειτ’
3850 3429 4055 3502 ἀστροο

2474 3532 2673 3597 λόγοις.
2730 3527 2873 3594 Ἐγὼ
2911 3526 3020 3592 γὰρ
3050 3525 3110 3576 οὐ
3145 3523 3392 3591 σχολάζω
3424 3521 3581 3573 τοῦτο
3617 3519 3710 3572 vi;
3739 3519 4055 3588 διασαφεῖν.

2477 3623 2674 3690 Ὅμως
2729 3619 2870 3670 ἔστω
2923 3616 3044 3668 κατ’
3077 3618 3305 3667 ἐκεῖνον.
3345 3606 3550 3666 Ἦττον
3591 3612 3699 3679 γὰρ
3729 3612 4055 3681 λυμανεῖται

2474 3712 2550 3780 τῷ
2592 3712 2734 3778 λόγῳ
2775 3709 2911 3777 πρὸς
2963 3707 3022 3758 οὑ
3057 3705 3200 3757 πάνυ
3253 3720 3335 3754 τοι
3368 3702 3596 3763 πολλοὺς
3652 3701 3775 3763 τοὺς
3823 3700 4057 3770 χρόνους

2474 3802 2820 3871 διατρίϐοντι.
2852 3797 3272 3868 Παρατηρητέον
3310 3795 3424 3854 οὖν,
3457 3794 3532 3855 ὼς
3564 3793 3685 3845 κατ’
3714 3795 3927 3845 ἐκεῖνον
3963 3795 4058 3846 τὸν

2477 3895 2733 3964 μέγιστον
2787 3889 2986 3958 δηλαδὴ
3039 3888 3377 3956 Πτολεμαῖον
3420 3885 3489 3936 δι’
3540 3885 3674 3936 ὅλων
3717 3884 4057 3953 τριακοσίων

2475 3984 2742 4039 ἐνιαυτῶν
2769 3985 3119 4051 νυχθήμερον
3151 3976 3272 4032 ὅλον
3302 3981 3617 4044 συνάγεται.
3647 3977 3722 4029 T6
3749 3977 3791 4028 δ’
3821 3978 4060 4047 εἰρημέ-

2477 4097 2567 4131 νον
2632 4075 3101 4144 πολλοστημόριον
3137 4072 3236 4139 τῆς
3275 4072 3485 4140 ἡμέρας
3533 4072 3596 4123 ἑν
3635 4071 3732 4138 μὲν
3774 4071 4061 4129 τοσούτοις

2477 4171 2624 4222 ἔτεσι
2687 4172 2777 4221 καὶ
2823 4167 2968 4236 μάλα
3020 4163 3276 4231 ἐπίδηλον
3328 4163 3429 4232 ἤδη
3485 4162 3859 4214 καθίσταται*
3897 4167 3960 4216 έν
4003 4166 4059 4216 δὲ

2478 4266 2625 4333 τρισὶ
2675 4264 2768 4314 καὶ
2797 4263 3020 4327 τέτρασι
3071 4258 3166 4310 καὶ
3202 4257 3368 4308 πέντε
3398 4257 3490 4306 καὶ
3519 4255 3650 4309 δέκα
3688 4258 3779 4307 καὶ
3813 4257 3936 4326 τρὶς
3967 4275 4059 4310 τ’)-

2484 4354 2715 4413 σούτοις,
2742 4353 2844 4402 οὐκ
2871 4351 2935 4402 ἂν
2963 4349 3158 4415 δήπου,
3193 4348 3278 4399 διὰ
3309 4351 3369 4399 τὸ
3399 4348 3540 4400 πάνυ
3570 4347 3911 4416 βραχύτατον
3941 4349 4059 4416 (27)

2481 4441 2579 4509 τῆς
2607 4439 2949 4507 προσθήκης.
2987 4435 3171 4501 Ὅπερ
3204 4434 3270 4500 δὴ
3299 4436 3393 4485 καὶ
3428 4436 3547 4486 κατ’
3578 4436 3839 4487 ἐνιαυτῶν
3871 4453 4060 4507 παρα-

811 4534 1057 4592 tempore
1108 4525 1172 4578 ad
1228 4536 1468 4579 nostrain
1523 4541 1694 4594 usque
1741 4536 1954 4578 aatatem
2004 4542 2090 4580 res
2131 4530 2374 4596 neglecta
2408 4545 2485 4604 Di

2408 4545 2454 4604 ι)
2483 4529 2689 4597 δρομὴν
2710 4525 2992 4582 ¹τοσούτων
3022 4525 3070 4574 οἱ
3119 4522 3226 4591 πρὸ
3261 4523 3418 4591 ἡμῶν
3449 4521 3518 4573 τὰ
3553 4523 3800 4591 μετέωρα
3833 4542 4062 4594 φροντι-

814 4619 1001 4669 nescio
1040 4617 1318 4684 quomodo
1365 4617 1672 4669 incorrecta
1710 4619 1946 4670 mansit:
1983 4627 2036 4671 ct
2063 4620 2153 4686 qui
2190 4631 2376 4673 nostro

812 4720 1064 4775 tempore
1099 4709 1152 4760 in
1187 4708 1424 4761 Ecclesia
1465 4707 1743 4761 Pascliatis
1772 4709 2216 4762 observationem
2251 4725 2378 4777 pro-

809 4800 954 4852 xime
1007 4809 1131 4852 ante
1176 4799 1495 4852 vicesimum
1544 4798 1718 4852 Martii
1769 4800 1913 4852 diem
1955 4802 2223 4869 auspicari
2290 4802 2384 4856 de-

812 4890 1034 4953 bcbant,
1067 4905 1188 4942 eam
1235 4905 1262 4942 a
1300 4889 1560 4942 vicesimo
1590 4891 1832 4943 secundo
1860 4891 2230 4958 auspicantur,
2277 4907 2384 4945 non

808 4981 972 5051 368
1022 4991 1168 5034 recte
1213 4997 1364 5035 sane.
1419 4982 1551 5034 Nam
1585 4996 1709 5034 cum
1762 4984 2155 5049 aequinoctium
2188 4983 2257 5036 ab
2288 4982 2372 5035 in-

808 5089 995 5141 gressu
1028 5073 1160 5127 solis
1184 5073 1236 5125 in
1270 5074 1520 5130 arietem.
1552 5073 1922 5140 plenilunium
1953 5089 1982 5125 a
2009 5073 2264 5127 distantia
2294 5089 2376 5127 so-

810 5165 877 5218 lis
907 5165 1244 5227 diametrica,
1278 5166 1482 5218 Pascha
1508 5178 1690 5218 autem
1739 5164 1908 5234 legale
1941 5166 2011 5218 ab
2050 5166 2169 5234 ipso
2202 5165 2377 5233 pleni-

2484 4622 2605 4670 σταὶ
2654 4620 2747 4668 καὶ
2794 4615 3230 4685 ἀστροθεάμονες
3262 4613 3655 4682 ύφαιρούμενοι
3695 4616 3960 4680 ἀσφαλῶς
4002 4620 4061 4670 τὸ

2477 4710 2578 4772 τῆς
2625 4709 2922 4777 ίσημερίας
2968 4705 3311 4774 νυχθήμερον
3332 4704 3620 4773 ἐὕρισκον⁹
3657 4706 3958 4759 κά“ιτεῦί1έν
3996 4727 4058 4774 γε

2486 4801 2594 4870 μὴν
2629 4800 2843 4868 ἀσφαλῆ
2879 4799 2972 4850 καὶ
2999 4796 3099 4866 τὴν
3132 4795 3225 4847 τοῦ
3263 4797 3452 4864 [Ιάσχα
3486 4796 3775 4865 διόρθωσιν
3804 4800 4062 4853 ἐποιοῦν»

2486 4908 2563 4944 το·
2604 4891 2702 4943 καὶ
2757 4890 2818 4942 τὸ
2868 4890 2965 4957 τῆς
3006 4888 3347 4957 διορθώσεως
3391 4888 3595 4954 ταύτης
3636 4890 3848 4956 ἐγίνετο
3891 4894 4059 4962 μέχρι

2486 4982 2581 5033 τοῦ
2619 4982 2676 5045 ἐξ
2719 4980 2892 5048 Ἀδὰμ.
2938 4978 3407 5046 έξακισχιλιοστού
3454 4983 3868 5048 τριακοσιοστοῦ
3897 4985 4058 5046 ἔτους

2484 5075 2734 5141 ἔγγιστα.
2787 5074 2860 5124 Τὸ
2906 5073 2950 5124 δ’
3005 5071 3066 5134 εξ
3111 5073 3322 5123 ἐκείνου
3373 5073 3560 5142 μέχρις
3603 5075 3762 5142 ἡμῶν
3817 5077 3918 5128 οὐκ
3960 5077 4058 5130 οἷο⁹

2486 5167 2632 5227 ὅπως
2688 5163 3148 5234 ὲρῤᾳθυμημένον
3192 5163 3253 5213 τὸ
3303 5164 3533 5231 πρᾶγμα
3589 5167 3683 5215 καὶ
3721 5165 4057 5234 ἀδιόρθωτον

2161 5302 2499 5364 Variorum
2539 5311 2723 5363 nota).

885 5424 1003 5498 (2|)
1038 5423 1141 5478 Sub
1190 5427 1479 5498 meridiem
1509 5430 1733 5482 vicesimi
1769 5431 1944 5498 quarti
1971 5431 2094 5496 diei,
2131 5446 2260 5497 non,
2303 5438 2378 5486 ri-

811 5496 989 5549 cesimi
1019 5499 1211 5564 quinti,
1245 5507 1304 5548 ut
1328 5497 1576 5550 Wolﬁus.
1612 5496 1824 5554 Doms.

882 5567 994 5632 (22)
1027 5567 1300 5634 Ἐπασχε,
1337 5567 1460 5620 cod.
1507 5567 1678 5622 Vatic.
1715 5569 1924 5624 Bouvm.

883 5637 996 5706 (23)
1043 5638 1573 5706 Ὀκτωκαιδεκάτην,
1602 5639 1728 5694 cod.
1763 5642 1932 5698 VatiC.
1973 5646 2178 5700 BOIVIN.

881 5705 996 5785 (ἐξ)
1163 5707 1268 5759 τῶν
1300 5705 1513 5785 μεταξύ
1544 5709 1748 5785 χρόνων
1767 5714 2048 5785 διαφοράν·
2084 5717 2377 5769 κάντεῦθεν

811 5791 901 5827 κα.
928 5777 996 5827 δι’
1026 5777 1186 5840 ὅσων,
1219 5780 1343 5831 cod.
1380 5777 1551 5833 V'atic.
1592 5781 1802 5835 Boivis.

2551 5436 2666 5503 (25)
2723 5435 3062 5494 Ἐκεῖνοςάεὶ
3094 5435 3319 5501 ταύτην,
3355 5435 3478 5488 cod.
3516 5434 3684 5488 Vatic.
3725 5435 3943 5490 Bonus.

2552 5508 2662 5574 (26)
2723 5506 3039 5573 Legcndum
3107 5508 3357 5574 μείονος,
3409 5505 3492 5558 vel
3567 5509 3822 5574 ἥττονος,
3887 5524 4055 5574 quam

2477 5587 2815 5674 Rostro-Iuqu
2881 5577 3175 5629 lectionem
3237 5576 3462 5629 exhibet
3513 5579 3683 5629 codex
3730 5576 4054 5632 Vaticanus.

2480 5649 2801 5786 l’0(';¥;.ltti
2831 5717 2888 5769 t6
2919 5717 3057 5770 πάνυ
3091 5716 3448 5787 βραχύτατον,
3476 5717 3598 5770 rod.
3631 5717 3802 5770 Vatic.
3842 5717 4051 5771 Βοιιιιι.
