4240 6442
179 390 279 458 553
433 386 508 460 [Α.
540 397 593 439 c.
637 377 775 437 ηδε
811 396 876 436 ιω
914 376 1070 451 was]

1178 378 1628 441 ΒΥΖΛΝΤΙΝιΕ
1660 373 2042 438 ΠΙΞΤΟΠΙΛΞ
2086 373 2230 435 LIB.
2276 371 2440 434 VIII.

2557 365 2688 438 [πλην.
2717 379 3005 421 asonoxtc.
3041 363 3185 440 εει]

3331 367 3434 434 554

174 507 372 580 ἔμεινε.
398 502 510 555 Καὶ
540 499 636 554 νῦν
659 498 960 566 ὀφείλοντες
989 499 1038 550 οί
1061 495 1162 562 τῆς
1193 496 1315 550 καθ’
1334 497 1484 566 ἡμᾶς
1518 495 1751 564 Ἐκκλη-
1789 509 1823 556 Α

1789 509 1823 556 Α
1858 493 2011 546 Iunio
2063 501 2398 560 repetamus,
2431 489 2563 545 satis
2609 501 2845 554 constat,
2877 499 3092 546 mutato
3115 489 3431 560 aequinoctii

175 598 293 660 σίας
323 593 610 664 ἂνθρωποι
633 594 734 657 τὴν
765 591 942 659 ἀρχὴν
965 589 1063 657 τῆς
1087 588 1183 642 τοῦ
1211 589 1399 658 Πάσχα
1430 590 1760 658 παρατηρή-

173 706 308 751 σεως
341 687 450 756 πρὸ
502 688 601 752 τῆς
655 683 752 736 τοῦ
787 683 1031 751 Μαρτίου
1086 679 1318 748 ἔγγιστα
1374 679 1644 733 ποιεῖσθαι
1687 681 1759 731 εί-

171 778 396 846 κοστῆς,
427 778 477 830 οί
526 775 573 828 δ’
603 777 667 827 ὲκ
699 775 797 842 τῆς
839 773 1004 826 αύτοῦ
1052 772 1318 836 δευτέρας
1364 773 1460 824 καὶ
1502 770 1758 838 εἰκοστῆς

173 869 478 932 ποιοῦνται,
515 868 614 920 ούκ
655 863 833 934 ὀρθῶς
857 881 920 933 τε
943 862 1221 926 ποιοῦντες
1237 863 1407 914 τουτί.
1451 863 1606 916 Ἐπεὶ
1651 861 1759 930 γάρ

171 963 268 1014 οὐκ
295 960 524 1014 ἄλλοθέν
544 959 731 1022 ποθεν,
751 958 784 1027 ἢ
805 960 905 1028 τῆς
925 956 1061 1026 πρὸς
1088 957 1256 1024 Κριὸν
1283 954 1516 1024 ἡλιακῆς
1548 953 1758 1006 εἰσόδου

172 1053 241 1103 τὰ
280 1054 385 1121 τῆς
425 1050 724 1120 ἰσημερίας
766 1046 1219 1116 ἀποφαινόμεθα,
1254 1045 1353 1116 τὴν
1384 1045 1440 1098 δέ
1464 1063 1526 1113 γε
1559 1045 1760 1098 πανσέ-

172 1144 341 1212 ληνον
387 1143 593 1211 ὁμοίως
641 1142 741 1194 οὐκ
790 1139 1014 1192 ἄλλοθέν
1043 1137 1232 1204 ποθεν,
1285 1137 1318 1208 ἢ
1349 1139 1446 1206 τῆς
1479 1137 1574 1190 τοῦ
1605 1136 1760 1205 ἡλίου

170 1237 537 1305 διαμετρικῆς
583 1235 965 1297 ἀποστάσεως,
1015 1231 1111 1286 καὶ
1144 1232 1225 1284 ἔτι
1278 1247 1344 1298 γε
1372 1231 1434 1282 τὸ
1473 1229 1666 1299 Πάσχα
1699 1231 1760 1283 τὸ

173 1326 408 1395 νομικὸν
448 1327 552 1379 οὐκ
590 1325 815 1380 ἄλλοθέν
858 1325 1024 1378 ποθεν
1062 1324 1096 1393 ἢ
1148 1325 1248 1393 τῆς
1278 1322 1640 1392 πανσελήνου·
1671 1321 1760 1374 εῦ-

171 1420 332 1488 δηλον
370 1418 506 1489 ἄρα,
548 1419 626 1482 ὡς
680 1421 779 1488 τῆς
823 1416 1120 1487 ἰσημερίας
1180 1415 1596 1485 μεταπεσούσης
1629 1433 1758 1484 μετ-

173 1511 342 1564 έπεσε
369 1512 465 1565 καὶ
495 1511 566 1564 τά
597 1512 696 1580 τῆς
723 1510 1091 1579 πανσελήνου·
1122 1509 1218 1560 καὶ
1243 1506 1412 1578 ταύτῃ
1445 1523 1507 1574 γε
1551 1508 1759 1575 ἑπομέ-

173 1620 282 1666 νως
339 1602 772 1672 συμπαρήλλαξε
815 1601 913 1654 καὶ
974 1602 1032 1653 τὸ
1085 1599 1194 1652 τῶν
1237 1599 1506 1653 Ἰουδαίων
1546 1600 1757 1669 Πάσχα,

173 1697 426 1767 κάκείνῳ
459 1695 506 1748 δ’
552 1693 620 1750 αὖ
657 1697 831 1766 δήπου
885 1695 1402 1765 συμπαραλλάττειν
1445 1694 1628 1766 χρεὼν
1662 1697 1760 1748 καὶ

173 1792 231 1840 τὸ
258 1790 560 1860 ἡμέτερον.
595 1789 739 1872 Πρὸς
783 1789 894 1858 γὰρ
927 1789 1104 1841 ἑκεῖνύ
1142 1805 1207 1856 γε
1245 1790 1428 1858 ἀφορᾷ
1458 1787 1520 1841 τὸ
1553 1787 1759 1857 ἡμέτε-

174 1898 266 1948 ρον
312 1882 558 1953 κάκείνῳ
607 1883 870 1934 τέτακται
903 1882 1132 1935 ἕπεσθαι
1161 1883 1327 1935 οἱονεί
1365 1899 1474 1952 τινι
1513 1882 1752 1952 κρηπῖδι

173 1973 269 2024 καὶ
303 1971 572 2042 θεμελίῳ.
611 1972 825 2044 Ῥᾴδιον
878 1971 924 2026 δ’
981 1974 1047 2027 ἂν
1097 1973 1181 2043 εἴη
1241 1973 1585 2042 βουλομένοις
1624 1975 1758 2044 ἡμῖν

172 2064 518 2133 ποιήσασθαι
567 2063 665 2134 τὴν
707 2063 1016 2134 διόρθωσιν,
1073 2063 1248 2134 βραχύ
1295 2081 1348 2116 τι
1381 2064 1542 2118 πλέον
1587 2065 1620 2135 ἢ
1665 2064 1758 2119 δύο

170 2157 546 2227 νυχθημὲρων
606 2159 900 2228 ὑφαίρεσιν
951 2159 1372 2228 ποιησαμένοις.
1435 2159 1595 2212 Οὕτω
1645 2159 1754 2228 γὰρ

171 2251 409 2317 εινήκειν
440 2251 555 2310 τοῖς
591 2249 800 2318 μεταξὺ
834 2249 1111 2313 τοσούτοις
1146 2250 1326 2303 ἐτεσιν
1360 2252 1393 2321 ἡ
1423 2251 1519 2321 τῆς
1561 2253 1758 2318 ἀστρο-

168 2344 373 2409 νομίας
410 2342 814 2409 ἑπαγγέλλεται
847 2341 1095 2408 μέθοδος.
1133 2341 1340 2420 Τούτου
1366 2341 1425 2396 δὲ
1470 2342 1547 2414 μὴ
1575 2359 1760 2411 γιγνο-

167 2439 338 2501 μένου
403 2435 468 2487 τὸ
546 2435 815 2504 σφαλερὸν
862 2434 924 2487 ού
993 2435 1208 2505 μικρόν.
1275 2435 1589 2505 Συμπίπτει
1649 2438 1756 2506 γὰρ

165 2527 282 2578 ἐσθ’
323 2528 441 2593 ὅτε,
495 2526 638 2579 καθά
665 2527 761 2580 καὶ
783 2525 1044 2588 πολλάκις
1069 2527 1171 2597 ἤδη
1202 2529 1514 2597 γεγένηται,
1545 2529 1756 2582 οἴεσθαι

171 2619 276 2686 μὲν
324 2614 470 2670 εἶναι
529 2618 860 2687 πανσέληνον
891 2618 992 2688 τὴν
1048 2618 1329 2688 Κυριακὴν
1381 2621 1477 2672 καὶ
1531 2621 1754 2690 πρώτην

166 2710 393 2780 ἡμέραν
422 2709 524 2778 τῆς
557 2709 860 2779 μελλούσης
910 2708 1227 2778 ἑϐδομάδος·
1273 2708 1485 2762 οἴεσθαί
1529 2727 1593 2778 γε
1647 2712 1754 2782 μὴν

161 2805 328 2857 τοῦτο
367 2804 581 2872 ψευδές*
613 2803 946 2872 γεγενῆσθαι
978 2802 1106 2872 ξγὰρ
1139 2803 1240 2874 ἤδη
1271 2804 1378 2873 πρὸ
1421 2804 1516 2857 δύο
1549 2809 1754 2876 νυχοη-

170 2898 389 2966 μὲρων,
424 2896 568 2950 κατὰ
596 2897 694 2966 τὴν
742 2896 910 2966 ἕκτην
933 2896 1142 2966 δηλαδὴ
1181 2895 1284 2965 τῆς
1315 2897 1757 2966 παρεληλυθυίας

168 2987 474 3059 ἑϐδομάδος
529 2987 767 3058 ἡμέρανο
801 2987 1095 3042 κάντεῦθεν
1137 2988 1556 3059 σφαλλομένους
1589 2991 1756 3060 ἄλλην

173 3083 296 3135 ἀντ’
353 3082 522 3150 ἄλλης
578 3081 896 3153 περιμένειν
949 3082 1234 3151 Κυριακὴν
1286 3083 1379 3134 καὶ
1430 3065 1608 3135 ποιεῖν
1657 3084 1756 3155 τὴν

1861 583 1950 638 die
1983 585 2344 653 plenilunium
2376 584 2544 637 etiam
2582 593 2849 637 mutatum
2881 599 3024 639 esse.
3057 581 3213 639 Unde
3248 583 3436 652 sequi-

1864 687 1974 738 tur,
2004 674 2318 730 Judteurum
2371 677 2537 731 etiam
2570 676 2778 730 Pascha
2809 676 3130 740 variavisse,
3174 690 3237 728 ac
3270 674 3433 728 simul

1861 783 1984 825 cum
2015 783 2080 822 eo
2111 779 2360 823 nostrum
2395 769 2560 824 etiam
2585 768 2830 823 variasse
2855 776 3131 837 Oportere,
3167 765 3430 838 quoniam

1863 874 2108 915 nostrum
2139 861 2207 914 ab
2255 862 2346 915 illo
2392 861 2594 932 pendet
2620 869 2677 916 et
2720 875 2788 915 ex
2835 875 2903 916 eo
2931 870 3188 930 tanquam
3225 859 3340 914 basi
3368 874 3434 912 ac

1861 953 2220 1008 fundamento
2249 954 2522 1009 educitur.
2561 954 2740 1009 Facile
2788 965 2971 1008 autem
3009 953 3098 1006 hic
3126 967 3283 1006 error
3311 968 3436 1007 cor-

1863 1047 2091 1116 rigetur,
2121 1048 2164 1102 si
2207 1048 2371 1116 paulo
2399 1048 2520 1118 plus
2548 1049 2718 1103 biduo
2752 1049 2966 1120 integro
3008 1048 3300 1102 detrahere
3329 1061 3431 1101 vo-

1861 1138 2146 1194 luerimus.
2181 1139 2258 1194 Ita
2293 1141 2440 1195 enim
2488 1149 2568 1195 tot
2596 1141 3015 1210 interjectorum
3049 1154 3317 1194 annorum
3350 1155 3437 1192 ra-

1864 1233 1997 1286 tioni
2030 1235 2323 1289 convenire
2353 1235 2647 1290 methodus
2677 1235 3028 1290 astronomiae
3059 1237 3240 1290 docet.
3272 1233 3434 1298 Quod

1863 1326 1965 1380 nisi
1991 1327 2105 1392 lict,
2129 1343 2282 1381 error
2306 1327 2450 1383 haud
2479 1343 2679 1398 parvus
2707 1328 2900 1383 incidit
2924 1346 2936 1382 :
2962 1340 3014 1384 et
3052 1327 3110 1382 Iit
3134 1326 3435 1390 interdum,

1865 1425 1924 1468 ut
1952 1431 2096 1483 saepe
2117 1419 2228 1488 jam
2261 1420 2461 1472 factum
2493 1427 2596 1484 est,
2629 1428 2689 1472 ut
2714 1419 3005 1487 opinemur
3037 1418 3216 1488 primo
3243 1426 3297 1470 et
3329 1417 3434 1470 Do-

1863 1507 2070 1562 minico
2109 1508 2466 1564 hebdomadis
2495 1510 2756 1566 instantis
2781 1512 2868 1564 die
2892 1511 3251 1580 plenilunium
3276 1508 3434 1573 fore;

1863 1599 1917 1654 id
1950 1611 2132 1655 autem
2175 1602 2310 1656 falso
2334 1603 2646 1672 Opinemur,
2697 1618 2820 1656 cum
2863 1603 3224 1672 plenilunium
3265 1601 3436 1656 biduo

1861 1701 2010 1757 ante,
2043 1692 2146 1746 hoc
2176 1703 2261 1748 est
2296 1693 2348 1748 in
2384 1703 2597 1749 sextum
2623 1696 2765 1766 ejus,
2797 1710 2920 1764 quae
2951 1694 3270 1756 antecessit,
3303 1694 3438 1748 heb-

1864 1783 2117 1839 domadis
2153 1785 2300 1840 diem
2341 1785 2618 1851 inciderit,
2665 1793 2724 1840 et
2780 1802 2878 1841 nos
2923 1787 2995 1840 oh
3023 1801 3149 1841 enm
3187 1801 3434 1841 errorem

1861 1877 2030 1932 alium
2076 1888 2242 1947 atque
2287 1880 2454 1934 alium
2488 1879 2834 1934 Dominicum
2883 1881 3026 1934 diem
3055 1890 3436 1948 exspectemus

1861 1977 1917 2024 et
1951 1969 2156 2025 Christi
2193 1972 2501 2042 passionem
2533 1971 2588 2026 in
2636 1972 2979 2028 hebdomade
3009 1973 3436 2028 resurrectionis

1859 2060 2220 2117 celebremus.
2277 2063 2436 2119 Unde
2483 2079 2609 2134 qna:
2661 2073 2840 2118 errata
2872 2073 3304 2134 consequantur,
3337 2080 3438 2118 ne-

1860 2153 1995 2206 mini
2025 2163 2110 2207 est
2143 2153 2461 2212 obscurum.
2495 2156 2621 2212 Haec
2666 2165 2846 2211 autem
2880 2171 2988 2212 non
3026 2159 3210 2227 inepte
3255 2172 3436 2227 neque

1865 2252 2070 2300 temere
2114 2249 2184 2301 ab
2226 2249 2551 2303 auctoribus
2589 2264 2709 2304 esse
2765 2249 2962 2317 posita,
3013 2250 3108 2304 sed
3164 2250 3433 2306 rationem

1864 2338 2076 2408 singula
2109 2341 2447 2410 probabilem
2495 2342 2697 2397 habere
2721 2345 2832 2412 jam
2875 2343 3188 2398 declarabo.
3223 2343 3433 2398 Hebraei

1865 2430 2252 2499 plenilunium,
2297 2433 2444 2502 quod
2479 2443 2602 2504 post
2628 2435 3020 2504 aequinoctium
3058 2437 3295 2502 exsistit,
3333 2437 3435 2492 ob-

1862 2531 2104 2584 servant.
2131 2525 2392 2592 quoniam
2416 2535 2472 2580 et
2494 2525 2628 2580 illud
2654 2526 2820 2596 369
2850 2527 3028 2596 ipsum
3063 2537 3280 2599 tempus
3305 2529 3432 2593 fuit,

1861 2630 1970 2682 quo
1999 2631 2198 2685 agnum
2255 2617 2631 2683 immolarunt,
2667 2629 2718 2673 et
2755 2636 2822 2674 ex
2864 2619 3097 2692 Egypto
3148 2621 3430 2693 fugerunt.

1859 2706 1992 2761 Nam
2028 2708 2175 2764 illius
2218 2712 2348 2763 anni
2395 2711 2786 2780 aequinoctium
2821 2715 2910 2770 die
2962 2714 3142 2770 Martii
3187 2733 3332 2772 nono
3377 2731 3435 2774 et

1859 2799 2124 2854 vict-simo
2157 2801 2298 2855 fuit:
2341 2811 2397 2856 et
2424 2804 2810 2871 plenilunium,
2843 2809 2912 2862 ab
2939 2809 3275 2877 aequinoctio
3307 2827 3434 2881 pro-

1859 2895 2084 2958 ximutn,
2113 2895 2381 2962 postridie
2406 2896 2641 2964 exstitit,
2673 2913 2870 2968 nempe
2888 2915 2958 2954 eo
2979 2900 3090 2964 die,
3116 2903 3208 2971 qui
3237 2897 3434 2958 secun-

1856 2985 1987 3039 dum
2039 2988 2164 3042 illos
2219 2988 2752 3060 decimus-quartus
2791 2993 2996 3048 mensis
3049 2994 3246 3050 Nissan
3303 2997 3431 3058 luit,

1856 3093 2017 3144 quem
2054 3078 2127 3131 illi
2162 3078 2340 3134 Martii
2377 3083 2545 3135 nostri
2593 3082 2718 3136 loco
2749 3083 2985 3152 primum
3021 3087 3152 3140 anni
3185 3102 3429 3143 mensem

163 3174 554 3245 ἁναστάσιμον
586 3174 860 3244 ἑϐδομάδα
921 3172 1193 3242 ἑϐδομάδα
1240 3173 1349 3226 τῶν
1379 3173 1474 3227 τοῦ
1510 3172 1747 3244 Χριστοῦ
1779 3214 1824 3270 c

1779 3214 1824 3270 ϐ
1863 3176 2173 3223 numerant.
2200 3169 2388 3240 Neque
2432 3173 2581 3226 enim
2625 3173 2788 3228 sicuti
2817 3190 2918 3230 nos
2949 3192 3050 3233 nec
3079 3179 3146 3232 ab
3191 3195 3301 3234 uno
3333 3197 3429 3235 eo-

165 3268 541 3337 παθημάτων.
582 3269 690 3321 Καὶ
733 3267 802 3334 τά
859 3267 984 3337 ἑξῆς
1020 3266 1117 3320 τοῦ
1149 3266 1470 3336 σφάλματος
1500 3267 1752 3321 ἐντεῦθεν
1784 3259 1824 3270 ‘-

1784 3259 1824 3270 "
1861 3259 2095 3327 demque
2145 3262 2232 3316 die
2267 3278 2483 3318 menses
2511 3273 2566 3319 et
2610 3279 2785 3322 annos
2828 3267 3028 3333 Persae,
3075 3270 3427 3331 Alexandrini

165 3364 436 3430 γνώριμα
472 3363 584 3423 τοῖς
638 3359 866 3414 ἅπασιν.
909 3361 1031 3413 Ὀτι
1087 3361 1132 3412 δ’
1170 3360 1268 3430 οὐχ
1319 3360 1508 3423 ἁπλῶς
1555 3358 1754 3412 οὑτωσί

164 3471 284 3517 πως
311 3454 429 3506 οὐδ’
455 3453 580 3521 είκῆ
614 3455 728 3522 (28)
764 3456 859 3506 καὶ
895 3453 1075 3523 μάτην
1102 3454 1171 3507 τὰ
1202 3453 1430 3506 τοιαῦτα
1467 3453 1621 3522 παρὰ
1643 3453 1753 3505 τῶν

163 3550 420 3618 θεμένων
462 3547 750 3617 ἐτέθησαν,
786 3546 906 3600 ἀλλ’
938 3547 1149 3600 ἑκαστα
1198 3546 1358 3614 λόγον
1408 3547 1624 3617 ἔχουσιν
1667 3543 1756 3598 εϐ-

165 3640 356 3708 λογον,
399 3639 562 3708 δῆλον
593 3639 694 3709 ἤδη
730 3641 1050 3710 ποιήσομαι.
1096 3641 1158 3692 Ἢ
1206 3639 1306 3709 μὲν
1337 3641 1448 3710 γὰρ
1486 3639 1606 3708 μετ’
1633 3641 1754 3709 ίση-

171 3733 381 3800 μερίαν
412 3732 749 3802 πανσέληνος
774 3735 888 3796 τοῖς
928 3732 1196 3803 Ἐϐραίων
1233 3732 1483 3803 ζητεῖται
1519 3731 1713 3785 παισίν
1738 3747 1752 3762 ·

169 3820 370 3890 ἐπειδὴ
410 3821 656 3884 τοιοῦτος
701 3822 796 3874 καὶ
820 3824 849 3874 ὁ
879 3822 1070 3892 καιρὸς
1111 3822 1225 3891 (29)
1265 3824 1470 3884 ἐκεῖνος
1498 3817 1586 3892 ἦν,
1631 3823 1755 3874 καθ’

163 3915 223 3965 ὃν
278 3914 380 3966 τόν
424 3930 486 3966 τε
527 3915 701 3982 ἀμνὸν
742 3913 942 3966 ἑθυσαν
997 3914 1093 3966 καὶ
1121 3915 1396 3982 Αἴγυπτον
1448 3910 1752 3982 ἔφυγον.Ἥ

167 4006 268 4074 μὲν
284 4006 534 4076 γάᾴτότε
551 4007 812 4075 ίσημερία
833 4007 900 4076 τῇ
922 4004 1013 4058 τοῦ
1028 4007 1273 4077 Μαρτίου
1287 4005 1483 4076 ὲννάτῃ
1503 4006 1595 4058 καὶ
1611 4006 1758 4057 εικο-

165 4103 262 4170 στῇ
284 4100 606 4167 γεγένηται·
626 4103 658 4168 ἡ
682 4096 900 4170 [1³327]
926 4099 981 4151 δὲ
1014 4101 1152 4168 μετὰ
1182 4097 1278 4166 τὴν
1306 4097 1602 4168 ἰσημερίαν
1635 4099 1756 4152 τότε

165 4192 512 4259 πανσέληνος
538 4192 603 4261 τῇ
632 4190 750 4260 μετ’
769 4189 938 4258 αὐτὴν
962 4190 1112 4259 ἑξῆς,
1135 4190 1256 4260 ἥτις
1284 4190 1404 4243 κατ’
1424 4191 1669 4254 ἐκείνους
1689 4187 1756 4259 ἦν

162 4283 748 4353 τεσσαρεσκαιδεκάτη
805 4283 902 4336 τοῦ
958 4283 1192 4337 Νισσάν·
1234 4284 1292 4346 δς
1341 4286 1462 4336 ἀντὶ
1502 4284 1597 4338 τοῦ
1631 4287 1756 4339 καθ’

1858 3365 1914 3408 et
1939 3351 2178 3424 Egyptii
2207 3356 2587 3425 auspicantur.
2630 3373 2735 3414 nec
2779 3359 2884 3429 ipsi
2925 3371 3128 3431 praeter
3160 3364 3300 3421 alios
3327 3365 3429 3422 Ju-

1857 3453 1996 3518 daei;
2053 3454 2148 3508 sed
2194 3454 2391 3525 singuli
2427 3457 2608 3510 aliter.
2663 3456 3017 3515 Alexandrini
3065 3475 3262 3532 quarto
3301 3468 3426 3522 Kal.

1860 3545 2198 3616 Septembris
2218 3548 2394 3602 nostri
2422 3564 2625 3604 annum
2649 3565 2807 3605 suum
2849 3553 3239 3623 auspicantur;
3265 3557 3430 3630 Egy-

1859 3640 1958 3708 ptii
2001 3655 2147 3694 nunc
2191 3640 2260 3695 ab
2291 3641 2506 3702 eodem,
2541 3657 2688 3697 nunc
2732 3643 2802 3697 ab
2829 3645 2940 3699 alio
2965 3645 3076 3713 die,
3104 3658 3159 3702 et
3194 3650 3429 3707 subinde

1860 3729 2042 3785 aliter.
2068 3731 2268 3793 Persae,
2302 3730 2469 3797 Medi,
2505 3732 2623 3787 Indi
2657 3749 2835 3804 neque
2863 3739 3102 3793 cumbis
3137 3756 3316 3812 neque
3347 3744 3430 3798 in-

1861 3833 1943 3876 ter
1974 3837 2033 3876 se
2056 3824 2432 3878 consentiunt.
2465 3823 2640 3878 Judaei
2675 3841 2806 3880 vero
2842 3843 2991 3882 nunc
3040 3830 3108 3883 ab
3141 3832 3242 3886 hoc
3278 3849 3428 3889 nuttc

1859 3917 1929 3970 ab
1970 3917 2064 3971 ille
2107 3929 2273 3986 atque
2306 3919 2444 3972 alias
2484 3921 2552 3974 ab
2583 3923 2692 3975 alio
2721 3922 2898 3976 Martii
2931 3926 3099 3978 nostri
3132 3926 3220 3980 die
3263 3944 3425 3982 suum

1860 4007 2053 4062 Nissan
2086 4009 2402 4063 ordiuntur.
2431 4010 2564 4064 Nam
2595 4027 2938 4082 acongressu
2969 4015 3035 4068 ad
3067 4032 3424 4086 congressum

1858 4097 2093 4163 duorum
2127 4099 2398 4153 lutninum
2423 4101 2689 4156 mensium
2717 4103 2983 4158 circuitus
3016 4121 3307 4161 numerare
3331 4123 3424 4161 so-

1859 4189 1938 4244 liti
1996 4206 2122 4246 eum
2169 4205 2436 4255 mensem,
2479 4192 2574 4261 qui
2607 4209 2832 4248 vernum
2867 4195 3255 4263 aequinoctium
3291 4213 3426 4253 con-

1860 4281 2017 4345 tinet,
2054 4281 2392 4351 reliquorum
2429 4283 2698 4338 mensium
2729 4285 3059 4354 principium
3083 4289 3426 4345 coitstituunt

163 4379 324 4445 ἡμᾶς
360 4376 610 4444 Μαρτίου
635 4377 852 4445 πρῶτος
880 4374 1062 4437 αὐτοῖς
1084 4376 1142 4428 ὲν
1165 4377 1278 4437 τοῖς
1300 4376 1432 4445 μησὶ
1463 4375 1554 4429 τοῦ
1575 4379 1756 4431 ὲνιαυ-

1750 4407 1756 4417 ι
1857 4389 2094 4443 eumque
2125 4374 2318 4429 Nissan
2353 4386 2573 4441 vocant,
2611 4377 2769 4446 cujus
2804 4376 2977 4446 ipsius
3019 4380 3288 4433 incertum
3339 4379 3424 4436 es't

161 4466 261 4518 τοῦ
293 4463 640 4535 ἀριθμεῖται.
681 4465 756 4516 Οὐ
805 4463 914 4534 γὰρ
953 4463 1158 4533 ὁμοίως
1187 4466 1318 4534 ἡμῖν
1341 4466 1450 4518 οὐδ’
1474 4466 1586 4518 άπὸ
1621 4468 1752 4536 μιᾶς

1742 4485 1752 4528 ς
1860 4467 2213 4536 principium.
2266 4467 2531 4522 Dominus
2582 4468 2802 4537 quidem
2859 4469 2991 4524 Mosi
3053 4472 3183 4525 olim
3241 4472 3416 4526 dixit:

161 4561 262 4612 καὶ
305 4561 411 4629 τῆς
446 4559 616 4629 αύτῆς
671 4559 887 4628 ἡμέρας
931 4558 1214 4612 ποιοῦνται
1246 4561 1345 4622 τὰς
1394 4560 1502 4614 τῶν
1558 4561 1744 4631 μηνῶν
1771 4547 1825 4608 D

1771 4547 1825 4608 D
1857 4577 1875 4610 ι
1907 4559 2110 4612 Mensis
2142 4559 2231 4613 hic
2277 4559 2435 4613 vobis
2484 4559 2812 4629 principium
2848 4562 3158 4616 mensium:
3207 4564 3419 4632 primus

159 4669 224 4704 τε
269 4652 369 4704 καὶ
424 4649 691 4704 ἐνιαυτῶν
745 4652 919 4719 ἀρχάς
958 4649 1169 4720 Πέρσαι
1223 4651 1322 4703 καὶ
1372 4651 1745 4721 Ἀλεξανδρεῖς

1854 4660 1937 4707 est
1965 4651 2121 4706 vobis
2149 4651 2206 4705 in
2253 4649 2532 4705 mensibus
2577 4653 2728 4705 anni.
2764 4651 2980 4706 Decima
3012 4656 3215 4709 mensis
3261 4655 3420 4724 hujus

161 4746 266 4799 καὶ
295 4745 588 4812 Αἰγύπτιοι
625 4745 718 4796 καὶ
758 4745 895 4814 πρὸς
943 4745 1058 4806 τοῖς
1095 4743 1278 4806 ἄλλοις
1313 4744 1588 4798 Ἰουδαίων
1614 4748 1746 4797 παῖο

1744 4776 1746 4784 ι
1856 4752 2037 4799 sumat
2065 4743 2447 4813 unusquisque
2497 4743 2735 4796 ﬁliorum
2785 4744 2951 4797 Israel
2991 4759 3157 4814 pecus
3193 4761 3289 4814 per
3315 4749 3418 4800 do-

156 4841 279 4902 δες,
309 4836 430 4891 ἀλλ’
458 4837 534 4900 ὡς
564 4838 767 4907 ἑτέρως
800 4837 1062 4912 ἕκαστοι..
1090 4835 1460 4907 Ἀλεξανδρεῖς
1501 4837 1603 4906 μὲν
1640 4838 1750 4909 γὰρ

1741 4856 1750 4888 ν
1849 4851 2020 4890 mum.
2069 4834 2138 4887 Et
2168 4835 2276 4887 erit
2313 4834 2469 4888 vobis
2505 4845 2891 4889 conservatum
2940 4851 3115 4904 usque
3151 4837 3218 4889 ad
3249 4853 3415 4906 quar-

160 4928 279 5000 πρδ
336 4929 509 4999 τριῶν
555 4928 783 4997 ἡμερῶν
836 4930 938 4998 τῆς
988 4927 1215 5000 πρώτης
1277 4929 1371 4982 τοῦ
1427 4928 1554 4981 καθ’
1600 4931 1750 5000 ἡμᾶς

1741 4945 1750 4991 :
1850 4940 1958 4984 tam
1993 4939 2047 4982 et
2073 4927 2341 4982 decimam
2369 4927 2573 4980 mensis
2613 4928 2794 4996 hujus.
2828 4928 2895 4981 Et
2925 4927 3181 4982 occident
3211 4929 3276 4982 ad
3321 4946 3415 4984 ve-

162 5018 558 5088 Σεπτεμϐρίου
596 5019 710 5089 ('50)
741 5020 843 5088 τὴν
880 5020 1059 5088 ἀρχὴν
1082 5019 1177 5072 τοῦ
1211 5022 1474 5090 σφετέρου
1506 5021 1747 5075 τίθενται

1742 5060 1747 5074 .
1847 5033 2086 5088 Speraui.
2136 5017 2204 5072 Et
2239 5015 2668 5071 ntanducabunt.
2711 5017 2776 5069 Et
2819 5016 3030 5072 facietis
3075 5018 3218 5071 diem
3269 5020 3416 5074 hunc

156 5111 347 5172 ἔτουςο
385 5110 670 5176 Αἰγύπτιοι
695 5110 752 5161 δὲ
800 5109 895 5164 νῦν
947 5111 1049 5180 μὲν
1097 5110 1286 5179 αὐτὴν,
1321 5110 1417 5164 νῦν
1446 5111 1491 5165 δ’
1521 5113 1742 5183 ἑτέραν,

1737 5154 1742 5176 ,
1845 5111 2152 5180 legitimum
2182 5117 2448 5163 a:ternutn
2479 5107 2643 5177 37o
2692 5108 2744 5162 in
2777 5111 3064 5178 progenies
3095 5113 3362 5166 vestras‘.
3393 5132 3411 5163 ι

237 5254 254 5284 ¹
286 5252 466 5307 Exod.
490 5267 586 5314 ιιι,
617 5251 672 5314 2,
703 5251 758 5305 5.

1533 5348 1862 5410 Variorum
1897 5355 2080 5407 notas.

248 5457 365 5522 (28)
397 5456 522 5506 Ὀτι
571 5453 613 5504 δ’
647 5453 744 5520 ούχ
787 5451 971 5514 ἁπλῶς
1006 5451 1204 5504 οὑτωσί
1230 5469 1367 5515 πως,
1425 5453 1535 5506 οὐδ’
1590 5452 1738 5521 εἰκῆ,
1841 5447 1922 5502 Ka

1841 5447 1966 5502 Καί.
2002 5446 2146 5520 Sept.
2171 5449 2304 5504 Nam
2339 5452 2523 5502 tertius
2557 5448 2829 5522 Kalendas
2872 5448 3016 5520 Sept.
3047 5459 3126 5504 est
3163 5450 3283 5506 dies
3301 5451 3416 5505 Au-

155 5519 293 5581 (νά,
325 5519 501 5578 vane,
532 5519 742 5576 Βοινιιι,
1701 5519 1709 5521 “
1840 5521 1983 5589 gusti
2015 5519 2118 5584 50;
2171 5523 2353 5572 tertius
2411 5530 2532 5572 ante
2561 5519 2832 5573 Kalendas
2864 5519 3006 5590 Sept.
3045 5533 3130 5574 est
3165 5522 3282 5578 dies
3307 5523 3418 5576 Au-

240 5599 359 5665 (29)
405 5593 620 5661 Ὶηῖπίιδὴ
677 5591 921 5654 τοιοῦτος
975 5592 1070 5644 καὶ
1118 5594 1145 5644 ὁ
1183 5593 1372 5662 καιρὸς
1427 5601 1557 5657 etc.,
1613 5593 1736 5647 cod.
1841 5606 1907 5658 ευ

1734 5635 1736 5645 .
1841 5591 1984 5658 gusti
2012 5591 2102 5651 ‘29,
2141 5606 2255 5658 quo
2290 5593 2380 5643 die
2412 5591 3058 5665 constat‘Alexanidrtnos
3088 5595 3408 5665 auspicatus

151 5659 350 5724 valle.
381 5659 618 5717 Βοιιικζ
650 5732 660 5733 7
1280 5659 1289 5662 ’
1838 5676 1959 5712 esse
1999 5675 2204 5714 annum
2237 5676 2440 5733 suums
2465 5662 2591 5733 Vide
2617 5659 2801 5714 Pelav.
2841 5664 2914 5716 De
2939 5659 3416 5733 doctrina’tentpa-

231 5739 351 5807 (50)
394 5734 566 5807 Vertit
598 5732 847 5794 Wollius,
883 5733 1415 5807 Alexandrinitertio
1446 5735 1734 5806 lt'al.Sep.'.
1840 5746 1958 5783 rum
1992 5733 2086 5785 ιιι).
2123 5747 2195 5794 νι,
2230 5749 2352 5800 pag.
2387 5732 2512 5786 .522.
2550 5730 2762 5786 Batus.

149 5804 398 5865 Vertere
425 5806 640 5864 debuit,
678 5808 830 5858 tertio
884 5815 1006 5856 ante
1057 5804 1180 5857 Kal.
1214 5806 1362 5874 Sept.
1398 5821 1492 5859 seu
1548 5804 1738 5874 (ικαὶ-ιο

490 5903 760 5962 Ρριτιιοι..
804 5901 920 5960 Gtt.
967 5898 1266 5959 CXLVIII
3036 5904 3105 5962 18
