4240 6442
777 373 877 438 555
1023 365 1095 436 [Α.
1129 379 1182 418 ιι.
1216 359 1344 416 6⁵291
1379 377 1444 415 AD
1483 361 1644 436 6856]

1971 368 2392 431 NICEPHORI
2428 373 2806 434 GREGOR/E

3144 366 3278 440 [tum
3311 385 3589 426 annnam.
3625 373 3771 446 smn]

3918 378 4018 444 556

783 488 892 539 llnc
918 485 984 540 de
1016 500 1176 539 causa
1213 496 1268 539 et
1303 485 1357 538 in
1383 483 1702 537 memoriam
1737 481 1885 538 illius
1916 481 2027 536 dici
2051 484 2349 552 quotannis
2381 491 2426 546 Α
2456 507 2457 512 π

2345 502 2349 535 ;
2381 491 2426 546 Α
2456 488 2549 540 καὶ
2571 488 2746 540 ἄλλοτ’
2779 487 2945 557 ἄλλην
2979 488 3084 540 ἀεί·
3121 491 3213 541 καὶ
3244 490 3452 561 Πέρσαι
3491 491 3548 544 δὲ
3601 494 3691 545 καὶ
3718 494 3896 563 Μῆδοι
3929 501 4019 548 καὶ

779 577 975 630 l'esmm
1030 577 1313 630 Paschalis
1363 575 1665 630 celebrant.
1711 574 1821 630 Nec
1867 574 1936 630 ob
1974 591 2092 628 eam
2130 585 2338 628 tantum

775 684 992 722 causam
1019 685 1033 732 ;
1066 683 1254 720 verum
1284 667 1449 721 etiam
1478 675 1535 718 ut
1564 667 1635 719 sit
1670 674 1831 736 typus
1869 681 1968 721 seu
2003 666 2172 735 figura
2197 676 2343 719 tran-

774 759 915 812 situs
942 772 1006 810 ex
1060 757 1163 810 lioc
1197 757 1397 810 saeculo
1433 756 1486 808 in
1524 755 1793 820 futurum,
1825 756 1968 809 sicut
2003 757 2118 825 ipse
2147 755 2344 808 transi-

776 861 866 904 tus
894 865 958 903 ex
991 849 1247 919 A‘Lgypto.
1291 850 1427 902 Cum
1457 850 1640 917 itaque
1669 849 1914 901 futurum
1958 850 2214 901 sarculum
2249 863 2343 900 ve-

733 939 735 942 ’
787 957 997 1009 spetam
1028 940 1342 993 habiturum
1372 955 1478 991 non
1513 940 1604 995 sit.
1646 939 1753 990 alio
1779 938 1940 990 modo
1965 939 2082 991 sine
2115 954 2340 1006 vespera

777 1046 940 1086 etiam
973 1034 1090 1100 ejus
1133 1031 1498 1084 solemnitatis
1531 1032 1675 1082 diem
1709 1046 1828 1084 esse
1867 1041 2118 1099 Oporterc
2147 1031 2339 1083 aiunt:

777 1127 831 1180 id
858 1127 1001 1195 quod
1037 1126 1114 1190 lit,
1147 1142 1270 1179 cum
1303 1127 1444 1179 luna:
1474 1125 1939 1193 lletiiispltaariuni,
1969 1126 2121 1177 nobis
2150 1124 2346 1178 obver-

777 1237 920 1282 sum,
955 1222 1173 1286 plennm
1200 1219 1406 1272 lumine
1439 1233 1534 1271 seu
1573 1225 1744 1270 totum
1780 1217 2019 1270 lucidum
2051 1227 2154 1271 est.
2201 1216 2345 1271 Solis

775 1331 920 1367 enim
953 1329 1207 1366 occasum
1242 1314 1426 1366 statitn
1463 1321 1576 1364 tum
1607 1320 1834 1365 exortus
1883 1312 2026 1364 lunae
2070 1312 2341 1380 sequitur,

778 1421 876 1458 nec
907 1407 1068 1458 ullam
1101 1408 1288 1456 horam
1314 1405 1509 1457 cwlum
1540 1404 1698 1456 nobis
1723 1404 2017 1456 obscurum
2044 1419 2165 1457 esse
2189 1403 2342 1455 sinit.

775 1498 899 1551 Fuit
931 1497 1093 1566 igitur
1132 1507 1244 1550 tum
1295 1511 1533 1564 quoque,
1593 1505 1651 1548 ut
1699 1495 1978 1563 probabile
2014 1507 2118 1560 est,
2170 1496 2346 1548 ltemi-

777 1593 1072 1660 splizerium
1103 1590 1267 1652 lunaa,
1316 1590 1460 1657 Quod
1499 1605 1691 1642 versus
1729 1606 1829 1642 nos
1860 1601 2090 1658 spectat,
2120 1591 2341 1658 plcitum

779 1683 1082 1736 luminibus
1103 1693 1253 1734 Sexta
1280 1682 1417 1734 sexti
1449 1681 1594 1735 illius
1614 1683 1718 1736 diei
1748 1686 1878 1752 (quo
1899 1683 2154 1736 nimirum
2183 1685 2342 1737 Citri-

778 1785 894 1828 stus
931 1789 1120 1843 passus
1148 1774 1253 1843 est)
1301 1772 1456 1835 liora,
1497 1789 1620 1827 cum
1670 1775 1796 1827 luna
1839 1787 2060 1828 centum
2110 1787 2165 1830 et
2193 1789 2342 1830 octo-

777 1870 922 1937 ginta
963 1867 1212 1935 partibus
1258 1882 1286 1918 a
1319 1868 1431 1918 sole
1469 1867 1714 1920 distaret.
1770 1867 2138 1932 Quamobrem
2197 1887 2346 1922 mon-

778 1972 955 2014 stt-osa
985 1962 1098 2014 visa
1125 1971 1207 2014 cst
1231 1960 1526 2028 astrologis
1554 1970 1609 2014 et
1637 1974 1801 2030 supra
1833 1963 2100 2016 rationem
2137 1979 2197 2016 ea
2225 1980 2347 2032 qua:

784 2068 896 2106 tum
932 2053 1129 2107 aecidit
1173 2053 1303 2107 solis
1331 2053 1588 2106 defectio.
1624 2052 1811 2123 Neque
1843 2057 1989 2108 enim
2036 2071 2253 2109 causam
2290 2058 2342 2110 in

781 2157 971 2200 natura
1003 2146 1240 2214 aliquam
1267 2145 1524 2198 habebat.
1554 2145 1688 2201 Nam
1713 2161 1836 2198 cum
1861 2147 2108 2200 eamdem
2137 2157 2347 2201 utrum—

779 2257 886 2309 que
920 2243 1102 2294 lumen
1144 2251 1352 2309 partem
1389 2241 1597 2295 zodiaci
1628 2253 1882 2310 occupat,
1912 2243 2186 2296 naturales
2213 2243 2346 2296 solis

781 2334 1086 2394 (left-tiones
1124 2334 1467 2403 contingunt,
1504 2333 1630 2387 luna
1662 2335 1833 2389 solem
1883 2335 2175 2390 subeunte.
2215 2336 2345 2389 Eam

783 2444 912 2486 yero
959 2427 1206 2494 partibus
1234 2436 1452 2480 centum
1505 2436 1561 2479 et
1590 2431 1867 2496 octoginta
1919 2428 2164 2481 dissitam
2199 2439 2347 2481 retro

783 2534 1050 2574 converso
1089 2534 1256 2572 cursu
1288 2519 1462 2572 solem
1499 2519 1759 2581 subiisse,
1812 2520 1863 2572 id
1902 2535 2029 2573 vero
2062 2536 2222 2588 supra
2252 2537 2347 2573 na-

787 2613 1015 2666 turalem
1042 2627 1258 2664 onmem
1286 2611 1554 2664 rationein
1584 2612 1788 2666 factum
1817 2621 1922 2668 est.
1953 2613 2131 2677 Quare
2167 2615 2217 2666 id
2249 2615 2348 2665 iiii-

787 2707 1027 2759 I'ilCllllllll
1061 2705 1362 2758 astronomi
1406 2714 1534 2759 ante
1567 2706 1704 2759 alios
1739 2721 1931 2760 omnes
1981 2718 2107 2759 sunt
2142 2707 2346 2771 mirati,

784 2811 838 2850 et
867 2799 1031 2852 Deum
1068 2812 1187 2852 esse
1210 2799 1305 2867 qui
1334 2807 1614 2869 pateretur
1641 2799 1918 2852 dixvrunt.
1948 2800 2082 2853 Nam
2114 2801 2350 2854 indoctis

787 2896 1010 2947 minime
1047 2894 1267 2962 quidem
1305 2895 1358 2947 id
1393 2904 1794 2962 portentosum,
1839 2895 1934 2948 sed
1970 2896 2351 2962 superioribus

786 2987 1114 3056 371etiam
1138 2987 1298 3040 annis
1318 2987 1576 3041 usitatum
1602 2989 1776 3040 visunt
1797 2989 1983 3041 εει.Εο
2003 2988 2167 3053 igitur
2191 2988 2354 3056 pleni-

787 3081 940 3133 lunio
981 3079 1184 3134 Pascha
1222 3079 1395 3133 Judtei
1436 3080 1820 3144 immolarunt;
1866 3095 1933 3133 eo
1963 3081 2348 3148 aequinoctium

2464 577 2614 629 Ἰνδοὶ
2656 577 2865 638 τούτοις
2903 595 2963 630 τε
3009 580 3141 631 πᾶσι
3193 581 3286 632 καί
3337 597 3520 646 σφισιν
3550 584 3730 646 αὐτοῖς
3766 585 4019 655 ἀλλήλοις

2446 668 2772 736 ἀσύμφωνα.
2840 670 2946 722 Καὶ
2987 670 3232 722 Ἰουδαῖοι
3293 671 3349 723 δὲ
3401 675 3530 726 ποτέ
3581 675 3680 744 μὲν
3735 678 3893 740 τήνδε
3927 679 4017 729 τοῦ

2447 759 2569 810 καθ’
2611 763 2758 827 ἡμᾶς
2814 762 3098 832 Μαρτίου,
3154 765 3282 815 ποτέ
3327 765 3373 817 δ’
3425 767 3619 835 ἑτέραν
3653 769 3891 836 ἡμέραν,
3932 771 4024 822 καὶ

2445 852 2624 905 ἄλλοτ’
2657 853 2824 922 ἄλλην
2849 856 2956 918 ἀεὶ,
3000 857 3173 926 ἀρχὴν
3207 858 3300 910 τοῦ
3331 859 3481 928 ιπαρ’
3511 860 3697 923 αὐτοῖς
3725 861 4020 913 ποιοῦνται

2449 944 2683 998 Νισσάν.
2734 946 2866 1000 una
2921 948 3031 1016 γὰρ
3081 949 3307 1001 συνόδου
3352 952 3490 1018 πρὸς
3527 952 3747 1004 σύνοδον
3778 953 3891 1005 τῶν
3930 954 4022 1004 δὲο

2448 1036 2760 1102 φωστήρων
2796 1036 2897 1098 τάς
2945 1035 3055 1087 τῶν
3099 1037 3285 1106 μηνῶν
3325 1038 3686 1105 ἀριθμοῦντες
3732 1040 4016 1108 περιόδους

2446 1123 2536 1172 τὸν
2573 1122 2771 1173 ἐαυτοῦ
2809 1124 3010 1191 μεταξὺ
3043 1125 3145 1193 τὴν
3182 1126 3390 1194 ’ἡρινὴν
3425 1129 3720 1195 ἰσημερίαν
3750 1130 4019 1196 περιλαμ-

2446 1215 2678 1267 ϐάνοντα
2712 1218 2926 1286 πρῶτον
2971 1221 3066 1270 καὶ
3115 1220 3291 1288 ἀρχὴν
3337 1222 3452 1272 τῶν
3504 1221 3681 1273 ἄλλων
3741 1222 4021 1274 ποιοῦνται

2451 1306 2638 1374 μηνῶν
2675 1310 2770 1359 καὶ
2818 1307 3029 1360 Νισσάνν
3079 1307 3466 1376 ὀνομάζουσιν,
3520 1311 3780 1377 ἀόριστον
3817 1311 3917 1381 τὴν
3947 1315 4024 1384 οξ-

2446 1397 2602 1450 κείαν
2643 1397 2834 1465 ἔχοντα
2868 1399 3068 1467 ἀρχὴν.
3095 1401 3265 1468 Φησὶν
3304 1396 3399 1453 οῦν
3449 1401 3586 1469 πρὸς
3617 1404 3821 1455 Μωσέα
3855 1405 4023 1456 πάλαι

2445 1492 2472 1542 ό
2503 1490 2728 1558 Κύριος·
2772 1508 2789 1540 ι
2836 1490 2896 1542 '0
2930 1491 3035 1560 μὴν
3062 1485 3217 1553 οὗτος
3253 1495 3380 1561 ὑμῖν
3404 1497 3544 1564 ἀρχὴ
3584 1498 3768 1564 μηνῶν
3805 1499 4022 1566 πρῶτος

2451 1583 2579 1648 ὑμῖν
2627 1585 2778 1634 ἐστιν
2816 1583 2874 1633 ἐν
2917 1586 3029 1645 τοῖς
3073 1588 3208 1654 μησὶ
3255 1587 3349 1638 τοῦ
3382 1589 3655 1643 ἐνιαυτοῦ.
3697 1591 3773 1658 τῇ
3819 1590 4021 1660 δεκάτῃ

2447 1671 2540 1724 τοῦ
2601 1675 2770 1742 μηνΒς
2844 1672 3034 1726 τούτου
3119 1676 3330 1729 λαϐέτω
3401 1677 3625 1740 ἕκαστος
3700 1679 3812 1730 τῶν
3885 1681 4020 1730 uid»;

2465 1767 2680 1837 Ἰσραὴλ
2712 1767 2986 1836 πρόϐατον
3025 1769 3146 1822 κατ’
3180 1772 3379 1824 οἰκίαν.
3415 1772 3526 1825 Καὶ
3572 1773 3725 1824 ἔσται
3754 1774 3882 1840 ὑμῖν
3907 1774 4023 1824 δια-

2453 1861 2824 1929 τετηρημένον
2850 1862 2956 1924 ’ἐως
2981 1862 3078 1931 τῆς
3106 1865 3710 1934 τεσσαρεσκαιδεκάτης
3740 1865 3830 1918 τοῦ
3857 1868 4025 1934 μηνὸς

2452 1956 2663 2006 τούτου·
2701 1957 2793 2007 καὶ
2824 1956 3086 2022 σφάξουσι
3138 1957 3273 2026 πρὸς
3312 1958 3550 2028 ἑσπέραν
3598 1961 3690 2011 καὶ
3731 1961 4020 2027 (φάγονται.

2451 2048 2559 2099 Καὶ
2614 2049 2871 2116 ποιήσετε
2910 2050 3008 2118 τὴν
3060 2051 3275 2119 ἡμέραν
3311 2050 3514 2120 ταύτην
3552 2052 3781 2119 νόμιμον
3808 2052 4024 2115 αἰών-ιω

2450 2142 2528 2199 εἰς
2560 2141 2753 2207 γενεὰς
2787 2141 2963 2210 ὑμῶν.
3025 2163 3042 2191 ι
3081 2142 3247 2194 Ταῦτ’
3280 2145 3386 2213 ἄρα
3446 2146 3539 2198 καὶ
3590 2149 3666 2207 εἰς
3720 2147 4027 2212 ἀνάμνησιν

2449 2233 2551 2300 τῆς
2593 2235 2803 2302 ἡμέρας
2849 2233 3066 2301 ἐκείνης
3103 2236 3320 2302 ἐτήσιον
3361 2236 3448 2287 ἀεὶ
3498 2237 3774 2289 ποιοῦνται
3807 2237 3908 2306 τὴν
3933 2236 4025 2288 τοῦ

2453 2325 2643 2394 Πάσχα
2683 2328 3016 2394 πανήγυριν·
3056 2327 3115 2378 οὐ
3148 2329 3306 2396 μόνον
3343 2329 3421 2393 δέ,
3455 2330 3587 2380 ἀλλὰ
3627 2331 3719 2382 καὶ
3751 2332 3827 2391 εἰς
3855 2329 4028 2382 τύπον

2453 2420 2548 2487 τῆς
2592 2421 2654 2470 ἐκ
2681 2419 2776 2471 τοῦ
2806 2423 3069 2489 παρόντος
3112 2423 3247 2490 πρὸς
3273 2423 3363 2474 τὸν
3406 2424 3666 2491 μέλλοντα
3697 2424 3867 2474 αἰῶνα
3908 2423 4028 2475 δια-

2456 2510 2666 2574 εασεως
2711 2514 2850 2564 κατὰ
2885 2515 2982 2582 τὴν
3015 2514 3072 2576 ἐξ
3107 2516 3381 2578 Αἰγύπτου
3432 2514 3698 2566 διάϐασιν.
3733 2515 3896 2566 Ὂοεν
3937 2516 4030 2565 καὶ

2452 2604 2754 2673 ἁνεσπέρου
2805 2605 2898 2656 τοῦ
2954 2606 3238 2672 μέλλοντος
3286 2607 3436 2667 ὄντος
3475 2608 3672 2667 αἰῶνος
3721 2607 4033 2674 ἀνέσπερον

2454 2697 2638 2764 ⁶ἑτερον
2663 2701 2861 2765 τρόπον
2886 2694 3024 2751 εἶναι
3055 2699 3167 2751 δεῖν
3204 2716 3333 2766 φασι
3363 2700 3458 2750 καὶ
3492 2699 3552 2751 τὸ
3590 2699 3712 2769 τῇδε
3752 2703 3818 2769 τῇ
3853 2716 4033 2766 πανη-

2454 2784 2614 2851 γύρει
2647 2786 2927 2838 διακονοῦν
2955 2788 3317 2855 νυχῦὴμερον.
3355 2787 3524 2840 Τοῦτο
3553 2789 3607 2841 δὲ
3650 2789 3858 2855 γίνεται
3891 2791 4035 2855 πλη-

2459 2879 2650 2946 σιφαὲς
2683 2897 2736 2930 τε
2776 2881 2866 2930 καὶ
2918 2881 3252 2947 πανσέληνον
3305 2879 3365 2930 τὸ
3409 2880 3546 2948 πρὸς
3594 2882 3742 2948 ἡμᾶς
3769 2883 4039 2948 ἡμισφαῖ-

2461 2988 2574 3039 ριον
2615 2970 2716 3038 τῆς
2751 2973 2982 3041 σελήνης
3026 2972 3276 3039 ἐχούσης.
3314 2972 3424 3041 Τὴν
3467 2975 3575 3040 γὰρ
3622 2974 3714 3026 τοῦ
3755 2974 3909 3042 ἡλίου
3943 2992 4041 3044 τη-

2459 3062 2689 3114 νικαῦτα
2737 3063 2947 3132 δύσινή
2996 3065 3096 3126 τῆς
3134 3067 3556 3134 σελὴνὴςοεύθῦς
3588 3067 3824 3136 ἀνατολὴ
3859 3067 4042 3119 διαδέ-

784 3173 1326 3238 l'uit;coetServator
1348 3180 1534 3226 noster
1556 3185 1781 3227 mortem
1802 3188 1898 3242 pro
1917 3175 2075 3228 nobis
2095 3175 2347 3243 oppetiit.
2379 3176 2419 3232 C
2457 3174 2458 3178 “

2379 3176 2419 3232 C
2457 3171 2608 3223 χεται
2648 3156 2742 3208 καὶ
2769 3157 3030 3222 οὐδεμίαν
3069 3157 3217 3226 ὥραν
3251 3160 3384 3224 ἡμῖν
3431 3159 3541 3225 (3i)
3580 3160 3643 3228 ἐᾷ
3681 3161 4037 3226 σκοτισθῆναι

786 3266 1053 3319 Umnibus
1087 3280 1253 3333 porro
1286 3274 1478 3318 notum
1523 3273 1628 3330 est,
1663 3267 1876 3318 tertiam
1929 3267 2095 3319 fuisse
2128 3277 2250 3335 post
2277 3267 2353 3321 le-

787 3361 904 3426 gale
934 3360 1063 3412 illud
1096 3358 1296 3414 festum
1327 3373 1447 3412 eam
1477 3358 1642 3421 diem,
1674 3374 1782 3427 qua
1815 3359 2078 3414 Dominus
2106 3370 2293 3413 noster
2321 3376 2350 3413 a

789 3462 965 3504 morte
993 3451 1314 3514 resurrexit,
1339 3465 1571 3520 eamque
1593 3450 1762 3504 fuisse
1785 3451 1988 3505 mensis
2011 3451 2184 3505 Martii
2210 3452 2351 3505 diem

791 3543 1103 3596 vicesimam
1135 3545 1406 3612 quintam.
1441 3543 1571 3609 Quae
1604 3539 1731 3597 duo.
1760 3545 1969 3613 utique,
2008 3545 2265 3598 nimirum
2301 3555 2356 3597 et

791 3635 996 3688 nn-nsis
1017 3635 1160 3688 diem
1189 3643 1245 3689 et
1273 3633 2060 3700 resurrectionismysterium,
2083 3651 2206 3691 eum
2227 3650 2358 3689 eon-

785 3725 972 3792 juncta
1003 3733 1207 3787 essent,
1244 3723 1492 3778 bifariam
1525 3733 1581 3778 et
1617 3724 1880 3778 trifariam
1911 3734 1968 3778 et
2001 3725 2352 3777 multifariam

791 3815 964 3868 divisa
1009 3817 1222 3883 piorum
1265 3824 1439 3868 emtas
1484 3814 1815 3868 observavit.
1853 3813 1984 3867 Nam
2032 3815 2122 3868 alii
2155 3817 2358 3869 mensis

793 3907 936 3959 diem
971 3915 1232 3974 perpetuo
1271 3907 1519 3958 instituto
1553 3915 1754 3958 nostra:
1806 3905 2089 3959 lestivitati
2136 3905 2357 3958 dicave-

793 4008 955 4059 runt;
983 3997 1074 4050 alii
1098 3997 1377 4050 Pascliatis
1405 3996 1548 4049 diem
1569 4012 1635 4050 ex
1655 3995 2184 4064 observationelcgis
2205 3996 2358 4065 prius

794 4090 1158 4154 indagaliant;
1200 4088 1397 4141 deinde
1430 4089 1590 4142 tertio
1624 4097 1746 4157 post
1781 4088 1870 4141 die
1905 4088 2222 4157 mysterium
2254 4102 2357 4139 no-

795 4193 970 4232 strum
1019 4182 1393 4234 celebrabant.
1449 4181 1603 4234 Unde
1652 4180 1864 4243 infesta,
1922 4192 1980 4232 ut
2032 4181 2104 4232 ita
2157 4181 2356 4244 dicam,

799 4275 1064 4327 testivitas
1104 4275 1406 4336 exstiterat,
1451 4283 1508 4326 et
1560 4288 1666 4325 non
1719 4287 1883 4339 parva
1921 4272 2118 4324 seditio
2152 4283 2205 4324 et
2241 4287 2363 4339 per-

800 4369 1041 4420 turbatio
1091 4367 1141 4418 in
1191 4366 1393 4419 Christi
1440 4366 1736 4418 Ecclesium
1789 4364 2079 4416 invaserat.
2131 4363 2265 4416 Nam
2317 4363 2361 4415 si

799 4473 1013 4525 semper
1061 4461 1254 4512 tertius
1304 4476 1332 4512 a
1385 4459 1540 4527 lrgnli
1574 4458 1834 4510 Pascliate
1859 4457 1976 4510 dies
2005 4455 2266 4508 incideret
2305 4455 2358 4508 in

2451 3244 2543 3295 τὸν
2597 3243 2740 3311 ὑπὲρ
2792 3244 3031 3311 κεφαλῆς
3065 3245 3221 3312 ἀέρα.
3259 3241 3364 3296 Ἦν
3419 3245 3516 3312 μέν
3549 3247 3730 3298 τοίνυν
3765 3250 3862 3310 διαὶ
3888 3248 4036 3308 τότε,

2458 3339 2532 3400 ὡς
2563 3339 2735 3403 εἰκὸς,
2764 3339 3068 3407 πλησιφαές
3096 3340 3156 3390 τὸ
3183 3339 3319 3408 πρὸς
3355 3341 3503 3408 ἡμᾶς
3551 3341 3722 3406 αὐτῆς
3757 3341 4038 3410 ἡμιτφαί-

2461 3445 2574 3497 ριον
2597 3429 2792 3497 ἔχουσα
2831 3431 2864 3496 ἡ
2909 3429 3108 3498 σελήνη
3159 3433 3224 3499 τῇ
3278 3430 3415 3500 ἕκτη
3463 3432 3567 3499 τῆς
3618 3432 3780 3500 ἕκτης
3820 3433 4039 3500 ἐκείνης

2458 3523 2670 3589 ἡμέρας
2727 3521 2846 3592 ὥρᾳ
2875 3524 3202 3591 ὀγδοήκοντα
3248 3524 3343 3575 καὶ
3380 3525 3573 3576 ἑκατὸν
3602 3524 3905 3592 τηνικαῦτα
3942 3526 4037 3578 τοῦ

2459 3611 2609 3682 ἡλίου
2669 3614 3016 3683 ἀφισταμένη
3080 3615 3296 3682 μοίρας.
3343 3616 3442 3665 Διά
3492 3631 3574 3666 τοι
3613 3616 3772 3666 τοῦτο
3817 3617 3917 3666 καὶ
3957 3633 4044 3667 τεο

2462 3701 2683 3767 ράστιον
2725 3704 2870 3766 ἔδοξε
2924 3705 3035 3765 τοῖς
3087 3701 3436 3770 ἀστρολόγοις
3489 3708 3584 3754 καὶ
3633 3703 3774 3769 ὑπὲρ
3824 3703 4042 3771 λὲγυνό

2459 3792 2614 3858 λόγος
2667 3795 2764 3862 τῆς
2800 3795 2920 3846 τότε
2969 3795 3268 3862 γενομένης
3317 3795 3550 3863 ἡλιακῆς
3607 3794 3931 3862 ἐκλείψεως.
3965 3799 4040 3848 Οὖ

2460 3888 2566 3957 γὰρ
2619 3889 2849 3951 φυσικός
2890 3904 2970 3948 τις
3020 3887 3205 3937 εἶπετο
3236 3885 3410 3956 ταύτῃ
3458 3885 3634 3953 λόγος.
3681 3887 3765 3938 Ἐν
3795 3887 3907 3954 γὰρ
3944 3890 4043 3957 μιᾷ

2458 3979 2550 4032 τοῦ
2575 3979 2839 4040 ζωδιακοῦ
2874 3979 3176 4048 γενομένων
3203 3977 3363 4047 μοίρᾳ
3401 3980 3508 4029 τῶν
3525 3980 3616 4028 δύο
3643 3984 3957 4047 φωστὴριυν
3988 3983 4045 4032 αἰ

2462 4074 2690 4138 φυσικαὶ
2714 4072 2805 4123 τοῦ
2835 4072 2986 4142 ἡλίου
3009 4072 3592 4138 τελοῦνταιὲκλεέιξεις,
3628 4073 4044 4142 ὑποτρεχούσης

2461 4167 2560 4233 τῆς
2608 4166 2835 4234 σελήνης
2872 4165 3147 4232 τδνγῆλιον
3174 4164 3258 4236 [Ρ.
3283 4166 3434 4236 228].
3467 4165 3824 4234 ὐ-ίδγκὴκοντα
3859 4168 3917 4218 δὲ
3953 4171 4048 4221 καὶ

2465 4258 2658 4310 ἑκατὸν
2697 4257 3049 4325 διισταμένην
3099 4260 3289 4325 μοίρας
3333 4259 3431 4322 τὴν
3473 4258 3691 4324 σελένὴν
3722 4259 4046 4324 emtas».

2468 4350 2636 4417 μῆσαι
2682 4351 2775 4400 καὶ
2832 4348 3167 4417 ὑποδραμεῖν
3222 4349 3312 4400 τὸν
3366 4349 3538 4417 ἡλιον.
3594 4348 3750 4399 τοῦτο
3802 4348 3849 4399 δ’
3899 4350 4048 4416 ὑπὲρ

2467 4444 2643 4495 πάντα
2697 4443 2923 4510 φυσικὸν
2966 4442 3428 4510 ἐτελεσιουργήοη
3488 4442 3664 4507 λόγον.
3728 4440 3897 4492 ’Ὅθεν
3949 4449 4046 4492 καὶ

801 4554 1051 4616 quintum
1085 4565 1149 4603 ac
1190 4551 1505 4603 vicesimum
1555 4549 1731 4601 Martii
1765 4547 1932 4610 diem,
1971 4548 2166 4600 melius
2193 4547 2242 4599 id
2273 4562 2360 4601 es-
2388 4577 2438 4635 Ι)
2471 4555 2475 4567 ⁴

2388 4577 2438 4635 D
2471 4536 2576 4602 πρὸ
2604 4551 2664 4599 γε
2706 4536 2917 4584 πάντων
2951 4533 3278 4602 ἀστρονόμοι
3312 4535 3371 4584 τὸ
3408 4532 3592 4601 θαῦμα
3623 4532 3712 4584 διὰ
3745 4532 4035 4600 Θαύματος

800 4657 883 4698 set
918 4646 1228 4710 festumque
1275 4643 1636 4694 consentiret.
1687 4639 1790 4693 Sed
1825 4640 1950 4708 quia
2004 4654 2232 4708 perraro
2281 4639 2360 4703 fit,

800 4743 858 4786 ut
890 4733 1048 4784 simul
1081 4729 1326 4783 incidant
1348 4738 1402 4781 et
1432 4728 1518 4780 vix
1556 4729 1695 4780 intra
1722 4742 1896 4780 annos
1918 4727 2221 4794 plurimos;
2246 4742 2365 4793 per-

800 4831 963 4888 petito
993 4830 1172 4871 autem
1204 4827 1259 4871 et
1287 4818 1583 4886 quotannis
1624 4816 1736 4870 fere
1771 4816 1988 4878 accidit,
2040 4825 2098 4868 ut
2127 4817 2358 4869 alterum

799 4919 865 4966 ab
895 4913 1068 4964 altero
1096 4911 1297 4972 distet;
1322 4909 1414 4962 alii
1451 4907 1838 4976 plenilunium,
1868 4907 2012 4974 quod
2047 4915 2168 4972 post
2194 4909 2362 4974 tequi-

801 5003 1042 5055 noctium
1076 5002 1312 5061 exsistit,
1361 5006 1798 5060 anu-verterunt,
1849 4995 1938 5047 alii
1983 4996 2153 5049 secuti
2190 5005 2360 5058 sunt;

801 5097 889 5148 alii
929 5097 1130 5162 spretis
1155 5091 1503 5159 aequinoctiis
1533 5099 1588 5141 et
1613 5089 1766 5156 agnis
1800 5097 1854 5140 et
1875 5089 2364 5140 saeriliciisctom-

801 5187 964 5239 nibus
992 5185 1254 5253 legitimis
1305 5184 1502 5235 ritibus
1549 5181 1964 5248 quadragesima
2010 5187 2220 5230 tantum
2258 5195 2361 5230 nu-

805 5288 1008 5331 tnerata
1030 5278 1297 5346 jejunium
1313 5274 1687 5333 absolverunt,
1713 5273 1892 5322 ubivis
1911 5279 1963 5321 et
1983 5281 2256 5337 utcunque
2273 5286 2362 5321 ce-

801 5372 1048 5424 cidisset.
1083 5369 1216 5422 llinc.
1236 5368 1402 5421 multa
1419 5367 1668 5421 confusio
1691 5374 1741 5417 t-t
1761 5363 1920 5433 372
1945 5363 2282 5431 perturbatio
2311 5371 2364 5415 ct

803 5462 1220 5532 quaedamvcluti
1237 5461 1542 5529 linguarum
1561 5457 2006 5526 partititicitstitit
2024 5471 2087 5508 ex
2111 5455 2265 5507 unica
2285 5471 2361 5507 re.

802 5556 959 5611 Certe
989 5557 1134 5609 enim
1165 5553 1450 5623 probabile
1479 5561 1586 5618 est,
1621 5551 1757 5606 alios
1787 5549 1926 5603 cibis
1958 5548 2286 5602 abStinnisse
2311 5553 2367 5598 et

2467 4629 2673 4694 ἡγαγον
2721 4627 2814 4676 καὶ
2857 4626 2990 4676 θεὸν
3031 4624 3170 4676 εἶναι
3208 4627 3298 4675 τὸν
3330 4624 3609 4691 πάσχοντα
3642 4622 3878 4689 ἔφασαν.
3913 4624 4039 4683 Τοῖς

2469 4717 2575 4784 γὰρ
2609 4715 2877 4784 ἀμαθέσιν
2919 4717 3039 4768 οὐδὲ
3083 4719 3370 4784 τεράστιον
3423 4715 3637 4778 ἔδοξεν,
3689 4714 3804 4765 ἀλλ’
3841 4716 4042 4774 εἰωθὸς

2469 4812 2575 4868 τοί,
2618 4808 2890 4867 πλείστοις
2930 4809 3126 4858 ἔτεσιν.
3182 4807 3268 4856 Ἐν
3301 4805 3487 4876 ἐκείνῃ
3519 4804 3699 4855 τοίνυν
3737 4807 3795 4871 τῇ
3833 4821 4045 4856 πανσε-

2470 4901 2618 4969 λὴνῳ
2653 4903 2746 4953 καὶ
2772 4901 2832 4952 τὺ
2857 4901 3048 4969 Πάσχα
3065 4903 3176 4962 τοῖς
3215 4900 3488 4960 Ἰουδαίοις
3519 4897 3726 4949 ἐθύετο·
3762 4901 3821 4948 ἐν
3853 4901 4047 4969 ἐκείνῃ

2464 4996 2520 5045 δέ
2569 5010 2629 5059 γε
2661 4994 2755 5044 καὶ
2799 4995 2866 5044 τά
2896 4995 2990 5060 τῆς
3030 4994 3318 5062 ἰσημερίας
3349 4989 3436 5061 ἦν·
3468 4997 3524 5042 ἐν
3572 4992 3758 5060 ἐκείνῃ
3785 4991 3841 5042 δὲ
3881 4996 3980 5042 καὶ
4020 4996 4046 5041 ο

2473 5087 2688 5154 Σωτὴρ,
2718 5087 2789 5147 ὡς
2827 5090 3057 5154 ἐφημεν,
3096 5087 3231 5152 ὑπὲρ
3267 5087 3423 5154 ἡμῶν
3455 5083 3799 5135 ἐϐανατοῦτο.
3836 5084 4046 5150 Γνώρι-

2471 5197 2570 5246 μον
2604 5178 2658 5230 δὲ
2688 5179 2857 5248 δήπου
2909 5182 3018 5237 τοῖς
3076 5181 3298 5240 ἆπασεν,
3341 5178 3415 5239 ὡς
3441 5177 3598 5245 τρίτη
3652 5179 3748 5243 μὲν
3792 5171 3859 5242 ἦν
3907 5177 4047 5244 μετὰ

2467 5270 2564 5337 τὴν
2589 5270 2820 5336 νομικὴν
2847 5265 3063 5335 εκείνην
3089 5268 3300 5337 ἑορτὴν,
3332 5271 3386 5318 ἐν
3483 5266 3540 5316 τὸ
3571 5265 3666 5331 τῆς
3691 5264 3881 5330 ϐεῖκὴς
3914 5270 4046 5333 ἡμῖι

2470 5361 2822 5422 ἀναστάσεως
2858 5363 3159 5428 μυστήριον
3190 5358 3504 5425 ἐγεγένητο·
3549 5360 3641 5408 καὶ
3673 5356 3746 5417 ὡς
3781 5373 4046 5424 πεμπῖὴι

2469 5456 2562 5505 καὶ
2613 5453 2860 5521 εἰκοστὴν
2898 5451 3197 5518 τηνικαῦτα
3226 5453 3252 5501 ὁ
3278 5451 3517 5517 Μάρτιος
3553 5449 3679 5516 ἤνυε
3713 5451 3840 5516 μὴν.
3875 5450 3942 5499 Ἀ
3982 5449 4046 5512 ὅτι

2466 5544 2558 5596 δύο
2597 5544 2725 5595 ὄντα
2759 5544 2815 5594 ἐν
2847 5540 3054 5610 ταυτῴ,
3088 5546 3186 5610 τὴν
3234 5556 3290 5591 τε
3338 5537 3436 5613 τοῦ
3465 5541 3636 5608 μηνὸς
3681 5542 3900 5608 ἡμέραν
3954 5538 4045 5604 εἴη·

2145 5679 2474 5740 Υογίοιύη)
2527 5686 2714 5738 nota).

877 5813 993 5880 (51)
1037 5812 1198 5877 Ἡμῖν
1231 5809 1381 5862 addit
1416 5807 1538 5860 eod.
1579 5805 1698 5858 Vat.
1748 5803 1949 5854 BOtV'tN.
