4248 6442
208 361 305 426 se:
458 357 535 431 [Α.
578 371 630 412 c.
673 355 814 412 ηδε
853 370 918 410 ω
964 353 1121 426 1528]

279 478 354 534 Γ,
379 476 514 529 Τότε
542 475 722 528 τοίνυν
749 473 1060 541 ἀπεστάλην
1085 470 1240 540 κάγὼ
1270 471 1512 543 πρέσϐυς
1547 473 1603 535 ἐς
1628 471 1779 541 Κρά-
1813 472 1858 529 Α

209 568 308 641 λην
339 569 439 622 σύν
463 585 525 623 τε
557 567 738 630 ἄλλοις
768 567 862 621 καὶ
885 566 962 635 τῷ
990 564 1206 634 ἀδελφῷ
1232 563 1404 631 αὐτῆς
1433 563 1502 618 δι’
1535 563 1599 626 ἃς
1627 563 1793 632 ἔφθη-

213 678 312 727 μεν
362 661 652 730 εἰρηκότες
695 659 876 721 αίτίας
927 656 1064 728 (40).
1131 656 1538 726 Ἐπειράθημεν
1590 656 1646 708 δὲ
1692 655 1792 707 οὐκ

211 755 411 820 ὀλίγων
444 755 503 806 ἐν
532 755 600 823 τῇ
637 751 743 822 6δῷ
768 751 878 804 τῶν
911 749 1099 803 δεινῶν
1147 750 1284 817 (ﬂ),
1333 743 1529 818 φήμης
1569 765 1627 801 τε
1665 749 1796 818 μελ-

211 851 412 917 λούσης
443 848 719 917 Σκυθικῆς
755 847 945 912 ἐφόδου
977 845 1370 916 διατρεχούσης
1403 845 1497 898 καὶ
1529 843 1796 914 θορυϐού-

212 960 312 1012 σης
342 942 446 1008 τὴν
472 940 696 1011 Θρᾴκην
729 940 824 994 καὶ
857 938 1164 1009 διωκούσης
1204 941 1266 991 ὲκ
1292 938 1390 1005 τῆς
1419 935 1602 1008 χώρας
1637 938 1693 999 ἐς
1728 938 1798 990 τὰ

211 1035 452 1104 φρούρια
499 1033 624 1095 τοὺς
655 1032 982 1101 ἀνθρώπους
1016 1032 1111 1085 καί
1158 1031 1287 1095 τοὺς
1329 1030 1512 1091 οἴκους
1555 1031 1796 1101 ἐρήμους

211 1127 516 1194 ποιούσης,
576 1124 663 1193 ἐφ’
713 1120 790 1180 ὧν
822 1124 968 1196 ἡνίκ’
1012 1124 1110 1194 ὀψὲ
1166 1125 1250 1194 είη
1306 1123 1598 1177 καταλύειν
1650 1124 1798 1193 ἡμᾶς

212 1219 384 1287 ἐχρῆν
414 1218 510 1270 καὶ
560 1219 653 1270 τὸν
704 1219 769 1271 ἐκ
808 1217 909 1283 τῆς
941 1215 1064 1272 ὁδοῦ
1117 1215 1316 1286 μόχθον
1372 1215 1798 1285 ἀποτρίϐεσθαι.

213 1312 322 1364 Καὶ
361 1311 434 1364 τὰ
488 1311 587 1379 μὲν
635 1311 764 1380 ἄχρι
810 1309 1118 1379 Στρυμόνος
1165 1311 1609 1378 συμπεπτωκότα
1668 1312 1799 1378 ἡμῖν

211 1403 307 1457 ἐῶ.
353 1402 574 1457 Ἑκεῖσε
598 1404 703 1471 μὴν
729 1401 1047 1471 γενομένοις
1076 1401 1373 1472 ξυνηνέχθη
1404 1421 1456 1454 τι
1482 1406 1576 1455 καὶ
1603 1402 1800 1455 παθεῖν

214 1495 363 1564 ἡμᾶς
422 1495 587 1548 πλέον
641 1493 813 1564 ἀκοῆς
853 1493 1090 1564 μάλιστα
1140 1496 1362 1547 πάντων
1415 1489 1587 1555 ἄξιον,
1627 1493 1800 1547 ὁπόσα

214 1587 396 1656 λύπης
451 1589 550 1640 καὶ
602 1587 840 1654 γέλωτος
897 1586 1054 1655 φέρει
1100 1586 1329 1650 σπονδὰς
1393 1589 1450 1640 ἐν
1505 1585 1798 1655 ἀνθρώπου

212 1677 384 1750 ψυχῇ.
430 1679 683 1750 Ἀϐουλία
709 1679 819 1750 γάρ
844 1697 926 1733 τοι
959 1679 1185 1750 τοιαύτῃ
1215 1679 1606 1749 χρησαμένοις,
1639 1679 1801 1734 ὁποία

217 1774 313 1822 καὶ
375 1770 724 1839 Δημοκρίτου
780 1769 925 1840 μάλα
974 1787 1058 1823 τοι
1113 1770 1382 1838 γελῶντος
1429 1769 1573 1841 ἐρῴη
1617 1772 1703 1831 ἂν,
1741 1772 1798 1834 ἐς

212 1861 462 1915 τοιοῦτον
491 1862 763 1932 συνηλάθη
797 1863 1041 1917 κίνδυνον
1068 1865 1200 1934 ἡμῖν
1223 1864 1290 1916 τὰ
1323 1864 1588 1933 ἡμέτερα,
1616 1865 1798 1927 ότιοῖος

215 1955 315 2008 καὶ
368 1954 729 2024 Ἡρακλείτου
765 1955 910 2025 μάλα
945 1956 1008 2024 γέ
1039 1972 1121 2008 τοι
1167 1955 1490 2026 δακρύοντος
1526 1954 1671 2027 ἐρῴη
1710 1957 1797 2011 ἄν.

219 2046 401 2100 Ἵσασι
418 2045 527 2116 γὰρ
547 2046 782 2110 ἅπαντες
810 2048 1096 2110 πεζοῖςκαὶ
1120 2047 1372 2109 ἱππόταις
1394 2047 1646 2117 ἀνδράσιν
1665 2047 1800 2101 ἄπο-

219 2157 314 2210 ρον
332 2141 464 2193 δντα
483 2141 765 2211 Στρυμόνα
786 2140 876 2194 τὸν
897 2141 1135 2210 ποταμόν
1158 2141 1261 2194 ’ὅτι
1287 2139 1370 2212 [Ρ.
1389 2137 1515 2208 251]
1533 2141 1622 2194 καὶ
1647 2140 1799 2209 μέγι-

219 2249 346 2294 στος
380 2233 647 2300 ἐπεφύκει
683 2233 870 2286 ὀπόσοι
909 2235 1131 2305 Θρᾴκην
1168 2235 1260 2287 καὶ
1295 2234 1638 2288 Μακεδονίαν
1665 2235 1799 2301 τέμ-

217 2343 410 2388 νοντες
464 2325 519 2389 ἐς
569 2343 628 2379 τε
672 2325 1069 2396 Ἑλλήσποντον
1113 2326 1207 2380 καὶ
1254 2325 1477 2393 Αἰγαῖον
1518 2325 1798 2379 ποιοῦνται

213 2422 344 2490 τὰς,
369 2417 623 2482 ἐκϐολάς.
671 2417 930 2472 Τίκτουσι
972 2418 1080 2488 γὰρ
1125 2417 1289 2472 αὑτὸν
1319 2418 1388 2471 τὰ
1425 2417 1800 2487 ὑπερκείμενα

215 2511 466 2579 μέγιστα
492 2509 616 2581 ὅρη,
663 2509 700 2566 ἃ
743 2512 884 2565 κατὰ
914 2512 976 2565 τδ
1024 2514 1243 2582 συνεχὲς
1276 2512 1593 2581 παρατείνει
1639 2511 1800 2582 μέχρι

211 2599 310 2652 τοῦ
355 2599 546 2654 Ἰονίου
595 2601 866 2671 πελάγους
901 2604 964 2656 ἐκ
1005 2605 1098 2656 τοῦ
1151 2605 1344 2656 πόντου
1377 2605 1662 2673 ἀρξάμενα
1709 2605 1799 2658 τοῦ

223 2692 513 2760 Εὐξείνου,
548 2694 801 2764 ὁρίζοντα
838 2697 937 2764 μὲν
970 2696 1105 2764 πρὸς
1138 2697 1489 2768 μεσημϐρίαν
1524 2698 1802 2766 καὶζνότον

214 2785 422 2853 ἄνεμον
455 2785 674 2856 Θρᾴκην
704 2788 798 2839 καὶ
820 2786 1187 2848 Μακεδονίαν,
1213 2787 1349 2856 πρὸς
1377 2787 1423 2841 δ’
1450 2787 1684 2858 ἄρκτους
1706 2791 1803 2852 τᾶς

213 2894 273 2931 τε
318 2878 532 2932 Μυσῶν
575 2877 757 2947 χώρας
789 2880 882 2933 καὶ
916 2881 1160 2950 ποταμὸν
1199 2882 1292 2933 τὸν
1324 2884 1538 2951 Ἴστρον
1560 2899 1573 2912 ·
1623 2882 1680 2944 δς
1711 2884 1803 2936 καὶ

214 2970 384 3032 αὐτὸς
424 2972 680 3040 μέγιστος
717 2971 862 3040 ὣνῆ
919 2972 1150 3034 πάντες,
1209 2973 1322 3025 ὅσοι
1371 2973 1470 3041 τὴν
1531 2973 1802 3044 Σκυθικὴν

212 3065 433 3127 ἐπίασι,
492 3064 650 3117 πέντε
689 3065 955 3134 στόμασιν
1000 3067 1058 3129 ἐς
1106 3066 1199 3119 τὸν
1249 3066 1501 3131 Εὔξεινον
1534 3068 1802 3122 ἐκδίδοται

1230 359 1678 421 ΒΥΖᾹΝΤΙΝᾸΞ
1721 357 2105 418 ῐΙΙδΤΟΙὶΙΕ
2146 356 2288 417 LIB.
2336 356 2500 416 VIII.

2615 351 2749 422 [ιιιιι.
2796 363 3073 406 Ακυιιοιιιε.
3107 349 3248 416 sum]

3357 354 3460 418 562

1962 470 2052 524 Ill.
2097 471 2276 540 Atque
2324 471 2440 540 ipse
2476 485 2696 540 quoque
2733 479 2862 525 tunc
2890 469 3107 537 legatus
3148 467 3215 521 ad
3252 467 3464 524 Cralem

1900 564 1972 618 ivi
2021 580 2146 619 cum
2193 566 2332 620 alios
2378 567 2765 630 comitaturus,
2805 576 2918 621 tum
2949 566 3257 622 Cal-sarissae
3302 567 3472 636 ipsius

1899 657 2146 721 fratrem,
2197 659 2268 713 ob
2312 675 2406 713 eas
2459 659 2669 713 scilicet
2704 673 2934 722 causas,
2971 674 3110 728 quas
3140 673 3304 725 supra
3334 657 3478 712 dixi-

1899 763 2039 802 mus.
2062 749 2119 803 lu
2149 765 2214 803 co
2239 758 2421 803 autem
2449 750 2644 805 itinere
2675 765 2784 803 non
2819 764 3020 818 paucas
3046 749 3256 819 experti
3283 763 3477 804 sumus

1898 840 2268 904 diﬂicultatcs,
2299 858 2421 897 cum
2454 842 2725 914 Scythicae
2757 842 3088 898 incursionis
3118 842 3261 896 fama
3289 841 3476 896 Thra-

1897 933 2035 988 ciam
2068 943 2462 1003 pervagaretur
2486 950 2548 988 ac
2583 943 2917 1004 pet-terreret
2947 944 3002 990 et
3029 934 3190 1006 375
3220 934 3474 989 homines

1899 1041 1965 1078 ex
1998 1025 2140 1093 agris
2171 1025 2223 1079 in
2257 1026 2477 1080 castella
2513 1042 2570 1080 se
2604 1027 2935 1098 reciperent,
2971 1027 3208 1082 desertis
3239 1027 3473 1093 aedibus,

1900 1118 1954 1172 in
1996 1119 2198 1188 quibus
2238 1120 2338 1174 nos
2377 1120 2594 1188 vesperi
2636 1120 2903 1176 diversari
2948 1130 3004 1177 et
3049 1136 3282 1189 corpora
3330 1122 3474 1176 fessa

1901 1209 1968 1264 de
2003 1211 2090 1264 via
2126 1226 2376 1266 recreare
2405 1213 2716 1282 oportebat.
2745 1213 2822 1268 Ac
2851 1228 2914 1266 ea
2962 1227 3083 1283 quae
3117 1213 3182 1266 ad
3227 1211 3474 1283 Strymo-

1901 1319 2024 1358 nem
2057 1318 2228 1373 usque
2258 1304 2422 1359 nobis
2452 1304 2797 1370 acciderunt,
2825 1305 3005 1361 mitto.
3033 1306 3113 1361 lbi
3140 1313 3322 1360 autem
3355 1320 3478 1375 gra.

1903 1396 2022 1448 vius
2051 1396 2258 1464 aliquid
2290 1397 2448 1452 nobis
2484 1396 2717 1463 accidit;
2759 1414 2956 1453 eorum
2984 1412 3181 1467 nempe
3203 1397 3474 1460 omnium,

1901 1503 2023 1556 quae
2053 1487 2299 1540 dolorem
2334 1498 2390 1542 et
2427 1487 2598 1542 risum
2641 1489 2694 1543 in
2727 1488 3012 1544 hominum
3043 1488 3244 1542 animis
3274 1503 3474 1543 conso-

1901 1583 2079 1646 ciant,
2129 1583 2361 1638 maxime
2426 1584 2649 1653 diguum
2696 1583 2911 1638 auditu.
2951 1582 3286 1638 Temeritate
3326 1582 3472 1636 enim

1904 1685 2113 1738 nostra,
2141 1691 2264 1746 quae
2291 1676 2589 1730 Democriti
2623 1675 2870 1745 splenem
2907 1675 3166 1740 postulet.
3197 1673 3249 1727 in
3283 1673 3337 1728 id
3380 1689 3476 1742 pc-

1903 1767 2138 1822 riculum
2200 1769 2540 1831 devenimus,
2593 1784 2704 1837 quo
2755 1769 2838 1822 vel
2902 1766 3165 1822 Heracliti
3219 1766 3473 1836 lacrymze

1899 1859 2314 1914 exhauriantur.
2353 1860 2566 1915 Norunt
2593 1876 2814 1926 omnes,
2847 1859 3196 1931 Strymonem
3247 1857 3472 1912 ﬂuvium

1901 1962 1955 2008 et
2002 1953 2280 2022 peditibus
2308 1962 2364 2007 et
2403 1955 2686 2024 equitibus
2731 1969 2852 2010 esse
2903 1954 3274 2022 impervium:
3315 1968 3478 2024 prop-

1902 2055 2046 2100 terea
2101 2044 2247 2114 quod
2295 2047 2562 2101 maximus
2609 2056 2687 2101 est
2745 2046 2990 2100 omnium
3038 2047 3349 2103 ﬂuviorum.
3383 2048 3474 2115 qui

1903 2138 2275 2192 Macedoniam
2301 2153 2365 2193 ac
2396 2139 2684 2195 Thraciam
2718 2143 2949 2193 mediam
2986 2151 3234 2194 secantes
3269 2143 3322 2194 in
3351 2139 3445 2194 llrl
3467 2171 3480 2180 -

1900 2234 2208 2302 lespontum
2239 2243 2296 2287 et
2316 2231 2556 2304 Aiga‘um
2588 2248 2734 2287 mare
2762 2243 3087 2289 exonerant.
3115 2234 3302 2289 Oritur
3329 2234 3476 2288 cnim

1900 2340 1932 2379 e
1979 2323 2596 2394 superimpcndeutibus
2649 2326 2904 2381 maximis
2953 2328 3253 2385 montibus,
3312 2328 3403 2394 qui
3449 2342 3480 2381 a

1905 2417 2075 2474 Ponto
2109 2415 2320 2471 Euxino
2354 2419 2536 2472 exorsi
2566 2419 2981 2473 continentibus
3018 2419 3166 2490 jugis
3206 2436 3378 2488 usque
3409 2419 3478 2474 ad

1908 2507 2116 2561 Ionium
2150 2523 2302 2563 mare
2331 2511 2708 2578 porriguntur,
2728 2525 2791 2563 ac
2819 2510 3102 2564 meridiem
3136 2518 3192 2563 et
3223 2514 3478 2562 Austrum

1907 2618 2100 2657 versus
2147 2602 2434 2657 Thraciam
2471 2615 2527 2657 et
2575 2603 2973 2667 Macedoniam,
3009 2619 3201 2657 versus
3253 2612 3478 2672 septen-

1906 2706 2140 2761 trionem
2170 2707 2446 2778 Mysorum
2481 2717 2656 2762 terras
2703 2717 2758 2759 et
2793 2708 2992 2762 lrlt‘llm
3033 2707 3258 2760 [luvium
3294 2707 3484 2761 termi-

1905 2810 2037 2854 nant
2071 2817 2084 2853 :
2119 2800 2212 2868 qui
2247 2810 2302 2853 ct
2330 2799 2446 2868 ipse
2473 2800 2748 2853 maximus
2787 2800 2930 2853 inter
2953 2815 3045 2854 eos
3074 2799 3162 2868 qui
3201 2799 3480 2870 Scythiam

1908 2890 2190 2958 pcrlluunt
2225 2891 2472 2959 quinque
2507 2890 2665 2944 ostiis
2696 2891 2752 2944 in
2803 2890 3075 2944 Euxinum
3126 2900 3352 2958 pontum
3404 2891 3484 2944 ir-

1909 2984 2134 3052 rumpit.
2179 2982 2336 3037 Hunc
2365 2983 2530 3052 igitur
2573 2984 2948 3053 Strymonem,
2990 2983 3192 3036 talibus
3241 2983 3484 3036 fontibus

1906 3089 2091 3132 ortum
2145 3086 2202 3132 et
2249 3078 2386 3130 adeo
2440 3078 2802 3140 vorticusum,
2851 3077 3011 3129 unica
3065 3091 3240 3144 eaque
3285 3076 3482 3144 exigua

218 3158 445 3210 πόντον.
491 3157 689 3210 Τοῦτον
719 3157 810 3210 οὖν
861 3158 952 3211 τὸν
1001 3159 1285 3229 Στρυμόνα
1321 3163 1383 3214 ἐκ
1413 3163 1671 3214 τοιούτων
1703 3180 1800 3232 πη·
1830 3169 1875 3235 ο

1830 3169 1875 3235 C
1909 3166 2160 3225 navicula
2195 3169 2521 3237 trajiciendo
2554 3185 2702 3223 nunc
2747 3169 2971 3237 singuli,
3005 3179 3171 3236 atque
3206 3169 3479 3223 interdum

213 3249 333 3317 γῶν
400 3249 694 3319 ἀνίσχοντα
764 3251 860 3303 καὶ
915 3250 1057 3304 οὕτω
1119 3251 1409 3322 βαθυδίνην
1478 3253 1800 3323 γιγνόμενον

215 3339 437 3410 ἀκατίῳ
470 3341 550 3392 ἐνί
579 3357 686 3394 τινι
719 3342 860 3396 πάνυ
901 3342 1121 3413 σμικρῷ
1151 3344 1634 3415 διαπεραιούμενοι
1678 3346 1800 3400 καθ’

213 3432 314 3486 ἕνα
369 3448 475 3485 που
526 3432 556 3502 ἢ
615 3435 708 3486 καὶ
740 3433 987 3505 σύντρεις
1035 3434 1203 3488 ἐνίοτε
1241 3432 1334 3500 ξύν
1385 3451 1446 3488 τε
1487 3435 1804 3502 ὑποζυγίοις

215 3523 412 3584 αὺτοῖς
468 3523 670 3593 πολλήν
722 3539 842 3578 τινα
903 3525 1000 3593 τὴν
1050 3526 1262 3594 ἡμέραν
1301 3526 1803 3596 κατηναλὼκειμεν.

225 3617 292 3670 Ὀ
326 3618 441 3686 γὰρ
467 3617 576 3670 τῶν
606 3617 917 3686 ὑποζυγίων
954 3620 1047 3673 καὶ
1071 3619 1229 3690 ἡμῶν
1256 3621 1434 3674 αὐτῶν
1464 3621 1694 3692 ἀριθμὸς
1730 3622 1810 3684 εἰς

216 3713 278 3763 τό
312 3710 604 3765 διπλάσιον
649 3713 681 3778 ἢ
733 3712 853 3765 καθ’
884 3713 1252 3768 ἐπταπλάσιον
1305 3713 1503 3766 δεκάδα
1550 3709 1618 3784 ἦν
1646 3715 1812 3782 ἀνηγ-

224 3826 251 3869 ι.
270 3803 418 3862 ἑνος.
454 3801 515 3854 '0
546 3801 590 3853 δ’
617 3800 769 3872 ἥλιος
800 3802 891 3855 τὸν
921 3803 1190 3871 ἡμέτερον
1213 3802 1564 3870 παραλλάξας
1596 3820 1811 3872 μεσημ-

223 3892 420 3962 ϐρινὸν
456 3891 512 3953 ἐς
556 3908 616 3944 τε
650 3892 800 3944 δύσιν
838 3893 934 3945 καὶ
975 3892 1228 3962 ὁρίζοντα
1277 3893 1367 3945 τὸν
1411 3894 1667 3962 ἑσπέριον
1698 3894 1807 3964 ᾔει.

222 3985 339 4036 Καὶ
372 3984 493 4036 δέον
541 3982 603 4035 ὃν
649 3984 876 4054 σταθμῷ
911 3983 1222 4053 χρήσασθαι
1269 3986 1361 4037 καὶ
1399 3983 1690 4038 καταλύειν
1717 3987 1813 4039 αὺο

221 4078 324 4132 τοῦ
365 4096 492 4137 που,
524 4079 686 4148 ἡμεῖς
738 4078 785 4130 δ’
819 4078 1158 4147 ἁμαρτόντες
1208 4079 1313 4148 ὁδῷ
1361 4078 1442 4132 ἔτι
1497 4081 1808 4150 ἐχρώμεθα,

224 4173 556 4232 ἐλπίσαντες
591 4171 810 4232 πάντως
840 4170 1212 4238 καταγωγίοις
1253 4172 1570 4242 ἀποχρῶσιν
1614 4174 1813 4226 αὐτίκα

227 4264 629 4329 ἐντεύξεσθαι,
678 4266 810 4334 πρὶν
857 4265 890 4334 ἧ
943 4263 1334 4317 πεντεκαίδεκα
1385 4265 1617 4317 σταδίων
1669 4266 1814 4334 ἔχειν

226 4359 460 4412 ἀνύτειν
504 4358 561 4420 ἐς
595 4358 654 4411 τὸ
688 4358 876 4426 πρόσω
904 4359 1042 4414 ὁδόν.
1080 4354 1188 4410 THV
1212 4358 1267 4410 δὲ
1294 4361 1399 4428 ἄρα
1433 4359 1501 4411 τὰ
1531 4360 1636 4411 τῶν
1662 4360 1816 4411 ἐλπί-

1908 3263 2076 3317 etiam
2113 3262 2252 3316 terni
2284 3277 2408 3316 cum
2437 3263 2571 3330 ipsis
2593 3261 2880 3331 iumentis,
2924 3277 3176 3329 magnam
3208 3261 3316 3316 diei
3355 3278 3479 3328 par-

1913 3366 2020 3410 tem
2050 3357 2514 3424 consumpsimus.
2553 3353 2810 3408 Nostrum
2845 3357 2994 3408 enim
3025 3365 3080 3408 et
3105 3356 3482 3424 jmnentorum

1913 3465 2181 3504 numerus
2229 3448 2313 3502 bis
2359 3446 2706 3516 septuaginta
2763 3446 3086 3500 excedebat.
3140 3447 3204 3500 Et
3243 3448 3351 3514 jam
3402 3449 3485 3502 sol

1913 3543 2079 3613 376
2123 3540 2408 3594 meridiem
2454 3548 2877 3608 praetergressus
2922 3540 2987 3593 ad
3035 3555 3292 3595 occasum
3328 3549 3380 3594 et
3416 3541 3486 3599 ad

1913 3633 2286 3700 chpcrtinum
2366 3630 2709 3685 horizontem
2768 3631 3045 3697 vergebat.
3101 3631 3352 3699 Cumque
3411 3631 3484 3685 ibi

1913 3723 2214 3777 subsistere
2247 3732 2302 3775 et
2335 3719 2604 3774 diversari
2643 3720 3002 3786 deberemus,
3062 3723 3202 3775 ultra
3248 3738 3344 3789 per
3387 3721 3489 3775 im.

1912 3813 2266 3881 prudentiam
2297 3812 2667 3880 perreximus,
2702 3821 3008 3880 sperantes,
3043 3827 3145 3866 nos
3175 3819 3485 3880 Opportuna

1913 3903 2215 3956 diversoria
2240 3901 2420 3955 statim
2457 3902 2800 3963 inventuros,
2836 3903 3152 3972 priusquam
3181 3904 3484 3958 stadiorum

1913 3993 2228 4062 quindecim
2261 3992 2364 4045 iter
2391 3991 2811 4046 conficeremus.
2841 3992 2945 4046 Sed
2972 4009 3036 4048 ea
3062 4009 3188 4062 spes
3221 3993 3486 4049 frustrata

1916 4100 2016 4137 nos
2048 4093 2149 4137 est.
2182 4082 2316 4137 Nam
2372 4081 2700 4152 praedonum
2748 4084 3095 4139 continentes
3139 4085 3488 4140 incursiones

1917 4176 2095 4230 locum
2125 4175 2274 4228 illum
2307 4174 2470 4244 paulo
2500 4188 2628 4229 ante
2662 4185 2873 4230 vastum
2901 4185 2957 4230 et
2995 4177 3274 4232 desertum
3310 4179 3488 4232 celer-

1917 4268 2054 4320 rime
2085 4265 2404 4320 effecerant.
2439 4265 2675 4320 Proinde
2705 4268 2857 4321 velut
2883 4282 3112 4322 errones
3147 4268 3369 4337 quidam
3401 4282 3491 4322 re-

1919 4359 2018 4412 bus
2054 4357 2258 4411 nostris
2289 4357 2398 4411 Deo
2444 4358 2778 4428 incertzeque
2823 4361 2939 4428 spei
2984 4360 3296 4414 commissis
3327 4374 3489 4429 vaga-

222 4449 336 4502 δων
372 4450 434 4500 ού
475 4449 622 4518 μάλα
660 4448 915 4519 ἐπιτυχῆ.
957 4451 1174 4519 Ἔφοδοι
1201 4450 1308 4518 γάρ
1354 4469 1498 4514 τινες
1528 4452 1816 4524 ληστρικαὶ
1852 4444 1894 4498 Ι)
1921 4451 2133 4504 bantur.

228 4541 490 4611 συνεχείᾳ
521 4542 862 4610 χρησάμεναι
891 4543 997 4614 πρὸ
1028 4543 1226 4613 μικροῦ
1259 4545 1490 4614 τάχιστα
1525 4547 1615 4597 τὸν
1679 4550 1842 4597 τόπον
1886 4544 2090 4611 ἔρημον
2122 4545 2326 4595 ἐκεῖνον
2357 4545 2450 4596 καὶ
2514 4544 2712 4614 ἀτριϐῆ
2746 4545 3140 4613 πεποιήκεσαν.
3172 4547 3280 4599 Καὶ
3305 4547 3488 4614 μέντοι

226 4635 324 4688 καὶ
367 4633 679 4702 ἐφερόμεθα
708 4635 961 4705 καθάπερ
992 4636 1134 4699 τινὲς
1161 4637 1427 4706 πλάνητες
1458 4637 1579 4708 Θεῴ
1617 4655 1671 4690 τε
1708 4639 1800 4691 καὶ
1841 4637 2053 4708 ἀδήλοις
2087 4637 2266 4690 ἐλπίσι
2295 4639 2361 4690 τὰ
2395 4639 2636 4708 ἡμέτερα
2670 4639 3094 4708 ἀναρτήσειν-τες.

299 4728 377 4780 Δ’.
412 4725 529 4790 Νὺξ
554 4726 599 4778 δ’
630 4727 723 4780 ἐπὶ
769 4727 980 4790 τούτοις
1011 4728 1124 4798 (42)
1175 4731 1376 4800 παρῆν.
1426 4730 1664 4782 Δύσσετο
1701 4731 1808 4799 γὰρ

224 4818 419 4885 ἠέλιος
474 4817 733 4871 σκιόωντό
781 4835 840 4871 τε
895 4821 1067 4874 πᾶσαι
1122 4822 1333 4889 ἀγυιαί.
1406 4821 1470 4875 Ἦ
1525 4822 1579 4874 δὲ
1614 4823 1808 4894 σελήνη

226 4909 410 4979 ἀπῆν.
459 4909 548 4972 Ἐς
580 4911 689 4980 γὰρ
746 4910 806 4963 τὸ
855 4913 1134 4982 περίγειον
1184 4913 1296 4982 (45)
1355 4912 1448 4966 τοῦ
1502 4915 1699 4983 ἑαυτῆς
1754 4915 1814 4966 τὸ

225 4999 496 5071 δεύτερον
526 4999 649 5072 ἄρτι
685 4999 978 5071 ἐληλυθυῖα
1000 5003 1296 5074 ἐκκέντρου
1325 5004 1417 5055 καὶ
1445 5004 1582 5056 κατά
1615 5005 1813 5074 τετρά-

1989 4729 2078 4784 ιν.
2123 4730 2330 4785 Deinde
2377 4747 2484 4784 nox
2533 4733 2870 4802 supervenit.
2917 4733 3051 4787 Nam
3105 4735 3184 4788 sol
3212 4736 3489 4789 occiderat

1920 4831 1973 4874 et
2005 4823 2101 4874 via!
2133 4837 2330 4875 omnes
2363 4822 2554 4875 umbra
2603 4823 3050 4878 involvebantur.
3097 4824 3238 4890 Quin
3271 4836 3328 4880 et
3359 4827 3487 4881 luna

1921 4913 2129 4967 aberat.
2190 4913 2348 4967 Modo
2405 4915 2549 4967 enim
2595 4915 2824 4969 alterum
2867 4933 3026 4970 suum
3081 4921 3226 4972 circa
3282 4926 3485 4972 terram

1921 5005 2288 5060 eccentricum
2318 5016 2700 5076 prmtcrgressa
2728 5009 3105 5079 quadratoque
3129 5011 3284 5066 radio
3315 5013 3486 5068 solem

1595 5142 1932 5204 Variorum
1963 5150 2127 5204 nota)

309 5270 427 5334 (40)
460 5267 666 5322 Fuerat
718 5266 984 5339 Gregoras
1033 5269 1340 5324 Czcsarissae
1401 5279 1702 5339 prameptor
1758 5280 1813 5322 ct

229 5343 428 5400 fratris
485 5339 625 5408 ejus.
693 5337 829 5394 Vide
884 5354 1008 5408 Cap.
1055 5340 1106 5403 5,
1159 5350 1297 5394 scct.
1334 5337 1414 5402 ’7,“
1449 5340 1609 5410 hujus
1660 5339 1807 5393 libri.

229 5417 452 5471 Bonus.

306 5485 426 5548 (41)
465 5482 655 5538 Exstat
709 5480 763 5534 in
813 5478 1003 5532 codice
1038 5478 1316 5548 Vaticano
1356 5478 1505 5539 1036,
1565 5479 1656 5531 1’‹›Ι.
1691 5478 1810 5542 lii,

231 5554 475 5624 cpistola
511 5555 575 5606 ad
605 5549 982 5624 Andronicum
1006 5547 1292 5624 _Zaridam,
1327 5548 1378 5601 in
1403 5566 1521 5624 qua
1542 5548 1812 5624 Qrvgoras

237 5618 366 5693 quae
401 5621 506 5676 sibi
554 5625 608 5678 in
638 5623 723 5693 vja
785 5620 1084 5693 acciderint
1140 5629 1344 5693 narrat.
1403 5620 1532 5693 _Vidc
1574 5618 1809 5693 ludii-em

243 5688 616 5762 Epistolarum
639 5690 894 5762 (ἕτεροι-φ
935 5689 1090 5742 initio
1143 5688 1542 5762 lmjuskvoltun.
1592 5688 1810 5762 Initium

237 5759 346 5822 est,
382 5759 552 5824 Πῖμαι
589 5762 662 5831 μὴ
697 5759 1064 5829 ἀνεγκλήτους
1095 5759 1367 5814 κτιῦἁπαξ.
1399 5760 1475 5811 lla
1509 5760 1690 5825 accepi
1744 5776 1806 5810 ex

235 5836 280 5890 ιι
343 5835 401 5888 Ρ.
443 5834 479 5888 D
540 5829 816 5887 Heniardo
853 5829 1289 5885 \icnteiaiccntc.
1320 5830 1448 5883 liam
1491 5831 1659 5898 ἐνέπω]
1699 5833 1810 5899 cpi--

1913 5268 2107 5322 stolam
2144 5282 2276 5336 puto
2301 5271 2407 5324 hue
2447 5273 2762 5326 translatam
2798 5290 2918 5327 esse
2960 5276 3026 5327 ab
3080 5283 3331 5338 auctore,
3395 5281 3485 5333 cui

1910 5353 2009 5412 sua
2027 5339 2214 5412 ipsius
2247 5342 2446 5395 scrinia
2468 5343 2771 5412 compilare
2804 5345 3088 5412 pulchrum
3115 5346 3237 5396 I'uit.
3273 5345 3485 5402 BOlVl-N.

1991 5410 2102 5481 (42)
2140 5409 2409 5464 Homerus
2443 5410 2627 5481 Odyss.
2669 5413 2733 5477 β’,
2762 5409 2816 5466 v.
2849 5416 2952 5467 588
3012 5414 3246 5468 Ducam.

1993 5480 2105 5547 (i5)
2131 5480 2875 5536 Astronomica!eruditionis
2896 5485 3276 5550 intempestiva
3303 5497 3488 5540 osten-

1921 5553 2075 5624 tatio.
2141 5551 2398 5624 Sicinira
2442 5551 2537 5604 lib.
2570 5569 2664 5612 xtl,
2696 5568 2816 5624 cap.
2854 5554 2934 5612 lii,
2977 5565 3111 5606 sect.
3152 5557 3204 5611 ti.
3268 5557 3344 5606 Τὸ
3375 5559 3485 5624 γὰρ

1919 5619 2200 5686 περίγειον
2229 5623 2289 5671 ὲκ
2321 5625 2694 5690 περιστρορῄς
2721 5619 2813 5674 τοῦ
2847 5626 3050 5675 οἰκείου
3094 5619 3482 5684 ἐπαναναςιίὶάέ

1921 5705 2082 5767 vuum
2141 5692 2362 5767 κύκλου,
2393 5692 2501 5767 Δκάὶ
2536 5695 2594 5767 ἐς
2629 5693 2970 5760 τετράγωνον
3026 5695 3178 5747 eiet:
3228 5695 3303 5763 τῷ
3352 5699 3486 5767 ηλὶῳ

1921 5759 2296 5881 ῗαοιτῖαμὲνη
2360 5763 2417 5815 τὸ
2470 5759 2734 5826 (δεύτερον
2783 5765 2882 5832 ἧόη
2931 5759 3336 5842 σχηματισμὶέν,
3370 5759 3479 5820 ἔω.

1937 5843 2122 5881 Ληναι-

1937 5843 2122 5887 έοιγιίιι
