4248 6442
749 346 854 410 553
999 338 1074 413 [Α.
1118 358 1173 399 ιι,
1211 341 1341 397 079:
1387 359 1451 397 Αο
1487 343 1649 417 6856]

1931 357 2361 422 NICEPHORI
2400 359 2787 421 GREGORE

3103 353 3237 425 [ηερ.
3281 368 3560 408 manusua.
3601 358 3744 429 sum]

3895 363 4006 425 564

751 461 978 514 intuens
1020 474 1210 529 parum
1265 473 1365 513 nos
1399 474 1499 514 suo
1537 460 1750 517 lumine
1779 463 2031 534 juvabat.
2058 468 2240 536 Quare
2273 468 2328 523 in
2359 471 2402 529 Α

2359 471 2402 529 Α
2433 486 2606 539 γωνον
2660 471 2736 541 τῷ
2796 469 2936 542 ήλίῳ
2991 470 3261 542 γενομένη
3315 474 3700 544 σχηματισμὸν
3742 478 3804 530 οὐ
3861 476 4007 545 μάλα

751 552 1101 607 densissimis
1140 552 1416 617 tenebris,
1465 563 1526 608 ut
1576 555 1612 609 ii
1669 555 1761 625 qui
1799 573 1895 626 per
1937 559 2223 614 Taenarum
2261 560 2324 614 ad

751 641 964 706 inferos
995 642 1329 695 descendere
1371 652 1465 695 aut
1497 643 1838 714 Throphonii
1884 657 2103 702 antrum
2145 649 2330 703 fatidi—

754 751 880 789 cum
930 729 1118 788 subire
1171 736 1557 804 perhibentur,
1594 738 2034 794 ambulabamus.
2071 742 2206 796 Nam
2262 743 2327 796 ad

753 826 979 880 illunem
1009 834 1224 880 noctem
1251 829 1414 882 etiam
1461 831 1728 884 montium
1777 832 1830 886 in
1858 833 2092 887 circuitu
2126 835 2330 904 posito-

750 928 877 987 _t.um
931 912 1553 996 umbraeﬂaccedebant,
1621 936 1857 990 quorum
1921 926 2158 978 vertices
2208 923 2328 978 cmli

743 1007 1115 1076 conspectum
1148 1008 1220 1062 ita
1255 1009 1417 1064 nobis
1448 1011 1779 1081 eripiebant,
1813 1025 1871 1070 ut
1910 1015 2096 1070 infelix
2131 1017 2235 1071 iter
2266 1032 2333 1070 ne

759 1101 1043 1154 stellarum
1089 1101 1337 1169 quidem,
1386 1111 1447 1155 ut
1496 1104 1671 1170 aiunt,
1706 1106 2091 1161 observatione
2141 1090 2334 1176 regere

759 1207 1068 1259 possemus.
1102 1192 1241 1246 Tum
1283 1209 1415 1248 vero
1465 1195 1681 1249 animus
1724 1211 1880 1250 meus
1926 1196 2103 1265 frangi
2144 1178 2332 1265 coepit,

761 1299 886 1336 cum
943 1299 1031 1337 me
1084 1283 1296 1350 ingredi
1349 1295 1629 1353 oporteret
1676 1287 1891 1356 longam
1949 1301 2012 1341 ac
2054 1286 2331 1342 difﬁcilem

762 1371 1023 1437 viam._ln
1058 1373 1251 1427 silvam
1285 1375 1432 1428 enim
1481 1375 1703 1430 densam
1736 1383 1790 1430 et
1833 1377 2156 1446 inmqualem
2199 1377 2337 1431 inci-

761 1467 965 1525 dimus.
1002 1466 1340 1520 latebrarum
1390 1468 1607 1537 plenam
1640 1477 1697 1523 et
1734 1467 2026 1537 profundis
2055 1470 2336 1540 voragini-

758 1555 865 1609 bus
890 1556 1092 1624 passim
1119 1558 1408 1627 abruptam
1437 1575 1453 1616 :
1486 1560 1540 1612 iu
1568 1572 1675 1629 qua
1712 1561 1916 1631 caligas
1938 1570 1993 1615 et
2023 1560 2339 1632 chlamydes

759 1659 979 1700 nostras
1005 1649 1286 1715 spinarum
1336 1650 1613 1704 morsibus
1651 1650 1795 1704 fmde
1827 1651 2096 1705 laceratas
2131 1653 2204 1704 ita
2239 1667 2337 1703 ne-

2434 560 2805 630 ἀκρονύκτους
2831 561 2964 629 ἡμῖν
3003 559 3269 614 ..ἑσούλετο
3303 561 3631 631 χαρίζεσθαι
3661 565 3764 626 τὰς
3810 565 4007 633 αὐγάς.

2435 650 2621 718 Ταύτῃ
2654 667 2736 702 τοι
2773 650 2869 702 καὶ
2897 648 3092 719 ᾔειμεν
3142 649 3231 702 διά
3276 651 3590 720 παχυτάτου
3630 651 3725 705 τοῦ
3761 653 4008 716 σκότους,

2435 743 2690 809 καθάπερ
2714 741 2806 803 οὒς
2840 741 2926 794 διὰ
2957 741 3049 794 τοῦ
3083 741 3351 812 Ταινάρου
3374 743 3474 806 τάς
3506 746 3562 806 ἑς
3591 744 3717 815 ᾇδου
3750 745 4014 807 καθόδους

2437 833 2707 887 ποιεῖσθαί
2734 832 2958 903 φασινῆ
3008 833 3076 884 τά
3126 833 3360 906 ύπόγεια
3419 837 3729 906 Τροφωνίου
3781 836 4016 905 μαντεύ-

2439 942 2604 995 ματα.
2641 902 3005 991 Προσετίθετο
3060 902 3166 991 γάορ
3198 926 3263 992 τῇ
3315 902 3563 993 ἀσελήνῳ
3613 902 3799 995 ἐκείνη
3851 927 4015 977 νυκτὶ

2436 1017 2591 1086 καὶὴ
2627 1016 2736 1068 τῶν
2790 1015 3132 1068 κυκλούντων
3182 1016 3362 1085 λόφων
3395 1016 3544 1070 σκιά.
3595 1019 3659 1070 Δί
3699 1018 3808 1089 γὰρ
3860 1018 4016 1084 σφῶν

2437 1111 2738 1174 ὑπερϐολαὶ
2768 1111 2921 1180 παρά
2947 1111 3172 1165 τοσοῦτο
3198 1114 3292 1165 καὶ
3317 1110 3548 1182 ούρανοῦ
3579 1113 3679 1181 τὴν
3709 1113 3838 1166 θέαν
3861 1114 4016 1182 ἡμᾶς

2437 1202 2764 1272 ἀφῃροῦντο,
2799 1202 2930 1272 παρ’
2963 1203 3087 1256 ὅσον
3119 1203 3228 1256 οὐδ’
3257 1204 3478 1274 ἄστροις
3518 1204 3579 1256 τὸ
3605 1203 4014 1282 θρυλλούμενον

2436 1296 2835 1364 τεκμαίρεσθαι
2868 1295 3055 1362 σαφῶς
3106 1296 3207 1365 τὴν
3253 1297 3489 1366 δυστυχῆ
3524 1299 3750 1369 πορείαν
3790 1297 4019 1367 εῐχομεν

2437 1387 2673 1456 ἐκείνην.
2705 1387 2891 1456 Αὐτὰρ
2924 1387 3110 1453 ἑμοιγε
3143 1389 3254 1454 (44)
3288 1390 3630 1458 κατεκλάσθη
3659 1390 3814 1458 φίλον
3837 1385 3978 1458 ⁴Ῐιτορ
4006 1409 4018 1419 ο

2437 1480 2639 1534 οὕνεκά
2672 1499 2762 1550 μοι
2799 1482 2938 1534 ίέναι
2973 1480 3131 1550 ἐπῄει
3182 1479 3399 1550 δολιχὴν
3453 1481 3572 1534 ὁδὸν
3602 1481 3881 1550 ἀργαλέην
3929 1497 4018 1532 τε.

2440 1570 2633 1640 Λόχμῃ
2653 1569 2761 1640 γὰρ
2789 1570 3190 1639 ἐντυγχάνομεν
3216 1569 3358 1622 πάνυ
3379 1569 3570 1641 δασεία
3593 1571 3691 1625 καὶ
3719 1569 4020 1639 ἀνωμάλῳ,

2441 1662 2667 1728 συχνοὺς
2705 1659 2824 1713 κατ’
2857 1661 3038 1726 ὀλίγον
3082 1661 3281 1731 ἐχούσῃ
3327 1661 3517 1730 λόχους
3548 1665 3642 1714 καὶ
3685 1661 4018 1729 φάραγγας·

761 1739 1128 1807 gligebamus,
1160 1750 1221 1795 ut
1270 1742 1434 1812 377
1478 1758 1603 1797 cum
1635 1745 1845 1796 crebrae
1876 1751 1932 1796 et
1969 1759 2035 1797 ex
2067 1742 2190 1796 aliis
2219 1744 2338 1797 alite
2372 1814 2405 1822 _

2372 1814 2405 1822 _
2440 1753 2522 1805 ὅθι
2552 1752 2616 1821 δὴ
2645 1753 2736 1804 καὶ
2760 1754 2816 1814 ἑς
2843 1753 3095 1805 τοσοῦτον
3128 1753 3346 1822 ἀμελῶς
3371 1753 3604 1822 ἔσχομεν
3635 1756 3692 1815 ἑς
3712 1753 3771 1805 τὺ
3796 1751 4024 1820 δαψιλὲς

760 1848 1042 1898 ramorum
1089 1849 1255 1889 comae
1300 1835 1356 1889 in
1389 1835 1572 1889 vultus
1613 1843 1833 1889 nostros
1863 1835 2072 1889 infesta:
2104 1835 2332 1889 invade.—
2371 1814 2411 1867 Β

2371 1814 2411 1867 Β
2438 1814 2925 1916 διαρρηγνυμένων
2963 1845 3071 1899 τῶν
3101 1814 3388 1916 ἡμετέρων
3557 1863 3616 1900 τε
3649 1814 3888 1899 τέκεοωᾲ
3911 1847 4027 1899 τῶν

762 1927 1274 1997 rent,oculis‘ipsis
1304 1937 1701 1992 metueremus;
1733 1928 2071 1998 habenisquc
2099 1939 2154 1983 et
2181 1929 2333 1995 loris,

764 2021 970 2087 quibus
997 2036 1171 2090 equos
1204 2021 1550 2091 regebamus,
1583 2021 1804 2077 omissis
1830 2038 2089 2077 manuum
2121 2023 2336 2093 objectu

763 2113 962 2167 faciem
1003 2121 1445 2182 protegeremus.
1494 2111 1568 2178 At,
1595 2114 1646 2166 in
1687 2113 1980 2178 famulitio,
2013 2113 2158 2184 quod
2191 2128 2332 2183 pone

765 2202 1124 2270 sequebatur,
1147 2202 1397 2256 nonnulli
1420 2203 1713 2272 praesentia
1739 2203 1981 2272 pericula
2005 2219 2196 2272 parum
2225 2217 2341 2256 me-

763 2302 990 2350 tuentes
1018 2294 1468 2349 vociferabantur
1487 2304 1542 2349 et
1572 2294 1791 2365 tragicis
1821 2295 2074 2348 cantibus
2099 2294 2343 2349 celebra-

770 2388 908 2443 bant
939 2388 1128 2442 laudes
1160 2395 1410 2442 veterum
1445 2390 1698 2452 heroum,
1729 2402 1965 2456 quorum
2008 2387 2207 2440 famam
2254 2401 2344 2440 so-

767 2478 878 2536 lam
932 2480 1268 2544 audivimus,
1310 2495 1402 2534 res
1451 2489 1635 2534 autem
1686 2491 1868 2551 gestas
1923 2495 2032 2535 non
2080 2480 2340 2534 vidimus.

757 2568 1018 2641 ‘Abru'pta
1073 2581 1256 2627 autem
1310 2582 1366 2628 et
1417 2587 1694 2639 concava,
1727 2574 1925 2629 vicinis
1976 2572 2344 2641 undecunque.

772 2665 1059 2732 montibus
1091 2666 1402 2736 interiecta,
1432 2666 1728 2720 clamorem
1767 2665 1979 2719 editum
2029 2665 2346 2734 intercipie-

774 2760 929 2820 hant,
961 2766 1018 2811 et
1044 2758 1200 2826 quasi
1235 2758 1473 2811 animata
1514 2773 1744 2826 corpora
1773 2758 2048 2827 integrum
2076 2766 2131 2812 et
2166 2757 2346 2811 illiba-

773 2858 890 2901 tum
923 2858 977 2902 et
1006 2850 1256 2902 articulis
1287 2848 1401 2902 suis
1433 2848 1756 2902 distinctum
1789 2850 2105 2908 servabant;
2150 2862 2348 2902 accen-

773 2951 972 3009 tusque
1000 2953 1055 2993 et
1085 2957 1248 2993 voces
1279 2942 1508 2994 alternis
1540 2940 1895 3003 ref-rebant;
1928 2957 1991 2994 ac
2031 2950 2088 2993 ut
2119 2941 2171 2992 in
2209 2940 2346 2994 cho-

777 3033 888 3086 reis
924 3032 1038 3084 fieri
1081 3033 1244 3095 solet,
1292 3033 1406 3100 ipsa
1457 3034 1623 3086 etiam
1669 3032 1910 3086 vicissim
1959 3032 2347 3098 audiebantur,

2440 1955 2498 1990 τε
2546 1937 2836 2009 χλαμύδων
2890 1940 3015 1999 ταῖς
3066 1938 3177 1992 τῶν
3225 1939 3477 1993 ἀκανθῶν
3525 1937 3834 2002 ἀνθολκαίς,
3875 1938 4027 1993 ὥστε

2441 2029 2570 2099 περὶ
2598 2028 2707 2080 τῶν
2734 2026 2912 2096 ὕψεων
2941 2027 3121 2080 αὐτῶν
3145 2028 3458 2100 ἑδεδίειμεν,
3497 2032 3710 2102 συχνοῖς
3741 2032 3836 2085 καὶ
3863 2031 4030 2083 ἀλλε-

2441 2119 2735 2186 παλλήλοις
2770 2121 2883 2180 τοῖς
2910 2119 3019 2173 τῶν
3051 2120 3366 2191 ἀκροδρύων
3395 2120 3713 2192 βοστρύχοις
3742 2122 4028 2191 χρώμενοι

2443 2213 2726 2293 πολεμίοις
2757 2215 2866 2268 τῶν
2898 2212 3184 2285 ἡμετέρων
3219 2213 3547 2284 προσώπων.
3575 2215 3688 2268 Καὶ
3719 2215 3908 2284 μέντοι
3933 2215 4032 2266 καὶ

2444 2308 2817 2379 ἀμελήσαντες
2852 2308 3017 2378 ἡνιῶν
3034 2308 3130 2360 καὶ
3153 2309 3421 2380 ῥυτήρων.
3439 2303 3519 2371 οἷς
3546 2309 3673 2372 τοὺς
3688 2307 3893 2369 ἵππους
3910 2306 4031 2360 [0'3-

2442 2419 2627 2472 νομεν,
2643 2402 2852 2472 σκέπην
2870 2402 3200 2472 ἐποιούμεθα
3214 2402 3314 2466 τὰς
3332 2404 3516 2472 χεϊρας
3546 2401 3656 2454 τῶν
3689 2401 3886 2470 ὄψεων.
3913 2403 4032 2465 Τῆς

2446 2493 2528 2567 [Ρ.
2547 2489 2673 2566 252]
2693 2513 2754 2564 γε
2777 2496 2875 2564 μὲν
2903 2495 3172 2565 ἑπομένης
3193 2493 3511 2565 θεραπείας,
3529 2489 3611 2560 οἷς
3633 2494 3754 2548 οὐδὲ
3769 2494 3917 2548 πάνυ
3945 2513 4030 2547 τοι

2443 2589 2553 2642 τῶν
2583 2588 2864 2658 παρόντων
2886 2588 3045 2657 ἔμελε
3077 2589 3274 2658 φόϐων,
3309 2584 3452 2660 ἦσαν
3477 2588 3525 2641 οἳ
3553 2589 3758 2655 φωναῖς
3782 2588 4033 2658 ἐχρῶντο

2447 2683 2542 2736 καὶ
2592 2682 2778 2752 μέλεσι
2811 2684 3133 2754 τραγικοῖςο
3185 2678 3354 2754 ’ῌδον
3394 2682 3440 2735 δ’
3486 2682 3599 2753 ἀρα
3627 2681 3761 2735 κλέα
3786 2681 4030 2751 ἀνδρῶν,

2446 2768 2521 2828 ῶν
2549 2769 2658 2828 οἷον
2694 2775 2850 2836 κλέος
2893 2775 3186 2844 ἀκούομεν,
3216 2773 3337 2827 ούδέ
3381 2791 3464 2826 τοι
3509 2774 3680 2836 ἴδμεν.
3714 2773 3784 2826 Αἵ
3812 2790 3870 2825 τε
3900 2774 4036 2842 περὶ

2447 2871 2597 2940 ἡμᾶς
2628 2868 2934 2939 φάραγγες,
2987 2873 3080 2921 καὶ
3114 2869 3214 2921 ὅσα
3267 2868 3471 2935 μεταξὺ
3504 2867 3660 2920 κοῖλα
3704 2867 3814 2919 τῶν
3865 2864 4038 2933 πέριξ

2448 2959 2611 3029 ὀρῶν,
2665 2958 3174 3028 περιλαμϐάνουσαι
3227 2957 3325 3027 τὴν
3375 2957 3629 3026 κραυγὴν
3689 2957 3782 3008 καὶ
3835 2953 4037 3024 ὥσπερ

2452 3051 2686 3120 ἑμψυχοί
2727 3067 2872 3113 τινες
2929 3051 3206 3119 ἀκήρατον
3263 3048 3634 3116 φυλάττουσαι
3675 3047 3886 3117 ταύτην
3939 3047 4038 3099 καὶ

774 3133 831 3178 et
878 3125 945 3177 ail
992 3125 1343 3192 pmscriptos
1389 3125 1640 3177 modulos
1674 3125 2013 3177 accincbant.
2069 3124 2177 3194 Ego
2215 3140 2348 3177 vero
2373 3151 2417 3212 Ο
2450 3175 2451 3188 χ

2373 3151 2417 3212 C
2450 3145 2634 3213 ἀπαθῆ
2664 3145 2758 3196 καὶ
2793 3145 2899 3196 τῶν
2944 3143 3164 3214 ἄρθρων
3217 3143 3417 3210 ὁμοίως
3463 3142 3693 3212 ἔχουσαν
3743 3139 3887 3194 κατά
3916 3139 4035 3192 δια-

775 3219 986 3272 interea
1011 3219 1255 3271 animum
1285 3233 1466 3271 meum
1492 3218 1750 3288 jubebam
1785 3234 2036 3285 recreare
2058 3229 2112 3272 et
2134 3218 2346 3286 erigere

777 3325 858 3368 se.
893 3325 996 3364 nec
1029 3311 1334 3365 terroribus
1361 3311 1598 3364 subinde
1628 3312 2006 3378 ingruentibus
2029 3313 2215 3381 jacere
2253 3326 2351 3381 0p-

777 3420 1049 3469 pressum.
1097 3407 1165 3457 At
1205 3404 1297 3458 ille
1332 3420 1440 3457 non
1475 3405 1733 3472 parebat:
1772 3404 1866 3458 sed
1898 3414 1951 3458 et
1990 3406 2134 3458 viam
2169 3405 2349 3458 alieno

781 3503 1031 3563 tempore
1079 3503 1390 3562 susceptam
1429 3510 1600 3564 usque
1652 3496 1986 3563 exprobrare
2019 3497 2156 3549 velle
2197 3497 2351 3547 vitle-

781 3581 966 3647 batur,
995 3593 1049 3636 οι
1079 3585 1144 3636 ad
1178 3585 1421 3652 seipsum
1458 3582 1763 3637 identidem
1797 3600 2100 3638 conversus
2126 3584 2351 3638 insidias

781 3685 840 3729 ut
889 3677 1135 3729 latrones
1171 3676 1332 3729 tacite
1386 3675 1792 3738 ruminabatur,
1844 3691 1907 3730 ac
1944 3677 2093 3731 viros
2125 3676 2354 3744 sangui«
2399 3685 2403 3690 '

783 3785 915 3822 num
951 3769 1055 3823 sibi
1097 3769 1358 3837 fingebat,
1385 3768 1479 3836 qui
1517 3785 1582 3825 ex
1609 3769 1848 3823 obscuro
1888 3787 1988 3823 nos
2013 3769 2262 3823 adorturi
2299 3779 2354 3823 et

783 3862 1018 3917 occisuri
1051 3870 1258 3917 essent.

859 4152 919 4205 V.
972 4153 1105 4203 llum
1135 4137 1318 4203 autem
1351 4149 1404 4202 in
1439 4149 1525 4203 his
1558 4163 1770 4212 sumus,
1793 4149 1978 4202 subito
2003 4149 2106 4201 viri
2131 4147 2356 4216 quidam

785 4257 852 4297 ex
883 4241 995 4295 illis
1023 4242 1257 4309 rupibus
1279 4250 1335 4294 et
1359 4240 1615 4294 cavernis
1641 4248 1963 4308 exsurgunt,
1987 4239 2155 4308 nigris
2179 4237 2358 4292 induti

787 4336 1036 4390 vestibus
1067 4350 1098 4389 e
1145 4334 1287 4389 lanis
1318 4342 1376 4387 et
1409 4333 1730 4398 velleribus,
1763 4347 1884 4401 qua
1914 4331 2220 4401 pecudibus
2266 4333 2363 4384 tle-

792 4437 1078 4485 traxerant
1111 4429 1179 4482 iis
1213 4427 1418 4496 quibus
1452 4441 1591 4494 opus
1638 4425 1853 4489 fuerat,
1885 4424 2155 4478 diabolica
2205 4424 2363 4492 plane

2453 3234 2614 3304 δοχὴν
2637 3229 2748 3286 οἷον
2775 3234 3040 3302 ἀντήχουν
3074 3233 3166 3284 καὶ
3193 3232 3556 3300 ἀντεφώνουν,
3586 3230 3778 3300 ῶσπερ
3815 3231 3876 3282 ὲν
3911 3233 4039 3292 ταῖς

2453 3329 2698 3398 χορείαις
2728 3329 2992 3397 ἑπόμεναι
3023 3329 3119 3381 καὶ
3145 3320 3306 3379 αὗται
3339 3328 3433 3379 καὶ
3461 3326 3783 3395 ἀντᾴδουσαι
3812 3326 3956 3396 πρὸς
3978 3328 4039 3378 τὸ

2454 3420 2548 3474 τοῦ
2589 3420 2786 3490 μέλους
2816 3418 3284 3488 ἐνδόσιμον.Ἐγὼ
3310 3418 3356 3470 δ’
3389 3421 3446 3471 ἐν
3481 3418 3699 3490 τούτοις
3736 3418 4041 3489 ἀναφέρειν

2457 3509 2735 3579 παρῄνουν
2767 3507 2856 3559 τὸν
2901 3507 3162 3575 λογισμὸν
3203 3510 3294 3559 καὶ
3324 3507 3399 3576 μὴ
3430 3510 3648 3577 συχνοῖς
3689 3507 4043 3576 περιαντλεῖ-

2457 3598 2580 3651 σθαι
2609 3601 2718 3659 τοῖς
2749 3598 2958 3663 φόϐοις,
2996 3600 3055 3651 '0
3091 3599 3138 3651 δ’
3164 3600 3262 3651 οὐκ
3296 3599 3545 3651 ἐπείθετο
3566 3614 3580 3630 ·
3619 3599 3755 3652 ἀλλά
3785 3598 3952 3666 δῆλος
3976 3596 4042 3667 ἦν

2455 3687 2580 3742 οὔτε
2609 3690 2710 3759 τὴν
2749 3690 2868 3742 ὁδὸν
2911 3690 3009 3756 τῆς
3043 3689 3302 3760 ἀκαιρίας
3332 3690 3700 3759 ἀφιστάμενος
3731 3689 4001 3760 λοιδορεῖν
4025 3705 4038 3719 ο

2458 3781 2619 3843 αὐτός
2667 3799 2725 3833 τε
2762 3783 2849 3849 ἐφ’
2891 3783 3053 3834 αὑτὸν
3094 3782 3262 3852 συχνά
3306 3781 3665 3851 ἀναστρέφων
3703 3780 3899 3852 λόχους
3946 3782 4043 3834 καὶ

2458 3872 2774 3934 λωποδύτας
2807 3873 3097 3924 ἀνεκύκλει
3142 3871 3238 3924 καὶ
3275 3872 3473 3942 ἄνδρας
3525 3873 3796 3940 αἱμάτων,
3839 3875 4042 3940 μήπως

2460 3965 2518 4030 ἑξ
2575 3963 2821 4031 ἀξανοῦς
2883 3963 3227 4026 εἰσπεσόντες
3291 3964 3450 4033 ἔργον
3510 3965 3658 4034 ἡμᾶς
3712 3964 4044 4034 ἀποφήνωσι

2462 4054 2672 4120 ξίφους.

2537 4149 2612 4201 E'.
2656 4146 2865 4198 Οὐκοῦν
2893 4145 3009 4198 ἀλλ’
3043 4145 3100 4194 ἑν
3136 4144 3348 4207 τούτοις
3388 4144 3556 4197 ὅντων
3591 4142 3748 4213 ἡμῶν
3779 4141 4044 4210 ἐξαίφνης

2463 4240 2781 4294 ἀνίστανται
2837 4256 2982 4300 τινες
3033 4237 3223 4304 ἄνδρες
3270 4237 3376 4290 τῶν
3437 4239 3615 4290 ἑκείσε
3672 4236 3894 4304 πετρῶν
3948 4237 4045 4288 καὶ

2465 4333 2771 4401 φαράγγων
2816 4329 3071 4397 μελαίνας
3104 4328 3337 4398 ἐσθῆτάς
3361 4343 3514 4388 τινας
3542 4326 3950 4395 περικείμενοι,
3987 4325 4050 4379 ατ

2466 4425 2605 4475 εἰσιν
2639 4421 2697 4484 ἑξ
2730 4420 2894 4487 ἑρίων
2930 4421 3023 4472 καὶ
3051 4419 3289 4482 κωδίων,
3321 4417 3456 4471 am
3491 4418 3621 4470 ποτὲ
3658 4415 3815 4480 ζώων
3840 4416 4048 4468 ἀπεδύ-

790 4530 1031 4591 spectra.
1071 4518 1176 4573 Sed
1217 4519 1380 4572 iidem
1414 4523 1522 4571 no'n
1556 4516 1706 4586 gravi
1752 4525 2032 4568 armatura
2087 4513 2362 4577 instrueti,
2399 4546 2440 4598 ο

2399 4546 2440 4598 D
2471 4531 2631 4566 σαντο
2680 4507 2760 4572 οἷς
2803 4512 2973 4580 δήπου
3008 4512 3062 4577 γ’
3102 4511 3269 4580 ἑχρῆν
3292 4527 3304 4540 ο
3340 4509 3596 4576 ἄντικρυς
3624 4508 3901 4575 ’δαιμόνια
3939 4508 4047 4576 φά-

787 4613 903 4667 imo
933 4613 1160 4666 omnino
1205 4611 1356 4665 leves
1383 4619 1440 4663 et
1486 4608 1724 4676 expediti
1763 4615 1943 4661 erant.
1995 4609 2071 4660 Ac
2111 4605 2360 4675 plerique

788 4722 938 4760 arma
975 4704 1041 4760 ad
1081 4705 1250 4775 378
1288 4703 1542 4757 cominus
1563 4700 1916 4770 pugnandum
1955 4708 2073 4766 apta
2101 4699 2154 4751 in
2191 4695 2363 4750 mani-

789 4796 896 4850 bus
947 4795 1244 4853 habebant.
1273 4807 1474 4861 nempe
1512 4793 1696 4846 hastas
1749 4801 1807 4844 et
1844 4803 2090 4844 secures.
2129 4787 2360 4852 Quidam

791 4897 849 4943 et
878 4888 982 4942 tela
1007 4886 1236 4941 missilia
1263 4885 1572 4956 gestabant.
1595 4883 1674 4938 Ac
1693 4882 1965 4951 principio
1987 4880 2208 4950 quidem
2243 4879 2363 4933 ﬁeri

792 4997 904 5036 non
947 4991 1200 5050 poterat,
1236 4978 1368 5046 quin
1425 4977 1585 5031 nobis
1634 4984 1690 5030 et
1737 4975 2062 5042 intempesta
2107 4981 2268 5027 nocte
2311 4980 2367 5025 et

797 5072 1000 5139 ignotis
1047 5071 1099 5122 in
1150 5070 1286 5123 locis
1322 5079 1591 5122 terrorem
1649 5068 2004 5120 incuterent:
2062 5065 2366 5132 praesertim

800 5181 925 5220 cum
955 5173 1143 5220 nostra
1167 5163 1350 5233 lingua
1380 5160 1524 5215 haud
1559 5169 1868 5213 uterentur.
1903 5158 2054 5212 Illius
2083 5158 2232 5210 enim
2263 5156 2369 5210 loci

799 5258 991 5311 incolae
1021 5257 1267 5326 plerique
1297 5253 1571 5323 Mysorum
1607 5251 1785 5305 coloni
1817 5259 1967 5310 sunt,
2001 5247 2244 5301 finitimae
2278 5260 2366 5298 na-

797 5351 990 5411 tionis,
1027 5357 1083 5402 et
1112 5346 1393 5400 communi
1427 5360 1552 5399 cum
1603 5342 1806 5396 nostris
1834 5339 2191 5410 popularibus
2219 5339 2369 5391 victu

798 5453 1057 5497 utuntur.
1078 5442 1284 5493 Deinde
1314 5438 1625 5508 recepimus
1650 5435 1862 5489 animos
1889 5442 1945 5486 et
1968 5432 2035 5486 ad
2067 5446 2169 5485 nos
2197 5431 2371 5485 redii-

805 5552 948 5592 mus.
979 5533 1116 5590 Nam
1147 5548 1244 5586 sua
1279 5532 1463 5600 lingua
1497 5545 1599 5583 nos
1628 5529 1860 5583 comiter
1887 5536 1943 5579 et
1996 5525 2248 5579 hilariter
2280 5539 2370 5578 sa-

2470 4619 2678 4672 σματα’
2711 4604 2851 4672 πλὴν
2893 4604 2953 4655 οὑ
2983 4601 3362 4671 κατάφρακτοί
3397 4618 3541 4664 τινες
3581 4599 3820 4665 ὁπλῖται,
3856 4600 3943 4652 ὅτι
3971 4601 4044 4668 μὴ

2469 4699 2724 4762 καθάπαξ
2784 4697 2965 4766 ψιλοί’
3013 4696 3110 4747 καὶ
3165 4688 3458 4764 ἀγχέμαχά
3507 4711 3627 4745 τινα
3673 4693 3886 4761 δργανα
3921 4694 4047 4743 ταῖν

2468 4795 2649 4861 χεροῖν
2679 4793 2728 4844 οι
2780 4790 2995 4852 πλείους
3043 4779 3283 4857 ἔχοντες,
3311 4788 3411 4840 ὅσα
3441 4789 3500 4839 ἑν
3533 4786 3756 4856 λόγχαις
3800 4786 3912 4838 εἰσὶ
3951 4789 4048 4837 καὶ

2470 4884 2780 4936 πελέκεσιν.
2812 4878 2993 4934 *Ησαν
3025 4880 3070 4933 δ’
3106 4880 3295 4933 οῑκκαὶ
3324 4880 3424 4933 ὅσα
3457 4880 3516 4932 ἑν
3559 4879 3894 4957 τηλεϐόλοις.
3937 4879 4047 4930 Καὶ

2474 4974 2536 5028 τδ
2572 4978 2670 5043 μὲν
2710 4975 2925 5044 πρῶτον
2957 4972 3215 5041 ἐκπλήξει
3249 4973 3345 5024 καὶ
3396 4970 3501 5023 δέει
3552 4969 3943 5023 καθυπέὁαλον
3983 4971 4049 5020 τὰ

2474 5072 2742 5139 ἡμέτερα.
2774 5067 2898 5128 Πῶς
2925 5067 3034 5134 γάρ
3076 5063 3174 5128 οὓς
3221 5066 3279 5117 ὲν
3313 5063 3498 5124 τόποις
3534 5061 3837 5130 ἀλλοτρίοις
3877 5061 4050 5113 ὄντων

2474 5159 2570 5210 καὶ
2620 5156 2798 5226 ἀωρίᾳ
2846 5153 3019 5223 τοιᾷδε
3072 5150 3173 5205 καὶ
3222 5149 3445 5220 γλώσσῃ
3501 5148 3638 5217 πρὸς
3685 5147 3900 5209 τούτοις
3953 5147 4049 5214 οὐχ

2474 5250 2723 5321 ἡμετέρᾳ
2761 5248 3069 5318 χρώμενοις
3105 5244 3309 5299 Μυσῶν
3341 5243 3452 5310 γὰρ
3479 5240 3698 5293 dmum
3722 5239 3832 5297 τῶν
3868 5242 4046 5292 suis:

2481 5335 2914 5407 προσοικούντων
2964 5333 3104 5384 εἰσὶν
3148 5331 3390 5402 ἀρχῆθεν
3438 5331 3488 5380 οἱ
3528 5328 3746 5390 πλείους
3795 5328 3895 5380 καὶ
3940 5331 4049 5388 τοῖς

2476 5432 2608 5499 ἡμῖν
2638 5426 2931 5496 ὁμοφύλοις
2958 5423 3162 5492 ἀναμὶξ
3182 5424 3281 5490 τὴν
3309 5422 3518 5474 δίαιταν
3547 5420 3786 5489 ἔχοντες.
3819 5421 4049 5472 Ἔπειτα

2455 5522 2818 5606 *ἀνεφέρομεν
2865 5519 2961 5573 καὶ
3006 5519 3219 5573 ἑαυτῶν
3250 5514 3576 5587 ἐγιγνόμεθα
3621 5513 3800 5577 αὖθις.
3841 5513 4045 5571 Ἦσπά-

2140 5663 2478 5724 Variorum
2519 5674 2703 5722 noue.

879 5805 992 5872 (ιι)
1037 5802 1305 5858 llomerus
1330 5800 1512 5870 Odyss.
1547 5800 1594 5864 δ,
1622 5816 1674 5851 v.
1703 5797 1826 5851 481.
1873 5795 2084 5849 Occasu
