4248 6442
206 326 309 391 565
453 324 531 394 [Α.
568 339 620 377 ς.
665 322 803 377 1232
841 340 903 377 AD
949 321 1104 393 i528]

1218 325 1661 385 ΒΥΖᾹΧἸῚΝίΕ
1702 325 2089 386 ΙῘΙΞἹῸΙΗΑΞ
2138 329 2284 386 LIB.
2333 330 2490 389 VI”.

2622 325 2756 397 line.
2802 338 3080 377 ANDRUNIC.
3114 322 3253 394 scan]

3367 327 3471 393 566

209 441 361 506 ζοντο
395 442 505 510 γὰρ
540 442 682 510 ἡμᾶς
714 443 915 494 ἐκεῖνοι
942 443 1006 510 τῇ
1039 439 1191 507 σφῶν
1221 439 1490 510 διαλέκτῳ
1523 441 1793 510 προσηνές

1900 441 2167 500 Intabant.
2201 459 2300 499 nec
2336 444 2641 516 quidquam
2681 444 2946 499 infestum
2982 454 3037 498 et
3076 444 3357 499 latrocinii
3394 447 3473 498 si-

206 551 257 586 τι
287 534 381 588 καὶ
415 535 631 602 ἱλαρόνο
680 536 775 588 καὶ
807 535 960 588 οὐδὲν
990 534 1201 604 οὐδαμῆ
1252 534 1544 605 λῃστρικὸν
1573 532 1781 585 ἐπεδεί-

209 644 402 680 κνυντο
426 644 439 657 ·
476 627 588 680 εῐτε
627 629 764 698 πρὸς
799 628 1027 691 πολλοὺς
1055 630 1200 697 ἡμᾶς
1229 627 1399 693 ὀλίγοι
1434 629 1526 679 καὶ
1563 626 1782 697 βραχεῖς

208 736 351 782 τινες
394 719 550 780 ὄντες
596 719 751 772 αὐτοὶ
780 721 878 773 οὐκ
908 719 1243 789 ἀξιομάχους
1274 722 1412 786 σφᾶς
1439 720 1635 780 αὐτοὺς
1667 719 1784 787 κρί-

210 828 400 873 ναντες
439 814 496 872 ἐς
532 814 730 881 μοῖραν
771 813 1062 866 ἀντίπαλον
1101 812 1478 881 καταστῆσαι·
1526 812 1635 864 εἴτε
1689 812 1784 864 καὶ

210 903 346 956 Θεοῦ
383 904 728 968 κωλύσαντος
748 922 763 937 ο
790 904 818 958 ὁ
859 908 951 959 καὶ
978 906 1179 973 μᾶλλον
1207 903 1427 973 τίθεμαι
1471 907 1563 957 καὶ
1588 902 1785 957 πολλοῦ

207 996 311 1047 δέω
345 994 595 1063 θάτερον.
635 998 699 1049 Ol
746 997 846 1066 μὲν
892 999 999 1069 γάρ
1037 997 1189 1059 ὄντες
1228 994 1485 1066 ἐγχώριοι
1533 996 1627 1049 καὶ
1672 997 1785 1059 τοῖς

210 1088 392 1140 ἐκεῖσε
422 1088 769 1157 προλοχίζειν
799 1090 1022 1161 ἐνέδρας
1054 1089 1238 1149 ἐθάδες
1274 1090 1409 1158 πρὸς
1436 1089 1617 1153 ξένους
1640 1090 1789 1158 ἡμᾶς

208 1180 267 1233 ἐν
297 1179 448 1233 οὕτω
477 1179 706 1248 ζοφώδει
735 1184 800 1253 τῇ
831 1181 949 1252 ὥρᾳ.
981 1182 1075 1235 καὶ
1103 1183 1217 1251 ἃμα
1251 1181 1313 1234 τὸ
1335 1181 1437 1250 τῆς
1473 1181 1606 1251 ὕλης
1634 1198 1796 1251 συνη-

213 1273 380 1340 ρεφές
450 1272 741 1343 σύμμαχον
796 1274 1008 1344 ἄμαχον
1056 1274 1269 1345 ἔχοντες
1324 1273 1582 1343 τοιαύτην
1633 1274 1793 1345 εῐπερ

211 1364 502 1417 ἐϐούλοντο
541 1368 640 1434 τὴν
672 1368 853 1436 μάχην
880 1368 1095 1420 ἐτέλουν
1122 1367 1207 1429 ἂν,
1239 1367 1358 1419 οἵαν
1377 1367 1469 1420 καὶ
1490 1365 1785 1436 βλέποντες

210 1457 275 1510 ἂν
317 1460 457 1528 πρὸς
486 1461 719 1529 τυφλούς
751 1460 832 1533 [Ρ.
855 1460 1006 1532 2551.
1039 1463 1230 1531 Ὅμως
1255 1463 1437 1531 μέντοι
1469 1464 1570 1530 τὴν
1592 1462 1786 1530 ὁμοίαν

212 1551 271 1614 ἐξ
305 1553 464 1621 ἡμῶν
497 1554 589 1606 καὶ
618 1554 709 1606 air
730 1555 771 1608 at
791 1554 1093 1625 πρόσρησιν
1110 1554 1489 1625 ἀντειληφότες
1510 1550 1797 1625 (ἦσαν’γὰρ

208 1642 259 1696 οἶ
289 1646 384 1696 καὶ
413 1643 525 1697 τῶν
555 1647 846 1718 ἡμετέρων
884 1648 984 1717 τῆς
1017 1647 1244 1701 ἐκείνων
1273 1647 1517 1715 γλώττης
1557 1648 1618 1700 οὐ
1651 1650 1793 1702 πάνυ

1900 534 2027 587 mile
2058 551 2167 603 prae
2203 552 2260 588 se
2291 536 2582 592 ferebant:
2613 539 2729 593 sive
2768 537 2914 607 quod
2949 537 3112 607 pauci
3145 547 3201 590 et
3236 537 3342 589 rari
3376 553 3475 591 nos

1898 628 2005 687 bis.
2056 629 2147 696 qui
2208 632 2363 684 multi
2418 647 2662 698 eramus,
2712 632 3093 700 oppugnandis
3147 630 3363 684 futuros
3417 644 3475 681 se

1900 720 2138 788 impares
2183 721 2617 785 arbitrabantur.
2654 724 2769 779 sive
2806 724 2950 777 Deus
2995 738 3103 777 non
3153 722 3299 785 sivil,
3328 721 3473 791 quod

1899 812 2083 881 pmius
2125 827 2271 875 reor,
2305 813 2373 866 ab
2414 815 2587 869 altera
2625 826 2813 869 autem
2850 816 3112 885 opinione
3153 816 3478 886 longissime

1900 904 2114 960 absum.
2150 904 2284 961 Cum
2318 907 2463 961 enim
2517 908 2589 963 ibi
2643 910 2979 967 habitarent.
3010 916 3064 961 et
3101 908 3153 961 in
3196 909 3262 961 iis
3290 905 3479 977 prmi-i-

1904 998 2051 1063 pitiis
2084 998 2312 1064 insidias
2340 1001 2607 1056 collocare
2640 1012 3024 1061 consuessent.
3060 1012 3117 1057 et
3149 1002 3297 1055 silvae
3335 1000 3479 1054 den-

1904 1090 2063 1143 sitatc
2107 1092 2254 1145 velut
2296 1092 2709 1163 inexpugnabili
2748 1094 3166 1167 propugnaculo
3213 1095 3480 1150 defende-

1904 1190 2121 1246 rentur,
2159 1185 2393 1239 obscura
2440 1198 2601 1241 nocte
2657 1186 2982 1251 nobiscum,
3045 1189 3140 1257 qui
3202 1188 3479 1259 peregrini

1904 1290 2172 1337 essemus.
2213 1286 2270 1331 ut
2304 1279 2559 1334 videntes
2607 1296 2733 1335 cum
2783 1283 2944 1336 caecis
2976 1290 3333 1351 pugnassent.
3371 1281 3478 1336 Sed

1908 1377 2091 1422 tamen
2127 1386 2249 1424 cum
2285 1386 2380 1425 eos
2419 1373 2585 1427 simili
2622 1373 2787 1427 modo
2815 1374 3273 1429 resalutassemus
3304 1376 3485 1440 (erant

1907 1458 2056 1512 enim
2091 1461 2340 1514 nonnulli
2373 1478 2403 1515 e
2435 1463 2640 1518 nostris
2664 1465 2937 1518 sermonis
2959 1479 3149 1517 eorum
3182 1479 3290 1518 non
3322 1465 3483 1533 plane

1909 1552 2095 1608 rudes)
2129 1570 2228 1607 cur
2258 1554 2331 1608 ibi
2367 1555 2652 1624 degerent,
2695 1557 2837 1610 hanc
2867 1573 3086 1611 causam
3120 1556 3311 1624 paucis
3349 1556 3485 1611 alle-

1910 1645 2102 1699 rcbant
2132 1664 2143 1699 :
2180 1662 2237 1700 se
2266 1649 2527 1701 custodes
2558 1663 2677 1702 esse
2714 1649 2925 1702 viarum
2961 1648 3026 1701 ad
3083 1648 3485 1719 propulsandos

210 1752 294 1788 τοι
356 1735 542 1800 άδαείς
606 1734 772 1809 ἦσαν)
813 1740 915 1810 τὴν
980 1739 1164 1794 αἰτίαν
1204 1740 1264 1793 ἐν
1330 1738 1523 1809 βραχεί
1577 1740 1800 1811 διῄεσαν

1904 1751 2022 1796 eos,
2042 1737 2135 1805 qui
2176 1738 2435 1792 finitimos
2458 1755 2618 1808 agros
2645 1738 2782 1793 clam
2814 1739 3194 1793 latrocinando
3223 1738 3484 1793 infeSIare

208 1825 312 1890 τῆς
350 1830 507 1897 σφῶν
563 1803 762 1884 αὐτόθι⁷
810 1803 1057 1901 διαίτηςο
1114 1830 1189 1894 ὡς
1248 1803 1491 1909 φύλακες
1529 1803 1665 1885 e'ev"
1689 1833 1799 1885 τῶν

1910 1831 2129 1883 vellent.
2168 1828 2286 1882 lam
2324 1832 2481 1885 tertia
2516 1831 2695 1886 noctis
2725 1846 2853 1902 pars
2878 1831 3188 1895 efﬂuxerat,
3216 1839 3276 1885 ut
3299 1846 3329 1885 e
3358 1831 3488 1899 qui-

208 1921 347 1971 ὸδῶν
381 1922 481 1974 καὶ
509 1922 583 1983 ὡς
616 1922 942 1977 άποσοδοίεν
971 1924 1151 1979 πάντα
1192 1925 1313 1978 τινὰ
1344 1926 1435 1977 τὸν
1475 1924 1800 1995 βουλόμενον

212 2015 311 2074 τὰς
340 2013 573 2081 ἔγγιστα
611 2016 797 2084 χώρας
830 2017 1056 2070 ἐπιόντα
1089 2016 1266 2088 λάθρα
1308 2018 1620 2089 ληίζεσθαι.
1664 2020 1804 2089 Ἤδη

212 2105 270 2156 δὲ
304 2108 402 2158 καὶ
431 2106 493 2159 τὸ
516 2108 701 2178 τρίτον
724 2109 822 2177 τῆς
854 2111 1048 2173 νυκτὸς
1079 2110 1391 2182 παρερῤύη,
1433 2110 1509 2173 ὡς
1541 2111 1605 2163 ἐκ
1646 2127 1808 2164 τινων

211 2199 262 2250 οἳ
292 2200 437 2269 σᾷπέρ
466 2201 707 2271 κεφαλῆς
737 2197 877 2273 ἦσαν
907 2202 1132 2274 ἀστέρες
1157 2202 1619 2274 ἐτεκμαιρόμεθα.
1642 2204 1807 2273 Ἀρτι

210 2289 265 2341 δῖ
323 2293 423 2343 καὶ
480 2293 659 2346 κυνῶν
706 2295 905 2348 ύλακαὶ
946 2296 1282 2366 προσέϐαλον
1315 2296 1605 2369 πόρρωθεν
1649 2298 1807 2366 ἡμῖν,

218 2384 516 2453 μονονουχὶ
553 2386 1030 2457 προσκαλούμεναι
1079 2389 1173 2441 καὶ
1214 2387 1315 2460 τὴν
1369 2390 1644 2459 φέρουσαν
1698 2386 1810 2439 κώ-

219 2493 329 2545 μην
365 2477 480 2547 (55)
534 2478 879 2534 δεικνύουσαι
928 2482 1004 2546 ὡς
1060 2482 1490 2551 πολυάνθρωπον
1526 2484 1620 2534 καὶ
1663 2481 1811 2549 πόνῳ

216 2568 405 2638 πολλῷ
442 2570 838 2639 βαπτισθέντας
866 2573 1198 2642 ἀποχρῶσαν
1222 2571 1427 2637 ξενίσαι
1456 2570 1804 2641 ἀνθρώπους,

220 2665 268 2713 εἰ
305 2665 405 2715 καὶ
434 2666 635 2733 ἥκιστα
675 2667 817 2720 πάνυ
855 2667 1079 2732 τελέως,
1126 2667 1241 2722 ἀλλ’
1274 2662 1367 2721 οὖν
1396 2666 1517 2720 οὐδὲ
1558 2667 1700 2719 πάνυ
1732 2682 1813 2718 τοι

218 2745 388 2821 ἧττον
421 2752 453 2821 ἢ
484 2753 700 2817 τελέως.
730 2755 901 2809 Ἔνθα
927 2756 991 2821 δὴ
1014 2755 1108 2808 καὶ
1140 2755 1345 2825 σπουδῇ
1377 2753 1815 2826 προσελάσαντες

223 2845 602 2911 καταγωγίοις
636 2845 794 2909 ἄλλος
826 2846 1018 2901 ἄλλοσε
1052 2846 1447 2916 διασπαρέντες
1491 2842 1812 2914 ἐχρώμεθα,

223 2937 423 3007 ὥσπερ
462 2939 529 2989 ἐκ
560 2937 723 2991 σάλου
767 2941 861 2992 καὶ
893 2938 1153 3007 ναυαγίου
1199 2940 1306 3009 ὅτῳ
1343 2939 1545 3009 δήποτε
1588 2953 1813 3006 περιτυ-

1909 1921 2139 1974 busdam
2192 1922 2387 1984 stellis,
2422 1938 2542 1990 qua:
2592 1938 2758 1993 supra
2792 1922 2969 1992 capita
3007 1932 3191 1981 erant,
3221 1921 3489 1992 conjicie-

1908 2012 2124 2065 bamus.
2155 2011 2385 2065 Demum
2415 2022 2469 2067 et
2502 2013 2731 2068 latratus
2760 2028 2957 2068 canum
2990 2014 3180 2080 procul
3210 2012 3486 2077 exauditi,

1909 2106 2002 2174 qui
2057 2121 2158 2158 nos
2212 2114 2424 2159 tantum
2477 2122 2584 2160 non
2636 2105 2945 2161 invitabant
2993 2116 3048 2159 et
3079 2120 3275 2174 pagum
3322 2103 3489 2175 379

1912 2200 2257 2268 frequentem
2314 2214 2435 2254 esse
2498 2200 2905 2262 ostendebant,
2954 2202 3007 2253 in
3060 2213 3171 2267 quo
3226 2199 3483 2253 homines

1912 2276 2087 2344 multo
2143 2290 2327 2345 labore
2370 2290 2609 2346 confecti
2655 2290 2922 2361 hospitari
2978 2299 3223 2360 possent.
3277 2290 3321 2343 si
3363 2305 3474 2343 non

1911 2384 2201 2439 commode
2236 2400 2301 2438 ex
2337 2384 2487 2439 omni
2523 2397 2697 2453 parte,
2728 2390 2783 2437 at
2816 2399 2918 2438 nec
2946 2385 3173 2437 omnino
3198 2383 3362 2436 etiam
3394 2384 3480 2437 in-

1916 2478 2228 2532 commode.
2263 2477 2383 2544 Quo
2434 2493 2559 2531 cum
2596 2491 2833 2546 prepere
2866 2477 3340 2545 pervenissemns,
3391 2475 3484 2529 alii

1915 2570 2023 2624 alio
2067 2570 2299 2639 dispersi
2347 2568 2651 2624 diversoria
2684 2568 3034 2630 intravimus,
3069 2568 3243 2622 veluti
3280 2584 3309 2621 e
3355 2577 3493 2622 tem-

1900 2672 2129 2732 pestate
2160 2673 2219 2717 et
2266 2663 2553 2733 naufragio
2594 2662 2649 2717 in
2680 2663 2986 2733 quemlibet
3026 2670 3245 2732 portum
3295 2670 3493 2714 utcun-

1919 2769 2026 2823 que
2054 2754 2303 2809 eluctati.
2332 2754 2488 2820 Quod
2524 2755 2568 2809 si
2605 2755 2872 2808 esurienti
2904 2754 3085 2821 quivis
3115 2753 3271 2822 panis
3299 2752 3491 2806 suavis

1918 2860 2039 2899 esse
2079 2846 2305 2910 dicitur,
2356 2846 2515 2901 nobis
2554 2862 2772 2915 quoque
2796 2854 2946 2900 certe
2979 2845 3032 2899 in
3078 2844 3361 2899 cineribus
3392 2859 3489 2894 vo-

1920 2937 2085 2991 lutari
2116 2953 2286 2992 suave
2319 2948 2432 2991 tum
2464 2948 2520 2992 et
2558 2938 2788 2993 liberale
2819 2937 3133 2992 videbatur.

223 3032 419 3098 χόντες
451 3028 651 3096 λιμένι.
697 3031 759 3083 El
802 3032 856 3084 δὲ
896 3033 988 3085 καὶ
1024 3033 1154 3101 ἡδὺν
1197 3034 1276 3101 τῷ
1321 3033 1582 3086 πεινῶντι
1630 3032 1808 3085 πάντα
1849 3031 1971 3084 τινὰ
2037 3032 2199 3095 ἄρτον
2256 3029 2395 3084 εἷναί
2424 3050 2611 3102 φασιν,
2655 3031 2795 3085 ἀλλὰ
2821 3031 2914 3086 καὶ
2945 3033 3076 3102 ἡμῖν
3116 3031 3175 3084 τὸ
3211 3032 3328 3092 ταῖς
3358 3048 3494 3083 σπο-

220 3125 369 3184 διαῐς
395 3122 827 3190 ἐγκαλινδεῖσθαι
869 3124 1003 3187 τέως
1048 3124 1148 3195 ἡδύ
1179 3143 1233 3178 τι
1278 3128 1372 3179 καὶ
1422 3125 1806 3193 φιλάνθρωπον
1846 3124 2150 3194 ἐνομίζετο.

298 3214 397 3283 (Γ.
445 3216 526 3285 Τῇ
580 3213 623 3266 δ’
665 3215 757 3267 οὖν
807 3216 1069 3288 ὑστεραίᾳ.
1123 3220 1467 3289 πανημέριον
1515 3220 1813 3277 ἀνύσαντες

1993 3217 2079 3272 Vl.
2123 3219 2404 3272 Posteram
2437 3217 2583 3273 diem
2621 3218 2675 3272 iu
2719 3218 2916 3273 itinere
2948 3228 3115 3273 telam
3148 3219 3495 3287 consumpsi-

228 3315 469 3380 πορείαν
500 3310 555 3371 ἐς
587 3326 636 3361 τι
661 3310 959 3379 γιγνόμεθα
1000 3310 1296 3381 πολίχνιον,
1316 3314 1391 3374 ὡς
1417 3312 1615 3373 εἰπεῖν,
1645 3312 1814 3379 ὑπερ-

232 3402 484 3471 νέςρελον,
543 3401 965 3469 Στρούμμιτζαν
1020 3401 1311 3472 (46).οὖτω
1364 3420 1483 3466 πως
1533 3401 1816 3473 ἐγχωρίως

233 3494 605 3562 κιλούμενον,
649 3492 837 3562 ὑψηλῷ
891 3494 967 3563 τῷ
1016 3495 1132 3564 ὁρει
1185 3495 1624 3565 ἀπειλημμένον,
1673 3492 1815 3546 ὥστε

233 3593 363 3652 τοὺς
400 3587 493 3639 ἐπὶ
517 3588 624 3639 τῶν
652 3584 929 3650 ἐπάλξεων
957 3589 1297 3659 καθημένους
1327 3587 1650 3659 ἀνθρώπους
1675 3585 1822 3657 ὁρνί-

235 3684 348 3736 Οων
387 3682 531 3733 τισὶν
559 3682 819 3745 ἐοικέναι,
852 3681 1014 3740 εἴτις
1050 3680 1296 3733 κάτωθεν
1331 3681 1396 3734 ἐκ
1427 3682 1528 3748 τῆς
1570 3679 1821 3741 πεδιάδος

234 3770 412 3840 ὁρῴη.
456 3768 726 3822 Ἐνταύθά
761 3786 824 3835 γε
860 3768 967 3839 μὴν
999 3770 1093 3821 καὶ
1132 3770 1193 3821 τὸ
1230 3768 1382 3821 θεῖον
1411 3767 1819 3835 ἐτετελέκειμεν

236 3868 439 3933 Πάσχα
465 3877 477 3893 ’
520 3860 762 3930 ἀνιαρῶς
798 3861 897 3929 μέν
936 3862 1030 3913 καὶ
1074 3861 1225 3928 παρὰ
1268 3862 1372 3929 τὴν
1421 3859 1660 3930 ἀρχῆθεν
1689 3858 1823 3926 ἡμῖν

240 3958 574 4023 συνήθειαν*
635 3955 1047 4024 ἐτετελέκειμεν
1091 3954 1137 4008 δ’
1180 3951 1299 4007 οὖν.
1352 3954 1528 4024 Λῆρος
1575 3951 1683 4021 γὰρ
1714 3951 1823 4011 τοῖς

240 4052 361 4105 ἐκεῖ
400 4050 685 4110 παίδευσις
716 4048 906 4100 ἅπασα
940 4047 1037 4099 καὶ
1076 4045 1281 4115 ῥυθμὸς
1315 4045 1410 4097 καὶ
1443 4044 1618 4114 μοῦσα
1651 4044 1823 4110 ἐμμεο

241 4144 344 4213 li};
403 4142 558 4211 ἱερᾶς
614 4138 910 4209 ὑμνῳδίας,
962 4136 1238 4207 βάρϐαρον
1266 4137 1536 4207 ὴσκηκόσι
1578 4133 1825 4203 γλῶτταν

239 4236 317 4301 ὡς
352 4238 425 4288 τά
476 4232 649 4286 πολλὰ
677 4232 772 4286 καὶ
803 4230 909 4302 ἢθη
947 4230 1092 4301 μάλα
1136 4230 1199 4297 γέ
1251 4246 1331 4281 τοι
1367 4228 1582 4298 εὐφυῶς
1615 4230 1826 4298 προσή-

241 4346 417 4381 κοντα
448 4326 729 4395 σκαπάνῃ.
768 4326 843 4377 Οὐ
874 4324 987 4393 γὰρ
1042 4322 1448 4392 μιξοϐάρϐαρον
1482 4323 1601 4392 μὲν.
1629 4323 1819 4395 εῦρυθ-

248 4436 350 4486 μον
397 4416 456 4468 δέ
484 4417 576 4467 τὸν
620 4408 755 4483 ἦχον
796 4408 1128 4480 προύφερον,
1158 4410 1246 4462 ἵνα
1275 4427 1355 4471 τις
1391 4405 1457 4479 ἧν
1508 4415 1605 4464 καὶ
1642 4414 1826 4481 αὐτὸς.

245 4511 441 4577 ὥσπερ
489 4508 538 4558 οἱ
583 4503 897 4569 Μιξολύδιοι
927 4503 1023 4556 καὶ
1052 4501 1100 4553 εί
1147 4500 1229 4553 δεῖ
1258 4500 1439 4567 λέγειν
1466 4503 1515 4554 ol
1550 4504 1828 4574 Μιξοφρύ-

246 4619 383 4667 γιοι,
410 4575 537 4653 αλλ’
565 4598 687 4651 ὅλον
744 4592 1144 4665 βοσκηματὼδη
1186 4600 1279 4645 καὶ
1313 4592 1491 4661 ὄρειον
1523 4596 1618 4647 καὶ
1646 4598 1828 4649 ὁποῖον
1865 4575 1905 4629 D

247 4696 315 4747 ἂν
338 4695 390 4747 οἱ
431 4690 678 4759 νομάδων
727 4688 916 4761 ᾄσαιεν
961 4687 1179 4749 παῖδες,
1225 4687 1385 4738 ὁπότε
1423 4688 1560 4755 πρὸς
1601 4689 1695 4749 τὰς
1731 4690 1827 4756 ῥα-

248 4789 377 4857 χίας
409 4788 503 4837 καὶ
524 4786 622 4845 τὰς
654 4782 832 4843 νάπας
872 4779 933 4833 τὸ
964 4779 1212 4849 ποίμνιον
1250 4779 1433 4844 άγοιεν
1464 4776 1583 4849 ὥρῃ
1623 4782 1680 4831 ἐν
1715 4780 1827 4833 εἱα-

257 4881 405 4949 ρινῇ,
431 4878 520 4929 ὅτε
545 4892 603 4927 τε
636 4872 837 4942 γλάγος
860 4872 1037 4939 ἄγγεα
1069 4868 1235 4922 δεύοι.
1287 4868 1439 4920 Ἐπεί
1466 4885 1529 4935 γε
1562 4870 1667 4939 μὴν
1689 4872 1828 4923 κατὰ

247 4972 443 5039 χώραν
480 4966 796 5035 αὐθημερὸν
827 4964 1124 5032 ἐμείναμεν
1175 4964 1241 5031 τῇ
1286 4978 1344 5014 τε
1386 4962 1546 5031 ἑορτῇ
1580 4961 1837 5029 νέμοντες

253 5064 349 5115 καὶ
380 5061 695 5129 καθήκοντα
737 5060 833 5113 καὶ
860 5057 994 5126 ἡμῖν
1030 5054 1196 5124 μέρος
1235 5054 1472 5115 ἀνέσεως
1504 5055 1599 5106 καὶ
1630 5054 1838 5124 ῥᾳστώ-

251 5174 379 5224 νης,
405 5156 470 5206 ἐκ
499 5153 609 5205 τῶν
636 5149 831 5221 τειχῶν
868 5149 1278 5219 προκύπτοντες
1313 5147 1523 5201 ἄνωθεν
1560 5145 1747 5216 ὥσπερ
1776 5149 1839 5198 ἐκ

248 5247 500 5317 νεφελῶν
536 5245 670 5315 πρὸς
702 5244 800 5313 τὴν
852 5241 1076 5294 πεδιάδα
1106 5242 1174 5295 τά
1207 5258 1265 5292 τε
1316 5240 1450 5295 ἄλλα
1500 5239 1678 5292 ὁπόσα
1716 5240 1839 5299 ταῖς

249 5342 641 5411 πανηγύρεσιν
669 5337 1017 5407 ἐπεκράτησε
1066 5334 1311 5403 γίνετθαι
1342 5333 1605 5404 ἑωρῶμεν
1646 5331 1741 5386 καὶ
1772 5332 1835 5402 δὴ

1920 3326 2043 3363 mus
2069 3318 2125 3364 et
2156 3310 2222 3361 ad
2254 3309 2577 3379 oppidulum
2607 3309 2951 3373 devenimus,
2981 3310 3126 3379 quod
3157 3326 3295 3380 pene
3329 3327 3493 3381 supra

1920 3405 2099 3457 nubes
2151 3402 2360 3456 eminet
2408 3401 2787 3472 (Strummitza
2841 3402 2911 3457 ab
2960 3403 3155 3456 incolis
3206 3404 3492 3472 vocatur),

1922 3499 2061 3554 adeo
2119 3510 2392 3569 pmrupto
2448 3510 2504 3554 et
2555 3500 2775 3555 excelso
2834 3501 3002 3553 monti
3064 3500 3409 3569 impositum,
3438 3511 3498 3557 ut

1924 3592 2182 3647 homines
2226 3592 2280 3646 in
2313 3581 2742 3662 propugnaculis
2788 3591 3047 3646 sedentes
3078 3606 3108 3644 e
3148 3592 3286 3645 valle
3311 3591 3498 3660 suspi-

1924 3683 2200 3739 cientibus
2224 3683 2559 3738 avicularum
2594 3682 2803 3736 similes
2834 3683 3144 3736 videantur.
3173 3682 3247 3735 lbi
3280 3697 3493 3736 sacrum

1923 3776 2132 3831 Pascha
2179 3776 2408 3829 moleste
2434 3775 2658 3845 quidem
2684 3783 2739 3828 et
2760 3784 2960 3844 praeter
2985 3785 3226 3830 veterem
3253 3784 3495 3828 nostram

1925 3866 2411 3931 consuetudinem,
2441 3866 2534 3919 sed
2570 3876 2747 3919 tamen
2779 3866 3201 3920 celebravimus.
3240 3867 3316 3920 lbi
3346 3867 3493 3920 enim

1926 3957 2106 4011 omnis
2137 3956 2409 4023 doctrina,
2446 3956 2686 4027 rhythmi
2720 3966 2774 4011 et
2811 3973 2982 4012 sacrae
3018 3959 3331 4028 hymnodiie
3378 3974 3499 4011 mu-

1927 4049 2042 4103 sica
2083 4064 2181 4117 pro
2232 4050 2391 4119 nugis
2447 4048 2761 4103 habentur:
2794 4048 2997 4118 quippe
3048 4066 3174 4103 cum
3235 4049 3497 4120 oppidani

1930 4140 2163 4195 barbara
2205 4140 2319 4195 fere
2352 4140 2537 4210 lingua
2585 4148 2835 4205 utantur,
2867 4149 2923 4194 et
2963 4141 3032 4196 iis
3067 4142 3177 4196 sint
3228 4141 3499 4208 moribus,

1930 4233 2027 4304 qui
2064 4244 2307 4287 aratrum
2337 4243 2391 4288 et
2424 4233 2661 4303 ligonem
2716 4234 2770 4287 in
2804 4234 2996 4303 primis
3027 4233 3276 4290 deceant.
3309 4234 3501 4305 Neque

1929 4327 2076 4379 enim
2112 4341 2238 4378 eum
2278 4340 2474 4379 sonum
2509 4325 2766 4385 edebant,
2795 4341 2888 4394 qui
2917 4327 3022 4381 etsi
3053 4325 3496 4388 Seniibarbarus.

1932 4424 2110 4469 tamen
2144 4416 2458 4470 modulatus
2486 4415 2646 4474 (oret.
2675 4426 2730 4470 et
2759 4417 2958 4485 aliquis
2989 4418 3108 4485 ipse
3135 4433 3355 4487 quoque
3378 4434 3500 4473 esse

1933 4517 2275 4572 censeretur,
2312 4518 2371 4562 ut
2402 4508 2755 4578 Semilydius,
2792 4518 2847 4564 et
2878 4509 2922 4563 si
2974 4509 3055 4563 fas
3086 4509 3293 4573 dicere,
3326 4510 3504 4564 Semi-

1933 4599 2229 4671 phrygius;
2264 4600 2358 4653 sed
2407 4599 2710 4653 bellninum
2750 4600 2909 4668 plane
2939 4608 2989 4653 et
3036 4609 3358 4653 mentanum
3406 4616 3467 4654 so

1934 4691 2171 4756 nabant;
2204 4707 2314 4760 quo
2359 4691 2465 4744 ritu
2497 4691 2759 4745 nomadcs
2793 4691 2894 4761 ipsi
2926 4701 3213 4753 canerent,
3242 4691 3502 4761 gregibus

1935 4782 2050 4834 suis
2080 4790 2388 4848 praeeuntes
2422 4778 2487 4833 ad
2522 4780 2652 4849 juga
2700 4787 2755 4833 et
2808 4781 2976 4833 silvas
3013 4795 3143 4833 vere
3174 4795 3336 4841 novo,
3376 4795 3499 4831 cum

1936 4872 2148 4943 cymbia
2183 4870 2326 4925 lacte
2352 4872 2653 4926 exundant.
2686 4870 2767 4924 lbi
2798 4886 2925 4946 cuin
2964 4881 3081 4925 toto
3121 4870 3209 4924 die
3236 4870 3502 4924 consiste-

1939 4978 2139 5025 remus,
2174 4964 2373 5031 partim
2406 4962 2769 5016 solemnilatis
2803 4965 3136 5025 reverentia,
3170 4964 3337 5034 380
3372 4979 3500 5033 par-

1938 5055 2036 5110 tim
2087 5055 2467 5124 acquiescendi
2527 5063 2584 5109 et
2640 5057 2929 5109 recreandi
2988 5057 3159 5109 animi
3220 5071 3414 5119 causa,
3470 5071 3501 5110 e

1938 5147 2211 5201 moenibus
2251 5156 2510 5214 tanquam
2559 5146 2801 5199 nubibus
2852 5146 2905 5199 in
2963 5148 3266 5216 sulijectam
3304 5146 3502 5200 vallem

1934 5246 2348 5307 prospectantes
2381 5246 2494 5291 tum
2530 5236 2672 5303 alia,
2711 5253 2833 5307 quae
2868 5240 2919 5291 in
2957 5238 3348 5292 festivitatibus
3380 5237 3503 5291 fieri

1933 5331 2138 5393 solent,
2197 5339 2311 5383 tum
2369 5329 2603 5383 choreas
2662 5331 2929 5392 virorum,
2989 5330 3399 5383 adulescentum
3447 5338 3504 5382 et

1598 5449 1935 5511 Variorum
1971 5455 2158 5511 noue.

332 5562 451 5629 (45)
487 5561 712 5616 Scilicet
743 5560 868 5618 τοὺς
897 5557 1066 5620 κύνας
1103 5573 1118 5610 :
1147 5570 1267 5609 eum
1291 5570 1484 5625 pagum
1540 5555 1595 5606 in
1622 5567 1723 5622 qua
1752 5550 1836 5606 la-

256 5643 472 5689 trarent
505 5647 685 5684 caries.
713 5629 993 5684 Woutus.

333 5704 449 5769 (ιο)
482 5704 616 5756 Aliis
649 5699 1087 5768 Στρουμπίτζαν.
1125 5694 1490 5769 AYide_N9tas
1516 5694 1583 5769 ad
1613 5692 1834 5769 alexia-

250 5763 409 5840 dem,
433 5763 563 5842 pag.
591 5763 989 5825 582.'Ut"cs.\'o.
1013 5797 1082 5807 —
1113 5765 1253 5821 Olim
1288 5763 1741 5835 Τιϐεριούπολινς
1776 5771 1835 5818 ιιι

1938 5550 2099 5605 ducet
2122 5550 2305 5604 brevis
2335 5546 2536 5604 Notitia
2572 5548 2813 5607 urbium,
2839 5564 2960 5616 qtue
2991 5548 3277 5615 antiquum
3304 5561 3502 5599 nomen

1941 5622 1995 5676 in
2047 5636 2245 5674 novum
2303 5628 2605 5673 mutarunt.
2642 5618 2777 5672 Cod.
2812 5620 2945 5686 Reg.
2977 5618 3139 5675 2781,
3183 5616 3276 5668 fol.
3320 5616 3423 5667 5‘27
3448 5633 3501 5670 ν.

1940 5690 2270 5746 conferenda
2331 5706 2479 5759 cum»
2508 5705 2569 5742 ea
2613 5705 2774 5759 quam
2829 5689 2997 5741 edidit
3034 5688 3143 5740 Leo
3172 5688 3402 5759 Allatius
3448 5688 3502 5739 in

1940 5763 2095 5817 Notis
2122 5761 2187 5816 ad
2226 5760 2423 5831 Georg.
2455 5757 2847 5827 Acropolitam,
2881 5776 3000 5828 pag.
3027 5760 3149 5810 2H.
3180 5758 3387 5809 BDIV'N.
