4248 6442
817 347 915 410 557
1064 340 1141 411 [Α.
1176 354 1227 392 ιι.
1260 337 1390 391 6791
1429 353 1491 387 Al)
1521 329 1682 400 esse]

2008 333 2050 390 N
2068 330 2420 390 lCEl’HOHl
2463 329 2848 390 GREGOR/E

3950 325 4059 388 568

3167 324 3304 396 [ηερ.
3341 339 3622 378 nonomc.
3655 322 3801 396 sem]

813 475 1111 530 puerorum
1143 459 1550 526 spectabamus.
1583 457 1659 508 Ac
1687 453 1845 506 nobis
1881 452 2027 505 illius
2068 449 2381 503 festivitatis
2411 448 2458 505 Α
2488 469 2490 498 :

2411 448 2458 505 Α
2488 452 2580 503 καὶ
2615 453 2830 522 χορείας
2859 429 3206 514 παντοδαπάς
3233 451 3442 518 ἀνδρῶν
3467 448 3688 518 ἐφήϐων
3722 465 3784 500 τε
3822 447 3918 501 καὶ
3946 443 4066 499 ὅσοι

815 566 1054 620 praesens
1107 548 1292 603 laalitia
1325 563 1437 616 prae
1468 548 1572 599 alia
1621 545 1814 614 quavis
1842 541 2008 597 animi
2060 540 2382 594 remissione
2483 547 2492 593 ἡ

2483 543 2624 613 ἥϐης
2652 544 2912 606 ἐλλιπεῖς.
2950 545 3056 596 Καὶ
3079 543 3238 596 τοῦτο
3281 543 3558 611 παρέσχεν
3586 543 3718 610 ἡμῖν
3744 542 3777 609 ἡ
3810 539 4067 608 παροῦσα

811 653 865 694 et
898 641 1264 695 oblectatione
1320 638 1398 691 sic
1431 636 1657 706 placuit,
1705 645 1764 688 ut
1815 631 2187 701 Spectaculum
2237 627 2382 682 istud

816 739 975 792 nobis
1008 737 1182 790 multo
1212 743 1362 788 esset
1389 731 1710 802 jucundius,
1749 745 1912 796 quam
1955 723 2386 780 Atheniensibus

812 843 868 887 ct
919 831 1205 900 Spartanis
1247 836 1460 895 gratum
1514 823 1636 885 fuit,
1670 823 1888 892 quoties
1943 821 2046 876 sub
2093 819 2225 872 urbe
2278 816 2386 870 illis

813 926 1037 994 quidem
1073 939 1170 978 sua
1210 923 1390 977 Diasia
1433 921 1548 974 sive
1589 918 1844 979 Jovialia,
1882 915 1968 968 his
1995 929 2125 968 vero
2169 928 2234 966 ea
2267 926 2388 977 qua:

819 1016 1142 1089 Hyacinthia
1191 1015 1453 1068 dicuntur
1501 1011 1783 1066 celebrare
1833 1009 2010 1061 visum
2063 1005 2264 1059 fuerat.
2318 1003 2389 1058 Ut

814 1111 962 1163 enim
1014 1108 1082 1162 iis
1144 1108 1314 1175 magis
1365 1104 1774 1158 delectaremur
1816 1102 1869 1153 in
1923 1113 2087 1153 causa
2145 1105 2265 1152 erat
2299 1111 2389 1150 re-

814 1202 967 1269 ligio,
1000 1209 1057 1255 et
1084 1199 1229 1269 quod
1276 1198 1567 1267 peregrino
1604 1195 1657 1248 in
1707 1193 1824 1250 solo
1873 1207 1902 1244 a
1951 1191 2154 1244 nostris
2191 1187 2391 1242 remoti

817 1292 969 1345 velut
1017 1307 1081 1346 ex
1129 1299 1284 1344 vasto
1327 1289 1514 1356 pelago
1560 1286 1626 1340 ad
1664 1285 1897 1339 insulam
1949 1282 2387 1352 appelleremus:

819 1401 930 1454 quo
962 1399 1092 1439 casu
1122 1383 1308 1436 omnia
1345 1380 1676 1451 iucundiora
1712 1377 1972 1430 videntur
2003 1388 2165 1444 quam
2200 1386 2392 1426 revera

822 1486 972 1530 sunt.

894 1571 1002 1624 νη.
1045 1568 1234 1623 Tertio
1287 1567 1413 1620 inde
1451 1565 1537 1618 dic
1594 1564 1658 1622 all
1710 1562 2029 1631 oppidulum
2066 1558 2392 1629 Scopiorum

823 1663 1173 1725 divertimus,
1206 1663 1356 1730 ipsos
1388 1661 1496 1729 jam
1528 1657 1900 1712 Triballorum
1935 1652 2071 1708 lines
2110 1650 2346 1721 ingressi
2376 1669 2390 1704 :

825 1772 888 1808 ac
927 1755 1403 1824 prwterlabentcm
1450 1751 1690 1804 vidimus
1742 1747 1939 1800 Axium
1976 1743 2245 1809 ﬂuvium;
2296 1742 2390 1811 qui

825 1861 948 1917 post
989 1845 1336 1916 Strymonem
1371 1843 1645 1896 maximus
1691 1839 1851 1893 nobis
1881 1836 2192 1900 videbatur,
2215 1843 2272 1889 et
2304 1835 2397 1888 iis-

825 1940 950 1994 dem
982 1937 1186 2006 quibus
1231 1936 1320 1989 ille
1352 1932 1635 1988 montibus
1678 1944 1976 1999 erumpens
2014 1927 2083 1981 ab
2133 1927 2248 1996 ipsa
2279 1924 2396 1994 qui-

829 2030 951 2084 dum
995 2028 1208 2098 origine
1253 2041 1360 2080 non
1399 2031 1602 2086 tantus,
1633 2021 1732 2076 sed
1764 2020 1817 2074 in
1856 2019 2091 2073 decursu
2127 2017 2400 2070 montium

829 2123 1018 2177 multis
1073 2120 1412 2174 torrentibus
1473 2125 1669 2171 auctus
1698 2114 1921 2168 nomine
1973 2113 2029 2165 in
2078 2110 2401 2165 Bardarium

830 2226 1041 2270 mutato
1073 2213 1374 2283 aliquando
1401 2220 1454 2266 et
1483 2208 1816 2281 quibusdam
1858 2207 1913 2258 in
1955 2205 2092 2258 locis
2123 2202 2405 2272 navigabi-

829 2313 899 2366 lis
927 2319 1035 2365 est.
1067 2309 1167 2364 Ubi
1203 2308 1366 2378 regis,
1406 2306 1496 2360 cui
1535 2302 1764 2358 Triballi
1800 2315 1992 2355 omnes
2032 2313 2244 2352 summa
2275 2311 2400 2350 cum

830 2403 1187 2460 observantia
1241 2409 1457 2471 parent,
1492 2412 1707 2458 socrum
1742 2394 2124 2458 convenimus,
2174 2405 2407 2462 genero-

833 2514 948 2553 sim
999 2495 1375 2556 Caesarissam,
1421 2491 1643 2563 lugubri
1696 2489 1891 2544 habitu
1941 2485 2190 2541 dolorem
2242 2483 2402 2553 381

835 2590 1005 2646 animi
1060 2587 1467 2644 testiﬁcantem.
1499 2585 1629 2639 Erat
1663 2583 1812 2636 enim
1873 2579 1944 2634 ob
2008 2587 2282 2633 recentem
2350 2583 2410 2629 et

837 2684 1100 2740 acerbum
1141 2697 1330 2737 casum
1389 2678 1731 2750 perturbata.
1787 2674 1886 2728 Cui
1949 2673 2125 2726 dolori
2185 2686 2308 2726 cum
2342 2685 2408 2723 ex

837 2787 1134 2845 conspectu
1164 2784 1356 2829 nostro
1404 2787 1595 2842 magna
1624 2768 1972 2823 vehementia
2006 2768 2186 2818 statim
2222 2779 2410 2818 acces-

842 2872 1028 2936 sisset,
1059 2876 1171 2923 tota
1223 2868 1278 2921 in
1315 2867 1584 2935 lacrymas
1628 2873 1684 2917 et
1715 2862 2134 2916 lamentationes
2158 2857 2409 2915 solvitur.

842 2964 1039 3016 crebro
1069 2958 1322 3015 maritum
1354 2958 1644 3019 Caesarem,
1686 2955 1981 3007 multorum
2017 2952 2412 3019 imperatorum

845 3065 1138 3126 cognatum
1175 3052 1500 3115 inclamans,
1531 3049 1854 3108 formomim,
1892 3059 2141 3108 aureum,
2169 3041 2411 3103 dulcem,

2487 637 2792 706 πανήγυρις
2825 637 2940 690 ἀντ’
2980 635 3434 705 ἅλλης’άνέσεως
3480 635 3576 687 καὶ
3615 632 3827 702 τρυφῆς
3882 631 4069 697 πολλῷ

2487 748 2550 798 γε
2585 732 2734 799 ἥδιον
2784 731 2816 798 ἥ
2885 730 3190 798 Ἀθηναίοις
3225 729 3319 788 καὶ
3361 726 3755 793 Σπαρτιάταις,
3793 723 3960 775 ὁπότε
4002 724 4071 787 γέ

2489 841 2673 891 σφισιν
2712 821 2870 892 ἐπῄει
2896 822 3069 874 τελεῖν
3092 821 3198 891 πρὸ
3221 821 3313 872 τοῦ
3340 821 3530 880 ἄστεος
3555 821 3668 878 τοῖς
3691 817 3808 885 ,μὲν
3839 817 3907 867 τά
3938 815 4075 866 Διά-

2490 933 2602 980 σια,
2624 919 2733 977 τοῖς
2748 915 2804 968 δὲ
2831 916 2866 968 ﬁ.
2887 931 3052 982 φασιν
3085 913 3385 967 Ὑακίνθια.
3411 912 3494 982 [Ρ.
3516 908 3649 980 ΞΖ)ιῖ
3664 907 3774 961 Ἦν
3795 908 3905 977 γὰρ
3929 908 4074 975 ἡμῖν

2489 1008 2688 1078 κομιδῆ
2719 1009 3151 1076 συμμαχόμενον
3181 1008 3239 1067 ἐς
3265 1006 3325 1058 τὸ
3355 1004 3559 1074 μᾶλλον
3586 1005 3812 1056 ἐκείνων
3841 997 4072 1069 ἥδεσθαι

2489 1102 2552 1155 τό
2608 1101 2656 1153 τ’
2687 1101 2906 1162 εὐσεϐὲς
2933 1100 2996 1153 τό
3037 1099 3085 1151 τ’
3134 1101 3192 1151 ἐν
3214 1101 3361 1169 ὅροις
3444 1096 3758 1164 ὕπρορίοις
3816 1095 4075 1162 ἀπηρτη-

2499 1195 2696 1266 μένους
2745 1196 2840 1248 καὶ
2885 1195 2994 1247 τῶν
3039 1194 3256 1247 οἰκείων
3300 1193 3462 1252 ὄντας
3506 1190 3775 1259 ἐκδήμους
3821 1184 4075 1253 ἐντυχεῖν

2491 1290 2744 1359 καθάπερ
2779 1290 2870 1341 ἐπὶ
2903 1287 3146 1356 μεγάλου
3192 1285 3468 1352 πελάγους
3521 1282 3674 1349 οίαδή
3722 1295 3832 1331 τινι
3881 1277 4074 1346 νήσῳ·

2491 1383 2654 1435 ὁπότε
2689 1381 2784 1434 καὶ⁵
2822 1381 2892 1433 τὰ
2928 1383 3028 1450 τῆς
3059 1376 3424 1448 εὐφροσύνης,
3452 1373 3612 1428 ὁποῖά
3637 1387 3704 1440 γε
3730 1371 3842 1439 εῖη,
3889 1365 4080 1435 πολλῷ

2495 1475 2871 1528 πολλαπλάσια
2901 1473 3172 1542 φαίνεται,
3199 1471 3343 1537 ἥπερ
3374 1467 3522 1521 ἐστὶν
3553 1464 3610 1526 ἐς
3644 1481 3709 1532 γε
3749 1463 3811 1516 τδ
3842 1462 3926 1515 δν.

2568 1571 2643 1622 Ζ’.
2695 1567 2936 1620 Ἐκεῖθεν
2972 1566 3204 1634 τριταῖοι
3259 1565 3316 1623 ἐς
3363 1559 3426 1612 τὺ
3462 1559 3570 1612 τῶν
3617 1556 3870 1609 Σκοπίων
3919 1552 4083 1605 πολί-

2497 1679 2643 1730 χνιον
2673 1660 2785 1727 (Π)
2818 1656 3163 1723 καταλύομεν
3195 1653 3424 1723 ἐνζὸροις
3449 1649 3549 1720 ήδη
3579 1647 3688 1701 τῶν
3705 1643 4036 1717 Τριϐαλλῶν
4062 1661 4077 1675 -

2501 1747 2562 1806 οὗ
2619 1751 3012 1820 παραψαύοντα
3049 1747 3145 1800 καὶ
3194 1745 3284 1798 τὸν
3327 1742 3503 1807 ’Δξιδν
3547 1738 3858 1807 τεθεάμεθα
3883 1747 4084 1788 ’ποτα-

2508 1847 2606 1917 μὸν
2638 1845 2771 1915 (48),
2801 1845 2859 1907 ὃς
2890 1840 3028 1911 μετὰ
3073 1837 3357 1908 Στρυμόνα
3403 1834 3660 1905 μέγιστος
3705 1832 3840 1901 ⁴ἡμῖν
3870 1825 4081 1892 ἔδοξεν,

2502 1939 2561 2004 ἐξ
2582 1937 2725 2008 ὀρῶν
2744 1936 2850 1990 τῶν
2878 1932 3058 1986 αὐτῶν
3087 1929 3282 1999 ἐκείνῳ
3313 1923 3654 1997 ῥηγνύμενος
3672 1938 3687 1952 ο
3720 1922 3783 1974 ού
3811 1917 4084 1978 τοσοῦτος

2501 2030 2546 2084 δ’
2577 2028 2653 2082 ὣν
2682 2029 2745 2080 ἐκ
2774 2024 2968 2095 πηγῶν
2994 2021 3180 2084 εὐθὺς.
3212 2020 3327 2073 ἀλλ’
3365 2013 3460 2071 οὖν
3496 2019 3554 2079 ἐς
3588 2015 3649 2068 τὸ
3689 2013 3956 2070 κάταντες
3989 2009 4088 2060 ἰὼν

2503 2125 2598 2178 καὶ
2631 2123 2812 2184 ἄλλοις
2853 2119 3175 2190 χειμάρροις
3211 2114 3270 2166 τὺ
3302 2113 3483 2183 ῥεῦμα
3516 2107 3865 2177 κοινούμενος
3900 2104 3999 2157 καὶ
4030 2105 4089 2163 ἐς

2505 2215 2803 2286 Βαρδάριον
2847 2207 3270 2279 μετατιθέμενος
3302 2202 3542 2269 τοῠνομα
3592 2200 3691 2269 ἠδη
3746 2198 3838 2249 καὶ
3896 2193 4088 2248 ναυσί-

2507 2324 2671 2375 πορος
2701 2305 2870 2357 ἐνίοτε
2905 2303 2999 2355 καὶ
3040 2297 3255 2369 ἐνιαχοῦ
3290 2296 3635 2350 καθίσταται.
3686 2289 3950 2343 Ἐνταῦθα
3993 2288 4089 2339 καὶ

2507 2400 2600 2455 τοῦ
2631 2400 2817 2470 ρηγδς,
2845 2389 2890 2466 ᾦ
2923 2391 3215 2465 Τριϐαλλοὶ
3246 2390 3448 2450 πάντες
3479 2386 3706 2439 ἕπονται
3733 2381 3824 2435 καί
3853 2382 3903 2433 οί
3941 2379 4088 2448 μάλα

2511 2494 2822 2556 ὑπείκουσι,
2863 2493 2928 2561 τῇ
2982 2487 3223 2557 πενθερᾷ
3268 2482 3696 2552 ἐντυγχάνομεν,
3753 2478 3817 2545 τῇ
3871 2474 4089 2540 εὐγενεῖ

2513 2585 2882 2655 Καισαρίσσῃ,
2933 2579 3178 2644 σύμϐολα
3206 2579 3307 2647 τῆς
3349 2575 3500 2628 ἔνδον
3529 2570 3874 2638 ὀδυνωμένης
3904 2565 4090 2633 ψυχῆς

2513 2682 2638 2742 τοὺς
2688 2677 2986 2744 πενθίμους
3015 2672 3377 2740 περικειμένῃ
3410 2667 3662 2737 χιτῶνας,
3710 2658 3818 2714 Ἦν
3853 2659 3962 2744 γὰρ
3996 2656 4090 2706 ἐπὶ

2514 2771 2693 2837 νεαρῷ
2719 2769 2813 2821 καὶ
2841 2742 3144 2830 άκμάζοντι
3173 2759 3555 2830 συγκεχυμένη
3575 2756 3655 2824 τῷ
3687 2753 3847 2805 πάθει
3873 2767 3887 2780 ·
3919 2742 3964 2814 ᾧ
3994 2747 4097 2814 καὶ.¹

2518 2865 2657 2917 πάνυ
2683 2878 2776 2935 ιτοι
2819 2859 3081 2926 πλείστην
3137 2856 3237 2924 ήδη
3291 2857 3398 2906 κάκ
3450 2853 3546 2919 τῆς
3601 2846 3758 2918 ἡμῶν
3811 2843 3934 2902 θέας
3991 2839 4094 2906 τὴν

2521 2929 2696 3028 ῥοπὴν
2724 2951 2986 3005 δεδωκυῖα
3019 2949 3115 3014 ὅλη
3151 2946 3367 3013 θρήνων
3398 2943 3491 2996 καὶ
3520 2939 3628 2992 τῶν
3655 2934 3902 3004 δακρύων
3931 2929 4096 2990 αὖθις

2519 3024 2790 3113 ἐγίγνετο,
2822 3043 2993 3109 συχνὰ
3037 3038 3384 3104 ἐπιϐοωμένη
3414 3034 3506 3085 τὸν
3531 3029 3782 3095 σύζυγον·
3809 3024 4092 3089 Καίσαρα,

846 3119 1102 3202 omnibus
1143 3145 1305 3200 bonis
1342 3144 1696 3212 undiquaque
1731 3139 2018 3193 refertum.
2066 3137 2260 3189 Pectus
2293 3134 2413 3202 ejus
2440 3149 2484 3205 ο
2516 3159 2523 3175 ι

2440 3149 2484 3205 c
2516 3141 2607 3192 τὸν
2646 3135 2854 3190 πολλῶν
2884 3131 3148 3203 βασιλέων
3181 3127 3442 3194 συγγενῆ.
3485 3123 3576 3174 τὸν
3603 3119 3788 3178 καλὸν,
3829 3119 3922 3166 τὸν
3954 3129 4095 3181 χρυ-

851 3254 1000 3295 mare
1024 3237 1400 3294 calamitatum
1443 3241 1584 3297 erat,
1620 3231 1765 3286 oculi
1813 3229 1994 3283 fontes
2028 3228 2416 3297 lacrymarum,

850 3344 1073 3402 totaque
1120 3329 1374 3386 maeroris
1422 3326 1684 3381 ﬂuctibus
1738 3323 2114 3392 mergebatur,
2170 3320 2222 3372 in
2278 3327 2420 3372 terra

851 3429 1067 3481 deserta
1097 3434 1154 3480 et
1183 3423 1358 3478 aliena
1405 3431 1483 3485 et,
1521 3431 1580 3472 nt
1619 3419 1690 3471 ita
1732 3417 1933 3478 dicam,
1967 3414 2032 3467 ad
2065 3412 2289 3466 ﬂumina
2320 3411 2423 3464 Ba-

865 3520 1102 3590 bylonis,
1137 3515 1400 3570 destituta
1431 3513 1497 3566 ab
1526 3511 1740 3571 amicis,
1771 3506 2113 3578 parentibus,
2153 3504 2425 3573 cognatis,

857 3611 1234 3681 popularibus,
1268 3606 1523 3662 omnibus
1551 3603 1790 3670 denique
1819 3599 2005 3663 rebus,
2037 3614 2157 3667 qua.-
2183 3597 2425 3650 animum

858 3705 1006 3775 gravi
1056 3702 1281 3757 tristitia
1328 3711 1648 3768 oppressum
1690 3693 2067 3749 consolantur.
2110 3709 2127 3740 ε
2180 3689 2310 3752 Cur,
2350 3688 2431 3741 in-

859 3797 1105 3867 quiebat,
1136 3795 1189 3848 in
1226 3792 1527 3847 acerbitate
1557 3791 1741 3842 lumen
1777 3789 1956 3850 datur,
1990 3793 2045 3838 et
2074 3783 2288 3836 afﬂictis
2310 3781 2428 3834 ani-

863 3891 966 3944 mis
995 3891 1102 3941 vita
1132 3887 1200 3939 1?
1241 3906 1256 3936 ι
1297 3883 1422 3937 Haec
1454 3894 1504 3934 et
1537 3880 1597 3933 id
1622 3894 1798 3949 genus
1830 3877 1935 3930 alia
1967 3875 2158 3928 dicens
2195 3873 2433 3924 laniabat

860 3997 1027 4054 genas
1052 3990 1106 4033 et
1130 3976 1412 4045 sanguinis
1440 3975 1585 4026 rivos
1615 3969 1891 4038 unguibus
1915 3967 2192 4030 eliciebat,
2223 3973 2431 4018 tantum

862 4092 971 4130 non
1021 4087 1107 4125 res
1149 4069 1476 4122 inauimatas
1507 4064 1571 4117 ad
1625 4062 1868 4116 dolorem
1902 4067 1956 4114 et
1991 4059 2258 4128 lacrymas
2283 4072 2434 4111 com-

867 4181 1114 4220 movens.
1140 4161 1251 4215 Nos
1282 4166 1464 4212 autem
1494 4151 1832 4208 consolando
1862 4162 1917 4204 et
1947 4149 2220 4203 monendo
2244 4148 2437 4201 sedare

867 4260 1114 4314 dolorem
1149 4256 1270 4325 ejus
1301 4266 1366 4306 ac
1396 4249 1548 4303 velut
1595 4246 1869 4299 flammam
1909 4258 2048 4310 aqua
2082 4241 2435 4309 exstinguere

868 4351 1226 4409 conabamur,
1260 4345 1390 4398 hinc
1419 4341 1661 4410 optimus
1692 4339 1843 4391 illius
1874 4335 2063 4396 frater,
2099 4335 2253 4387 illinc
2295 4335 2439 4401 lega-

2527 3232 2675 3296 σοῦν,
2709 3229 2802 3280 τὸν
2823 3225 3049 3295 γλυκὺν,
3081 3222 3176 3275 τὸν
3214 3221 3380 3272 πᾶσιν
3412 3213 3636 3280 ἀγαθοῖς
3666 3204 4059 3277 περισρίθοντα
4080 3219 4096 3234 ο

2525 3325 2804 3378 θάλασσαν
2826 3317 2960 3390 ιεῖχε
3011 3315 3308 3385 συμφορῶν
3355 3309 3454 3377 τὴν
3507 3303 3735 3373 καρδίαν
3787 3300 3878 3353 καὶ
3911 3297 4099 3365 πηγὰς

2525 3416 2777 3488 δακρύων
2825 3415 2950 3475 τοὺς
2982 3405 3323 3479 ὀφθαλμούς·
3377 3401 3469 3454 καὶ
3517 3398 3649 3464 ὅλην
3696 3391 4102 3446 κατεόάπτισεν

2530 3482 2725 3580 ἑαυτὴν
2755 3510 2867 3569 τοῖς
2899 3506 3007 3558 τῶν
3039 3502 3269 3569 θλίψεων
3303 3494 3562 3562 κύμασιν,
3591 3491 3648 3541 ἐν
3674 3491 3745 3558 γῇ
3779 3486 3976 3555 ἐρήμῳ
4010 3482 4104 3534 καὶ

2530 3576 2790 3672 ἀλλοτρίᾳ
2827 3598 2922 3652 καὶ
2956 3594 3048 3647 ἐπὶ
3076 3588 3373 3659 ποταμοὺς,
3407 3585 3482 3647 ὡς
3515 3583 3712 3645 εἰπεῖν,
3753 3576 4104 3639 Βαϐυλῶνος,

2532 3665 2734 3764 ἔρημος
2755 3665 2945 3757 φίλων,
2970 3683 3199 3751 γονέων,
3224 3673 3526 3744 συγγενῶν,
3557 3671 3782 3739 ἔσχατον
3812 3665 4107 3734 ὁμοφύλων

2534 3781 2858 3852 ἀνθρώπων,
2906 3777 3124 3828 πάντων
3158 3768 3291 3838 ὁμοῦ
3337 3765 3448 3817 τῶν
3482 3764 3584 3815 ὅσα
3626 3758 3895 3825 δεξιοῦται
3923 3755 4108 3824 ψυχὴν

2535 3851 3008 3942 κατενηνεγμένην
3045 3865 3150 3918 ύπδ
3180 3861 3417 3929 σφοδρᾶς
3454 3856 3692 3917 ἀθυμίας
3714 3869 3728 3882 ·
3775 3870 3794 3900 ι
3823 3851 3943 3902 Ἵνα
3974 3851 4056 3910 τί,
4086 3866 4103 3896 ι

2535 3973 2789 4038 λέγουσα,
2844 3984 2862 4015 ι
2895 3963 3102 4015 δέδοται
3133 3959 3245 4016 τοῖς
3271 3956 3329 4005 ἐν
3361 3952 3556 4020 πικρίᾳ
3585 3947 3722 4016 φῶς,
3758 3943 3870 4013 ζωὴ
3905 3942 3963 3993 δὲ
3990 3943 4111 4002 ταῖς

2537 4062 2594 4112 ἐν
2610 4030 2826 4113 ’ὀδύναις
2847 4050 3078 4117 ψυχαῖς;
3125 4063 3144 4096 ι
3181 4041 3366 4095 Ταῦτα
3394 4039 3487 4091 καὶ
3517 4038 3586 4090 τά
3627 4034 3835 4094 τούτοις
3865 4030 4112 4098 ἑπόμενα

2537 4152 2772 4215 λέγουσα
2801 4141 3110 4208 ἐσπάραττε
3143 4136 3238 4194 τὰς
3284 4130 3520 4200 παρειάς
3550 4130 3646 4189 καὶ
3685 4126 3896 4194 ῥύακας
3926 4121 4114 4174 ἐντεῦ-

2540 4214 2628 4297 θεν
2661 4238 2903 4305 αἱμάτων
2932 4230 3137 4298 ἐτρύγσ.
3166 4225 3349 4289 δνυίςι⁹
3388 4222 3675 4292 μονονουχὶ
3715 4217 3809 4270 καὶ
3837 4215 3936 4275 τὰς
3973 4214 4114 4281 ἀψύ-

2541 4350 2667 4402 χους
2707 4329 2873 4381 ἐκίνει
2907 4325 3095 4394 φύσεις
3125 4322 3205 4382 είς
3234 4319 3466 4387 θρήνους
3501 4315 3596 4367 καὶ
3621 4311 3853 4380 δάκρυα.
3897 4307 4115 4359 Ἐντεῦ-

872 4445 1039 4499 tionis
1073 4441 1314 4509 college,
1348 4451 1495 4490 nunc
1527 4449 1651 4502 ego,
1689 4446 1837 4484 nunc
1872 4430 2092 4498 singuli,
2131 4441 2277 4481 nunc
2321 4426 2442 4479 uni.
2475 4498 2512 4509 ﬁ
2545 4427 2549 4490 τ

2437 4456 2442 4464 ν
2543 4395 2650 4498 θεν
2706 4417 2884 4483 λόγοις
2943 4412 3103 4480 ἡμεῖς
3173 4403 3528 4476 ἐπειρώμεθα
3609 4395 4114 4466 παραμυθητικοῖς,

880 4488 1038 4499 ...,..._
1077 4488 1314 4509 "mue,
1562 4488 1590 4502 ι,
1641 4488 1650 4496 ,
1962 4488 1990 4498 ν
2082 4488 2089 4492 _
2548 4488 2555 4498 η

880 4536 1017 4591 versi
1048 4553 1062 4588 :
1095 4534 1272 4586 donec
1297 4528 1516 4582 tandem
1547 4525 1855 4585 eﬂccimus,
1885 4532 1945 4574 ut
1980 4521 2298 4585 respiraret,
2332 4532 2439 4569 non
2475 4498 2518 4552 θ
2548 4534 2557 4567 :

2437 4542 2439 4568 ι
2475 4498 2518 4552 Ῐ)
2548 4488 2799 4577 καθάπερ
2841 4508 3012 4566 ὕδατι,
3047 4503 3145 4570 τῆς
3191 4500 3387 4565 ’ὀδύνης
3438 4494 3717 4547 σϐεννύειν
3759 4491 3859 4556 τὴν
3904 4488 4114 4555 φλόγα,

872 4625 1096 4697 quidem
1129 4621 1372 4689 penitus,
1395 4625 1451 4670 et
1481 4623 1540 4668 ut
1570 4628 1670 4666 nos
1699 4613 1932 4664 maxime
1968 4609 2313 4677 optabamus.
2346 4605 2441 4659 sed

871 4696 1060 4784 aliquo
1112 4714 1277 4768 modo
1337 4719 1541 4763 tamen.
1604 4704 1735 4757 Erat
1782 4703 1928 4757 enim
1981 4698 2182 4767 alioqui
2245 4696 2441 4749 mulier

873 4811 1143 4869 omnium,
1179 4815 1539 4874 quascunque
1576 4810 1708 4852 artas
1759 4805 1944 4848 nostra
1993 4791 2150 4852 vidit,
2198 4790 2442 4858 pruden-

874 4905 1111 4966 tissima,
1138 4910 1192 4954 et
1224 4899 1286 4951 ad
1337 4895 1626 4951 celerrime
1657 4887 2013 4958 intelligenda
2056 4881 2444 4952 concipienda-

875 5012 983 5067 que
1010 4995 1194 5048 animo
1227 5005 1288 5042 ea
1317 5001 1440 5056 qua:
1470 4984 1595 5054 quis
1624 4984 1678 5036 in
1719 4992 1963 5048 tempore
1993 4985 2139 5030 recte
2167 4973 2445 5034 suaderet,

876 5064 1042 5159 382
1109 5081 1394 5152 ingenium
1452 5074 1694 5129 habebat
1751 5067 2244 5141 promptissimum.
2308 5064 2461 5154 Τιιιῐιχ

878 5157 1068 5248 igitur,
1123 5175 1282 5229 nobis
1336 5183 1558 5240 quoque
1607 5162 1877 5236 quidquid
1928 5160 1994 5215 ad
2056 5157 2448 5214 consolandum

957 5316 972 5344 ⁸
1007 5313 1109 5368 Job
1137 5327 1220 5376 ιιι,
1250 5310 1342 5364 ‘20.

2544 4604 2695 4656 ἐνθεν
2747 4602 2845 4668 μὲν
2876 4602 2902 4650 ὁ
2935 4594 3092 4648 πάντ’
3137 4592 3359 4660 ἀριστος
3407 4587 3578 4651 αὐτῆς
3622 4583 3871 4648 ἀδελφὸς,
3907 4581 4119 4631 ἐκεῖθεν

2543 4698 2587 4750 δ’
2632 4696 2681 4746 οἱ
2720 4688 3115 4760 συμπρέσῦεις,
3164 4684 3257 4736 καὶ
3289 4681 3386 4732 νῦν
3424 4680 3521 4747 μὲν
3552 4675 3686 4743 ἐγὼ,
3720 4673 3816 4726 νῦν
3846 4673 3890 4725 δ’
3935 4672 4120 4724 αὐτῶν

2549 4789 2803 4847 ἕκαστος,
2846 4782 2938 4835 νῦν
2969 4780 3012 4831 δ’
3047 4774 3183 4845 ὁμοῦ
3231 4774 3466 4833 πάντες·
3504 4769 3644 4822 ὥστε
3690 4768 3786 4819 καὶ
3819 4765 4120 4830 ἀναφέρειν

2551 4881 2646 4948 ὀψὲ
2687 4877 3031 4937 πεπείκαμῖν
3076 4869 3305 4937 ταύτην,
3358 4866 3420 4917 ού
3467 4863 3665 4923 τελέως
3719 4861 3837 4928 μὲν,
3889 4858 4002 4910 οὐδ’
4052 4856 4122 4916 ὡς

2560 4944 2702 5042 μάλα
2741 4970 2872 5038 ἡμῖν
2911 4966 2977 5018 δι’
3006 4963 3246 5030 ἐφέσεως
3283 4955 3375 5028 ἦν,
3411 4955 3756 5008 πεπείκαιεν
3782 4951 3826 5003 δ’
3869 4948 3986 5002 οὖν.
4017 4944 4122 4999 Ἦν

2556 5065 2664 5131 γάρ
2696 5077 2812 5121 πως
2857 5057 2948 5110 καὶ
2998 5055 3171 5114 ἄλλως
3220 5053 3254 5121 ἡ
3308 5048 3447 5117 γυνὴ
3489 5047 3757 5106 συνέσεως
3788 5042 4004 5112 ἥκουσα⁵
4035 5043 4126 5090 ἐπὶ

2562 5152 2859 5224 μέγιστον,
2900 5146 3102 5206 ὁπόσας
3157 5144 3186 5195 ὁ
3245 5140 3365 5200 καθ’
3421 5138 3567 5208 ἡμᾶς
3609 5133 3818 5203 βόσκων
3877 5132 4126 5185 τεθέαται

2217 5392 2554 5449 Variorum
2591 5389 2777 5443 notua.

960 5534 1084 5615 (47).
1110 5532 1244 5615 Vi'i‘ie
1295 5531 1514 5615 easdeln
1569 5527 1735 5609 Notas
2096 5528 2148 5571 et
2187 5516 2451 5570 Leuucla-

885 5592 1127 5660 vium'in
1161 5603 1419 5656 Pandecte
1452 5599 1688 5658 Turrim,
1721 5592 1918 5647 H.169.
1953 5592 2184 5644 llocaso.

964 5656 1224 5746 (ιίΒῘΝινη
1257 5672 1509 5746 congruit
1551 5656 2022 5746 hac-geugraphia
2059 5675 2182 5746 cum
2215 5656 2453 5746 ‘bodter-

2557 5519 2610 5562 et
2639 5507 2856 5574 Scupos,
2893 5499 3366 5574 ea.mdem_u_rbein
3398 5509 3540 5574 esse,
3575 5493 3742 5574 _i_nter
3776 5503 4123 5574 omnesngeo-

2557 5557 2811 5648 graphus
2846 5557 3077 5648 constat.
3120 5569 3250 5648 Vide
3305 5566 3517 5648 Ortelii,
3575 5561 3913 5648 hiematuris,
3959 5557 4126 5648 ιξιιιιιι-

2558 5629 2735 5707 Emis.
2788 5644 2974 5698 Brittii
3030 5651 3084 5694 et
3137 5640 3368 5692 aliorum
3448 5634 3660 5688 tabulas
3714 5629 4125 5700 geographicas.

894 5720 982 5805 nis
1020 5720 1242 5808 tabulis,
1274 5720 1394 5811 qui:
1437 5741 1637 5807 Scupos
1671 5720 1861 5811 n‘rbe‘in
1897 5720 2053 5811 iunge
2102 5728 2331 5811 abAin
2359 5740 2452 5804 seu
2561 5720 2774 5773 Bonvm.

892 5796 1162 5875 ὶὶᾶτᾱιὶίξὸ
1181 5796 1404 5868 fluuium
1434 5796 1663 5882 positam
1687 5805 1966 5862 exhibent.
1995 5796 2189 5870 'Atqui
2243 5796 2454 5865 Sropia,
