  <div class='ocr_page' id='page_1' title='image "/cluster/home/n/w/nwhite01/storage/ocr_20150623/148/nnc1.0046980490/302.png"; bbox 0 0 4248 6442; ppageno 0'>
   <div class='ocr_carea' id='block_1_1' title="bbox 215 381 316 448">
    <p class='ocr_par' dir='ltr' id='par_1_1' title="bbox 215 381 316 448">
     <span class='ocr_line' id='line_1_1' title="bbox 215 381 316 448; baseline 0.02 -2"><span class='ocrx_word' id='word_1_1' title='bbox 215 381 316 448; x_wconf 83' lang='lat'><strong>569</strong></span> 
     </span>
    </p>
   </div>
   <div class='ocr_carea' id='block_1_2' title="bbox 495 351 2172 457">
    <p class='ocr_par' dir='ltr' id='par_1_2' title="bbox 495 367 2172 451">
     <span class='ocr_line' id='line_1_2' title="bbox 495 367 2172 451; baseline -0.005 -20"><span class='ocrx_word' id='word_1_2' title='bbox 495 379 570 451; x_wconf 79' lang='grc' dir='ltr'><strong>[Δ.</strong></span> <span class='ocrx_word' id='word_1_3' title='bbox 612 393 661 434; x_wconf 88' lang='lat' dir='ltr'><strong>c.</strong></span> <span class='ocrx_word' id='word_1_4' title='bbox 709 377 845 434; x_wconf 72' lang='grc' dir='ltr'><strong>ηδε</strong></span> <span class='ocrx_word' id='word_1_5' title='bbox 875 395 938 431; x_wconf 62' lang='grc' dir='ltr'><strong>λυ</strong></span> <span class='ocrx_word' id='word_1_6' title='bbox 979 374 1136 446; x_wconf 71' lang='grc' dir='ltr'>ιδεε]</span> <span class='ocrx_word' id='word_1_7' title='bbox 1213 372 1667 436; x_wconf 62' lang='lat' dir='ltr'><strong>BYZANTIN/E</strong></span> <span class='ocrx_word' id='word_1_8' title='bbox 1703 367 2088 430; x_wconf 67' lang='lat' dir='ltr'><strong>HISTOItle</strong></span> <span class='ocrx_word' id='word_1_9' title='bbox 2131 368 2172 424; x_wconf 81' lang='grc' dir='ltr'>ι.</span> 
     </span>
    </p>
   </div>
   <div class='ocr_carea' id='block_1_3' title="bbox 1542 351 3219 457">
    <p class='ocr_par' dir='ltr' id='par_1_3' title="bbox 1546 351 3219 457">
     <span class='ocr_line' id='line_1_3' title="bbox 1546 351 3219 457; baseline -0.014 -25"><span class='ocrx_word' id='word_1_10' title='bbox 1546 372 1667 432; x_wconf 71' lang='grc' dir='ltr'><strong>ΝιΈ</strong></span> <span class='ocrx_word' id='word_1_11' title='bbox 1703 367 2088 430; x_wconf 67' lang='lat' dir='ltr'><strong>HlSTOttle</strong></span> <span class='ocrx_word' id='word_1_12' title='bbox 2131 367 2274 457; x_wconf 66' lang='lat' dir='ltr'><strong>Litt.</strong></span> <span class='ocrx_word' id='word_1_13' title='bbox 2324 364 2488 424; x_wconf 82' lang='lat' dir='ltr'><strong>Vllt.</strong></span> <span class='ocrx_word' id='word_1_14' title='bbox 2566 357 2706 430; x_wconf 68' lang='grc' dir='ltr'>ῐινιι.</span> <span class='ocrx_word' id='word_1_15' title='bbox 2755 369 3033 410; x_wconf 65' lang='lat' dir='ltr'><strong>nouom.</strong></span> <span class='ocrx_word' id='word_1_16' title='bbox 3077 351 3219 420; x_wconf 61' lang='lat' dir='ltr'><strong>sem]</strong></span> 
     </span>
    </p>
   </div>
   <div class='ocr_carea' id='block_1_4' title="bbox 3364 354 3475 414">
    <p class='ocr_par' dir='ltr' id='par_1_4' title="bbox 3364 354 3475 414">
     <span class='ocr_line' id='line_1_4' title="bbox 3364 354 3475 414; baseline -0.018 0"><span class='ocrx_word' id='word_1_17' title='bbox 3364 354 3475 414; x_wconf 76' lang='lat'><strong>570</strong></span> 
     </span>
    </p>
   </div>
   <div class='ocr_carea' id='block_1_5' title="bbox 214 473 1891 567">
    <p class='ocr_par' dir='ltr' id='par_1_5' title="bbox 214 484 1867 567">
     <span class='ocr_line' id='line_1_5' title="bbox 214 484 1867 567; baseline -0.009 -15"><span class='ocrx_word' id='word_1_18' title='bbox 214 510 440 567; x_wconf 82' lang='grc' dir='ltr'>χρονος·</span> <span class='ocrx_word' id='word_1_19' title='bbox 493 497 630 550; x_wconf 78' lang='grc' dir='ltr'>ἀλλὰ</span> <span class='ocrx_word' id='word_1_20' title='bbox 682 499 746 566; x_wconf 82' lang='grc' dir='ltr'>δὴ</span> <span class='ocrx_word' id='word_1_21' title='bbox 796 498 886 550; x_wconf 75' lang='grc' dir='ltr'>καὶ</span> <span class='ocrx_word' id='word_1_22' title='bbox 924 496 1163 560; x_wconf 81' lang='grc' dir='ltr'><strong>ξυνιέναι</strong></span> <span class='ocrx_word' id='word_1_23' title='bbox 1220 493 1456 558; x_wconf 75' lang='grc' dir='ltr'>ὀξύτατα</span> <span class='ocrx_word' id='word_1_24' title='bbox 1519 490 1618 542; x_wconf 66' lang='lat' dir='ltr'><strong>nat</strong></span> <span class='ocrx_word' id='word_1_25' title='bbox 1670 484 1796 539; x_wconf 80' lang='grc' dir='ltr'>νοῦν</span> <span class='ocrx_word' id='word_1_26' title='bbox 1827 491 1867 545; x_wconf 80' lang='grc' dir='ltr'><strong>Α</strong></span> 
     </span>
    </p>
   </div>
   <div class='ocr_carea' id='block_1_6' title="bbox 1800 473 3477 567">
    <p class='ocr_par' dir='ltr' id='par_1_6' title="bbox 1827 473 3477 553">
     <span class='ocr_line' id='line_1_6' title="bbox 1827 473 3477 553; baseline -0.012 -8"><span class='ocrx_word' id='word_1_27' title='bbox 1827 491 1867 545; x_wconf 81' lang='grc' dir='ltr'><strong>Α</strong></span> <span class='ocrx_word' id='word_1_28' title='bbox 1901 486 2207 553; x_wconf 86' lang='lat' dir='ltr'><strong>pertineret</strong></span> <span class='ocrx_word' id='word_1_29' title='bbox 2256 481 2636 539; x_wconf 71' lang='lat' dir='ltr'><strong>aﬁ‘creutibus.</strong></span> <span class='ocrx_word' id='word_1_30' title='bbox 2694 481 2970 548; x_wconf 88' lang='lat' dir='ltr'><strong>planctum</strong></span> <span class='ocrx_word' id='word_1_31' title='bbox 3012 474 3234 544; x_wconf 85' lang='lat' dir='ltr'><strong>quidem</strong></span> <span class='ocrx_word' id='word_1_32' title='bbox 3288 483 3344 527; x_wconf 91' lang='lat' dir='ltr'><strong>et</strong></span> <span class='ocrx_word' id='word_1_33' title='bbox 3399 473 3477 526; x_wconf 82' lang='lat' dir='ltr'><strong>la-</strong></span> 
     </span>
    </p>
   </div>
   <div class='ocr_carea' id='block_1_7' title="bbox 215 580 1785 660">
    <p class='ocr_par' dir='ltr' id='par_1_7' title="bbox 215 580 1785 660">
     <span class='ocr_line' id='line_1_7' title="bbox 215 580 1785 660; baseline -0.009 -17"><span class='ocrx_word' id='word_1_34' title='bbox 215 590 485 652; x_wconf 72' lang='grc' dir='ltr'>ἐνθέσθαι,</span> <span class='ocrx_word' id='word_1_35' title='bbox 518 592 572 644; x_wconf 77' lang='grc' dir='ltr'><strong>εί</strong></span> <span class='ocrx_word' id='word_1_36' title='bbox 595 608 679 652; x_wconf 89' lang='grc' dir='ltr'><strong>τις</strong></span> <span class='ocrx_word' id='word_1_37' title='bbox 723 592 782 640; x_wconf 79' lang='grc' dir='ltr'><strong>ἐν</strong></span> <span class='ocrx_word' id='word_1_38' title='bbox 831 589 1008 660; x_wconf 82' lang='grc' dir='ltr'>καιρῷ</span> <span class='ocrx_word' id='word_1_39' title='bbox 1059 585 1418 655; x_wconf 82' lang='grc' dir='ltr'>συμϐουλεύοι</span> <span class='ocrx_word' id='word_1_40' title='bbox 1467 582 1533 634; x_wconf 87' lang='grc' dir='ltr'>τὰ</span> <span class='ocrx_word' id='word_1_41' title='bbox 1573 580 1785 647; x_wconf 75' lang='grc' dir='ltr'>καίρια,</span> 
     </span>
    </p>
   </div>
   <div class='ocr_carea' id='block_1_8' title="bbox 215 672 1791 749">
    <p class='ocr_par' dir='ltr' id='par_1_8' title="bbox 215 672 1791 749">
     <span class='ocr_line' id='line_1_8' title="bbox 215 672 1791 749; baseline -0.008 -15"><span class='ocrx_word' id='word_1_42' title='bbox 215 683 360 749; x_wconf 80' lang='grc' dir='ltr'>δεινὴ</span> <span class='ocrx_word' id='word_1_43' title='bbox 404 683 625 734; x_wconf 82' lang='grc' dir='ltr'>πάντων</span> <span class='ocrx_word' id='word_1_44' title='bbox 664 680 886 748; x_wconf 71' lang='grc' dir='ltr'>μᾶλλον.</span> <span class='ocrx_word' id='word_1_45' title='bbox 925 679 1033 732; x_wconf 75' lang='grc' dir='ltr'><strong>Καὶ</strong></span> <span class='ocrx_word' id='word_1_46' title='bbox 1086 678 1147 745; x_wconf 83' lang='grc' dir='ltr'>δὴ</span> <span class='ocrx_word' id='word_1_47' title='bbox 1185 679 1277 728; x_wconf 74' lang='grc' dir='ltr'>καὶ</span> <span class='ocrx_word' id='word_1_48' title='bbox 1319 675 1432 727; x_wconf 82' lang='grc' dir='ltr'>τόθ’</span> <span class='ocrx_word' id='word_1_49' title='bbox 1459 672 1614 742; x_wconf 76' lang='grc' dir='ltr'>ἡμῶν</span> <span class='ocrx_word' id='word_1_50' title='bbox 1648 687 1791 739; x_wconf 89' lang='grc' dir='ltr'>χρω-</span> 
     </span>
    </p>
   </div>
   <div class='ocr_carea' id='block_1_9' title="bbox 219 762 1794 843">
    <p class='ocr_par' dir='ltr' id='par_1_9' title="bbox 219 762 1794 843">
     <span class='ocr_line' id='line_1_9' title="bbox 219 762 1794 843; baseline -0.01 -15"><span class='ocrx_word' id='word_1_51' title='bbox 219 775 395 841; x_wconf 73' lang='grc' dir='ltr'>μένων</span> <span class='ocrx_word' id='word_1_52' title='bbox 430 775 605 827; x_wconf 81' lang='grc' dir='ltr'>ὁπόσα</span> <span class='ocrx_word' id='word_1_53' title='bbox 637 773 806 843; x_wconf 83' lang='grc' dir='ltr'>ἐχρῆν</span> <span class='ocrx_word' id='word_1_54' title='bbox 855 771 933 834; x_wconf 82' lang='grc' dir='ltr'><strong>είς</strong></span> <span class='ocrx_word' id='word_1_55' title='bbox 965 769 1318 840; x_wconf 78' lang='grc' dir='ltr'><strong>παραμυθίας</strong></span> <span class='ocrx_word' id='word_1_56' title='bbox 1349 767 1525 834; x_wconf 89' lang='grc' dir='ltr'>λόγον,</span> <span class='ocrx_word' id='word_1_57' title='bbox 1567 763 1660 818; x_wconf 80' lang='grc' dir='ltr'><strong>τοῦ</strong></span> <span class='ocrx_word' id='word_1_58' title='bbox 1697 762 1794 832; x_wconf 80' lang='grc' dir='ltr'>μὲν</span> 
     </span>
    </p>
   </div>
   <div class='ocr_carea' id='block_1_10' title="bbox 216 853 1794 938">
    <p class='ocr_par' dir='ltr' id='par_1_10' title="bbox 216 853 1794 938">
     <span class='ocr_line' id='line_1_10' title="bbox 216 853 1794 938; baseline -0.01 -18"><span class='ocrx_word' id='word_1_59' title='bbox 216 865 624 936; x_wconf 75' lang='grc' dir='ltr'><strong>σπαράττεσθαι</strong></span> <span class='ocrx_word' id='word_1_60' title='bbox 655 864 738 938; x_wconf 86' lang='grc' dir='ltr'><strong>[Ρ.</strong></span> <span class='ocrx_word' id='word_1_61' title='bbox 769 863 900 936; x_wconf 70' lang='grc'><strong>255]</strong></span> <span class='ocrx_word' id='word_1_62' title='bbox 927 866 1019 916; x_wconf 81' lang='grc' dir='ltr'>καὶ</span> <span class='ocrx_word' id='word_1_63' title='bbox 1073 861 1330 933; x_wconf 76' lang='grc' dir='ltr'>δακρύειν</span> <span class='ocrx_word' id='word_1_64' title='bbox 1380 860 1630 926; x_wconf 60' lang='grc' dir='ltr'>ἐπεῖχεν</span> <span class='ocrx_word' id='word_1_65' title='bbox 1664 857 1695 924; x_wconf 83' lang='grc' dir='ltr'>ἡ</span> <span class='ocrx_word' id='word_1_66' title='bbox 1736 853 1794 906; x_wconf 71' lang='grc' dir='ltr'>δὲ</span> 
     </span>
    </p>
   </div>
   <div class='ocr_carea' id='block_1_11' title="bbox 211 949 1792 1029">
    <p class='ocr_par' dir='ltr' id='par_1_11' title="bbox 211 949 1792 1029">
     <span class='ocr_line' id='line_1_11' title="bbox 211 949 1792 1029; baseline -0.003 -20"><span class='ocrx_word' id='word_1_67' title='bbox 211 958 355 1029; x_wconf 77' lang='grc' dir='ltr'>ψυχὴ</span> <span class='ocrx_word' id='word_1_68' title='bbox 401 959 573 1026; x_wconf 84' lang='grc' dir='ltr'>αὐτῆς</span> <span class='ocrx_word' id='word_1_69' title='bbox 607 958 920 1026; x_wconf 78' lang='grc' dir='ltr'><strong>ἀπηνήνατο</strong></span> <span class='ocrx_word' id='word_1_70' title='bbox 953 957 1040 1009; x_wconf 86' lang='grc' dir='ltr'>διὰ</span> <span class='ocrx_word' id='word_1_71' title='bbox 1087 956 1146 1007; x_wconf 83' lang='grc' dir='ltr'>τὸ</span> <span class='ocrx_word' id='word_1_72' title='bbox 1187 954 1284 1022; x_wconf 80' lang='grc' dir='ltr'>τῆς</span> <span class='ocrx_word' id='word_1_73' title='bbox 1305 953 1590 1021; x_wconf 78' lang='grc' dir='ltr'>συμφορᾶς</span> <span class='ocrx_word' id='word_1_74' title='bbox 1622 949 1792 1016; x_wconf 80' lang='grc' dir='ltr'>ὑπερ-</span> 
     </span>
    </p>
   </div>
   <div class='ocr_carea' id='block_1_12' title="bbox 213 1044 1794 1120">
    <p class='ocr_par' dir='ltr' id='par_1_12' title="bbox 213 1044 1794 1120">
     <span class='ocr_line' id='line_1_12' title="bbox 213 1044 1794 1120; baseline -0.005 -20"><span class='ocrx_word' id='word_1_75' title='bbox 213 1051 409 1102; x_wconf 83' lang='grc' dir='ltr'>ϐάλλον</span> <span class='ocrx_word' id='word_1_76' title='bbox 443 1050 903 1120; x_wconf 77' lang='grc' dir='ltr'><strong>παρακληθῆναι·</strong></span> <span class='ocrx_word' id='word_1_77' title='bbox 932 1046 1048 1101; x_wconf 82' lang='grc' dir='ltr'>ἀλλ’</span> <span class='ocrx_word' id='word_1_78' title='bbox 1083 1051 1176 1101; x_wconf 73' lang='grc' dir='ltr'>ἐπὶ</span> <span class='ocrx_word' id='word_1_79' title='bbox 1199 1046 1298 1114; x_wconf 80' lang='grc' dir='ltr'>τῆς</span> <span class='ocrx_word' id='word_1_80' title='bbox 1333 1044 1513 1109; x_wconf 79' lang='grc' dir='ltr'>δεξιᾶς</span> <span class='ocrx_word' id='word_1_81' title='bbox 1536 1044 1794 1112; x_wconf 75' lang='grc' dir='ltr'>ἐρείσασα</span> 
     </span>
    </p>
   </div>
   <div class='ocr_carea' id='block_1_13' title="bbox 209 1133 1792 1211">
    <p class='ocr_par' dir='ltr' id='par_1_13' title="bbox 209 1133 1792 1211">
     <span class='ocr_line' id='line_1_13' title="bbox 209 1133 1792 1211; baseline -0.006 -17"><span class='ocrx_word' id='word_1_82' title='bbox 209 1144 309 1211; x_wconf 72' lang='grc' dir='ltr'>τὴν</span> <span class='ocrx_word' id='word_1_83' title='bbox 343 1142 592 1210; x_wconf 82' lang='grc' dir='ltr'>κεφαλὴν</span> <span class='ocrx_word' id='word_1_84' title='bbox 631 1143 762 1204; x_wconf 86' lang='grc' dir='ltr'>ὅλας</span> <span class='ocrx_word' id='word_1_85' title='bbox 787 1142 1027 1209; x_wconf 79' lang='grc' dir='ltr'>συνῆγεν</span> <span class='ocrx_word' id='word_1_86' title='bbox 1051 1142 1203 1199; x_wconf 83' lang='grc' dir='ltr'>ἐντὸς</span> <span class='ocrx_word' id='word_1_87' title='bbox 1227 1141 1324 1202; x_wconf 83' lang='grc' dir='ltr'>τὰς</span> <span class='ocrx_word' id='word_1_88' title='bbox 1343 1137 1626 1205; x_wconf 70' lang='grc' dir='ltr'>αἰσθήσεις</span> <span class='ocrx_word' id='word_1_89' title='bbox 1649 1137 1704 1196; x_wconf 89' lang='grc' dir='ltr'><strong>ἐς</strong></span> <span class='ocrx_word' id='word_1_90' title='bbox 1725 1133 1792 1186; x_wconf 81' lang='grc' dir='ltr'><strong>τὰ</strong></span> 
     </span>
    </p>
   </div>
   <div class='ocr_carea' id='block_1_14' title="bbox 207 1224 1791 1304">
    <p class='ocr_par' dir='ltr' id='par_1_14' title="bbox 207 1224 1791 1304">
     <span class='ocr_line' id='line_1_14' title="bbox 207 1224 1791 1304; baseline -0.007 -16"><span class='ocrx_word' id='word_1_91' title='bbox 207 1238 305 1302; x_wconf 85' lang='grc' dir='ltr'>τῆς</span> <span class='ocrx_word' id='word_1_92' title='bbox 338 1235 584 1297; x_wconf 77' lang='grc' dir='ltr'>διανοίας</span> <span class='ocrx_word' id='word_1_93' title='bbox 637 1237 940 1304; x_wconf 76' lang='grc' dir='ltr'>μυστήρια·</span> <span class='ocrx_word' id='word_1_94' title='bbox 991 1235 1088 1287; x_wconf 78' lang='grc' dir='ltr'>καὶ</span> <span class='ocrx_word' id='word_1_95' title='bbox 1141 1234 1314 1302; x_wconf 71' lang='grc' dir='ltr'>συχνὰ</span> <span class='ocrx_word' id='word_1_96' title='bbox 1349 1232 1409 1285; x_wconf 76' lang='grc' dir='ltr'>τὸ</span> <span class='ocrx_word' id='word_1_97' title='bbox 1448 1228 1668 1282; x_wconf 89' lang='grc' dir='ltr'>εῐδωλον</span> <span class='ocrx_word' id='word_1_98' title='bbox 1701 1224 1791 1294; x_wconf 82' lang='grc' dir='ltr'>ἐφ’</span> 
     </span>
    </p>
   </div>
   <div class='ocr_carea' id='block_1_15' title="bbox 206 1318 1792 1393">
    <p class='ocr_par' dir='ltr' id='par_1_15' title="bbox 206 1318 1792 1393">
     <span class='ocr_line' id='line_1_15' title="bbox 206 1318 1792 1393; baseline -0.005 -15"><span class='ocrx_word' id='word_1_99' title='bbox 206 1327 408 1393; x_wconf 77' lang='grc' dir='ltr'>ἑαυτῆς</span> <span class='ocrx_word' id='word_1_100' title='bbox 439 1326 864 1380; x_wconf 81' lang='grc' dir='ltr'>ἁναπλάττουσα</span> <span class='ocrx_word' id='word_1_101' title='bbox 898 1328 989 1378; x_wconf 86' lang='grc' dir='ltr'>τοῦ</span> <span class='ocrx_word' id='word_1_102' title='bbox 1034 1325 1269 1391; x_wconf 77' lang='grc' dir='ltr'>συζύγου</span> <span class='ocrx_word' id='word_1_103' title='bbox 1320 1324 1412 1377; x_wconf 86' lang='grc' dir='ltr'>καὶ</span> <span class='ocrx_word' id='word_1_104' title='bbox 1448 1322 1548 1384; x_wconf 75' lang='grc' dir='ltr'><strong>τὰς</strong></span> <span class='ocrx_word' id='word_1_105' title='bbox 1579 1318 1792 1389; x_wconf 82' lang='grc' dir='ltr'><strong>παρού⁴</strong></span> 
     </span>
    </p>
   </div>
   <div class='ocr_carea' id='block_1_16' title="bbox 207 1408 1791 1487">
    <p class='ocr_par' dir='ltr' id='par_1_16' title="bbox 207 1408 1791 1487">
     <span class='ocr_line' id='line_1_16' title="bbox 207 1408 1791 1487; baseline -0.007 -16"><span class='ocrx_word' id='word_1_106' title='bbox 207 1434 307 1480; x_wconf 87' lang='grc' dir='ltr'><strong>σας</strong></span> <span class='ocrx_word' id='word_1_107' title='bbox 335 1419 508 1487; x_wconf 77' lang='grc' dir='ltr'>τύχας</span> <span class='ocrx_word' id='word_1_108' title='bbox 534 1418 917 1471; x_wconf 82' lang='grc' dir='ltr'>ἁνακυκλοῦσα</span> <span class='ocrx_word' id='word_1_109' title='bbox 945 1417 1041 1487; x_wconf 84' lang='grc' dir='ltr'>ὅλη</span> <span class='ocrx_word' id='word_1_110' title='bbox 1073 1417 1183 1470; x_wconf 85' lang='grc' dir='ltr'><strong>τῶν</strong></span> <span class='ocrx_word' id='word_1_111' title='bbox 1203 1414 1479 1483; x_wconf 78' lang='grc' dir='ltr'>λογισμῶν</span> <span class='ocrx_word' id='word_1_112' title='bbox 1506 1408 1597 1484; x_wconf 76' lang='grc' dir='ltr'>ἦν,</span> <span class='ocrx_word' id='word_1_113' title='bbox 1625 1410 1791 1479; x_wconf 80' lang='grc' dir='ltr'>στρέ-</span> 
     </span>
    </p>
   </div>
   <div class='ocr_carea' id='block_1_17' title="bbox 205 1501 1792 1577">
    <p class='ocr_par' dir='ltr' id='par_1_17' title="bbox 205 1501 1792 1577">
     <span class='ocr_line' id='line_1_17' title="bbox 205 1501 1792 1577; baseline -0.004 -15"><span class='ocrx_word' id='word_1_114' title='bbox 205 1526 387 1577; x_wconf 82' lang='grc' dir='ltr'>φουσα</span> <span class='ocrx_word' id='word_1_115' title='bbox 416 1511 486 1563; x_wconf 84' lang='grc' dir='ltr'>τά</span> <span class='ocrx_word' id='word_1_116' title='bbox 516 1527 573 1563; x_wconf 87' lang='grc' dir='ltr'><strong>τε</strong></span> <span class='ocrx_word' id='word_1_117' title='bbox 616 1509 754 1563; x_wconf 74' lang='grc' dir='ltr'>ἄλλα</span> <span class='ocrx_word' id='word_1_118' title='bbox 785 1509 880 1562; x_wconf 77' lang='grc' dir='ltr'>καὶ</span> <span class='ocrx_word' id='word_1_119' title='bbox 931 1510 1101 1572; x_wconf 85' lang='grc' dir='ltr'>ὅπως,</span> <span class='ocrx_word' id='word_1_120' title='bbox 1150 1508 1223 1570; x_wconf 77' lang='grc' dir='ltr'><strong>ὡς</strong></span> <span class='ocrx_word' id='word_1_121' title='bbox 1258 1509 1453 1567; x_wconf 74' lang='grc' dir='ltr'>εἰπεῖν.</span> <span class='ocrx_word' id='word_1_122' title='bbox 1500 1504 1647 1573; x_wconf 84' lang='grc' dir='ltr'><strong>ύπέρ</strong></span> <span class='ocrx_word' id='word_1_123' title='bbox 1692 1501 1792 1564; x_wconf 83' lang='grc' dir='ltr'><strong>τὰς</strong></span> 
     </span>
    </p>
   </div>
   <div class='ocr_carea' id='block_1_18' title="bbox 205 1595 1791 1668">
    <p class='ocr_par' dir='ltr' id='par_1_18' title="bbox 205 1595 1791 1668">
     <span class='ocr_line' id='line_1_18' title="bbox 205 1595 1791 1668; baseline -0.006 -16"><span class='ocrx_word' id='word_1_124' title='bbox 205 1600 432 1666; x_wconf 77' lang='grc' dir='ltr'>κέδρους</span> <span class='ocrx_word' id='word_1_125' title='bbox 466 1601 746 1668; x_wconf 82' lang='grc' dir='ltr'>ύψωθεῖσα</span> <span class='ocrx_word' id='word_1_126' title='bbox 797 1599 890 1652; x_wconf 77' lang='grc' dir='ltr'>τοῦ</span> <span class='ocrx_word' id='word_1_127' title='bbox 929 1600 1165 1653; x_wconf 81' lang='grc' dir='ltr'>Λιϐάνου</span> <span class='ocrx_word' id='word_1_128' title='bbox 1203 1598 1296 1652; x_wconf 72' lang='grc' dir='ltr'>καὶ</span> <span class='ocrx_word' id='word_1_129' title='bbox 1347 1598 1488 1665; x_wconf 81' lang='grc' dir='ltr'>ὑπὲρ</span> <span class='ocrx_word' id='word_1_130' title='bbox 1521 1595 1582 1647; x_wconf 75' lang='grc' dir='ltr'>τὰ</span> <span class='ocrx_word' id='word_1_131' title='bbox 1623 1595 1791 1661; x_wconf 86' lang='grc' dir='ltr'>κρῖνα</span> 
     </span>
    </p>
   </div>
   <div class='ocr_carea' id='block_1_19' title="bbox 1900 565 3476 646">
    <p class='ocr_par' dir='ltr' id='par_1_19' title="bbox 1900 565 3476 646">
     <span class='ocr_line' id='line_1_19' title="bbox 1900 565 3476 646; baseline -0.01 -15"><span class='ocrx_word' id='word_1_132' title='bbox 1900 592 2118 646; x_wconf 82' lang='lat' dir='ltr'><strong>crymas</strong></span> <span class='ocrx_word' id='word_1_133' title='bbox 2143 574 2482 643; x_wconf 82' lang='lat' dir='ltr'><strong>compescuit</strong></span> <span class='ocrx_word' id='word_1_134' title='bbox 2512 589 2524 624; x_wconf 95' lang='lat'><strong>:</strong></span> <span class='ocrx_word' id='word_1_135' title='bbox 2558 571 2780 624; x_wconf 80' lang='lat' dir='ltr'><strong>animus</strong></span> <span class='ocrx_word' id='word_1_136' title='bbox 2821 583 2951 621; x_wconf 80' lang='lat' dir='ltr'><strong>vero</strong></span> <span class='ocrx_word' id='word_1_137' title='bbox 2989 570 3108 634; x_wconf 84' lang='lat' dir='ltr'><strong>ejus</strong></span> <span class='ocrx_word' id='word_1_138' title='bbox 3134 565 3206 620; x_wconf 90' lang='lat' dir='ltr'><strong>ob</strong></span> <span class='ocrx_word' id='word_1_139' title='bbox 3250 566 3476 621; x_wconf 81' lang='lat' dir='ltr'><strong>calami-</strong></span> 
     </span>
    </p>
   </div>
   <div class='ocr_carea' id='block_1_20' title="bbox 1898 656 3473 734">
    <p class='ocr_par' dir='ltr' id='par_1_20' title="bbox 1898 656 3473 734">
     <span class='ocr_line' id='line_1_20' title="bbox 1898 656 3473 734; baseline -0.01 -11"><span class='ocrx_word' id='word_1_140' title='bbox 1898 669 2022 723; x_wconf 93' lang='lat' dir='ltr'><strong>tatis</strong></span> <span class='ocrx_word' id='word_1_141' title='bbox 2072 665 2505 734; x_wconf 90' lang='lat' dir='ltr'><strong>magnitudinem</strong></span> <span class='ocrx_word' id='word_1_142' title='bbox 2545 663 2751 716; x_wconf 81' lang='lat' dir='ltr'><strong>nullam</strong></span> <span class='ocrx_word' id='word_1_143' title='bbox 2806 659 3238 711; x_wconf 67' lang='lat' dir='ltr'><strong>consolationem</strong></span> <span class='ocrx_word' id='word_1_144' title='bbox 3275 656 3473 708; x_wconf 87' lang='lat' dir='ltr'><strong>admit—</strong></span> 
     </span>
    </p>
   </div>
   <div class='ocr_carea' id='block_1_21' title="bbox 1899 748 3470 826">
    <p class='ocr_par' dir='ltr' id='par_1_21' title="bbox 1899 748 3470 826">
     <span class='ocr_line' id='line_1_21' title="bbox 1899 748 3470 826; baseline -0.01 -14"><span class='ocrx_word' id='word_1_145' title='bbox 1899 762 2072 813; x_wconf 80' lang='lat' dir='ltr'><strong>tebat.</strong></span> <span class='ocrx_word' id='word_1_146' title='bbox 2101 758 2206 812; x_wconf 87' lang='lat' dir='ltr'><strong>Sed</strong></span> <span class='ocrx_word' id='word_1_147' title='bbox 2243 758 2424 826; x_wconf 80' lang='lat' dir='ltr'><strong>capite</strong></span> <span class='ocrx_word' id='word_1_148' title='bbox 2453 756 2639 808; x_wconf 90' lang='lat' dir='ltr'><strong>manui</strong></span> <span class='ocrx_word' id='word_1_149' title='bbox 2672 753 2930 821; x_wconf 88' lang='lat' dir='ltr'><strong>imposito</strong></span> <span class='ocrx_word' id='word_1_150' title='bbox 2953 767 3144 804; x_wconf 85' lang='lat' dir='ltr'><strong>omnes</strong></span> <span class='ocrx_word' id='word_1_151' title='bbox 3170 765 3366 803; x_wconf 85' lang='lat' dir='ltr'><strong>sensus</strong></span> <span class='ocrx_word' id='word_1_152' title='bbox 3404 748 3470 799; x_wconf 86' lang='lat' dir='ltr'><strong>ad</strong></span> 
     </span>
    </p>
   </div>
   <div class='ocr_carea' id='block_1_22' title="bbox 1897 842 3464 919">
    <p class='ocr_par' dir='ltr' id='par_1_22' title="bbox 1897 842 3464 919">
     <span class='ocr_line' id='line_1_22' title="bbox 1897 842 3464 919; baseline -0.008 -14"><span class='ocrx_word' id='word_1_153' title='bbox 1897 851 2063 905; x_wconf 89' lang='lat' dir='ltr'><strong>animi</strong></span> <span class='ocrx_word' id='word_1_154' title='bbox 2113 848 2420 919; x_wconf 83' lang='lat' dir='ltr'><strong>penetralia</strong></span> <span class='ocrx_word' id='word_1_155' title='bbox 2467 846 2761 900; x_wconf 78' lang='lat' dir='ltr'><strong>revocabat</strong></span> <span class='ocrx_word' id='word_1_156' title='bbox 2793 860 2810 906; x_wconf 87' lang='lat'><strong><em>;</em></strong></span> <span class='ocrx_word' id='word_1_157' title='bbox 2841 859 2904 896; x_wconf 90' lang='lat' dir='ltr'><strong>ac</strong></span> <span class='ocrx_word' id='word_1_158' title='bbox 2955 843 3136 895; x_wconf 89' lang='lat' dir='ltr'><strong>mariti</strong></span> <span class='ocrx_word' id='word_1_159' title='bbox 3174 842 3464 906; x_wconf 86' lang='lat' dir='ltr'><strong>imaginem</strong></span> 
     </span>
    </p>
   </div>
   <div class='ocr_carea' id='block_1_23' title="bbox 1897 934 3472 1010">
    <p class='ocr_par' dir='ltr' id='par_1_23' title="bbox 1897 934 3472 1010">
     <span class='ocr_line' id='line_1_23' title="bbox 1897 934 3472 1010; baseline -0.008 -14"><span class='ocrx_word' id='word_1_160' title='bbox 1897 943 2002 996; x_wconf 92' lang='lat' dir='ltr'><strong>sibi</strong></span> <span class='ocrx_word' id='word_1_161' title='bbox 2035 941 2139 1010; x_wconf 90' lang='lat' dir='ltr'><strong>ipsi</strong></span> <span class='ocrx_word' id='word_1_162' title='bbox 2176 939 2412 994; x_wconf 83' lang='lat' dir='ltr'><strong>subinde</strong></span> <span class='ocrx_word' id='word_1_163' title='bbox 2446 937 2709 1006; x_wconf 74' lang='lat' dir='ltr'><strong>efﬁngens</strong></span> <span class='ocrx_word' id='word_1_164' title='bbox 2746 947 2801 991; x_wconf 92' lang='lat' dir='ltr'><strong>et</strong></span> <span class='ocrx_word' id='word_1_165' title='bbox 2836 935 2888 989; x_wconf 93' lang='lat' dir='ltr'><strong>in</strong></span> <span class='ocrx_word' id='word_1_166' title='bbox 2926 934 3170 987; x_wconf 89' lang='lat' dir='ltr'><strong>animum</strong></span> <span class='ocrx_word' id='word_1_167' title='bbox 3209 947 3472 985; x_wconf 75' lang='lat' dir='ltr'><strong>revocans</strong></span> 
     </span>
    </p>
   </div>
   <div class='ocr_carea' id='block_1_24' title="bbox 1897 1024 3473 1104">
    <p class='ocr_par' dir='ltr' id='par_1_24' title="bbox 1897 1024 3473 1104">
     <span class='ocr_line' id='line_1_24' title="bbox 1897 1024 3473 1104; baseline -0.01 -14"><span class='ocrx_word' id='word_1_168' title='bbox 1897 1052 1961 1090; x_wconf 90' lang='lat' dir='ltr'><strong>ac</strong></span> <span class='ocrx_word' id='word_1_169' title='bbox 2009 1036 2249 1090; x_wconf 60' lang='lat' dir='ltr'><strong>fortuna!</strong></span> <span class='ocrx_word' id='word_1_170' title='bbox 2293 1033 2586 1104; x_wconf 59' lang='lat' dir='ltr'><strong>praesentis</strong></span> <span class='ocrx_word' id='word_1_171' title='bbox 2618 1041 2821 1085; x_wconf 91' lang='lat' dir='ltr'><strong>statum</strong></span> <span class='ocrx_word' id='word_1_172' title='bbox 2857 1035 3141 1096; x_wconf 85' lang='lat' dir='ltr'><strong>reputans,</strong></span> <span class='ocrx_word' id='word_1_173' title='bbox 3175 1035 3286 1079; x_wconf 78' lang='lat' dir='ltr'><strong>tuta</strong></span> <span class='ocrx_word' id='word_1_174' title='bbox 3322 1024 3473 1092; x_wconf 81' lang='lat' dir='ltr'><strong>cogi-</strong></span> 
     </span>
    </p>
   </div>
   <div class='ocr_carea' id='block_1_25' title="bbox 1896 1117 3472 1193">
    <p class='ocr_par' dir='ltr' id='par_1_25' title="bbox 1896 1117 3472 1193">
     <span class='ocr_line' id='line_1_25' title="bbox 1896 1117 3472 1193; baseline -0.011 -10"><span class='ocrx_word' id='word_1_175' title='bbox 1896 1129 2203 1183; x_wconf 88' lang='lat' dir='ltr'><strong>tationibus</strong></span> <span class='ocrx_word' id='word_1_176' title='bbox 2240 1128 2391 1181; x_wconf 89' lang='lat' dir='ltr'><strong>hisce</strong></span> <span class='ocrx_word' id='word_1_177' title='bbox 2422 1124 2799 1193; x_wconf 85' lang='lat' dir='ltr'><strong>occupabatur</strong></span> <span class='ocrx_word' id='word_1_178' title='bbox 2830 1129 2885 1174; x_wconf 91' lang='lat' dir='ltr'><strong>et</strong></span> <span class='ocrx_word' id='word_1_179' title='bbox 2923 1135 3108 1174; x_wconf 90' lang='lat' dir='ltr'><strong>secum</strong></span> <span class='ocrx_word' id='word_1_180' title='bbox 3160 1117 3322 1171; x_wconf 84' lang='lat' dir='ltr'><strong>tacite</strong></span> <span class='ocrx_word' id='word_1_181' title='bbox 3358 1125 3472 1168; x_wconf 89' lang='lat' dir='ltr'><strong>tum</strong></span> 
     </span>
    </p>
   </div>
   <div class='ocr_carea' id='block_1_26' title="bbox 1894 1209 3469 1285">
    <p class='ocr_par' dir='ltr' id='par_1_26' title="bbox 1894 1209 3469 1285">
     <span class='ocr_line' id='line_1_26' title="bbox 1894 1209 3469 1285; baseline -0.01 -10"><span class='ocrx_word' id='word_1_182' title='bbox 1894 1222 1998 1275; x_wconf 89' lang='lat' dir='ltr'><strong>alia</strong></span> <span class='ocrx_word' id='word_1_183' title='bbox 2027 1223 2301 1284; x_wconf 83' lang='lat' dir='ltr'><strong>versabat,</strong></span> <span class='ocrx_word' id='word_1_184' title='bbox 2336 1229 2448 1274; x_wconf 93' lang='lat' dir='ltr'><strong>tum</strong></span> <span class='ocrx_word' id='word_1_185' title='bbox 2481 1227 2542 1272; x_wconf 92' lang='lat' dir='ltr'><strong>ut</strong></span> <span class='ocrx_word' id='word_1_186' title='bbox 2566 1232 2728 1285; x_wconf 84' lang='lat' dir='ltr'><strong>supra</strong></span> <span class='ocrx_word' id='word_1_187' title='bbox 2762 1214 2959 1270; x_wconf 88' lang='lat' dir='ltr'><strong>cedros</strong></span> <span class='ocrx_word' id='word_1_188' title='bbox 2984 1210 3177 1264; x_wconf 87' lang='lat' dir='ltr'><strong>Libani</strong></span> <span class='ocrx_word' id='word_1_189' title='bbox 3213 1209 3469 1270; x_wconf 79' lang='lat' dir='ltr'><strong>exaltata,</strong></span> 
     </span>
    </p>
   </div>
   <div class='ocr_carea' id='block_1_27' title="bbox 1894 1302 3473 1378">
    <p class='ocr_par' dir='ltr' id='par_1_27' title="bbox 1894 1302 3473 1378">
     <span class='ocr_line' id='line_1_27' title="bbox 1894 1302 3473 1378; baseline -0.012 -10"><span class='ocrx_word' id='word_1_190' title='bbox 1894 1321 1950 1368; x_wconf 88' lang='lat' dir='ltr'><strong>et</strong></span> <span class='ocrx_word' id='word_1_191' title='bbox 1995 1312 2126 1366; x_wconf 87' lang='lat' dir='ltr'><strong>liliis</strong></span> <span class='ocrx_word' id='word_1_192' title='bbox 2159 1311 2272 1378; x_wconf 83' lang='lat' dir='ltr'><strong>agri</strong></span> <span class='ocrx_word' id='word_1_193' title='bbox 2310 1309 2521 1378; x_wconf 91' lang='lat' dir='ltr'><strong>pridem</strong></span> <span class='ocrx_word' id='word_1_194' title='bbox 2563 1307 2836 1367; x_wconf 87' lang='lat' dir='ltr'><strong>ﬁoridior,</strong></span> <span class='ocrx_word' id='word_1_195' title='bbox 2869 1314 2924 1358; x_wconf 85' lang='lat' dir='ltr'><strong>et</strong></span> <span class='ocrx_word' id='word_1_196' title='bbox 2965 1302 3226 1356; x_wconf 83' lang='lat' dir='ltr'><strong>felicitate</strong></span> <span class='ocrx_word' id='word_1_197' title='bbox 3278 1313 3473 1352; x_wconf 88' lang='lat' dir='ltr'><strong>omnes</strong></span> 
     </span>
    </p>
   </div>
   <div class='ocr_carea' id='block_1_28' title="bbox 1892 1390 3476 1476">
    <p class='ocr_par' dir='ltr' id='par_1_28' title="bbox 1892 1390 3476 1476">
     <span class='ocr_line' id='line_1_28' title="bbox 1892 1390 3476 1476; baseline -0.013 -13"><span class='ocrx_word' id='word_1_198' title='bbox 1892 1407 2134 1476; x_wconf 67' lang='lat' dir='ltr'><strong>aequales</strong></span> <span class='ocrx_word' id='word_1_199' title='bbox 2162 1419 2291 1463; x_wconf 87' lang='lat' dir='ltr'><strong>suas</strong></span> <span class='ocrx_word' id='word_1_200' title='bbox 2321 1412 2730 1472; x_wconf 68' lang='lat' dir='ltr'><strong>praetergressa,</strong></span> <span class='ocrx_word' id='word_1_201' title='bbox 2762 1397 2944 1452; x_wconf 87' lang='lat' dir='ltr'><strong>subito</strong></span> <span class='ocrx_word' id='word_1_202' title='bbox 2994 1394 3328 1449; x_wconf 83' lang='lat' dir='ltr'><strong>concidisset</strong></span> <span class='ocrx_word' id='word_1_203' title='bbox 3375 1390 3476 1444; x_wconf 84' lang='lat' dir='ltr'><strong>ﬁo-</strong></span> 
     </span>
    </p>
   </div>
   <div class='ocr_carea' id='block_1_29' title="bbox 1895 1490 3474 1568">
    <p class='ocr_par' dir='ltr' id='par_1_29' title="bbox 1895 1490 3474 1568">
     <span class='ocr_line' id='line_1_29' title="bbox 1895 1490 3474 1568; baseline -0.01 -15"><span class='ocrx_word' id='word_1_204' title='bbox 1895 1513 2126 1568; x_wconf 89' lang='lat' dir='ltr'><strong>remque</strong></span> <span class='ocrx_word' id='word_1_205' title='bbox 2179 1511 2342 1551; x_wconf 89' lang='lat' dir='ltr'><strong>suum</strong></span> <span class='ocrx_word' id='word_1_206' title='bbox 2394 1492 2787 1548; x_wconf 81' lang='lat' dir='ltr'><strong>miserabiliter</strong></span> <span class='ocrx_word' id='word_1_207' title='bbox 2817 1490 2968 1558; x_wconf 86' lang='lat' dir='ltr'><strong>carpi</strong></span> <span class='ocrx_word' id='word_1_208' title='bbox 3017 1499 3074 1542; x_wconf 93' lang='lat' dir='ltr'><strong>et</strong></span> <span class='ocrx_word' id='word_1_209' title='bbox 3130 1497 3474 1540; x_wconf 84' lang='lat' dir='ltr'><strong>marcescere</strong></span> 
     </span>
    </p>
   </div>
   <div class='ocr_carea' id='block_1_30' title="bbox 1892 1575 3472 1652">
    <p class='ocr_par' dir='ltr' id='par_1_30' title="bbox 1892 1575 3472 1652">
     <span class='ocr_line' id='line_1_30' title="bbox 1892 1575 3472 1652; baseline -0.009 -10"><span class='ocrx_word' id='word_1_210' title='bbox 1892 1589 2129 1643; x_wconf 78' lang='lat' dir='ltr'><strong>videret.</strong></span> <span class='ocrx_word' id='word_1_211' title='bbox 2186 1584 2267 1640; x_wconf 89' lang='lat' dir='ltr'><strong>Oh</strong></span> <span class='ocrx_word' id='word_1_212' title='bbox 2316 1585 2431 1639; x_wconf 72' lang='lat' dir='ltr'><strong>haec</strong></span> <span class='ocrx_word' id='word_1_213' title='bbox 2484 1583 2652 1652; x_wconf 79' lang='lat' dir='ltr'><strong>igitur</strong></span> <span class='ocrx_word' id='word_1_214' title='bbox 2702 1596 2823 1635; x_wconf 91' lang='lat' dir='ltr'><strong>cum</strong></span> <span class='ocrx_word' id='word_1_215' title='bbox 2876 1577 3166 1643; x_wconf 82' lang='lat' dir='ltr'><strong>profundis</strong></span> <span class='ocrx_word' id='word_1_216' title='bbox 3213 1575 3472 1643; x_wconf 84' lang='lat' dir='ltr'><strong>snspiriis</strong></span> 
     </span>
    </p>
   </div>
   <div class='ocr_carea' id='block_1_31' title="bbox 1893 1670 3468 1748">
    <p class='ocr_par' dir='ltr' id='par_1_31' title="bbox 1893 1670 3468 1748">
     <span class='ocr_line' id='line_1_31' title="bbox 1893 1670 3468 1748; baseline -0.01 -12"><span class='ocrx_word' id='word_1_217' title='bbox 1893 1680 2163 1748; x_wconf 84' lang='lat' dir='ltr'><strong>gemebat,</strong></span> <span class='ocrx_word' id='word_1_218' title='bbox 2187 1677 2339 1731; x_wconf 89' lang='lat' dir='ltr'><strong>velut</strong></span> <span class='ocrx_word' id='word_1_219' title='bbox 2364 1692 2394 1730; x_wconf 92' lang='lat' dir='ltr'><strong>e</strong></span> <span class='ocrx_word' id='word_1_220' title='bbox 2428 1688 2625 1743; x_wconf 89' lang='lat' dir='ltr'><strong>magno</strong></span> <span class='ocrx_word' id='word_1_221' title='bbox 2650 1673 2870 1727; x_wconf 86' lang='lat' dir='ltr'><strong>camino</strong></span> <span class='ocrx_word' id='word_1_222' title='bbox 2891 1671 3210 1724; x_wconf 77' lang='lat' dir='ltr'><strong>acerbitatis</strong></span> <span class='ocrx_word' id='word_1_223' title='bbox 3235 1670 3468 1722; x_wconf 66' lang='lat' dir='ltr'><strong>internae</strong></span> 
     </span>
    </p>
   </div>
   <div class='ocr_carea' id='block_1_32' title="bbox 203 1683 1788 1760">
    <p class='ocr_par' dir='ltr' id='par_1_32' title="bbox 203 1683 1788 1760">
     <span class='ocr_line' id='line_1_32' title="bbox 203 1683 1788 1760; baseline -0.006 -16"><span class='ocrx_word' id='word_1_224' title='bbox 203 1693 494 1760; x_wconf 82' lang='grc' dir='ltr'>ἀνθήσασα</span> <span class='ocrx_word' id='word_1_225' title='bbox 551 1692 644 1744; x_wconf 80' lang='grc' dir='ltr'>τοῦ</span> <span class='ocrx_word' id='word_1_226' title='bbox 710 1691 886 1759; x_wconf 82' lang='grc' dir='ltr'>ἀγροῦ</span> <span class='ocrx_word' id='word_1_227' title='bbox 936 1692 1030 1744; x_wconf 74' lang='grc' dir='ltr'>καὶ</span> <span class='ocrx_word' id='word_1_228' title='bbox 1084 1691 1497 1758; x_wconf 82' lang='grc' dir='ltr'>ἐνευτυχήσασα</span> <span class='ocrx_word' id='word_1_229' title='bbox 1554 1685 1632 1754; x_wconf 87' lang='grc' dir='ltr'>τῷ</span> <span class='ocrx_word' id='word_1_230' title='bbox 1688 1683 1788 1753; x_wconf 81' lang='grc' dir='ltr'><strong>βίῳ</strong></span> 
     </span>
    </p>
   </div>
   <div class='ocr_carea' id='block_1_33' title="bbox 202 1760 1879 1854">
    <p class='ocr_par' dir='ltr' id='par_1_33' title="bbox 202 1777 1861 1854">
     <span class='ocr_line' id='line_1_33' title="bbox 202 1777 1861 1854; baseline -0.007 -16"><span class='ocrx_word' id='word_1_231' title='bbox 202 1784 412 1854; x_wconf 70' lang='grc' dir='ltr'>μᾶλλον</span> <span class='ocrx_word' id='word_1_232' title='bbox 446 1785 703 1846; x_wconf 82' lang='grc' dir='ltr'>ἁπασῶν,</span> <span class='ocrx_word' id='word_1_233' title='bbox 739 1785 899 1836; x_wconf 84' lang='grc' dir='ltr'>ὅσσαι</span> <span class='ocrx_word' id='word_1_234' title='bbox 933 1785 981 1836; x_wconf 80' lang='lat' dir='ltr'><strong>ot</strong></span> <span class='ocrx_word' id='word_1_235' title='bbox 1014 1784 1152 1854; x_wconf 82' lang='grc' dir='ltr'>ὁμοῦ</span> <span class='ocrx_word' id='word_1_236' title='bbox 1197 1783 1403 1852; x_wconf 83' lang='grc' dir='ltr'>τράφεν</span> <span class='ocrx_word' id='word_1_237' title='bbox 1455 1778 1536 1848; x_wconf 68' lang='grc' dir='ltr'><strong>ηδ’</strong></span> <span class='ocrx_word' id='word_1_238' title='bbox 1571 1777 1784 1844; x_wconf 80' lang='grc' dir='ltr'>ἐγένον-</span> <span class='ocrx_word' id='word_1_239' title='bbox 1820 1844 1861 1854; x_wconf 76' lang='lat'><em>_</em></span> 
     </span>
    </p>
   </div>
   <div class='ocr_carea' id='block_1_34' title="bbox 1791 1760 3468 1854">
    <p class='ocr_par' dir='ltr' id='par_1_34' title="bbox 1820 1760 3468 1854">
     <span class='ocr_line' id='line_1_34' title="bbox 1820 1760 3468 1854; baseline -0.011 -27"><span class='ocrx_word' id='word_1_240' title='bbox 1820 1844 1861 1854; x_wconf 78' lang='lat'><em>_</em></span> <span class='ocrx_word' id='word_1_241' title='bbox 1894 1773 2072 1826; x_wconf 86' lang='lat' dir='ltr'><strong>fumos</strong></span> <span class='ocrx_word' id='word_1_242' title='bbox 2106 1769 2362 1823; x_wconf 85' lang='lat' dir='ltr'><strong>evolvens</strong></span> <span class='ocrx_word' id='word_1_243' title='bbox 2394 1765 2671 1820; x_wconf 81' lang='lat' dir='ltr'><strong>ferventes</strong></span> <span class='ocrx_word' id='word_1_244' title='bbox 2699 1773 2754 1816; x_wconf 90' lang='lat' dir='ltr'><strong>et</strong></span> <span class='ocrx_word' id='word_1_245' title='bbox 2803 1761 3110 1816; x_wconf 84' lang='lat' dir='ltr'><strong>ﬁammeos.</strong></span> <span class='ocrx_word' id='word_1_246' title='bbox 3144 1760 3386 1813; x_wconf 87' lang='lat' dir='ltr'><strong>Tandem</strong></span> <span class='ocrx_word' id='word_1_247' title='bbox 3413 1768 3468 1811; x_wconf 86' lang='lat' dir='ltr'><strong>et</strong></span> 
     </span>
    </p>
   </div>
   <div class='ocr_carea' id='block_1_35' title="bbox 200 1844 1877 1944">
    <p class='ocr_par' dir='ltr' id='par_1_35' title="bbox 200 1844 1865 1944">
     <span class='ocr_line' id='line_1_35' title="bbox 200 1844 1865 1944; baseline -0.006 -18"><span class='ocrx_word' id='word_1_248' title='bbox 200 1844 262 1928; x_wconf 72' lang='grc' dir='ltr'><strong>το</strong></span> <span class='ocrx_word' id='word_1_249' title='bbox 291 1874 429 1944; x_wconf 72' lang='grc' dir='ltr'>(ιθ),</span> <span class='ocrx_word' id='word_1_250' title='bbox 469 1869 571 1926; x_wconf 74' lang='grc' dir='ltr'>εἰτ’</span> <span class='ocrx_word' id='word_1_251' title='bbox 618 1844 871 1944; x_wconf 66' lang='grc' dir='ltr'>ἀπερρύη</span> <span class='ocrx_word' id='word_1_252' title='bbox 920 1844 1062 1942; x_wconf 62' lang='grc' dir='ltr'>ταχύ</span> <span class='ocrx_word' id='word_1_253' title='bbox 1093 1872 1188 1925; x_wconf 70' lang='grc' dir='ltr'>καὶ</span> <span class='ocrx_word' id='word_1_254' title='bbox 1225 1844 1288 1924; x_wconf 75' lang='grc' dir='ltr'>τὸ</span> <span class='ocrx_word' id='word_1_255' title='bbox 1319 1844 1493 1930; x_wconf 39' lang='grc' dir='ltr'>’ἄνθος</span> <span class='ocrx_word' id='word_1_256' title='bbox 1542 1844 1865 1927; x_wconf 71' lang='grc' dir='ltr'><strong>ἐλεεινῶςΒ</strong></span> 
     </span>
    </p>
   </div>
   <div class='ocr_carea' id='block_1_36' title="bbox 1793 1844 3470 1944">
    <p class='ocr_par' dir='ltr' id='par_1_36' title="bbox 1795 1844 3470 1919">
     <span class='ocr_line' id='line_1_36' title="bbox 1795 1844 3470 1919; baseline -0.01 -1"><span class='ocrx_word' id='word_1_257' title='bbox 1795 1844 1865 1902; x_wconf 75' lang='grc' dir='ltr'><strong>’Β</strong></span> <span class='ocrx_word' id='word_1_258' title='bbox 1897 1873 2087 1917; x_wconf 91' lang='lat' dir='ltr'><strong>nostro</strong></span> <span class='ocrx_word' id='word_1_259' title='bbox 2113 1868 2388 1914; x_wconf 89' lang='lat' dir='ltr'><strong>conventu</strong></span> <span class='ocrx_word' id='word_1_260' title='bbox 2422 1857 2567 1911; x_wconf 86' lang='lat' dir='ltr'><strong>inter</strong></span> <span class='ocrx_word' id='word_1_261' title='bbox 2594 1855 2713 1909; x_wconf 65' lang='lat' dir='ltr'><strong>hac</strong></span> <span class='ocrx_word' id='word_1_262' title='bbox 2746 1853 3018 1908; x_wconf 88' lang='lat' dir='ltr'><strong>dissoluto</strong></span> <span class='ocrx_word' id='word_1_263' title='bbox 3047 1867 3206 1906; x_wconf 91' lang='lat' dir='ltr'><strong>suum</strong></span> <span class='ocrx_word' id='word_1_264' title='bbox 3237 1852 3470 1919; x_wconf 89' lang='lat' dir='ltr'><strong>quisque</strong></span> 
     </span>
    </p>
   </div>
   <div class='ocr_carea' id='block_1_37' title="bbox 201 1949 1878 2039">
    <p class='ocr_par' dir='ltr' id='par_1_37' title="bbox 201 1962 1780 2039">
     <span class='ocr_line' id='line_1_37' title="bbox 201 1962 1780 2039; baseline -0.005 -18"><span class='ocrx_word' id='word_1_265' title='bbox 201 1967 310 2021; x_wconf 83' lang='grc' dir='ltr'>εἶδε</span> <span class='ocrx_word' id='word_1_266' title='bbox 354 1970 674 2039; x_wconf 60' lang='grc' dir='ltr'>κειρόμενον</span> <span class='ocrx_word' id='word_1_267' title='bbox 715 1968 915 2034; x_wconf 77' lang='grc' dir='ltr'>ἑαυτῆς</span> <span class='ocrx_word' id='word_1_268' title='bbox 963 1967 1059 2019; x_wconf 78' lang='grc' dir='ltr'>καὶ</span> <span class='ocrx_word' id='word_1_269' title='bbox 1107 1964 1304 2034; x_wconf 82' lang='grc' dir='ltr'>κομιδῆ</span> <span class='ocrx_word' id='word_1_270' title='bbox 1356 1962 1780 2033; x_wconf 79' lang='grc' dir='ltr'>μαραινόμενον.</span> 
     </span>
    </p>
   </div>
   <div class='ocr_carea' id='block_1_38' title="bbox 798 1949 2475 2039">
    <p class='ocr_par' dir='ltr' id='par_1_38' title="bbox 798 1949 2475 2034">
     <span class='ocr_line' id='line_1_38' title="bbox 798 1949 2475 2034; baseline -0.011 -14"><span class='ocrx_word' id='word_1_271' title='bbox 798 1968 915 2034; x_wconf 65' lang='grc' dir='ltr'>»τῆς</span> <span class='ocrx_word' id='word_1_272' title='bbox 963 1967 1059 2019; x_wconf 78' lang='grc' dir='ltr'>καὶ</span> <span class='ocrx_word' id='word_1_273' title='bbox 1107 1964 1304 2034; x_wconf 82' lang='grc' dir='ltr'>κομιδῆ</span> <span class='ocrx_word' id='word_1_274' title='bbox 1356 1962 1780 2033; x_wconf 85' lang='grc' dir='ltr'>μαραινόμενον.</span> <span class='ocrx_word' id='word_1_275' title='bbox 1894 1954 2263 2010; x_wconf 86' lang='lat' dir='ltr'><strong>diversorium</strong></span> <span class='ocrx_word' id='word_1_276' title='bbox 2295 1949 2475 2019; x_wconf 84' lang='lat' dir='ltr'><strong>petiit.</strong></span> 
     </span>
    </p>
   </div>
   <div class='ocr_carea' id='block_1_39' title="bbox 201 2031 3471 2131">
    <p class='ocr_par' dir='ltr' id='par_1_39' title="bbox 201 2031 3471 2131">
     <span class='ocr_line' id='line_1_39' title="bbox 201 2031 3471 2131; baseline -0.009 -19"><span class='ocrx_word' id='word_1_277' title='bbox 201 2061 366 2113; x_wconf 85' lang='grc' dir='ltr'>Ταῦτ’</span> <span class='ocrx_word' id='word_1_278' title='bbox 393 2031 629 2126; x_wconf 44' lang='grc' dir='ltr'>ἄρα-καὶ</span> <span class='ocrx_word' id='word_1_279' title='bbox 669 2031 1187 2131; x_wconf 28' lang='grc' dir='ltr'>βύθιον-ἐστέναξε,</span> <span class='ocrx_word' id='word_1_280' title='bbox 1210 2031 1463 2125; x_wconf 77' lang='grc' dir='ltr'>καθάπερ</span> <span class='ocrx_word' id='word_1_281' title='bbox 1530 2054 1594 2106; x_wconf 83' lang='grc' dir='ltr'><strong>ἐκ</strong></span> <span class='ocrx_word' id='word_1_282' title='bbox 1676 2049 1921 2121; x_wconf 80' lang='grc' dir='ltr'>μεγάλης</span> <span class='ocrx_word' id='word_1_283' title='bbox 1982 2044 2219 2112; x_wconf 80' lang='grc' dir='ltr'>καμίνου</span> <span class='ocrx_word' id='word_1_284' title='bbox 2292 2039 2393 2110; x_wconf 81' lang='grc' dir='ltr'>τῆς</span> <span class='ocrx_word' id='word_1_285' title='bbox 2448 2038 2597 2094; x_wconf 72' lang='grc' dir='ltr'>ἔνδον</span> <span class='ocrx_word' id='word_1_286' title='bbox 2645 2035 2877 2108; x_wconf 78' lang='grc' dir='ltr'>πικρίας</span> <span class='ocrx_word' id='word_1_287' title='bbox 2927 2035 3170 2097; x_wconf 79' lang='grc' dir='ltr'>καπνοὺς</span> <span class='ocrx_word' id='word_1_288' title='bbox 3223 2031 3471 2101; x_wconf 83' lang='grc' dir='ltr'>ἀναπέμ-</span> 
     </span>
    </p>
   </div>
   <div class='ocr_carea' id='block_1_40' title="bbox 198 2126 3466 2220">
    <p class='ocr_par' dir='ltr' id='par_1_40' title="bbox 198 2126 3466 2220">
     <span class='ocr_line' id='line_1_40' title="bbox 198 2126 3466 2220; baseline -0.009 -17"><span class='ocrx_word' id='word_1_289' title='bbox 198 2168 381 2204; x_wconf 80' lang='grc' dir='ltr'>πουσα</span> <span class='ocrx_word' id='word_1_290' title='bbox 423 2153 644 2216; x_wconf 81' lang='grc' dir='ltr'>ζέοντας</span> <span class='ocrx_word' id='word_1_291' title='bbox 669 2126 779 2206; x_wconf 37' lang='grc' dir='ltr'>’καὶ</span> <span class='ocrx_word' id='word_1_292' title='bbox 811 2153 1128 2220; x_wconf 82' lang='grc' dir='ltr'>φλογώδεις.</span> <span class='ocrx_word' id='word_1_293' title='bbox 1164 2150 1236 2202; x_wconf 83' lang='grc' dir='ltr'><strong>Τὸ</strong></span> <span class='ocrx_word' id='word_1_294' title='bbox 1278 2149 1322 2201; x_wconf 85' lang='grc' dir='ltr'>δ’</span> <span class='ocrx_word' id='word_1_295' title='bbox 1357 2147 1448 2200; x_wconf 70' lang='grc' dir='ltr'>οὖν</span> <span class='ocrx_word' id='word_1_296' title='bbox 1508 2144 1818 2198; x_wconf 80' lang='grc' dir='ltr'>τελευταῖον</span> <span class='ocrx_word' id='word_1_297' title='bbox 1851 2141 1910 2194; x_wconf 90' lang='grc' dir='ltr'><strong>ἐν</strong></span> <span class='ocrx_word' id='word_1_298' title='bbox 1973 2139 2184 2199; x_wconf 82' lang='grc' dir='ltr'>τούτοις</span> <span class='ocrx_word' id='word_1_299' title='bbox 2224 2136 2320 2188; x_wconf 69' lang='grc' dir='ltr'>καὶ</span> <span class='ocrx_word' id='word_1_300' title='bbox 2358 2137 2386 2188; x_wconf 84' lang='grc' dir='ltr'>ὁ</span> <span class='ocrx_word' id='word_1_301' title='bbox 2419 2133 2686 2205; x_wconf 78' lang='grc' dir='ltr'>ἡμέτερος</span> <span class='ocrx_word' id='word_1_302' title='bbox 2741 2129 3016 2184; x_wconf 84' lang='grc' dir='ltr'>διελέλυτο</span> <span class='ocrx_word' id='word_1_303' title='bbox 3064 2126 3317 2194; x_wconf 91' lang='grc' dir='ltr'>σύλλογος</span> <span class='ocrx_word' id='word_1_304' title='bbox 3372 2127 3466 2177; x_wconf 77' lang='grc' dir='ltr'>καὶ</span> 
     </span>
    </p>
   </div>
   <div class='ocr_carea' id='block_1_41' title="bbox 201 2231 1440 2318">
    <p class='ocr_par' dir='ltr' id='par_1_41' title="bbox 201 2231 1440 2318">
     <span class='ocr_line' id='line_1_41' title="bbox 201 2231 1440 2318; baseline -0.001 -18"><span class='ocrx_word' id='word_1_305' title='bbox 201 2249 290 2318; x_wconf 81' lang='grc' dir='ltr'>ἐφ’</span> <span class='ocrx_word' id='word_1_306' title='bbox 329 2243 391 2302; x_wconf 80' lang='grc' dir='ltr'><strong>οὗ</strong></span> <span class='ocrx_word' id='word_1_307' title='bbox 433 2250 697 2303; x_wconf 87' lang='grc' dir='ltr'>κατέλυεν</span> <span class='ocrx_word' id='word_1_308' title='bbox 728 2250 961 2312; x_wconf 74' lang='grc' dir='ltr'>ἕκαστος</span> <span class='ocrx_word' id='word_1_309' title='bbox 993 2231 1440 2318; x_wconf 67' lang='grc' dir='ltr'>ἁπηλλάττομεῖι.</span> 
     </span>
    </p>
   </div>
   <div class='ocr_carea' id='block_1_42' title="bbox 271 2365 1781 2440">
    <p class='ocr_par' dir='ltr' id='par_1_42' title="bbox 271 2365 1781 2440">
     <span class='ocr_line' id='line_1_42' title="bbox 271 2365 1781 2440; baseline -0.007 -16"><span class='ocrx_word' id='word_1_310' title='bbox 271 2373 357 2426; x_wconf 82' lang='grc' dir='ltr'><strong>Η’.</strong></span> <span class='ocrx_word' id='word_1_311' title='bbox 411 2370 648 2440; x_wconf 80' lang='grc' dir='ltr'>Ἡμέραι</span> <span class='ocrx_word' id='word_1_312' title='bbox 680 2370 882 2438; x_wconf 77' lang='grc' dir='ltr'>μιταξὺ</span> <span class='ocrx_word' id='word_1_313' title='bbox 911 2370 1307 2440; x_wconf 80' lang='grc' dir='ltr'>παρερῤύησαν</span> <span class='ocrx_word' id='word_1_314' title='bbox 1335 2367 1466 2421; x_wconf 79' lang='grc' dir='ltr'>δέκα</span> <span class='ocrx_word' id='word_1_315' title='bbox 1497 2367 1590 2417; x_wconf 79' lang='grc' dir='ltr'>καὶ</span> <span class='ocrx_word' id='word_1_316' title='bbox 1629 2365 1781 2416; x_wconf 84' lang='grc' dir='ltr'>ἐπει-</span> 
     </span>
    </p>
   </div>
   <div class='ocr_carea' id='block_1_43' title="bbox 197 2457 1782 2536">
    <p class='ocr_par' dir='ltr' id='par_1_43' title="bbox 197 2457 1782 2536">
     <span class='ocr_line' id='line_1_43' title="bbox 197 2457 1782 2536; baseline -0.007 -16"><span class='ocrx_word' id='word_1_317' title='bbox 197 2466 379 2534; x_wconf 76' lang='grc' dir='ltr'>δήπερ</span> <span class='ocrx_word' id='word_1_318' title='bbox 421 2465 648 2530; x_wconf 74' lang='grc' dir='ltr'>ἔγγιστα</span> <span class='ocrx_word' id='word_1_319' title='bbox 682 2465 974 2536; x_wconf 88' lang='grc' dir='ltr'>διατρίϐων</span> <span class='ocrx_word' id='word_1_320' title='bbox 1012 2460 1080 2535; x_wconf 81' lang='grc' dir='ltr'>ἧν</span> <span class='ocrx_word' id='word_1_321' title='bbox 1121 2466 1147 2516; x_wconf 89' lang='grc' dir='ltr'>ὁ</span> <span class='ocrx_word' id='word_1_322' title='bbox 1191 2463 1300 2516; x_wconf 85' lang='grc' dir='ltr'>τῶν</span> <span class='ocrx_word' id='word_1_323' title='bbox 1334 2460 1654 2532; x_wconf 82' lang='grc' dir='ltr'>Τριϐαλλῶν</span> <span class='ocrx_word' id='word_1_324' title='bbox 1683 2457 1782 2526; x_wconf 76' lang='grc' dir='ltr'><strong>ἄρ-</strong></span> 
     </span>
    </p>
   </div>
   <div class='ocr_carea' id='block_1_44' title="bbox 200 2553 1780 2627">
    <p class='ocr_par' dir='ltr' id='par_1_44' title="bbox 200 2553 1780 2627">
     <span class='ocr_line' id='line_1_44' title="bbox 200 2553 1780 2627; baseline -0.003 -20"><span class='ocrx_word' id='word_1_325' title='bbox 200 2573 334 2623; x_wconf 85' lang='grc' dir='ltr'>χων,</span> <span class='ocrx_word' id='word_1_326' title='bbox 375 2556 545 2608; x_wconf 78' lang='grc' dir='ltr'>τᾶλλα</span> <span class='ocrx_word' id='word_1_327' title='bbox 595 2556 696 2625; x_wconf 84' lang='grc' dir='ltr'>τῆς</span> <span class='ocrx_word' id='word_1_328' title='bbox 747 2556 1046 2627; x_wconf 85' lang='grc' dir='ltr'>πρεσϐείας</span> <span class='ocrx_word' id='word_1_329' title='bbox 1090 2555 1456 2624; x_wconf 83' lang='grc' dir='ltr'>τετελεσμένα</span> <span class='ocrx_word' id='word_1_330' title='bbox 1503 2553 1780 2622; x_wconf 83' lang='grc' dir='ltr'>παραδοὺς</span> 
     </span>
    </p>
   </div>
   <div class='ocr_carea' id='block_1_45' title="bbox 199 2642 1780 2716">
    <p class='ocr_par' dir='ltr' id='par_1_45' title="bbox 199 2642 1780 2716">
     <span class='ocr_line' id='line_1_45' title="bbox 199 2642 1780 2716; baseline -0.003 -18"><span class='ocrx_word' id='word_1_331' title='bbox 199 2648 311 2699; x_wconf 82' lang='grc' dir='ltr'><strong>τῶν</strong></span> <span class='ocrx_word' id='word_1_332' title='bbox 338 2649 626 2716; x_wconf 82' lang='grc' dir='ltr'>πρέσϐεων</span> <span class='ocrx_word' id='word_1_333' title='bbox 666 2652 746 2701; x_wconf 77' lang='grc' dir='ltr'>ἐνὶ</span> <span class='ocrx_word' id='word_1_334' title='bbox 792 2650 884 2702; x_wconf 74' lang='grc' dir='ltr'>καὶ</span> <span class='ocrx_word' id='word_1_335' title='bbox 929 2650 1149 2702; x_wconf 83' lang='grc' dir='ltr'>ἀπιέναι</span> <span class='ocrx_word' id='word_1_336' title='bbox 1185 2646 1444 2709; x_wconf 85' lang='grc' dir='ltr'>κελεύσας</span> <span class='ocrx_word' id='word_1_337' title='bbox 1493 2642 1639 2716; x_wconf 56' lang='grc' dir='ltr'>ἦκενί</span> <span class='ocrx_word' id='word_1_338' title='bbox 1664 2645 1780 2712; x_wconf 76' lang='grc' dir='ltr'>ἅμα</span> 
     </span>
    </p>
   </div>
   <div class='ocr_carea' id='block_1_46' title="bbox 199 2737 1782 2811">
    <p class='ocr_par' dir='ltr' id='par_1_46' title="bbox 199 2737 1782 2811">
     <span class='ocr_line' id='line_1_46' title="bbox 199 2737 1782 2811; baseline -0.004 -18"><span class='ocrx_word' id='word_1_339' title='bbox 199 2743 428 2806; x_wconf 71' lang='grc' dir='ltr'>γυναικὶ</span> <span class='ocrx_word' id='word_1_340' title='bbox 457 2742 998 2811; x_wconf 81' lang='grc' dir='ltr'>παραμυθησόμενος</span> <span class='ocrx_word' id='word_1_341' title='bbox 1028 2742 1128 2811; x_wconf 82' lang='grc' dir='ltr'>τὴν</span> <span class='ocrx_word' id='word_1_342' title='bbox 1161 2741 1325 2801; x_wconf 86' lang='grc' dir='ltr'>αύτδς</span> <span class='ocrx_word' id='word_1_343' title='bbox 1363 2738 1559 2792; x_wconf 82' lang='grc' dir='ltr'>ἐαυτοῦ</span> <span class='ocrx_word' id='word_1_344' title='bbox 1589 2737 1782 2788; x_wconf 85' lang='grc' dir='ltr'>πενθε-</span> 
     </span>
    </p>
   </div>
   <div class='ocr_carea' id='block_1_47' title="bbox 201 2830 1776 2904">
    <p class='ocr_par' dir='ltr' id='par_1_47' title="bbox 201 2830 1776 2904">
     <span class='ocr_line' id='line_1_47' title="bbox 201 2830 1776 2904; baseline -0.001 -20"><span class='ocrx_word' id='word_1_345' title='bbox 201 2835 300 2898; x_wconf 73' lang='grc' dir='ltr'>ρὰν</span> <span class='ocrx_word' id='word_1_346' title='bbox 353 2835 450 2885; x_wconf 76' lang='grc' dir='ltr'>καὶ</span> <span class='ocrx_word' id='word_1_347' title='bbox 505 2835 565 2885; x_wconf 86' lang='grc' dir='ltr'>τὸ</span> <span class='ocrx_word' id='word_1_348' title='bbox 618 2835 802 2886; x_wconf 83' lang='grc' dir='ltr'>λεῖπον</span> <span class='ocrx_word' id='word_1_349' title='bbox 857 2837 921 2904; x_wconf 79' lang='grc' dir='ltr'>τῇ</span> <span class='ocrx_word' id='word_1_350' title='bbox 977 2834 1244 2904; x_wconf 78' lang='grc' dir='ltr'>πρεσϐείᾳ</span> <span class='ocrx_word' id='word_1_351' title='bbox 1301 2830 1776 2902; x_wconf 81' lang='grc' dir='ltr'>προσαποδώσων.</span> 
     </span>
    </p>
   </div>
   <div class='ocr_carea' id='block_1_48' title="bbox 197 2922 1778 2996">
    <p class='ocr_par' dir='ltr' id='par_1_48' title="bbox 197 2922 1778 2996">
     <span class='ocr_line' id='line_1_48' title="bbox 197 2922 1778 2996; baseline -0.003 -18"><span class='ocrx_word' id='word_1_352' title='bbox 197 2927 362 2979; x_wconf 75' lang='grc' dir='ltr'>Τουτὶ</span> <span class='ocrx_word' id='word_1_353' title='bbox 393 2926 451 2978; x_wconf 83' lang='grc' dir='ltr'>δὲ</span> <span class='ocrx_word' id='word_1_354' title='bbox 493 2923 580 2996; x_wconf 83' lang='grc' dir='ltr'>ἦν,</span> <span class='ocrx_word' id='word_1_355' title='bbox 613 2925 938 2994; x_wconf 76' lang='grc' dir='ltr'>προπέμψαι</span> <span class='ocrx_word' id='word_1_356' title='bbox 971 2927 1064 2991; x_wconf 82' lang='grc' dir='ltr'>ξύν</span> <span class='ocrx_word' id='word_1_357' title='bbox 1093 2943 1157 2994; x_wconf 90' lang='grc' dir='ltr'><strong>γε</strong></span> <span class='ocrx_word' id='word_1_358' title='bbox 1183 2928 1373 2994; x_wconf 75' lang='grc' dir='ltr'>κόσμῳ</span> <span class='ocrx_word' id='word_1_359' title='bbox 1401 2927 1492 2976; x_wconf 84' lang='grc' dir='ltr'><strong>καί</strong></span> <span class='ocrx_word' id='word_1_360' title='bbox 1515 2926 1612 2990; x_wconf 85' lang='grc' dir='ltr'>ὅση</span> <span class='ocrx_word' id='word_1_361' title='bbox 1644 2922 1778 2990; x_wconf 78' lang='grc' dir='ltr'><strong>ἀνή-</strong></span> 
     </span>
    </p>
   </div>
   <div class='ocr_carea' id='block_1_49' title="bbox 197 3013 1775 3086">
    <p class='ocr_par' dir='ltr' id='par_1_49' title="bbox 197 3013 1775 3086">
     <span class='ocr_line' id='line_1_49' title="bbox 197 3013 1775 3086; baseline -0.004 -16"><span class='ocrx_word' id='word_1_362' title='bbox 197 3035 371 3070; x_wconf 85' lang='grc' dir='ltr'>κουσα</span> <span class='ocrx_word' id='word_1_363' title='bbox 400 3018 486 3086; x_wconf 79' lang='grc' dir='ltr'>εἴη</span> <span class='ocrx_word' id='word_1_364' title='bbox 529 3017 711 3079; x_wconf 76' lang='grc' dir='ltr'>αἰδὼς,</span> <span class='ocrx_word' id='word_1_365' title='bbox 738 3018 898 3070; x_wconf 74' lang='grc' dir='ltr'>τοῦτο</span> <span class='ocrx_word' id='word_1_366' title='bbox 925 3019 1024 3085; x_wconf 81' lang='grc' dir='ltr'>μὲν</span> <span class='ocrx_word' id='word_1_367' title='bbox 1055 3018 1150 3069; x_wconf 76' lang='grc' dir='ltr'>καὶ</span> <span class='ocrx_word' id='word_1_368' title='bbox 1179 3017 1252 3080; x_wconf 83' lang='grc' dir='ltr'>ὡς</span> <span class='ocrx_word' id='word_1_369' title='bbox 1282 3018 1452 3084; x_wconf 82' lang='grc' dir='ltr'>αύτῆς</span> <span class='ocrx_word' id='word_1_370' title='bbox 1484 3013 1775 3083; x_wconf 71' lang='grc' dir='ltr'>κηδεστὴς,</span> 
     </span>
    </p>
   </div>
   <div class='ocr_carea' id='block_1_50' title="bbox 195 3105 1777 3178">
    <p class='ocr_par' dir='ltr' id='par_1_50' title="bbox 195 3105 1777 3178">
     <span class='ocr_line' id='line_1_50' title="bbox 195 3105 1777 3178; baseline -0.003 -18"><span class='ocrx_word' id='word_1_371' title='bbox 195 3110 354 3162; x_wconf 76' lang='grc' dir='ltr'>τοῦτο</span> <span class='ocrx_word' id='word_1_372' title='bbox 386 3110 444 3162; x_wconf 86' lang='grc' dir='ltr'>δὲ</span> <span class='ocrx_word' id='word_1_373' title='bbox 477 3113 566 3162; x_wconf 71' lang='grc' dir='ltr'>καὶ</span> <span class='ocrx_word' id='word_1_374' title='bbox 597 3110 671 3172; x_wconf 84' lang='grc' dir='ltr'>ὡς</span> <span class='ocrx_word' id='word_1_375' title='bbox 708 3110 945 3178; x_wconf 81' lang='grc' dir='ltr'>μεγάλου</span> <span class='ocrx_word' id='word_1_376' title='bbox 975 3110 1233 3178; x_wconf 78' lang='grc' dir='ltr'>βασιλέως</span> <span class='ocrx_word' id='word_1_377' title='bbox 1265 3112 1483 3177; x_wconf 81' lang='grc' dir='ltr'>νύμφην</span> <span class='ocrx_word' id='word_1_378' title='bbox 1521 3106 1654 3177; x_wconf 82' lang='grc'>(50),</span> <span class='ocrx_word' id='word_1_379' title='bbox 1686 3105 1777 3156; x_wconf 77' lang='grc' dir='ltr'>καὶ</span> 
     </span>
    </p>
   </div>
   <div class='ocr_carea' id='block_1_51' title="bbox 195 3199 1776 3270">
    <p class='ocr_par' dir='ltr' id='par_1_51' title="bbox 195 3199 1776 3270">
     <span class='ocr_line' id='line_1_51' title="bbox 195 3199 1776 3270; baseline -0.002 -18"><span class='ocrx_word' id='word_1_380' title='bbox 195 3205 384 3270; x_wconf 78' lang='grc' dir='ltr'>τρίτον</span> <span class='ocrx_word' id='word_1_381' title='bbox 421 3201 497 3263; x_wconf 82' lang='grc' dir='ltr'>ὡς</span> <span class='ocrx_word' id='word_1_382' title='bbox 532 3204 659 3269; x_wconf 76' lang='grc' dir='ltr'>περὶ</span> <span class='ocrx_word' id='word_1_383' title='bbox 691 3203 758 3253; x_wconf 78' lang='grc' dir='ltr'>τὰ</span> <span class='ocrx_word' id='word_1_384' title='bbox 794 3204 981 3270; x_wconf 84' lang='grc' dir='ltr'>καίρια</span> <span class='ocrx_word' id='word_1_385' title='bbox 1009 3201 1376 3268; x_wconf 78' lang='grc' dir='ltr'>δυστυχοῦσαν</span> <span class='ocrx_word' id='word_1_386' title='bbox 1403 3216 1415 3228; x_wconf 85' lang='lat'><strong>&#39;</strong></span> <span class='ocrx_word' id='word_1_387' title='bbox 1449 3200 1483 3253; x_wconf 77' lang='grc' dir='ltr'><strong>ἆ</strong></span> <span class='ocrx_word' id='word_1_388' title='bbox 1509 3200 1665 3253; x_wconf 78' lang='grc' dir='ltr'>πάντ’</span> <span class='ocrx_word' id='word_1_389' title='bbox 1719 3199 1776 3250; x_wconf 88' lang='grc' dir='ltr'><strong>ἐν</strong></span> 
     </span>
    </p>
   </div>
   <div class='ocr_carea' id='block_1_52' title="bbox 199 3289 1830 3360">
    <p class='ocr_par' dir='ltr' id='par_1_52' title="bbox 199 3289 1830 3360">
     <span class='ocr_line' id='line_1_52' title="bbox 199 3289 1830 3360; baseline -0.001 -17"><span class='ocrx_word' id='word_1_390' title='bbox 199 3292 399 3360; x_wconf 81' lang='grc' dir='ltr'>βραχεῖ</span> <span class='ocrx_word' id='word_1_391' title='bbox 431 3293 810 3360; x_wconf 79' lang='grc' dir='ltr'>διεπεπράχει,</span> <span class='ocrx_word' id='word_1_392' title='bbox 843 3291 916 3351; x_wconf 74' lang='grc' dir='ltr'>ὡς</span> <span class='ocrx_word' id='word_1_393' title='bbox 954 3292 1052 3359; x_wconf 71' lang='grc' dir='ltr'>μὲν</span> <span class='ocrx_word' id='word_1_394' title='bbox 1084 3292 1278 3359; x_wconf 85' lang='grc' dir='ltr'>ἐκείνῳ</span> <span class='ocrx_word' id='word_1_395' title='bbox 1323 3291 1520 3354; x_wconf 83' lang='grc' dir='ltr'>ἐδόκει,</span> <span class='ocrx_word' id='word_1_396' title='bbox 1552 3289 1734 3349; x_wconf 81' lang='grc' dir='ltr'>καλῶς</span> <span class='ocrx_word' id='word_1_397' title='bbox 1759 3304 1774 3320; x_wconf 75' lang='grc' dir='ltr'><strong>ο</strong></span> <span class='ocrx_word' id='word_1_398' title='bbox 1827 3352 1830 3355; x_wconf 30' lang='grc' dir='ltr'><strong><em>π</em></strong></span> 
     </span>
    </p>
   </div>
   <div class='ocr_carea' id='block_1_53' title="bbox 195 3381 1778 3453">
    <p class='ocr_par' dir='ltr' id='par_1_53' title="bbox 195 3381 1778 3453">
     <span class='ocr_line' id='line_1_53' title="bbox 195 3381 1778 3453; baseline -0.003 -16"><span class='ocrx_word' id='word_1_399' title='bbox 195 3390 261 3453; x_wconf 80' lang='grc' dir='ltr'>τῇ</span> <span class='ocrx_word' id='word_1_400' title='bbox 291 3386 335 3436; x_wconf 75' lang='grc' dir='ltr'>δ’</span> <span class='ocrx_word' id='word_1_401' title='bbox 354 3384 586 3452; x_wconf 75' lang='grc' dir='ltr'>ἀληθείᾳ</span> <span class='ocrx_word' id='word_1_402' title='bbox 615 3383 798 3453; x_wconf 88' lang='grc' dir='ltr'>πολλῴ</span> <span class='ocrx_word' id='word_1_403' title='bbox 825 3383 918 3435; x_wconf 83' lang='grc' dir='ltr'>τοῦ</span> <span class='ocrx_word' id='word_1_404' title='bbox 949 3384 1160 3446; x_wconf 81' lang='grc' dir='ltr'>δέοντος</span> <span class='ocrx_word' id='word_1_405' title='bbox 1180 3383 1396 3444; x_wconf 79' lang='grc' dir='ltr'>ἐνδεῶς.</span> <span class='ocrx_word' id='word_1_406' title='bbox 1429 3381 1572 3435; x_wconf 82' lang='grc' dir='ltr'>Ἀλλ’</span> <span class='ocrx_word' id='word_1_407' title='bbox 1601 3383 1650 3433; x_wconf 80' lang='grc' dir='ltr'>οἱ</span> <span class='ocrx_word' id='word_1_408' title='bbox 1685 3381 1778 3433; x_wconf 86' lang='grc' dir='ltr'>πί-</span> 
     </span>
    </p>
   </div>
   <div class='ocr_carea' id='block_1_54' title="bbox 200 3475 1779 3548">
    <p class='ocr_par' dir='ltr' id='par_1_54' title="bbox 200 3475 1779 3548">
     <span class='ocr_line' id='line_1_54' title="bbox 200 3475 1779 3548; baseline -0.002 -18"><span class='ocrx_word' id='word_1_409' title='bbox 200 3479 384 3548; x_wconf 86' lang='grc' dir='ltr'>θηκοι,</span> <span class='ocrx_word' id='word_1_410' title='bbox 424 3481 578 3544; x_wconf 76' lang='grc' dir='ltr'>φησὶ,</span> <span class='ocrx_word' id='word_1_411' title='bbox 614 3475 993 3544; x_wconf 81' lang='grc' dir='ltr'>πιθηκίζοντες</span> <span class='ocrx_word' id='word_1_412' title='bbox 1025 3479 1118 3530; x_wconf 78' lang='grc' dir='ltr'>καὶ</span> <span class='ocrx_word' id='word_1_413' title='bbox 1147 3479 1197 3529; x_wconf 79' lang='lat' dir='ltr'><strong>ot</strong></span> <span class='ocrx_word' id='word_1_414' title='bbox 1234 3477 1524 3546; x_wconf 81' lang='grc' dir='ltr'>μύρμηκες</span> <span class='ocrx_word' id='word_1_415' title='bbox 1555 3493 1779 3544; x_wconf 87' lang='grc' dir='ltr'>μυρμη-</span> 
     </span>
    </p>
   </div>
   <div class='ocr_carea' id='block_1_55' title="bbox 198 3569 1780 3640">
    <p class='ocr_par' dir='ltr' id='par_1_55' title="bbox 198 3569 1780 3640">
     <span class='ocr_line' id='line_1_55' title="bbox 198 3569 1780 3640; baseline -0.003 -16"><span class='ocrx_word' id='word_1_416' title='bbox 198 3571 450 3636; x_wconf 75' lang='grc' dir='ltr'>κίζοντες</span> <span class='ocrx_word' id='word_1_417' title='bbox 475 3571 543 3623; x_wconf 84' lang='grc' dir='ltr'>τὰ</span> <span class='ocrx_word' id='word_1_418' title='bbox 569 3571 719 3636; x_wconf 81' lang='grc' dir='ltr'>σφῶν</span> <span class='ocrx_word' id='word_1_419' title='bbox 748 3571 993 3623; x_wconf 78' lang='grc' dir='ltr'>ποιοῦσιν</span> <span class='ocrx_word' id='word_1_420' title='bbox 1029 3573 1207 3624; x_wconf 81' lang='grc' dir='ltr'>αὐτῶν</span> <span class='ocrx_word' id='word_1_421' title='bbox 1230 3588 1243 3601; x_wconf 77' lang='grc' dir='ltr'><strong>ο</strong></span> <span class='ocrx_word' id='word_1_422' title='bbox 1278 3574 1326 3622; x_wconf 77' lang='grc' dir='ltr'><strong>εί</strong></span> <span class='ocrx_word' id='word_1_423' title='bbox 1357 3571 1413 3624; x_wconf 82' lang='grc' dir='ltr'>δὲ</span> <span class='ocrx_word' id='word_1_424' title='bbox 1445 3572 1518 3640; x_wconf 82' lang='grc' dir='ltr'>μὴ</span> <span class='ocrx_word' id='word_1_425' title='bbox 1569 3572 1665 3622; x_wconf 72' lang='grc' dir='ltr'>καὶ</span> <span class='ocrx_word' id='word_1_426' title='bbox 1711 3569 1780 3621; x_wconf 78' lang='grc' dir='ltr'>τὰ</span> 
     </span>
    </p>
   </div>
   <div class='ocr_carea' id='block_1_56' title="bbox 197 3663 1779 3733">
    <p class='ocr_par' dir='ltr' id='par_1_56' title="bbox 197 3663 1779 3733">
     <span class='ocr_line' id='line_1_56' title="bbox 197 3663 1779 3733; baseline -0.003 -15"><span class='ocrx_word' id='word_1_427' title='bbox 197 3668 381 3718; x_wconf 76' lang='grc' dir='ltr'>ἀετῶν</span> <span class='ocrx_word' id='word_1_428' title='bbox 412 3665 505 3717; x_wconf 77' lang='grc' dir='ltr'>καὶ</span> <span class='ocrx_word' id='word_1_429' title='bbox 538 3665 636 3716; x_wconf 87' lang='grc' dir='ltr'>ὅσα</span> <span class='ocrx_word' id='word_1_430' title='bbox 668 3665 883 3716; x_wconf 79' lang='grc' dir='ltr'>λέουσιν</span> <span class='ocrx_word' id='word_1_431' title='bbox 918 3664 1082 3732; x_wconf 76' lang='grc' dir='ltr'>ἔθιμα</span> <span class='ocrx_word' id='word_1_432' title='bbox 1114 3665 1390 3727; x_wconf 87' lang='grc' dir='ltr'>δύνανται,</span> <span class='ocrx_word' id='word_1_433' title='bbox 1429 3664 1501 3733; x_wconf 82' lang='grc' dir='ltr'>μὴ</span> <span class='ocrx_word' id='word_1_434' title='bbox 1547 3665 1606 3715; x_wconf 87' lang='grc' dir='ltr'><strong>ού</strong></span> <span class='ocrx_word' id='word_1_435' title='bbox 1643 3663 1779 3732; x_wconf 81' lang='grc' dir='ltr'>πρὸς</span> 
     </span>
    </p>
   </div>
   <div class='ocr_carea' id='block_1_57' title="bbox 199 3756 1780 3826">
    <p class='ocr_par' dir='ltr' id='par_1_57' title="bbox 199 3756 1780 3826">
     <span class='ocr_line' id='line_1_57' title="bbox 199 3756 1780 3826; baseline -0.003 -16"><span class='ocrx_word' id='word_1_436' title='bbox 199 3758 386 3810; x_wconf 74' lang='grc' dir='ltr'>αὐτῶν</span> <span class='ocrx_word' id='word_1_437' title='bbox 419 3758 485 3809; x_wconf 85' lang='grc' dir='ltr'>ἆν</span> <span class='ocrx_word' id='word_1_438' title='bbox 519 3756 740 3826; x_wconf 81' lang='grc' dir='ltr'><strong>ὑπάρχῃ</strong></span> <span class='ocrx_word' id='word_1_439' title='bbox 771 3758 918 3808; x_wconf 81' lang='grc' dir='ltr'>τουτὶ</span> <span class='ocrx_word' id='word_1_440' title='bbox 969 3756 1266 3826; x_wconf 83' lang='grc' dir='ltr'>φαυλότητι</span> <span class='ocrx_word' id='word_1_441' title='bbox 1296 3758 1509 3826; x_wconf 86' lang='grc' dir='ltr'>φύσεως</span> <span class='ocrx_word' id='word_1_442' title='bbox 1544 3757 1780 3826; x_wconf 82' lang='grc' dir='ltr'>ἀρχῆθεν</span> 
     </span>
    </p>
   </div>
   <div class='ocr_carea' id='block_1_58' title="bbox 202 3847 1781 3920">
    <p class='ocr_par' dir='ltr' id='par_1_58' title="bbox 202 3847 1781 3920">
     <span class='ocr_line' id='line_1_58' title="bbox 202 3847 1781 3920; baseline -0.003 -17"><span class='ocrx_word' id='word_1_443' title='bbox 202 3851 707 3919; x_wconf 80' lang='grc' dir='ltr'>συντεθραμμένων</span> <span class='ocrx_word' id='word_1_444' title='bbox 739 3852 832 3903; x_wconf 72' lang='grc' dir='ltr'>καὶ</span> <span class='ocrx_word' id='word_1_445' title='bbox 877 3851 1120 3920; x_wconf 77' lang='grc' dir='ltr'>ἀπουσίᾳ</span> <span class='ocrx_word' id='word_1_446' title='bbox 1151 3851 1245 3902; x_wconf 85' lang='grc' dir='ltr'>τοῦ</span> <span class='ocrx_word' id='word_1_447' title='bbox 1279 3847 1341 3903; x_wconf 82' lang='grc' dir='ltr'>εὖ</span> <span class='ocrx_word' id='word_1_448' title='bbox 1372 3868 1429 3903; x_wconf 86' lang='grc' dir='ltr'><strong>τε</strong></span> <span class='ocrx_word' id='word_1_449' title='bbox 1462 3852 1552 3902; x_wconf 80' lang='grc' dir='ltr'>καὶ</span> <span class='ocrx_word' id='word_1_450' title='bbox 1586 3866 1781 3916; x_wconf 73' lang='grc' dir='ltr'>τεταγ-</span> 
     </span>
    </p>
   </div>
   <div class='ocr_carea' id='block_1_59' title="bbox 201 3939 1782 4012">
    <p class='ocr_par' dir='ltr' id='par_1_59' title="bbox 201 3939 1782 4012">
     <span class='ocr_line' id='line_1_59' title="bbox 201 3939 1782 4012; baseline -0.001 -17"><span class='ocrx_word' id='word_1_451' title='bbox 201 3945 385 4012; x_wconf 78' lang='grc' dir='ltr'>μένως</span> <span class='ocrx_word' id='word_1_452' title='bbox 415 3945 795 4012; x_wconf 82' lang='grc' dir='ltr'>ἠνιοχήσοντος</span> <span class='ocrx_word' id='word_1_453' title='bbox 815 3943 1102 4010; x_wconf 80' lang='grc' dir='ltr'>λογισμοῦ.</span> <span class='ocrx_word' id='word_1_454' title='bbox 1135 3939 1212 3995; x_wconf 88' lang='grc' dir='ltr'><strong><em>Ἦ</em></strong></span> <span class='ocrx_word' id='word_1_455' title='bbox 1239 3945 1401 4010; x_wconf 86' lang='grc' dir='ltr'>σοφὸς</span> <span class='ocrx_word' id='word_1_456' title='bbox 1433 3939 1501 4012; x_wconf 78' lang='grc' dir='ltr'>ἦν</span> <span class='ocrx_word' id='word_1_457' title='bbox 1524 3943 1612 4012; x_wconf 75' lang='grc' dir='ltr'><strong>ἄρ’</strong></span> <span class='ocrx_word' id='word_1_458' title='bbox 1642 3945 1782 3994; x_wconf 80' lang='grc' dir='ltr'>ἐκεῖ-</span> 
     </span>
    </p>
   </div>
   <div class='ocr_carea' id='block_1_60' title="bbox 195 4034 1778 4106">
    <p class='ocr_par' dir='ltr' id='par_1_60' title="bbox 195 4034 1778 4106">
     <span class='ocr_line' id='line_1_60' title="bbox 195 4034 1778 4106; baseline -0.001 -19"><span class='ocrx_word' id='word_1_459' title='bbox 195 4053 312 4100; x_wconf 77' lang='grc' dir='ltr'>νος,</span> <span class='ocrx_word' id='word_1_460' title='bbox 349 4035 407 4096; x_wconf 80' lang='grc' dir='ltr'>ὃς</span> <span class='ocrx_word' id='word_1_461' title='bbox 436 4035 650 4102; x_wconf 81' lang='grc' dir='ltr'>πρῶτον</span> <span class='ocrx_word' id='word_1_462' title='bbox 677 4038 734 4088; x_wconf 88' lang='grc' dir='ltr'><strong>ἐν</strong></span> <span class='ocrx_word' id='word_1_463' title='bbox 759 4034 950 4105; x_wconf 80' lang='grc' dir='ltr'>γνώμῃ</span> <span class='ocrx_word' id='word_1_464' title='bbox 989 4036 1094 4088; x_wconf 81' lang='grc' dir='ltr'>τόδ’</span> <span class='ocrx_word' id='word_1_465' title='bbox 1131 4037 1400 4088; x_wconf 72' lang='grc' dir='ltr'>ἐϐάστασε</span> <span class='ocrx_word' id='word_1_466' title='bbox 1438 4037 1532 4089; x_wconf 76' lang='grc' dir='ltr'>καὶ</span> <span class='ocrx_word' id='word_1_467' title='bbox 1559 4035 1778 4106; x_wconf 73' lang='grc' dir='ltr'>γλώσσῄ</span> 
     </span>
    </p>
   </div>
   <div class='ocr_carea' id='block_1_61' title="bbox 195 4123 1777 4198">
    <p class='ocr_par' dir='ltr' id='par_1_61' title="bbox 195 4123 1777 4198">
     <span class='ocr_line' id='line_1_61' title="bbox 195 4123 1777 4198; baseline 0.002 -21"><span class='ocrx_word' id='word_1_468' title='bbox 195 4124 700 4192; x_wconf 74' lang='grc' dir='ltr'>διεμυθολόγησεν,</span> <span class='ocrx_word' id='word_1_469' title='bbox 754 4125 866 4177; x_wconf 80' lang='grc' dir='ltr'>εἴτε</span> <span class='ocrx_word' id='word_1_470' title='bbox 917 4124 1097 4194; x_wconf 85' lang='grc' dir='ltr'>Θαλῆς</span> <span class='ocrx_word' id='word_1_471' title='bbox 1145 4128 1172 4177; x_wconf 86' lang='grc' dir='ltr'><strong>ό</strong></span> <span class='ocrx_word' id='word_1_472' title='bbox 1222 4127 1489 4194; x_wconf 81' lang='grc' dir='ltr'>Μιλήσιος</span> <span class='ocrx_word' id='word_1_473' title='bbox 1523 4123 1628 4198; x_wconf 77' lang='grc' dir='ltr'>ἦν,</span> <span class='ocrx_word' id='word_1_474' title='bbox 1667 4127 1777 4180; x_wconf 80' lang='grc' dir='ltr'>εἴτε</span> 
     </span>
    </p>
   </div>
   <div class='ocr_carea' id='block_1_62' title="bbox 197 4217 1780 4289">
    <p class='ocr_par' dir='ltr' id='par_1_62' title="bbox 197 4217 1780 4289">
     <span class='ocr_line' id='line_1_62' title="bbox 197 4217 1780 4289; baseline 0.003 -20"><span class='ocrx_word' id='word_1_475' title='bbox 197 4219 433 4270; x_wconf 80' lang='grc' dir='ltr'>Πλάτων</span> <span class='ocrx_word' id='word_1_476' title='bbox 462 4217 491 4268; x_wconf 84' lang='grc' dir='ltr'><strong>ό</strong></span> <span class='ocrx_word' id='word_1_477' title='bbox 528 4217 870 4284; x_wconf 68' lang='grc' dir='ltr'>Ἀρίστωνος,</span> <span class='ocrx_word' id='word_1_478' title='bbox 903 4218 1015 4269; x_wconf 79' lang='grc' dir='ltr'>εἴτε</span> <span class='ocrx_word' id='word_1_479' title='bbox 1039 4220 1131 4269; x_wconf 77' lang='grc' dir='ltr'><strong>καὶ</strong></span> <span class='ocrx_word' id='word_1_480' title='bbox 1156 4219 1343 4288; x_wconf 75' lang='grc' dir='ltr'>ἄμφω.</span> <span class='ocrx_word' id='word_1_481' title='bbox 1377 4221 1527 4289; x_wconf 84' lang='grc' dir='ltr'>παρὰ</span> <span class='ocrx_word' id='word_1_482' title='bbox 1553 4221 1780 4289; x_wconf 82' lang='grc' dir='ltr'>θατέρου</span> 
     </span>
    </p>
   </div>
   <div class='ocr_carea' id='block_1_63' title="bbox 195 4308 1780 4387">
    <p class='ocr_par' dir='ltr' id='par_1_63' title="bbox 195 4308 1780 4387">
     <span class='ocr_line' id='line_1_63' title="bbox 195 4308 1780 4387; baseline 0.001 -25"><span class='ocrx_word' id='word_1_483' title='bbox 195 4310 400 4378; x_wconf 74' lang='grc' dir='ltr'>ἅτερος</span> <span class='ocrx_word' id='word_1_484' title='bbox 430 4308 808 4387; x_wconf 72' lang='grc' dir='ltr'>ἐκδεξάμενος,</span> <span class='ocrx_word' id='word_1_485' title='bbox 845 4311 904 4362; x_wconf 90' lang='grc' dir='ltr'><strong>τό</strong></span> <span class='ocrx_word' id='word_1_486' title='bbox 938 4311 991 4378; x_wconf 84' lang='grc' dir='ltr'>γ’</span> <span class='ocrx_word' id='word_1_487' title='bbox 1022 4312 1216 4365; x_wconf 80' lang='grc' dir='ltr'>ἑαυτὸν</span> <span class='ocrx_word' id='word_1_488' title='bbox 1258 4312 1588 4383; x_wconf 77' lang='grc' dir='ltr'>μακαρίζειν</span> <span class='ocrx_word' id='word_1_489' title='bbox 1621 4315 1780 4367; x_wconf 87' lang='grc' dir='ltr'>ἐκθύ-</span> 
     </span>
    </p>
   </div>
   <div class='ocr_carea' id='block_1_64' title="bbox 199 4402 1776 4475">
    <p class='ocr_par' dir='ltr' id='par_1_64' title="bbox 199 4402 1776 4475">
     <span class='ocr_line' id='line_1_64' title="bbox 199 4402 1776 4475; baseline 0.003 -22"><span class='ocrx_word' id='word_1_490' title='bbox 199 4419 347 4471; x_wconf 80' lang='grc' dir='ltr'>μως,</span> <span class='ocrx_word' id='word_1_491' title='bbox 403 4402 485 4452; x_wconf 80' lang='grc' dir='ltr'>ὅτι</span> <span class='ocrx_word' id='word_1_492' title='bbox 538 4403 611 4470; x_wconf 86' lang='grc' dir='ltr'>μὴ</span> <span class='ocrx_word' id='word_1_493' title='bbox 651 4402 930 4474; x_wconf 83' lang='grc' dir='ltr'>βάρϐαρος</span> <span class='ocrx_word' id='word_1_494' title='bbox 957 4443 973 4465; x_wconf 87' lang='lat'><strong>,</strong></span> <span class='ocrx_word' id='word_1_495' title='bbox 1020 4404 1139 4459; x_wconf 84' lang='grc' dir='ltr'>ἀλλ’</span> <span class='ocrx_word' id='word_1_496' title='bbox 1187 4405 1387 4475; x_wconf 84' lang='grc' dir='ltr'>Ἕλλην</span> <span class='ocrx_word' id='word_1_497' title='bbox 1433 4409 1776 4475; x_wconf 84' lang='grc' dir='ltr'>γεγένηται.</span> 
     </span>
    </p>
   </div>
   <div class='ocr_carea' id='block_1_65' title="bbox 1952 2354 3463 2427">
    <p class='ocr_par' dir='ltr' id='par_1_65' title="bbox 1952 2354 3463 2427">
     <span class='ocr_line' id='line_1_65' title="bbox 1952 2354 3463 2427; baseline -0.015 -2"><span class='ocrx_word' id='word_1_498' title='bbox 1952 2368 2090 2427; x_wconf 78' lang='grc' dir='ltr'>νιιι.</span> <span class='ocrx_word' id='word_1_499' title='bbox 2131 2366 2336 2422; x_wconf 85' lang='lat' dir='ltr'><strong>Diebus</strong></span> <span class='ocrx_word' id='word_1_500' title='bbox 2367 2364 2584 2417; x_wconf 87' lang='lat' dir='ltr'><strong>interim</strong></span> <span class='ocrx_word' id='word_1_501' title='bbox 2618 2359 2806 2415; x_wconf 89' lang='lat' dir='ltr'><strong>decem</strong></span> <span class='ocrx_word' id='word_1_502' title='bbox 2849 2357 3054 2422; x_wconf 85' lang='lat' dir='ltr'><strong>elapsis</strong></span> <span class='ocrx_word' id='word_1_503' title='bbox 3094 2354 3463 2410; x_wconf 77' lang='lat' dir='ltr'><strong>Triballorum</strong></span> 
     </span>
    </p>
   </div>
   <div class='ocr_carea' id='block_1_66' title="bbox 1882 2438 3463 2538">
    <p class='ocr_par' dir='ltr' id='par_1_66' title="bbox 1882 2438 3463 2538">
     <span class='ocr_line' id='line_1_66' title="bbox 1882 2438 3463 2538; baseline -0.015 -17"><span class='ocrx_word' id='word_1_504' title='bbox 1882 2469 2158 2538; x_wconf 88' lang='lat' dir='ltr'><strong>princeps,</strong></span> <span class='ocrx_word' id='word_1_505' title='bbox 2177 2461 2270 2531; x_wconf 87' lang='lat' dir='ltr'><strong>qui</strong></span> <span class='ocrx_word' id='word_1_506' title='bbox 2295 2461 2347 2514; x_wconf 87' lang='lat' dir='ltr'><strong>in</strong></span> <span class='ocrx_word' id='word_1_507' title='bbox 2363 2455 2609 2527; x_wconf 76' lang='lat' dir='ltr'><strong>proximo</strong></span> <span class='ocrx_word' id='word_1_508' title='bbox 2630 2438 3319 2513; x_wconf 50' lang='lat' dir='ltr'><strong>versabatur,cum‘c:etera</strong></span> <span class='ocrx_word' id='word_1_509' title='bbox 3341 2460 3463 2514; x_wconf 84' lang='lat' dir='ltr'><strong>per-</strong></span> 
     </span>
    </p>
   </div>
   <div class='ocr_carea' id='block_1_67' title="bbox 1883 2538 3463 2628">
    <p class='ocr_par' dir='ltr' id='par_1_67' title="bbox 1883 2538 3463 2628">
     <span class='ocr_line' id='line_1_67' title="bbox 1883 2538 3463 2628; baseline -0.015 -16"><span class='ocrx_word' id='word_1_510' title='bbox 1883 2559 2105 2628; x_wconf 85' lang='lat' dir='ltr'><strong>egisset,</strong></span> <span class='ocrx_word' id='word_1_511' title='bbox 2135 2555 2203 2608; x_wconf 92' lang='lat' dir='ltr'><strong>de</strong></span> <span class='ocrx_word' id='word_1_512' title='bbox 2225 2553 2428 2622; x_wconf 85' lang='lat' dir='ltr'><strong>quibus</strong></span> <span class='ocrx_word' id='word_1_513' title='bbox 2463 2549 2651 2603; x_wconf 86' lang='lat' dir='ltr'><strong>eadem</strong></span> <span class='ocrx_word' id='word_1_514' title='bbox 2686 2546 2953 2616; x_wconf 78' lang='lat' dir='ltr'><strong>legatione</strong></span> <span class='ocrx_word' id='word_1_515' title='bbox 2985 2541 3234 2612; x_wconf 77' lang='lat' dir='ltr'><strong>proximo</strong></span> <span class='ocrx_word' id='word_1_516' title='bbox 3269 2538 3463 2607; x_wconf 80' lang='lat' dir='ltr'><strong>ageba-</strong></span> 
     </span>
    </p>
   </div>
   <div class='ocr_carea' id='block_1_68' title="bbox 1883 2635 3463 2719">
    <p class='ocr_par' dir='ltr' id='par_1_68' title="bbox 1883 2635 3463 2719">
     <span class='ocr_line' id='line_1_68' title="bbox 1883 2635 3463 2719; baseline -0.013 -15"><span class='ocrx_word' id='word_1_517' title='bbox 1883 2663 1995 2712; x_wconf 87' lang='lat' dir='ltr'><strong>tur,</strong></span> <span class='ocrx_word' id='word_1_518' title='bbox 2011 2662 2274 2719; x_wconf 87' lang='lat' dir='ltr'><strong>responso</strong></span> <span class='ocrx_word' id='word_1_519' title='bbox 2298 2645 2388 2698; x_wconf 93' lang='lat' dir='ltr'><strong>uni</strong></span> <span class='ocrx_word' id='word_1_520' title='bbox 2409 2660 2439 2698; x_wconf 90' lang='lat' dir='ltr'><strong>e</strong></span> <span class='ocrx_word' id='word_1_521' title='bbox 2463 2642 2654 2710; x_wconf 72' lang='lat' dir='ltr'><strong>legatis</strong></span> <span class='ocrx_word' id='word_1_522' title='bbox 2670 2640 2795 2693; x_wconf 87' lang='lat' dir='ltr'><strong>dato</strong></span> <span class='ocrx_word' id='word_1_523' title='bbox 2814 2652 2989 2706; x_wconf 90' lang='lat' dir='ltr'><strong>eoque</strong></span> <span class='ocrx_word' id='word_1_524' title='bbox 3007 2635 3340 2703; x_wconf 83' lang='lat' dir='ltr'><strong>abirejusso,</strong></span> <span class='ocrx_word' id='word_1_525' title='bbox 3355 2647 3463 2684; x_wconf 90' lang='lat' dir='ltr'><strong>una</strong></span> 
     </span>
    </p>
   </div>
   <div class='ocr_carea' id='block_1_69' title="bbox 1883 2724 3464 2798">
    <p class='ocr_par' dir='ltr' id='par_1_69' title="bbox 1883 2724 3464 2798">
     <span class='ocr_line' id='line_1_69' title="bbox 1883 2724 3464 2798; baseline -0.014 -1"><span class='ocrx_word' id='word_1_526' title='bbox 1883 2759 2007 2798; x_wconf 92' lang='lat' dir='ltr'><strong>cum</strong></span> <span class='ocrx_word' id='word_1_527' title='bbox 2029 2758 2197 2795; x_wconf 80' lang='lat' dir='ltr'><strong>uxore</strong></span> <span class='ocrx_word' id='word_1_528' title='bbox 2219 2739 2284 2794; x_wconf 89' lang='lat' dir='ltr'><strong>ad</strong></span> <span class='ocrx_word' id='word_1_529' title='bbox 2304 2752 2521 2792; x_wconf 88' lang='lat' dir='ltr'><strong>socrum</strong></span> <span class='ocrx_word' id='word_1_530' title='bbox 2541 2731 2928 2789; x_wconf 86' lang='lat' dir='ltr'><strong>consolandam</strong></span> <span class='ocrx_word' id='word_1_531' title='bbox 2947 2729 3186 2783; x_wconf 87' lang='lat' dir='ltr'><strong>advenit.</strong></span> <span class='ocrx_word' id='word_1_532' title='bbox 3207 2724 3464 2796; x_wconf 78' lang='lat' dir='ltr'><strong>legationi</strong></span> 
     </span>
    </p>
   </div>
   <div class='ocr_carea' id='block_1_70' title="bbox 1876 2820 3463 2906">
    <p class='ocr_par' dir='ltr' id='par_1_70' title="bbox 1876 2820 3463 2906">
     <span class='ocr_line' id='line_1_70' title="bbox 1876 2820 3463 2906; baseline -0.012 -16"><span class='ocrx_word' id='word_1_533' title='bbox 1876 2836 2054 2906; x_wconf 83' lang='lat' dir='ltr'><strong>quoad</strong></span> <span class='ocrx_word' id='word_1_534' title='bbox 2093 2834 2303 2895; x_wconf 79' lang='lat' dir='ltr'><strong>reliqua</strong></span> <span class='ocrx_word' id='word_1_535' title='bbox 2344 2829 2745 2885; x_wconf 81' lang='lat' dir='ltr'><strong>satisfacturus.</strong></span> <span class='ocrx_word' id='word_1_536' title='bbox 2772 2825 2829 2879; x_wconf 88' lang='lat' dir='ltr'><strong>Id</strong></span> <span class='ocrx_word' id='word_1_537' title='bbox 2862 2839 2994 2878; x_wconf 86' lang='lat' dir='ltr'><strong>vero</strong></span> <span class='ocrx_word' id='word_1_538' title='bbox 3028 2830 3164 2885; x_wconf 86' lang='lat' dir='ltr'><strong>erat,</strong></span> <span class='ocrx_word' id='word_1_539' title='bbox 3200 2820 3463 2873; x_wconf 67' lang='lat' dir='ltr'><strong>utCaesa-</strong></span> 
     </span>
    </p>
   </div>
   <div class='ocr_carea' id='block_1_71' title="bbox 1876 2915 3448 2989">
    <p class='ocr_par' dir='ltr' id='par_1_71' title="bbox 1876 2915 3448 2989">
     <span class='ocr_line' id='line_1_71' title="bbox 1876 2915 3448 2989; baseline -0.013 -7"><span class='ocrx_word' id='word_1_540' title='bbox 1876 2930 2067 2982; x_wconf 83' lang='lat' dir='ltr'><strong>rissam</strong></span> <span class='ocrx_word' id='word_1_541' title='bbox 2100 2924 2403 2980; x_wconf 79' lang='lat' dir='ltr'><strong>honoriﬁce</strong></span> <span class='ocrx_word' id='word_1_542' title='bbox 2452 2921 2745 2989; x_wconf 87' lang='lat' dir='ltr'><strong>debitaque</strong></span> <span class='ocrx_word' id='word_1_543' title='bbox 2779 2932 2904 2970; x_wconf 83' lang='lat' dir='ltr'><strong>eum</strong></span> <span class='ocrx_word' id='word_1_544' title='bbox 2949 2915 3274 2975; x_wconf 86' lang='lat' dir='ltr'><strong>reverentia,</strong></span> <span class='ocrx_word' id='word_1_545' title='bbox 3325 2927 3448 2980; x_wconf 91' lang='lat' dir='ltr'><strong>par-</strong></span> 
     </span>
    </p>
   </div>
   <div class='ocr_carea' id='block_1_72' title="bbox 1877 3005 3463 3079">
    <p class='ocr_par' dir='ltr' id='par_1_72' title="bbox 1877 3005 3463 3079">
     <span class='ocr_line' id='line_1_72' title="bbox 1877 3005 3463 3079; baseline -0.012 -7"><span class='ocrx_word' id='word_1_546' title='bbox 1877 3022 1972 3074; x_wconf 89' lang='lat' dir='ltr'><strong>tim</strong></span> <span class='ocrx_word' id='word_1_547' title='bbox 2041 3029 2101 3072; x_wconf 93' lang='lat' dir='ltr'><strong>ut</strong></span> <span class='ocrx_word' id='word_1_548' title='bbox 2161 3032 2377 3073; x_wconf 88' lang='lat' dir='ltr'><strong>socrum</strong></span> <span class='ocrx_word' id='word_1_549' title='bbox 2420 3030 2599 3077; x_wconf 87' lang='lat' dir='ltr'><strong>suam,</strong></span> <span class='ocrx_word' id='word_1_550' title='bbox 2665 3012 2862 3079; x_wconf 84' lang='lat' dir='ltr'><strong>partim</strong></span> <span class='ocrx_word' id='word_1_551' title='bbox 2924 3018 2984 3062; x_wconf 93' lang='lat' dir='ltr'><strong>ut</strong></span> <span class='ocrx_word' id='word_1_552' title='bbox 3047 3008 3223 3075; x_wconf 83' lang='lat' dir='ltr'><strong>magni</strong></span> <span class='ocrx_word' id='word_1_553' title='bbox 3290 3005 3463 3071; x_wconf 86' lang='lat' dir='ltr'><strong>impe-</strong></span> 
     </span>
    </p>
   </div>
   <div class='ocr_carea' id='block_1_73' title="bbox 1878 3097 3454 3178">
    <p class='ocr_par' dir='ltr' id='par_1_73' title="bbox 1878 3097 3454 3178">
     <span class='ocr_line' id='line_1_73' title="bbox 1878 3097 3454 3178; baseline -0.012 -10"><span class='ocrx_word' id='word_1_554' title='bbox 1878 3114 2077 3168; x_wconf 89' lang='lat' dir='ltr'><strong>ratoris</strong></span> <span class='ocrx_word' id='word_1_555' title='bbox 2109 3127 2328 3175; x_wconf 90' lang='lat' dir='ltr'><strong>nurum,</strong></span> <span class='ocrx_word' id='word_1_556' title='bbox 2365 3111 2604 3178; x_wconf 89' lang='lat' dir='ltr'><strong>denique</strong></span> <span class='ocrx_word' id='word_1_557' title='bbox 2651 3117 2711 3159; x_wconf 91' lang='lat' dir='ltr'><strong>ut</strong></span> <span class='ocrx_word' id='word_1_558' title='bbox 2757 3105 2954 3174; x_wconf 84' lang='lat' dir='ltr'><strong>insigni</strong></span> <span class='ocrx_word' id='word_1_559' title='bbox 2986 3101 3290 3156; x_wconf 85' lang='lat' dir='ltr'><strong>calamitate</strong></span> <span class='ocrx_word' id='word_1_560' title='bbox 3321 3097 3454 3151; x_wconf 75' lang='lat' dir='ltr'><strong>aﬁ‘e-</strong></span> 
     </span>
    </p>
   </div>
   <div class='ocr_carea' id='block_1_74' title="bbox 1880 3194 3463 3264">
    <p class='ocr_par' dir='ltr' id='par_1_74' title="bbox 1880 3194 3463 3264">
     <span class='ocr_line' id='line_1_74' title="bbox 1880 3194 3463 3264; baseline -0.012 -5"><span class='ocrx_word' id='word_1_561' title='bbox 1880 3217 2020 3259; x_wconf 90' lang='lat' dir='ltr'><strong>ctam</strong></span> <span class='ocrx_word' id='word_1_562' title='bbox 2048 3202 2424 3256; x_wconf 90' lang='lat' dir='ltr'><strong>comitaretur.</strong></span> <span class='ocrx_word' id='word_1_563' title='bbox 2455 3199 2584 3261; x_wconf 68' lang='lat' dir='ltr'><strong>Qua:</strong></span> <span class='ocrx_word' id='word_1_564' title='bbox 2616 3196 2797 3251; x_wconf 87' lang='lat' dir='ltr'><strong>omnia</strong></span> <span class='ocrx_word' id='word_1_565' title='bbox 2823 3194 3016 3264; x_wconf 77' lang='lat' dir='ltr'><strong>exiguo</strong></span> <span class='ocrx_word' id='word_1_566' title='bbox 3053 3202 3296 3260; x_wconf 87' lang='lat' dir='ltr'><strong>tempore</strong></span> <span class='ocrx_word' id='word_1_567' title='bbox 3328 3205 3463 3243; x_wconf 89' lang='lat' dir='ltr'><strong>cou-</strong></span> 
     </span>
    </p>
   </div>
   <div class='ocr_carea' id='block_1_75' title="bbox 1884 3283 3459 3362">
    <p class='ocr_par' dir='ltr' id='par_1_75' title="bbox 1884 3283 3459 3362">
     <span class='ocr_line' id='line_1_75' title="bbox 1884 3283 3459 3362; baseline -0.01 -13"><span class='ocrx_word' id='word_1_568' title='bbox 1884 3297 2044 3357; x_wconf 90' lang='lat' dir='ltr'><strong>fecit;</strong></span> <span class='ocrx_word' id='word_1_569' title='bbox 2077 3304 2135 3347; x_wconf 93' lang='lat' dir='ltr'><strong>ut</strong></span> <span class='ocrx_word' id='word_1_570' title='bbox 2184 3295 2296 3362; x_wconf 90' lang='lat' dir='ltr'><strong>ipse</strong></span> <span class='ocrx_word' id='word_1_571' title='bbox 2345 3290 2508 3362; x_wconf 80' lang='lat'><strong>383</strong></span> <span class='ocrx_word' id='word_1_572' title='bbox 2551 3289 2798 3359; x_wconf 82' lang='lat' dir='ltr'><strong>putabat.</strong></span> <span class='ocrx_word' id='word_1_573' title='bbox 2833 3286 3093 3356; x_wconf 71' lang='lat' dir='ltr'><strong>pulchre;</strong></span> <span class='ocrx_word' id='word_1_574' title='bbox 3141 3283 3236 3338; x_wconf 86' lang='lat' dir='ltr'><strong>sed</strong></span> <span class='ocrx_word' id='word_1_575' title='bbox 3268 3298 3459 3336; x_wconf 85' lang='lat' dir='ltr'><strong>revera</strong></span> 
     </span>
    </p>
   </div>
   <div class='ocr_carea' id='block_1_76' title="bbox 1884 3373 3465 3451">
    <p class='ocr_par' dir='ltr' id='par_1_76' title="bbox 1884 3373 3465 3451">
     <span class='ocr_line' id='line_1_76' title="bbox 1884 3373 3465 3451; baseline -0.009 -11"><span class='ocrx_word' id='word_1_576' title='bbox 1884 3387 2112 3440; x_wconf 86' lang='lat' dir='ltr'><strong>multum</strong></span> <span class='ocrx_word' id='word_1_577' title='bbox 2178 3384 2320 3441; x_wconf 59' lang='lat' dir='ltr'><strong>irira</strong></span> <span class='ocrx_word' id='word_1_578' title='bbox 2382 3383 2725 3451; x_wconf 84' lang='lat' dir='ltr'><strong>dignitatem.</strong></span> <span class='ocrx_word' id='word_1_579' title='bbox 2784 3380 3006 3440; x_wconf 85' lang='lat' dir='ltr'><strong>Verum,</strong></span> <span class='ocrx_word' id='word_1_580' title='bbox 3054 3386 3114 3430; x_wconf 93' lang='lat' dir='ltr'><strong>ut</strong></span> <span class='ocrx_word' id='word_1_581' title='bbox 3174 3373 3465 3444; x_wconf 87' lang='lat' dir='ltr'><strong>proverbio</strong></span> 
     </span>
    </p>
   </div>
   <div class='ocr_carea' id='block_1_77' title="bbox 1882 3469 3465 3540">
    <p class='ocr_par' dir='ltr' id='par_1_77' title="bbox 1882 3469 3465 3540">
     <span class='ocr_line' id='line_1_77' title="bbox 1882 3469 3465 3540; baseline -0.008 -8"><span class='ocrx_word' id='word_1_582' title='bbox 1882 3479 2105 3540; x_wconf 88' lang='lat' dir='ltr'><strong>dicitur,</strong></span> <span class='ocrx_word' id='word_1_583' title='bbox 2135 3477 2308 3529; x_wconf 64' lang='lat' dir='ltr'><strong>simiae</strong></span> <span class='ocrx_word' id='word_1_584' title='bbox 2329 3474 2639 3536; x_wconf 81' lang='lat' dir='ltr'><strong>simiarum,</strong></span> <span class='ocrx_word' id='word_1_585' title='bbox 2668 3472 2911 3525; x_wconf 78' lang='lat' dir='ltr'><strong>formica:</strong></span> <span class='ocrx_word' id='word_1_586' title='bbox 2938 3469 3465 3522; x_wconf 85' lang='lat' dir='ltr'><strong>l&#39;ormicarum‘morc</strong></span> 
     </span>
    </p>
   </div>
   <div class='ocr_carea' id='block_1_78' title="bbox 1881 3557 3468 3630">
    <p class='ocr_par' dir='ltr' id='par_1_78' title="bbox 1881 3557 3468 3630">
     <span class='ocr_line' id='line_1_78' title="bbox 1881 3557 3468 3630; baseline -0.011 -5"><span class='ocrx_word' id='word_1_587' title='bbox 1881 3587 2010 3625; x_wconf 87' lang='lat' dir='ltr'><strong>suas</strong></span> <span class='ocrx_word' id='word_1_588' title='bbox 2056 3586 2145 3623; x_wconf 87' lang='lat' dir='ltr'><strong>res</strong></span> <span class='ocrx_word' id='word_1_589' title='bbox 2193 3567 2602 3621; x_wconf 87' lang='lat' dir='ltr'><strong>administrant.</strong></span> <span class='ocrx_word' id='word_1_590' title='bbox 2641 3564 2794 3630; x_wconf 87' lang='lat' dir='ltr'><strong>Quod</strong></span> <span class='ocrx_word' id='word_1_591' title='bbox 2848 3562 2891 3616; x_wconf 91' lang='lat' dir='ltr'><strong>si</strong></span> <span class='ocrx_word' id='word_1_592' title='bbox 2927 3559 3235 3628; x_wconf 86' lang='lat' dir='ltr'><strong>aquilarum</strong></span> <span class='ocrx_word' id='word_1_593' title='bbox 3267 3566 3322 3609; x_wconf 88' lang='lat' dir='ltr'><strong>et</strong></span> <span class='ocrx_word' id='word_1_594' title='bbox 3357 3557 3468 3608; x_wconf 89' lang='lat' dir='ltr'><strong>leo-</strong></span> 
     </span>
    </p>
   </div>
   <div class='ocr_carea' id='block_1_79' title="bbox 1883 3647 3470 3726">
    <p class='ocr_par' dir='ltr' id='par_1_79' title="bbox 1883 3647 3470 3726">
     <span class='ocr_line' id='line_1_79' title="bbox 1883 3647 3470 3726; baseline -0.01 -12"><span class='ocrx_word' id='word_1_595' title='bbox 1883 3675 2012 3714; x_wconf 91' lang='lat' dir='ltr'><strong>num</strong></span> <span class='ocrx_word' id='word_1_596' title='bbox 2063 3661 2171 3714; x_wconf 79' lang='lat' dir='ltr'><strong>ritu</strong></span> <span class='ocrx_word' id='word_1_597' title='bbox 2219 3658 2365 3712; x_wconf 86' lang='lat' dir='ltr'><strong>haud</strong></span> <span class='ocrx_word' id='word_1_598' title='bbox 2411 3664 2663 3726; x_wconf 86' lang='lat' dir='ltr'><strong>possunt,</strong></span> <span class='ocrx_word' id='word_1_599' title='bbox 2697 3655 2748 3708; x_wconf 87' lang='lat' dir='ltr'><strong>id</strong></span> <span class='ocrx_word' id='word_1_600' title='bbox 2794 3655 2845 3705; x_wconf 89' lang='lat' dir='ltr'><strong>in</strong></span> <span class='ocrx_word' id='word_1_601' title='bbox 2882 3667 3066 3705; x_wconf 86' lang='lat' dir='ltr'><strong>earum</strong></span> <span class='ocrx_word' id='word_1_602' title='bbox 3103 3657 3369 3718; x_wconf 80' lang='lat' dir='ltr'><strong>potestate</strong></span> <span class='ocrx_word' id='word_1_603' title='bbox 3400 3647 3470 3700; x_wconf 88' lang='lat' dir='ltr'><strong>si-</strong></span> 
     </span>
    </p>
   </div>
   <div class='ocr_carea' id='block_1_80' title="bbox 1883 3741 3466 3818">
    <p class='ocr_par' dir='ltr' id='par_1_80' title="bbox 1883 3741 3466 3818">
     <span class='ocr_line' id='line_1_80' title="bbox 1883 3741 3466 3818; baseline -0.009 -13"><span class='ocrx_word' id='word_1_604' title='bbox 1883 3762 1995 3805; x_wconf 92' lang='lat' dir='ltr'><strong>tum</strong></span> <span class='ocrx_word' id='word_1_605' title='bbox 2027 3768 2141 3804; x_wconf 82' lang='lat' dir='ltr'><strong>non</strong></span> <span class='ocrx_word' id='word_1_606' title='bbox 2173 3760 2275 3813; x_wconf 90' lang='lat' dir='ltr'><strong>est,</strong></span> <span class='ocrx_word' id='word_1_607' title='bbox 2304 3765 2426 3818; x_wconf 71' lang='lat' dir='ltr'><strong>quae</strong></span> <span class='ocrx_word' id='word_1_608' title='bbox 2461 3759 2711 3801; x_wconf 87' lang='lat' dir='ltr'><strong>naturam</strong></span> <span class='ocrx_word' id='word_1_609' title='bbox 2744 3747 3011 3811; x_wconf 68' lang='lat' dir='ltr'><strong>alijectam</strong></span> <span class='ocrx_word' id='word_1_610' title='bbox 3036 3742 3104 3796; x_wconf 85' lang='lat' dir='ltr'><strong>ab</strong></span> <span class='ocrx_word' id='word_1_611' title='bbox 3143 3741 3297 3794; x_wconf 85' lang='lat' dir='ltr'><strong>initio</strong></span> <span class='ocrx_word' id='word_1_612' title='bbox 3346 3756 3466 3793; x_wconf 89' lang='lat' dir='ltr'><strong>sor—</strong></span> 
     </span>
    </p>
   </div>
   <div class='ocr_carea' id='block_1_81' title="bbox 1884 3830 3470 3910">
    <p class='ocr_par' dir='ltr' id='par_1_81' title="bbox 1884 3830 3470 3910">
     <span class='ocr_line' id='line_1_81' title="bbox 1884 3830 3470 3910; baseline -0.011 -13"><span class='ocrx_word' id='word_1_613' title='bbox 1884 3847 1995 3898; x_wconf 70' lang='lat' dir='ltr'><strong>tita:</strong></span> <span class='ocrx_word' id='word_1_614' title='bbox 2022 3855 2077 3897; x_wconf 88' lang='lat' dir='ltr'><strong>et</strong></span> <span class='ocrx_word' id='word_1_615' title='bbox 2109 3843 2331 3910; x_wconf 80' lang='lat' dir='ltr'><strong>ingenio</strong></span> <span class='ocrx_word' id='word_1_616' title='bbox 2376 3840 2514 3893; x_wconf 92' lang='lat' dir='ltr'><strong>bene</strong></span> <span class='ocrx_word' id='word_1_617' title='bbox 2542 3854 2607 3891; x_wconf 91' lang='lat' dir='ltr'><strong>ac</strong></span> <span class='ocrx_word' id='word_1_618' title='bbox 2645 3837 2746 3890; x_wconf 90' lang='lat' dir='ltr'><strong>rite</strong></span> <span class='ocrx_word' id='word_1_619' title='bbox 2781 3851 2872 3888; x_wconf 91' lang='lat' dir='ltr'><strong>eas</strong></span> <span class='ocrx_word' id='word_1_620' title='bbox 2919 3835 3269 3886; x_wconf 75' lang='grc' dir='ltr'><strong>ΙΙΙΟιΙΟΙΊΙῐιΙΓΟ</strong></span> <span class='ocrx_word' id='word_1_621' title='bbox 3301 3830 3470 3882; x_wconf 82' lang='lat' dir='ltr'><strong>desti-</strong></span> 
     </span>
    </p>
   </div>
   <div class='ocr_carea' id='block_1_82' title="bbox 1883 3920 3464 3996">
    <p class='ocr_par' dir='ltr' id='par_1_82' title="bbox 1883 3920 3464 3996">
     <span class='ocr_line' id='line_1_82' title="bbox 1883 3920 3464 3996; baseline -0.012 -7"><span class='ocrx_word' id='word_1_622' title='bbox 1883 3947 2011 3990; x_wconf 72' lang='lat' dir='ltr'><strong>tutae</strong></span> <span class='ocrx_word' id='word_1_623' title='bbox 2036 3933 2416 3988; x_wconf 82' lang='lat' dir='ltr'><strong>adoleverunt.</strong></span> <span class='ocrx_word' id='word_1_624' title='bbox 2447 3930 2624 3995; x_wconf 85' lang='lat' dir='ltr'><strong>Quare</strong></span> <span class='ocrx_word' id='word_1_625' title='bbox 2659 3929 2878 3996; x_wconf 82' lang='lat' dir='ltr'><strong>sapiens</strong></span> <span class='ocrx_word' id='word_1_626' title='bbox 2922 3927 3010 3978; x_wconf 89' lang='lat' dir='ltr'><strong>ille</strong></span> <span class='ocrx_word' id='word_1_627' title='bbox 3045 3925 3167 3984; x_wconf 88' lang='lat' dir='ltr'><strong>fuit,</strong></span> <span class='ocrx_word' id='word_1_628' title='bbox 3216 3923 3307 3990; x_wconf 88' lang='lat' dir='ltr'><strong>qui</strong></span> <span class='ocrx_word' id='word_1_629' title='bbox 3353 3920 3464 3988; x_wconf 80' lang='lat' dir='ltr'><strong>pri-</strong></span> 
     </span>
    </p>
   </div>
   <div class='ocr_carea' id='block_1_83' title="bbox 1882 4013 3466 4091">
    <p class='ocr_par' dir='ltr' id='par_1_83' title="bbox 1882 4013 3466 4091">
     <span class='ocr_line' id='line_1_83' title="bbox 1882 4013 3466 4091; baseline -0.011 -10"><span class='ocrx_word' id='word_1_630' title='bbox 1882 4044 2006 4082; x_wconf 91' lang='lat' dir='ltr'><strong>mus</strong></span> <span class='ocrx_word' id='word_1_631' title='bbox 2058 4027 2238 4080; x_wconf 88' lang='lat' dir='ltr'><strong>animo</strong></span> <span class='ocrx_word' id='word_1_632' title='bbox 2287 4023 2540 4091; x_wconf 89' lang='lat' dir='ltr'><strong>concepit</strong></span> <span class='ocrx_word' id='word_1_633' title='bbox 2572 4030 2627 4074; x_wconf 91' lang='lat' dir='ltr'><strong>et</strong></span> <span class='ocrx_word' id='word_1_634' title='bbox 2669 4021 2852 4089; x_wconf 83' lang='lat' dir='ltr'><strong>lingua</strong></span> <span class='ocrx_word' id='word_1_635' title='bbox 2904 4016 3199 4085; x_wconf 82' lang='lat' dir='ltr'><strong>expressit,</strong></span> <span class='ocrx_word' id='word_1_636' title='bbox 3251 4014 3365 4065; x_wconf 83' lang='lat' dir='ltr'><strong>sive</strong></span> <span class='ocrx_word' id='word_1_637' title='bbox 3422 4013 3466 4064; x_wconf 89' lang='lat' dir='ltr'><strong>is</strong></span> 
     </span>
    </p>
   </div>
   <div class='ocr_carea' id='block_1_84' title="bbox 1881 4106 3462 4175">
    <p class='ocr_par' dir='ltr' id='par_1_84' title="bbox 1881 4106 3462 4175">
     <span class='ocr_line' id='line_1_84' title="bbox 1881 4106 3462 4175; baseline -0.011 0"><span class='ocrx_word' id='word_1_638' title='bbox 1881 4121 2080 4175; x_wconf 80' lang='lat' dir='ltr'><strong>Thales</strong></span> <span class='ocrx_word' id='word_1_639' title='bbox 2125 4116 2365 4172; x_wconf 79' lang='lat' dir='ltr'><strong>Milesius</strong></span> <span class='ocrx_word' id='word_1_640' title='bbox 2414 4112 2599 4175; x_wconf 87' lang='lat' dir='ltr'><strong>fuerit,</strong></span> <span class='ocrx_word' id='word_1_641' title='bbox 2641 4113 2754 4166; x_wconf 91' lang='lat' dir='ltr'><strong>sive</strong></span> <span class='ocrx_word' id='word_1_642' title='bbox 2795 4112 2965 4174; x_wconf 73' lang='lat' dir='ltr'><strong>l’lato,</strong></span> <span class='ocrx_word' id='word_1_643' title='bbox 3000 4106 3269 4162; x_wconf 81' lang='lat' dir='ltr'><strong>Aristonis</strong></span> <span class='ocrx_word' id='word_1_644' title='bbox 3300 4106 3462 4168; x_wconf 88' lang='lat' dir='ltr'><strong>ﬁlius,</strong></span> 
     </span>
    </p>
   </div>
   <div class='ocr_carea' id='block_1_85' title="bbox 1880 4203 3466 4282">
    <p class='ocr_par' dir='ltr' id='par_1_85' title="bbox 1880 4203 3466 4282">
     <span class='ocr_line' id='line_1_85' title="bbox 1880 4203 3466 4282; baseline -0.012 -13"><span class='ocrx_word' id='word_1_645' title='bbox 1880 4232 1978 4270; x_wconf 90' lang='lat' dir='ltr'><strong>seu</strong></span> <span class='ocrx_word' id='word_1_646' title='bbox 2002 4213 2208 4282; x_wconf 85' lang='lat' dir='ltr'><strong>potius</strong></span> <span class='ocrx_word' id='word_1_647' title='bbox 2241 4221 2495 4279; x_wconf 85' lang='lat' dir='ltr'><strong>uterque,</strong></span> <span class='ocrx_word' id='word_1_648' title='bbox 2530 4210 2602 4261; x_wconf 78' lang='lat' dir='ltr'><strong>ita</strong></span> <span class='ocrx_word' id='word_1_649' title='bbox 2641 4216 2700 4260; x_wconf 92' lang='lat' dir='ltr'><strong>ut</strong></span> <span class='ocrx_word' id='word_1_650' title='bbox 2737 4206 2876 4259; x_wconf 87' lang='lat' dir='ltr'><strong>alter</strong></span> <span class='ocrx_word' id='word_1_651' title='bbox 2919 4203 2988 4257; x_wconf 85' lang='lat' dir='ltr'><strong>ab</strong></span> <span class='ocrx_word' id='word_1_652' title='bbox 3027 4203 3200 4256; x_wconf 87' lang='lat' dir='ltr'><strong>altero</strong></span> <span class='ocrx_word' id='word_1_653' title='bbox 3241 4213 3466 4267; x_wconf 80' lang='lat' dir='ltr'><strong>accepe-</strong></span> 
     </span>
    </p>
   </div>
   <div class='ocr_carea' id='block_1_86' title="bbox 1881 4289 3460 4368">
    <p class='ocr_par' dir='ltr' id='par_1_86' title="bbox 1881 4289 3460 4368">
     <span class='ocr_line' id='line_1_86' title="bbox 1881 4289 3460 4368; baseline -0.011 -8"><span class='ocrx_word' id='word_1_654' title='bbox 1881 4308 1954 4361; x_wconf 90' lang='lat' dir='ltr'><strong>rit</strong></span> <span class='ocrx_word' id='word_1_655' title='bbox 1981 4325 1994 4359; x_wconf 92' lang='lat'>:</span> <span class='ocrx_word' id='word_1_656' title='bbox 2028 4306 2254 4359; x_wconf 88' lang='lat' dir='ltr'><strong>Beatum</strong></span> <span class='ocrx_word' id='word_1_657' title='bbox 2281 4318 2402 4356; x_wconf 87' lang='lat' dir='ltr'><strong>esse</strong></span> <span class='ocrx_word' id='word_1_658' title='bbox 2429 4317 2572 4362; x_wconf 87' lang='lat' dir='ltr'><strong>sese,</strong></span> <span class='ocrx_word' id='word_1_659' title='bbox 2608 4300 2699 4368; x_wconf 90' lang='lat' dir='ltr'><strong>qui</strong></span> <span class='ocrx_word' id='word_1_660' title='bbox 2732 4314 2839 4352; x_wconf 91' lang='lat' dir='ltr'><strong>non</strong></span> <span class='ocrx_word' id='word_1_661' title='bbox 2870 4297 3164 4354; x_wconf 87' lang='lat' dir='ltr'><strong>Barbarus,</strong></span> <span class='ocrx_word' id='word_1_662' title='bbox 3197 4291 3290 4345; x_wconf 84' lang='lat' dir='ltr'><strong>sed</strong></span> <span class='ocrx_word' id='word_1_663' title='bbox 3313 4289 3460 4344; x_wconf 68' lang='lat' dir='ltr'><strong>Grze-</strong></span> 
     </span>
    </p>
   </div>
   <div class='ocr_carea' id='block_1_87' title="bbox 1883 4385 3458 4458">
    <p class='ocr_par' dir='ltr' id='par_1_87' title="bbox 1883 4385 3458 4458">
     <span class='ocr_line' id='line_1_87' title="bbox 1883 4385 3458 4458; baseline -0.012 -4"><span class='ocrx_word' id='word_1_664' title='bbox 1883 4416 1980 4453; x_wconf 88' lang='lat' dir='ltr'><strong>cus</strong></span> <span class='ocrx_word' id='word_1_665' title='bbox 2007 4408 2166 4452; x_wconf 85' lang='lat' dir='ltr'><strong>natus</strong></span> <span class='ocrx_word' id='word_1_666' title='bbox 2199 4406 2369 4450; x_wconf 89' lang='lat' dir='ltr'><strong>esset.</strong></span> <span class='ocrx_word' id='word_1_667' title='bbox 2406 4394 2540 4448; x_wconf 86' lang='lat' dir='ltr'><strong>Nam</strong></span> <span class='ocrx_word' id='word_1_668' title='bbox 2582 4406 2636 4446; x_wconf 92' lang='lat' dir='ltr'><strong>et</strong></span> <span class='ocrx_word' id='word_1_669' title='bbox 2683 4393 2814 4444; x_wconf 85' lang='lat' dir='ltr'><strong>mihi</strong></span> <span class='ocrx_word' id='word_1_670' title='bbox 2864 4388 3070 4458; x_wconf 88' lang='lat' dir='ltr'><strong>aliquid</strong></span> <span class='ocrx_word' id='word_1_671' title='bbox 3116 4388 3257 4440; x_wconf 88' lang='lat' dir='ltr'><strong>haud</strong></span> <span class='ocrx_word' id='word_1_672' title='bbox 3291 4385 3458 4438; x_wconf 88' lang='lat' dir='ltr'><strong>dissi-</strong></span> 
     </span>
    </p>
   </div>
   <div class='ocr_carea' id='block_1_88' title="bbox 207 4477 1884 4569">
    <p class='ocr_par' dir='ltr' id='par_1_88' title="bbox 207 4493 1854 4569">
     <span class='ocr_line' id='line_1_88' title="bbox 207 4493 1854 4569; baseline 0.002 -24"><span class='ocrx_word' id='word_1_673' title='bbox 207 4493 348 4545; x_wconf 83' lang='grc' dir='ltr'>Ἰδοὺ</span> <span class='ocrx_word' id='word_1_674' title='bbox 375 4494 482 4559; x_wconf 72' lang='grc' dir='ltr'>γὰρ</span> <span class='ocrx_word' id='word_1_675' title='bbox 513 4495 744 4569; x_wconf 67' lang='grc' dir='ltr'>ἐκείνοις</span> <span class='ocrx_word' id='word_1_676' title='bbox 777 4496 1074 4565; x_wconf 84' lang='grc' dir='ltr'>ὀμόστοιχα</span> <span class='ocrx_word' id='word_1_677' title='bbox 1123 4496 1304 4564; x_wconf 82' lang='grc' dir='ltr'>λέγειν</span> <span class='ocrx_word' id='word_1_678' title='bbox 1337 4497 1494 4567; x_wconf 85' lang='grc' dir='ltr'>ἐπῄει</span> <span class='ocrx_word' id='word_1_679' title='bbox 1524 4499 1666 4566; x_wconf 72' lang='grc' dir='ltr'><strong>κάμὲ</strong></span> <span class='ocrx_word' id='word_1_680' title='bbox 1696 4499 1780 4566; x_wconf 78' lang='grc' dir='ltr'><strong>βέ-</strong></span> <span class='ocrx_word' id='word_1_681' title='bbox 1814 4514 1854 4569; x_wconf 79' lang='grc' dir='ltr'><strong>ι)</strong></span> 
     </span>
    </p>
   </div>
   <div class='ocr_carea' id='block_1_89' title="bbox 1780 4477 3457 4569">
    <p class='ocr_par' dir='ltr' id='par_1_89' title="bbox 1814 4477 3457 4569">
     <span class='ocr_line' id='line_1_89' title="bbox 1814 4477 3457 4569; baseline -0.01 -24"><span class='ocrx_word' id='word_1_682' title='bbox 1814 4514 1854 4569; x_wconf 79' lang='lat' dir='ltr'><strong>D</strong></span> <span class='ocrx_word' id='word_1_683' title='bbox 1886 4493 2014 4546; x_wconf 77' lang='lat' dir='ltr'><strong>mile</strong></span> <span class='ocrx_word' id='word_1_684' title='bbox 2038 4491 2155 4559; x_wconf 89' lang='lat' dir='ltr'><strong>ipsa</strong></span> <span class='ocrx_word' id='word_1_685' title='bbox 2189 4487 2532 4557; x_wconf 82' lang='lat' dir='ltr'><strong>experientia</strong></span> <span class='ocrx_word' id='word_1_686' title='bbox 2562 4486 2762 4538; x_wconf 88' lang='lat' dir='ltr'><strong>edocto</strong></span> <span class='ocrx_word' id='word_1_687' title='bbox 2796 4484 2849 4536; x_wconf 91' lang='lat' dir='ltr'><strong>in</strong></span> <span class='ocrx_word' id='word_1_688' title='bbox 2890 4493 3131 4535; x_wconf 71' lang='lat' dir='ltr'><strong>mentem</strong></span> <span class='ocrx_word' id='word_1_689' title='bbox 3155 4480 3324 4533; x_wconf 90' lang='lat' dir='ltr'><strong>venit.</strong></span> <span class='ocrx_word' id='word_1_690' title='bbox 3355 4477 3457 4531; x_wconf 80' lang='lat' dir='ltr'><strong>Sed</strong></span> 
     </span>
    </p>
   </div>
   <div class='ocr_carea' id='block_1_90' title="bbox 192 4585 1782 4656">
    <p class='ocr_par' dir='ltr' id='par_1_90' title="bbox 192 4585 1782 4656">
     <span class='ocr_line' id='line_1_90' title="bbox 192 4585 1782 4656; baseline 0.003 -21"><span class='ocrx_word' id='word_1_691' title='bbox 192 4586 359 4639; x_wconf 82' lang='grc' dir='ltr'>ϐαιον</span> <span class='ocrx_word' id='word_1_692' title='bbox 384 4585 478 4635; x_wconf 85' lang='grc' dir='ltr'>τὸν</span> <span class='ocrx_word' id='word_1_693' title='bbox 509 4585 632 4636; x_wconf 85' lang='grc' dir='ltr'>νοῦν</span> <span class='ocrx_word' id='word_1_694' title='bbox 664 4587 727 4637; x_wconf 85' lang='grc' dir='ltr'><strong>ἐκ</strong></span> <span class='ocrx_word' id='word_1_695' title='bbox 755 4587 856 4654; x_wconf 80' lang='grc' dir='ltr'>τῆς</span> <span class='ocrx_word' id='word_1_696' title='bbox 888 4588 1084 4655; x_wconf 89' lang='grc' dir='ltr'>πείρας</span> <span class='ocrx_word' id='word_1_697' title='bbox 1110 4587 1477 4656; x_wconf 80' lang='grc' dir='ltr'>ξυνειλοχότα.</span> <span class='ocrx_word' id='word_1_698' title='bbox 1528 4589 1665 4643; x_wconf 80' lang='grc' dir='ltr'>Ἀλλ’</span> <span class='ocrx_word' id='word_1_699' title='bbox 1695 4589 1782 4641; x_wconf 84' lang='grc' dir='ltr'>ἵνα</span> 
     </span>
    </p>
   </div>
   <div class='ocr_carea' id='block_1_91' title="bbox 191 4677 1782 4756">
    <p class='ocr_par' dir='ltr' id='par_1_91' title="bbox 191 4677 1782 4756">
     <span class='ocr_line' id='line_1_91' title="bbox 191 4677 1782 4756; baseline 0.001 -26"><span class='ocrx_word' id='word_1_700' title='bbox 191 4680 276 4747; x_wconf 81' lang='grc' dir='ltr'>μὴ</span> <span class='ocrx_word' id='word_1_701' title='bbox 294 4677 687 4756; x_wconf 64' lang='grc' dir='ltr'>διατρίϐωμεν,</span> <span class='ocrx_word' id='word_1_702' title='bbox 708 4679 991 4732; x_wconf 77' lang='grc' dir='ltr'>ἐπανιτέον</span> <span class='ocrx_word' id='word_1_703' title='bbox 1013 4682 1144 4750; x_wconf 76' lang='grc' dir='ltr'>ἡμῖν</span> <span class='ocrx_word' id='word_1_704' title='bbox 1165 4680 1343 4732; x_wconf 84' lang='grc' dir='ltr'><strong>ἐκείσέ</strong></span> <span class='ocrx_word' id='word_1_705' title='bbox 1363 4681 1534 4734; x_wconf 91' lang='grc' dir='ltr'>ἐστιν.</span> <span class='ocrx_word' id='word_1_706' title='bbox 1567 4680 1782 4750; x_wconf 81' lang='grc' dir='ltr'>Ἐπειδὴ</span> 
     </span>
    </p>
   </div>
   <div class='ocr_carea' id='block_1_92' title="bbox 187 4767 1783 4844">
    <p class='ocr_par' dir='ltr' id='par_1_92' title="bbox 187 4767 1783 4844">
     <span class='ocr_line' id='line_1_92' title="bbox 187 4767 1783 4844; baseline 0.002 -22"><span class='ocrx_word' id='word_1_707' title='bbox 187 4774 312 4839; x_wconf 72' lang='grc' dir='ltr'>γὰρ</span> <span class='ocrx_word' id='word_1_708' title='bbox 363 4770 627 4822; x_wconf 75' lang='grc' dir='ltr'>ἐπανόδου</span> <span class='ocrx_word' id='word_1_709' title='bbox 679 4767 823 4840; x_wconf 80' lang='grc' dir='ltr'>ἦμεν</span> <span class='ocrx_word' id='word_1_710' title='bbox 881 4774 1148 4842; x_wconf 78' lang='grc' dir='ltr'>ἡμμένοι,</span> <span class='ocrx_word' id='word_1_711' title='bbox 1199 4775 1415 4843; x_wconf 73' lang='grc' dir='ltr'>ἡμέρας</span> <span class='ocrx_word' id='word_1_712' title='bbox 1466 4775 1783 4844; x_wconf 86' lang='grc' dir='ltr'>διηνυκότες</span> 
     </span>
    </p>
   </div>
   <div class='ocr_carea' id='block_1_93' title="bbox 187 4860 1806 4939">
    <p class='ocr_par' dir='ltr' id='par_1_93' title="bbox 187 4860 1806 4939">
     <span class='ocr_line' id='line_1_93' title="bbox 187 4860 1806 4939; baseline 0.002 -24"><span class='ocrx_word' id='word_1_713' title='bbox 187 4865 319 4915; x_wconf 75' lang='grc' dir='ltr'>ὁδὸν</span> <span class='ocrx_word' id='word_1_714' title='bbox 346 4860 463 4914; x_wconf 79' lang='grc' dir='ltr'>εἶτα</span> <span class='ocrx_word' id='word_1_715' title='bbox 489 4863 967 4934; x_wconf 72' lang='grc' dir='ltr'>ἀπαλλαττόμεθα.</span> <span class='ocrx_word' id='word_1_716' title='bbox 984 4867 1062 4936; x_wconf 79' lang='grc' dir='ltr'><strong>Τῇ</strong></span> <span class='ocrx_word' id='word_1_717' title='bbox 1098 4867 1195 4936; x_wconf 82' lang='grc' dir='ltr'>μὲν</span> <span class='ocrx_word' id='word_1_718' title='bbox 1219 4868 1326 4937; x_wconf 81' lang='grc' dir='ltr'>γὰρ</span> <span class='ocrx_word' id='word_1_719' title='bbox 1345 4871 1411 4938; x_wconf 80' lang='grc' dir='ltr'>τῇ</span> <span class='ocrx_word' id='word_1_720' title='bbox 1433 4868 1806 4939; x_wconf 74' lang='grc' dir='ltr'>Καισαρίσση</span> 
     </span>
    </p>
   </div>
   <div class='ocr_carea' id='block_1_94' title="bbox 190 4952 1781 5029">
    <p class='ocr_par' dir='ltr' id='par_1_94' title="bbox 190 4952 1781 5029">
     <span class='ocr_line' id='line_1_94' title="bbox 190 4952 1781 5029; baseline -0.001 -18"><span class='ocrx_word' id='word_1_721' title='bbox 190 4954 397 5023; x_wconf 82' lang='grc' dir='ltr'>σφόδρ’</span> <span class='ocrx_word' id='word_1_722' title='bbox 427 4957 726 5022; x_wconf 72' lang='grc' dir='ltr'>ἀναγκαῖον</span> <span class='ocrx_word' id='word_1_723' title='bbox 753 4952 820 5027; x_wconf 84' lang='grc' dir='ltr'>ἦν</span> <span class='ocrx_word' id='word_1_724' title='bbox 851 4957 949 5027; x_wconf 77' lang='grc' dir='ltr'>τὴν</span> <span class='ocrx_word' id='word_1_725' title='bbox 978 4960 1034 5020; x_wconf 83' lang='grc' dir='ltr'><strong>ἐς</strong></span> <span class='ocrx_word' id='word_1_726' title='bbox 1062 4959 1469 5027; x_wconf 83' lang='grc' dir='ltr'>Θεσσαλονίκην</span> <span class='ocrx_word' id='word_1_727' title='bbox 1503 4959 1638 5029; x_wconf 85' lang='grc' dir='ltr'>ὁμοῦ</span> <span class='ocrx_word' id='word_1_728' title='bbox 1669 4955 1781 5022; x_wconf 63' lang='grc' dir='ltr'>τοῖς</span> 
     </span>
    </p>
   </div>
   <div class='ocr_carea' id='block_1_95' title="bbox 183 5045 1778 5111">
    <p class='ocr_par' dir='ltr' id='par_1_95' title="bbox 183 5045 1778 5111">
     <span class='ocr_line' id='line_1_95' title="bbox 183 5045 1778 5111; baseline 0.004 -13"><span class='ocrx_word' id='word_1_729' title='bbox 183 5046 388 5106; x_wconf 77' lang='grc' dir='ltr'>ἄλλοις</span> <span class='ocrx_word' id='word_1_730' title='bbox 414 5045 570 5109; x_wconf 71' lang='grc' dir='ltr'>ἰέναι,</span> <span class='ocrx_word' id='word_1_731' title='bbox 604 5047 678 5107; x_wconf 83' lang='grc' dir='ltr'>ὡς</span> <span class='ocrx_word' id='word_1_732' title='bbox 709 5047 778 5099; x_wconf 82' lang='grc' dir='ltr'>ἂν</span> <span class='ocrx_word' id='word_1_733' title='bbox 823 5049 922 5110; x_wconf 89' lang='grc' dir='ltr'><strong>τὰς</strong></span> <span class='ocrx_word' id='word_1_734' title='bbox 955 5049 1269 5111; x_wconf 80' lang='grc' dir='ltr'>τελευταίας</span> <span class='ocrx_word' id='word_1_735' title='bbox 1316 5052 1648 5104; x_wconf 85' lang='grc' dir='ltr'>ἐπιτελέσειε</span> <span class='ocrx_word' id='word_1_736' title='bbox 1685 5053 1778 5105; x_wconf 82' lang='grc' dir='ltr'>τοῦ</span> 
     </span>
    </p>
   </div>
   <div class='ocr_carea' id='block_1_96' title="bbox 181 5137 1780 5214">
    <p class='ocr_par' dir='ltr' id='par_1_96' title="bbox 181 5137 1780 5214">
     <span class='ocr_line' id='line_1_96' title="bbox 181 5137 1780 5214; baseline 0.002 -22"><span class='ocrx_word' id='word_1_737' title='bbox 181 5139 394 5209; x_wconf 76' lang='grc' dir='ltr'>ἀνδρὸς</span> <span class='ocrx_word' id='word_1_738' title='bbox 442 5137 682 5200; x_wconf 74' lang='grc' dir='ltr'>ἐντολάς.</span> <span class='ocrx_word' id='word_1_739' title='bbox 731 5141 927 5194; x_wconf 64' lang='grc' dir='ltr'>Φθάπιει</span> <span class='ocrx_word' id='word_1_740' title='bbox 977 5143 1086 5213; x_wconf 80' lang='grc' dir='ltr'>γὰρ</span> <span class='ocrx_word' id='word_1_741' title='bbox 1125 5145 1333 5207; x_wconf 82' lang='grc' dir='ltr'>ἐκεῖνος</span> <span class='ocrx_word' id='word_1_742' title='bbox 1382 5143 1470 5196; x_wconf 84' lang='grc' dir='ltr'>ἐπ’</span> <span class='ocrx_word' id='word_1_743' title='bbox 1523 5144 1780 5214; x_wconf 84' lang='grc' dir='ltr'>ἐσχάταις</span> 
     </span>
    </p>
   </div>
   <div class='ocr_carea' id='block_1_97' title="bbox 179 5231 1782 5305">
    <p class='ocr_par' dir='ltr' id='par_1_97' title="bbox 179 5231 1782 5305">
     <span class='ocr_line' id='line_1_97' title="bbox 179 5231 1782 5305; baseline 0.001 -20"><span class='ocrx_word' id='word_1_744' title='bbox 179 5231 290 5285; x_wconf 78' lang='grc' dir='ltr'><strong>τοῦ</strong></span> <span class='ocrx_word' id='word_1_745' title='bbox 320 5231 443 5301; x_wconf 82' lang='grc' dir='ltr'>βίου</span> <span class='ocrx_word' id='word_1_746' title='bbox 497 5235 690 5294; x_wconf 85' lang='grc' dir='ltr'>πνοαῖς</span> <span class='ocrx_word' id='word_1_747' title='bbox 722 5235 1102 5302; x_wconf 83' lang='grc' dir='ltr'>ἐπισκήπτων,</span> <span class='ocrx_word' id='word_1_748' title='bbox 1141 5235 1291 5297; x_wconf 89' lang='grc' dir='ltr'>ἐντός</span> <span class='ocrx_word' id='word_1_749' title='bbox 1344 5252 1448 5288; x_wconf 89' lang='grc' dir='ltr'><strong>που</strong></span> <span class='ocrx_word' id='word_1_750' title='bbox 1488 5235 1585 5305; x_wconf 84' lang='grc' dir='ltr'>τῆς</span> <span class='ocrx_word' id='word_1_751' title='bbox 1629 5238 1782 5304; x_wconf 76' lang='grc' dir='ltr'>είρη-</span> 
     </span>
    </p>
   </div>
   <div class='ocr_carea' id='block_1_98' title="bbox 181 5323 1780 5397">
    <p class='ocr_par' dir='ltr' id='par_1_98' title="bbox 181 5323 1780 5397">
     <span class='ocr_line' id='line_1_98' title="bbox 181 5323 1780 5397; baseline 0.003 -23"><span class='ocrx_word' id='word_1_752' title='bbox 181 5325 375 5394; x_wconf 67' lang='grc' dir='ltr'>μένης</span> <span class='ocrx_word' id='word_1_753' title='bbox 410 5323 884 5394; x_wconf 75' lang='grc' dir='ltr'>μετακομισθῆναι</span> <span class='ocrx_word' id='word_1_754' title='bbox 920 5327 969 5377; x_wconf 90' lang='grc' dir='ltr'><strong>οί</strong></span> <span class='ocrx_word' id='word_1_755' title='bbox 1009 5327 1217 5388; x_wconf 84' lang='grc' dir='ltr'>πόλεως</span> <span class='ocrx_word' id='word_1_756' title='bbox 1248 5328 1340 5380; x_wconf 68' lang='grc' dir='ltr'><strong>τὶν</strong></span> <span class='ocrx_word' id='word_1_757' title='bbox 1385 5327 1601 5397; x_wconf 79' lang='grc' dir='ltr'>νεκρόν.</span> <span class='ocrx_word' id='word_1_758' title='bbox 1649 5328 1780 5396; x_wconf 81' lang='grc' dir='ltr'>Ἐμέ</span> 
     </span>
    </p>
   </div>
   <div class='ocr_carea' id='block_1_99' title="bbox 176 5415 1783 5491">
    <p class='ocr_par' dir='ltr' id='par_1_99' title="bbox 176 5415 1783 5491">
     <span class='ocr_line' id='line_1_99' title="bbox 176 5415 1783 5491; baseline 0.002 -21"><span class='ocrx_word' id='word_1_759' title='bbox 176 5417 231 5470; x_wconf 84' lang='grc' dir='ltr'>δ’</span> <span class='ocrx_word' id='word_1_760' title='bbox 269 5416 420 5485; x_wconf 82' lang='grc' dir='ltr'>αὐτὴ</span> <span class='ocrx_word' id='word_1_761' title='bbox 451 5415 562 5468; x_wconf 81' lang='grc' dir='ltr'><strong>τῶν</strong></span> <span class='ocrx_word' id='word_1_762' title='bbox 600 5416 744 5468; x_wconf 85' lang='grc' dir='ltr'>κατά</span> <span class='ocrx_word' id='word_1_763' title='bbox 776 5417 1033 5489; x_wconf 81' lang='grc' dir='ltr'>βούλησιν</span> <span class='ocrx_word' id='word_1_764' title='bbox 1061 5420 1160 5472; x_wconf 84' lang='grc' dir='ltr'>ὅσα</span> <span class='ocrx_word' id='word_1_765' title='bbox 1189 5420 1237 5470; x_wconf 80' lang='lat' dir='ltr'><strong>ot</strong></span> <span class='ocrx_word' id='word_1_766' title='bbox 1283 5419 1420 5490; x_wconf 86' lang='grc' dir='ltr'>πρὸς</span> <span class='ocrx_word' id='word_1_767' title='bbox 1475 5421 1783 5491; x_wconf 81' lang='grc' dir='ltr'>βουλήσεως</span> 
     </span>
    </p>
   </div>
   <div class='ocr_carea' id='block_1_100' title="bbox 1879 4571 3460 4651">
    <p class='ocr_par' dir='ltr' id='par_1_100' title="bbox 1879 4571 3460 4651">
     <span class='ocr_line' id='line_1_100' title="bbox 1879 4571 3460 4651; baseline -0.013 -12"><span class='ocrx_word' id='word_1_768' title='bbox 1879 4594 1951 4638; x_wconf 82' lang='lat' dir='ltr'><strong>ne</strong></span> <span class='ocrx_word' id='word_1_769' title='bbox 1986 4584 2209 4651; x_wconf 88' lang='lat' dir='ltr'><strong>longum</strong></span> <span class='ocrx_word' id='word_1_770' title='bbox 2248 4581 2531 4644; x_wconf 81' lang='lat' dir='ltr'><strong>faciamus,</strong></span> <span class='ocrx_word' id='word_1_771' title='bbox 2577 4578 2706 4629; x_wconf 88' lang='lat' dir='ltr'><strong>illuc</strong></span> <span class='ocrx_word' id='word_1_772' title='bbox 2757 4574 2917 4627; x_wconf 85' lang='lat' dir='ltr'><strong>nobis</strong></span> <span class='ocrx_word' id='word_1_773' title='bbox 2966 4571 3308 4626; x_wconf 87' lang='lat' dir='ltr'><strong>redeundum</strong></span> <span class='ocrx_word' id='word_1_774' title='bbox 3359 4579 3460 4621; x_wconf 83' lang='lat' dir='ltr'><strong>est.</strong></span> 
     </span>
    </p>
   </div>
   <div class='ocr_carea' id='block_1_101' title="bbox 1878 4661 3463 4730">
    <p class='ocr_par' dir='ltr' id='par_1_101' title="bbox 1878 4661 3463 4730">
     <span class='ocr_line' id='line_1_101' title="bbox 1878 4661 3463 4730; baseline -0.009 -1"><span class='ocrx_word' id='word_1_775' title='bbox 1878 4675 2014 4730; x_wconf 85' lang='lat' dir='ltr'><strong>Cum</strong></span> <span class='ocrx_word' id='word_1_776' title='bbox 2069 4675 2218 4727; x_wconf 87' lang='lat' dir='ltr'><strong>enim</strong></span> <span class='ocrx_word' id='word_1_777' title='bbox 2273 4672 2498 4725; x_wconf 91' lang='lat' dir='ltr'><strong>domum</strong></span> <span class='ocrx_word' id='word_1_778' title='bbox 2556 4669 2739 4724; x_wconf 88' lang='lat' dir='ltr'><strong>redire</strong></span> <span class='ocrx_word' id='word_1_779' title='bbox 2789 4666 3245 4724; x_wconf 82' lang='lat' dir='ltr'><strong>iustituissemus,</strong></span> <span class='ocrx_word' id='word_1_780' title='bbox 3301 4661 3463 4714; x_wconf 85' lang='lat' dir='ltr'><strong>unius</strong></span> 
     </span>
    </p>
   </div>
   <div class='ocr_carea' id='block_1_102' title="bbox 1880 4755 3461 4834">
    <p class='ocr_par' dir='ltr' id='par_1_102' title="bbox 1880 4755 3461 4834">
     <span class='ocr_line' id='line_1_102' title="bbox 1880 4755 3461 4834; baseline -0.009 -14"><span class='ocrx_word' id='word_1_781' title='bbox 1880 4767 1987 4820; x_wconf 88' lang='lat' dir='ltr'><strong>diei</strong></span> <span class='ocrx_word' id='word_1_782' title='bbox 2026 4766 2130 4820; x_wconf 89' lang='lat' dir='ltr'><strong>iter</strong></span> <span class='ocrx_word' id='word_1_783' title='bbox 2162 4765 2438 4834; x_wconf 87' lang='lat' dir='ltr'><strong>progressi</strong></span> <span class='ocrx_word' id='word_1_784' title='bbox 2487 4761 2864 4815; x_wconf 87' lang='lat' dir='ltr'><strong>discessimus.</strong></span> <span class='ocrx_word' id='word_1_785' title='bbox 2911 4755 3261 4812; x_wconf 74' lang='lat' dir='ltr'><strong>Caesarissatn</strong></span> <span class='ocrx_word' id='word_1_786' title='bbox 3314 4755 3461 4806; x_wconf 77' lang='lat' dir='ltr'><strong>enim</strong></span> 
     </span>
    </p>
   </div>
   <div class='ocr_carea' id='block_1_103' title="bbox 1885 4847 3464 4928">
    <p class='ocr_par' dir='ltr' id='par_1_103' title="bbox 1885 4847 3464 4928">
     <span class='ocr_line' id='line_1_103' title="bbox 1885 4847 3464 4928; baseline -0.009 -16"><span class='ocrx_word' id='word_1_787' title='bbox 1885 4859 2112 4928; x_wconf 75' lang='lat' dir='ltr'><strong>urgebat</strong></span> <span class='ocrx_word' id='word_1_788' title='bbox 2145 4856 2442 4911; x_wconf 87' lang='lat' dir='ltr'><strong>necessitas</strong></span> <span class='ocrx_word' id='word_1_789' title='bbox 2473 4870 2579 4907; x_wconf 91' lang='lat' dir='ltr'><strong>una</strong></span> <span class='ocrx_word' id='word_1_790' title='bbox 2619 4869 2743 4906; x_wconf 93' lang='lat' dir='ltr'><strong>cum</strong></span> <span class='ocrx_word' id='word_1_791' title='bbox 2775 4852 2990 4905; x_wconf 84' lang='lat' dir='ltr'><strong>c-eteris</strong></span> <span class='ocrx_word' id='word_1_792' title='bbox 3020 4848 3188 4903; x_wconf 87' lang='lat' dir='ltr'><strong>eundi</strong></span> <span class='ocrx_word' id='word_1_793' title='bbox 3226 4847 3464 4900; x_wconf 81' lang='lat' dir='ltr'><strong>Thessa-</strong></span> 
     </span>
    </p>
   </div>
   <div class='ocr_carea' id='block_1_104' title="bbox 1881 4940 3467 5016">
    <p class='ocr_par' dir='ltr' id='par_1_104' title="bbox 1881 4940 3467 5016">
     <span class='ocr_line' id='line_1_104' title="bbox 1881 4940 3467 5016; baseline -0.009 -12"><span class='ocrx_word' id='word_1_794' title='bbox 1881 4951 2160 5016; x_wconf 84' lang='lat' dir='ltr'><strong>lonicam,</strong></span> <span class='ocrx_word' id='word_1_795' title='bbox 2224 4959 2301 5002; x_wconf 83' lang='lat' dir='ltr'><strong>ut</strong></span> <span class='ocrx_word' id='word_1_796' title='bbox 2359 4957 2605 5000; x_wconf 78' lang='lat' dir='ltr'><strong>extrema</strong></span> <span class='ocrx_word' id='word_1_797' title='bbox 2677 4944 2924 5015; x_wconf 75' lang='lat' dir='ltr'><strong>conjugis</strong></span> <span class='ocrx_word' id='word_1_798' title='bbox 2989 4940 3241 4994; x_wconf 86' lang='lat' dir='ltr'><strong>mandata</strong></span> <span class='ocrx_word' id='word_1_799' title='bbox 3308 4954 3467 4992; x_wconf 79' lang='lat' dir='ltr'><strong>exsc-</strong></span> 
     </span>
    </p>
   </div>
   <div class='ocr_carea' id='block_1_105' title="bbox 1879 5020 3465 5109">
    <p class='ocr_par' dir='ltr' id='par_1_105' title="bbox 1879 5020 3465 5109">
     <span class='ocr_line' id='line_1_105' title="bbox 1879 5020 3465 5109; baseline -0.007 -16"><span class='ocrx_word' id='word_1_800' title='bbox 1879 5049 2163 5109; x_wconf 82' lang='lat' dir='ltr'><strong>qncretur.</strong></span> <span class='ocrx_word' id='word_1_801' title='bbox 2217 5040 2276 5094; x_wconf 87' lang='lat' dir='ltr'><strong>In</strong></span> <span class='ocrx_word' id='word_1_802' title='bbox 2330 5049 2578 5094; x_wconf 80' lang='lat' dir='ltr'><strong>extremo</strong></span> <span class='ocrx_word' id='word_1_803' title='bbox 2627 5038 2775 5092; x_wconf 91' lang='lat' dir='ltr'><strong>enim</strong></span> <span class='ocrx_word' id='word_1_804' title='bbox 2840 5020 2930 5090; x_wconf 89' lang='lat' dir='ltr'><strong>ille</strong></span> <span class='ocrx_word' id='word_1_805' title='bbox 2985 5035 3186 5104; x_wconf 89' lang='lat' dir='ltr'><strong>spiritu</strong></span> <span class='ocrx_word' id='word_1_806' title='bbox 3238 5032 3465 5084; x_wconf 72' lang='lat' dir='ltr'><strong>manda-</strong></span> 
     </span>
    </p>
   </div>
   <div class='ocr_carea' id='block_1_106' title="bbox 1883 5123 3469 5197">
    <p class='ocr_par' dir='ltr' id='par_1_106' title="bbox 1883 5123 3469 5197">
     <span class='ocr_line' id='line_1_106' title="bbox 1883 5123 3469 5197; baseline -0.006 -13"><span class='ocrx_word' id='word_1_807' title='bbox 1883 5143 2002 5197; x_wconf 77' lang='lat' dir='ltr'><strong>rat,</strong></span> <span class='ocrx_word' id='word_1_808' title='bbox 2075 5141 2134 5184; x_wconf 93' lang='lat' dir='ltr'><strong>ut</strong></span> <span class='ocrx_word' id='word_1_809' title='bbox 2184 5147 2342 5186; x_wconf 86' lang='lat' dir='ltr'><strong>suum</strong></span> <span class='ocrx_word' id='word_1_810' title='bbox 2384 5133 2615 5186; x_wconf 87' lang='lat' dir='ltr'><strong>cadaver</strong></span> <span class='ocrx_word' id='word_1_811' title='bbox 2669 5130 2723 5183; x_wconf 90' lang='lat' dir='ltr'><strong>in</strong></span> <span class='ocrx_word' id='word_1_812' title='bbox 2775 5144 2891 5183; x_wconf 86' lang='lat' dir='ltr'><strong>eam</strong></span> <span class='ocrx_word' id='word_1_813' title='bbox 2949 5129 3135 5181; x_wconf 86' lang='lat' dir='ltr'><strong>urbem</strong></span> <span class='ocrx_word' id='word_1_814' title='bbox 3189 5123 3469 5193; x_wconf 82' lang='lat' dir='ltr'><strong>perferre-</strong></span> 
     </span>
    </p>
   </div>
   <div class='ocr_carea' id='block_1_107' title="bbox 1885 5215 3466 5290">
    <p class='ocr_par' dir='ltr' id='par_1_107' title="bbox 1885 5215 3466 5290">
     <span class='ocr_line' id='line_1_107' title="bbox 1885 5215 3466 5290; baseline -0.006 -13"><span class='ocrx_word' id='word_1_815' title='bbox 1885 5234 1994 5277; x_wconf 92' lang='lat' dir='ltr'><strong>tur.</strong></span> <span class='ocrx_word' id='word_1_816' title='bbox 2048 5223 2176 5277; x_wconf 75' lang='lat' dir='ltr'><strong>Mihi</strong></span> <span class='ocrx_word' id='word_1_817' title='bbox 2208 5237 2358 5286; x_wconf 88' lang='lat' dir='ltr'><strong>vero,</strong></span> <span class='ocrx_word' id='word_1_818' title='bbox 2422 5238 2546 5276; x_wconf 92' lang='lat' dir='ltr'><strong>cum</strong></span> <span class='ocrx_word' id='word_1_819' title='bbox 2576 5221 2842 5290; x_wconf 89' lang='lat' dir='ltr'><strong>quidquid</strong></span> <span class='ocrx_word' id='word_1_820' title='bbox 2879 5220 3037 5273; x_wconf 92' lang='lat' dir='ltr'><strong>libuit</strong></span> <span class='ocrx_word' id='word_1_821' title='bbox 3083 5215 3466 5272; x_wconf 77' lang='lat' dir='ltr'><strong>commendas-</strong></span> 
     </span>
    </p>
   </div>
   <div class='ocr_carea' id='block_1_108' title="bbox 1883 5306 3466 5382">
    <p class='ocr_par' dir='ltr' id='par_1_108' title="bbox 1883 5306 3466 5382">
     <span class='ocr_line' id='line_1_108' title="bbox 1883 5306 3466 5382; baseline -0.008 -15"><span class='ocrx_word' id='word_1_822' title='bbox 1883 5321 1988 5377; x_wconf 88' lang='lat' dir='ltr'><strong>sct,</strong></span> <span class='ocrx_word' id='word_1_823' title='bbox 2032 5328 2195 5380; x_wconf 85' lang='lat' dir='ltr'><strong>quam</strong></span> <span class='ocrx_word' id='word_1_824' title='bbox 2254 5313 2492 5381; x_wconf 91' lang='lat' dir='ltr'><strong>primum</strong></span> <span class='ocrx_word' id='word_1_825' title='bbox 2527 5313 2842 5382; x_wconf 80' lang='lat' dir='ltr'><strong>Byzantium</strong></span> <span class='ocrx_word' id='word_1_826' title='bbox 2879 5311 2955 5364; x_wconf 88' lang='lat' dir='ltr'><strong>ire</strong></span> <span class='ocrx_word' id='word_1_827' title='bbox 2998 5308 3282 5377; x_wconf 86' lang='lat' dir='ltr'><strong>permisit,</strong></span> <span class='ocrx_word' id='word_1_828' title='bbox 3339 5306 3466 5358; x_wconf 85' lang='lat' dir='ltr'><strong>&#39;l‘ri-</strong></span> 
     </span>
    </p>
   </div>
   <div class='ocr_carea' id='block_1_109' title="bbox 1886 5404 3464 5476">
    <p class='ocr_par' dir='ltr' id='par_1_109' title="bbox 1886 5404 3464 5476">
     <span class='ocr_line' id='line_1_109' title="bbox 1886 5404 3464 5476; baseline -0.003 -18"><span class='ocrx_word' id='word_1_829' title='bbox 1886 5405 2029 5458; x_wconf 89' lang='lat' dir='ltr'><strong>ballo</strong></span> <span class='ocrx_word' id='word_1_830' title='bbox 2080 5404 2266 5459; x_wconf 90' lang='lat' dir='ltr'><strong>nescio</strong></span> <span class='ocrx_word' id='word_1_831' title='bbox 2320 5421 2432 5474; x_wconf 91' lang='lat' dir='ltr'><strong>quo</strong></span> <span class='ocrx_word' id='word_1_832' title='bbox 2483 5407 2763 5476; x_wconf 86' lang='lat' dir='ltr'><strong>adjuncto,</strong></span> <span class='ocrx_word' id='word_1_833' title='bbox 2807 5405 2898 5475; x_wconf 91' lang='lat' dir='ltr'><strong>qui</strong></span> <span class='ocrx_word' id='word_1_834' title='bbox 2932 5404 3087 5457; x_wconf 85' lang='lat' dir='ltr'><strong>nobis</strong></span> <span class='ocrx_word' id='word_1_835' title='bbox 3154 5418 3249 5471; x_wconf 89' lang='lat' dir='ltr'><strong>per</strong></span> <span class='ocrx_word' id='word_1_836' title='bbox 3305 5415 3464 5470; x_wconf 80' lang='lat' dir='ltr'><strong>aSpe-</strong></span> 
     </span>
    </p>
   </div>
   <div class='ocr_carea' id='block_1_110' title="bbox 1557 5587 2128 5651">
    <p class='ocr_par' dir='ltr' id='par_1_110' title="bbox 1557 5587 2128 5651">
     <span class='ocr_line' id='line_1_110' title="bbox 1557 5587 2128 5651; baseline 0.011 -6"><span class='ocrx_word' id='word_1_837' title='bbox 1557 5587 1896 5649; x_wconf 86' lang='lat' dir='ltr'><strong>Variorum</strong></span> <span class='ocrx_word' id='word_1_838' title='bbox 1937 5598 2128 5651; x_wconf 61' lang='lat' dir='ltr'><strong>notae.</strong></span> 
     </span>
    </p>
   </div>
   <div class='ocr_carea' id='block_1_111' title="bbox 257 5727 1065 5796">
    <p class='ocr_par' dir='ltr' id='par_1_111' title="bbox 257 5727 1065 5796">
     <span class='ocr_line' id='line_1_111' title="bbox 257 5727 1065 5796; baseline 0.01 -17"><span class='ocrx_word' id='word_1_839' title='bbox 257 5727 388 5796; x_wconf 70' lang='grc'><strong>(49)</strong></span> <span class='ocrx_word' id='word_1_840' title='bbox 424 5727 584 5786; x_wconf 86' lang='lat' dir='ltr'><strong>Hom.</strong></span> <span class='ocrx_word' id='word_1_841' title='bbox 605 5730 701 5784; x_wconf 91' lang='lat' dir='ltr'><strong>0d.</strong></span> <span class='ocrx_word' id='word_1_842' title='bbox 741 5749 811 5786; x_wconf 89' lang='lat' dir='ltr'><strong>IV.</strong></span> <span class='ocrx_word' id='word_1_843' title='bbox 861 5733 1065 5789; x_wconf 74' lang='lat' dir='ltr'><strong>BOIVIN.</strong></span> 
     </span>
    </p>
   </div>
   <div class='ocr_carea' id='block_1_112' title="bbox 259 5799 3242 5884">
    <p class='ocr_par' dir='ltr' id='par_1_112' title="bbox 259 5799 3242 5884">
     <span class='ocr_line' id='line_1_112' title="bbox 259 5799 3242 5884; baseline 0.004 -31"><span class='ocrx_word' id='word_1_844' title='bbox 259 5799 388 5870; x_wconf 75' lang='lat'><strong>(50)</strong></span> <span class='ocrx_word' id='word_1_845' title='bbox 419 5800 549 5855; x_wconf 83' lang='lat' dir='ltr'><strong>Erat</strong></span> <span class='ocrx_word' id='word_1_846' title='bbox 593 5812 749 5873; x_wconf 77' lang='lat' dir='ltr'><strong>quasi</strong></span> <span class='ocrx_word' id='word_1_847' title='bbox 788 5822 980 5861; x_wconf 87' lang='lat' dir='ltr'><strong>nurus.</strong></span> <span class='ocrx_word' id='word_1_848' title='bbox 1033 5799 1167 5860; x_wconf 82' lang='lat' dir='ltr'><strong>Nam</strong></span> <span class='ocrx_word' id='word_1_849' title='bbox 1205 5807 1550 5865; x_wconf 67' lang='lat' dir='ltr'><strong>Andronicus</strong></span> <span class='ocrx_word' id='word_1_850' title='bbox 1598 5812 1782 5869; x_wconf 82' lang='lat' dir='ltr'><strong>senior</strong></span> <span class='ocrx_word' id='word_1_851' title='bbox 1825 5829 1944 5868; x_wconf 85' lang='lat' dir='ltr'><strong>cam</strong></span> <span class='ocrx_word' id='word_1_852' title='bbox 1985 5828 2210 5868; x_wconf 70' lang='lat' dir='ltr'><strong>uxorem</strong></span> <span class='ocrx_word' id='word_1_853' title='bbox 2242 5813 2520 5884; x_wconf 77' lang='lat' dir='ltr'><strong>delegerat</strong></span> <span class='ocrx_word' id='word_1_854' title='bbox 2543 5811 2652 5868; x_wconf 87' lang='lat' dir='ltr'><strong>ﬁlio</strong></span> <span class='ocrx_word' id='word_1_855' title='bbox 2681 5811 2864 5868; x_wconf 87' lang='lat' dir='ltr'><strong>fratris</strong></span> <span class='ocrx_word' id='word_1_856' title='bbox 2895 5813 2999 5867; x_wconf 88' lang='lat' dir='ltr'><strong>sui.</strong></span> <span class='ocrx_word' id='word_1_857' title='bbox 3039 5811 3242 5867; x_wconf 73' lang='lat' dir='ltr'><strong>Bomn.</strong></span> 
     </span>
    </p>
   </div>
  </div>
