4248 6442
163 365 277 427 T377
470 362 551 432 [Α.
591 379 639 418 c.
687 362 827 418 1982
865 379 931 418 ιο
972 361 1135 435 1528]

1240 365 1688 427 BYZANTIN/E
1732 361 2120 423 HISTORI/E
2151 364 2291 428 LIB.
2328 364 2427 425 IX.

2544 360 2679 432 [παρ.
2720 374 3006 415 Ακοιιοιιιο.
3049 358 3187 432 εει]

3336 365 3443 430 5'78

174 479 385 532 πόλεων
412 480 476 532 ὲκ
508 480 605 550 τῆς
638 481 746 535 τῶν
780 481 1073 551 Ῥωμαίων
1119 482 1445 551 ἡγεμονίαςο
1480 478 1636 532 τοῦτο
1665 479 1763 545 μὲν

1867 478 2015 533 socio
2042 479 2290 533 laborum
2339 477 2622 549 ergo.>llis
2662 479 2736 533 ita
2770 481 3006 548 peractis
3050 479 3279 535 Michael
3314 491 3441 535 cum

168 572 269 625 καὶ
327 572 405 635 ὡς
463 573 704 643 γαμϐρῷ
762 573 991 643 προικὸς
1021 573 1230 636 ,ἓνεκα,
1268 572 1426 626 τοῦτο
1469 573 1524 624 δὲ
1566 575 1658 624 καὶ
1689 572 1763 635 ὡς

174 664 453 734 συμμάχῳ
475 664 586 716 τῶν
619 665 797 717 πόνων
829 665 1011 719 ἓνεκα.
1048 664 1263 717 Τούτων
1283 664 1425 717 οὕτω
1459 665 1765 717 καταστάν-

171 771 281 807 των
308 758 337 808 ὁ
371 755 658 826 Μιχάηλος
706 756 845 825 μετὰ
899 755 998 824 τῆς
1045 754 1282 823 συζύγου
1338 757 1395 817 ἐς
1426 754 1523 823 τὴν
1556 754 1766 806 οἰκείαν

172 842 334 907 αὖθις
368 846 536 914 ἀπῄει
573 846 772 915 ἀρχὴν,
813 845 1028 915 συχνῶν
1055 848 1191 918 πρὸς
1220 847 1317 909 τῆς
1349 845 1639 914 δεσποίνης
1676 846 1765 897 καὶ

175 937 449 1006 πενθερᾶς
474 938 866 999 ἀπολελαυκὼς
898 939 1008 990 τῶν
1036 938 1271 1008 χαρίτων
1296 938 1388 990 καὶ
1415 931 1632 1007 δωρὲῶν
1674 933 1766 988 καὶ

172 1030 567 1098 χρηστοτὲρων
597 1029 942 1094 ἐπαγγελιῶν
966 1031 1022 1090 ἐς
1057 1030 1305 1083 τούπιὸν.

242 1122 320 1171 Δ’.
354 1120 449 1189 Τῷ
507 1120 691 1188 μέντοι
750 1122 851 1186 νέῳ
888 1120 1103 1189 βασιλεῖ
1147 1123 1268 1183 ταῖς
1329 1121 1606 1183 τοιαύταις
1662 1120 1764 1191 ἤδη

173 1210 520 1282 θαρῤήσαντι
564 1216 993 1273 καταστάσεσιν,
1045 1213 1244 1279 ὁρῶντι
1296 1211 1351 1263 δὲ
1388 1214 1472 1263 καὶ
1507 1215 1628 1273 τοὺς
1665 1214 1761 1282 δή·

176 1322 314 1376 μους
347 1306 458 1362 τῶν
493 1304 702 1358 πόλεων
736 1306 846 1357 τῶν
876 1322 935 1356 τε
970 1304 1148 1358 ἄλλων
1168 1304 1262 1356 καὶ
1302 1305 1397 1371 τῆς
1441 1302 1762 1372 βασιλευού-

173 1416 273 1468 σης
292 1399 467 1465 αὐτῆς
495 1398 643 1467 αὐτῴ
680 1398 1145 1466 προστιθεμένους
1177 1398 1269 1449 καὶ
1313 1397 1487 1466 λάϋρα
1515 1399 1613 1465 τὴν
1640 1398 1780 1465 ἑφο-.

170 1491 259 1544 δον
328 1489 496 1543 αὑτοῦ
554 1490 977 1556 κατεπείγοντας
1040 1490 1221 1560 (κόρον
1272 1490 1380 1557 γάρ
1423 1488 1520 1559 ἤδη
1552 1490 1761 1558 μακρὸν

172 1582 461 1650 εἰληφέναι
492 1583 588 1648 τῆς
629 1580 723 1634 τοῦ
753 1582 983 1633 πάππου
1022 1581 1456 1650 μακροϐιότητός
1488 1583 1582 1634 καὶ
1635 1582 1758 1634 ἀκι-

173 1674 391 1743 νησίας)
436 1672 688 1742 μελέταις
732 1671 889 1743 ἐπῄει
930 1672 1135 1725 διδόναι
1189 1674 1281 1725 καὶ
1321 1674 1761 1742 σκέμμασι,τίσι

171 1768 351 1828 δόλοις
386 1769 479 1819 καὶ
513 1764 875 1833 πανουργίαις
903 1766 1254 1834 χρησάμενος
1283 1767 1377 1817 καὶ
1416 1768 1642 1835 νικήσας
1668 1768 1761 1826 τὴν

1872 584 2039 625 uxore
2068 570 2291 623 domum
2312 570 2476 634 redit,
2502 569 3177 643 amantissimetractatus.
3198 588 3228 627 a
3254 587 3442 637 socru,

1870 661 2164 730 multisque
2211 661 2452 731 acceptis
2493 661 2817 717 muneribus
2856 674 2912 718 et
2943 663 3230 732 promissis
3275 665 3447 736 majo-

1869 754 2019 808 ribus
2050 755 2104 808 in
2148 764 2427 824 posterum
2456 764 2694 811 erectus.

1942 1119 2030 1173 IV.
2075 1119 2188 1174 Hoc
2218 1129 2360 1173 statu
2402 1136 2586 1174 rerum
2624 1121 2795 1176 fretus
2824 1122 3011 1193 junior
3046 1124 3363 1191 imperator,
3393 1130 3451 1178 et

1868 1223 2065 1280 praeter
2090 1221 2317 1265 caueras
2350 1212 2516 1267 urbes
2550 1212 2843 1284 Byzantios
2878 1229 3099 1283 quoque
3133 1215 3313 1270 favere
3341 1216 3449 1281 sibi

1842 1318 2115 1367 cernens,
2154 1318 2181 1356 a
2213 1304 2415 1371 quibus
2449 1305 2588 1359 clam
2614 1306 2679 1359 ad
2709 1306 3093 1360 maturandam
3140 1308 3448 1375 expeditio-

1866 1410 1988 1448 nem
2024 1396 2369 1460 incitaretur,
2403 1396 2722 1452 diuturnam
2753 1398 2918 1453 vitam
2945 1407 3001 1454 et
3041 1406 3318 1470 torporem
3352 1402 3439 1455 avi

1857 1487 1968 1556 jam
2028 1486 2457 1552 fastidientibus,
2493 1489 2744 1544 meditari
2781 1491 2949 1560 coepit
3001 1505 3066 1546 ac
3115 1490 3448 1555 deliberare,

1864 1579 2067 1648 quibus
2098 1580 2238 1633 dolis
2269 1596 2331 1636 ac
2363 1583 2869 1637 machinationibus
2899 1599 3001 1637 avo
3036 1572 3253 1638 devicto
3297 1584 3452 1640 solus

1865 1668 2127 1725 Romanis
2180 1670 2550 1739 imperaturus
2599 1681 2764 1727 esset.
2800 1666 2938 1727 cum
2989 1681 3170 1727 autem
3216 1674 3447 1743 pecunia

1865 1762 1913 1815 ei
1942 1773 2089 1816 esset
2120 1778 2259 1832 opus
2307 1763 2373 1816 ad
2415 1764 2549 1818 tales
2582 1772 2833 1826 conatus,
2884 1769 3172 1834 pecuniam
3207 1775 3449 1835 quaesto-

174 1850 405 1913 πάππον
436 1859 784 1929 αὑταρχήσει
827 1859 1139 1929 Ῥωμαίων.
1183 1858 1336 1911 Ἐπεὶ
1351 1855 1442 1912 οὖν
1467 1833 1763 1929 χρημάτων

1875 1853 2025 1907 ribus
2054 1869 2081 1906 a
2110 1854 2329 1910 seniore
2361 1856 2414 1909 in
2442 1854 2734 1909 Thraciam
2761 1856 2943 1910 missis
2964 1871 3061 1925 per
3084 1856 3193 1909 vim
3219 1855 3445 1926 eripuit.

172 1952 327 2021 αὐτῷ
380 1952 489 2004 ἔδει
527 1953 683 2021 *πρὸς
734 1951 1011 2013 τοιούτους
1064 1949 1285 2017 ἀγῶνας
1332 1952 1485 2017 ίόντι,
1541 1952 1766 2021 πέμψας

172 2016 365 2112 ἀφεέλε
426 2016 685 2113 χρήματα
753 2042 883 2113 παρ’
940 2016 1185 2098 ἀκόντων
1215 2042 1322 2096 τῶν
1371 2046 1431 2096 ἐν
1477 2046 1542 2113 τῇ
1576 2016 1765 2115 Θράκῃ

171 2135 540 2205 πεμφθέντων
574 2134 710 2205 πρὸς
747 2133 843 2187 τοῦ
881 2133 1114 2205 γηραιοῦ
1168 2136 1436 2204 βασιλέως
1470 2134 1765 2202 ὲξισωτῶν,

171 2232 355 2296 φήσας
412 2227 472 2290 ἐς
517 2227 828 2295 τάναγκαῖα
901 2224 1127 2296 χρῄζειν
1181 2225 1378 2280 αὐτόν·
1437 2225 1686 2296 βασιλέα⁹
1718 2227 1765 2281 δ’

171 2318 313 2373 εἶναι
347 2320 444 2372 καὶ
484 2319 648 2373 αὐτόν
670 2334 684 2349 °
721 2318 931 2389 βασιλεί
967 2318 1013 2370 δ’
1039 2321 1105 2372 ὲκ
1138 2319 1250 2371 τῶν
1301 2319 1495 2372 κοινῶν
1529 2320 1759 2391 χρημά-

169 2431 278 2466 των
339 2414 443 2476 τὰς
509 2412 814 2481 ἀναγκαίας
878 2412 1305 2480 ἀποπιμπλάναι
1364 2413 1578 2483 χρείας,
1649 2411 1760 2467 τῶν

170 2506 362 2575 σφόδρ’
396 2505 851 2571 ἀναγκαιοτάτων
883 2504 1018 2574 ὁμοῦ
1060 2505 1153 2557 καὶ
1186 2505 1547 2559 δικαιοτάτων
1594 2500 1757 2560 εἶναι.

172 2601 415 2651 Ἔπειτα
457 2598 663 2666 σκῆψιν
684 2596 1115 2669 προϐαλόμενος,
1143 2597 1430 2667 βούλεσθαι
1466 2598 1761 2668 πρεσϐείαν

176 2693 398 2761 πέμψαι
457 2695 518 2755 ἐς
562 2692 653 2744 τὸν
713 2695 811 2761 τῆς
871 2693 1152 2768 Αἰγύπτου
1184 2690 1580 2744 δυναστεύοντα
1632 2691 1761 2760 περί

173 2803 336 2837 τινων
379 2783 720 2854 ζητημάτων
767 2784 863 2837 καὶ
912 2783 1212 2855 χρειωδῶν,
1265 2783 1564 2854 ἐπορεύετο
1625 2785 1762 2850 πρὸς

167 2880 269 2948 τὴν
322 2876 743 2945 βασιλεύουσαν.
804 2876 1039 2930 suum
1092 2876 1202 2943 γὰρ
1249 2873 1500 2927 ἐντεῦθεν
1559 2874 1761 2928 ὁλκάδα

171 2971 447 3039 μεγίστην
488 2969 710 3021 ἐκπλεῖν
744 2970 842 3021 καὶ
873 2971 929 3030 ἐς
968 2968 1379 3037 ’Δλεξάνδρειαν
1405 2968 1506 3037 τὴν
1534 2968 1760 3037 πορείαν

172 3061 473 3115 ποιεῖςθαι.
511 3060 598 3129 [Ρ.
624 3059 752 3131 240]
798 3042 1121 3129 Ἑπορεύετο
1146 3060 1189 3111 δ’
1235 3060 1331 3129 οὐχ
1379 3059 1582 3123 ἁπλῶς,
1624 3059 1759 3128 ἀλλὰ

1870 1942 1984 1997 Sibi
2018 1945 2165 1998 enim
2199 1946 2263 1999 ad
2300 1947 2638 2001 necessarios
2668 1955 2921 2016 sumptus
2947 1962 3086 2016 opus
3124 1962 3245 2001 esse
3282 1962 3449 2017 pecn—

1870 2034 1961 2088 nia
1996 2050 2011 2087 :
2053 2035 2441 2104 imperatorem
2474 2051 2533 2091 se
2568 2052 2790 2107 quoque
2821 2052 2942 2092 esse
2980 2055 2992 2089 :
3022 2052 3234 2092 summe
3261 2046 3445 2091 autem

1868 2130 2240 2183 necessarium
2286 2138 2451 2200 atque
2496 2131 2870 2200 aequissimum
2913 2146 3055 2194 esse,
3109 2140 3167 2186 ut
3213 2133 3447 2202 publicae

1869 2222 2115 2292 pecuniae
2135 2222 2188 2276 in
2216 2239 2347 2277 usus
2364 2226 2709 2279 necessarios
2741 2224 3212 2295 impenderentur.
3239 2226 3448 2281 Deinde

1867 2312 2074 2384 legatos
2132 2315 2522 2371 Alexandriam
2556 2316 2625 2371 ad
2671 2315 2887 2387 Egypti
2942 2320 3243 2388 principem
3280 2318 3447 2375 certis

1866 2407 1935 2461 de
1970 2408 2155 2463 causis
2184 2410 2482 2464 missurum
2511 2424 2568 2464 se
2603 2409 2877 2464 simulans
2919 2408 3242 2482 Byzantium
3281 2412 3446 2481 proﬂ-

1867 2502 2135 2556 ciscitur:
2169 2502 2296 2557 inde
2338 2502 2485 2558 enim
2521 2503 2832 2557 onerariam
2876 2505 3167 2559 maximam
3207 2522 3237 2560 e
3283 2519 3444 2576 portu

1866 2597 2193 2656 soluturam.
2259 2610 2380 2665 qum
2435 2597 2821 2651 Alexandriam
2889 2599 3013 2653 iret.
3066 2597 3253 2669 Neque
3316 2614 3446 2651 vero

1867 2686 2194 2754 simpliciter
2221 2684 2696 2755 proﬁciscebatur,
2740 2685 2836 2741 sed
2872 2701 3066 2756 magna
3113 2701 3274 2739 manu
3330 2686 3446 2739 col-

1866 2779 2007 2833 lecta
2041 2777 2209 2846 prius,
2245 2777 2495 2832 Thraciis
2532 2778 2762 2832 urbibus
2794 2778 3062 2832 universis
3101 2775 3448 2846 perlustratis

1864 2888 1928 2926 ac
1951 2871 2056 2926 sibi
2088 2870 2431 2942 conciliatis;
2477 2886 2602 2923 cum
2639 2879 2695 2923 et
2726 2884 2821 2924 eas
2874 2869 3221 2934 munivisset,
3265 2878 3320 2922 et
3353 2882 3448 2921 su-

1865 2976 2082 3035 spectos
2112 2979 2306 3019 omnes
2346 2963 2506 3033 393
2536 2963 2685 3017 illinc
2718 2963 3021 3031 exegisset;
3061 2963 3308 3016 homines
3348 2976 3448 3014 au-

1865 3067 1975 3112 tem
2021 3058 2122 3111 sibi
2162 3056 2410 3110 addictos
2451 3064 2507 3108 et
2540 3069 2727 3108 secum
2767 3054 3147 3122 conspirantes
3196 3052 3449 3107 intromi-

169 3157 331 3224 χεῖρα
362 3155 565 3223 συχνὴν
614 3151 1011 3221 συλλεξάμενος
1050 3155 1316 3222 πρότερον
1358 3153 1451 3204 καὶ
1486 3153 1584 3214 τὰς
1623 3150 1765 3222 Θρα-
1790 3135 1835 3192 (ἶ
1867 3150 2050 3202 sisset.

167 3255 333 3315 κικὲις
360 3252 546 3314 πόλεις
585 3250 818 3320 περιιὼν
850 3250 1069 3310 ἁπάσας
1121 3252 1217 3301 καὶ
1259 3248 1632 3318 οίκειούμενος
1666 3247 1760 3301 καὶ
1790 3243 2222 3314 ἀσφαλιζόμενος
2253 3242 2345 3295 καὶ
2410 3241 2622 3305 πάντας
2655 3240 2755 3311 μὲν
2815 3241 3094 3304 ὑπόπτους
3163 3240 3447 3307 ὲξοικέζων

166 3344 404 3406 ἐκεῖθεν,
442 3341 650 3402 πάντας
683 3340 730 3392 δ’
766 3338 1002 3401 οἰκείους
1056 3340 1152 3390 καὶ
1193 3338 1588 3408 ὁμογνώμονας
1645 3339 1956 3404 εἰσοικίζων
1980 3338 2183 3391 ἐκεῖσε.

239 3436 319 3489 Ε’.
361 3435 504 3487 Ἀλλ’
546 3438 606 3487 ἐν
660 3434 874 3496 τούτοις
932 3432 1085 3495 ὄντος
1128 3431 1294 3486 αὐτοῦ
1323 3432 1501 3504 λάθρα
1535 3449 1621 3496 τις
1650 3432 1759 3485 τῶν

167 3529 527 3584 οἰκειοτάτων
576 3526 743 3581 αὑτοῦ
800 3525 990 3596 φυγὼν
1029 3525 1154 3596 ἥκει
1191 3527 1344 3596 παρὰ
1396 3527 1487 3579 τὸν
1532 3524 1759 3595 βασιλέα

166 3624 266 3676 καὶ
305 3625 535 3675 πάππον
576 3613 672 3674 καὶ
703 3621 913 3682 πάντας
955 3619 1079 3672 καθ’
1102 3622 1311 3672 ἕκαστα
1338 3619 1448 3672 τῶν
1483 3619 1603 3671 ἐκεῖ
1634 3618 1759 3688 βου-

165 3718 464 3785 λευμάτων
514 3716 642 3777 τοὺς
702 3713 890 3776 δόλους
941 3712 1335 3778 ἀνακαλύπτει,
1384 3711 1454 3764 τά
1500 3728 1561 3764 τε
1618 3710 1755 3765 ἄλλα

168 3811 359 3877 φήσας
392 3808 472 3877 τῷ
508 3806 719 3875 βασιλεῖ
748 3807 843 3859 καὶ
879 3803 1398 3867 ὼςἚσουλεύσαντο
1429 3806 1478 3857 οἱ
1508 3804 1632 3873 περὶ
1660 3803 1750 3855 τὸν

170 3902 267 3953 σὸν
292 3903 522 3966 ἔγγονον
551 3900 645 3951 καὶ
678 3898 962 3950 συνέθεντο
999 3898 1341 3966 καθαίρεσιν,
1376 3896 1409 3965 ἢ
1438 3898 1531 3949 καὶ
1578 3895 1749 3963 αὐτῆς

166 3992 270 4060 τῆς
312 3996 414 4062 σῆς
450 3992 615 4061 ζωῆς,
650 3993 703 4044 εί
746 4008 829 4053 τις
881 3992 1198 4053 ἀντίστασις
1230 3992 1444 4058 γένοιτο
1466 4006 1480 4021 ·
1508 3989 1541 4059 ἢ
1569 3989 1617 4041 εί
1654 3993 1751 4060 ρᾳο

165 4084 286 4137 δίαν
318 4086 414 4136 καὶ
460 4084 626 4155 μηδὲν
656 4083 906 4154 ἐμποδὼν
939 4085 1290 4154 κεκτημένην
1319 4083 1473 4153 εὕροι
1522 4084 1583 4135 τὸ
1629 4083 1753 4153 βού-

167 4175 354 4245 λευμα
383 4176 483 4247 τὴν
513 4178 651 4241 ὁδὸν,
680 4176 979 4244 ἀφελέσθαι
1032 4176 1132 4246 μέν
1163 4194 1257 4228 σου
1311 4178 1449 4245 μετὰ
1474 4176 1570 4245 τῆς
1600 4175 1752 4245 βασι-

168 4268 323 4329 λείας
360 4270 458 4320 καὶ
496 4270 563 4322 τὰ
606 4269 707 4338 τῆς
741 4270 992 4333 ἐξουσίας
1043 4269 1323 4339 σύμϐολα·
1375 4270 1457 4321 σοὶ
1491 4270 1547 4321 δὲ
1585 4271 1753 4337 ῥάκος

175 4359 473 4430 ponii-.va
505 4359 820 4428 περιθέντες
872 4362 1131 4429 φρουροῖς
1160 4378 1229 4410 7:1
1242 4359 1501 4428 ραδοῦναι
1527 4363 1626 4411 καὶ
1653 4375 1754 4425 φυ-

1936 3430 2002 3485 V.
2044 3428 2149 3485 Sed
2182 3429 2313 3484 dum
2344 3428 2461 3484 haec
2492 3428 2683 3499 agitat,
2723 3428 2946 3498 quidam
2976 3443 3045 3485 ex
3087 3428 3208 3500 ejus
3237 3427 3448 3484 intimis

1863 3520 2004 3576 clam
2033 3520 2160 3590 fuga
2189 3520 2412 3588 elapsus
2440 3533 2605 3572 avum
2645 3518 3034 3588 imperatorem
3080 3520 3359 3586 convenit,
3390 3530 3449 3576 εἰ

1860 3632 2055 3671 omnes
2090 3615 2404 3686 singulatim
2440 3615 2801 3671 consiliorum
2850 3615 3069 3671 illorum
3112 3616 3269 3671 dolos
3295 3617 3450 3673 dete-

1857 3708 1956 3778 git,
1989 3722 2114 3760 cum
2139 3714 2339 3760 caztera
2385 3705 2657 3771 elocutus,
2691 3714 2807 3759 tum
2839 3706 2973 3761 illud
3018 3708 3204 3775 etiam,
3248 3716 3311 3763 ut
3354 3723 3450 3763 ue-

1860 3814 1960 3868 pos
1984 3798 2264 3852 statuisset
2296 3797 2348 3853 ei
2378 3797 2462 3852 vel
2497 3796 2664 3851 vitam
2719 3797 2889 3867 ipsam
2937 3799 3177 3868 eripere,
3211 3799 3259 3853 si
3303 3799 3448 3854 resi-

1864 3900 2124 3954 steretur,
2155 3891 2238 3944 vel
2272 3890 2317 3944 si
2357 3891 2638 3961 negotium
2670 3890 2805 3945 nihil
2840 3889 3173 3947 ditﬁeultatis
3202 3892 3448 3947 facilem-

1865 4002 1973 4057 que
2005 3999 2356 4056 progressum
2405 3984 2654 4049 haberet,
2687 3999 2794 4038 una
2844 3999 2968 4039 cum
3022 3972 3254 4055 imperio
3292 3993 3445 4055 pote-

1868 4080 1995 4136 tatis
2035 4080 2199 4135 etiam
2232 4077 2465 4149 insignia
2504 4077 2557 4131 ei
2601 4077 2891 4146 abrogare,
2916 4086 2972 4132 et
3012 4078 3320 4132 mouastico
3350 4092 3449 4132 cu-

1864 4173 2010 4228 cullo
2062 4170 2316 4225 indutum
2368 4170 2422 4223 in
2469 4168 2777 4224 custodiam
2817 4167 2969 4222 dare.
3014 4186 3033 4219 ι
3066 4166 3271 4236 Quare,
3307 4186 3327 4220 ι
3363 4167 3449 4225 in-

1862 4265 2002 4334 quit,
2050 4282 2067 4312 ι
2119 4262 2450 4327 cavendum,
2488 4276 2554 4315 ne
2600 4261 2692 4316 ille
2718 4260 2939 4315 solitam
2974 4261 3118 4315 viam
3166 4262 3449 4331 ingressus

1862 4359 1917 4414 in
1938 4357 2141 4441 prbem
2170 4355 2358 4411 furtim
2392 4357 2626 4407 introeat
2656 4370 2670 4408 :
2702 4361 2758 4408 et
2782 4368 2879 4408 vos
2909 4362 3127 4422 oportet
3152 4370 3262 4408 non
3293 4355 3447 4424 pigre

170 4454 397 4513 Αακαῖς.
448 4451 762 4518 Σκέψασθαι
814 4454 993 4504 τοίνυν
1045 4452 1241 4521 χρεὼν,
1282 4452 1410 4521 μήτ’
1433 4453 1643 4504 ἐκεῖνον
1687 4454 1753 4521 τῇ

1863 4450 1940 4504 illi
1972 4465 2285 4505 occurrere.
2317 4448 2370 4499 lu
2404 4461 2679 4501 summum
2711 4449 2857 4500 enim
2893 4445 3192 4500 discrimen:
3236 4461 3323 4500 res
3346 4446 3447 4500 ad-

170 4544 399 4614 συνήθει
433 4546 632 4615 πορείᾳ
664 4547 1017 4615 χρησάμενον
1072 4544 1203 4596 εἴσω
1255 4544 1451 4596 πυλῶν
1470 4545 1567 4614 τῆς
1599 4543 1724 4614 βασι

166 4634 745 4704 λευούσηςιγενέσθαι
797 4637 1050 4698 λαθόντα,
1120 4634 1249 4707 μήθ’
1303 4638 1446 4706 ὑμᾶς
1497 4637 1758 4708 ῥᾳθύμως

165 4730 491 4798 διατεθῆναι
534 4728 672 4798 πρὸς
718 4728 816 4798 τὴν
856 4731 1186 4798 ἀπάντησιν.
1220 4730 1355 4797 Περὶ
1378 4728 1487 4799 γάρ
1510 4729 1620 4780 τῶν
1667 4744 1762 4797 με·

166 4825 381 4891 γὶστων
416 4825 466 4875 οί
506 4822 761 4877 κίνδυνοι.
820 4822 1007 4874 Ταῦτα
1051 4825 1304 4891 ἀκηκοὼς
1327 4822 1354 4872 ὁ
1381 4821 1638 4888 βασιλεὺς
1668 4822 1762 4874 καὶ

166 4914 251 4980 οἷς
308 4915 536 4968 ἔναυλον
598 4914 699 4985 Ιἤδη
748 4915 845 4984 τὴν
893 4913 1060 4982 ἀκοὴν
1105 4915 1165 4977 ἐξ
1213 4913 1385 4966 ἄλλων
1412 4910 1524 4983 εἶχε
1549 4913 1757 4966 πολλῶν

167 5007 505 5079 παράλληλα
534 5006 648 5068 θεὶς
673 5008 765 5058 καὶ
793 5006 1249 5076 ἀκριϐωτάμενος
1286 5008 1375 5058 καὶ
1414 5008 1586 5074 μηδὲν
1617 5003 1758 5060 εἶναι

164 5100 370 5167 ψευδὲς
394 5096 648 5167 εὑρηκὼς
692 5095 1035 5149 δανίσταται
1070 5097 1163 5147 καὶ
1205 5096 1400 5156 αὐτός’
1429 5098 1524 5148 καὶ
1557 5096 1759 5166 βοήσας

165 5192 315 5258 πρὸς
346 5189 572 5257 Κύριον,
631 5186 704 5248 ὡς
738 5205 755 5237 ι
782 5187 1037 5251 Δίκασον,
1073 5187 1263 5254 Κύριε,
1293 5188 1418 5251 τοὺς
1442 5189 1759 5252 ἀδικοῦντάς

174 5303 245 5355 με
267 5303 282 5317 ο
318 5284 415 5335 καὶ
448 5283 498 5331 οἱ
546 5280 971 5348 ὲπανιστάμενοί
1020 5298 1108 5348 μοι
1149 5281 1599 5350 αἰσχυνοήτωσαν
1624 5297 1638 5311 ο
1668 5284 1759 5333 καὶ

164 5377 536 5427 ἐπανάσωσον
582 5371 706 5439 ἐμοὶ
756 5370 815 5421 τὸ
878 5369 1150 5439 βασίλειον
1217 5371 1439 5441 κράτος,
1493 5371 1519 5421 ὃ
1548 5372 1610 5422 σὺ
1658 5371 1758 5440 μὲν

1862 4544 2041 4597 ductae
2066 4552 2215 4596 sunt.
2264 4559 2282 4591 ι
2328 4539 2426 4596 His
2461 4540 2762 4609 imperator
2791 4538 2995 4593 auditis
3040 4545 3096 4592 et
3135 4538 3201 4592 ad
3229 4554 3293 4592 ea
3323 4553 3448 4607 quae

1858 4647 1922 4686 ex
1964 4632 2086 4685 aliis
2132 4631 2402 4693 audierat,
2441 4644 2603 4684 aures
2635 4628 2817 4682 adhuc
2852 4629 3019 4682 veluti
3068 4631 3443 4698 personantia,

1858 4721 2158 4775 collatiset
2188 4718 2469 4788 expensis,
2502 4733 2625 4772 eum
2658 4718 2791 4770 nihil
2820 4716 2943 4771 falsi
2980 4734 3103 4772 esse
3136 4719 3444 4788 comperis-

1859 4823 1962 4877 set,
1999 4814 2234 4880 insurgit
2259 4820 2313 4865 et
2345 4812 2461 4881 ipse
2510 4822 2675 4880 atque
2702 4812 2768 4864 ad
2800 4810 3088 4864 Dominum
3114 4812 3440 4866 clamitans:

1870 4905 2284 4976 ι1υόίεαθοε,
2329 4904 2555 4956 Domine
2586 4944 2598 4966 ,
2666 4903 2881 4971 inquit.
2946 4904 3039 4972 qui
3096 4902 3294 4972 injuiiu
3358 4918 3445 4957 me

1867 5000 2149 5051 alliciunt:
2182 5006 2237 5051 et
2263 4998 2353 5066 qui
2386 5007 2577 5051 contra
2612 5012 2696 5049 me
2736 5000 3045 5064 insurgunt,
3079 4997 3444 5058 erubescant:

1860 5104 1916 5146 et
1956 5092 2369 5159 imperatoriam
2409 5089 2542 5142 mihi
2581 5099 2908 5157 potestatem
2950 5105 3236 5151 conserva,
3278 5104 3442 5157 quam

1860 5184 1960 5238 abs
2001 5192 2050 5235 te
2085 5183 2341 5235 donatam
2392 5180 2439 5236 is
2470 5194 2718 5249 ereptum
2778 5182 2926 5234 venit
2977 5182 3228 5234 manibus
3284 5184 3443 5246 meis,

1842 5272 2021 5346 quem
2072 5290 2170 5344 ego
2197 5274 2362 5343 genui
2391 5282 2449 5328 et
2499 5273 2655 5329 evcxi
2698 5274 2736 5330 ¹.
2780 5292 2797 5325 ι
2845 5273 3052 5327 Deinde
3103 5272 3169 5326 ad
3208 5288 3320 5327 rem
3358 5287 3443 5341 ge-

1861 5376 2085 5423 rendam
2123 5366 2357 5421 accedit.

163 5468 420 5539 ἑχαρίσω
474 5482 586 5533 μοι,
638 5466 697 5516 ὃν
726 5463 769 5515 δ’
802 5463 914 5530 ἐγὼ
954 5463 1260 5535 γεγέννηκά
1306 5470 1400 5516 καὶ
1440 5464 1651 5533 ὓψωτα,
1686 5468 1750 5517 ὲκ
1791 5465 1897 5517 τῶν
1933 5464 2082 5533 ἐμῶν
2148 5462 2389 5531 ἁρπάζει
2431 5461 2649 5532 χειρῶν.
2680 5481 2698 5513 ι
2740 5456 2864 5513 Εἶτα
2902 5461 3039 5531 πρὸς
3108 5460 3267 5528 ἔργον
3310 5458 3441 5527 ἐχώι

206 5578 277 5613 ει.

206 5579 277 5613 ει.

162 5579 201 5631 ρ
244 5656 339 5720 ς’.
372 5654 484 5706 Καὶ
505 5649 695 5723 πρῶτα
722 5649 821 5719 μὲν
846 5649 903 5711 ἐς
934 5648 1027 5702 τὸν
1059 5647 1281 5716 ἔγγονον
1308 5649 1387 5700 ἔτι
1419 5650 1546 5720 περὶ
1577 5651 1747 5721 μέσην

248 5818 261 5845 ¹
303 5812 450 5866 l’sal.
478 5824 661 5873 xzxrv,
708 5809 731 5861 1
766 5825 778 5871 ;
820 5807 957 5861 Psal.
989 5825 1143 5875 cvm,
1174 5809 1245 5864 '28
1270 5826 1283 5873 ;
1312 5806 1417 5865 lsa.
1445 5826 1484 5874 ι,
1514 5810 1567 5865 2.

1931 5650 2017 5705 Vl.-
2058 5649 2133 5704 Ac
2180 5649 2419 5719 primum
2474 5646 2539 5702 ad
2593 5657 2844 5716 nepotem
2903 5648 2955 5699 iu
3014 5643 3194 5700 medio
3245 5645 3441 5700 itinere
