4248 6442
796 390 899 461 5‘19
1080 385 1158 457 [Α.
1202 384 1428 439 11.6791
1475 398 1541 436 an
1586 380 1750 453 6856)

2006 384 2431 445 NICEPHORI
2470 384 2858 447 GREGORxE

3109 377 3243 449 Ῐιιιι».
3282 392 3561 433 Αιωεοκισ.
3604 374 3751 449 scrc]

3954 379 4060 445 580

788 502 975 557 adhuc
1010 511 1260 571 agentem
1292 499 1485 562 mittit,
1521 498 1613 568 qui
1646 498 1696 551 ei
1727 496 1877 552 urbis
1906 496 2159 567 ingressu
2208 495 2381 550 inter-
2409 498 2451 557 Δ

2483 497 2614 552 ὅντα
2643 498 2746 568 τὴν
2777 495 3007 567 πορείαν
3040 495 3252 566 πέμπει
3297 494 3424 557 τοὺς
3456 491 3939 565 ἀπαγορεύσοντας
3965 493 4065 560 τὴν

790 593 995 647 dicant.
1018 612 1034 643 ι
1062 592 1300 653 Etenim,
1321 591 1519 660 inquit,
1541 605 1737 644 novum
1756 588 1808 643 id
1825 589 2049 653 csset,si
2070 597 2176 642 tam
2193 595 2381 659 aperte

798 683 1141 754 fmdifragus,
1193 699 1364 751 eaque
1405 683 1607 751 quibus
1642 681 1943 750 respublica
1987 680 2151 751 394
2200 682 2383 748 pereat

796 793 965 847 agens
1010 787 1067 831 et
1104 776 1356 839 moliens,
1384 776 1553 828 latere
1584 781 1813 829 conatus
1848 787 1975 827 suos
2004 773 2325 842 postularet.
2358 790 2375 824 ι

797 871 934 925 Erat
964 880 1145 923 autem
1180 868 1269 931 iis,
1295 869 1386 938 qui
1418 868 1484 922 ad
1520 868 1671 921 illum
1704 865 1859 921 missi
1892 866 2125 927 iveraut,
2156 868 2381 916 manda-

794 971 933 1024 tum,
966 971 1027 1014 ut
1055 960 1392 1029 eoarguendi
1445 961 1564 1029 ejus
1599 958 1763 1011 animi
1812 971 1975 1011 causa
2028 964 2380 1009 recenserem

795 1052 938 1122 apud
970 1067 1120 1111 cum.
1161 1061 1295 1123 quot
1322 1052 1639 1103 occasiones
1668 1048 1816 1118 pacis
1847 1049 2027 1103 denuo
2055 1045 2376 1115 rumpenda:

795 1143 1140 1212 przebuisset,
1174 1151 1234 1195 ut
1265 1154 1318 1195 et
1352 1141 1508 1194 irrita
1539 1139 1734 1195 tierent
1786 1156 1870 1203 ea,
1904 1139 1971 1192 de
2004 1138 2206 1206 quibus
2248 1152 2379 1190 cun-

796 1245 1043 1297 venerat,
1072 1242 1126 1287 et
1156 1233 1558 1287 oﬂ‘ensiouibus
1588 1233 1739 1285 locus
1766 1241 1934 1285 esset.
1960 1229 2160 1282 Eorum
2193 1238 2377 1283 autem

803 1342 923 1395 qua:
950 1325 1379 1379 recensebantur
1397 1339 1607 1376 summa
1644 1323 1757 1376 haec
1774 1332 1912 1376 erat.
1942 1322 2208 1385 Primum,
2232 1320 2377 1390 quod

796 1416 1168 1486 imperatoriis
1201 1414 1569 1484 quaestoribus
1614 1414 1872 1467 omnibus
1931 1412 2218 1482 pecuniam
2272 1413 2376 1467 eri-

797 1507 1027 1575 puiSset,
1084 1506 1240 1573 cujus
1284 1519 1574 1571 nunquam
1629 1503 1801 1572 major
1857 1500 2087 1571 penuria
2154 1502 2373 1560 fuisset,

798 1613 923 1651 cum
948 1613 1009 1650 ea
1042 1606 1231 1650 essent
1260 1605 1526 1663 tempora,
1561 1610 1681 1661 quae
1701 1595 1768 1648 ob
1799 1593 2124 1647 divisionem
2161 1592 2375 1661 imperii

799 1698 1048 1755 sumptus
1098 1686 1367 1740 maximos
1396 1686 1756 1754 postularent.
1793 1684 2062 1744 Alterura,
2098 1683 2243 1753 quod
2283 1699 2377 1735 nr-

801 1780 965 1833 bibus
994 1780 1314 1847 pra-positos
1343 1782 1409 1831 ab
1454 1794 1556 1831 avo
1604 1777 1862 1846 praesides
1896 1793 1958 1831 ac
1992 1787 2376 1845 procuratores

2484 591 2621 659 πρὸς
2674 592 2736 644 τὸ
2792 590 3083 654 Βυζάντιον
3122 589 3348 644 εἴσοδον.
3406 589 3788 656 «Καινότερον
3845 584 3957 653 γὰρ
3998 583 4066 637 ἂν

2483 680 2593 748 εἴη,
2624 699 2644 733 ι
2686 683 2841 749 φησὶ,
2877 699 2896 731 ι
2925 681 3015 733 τὸν
3066 679 3610 748 άνακεκαλυμμένως
3645 675 3851 729 οὑτωσὶ
3885 691 4066 741 παρα·

2485 773 2813 827 σπονδοῦντα
2872 774 2967 826 καὶ
3014 769 3096 835 οἷς
3151 772 3217 825 ἂν
3279 772 3349 824 τὰ
3410 770 3567 823 κοινὰ
3621 767 3856 838 φθαρείη
3889 765 4064 819 ταῦτα

2484 863 2795 934 πράττοντά
2863 880 2919 915 τε
2996 861 3092 915 καὶ
3144 858 3699 928 κατασκευαζόμενον
3771 853 4066 907 λανθάνειν

2482 954 2735 1017 ἀξιοῦν.»
2774 948 2884 1005 Ἦν
2939 953 2998 1005 δὲ
3045 954 3157 1013 τοῖς
3203 948 3502 1020 πεμφθεῖσι
3560 948 4064 1014 προστεταγμένον,

2480 1043 2772 1110 διεξελθεῖν
2797 1044 2884 1097 ἐπ’
2915 1042 3083 1098 αὐτοῦ
3139 1042 3275 1111 πρὸς
3314 1040 3547 1109 ἔλεγχον
3576 1036 3938 1107 τῆςγνώμης
3970 1038 4068 1088 αὐ-

2479 1133 2595 1197 τοῦ,
2636 1133 2731 1185 καὶ
2771 1133 2896 1184 ὅσαι
2948 1130 3251 1200 προφάσεις
3307 1130 3555 1196 ἐγένοντο
3582 1126 3716 1195 παρ’
3748 1124 3939 1187 αὑτοῦ,
3970 1122 4067 1177 τοῦ

2480 1238 2539 1274 τε
2597 1222 2697 1287 τὴν
2747 1221 2973 1291 εἰρήνην
3005 1219 3160 1281 αὖθις
3194 1220 3292 1272 καὶ
3328 1219 3429 1280 τάς
3472 1217 3744 1285 συνθήκας
3804 1214 4069 1266 λελύσθαι

2483 1313 2574 1364 καὶ
2604 1311 2792 1381 χώραν
2819 1312 2887 1364 τά
2938 1310 3215 1363 σκάνδαλα
3275 1312 3446 1378 σχεῖν.
3470 1303 3655 1360 Ἶισαν
3694 1307 3739 1359 δ’
3768 1306 3844 1368 ὡς
3880 1307 3938 1356 ὲν
3968 1320 4067 1367 κετ

2482 1404 2701 1474 φαλαίῳ
2732 1406 2909 1456 εἰπεῖν
2953 1402 3066 1457 αἵδε
3089 1418 3104 1435 ο
3137 1402 3237 1472 μία
3265 1402 3390 1475 μὲν,
3428 1401 3510 1452 ὅτι
3536 1400 3655 1452 ὅσοι
3687 1399 3811 1460 τοὺς
3845 1396 4068 1466 βασιλιο

2480 1495 2613 1557 κοὺς
2649 1496 2849 1565 φόρους
2880 1493 3349 1564 δασμολογοῦντες
3375 1488 3518 1561 ἦσαν
3555 1491 3808 1551 ἅπαντας
3861 1487 4067 1540 συλλα-

2479 1586 2589 1638 ϐὼν
2606 1589 2794 1656 ἀφεῖλε
2818 1588 2888 1641 τά
2909 1589 3012 1658 χρή
3022 1605 3187 1657 ματα,
3212 1589 3602 1654 σπανιωτέρων
3628 1587 3727 1655 μὲν
3748 1586 3907 1653 εἴπερ
3934 1581 4071 1635 ποτε

2477 1675 2573 1729 νῦν
2588 1678 2696 1730 τῶν
2716 1694 2821 1748 χρη
2831 1678 3034 1744 μάτων,
3056 1678 3594 1746 πολυδαπανωτέρων
3606 1675 3659 1727 δὲ
3677 1675 3781 1727 τῶν
3805 1675 4072 1742 πραγμά-

2479 1783 2588 1819 των
2604 1766 2773 1819 δντων
2814 1766 2901 1817 διὰ
2934 1766 3026 1817 τὸν
3052 1765 3150 1833 τῆς
3180 1764 3453 1835 βασιλείας
3508 1764 3793 1832 μερισμόν.
3821 1762 4074 1831 Δευτέρα

799 1872 891 1926 ille
948 1871 1242 1939 ignominia
1292 1870 1521 1925 affectos
1569 1871 1814 1939 ejiceret,
1865 1880 2027 1939 atque
2071 1868 2126 1923 in
2183 1882 2376 1923 eorum
2410 1840 2452 1906 ⁸

2482 1858 2563 1925 δὲ,
2593 1859 2676 1912 δτι
2708 1859 2837 1921 τοὺς
2883 1859 3279 1926 πεμπομένους
3310 1856 3545 1925 ἐφόρους
3579 1855 3685 1907 τῶν
3728 1854 3941 1907 πόλεων
3975 1858 4072 1907 καὶ

801 1960 977 2014 locum
1016 1974 1380 2029 quoscunque
1435 1961 1482 2013 ei
1541 1960 1754 2015 libitum
1790 1971 1936 2014 esset
1990 1958 2374 2014 substitueret.

800 2050 1071 2115 Tertium,
1100 2052 1246 2121 quod
1278 2050 1600 2113 Cralaenam.
1650 2052 1871 2105 amitam
1904 2066 2056 2106 suam
2094 2060 2151 2105 et
2194 2066 2381 2105 mona-

801 2145 940 2198 stico
973 2144 1471 2213 indutambabitu,
1494 2144 1881 2212 indignantem
1925 2152 1981 2197 et
2012 2143 2376 2197 reluctantem

801 2237 867 2290 ad
924 2237 1193 2291 incestum
1240 2237 1445 2291 coitum
1499 2236 1876 2306 compulisset.
1933 2234 2285 2292 Accedebant
2327 2243 2380 2288 et

800 2326 922 2380 alia:
949 2341 1146 2389 causae,
1176 2335 1401 2396 prepter
1428 2341 1566 2395 quas
1593 2328 1642 2381 ei
1679 2325 1835 2380 urbis
1863 2326 2112 2396 ingressu
2148 2325 2378 2381 interdi-

802 2426 1025 2470 ceretur
1083 2435 1096 2471 :
1164 2416 1410 2486 plurima:
1482 2417 1587 2471 illa:
1658 2417 1899 2486 quidem,
1963 2417 2056 2472 scd
2143 2433 2252 2472 non
2304 2419 2378 2473 ita

802 2505 993 2562 lirmte.

877 2775 993 2832 VII.
1035 2775 1240 2832 Deinde
1266 2776 1623 2831 clandestinis
1654 2777 1856 2831 litteris
1884 2778 1951 2832 ad
1996 2778 2210 2835 Cralem
2256 2781 2385 2836 Ser-

806 2871 905 2924 iiaa
937 2868 1123 2923 missis
1159 2869 1423 2923 auxilium
1464 2869 1533 2923 ab
1559 2885 1625 2925 eo
1659 2871 1815 2939 petit.
1846 2869 2052 2925 Scribit
2085 2882 2139 2926 et
2170 2873 2237 2927 ad
2284 2874 2386 2928 De-

808 2964 1065 3017 metrium
1104 2962 1388 3030 despotam
1421 2962 1589 3015 lilium
1639 2978 1824 3027 suum,
1866 2963 1957 3032 qui
2001 2973 2114 3017 tum
2147 2964 2386 3019 Thessa-

808 3055 1002 3109 lonicae
1040 3065 1096 3107 et
1151 3055 1518 3120 adjacentium
1580 3056 1824 3109 locorum
1877 3071 2067 3109 curam
2124 3057 2321 3126 agebat
2368 3076 2382 3112 :

808 3148 968 3216 eique
1001 3147 1241 3209 mandat,
1273 3156 1330 3199 ut
1358 3146 1498 3199 duos
1552 3146 1739 3200 fratris
1775 3148 1937 3212 ﬁlios,
1969 3150 2062 3218 qui
2110 3148 2377 3219 Bellegra-
2410 3183 2452 3241 ο

808 3240 895 3293 dis
936 3249 992 3291 et
1036 3238 1258 3307 reliqua:
1294 3239 1624 3294 Macedoniae
1670 3253 1960 3309 pra-erant,
2006 3243 2380 3297 Andronicum

809 3331 1291 3400 protovestiarium
1340 3340 1398 3385 et
1446 3332 1761 3386 Michaelem
1817 3337 2051 3387 Asanem
2112 3335 2385 3405 simulque

809 3421 1189 3476 Macedonicas
1241 3423 1483 3493 legiones
1544 3440 1729 3479 secum
1787 3426 1949 3497 395
2000 3428 2269 3495 adducat;
2322 3445 2385 3484 ac

810 3514 1045 3581 primum
1073 3513 1295 3581 quidem
1338 3514 1713 3570 Macedonicas
1745 3520 1908 3572 urbes
1942 3518 2157 3575 idoneis
2194 3523 2385 3590 [mesi-

809 3604 914 3658 diis
941 3603 1172 3667 muniat,
1205 3613 1260 3658 et
1296 3619 1391 3657 eos
1429 3621 1642 3669 omnes,
1678 3609 1772 3676 qui
1814 3624 2037 3678 quoquo
2081 3611 2247 3666 modo
2287 3628 2381 3666 su-

810 3696 980 3765 specti
1039 3697 1170 3759 sint,
1209 3709 1492 3751 removeat
1541 3715 1554 3750 :
1608 3699 1808 3755 deinde
1844 3717 1969 3755 cum
2027 3704 2384 3760 auxiliaribus

808 3787 1005 3856 copiis,
1049 3802 1186 3855 quas
1239 3786 1428 3842 Crales
1491 3790 1697 3845 Servite
1756 3793 2025 3846 missurus
2077 3795 2168 3861 sit,
2209 3797 2385 3863 primo

812 3894 1035 3949 quoque
1100 3889 1347 3949 tempore
1408 3893 1597 3937 contra
1660 3885 1936 3952 juniorem
1995 3888 2381 3956 imperatorem

808 3967 1182 4021 Andronicum
1248 3981 1487 4024 moveat.
1538 3972 1811 4027 Caeterum
1863 3974 2084 4040 littcrze,
2140 3994 2275 4047 quas
2315 3980 2382 4032 ad

808 4059 1024 4113 Cralem
1084 4056 1310 4122 Servize,
1365 4063 1431 4116 ad
1471 4064 1775 4133 despotam,
1807 4067 1873 4119 ad
1918 4077 2145 4122 caateros
2171 4086 2383 4137 omnes,

809 4161 1081 4222 quotquot
1134 4154 1487 4223 imperatoris
1542 4157 1761 4226 negotia
1814 4161 1867 4211 in
1906 4161 2207 4228 provinciis
2259 4178 2384 4231 pro-

810 4248 1101 4311 curabant,
1148 4252 1385 4315 scriptas
1419 4265 1540 4304 esse
1575 4250 1834 4315 diximus,
1869 4254 2065 4321 partim
2102 4256 2169 4307 ab
2202 4255 2389 4324 junio-

812 4339 889 4393 ris
915 4340 1260 4410 imperatoris
1310 4340 1581 4395 militibus
1624 4341 1742 4394 vias
1790 4342 2233 4398 custodientibus
2287 4361 2384 4397 ex-

812 4442 984 4499 ceptae
1034 4441 1198 4498 sunt;
1237 4442 1326 4486 ea:
1382 4433 1667 4498 nimirum,
1703 4449 1825 4502 qua:
1858 4434 2064 4489 chartis
2107 4435 2384 4504 inscripta:

2480 1950 2760 2020 διοικητάς
2779 1949 3005 2018 ἀτίμους
3024 1950 3232 2002 ἐκεῖθεν
3254 1945 3530 1999 ὲκῦάλλων
3550 1945 3829 2010 ἐκπέμπει
3843 1958 3857 1972 ·
3881 1943 4071 2009 τίθησι

2479 2039 2527 2092 δ’
2551 2040 2666 2092 ἀντ’
2699 2039 2926 2090 ἐκείνων
2953 2037 3115 2099 αὐτὸς
3151 2035 3393 2106 ἑτέρους,
3422 2034 3513 2096 οῦς
3542 2033 3607 2086 ἂν
3653 2034 3849 2085 ὲθέλοι.
3887 2032 4071 2100 Τρίτῃ

2480 2132 2550 2197 δ’,
2586 2134 2666 2186 ὅτι
2701 2133 2797 2184 καὶ
2827 2134 2928 2200 τὴν
2968 2131 3287 2200 Κράλαιναν
3313 2126 3425 2198 (60)
3469 2131 3677 2196 πατρὸς
3719 2144 3779 2178 τε
3826 2127 4073 2196 ἀδελφὴν

2486 2220 2653 2287 οὖσαν
2678 2224 2769 2277 καὶ
2806 2223 3101 2294 μοναχικδν
3133 2222 3527 2292 περικειμένην
3556 2224 3657 2290 σχῆ
3668 2238 3742 2289 μα
3768 2220 3901 2289 πρὸς
3937 2219 4073 2272 ἄθε-

2489 2334 2629 2387 σμον
2683 2316 2936 2379 ἐϐιάζετο
2985 2315 3157 2385 μίξιν,
3205 2313 3704 2384 δυνανασχετοῦσάν
3733 2329 3791 2363 τε
3828 2314 3925 2364 καὶ
3973 2313 4076 2364 οὐκ

2483 2411 2778 2464 ἐθέλουσαν
2824 2410 3018 2478 αὐτήν.
3044 2404 3228 2460 Ἶῐσαν
3263 2408 3319 2459 δὲ
3355 2409 3490 2478 πρὸς
3511 2406 3738 2466 ταύταις
3763 2409 3853 2457 καὶ
3881 2406 4075 2474 ἕτεραι

2486 2498 2813 2570 προφάσεις,
2841 2495 2907 2550 δι’
2935 2498 2998 2557 ἃς
3030 2496 3411 2565 ἀπηγορεύετο
3440 2496 3471 2564 ἡ
3515 2497 3651 2563 πρὸς
3679 2496 3737 2547 τὸ
3772 2493 4077 2557 Βυζάντιον

2485 2589 2636 2659 αὐτῷ
2671 2588 2897 2653 εἴσοδος,
2951 2585 3204 2639 πλεῖσται
3266 2584 3365 2654 μὲν
3401 2581 3487 2655 [Ρ.
3522 2581 3675 2653 2M],
3705 2584 3764 2634 οὐ
3813 2581 4078 2634 τοσοῦτον

2483 2682 2541 2735 δὲ
2568 2683 2628 2734 τὸ
2662 2680 2878 2752 ἰσχυρὸν
2909 2680 3150 2749 ἔχουσαι.

2561 2776 2636 2832 Ζ’.
2684 2777 2809 2829 Ἐπὶ
2843 2774 3057 2837 τούτοις
3091 2771 3311 2842 γραφὰς
3357 2769 3732 2831 λανθανούσας
3788 2768 4075 2839 ἐξέπεμψε

2488 2872 2624 2938 πρός
2656 2884 2718 2936 γε
2761 2866 2851 2920 τὸν
2899 2858 3122 2935 Κράλην
3172 2862 3405 2932 Σερὸίας
3439 2863 3571 2931 περὶ
3623 2863 3948 2929 συμμαχίας
3983 2862 4080 2916 καὶ

2488 2963 2623 3033 πρὸς
2676 2962 2766 3013 τὸν
2815 2958 3013 3012 ἑαυτοῦ
3062 2958 3177 3010 υἱὸν
3229 2958 3551 3026 Δημήτριον
3611 2957 3703 3008 τὸν
3770 2955 4075 3023 δεσπότην,

2489 3053 2921 3120 ἐπιτροπεύοντα
2978 3047 3283 3119 τηνικαῦτα
3339 3047 3746 3115 Θεσσαλονίκης
3813 3051 3909 3099 καὶ
3963 3048 4077 3098 τῶν

2488 3146 2697 3214 πέριξ,
2767 3142 3327 3213 παρακελευομένας,
3388 3139 3892 3208 συμπαραλαϐόντα
3952 3138 4076 3208 μεθ’

2486 3234 2684 3288 ἑαυτοῦ
2711 3236 2805 3286 καὶ
2848 3237 2972 3296 τοὺς
3009 3233 3102 3285 δύο
3128 3232 3385 3301 ἀνεψιοὺς
3430 3233 3611 3284 ἐκεῖσε
3654 3233 3782 3300 περὶ
3812 3232 3912 3301 τὴν
3952 3235 4075 3285 ἐπιο

2484 3328 2694 3397 τροπὴν
2721 3327 2829 3378 τῶν
2857 3326 3239 3395 Βελλεγρὰδων
3276 3326 3371 3377 κα)¹
3394 3323 3493 3393 τῆς
3529 3324 3696 3393 ἄλλης
3726 3326 4073 3387 Μακεδοκλξας

2487 3421 2792 3490 τηνικαῦτα
2833 3418 3211 3485 διατρίϐοντας
3250 3416 3585 3484 Ἀνδρόνικόν
3615 3431 3672 3469 τε
3703 3417 3793 3469 τὸν
3848 3435 4045 3486 πβρι-,ο

2487 3513 2795 3587 ϐεστιάριον
2818 3514 2912 3564 καὶ
2936 3513 3156 3581 Μιχαὴλ
3178 3511 3269 3563 τὸν
3313 3508 3476 3560 Ἀοὰν
3506 3511 3600 3562 καὶ
3631 3510 3748 3580 ἆμα
3778 3511 3848 3564 τά
3874 3514 4041 3565 Mus
4070 3546 4075 3549 ι

2487 3606 2674 3658 δονικά
2709 3603 3051 3674 στρατόπεδα
3098 3602 3509 3669 ἀσφαλίσασθαι
3570 3603 3670 3670 μὲν
3718 3602 3939 3672 πρῶτον
3976 3605 4074 3668 τὰς

2486 3699 2871 3759 Μακεδονικὰς
2903 3698 3088 3758 πόλεις
3135 3696 3210 3758 ὡς
3262 3694 3430 3760 εἰκὸς,
3463 3697 3526 3747 ἐκ
3554 3697 3722 3765 μέσου
3761 3698 4075 3765 ποιησάμε-

2484 3809 2575 3843 νον
2613 3793 2728 3843 ὅσοι
2773 3791 2873 3843 οὐκ
2926 3788 3031 3853 ἐξω
3082 3789 3177 3841 τοῦ
3233 3789 3641 3842 ὑποπτεύεσθαι
3711 3790 4070 3857 πεφύκασιν·

2487 3883 2658 3936 ἔπειτ’
2694 3882 2901 3935 ἐκεῖθεν
2934 3883 3184 3950 ἄραντας
3209 3880 3302 3944 ξύν
3336 3898 3399 3946 γε
3424 3881 3500 3951 τῷ
3535 3884 3872 3951 συμμαχικῷ
3902 3901 4074 3953 στρα-

2484 3976 2562 4045 τῷ
2586 3975 2663 4045 τῷ
2696 3977 2760 4027 ὲκ
2781 3974 2872 4027 τοῦ
2890 3973 3081 4044 Κράλη
3105 3974 3334 4042 Σερείας
3363 3974 3475 4044 (61)
3505 3974 3757 4044 ἔρχεσθαι
3781 3978 3881 4045 τὴν
3917 3981 4074 4047 ταχί-

2488 4086 2622 4139 στην
2664 4068 2806 4120 κατὰ
2833 4065 2927 4119 τοῦ
2964 4066 3228 4136 βασιλέως
3274 4067 3617 4137 Ἀνδρονίκου
3637 4067 3731 4120 τοῦ
3765 4069 3913 4122 νέου.
3948 4073 4072 4122 Τιυν

2486 4164 2541 4214 δὲ
2573 4159 2890 4227 σταλεισῶν,
2926 4158 2999 4221 ὡς
3044 4160 3273 4228 ἔφημεν,
3299 4161 3525 4230 γραφῶν
3548 4163 3683 4231 πρός
3714 4179 3771 4214 τε
3799 4164 3890 4215 τὸν
3920 4166 4077 4233 Κρὰο

2487 4255 2587 4319 ληδ
2615 4251 2847 4320 Σερδίας
2872 4252 2964 4303 καὶ
2991 4251 3129 4315 πρὸς
3164 4252 3252 4302 τὸν
3291 4249 3560 4320 δεσπότην
3592 4256 3687 4303 καὶ
3718 4256 3853 4322 πρὸς
3874 4255 4073 4318 ἄλλους

2485 4345 2599 4397 ὅσοι
2650 4343 2937 4414 βασιλικὰς
2972 4343 3203 4411 διῴκουν
3236 4345 3540 4412 ἐπιτροπὰς
3596 4346 3652 4395 αἱ
3687 4346 3785 4413 μὲν
3821 4348 4072 4401 ἑάλωσαν

2489 4435 2637 4504 παρὰ
2692 4434 2801 4484 τῶν
2848 4436 2946 4495 τὰς
2984 4434 3135 4494 ὁδους
3175 4435 3564 4503 φρουρούντων
3623 4437 3933 4504 ἀνθρςυτῑων
3973 4439 4070 4491 τοῦ

812 4534 972 4576 erant
1016 4541 1031 4576 :
1070 4525 1267 4592 partim
1312 4524 1378 4577 iis
1402 4523 1647 4592 deceptis
1670 4535 1987 4587 evaserunt,
2017 4536 2072 4579 et
2107 4542 2217 4594 quo
2258 4528 2383 4581 mit—
2413 4522 2452 4577 D

2487 4531 2605 4582 νέου
2670 4528 2957 4598 βασιλέως,
3020 4527 3145 4580 ὅσαι
3195 4529 3287 4580 ἐπὶ
3347 4529 3553 4596 χάρτου
3598 4532 3896 4598 γραφεῖσαι
3953 4532 4067 4598 (62)

815 4614 1070 4667 tebantur
1097 4624 1510 4682 pervenerunt:
1548 4615 1651 4668 illa:
1683 4616 1958 4679 videlicet,
1985 4633 2105 4685 qua:
2139 4619 2286 4671 tenui
2324 4628 2381 4672 et

812 4706 938 4758 albo
965 4705 1131 4760 linteo
1164 4708 1440 4775 inscriptae
1477 4707 1891 4761 tabellariorum
1938 4709 2185 4762 vestibus
2216 4710 2385 4763 soler—

815 4807 900 4851 ter
934 4798 1131 4852 insutze
1160 4798 1402 4854 fuerant.
1438 4798 1574 4853 Nam
1604 4800 1909 4868 imperator
1953 4800 2140 4871 junior
2168 4817 2291 4855 cum
2328 4802 2379 4854 in

808 4890 931 4943 aliis
988 4891 1195 4944 viarum
1242 4891 1534 4962 angustiis,
1582 4900 1697 4946 tum
1740 4892 1795 4945 in
1830 4893 1897 4946 iis
1929 4908 2049 4962 quae
2080 4902 2207 4947 sunt
2236 4896 2382 4964 apud

2488 4620 2820 4688 ἐτύγχανον·
2863 4616 3001 4669 αἰδὲ
3029 4616 3291 4670 λαθοῦσαι
3343 4618 3619 4687 παρῆλθόν
3674 4635 3732 4669 τε
3790 4636 3883 4672 και
3935 4624 4073 4687 πρὶς

2490 4712 2585 4775 οὓς
2619 4712 2986 4782 ἐπέμφθησαν
3039 4713 3320 4777 ἀφίκοντο,
3356 4714 3480 4764 ὅσαι
3513 4714 3608 4765 ἐπὶ
3654 4713 3802 4765 λίνου
3840 4715 4074 4767 λεπτοῦ-

2491 4806 2622 4875 φοῦς
2679 4808 2777 4858 καὶ
2828 4802 3024 4857 λευκοῦ
3062 4808 3366 4874 γραφεῖσαι
3392 4809 3500 4869 τοῖς
3530 4806 3639 4856 τών
3665 4822 4070 4875 γραμματοκο-

2497 4898 2704 4969 μιστῶν
2765 4898 3060 4966 ὲνδύμασιν
3117 4899 3336 4967 εὐφυῶς
3394 4900 3840 4971 συνερῤάφησαν.
3920 4900 4071 4953 Κατὰ

2163 5042 2501 5105 Variorum
2538 5052 2724 5105 nota).

872 5179 982 5253 (60)
1006 5179 1366 5253 Simonidem,
1395 5183 1696 5238 Andronici
1725 5184 1859 5253 imp.
1912 5198 1978 5237 ex
2012 5185 2167 5239 Irene
2217 5186 2384 5242 altera

804 5252 1039 5323 conjuge
1090 5252 1281 5311 ﬁliam.
1335 5269 1456 5323 quae
1490 5270 1614 5307 cum
1656 5256 1721 5308 ad
1771 5252 1954 5309 Irenes
2005 5258 2194 5310 matris
2228 5272 2386 5311 exsc-

806 5322 967 5390 quius
994 5320 1535 5393 Constantinopolim
1563 5327 1829 5385 venisset,
1874 5326 1954 5378 uti
2007 5337 2197 5379 narrat
2243 5325 2384 5381 Gre-

806 5407 991 5459 gorz-s.
1020 5393 1112 5446 lib.
1148 5410 1244 5456 vn,
1306 5409 1425 5463 cap.
1466 5395 1553 5458 50,
1618 5396 1683 5448 ad
1736 5395 2021 5464 cunjugem
2064 5398 2245 5450 redire
2290 5414 2378 5451 re-

807 5474 1021 5536 nueret,
1051 5481 1079 5516 a
1122 5480 1230 5531 quo
1259 5480 1382 5536 enm
1410 5481 1505 5534 per
1541 5466 1747 5536 legatos
1775 5482 1802 5519 a
1832 5477 1983 5534 patre
2012 5476 2375 5534 repeteretur,

807 5531 1103 5605 illaquene
1132 5539 1198 5586 ad
1248 5531 1481 5588 reditum
1525 5531 2242 5605 cogeretur'monacliicum
2280 5539 2374 5590 lia-

808 5600 982 5654 biium
1019 5604 1310 5666 induiSset,
1350 5607 1498 5659 illius
1530 5600 1700 5659 frater
1734 5609 2175 5675 consanguineus
2223 5607 2369 5661 Cun-

805 5675 1084 5747 stantiuus
1122 5675 1349 5742 despota
1386 5680 1627 5731 lacerato
1658 5678 1777 5747 ejus
1805 5680 2025 5731 cucullo
2058 5679 2283 5731 invitam
2319 5688 2373 5731 et

829 5741 1113 5819 ilurantem
1150 5741 1540 5819 adeunjugcm
1567 5741 1868 5803 remiserat.
1905 5748 2050 5801 Idem
2077 5748 2369 5817 Greguras,

824 5811 900 5866 ib.
927 5828 1045 5879 vni,
1084 5829 1205 5885 cap.
1240 5816 1290 5869 1.
1328 5811 1563 5872 Ιὶυιῖλκο.

2568 5188 2682 5258 (61)
2716 5187 2795 5241 Ad
2825 5203 2991 5256 quem
3019 5190 3220 5243 missus
3246 5191 3544 5245 Callinicus
3590 5191 3807 5261 legatus
3858 5195 3929 5248 ab
3957 5198 4071 5250 Au-

2493 5257 2728 5329 drunico
2752 5261 2988 5325 juniorc.
3013 5260 3381 5314 Caulaeuzeu.
3411 5263 3507 5314 lib.
3538 5257 3716 5329 μεῖν.
3742 5267 3796 5317 8.
3829 5265 4065 5321 nunc.

2566 5329 2676 5397 (62)
2715 5328 2859 5404 liuas
2883 5330 3196 5404 chartarum
3227 5333 3438 5399 species
3497 5333 3584 5385 hic
3637 5328 3893 5387 recenset
3932 5337 4067 5390 Gre-

2491 5413 2671 5464 goras,
2706 5397 2933 5474 alteram
2967 5397 3128 5474 quam
3152 5397 3391 5454 chartam
3426 5414 3609 5474 vocat.
3637 5406 3866 5456 alteram
3902 5423 4066 5474 quam

2484 5482 2549 5521 ex
2593 5468 2950 5545 tenuinlinti-o
2978 5469 3278 5545 confectam
3314 5472 3527 5526 scribit.
3566 5475 3755 5526 I’riore
3796 5468 3935 5529 voce
3966 5493 4063 5545 pa-

2487 5554 2690 5618 pyrunt
2714 5537 3087 5618 Egyptiacam
3133 5542 3349 5595 videtur
3383 5546 3636 5605 innuero,
3668 5559 3855 5618 qnam_
3880 5537 4060 5600 (ἓτὲρί

2486 5611 2822 5675 recentiores
2861 5611 3212 5679 ξυλοχάρτιον
3244 5616 3551 5667 vocabant:
3584 5617 3759 5667 altera
3808 5614 4063 5669 chartam

2483 5693 2548 5731 ex
2579 5678 2748 5761 linteo
2774 5678 3055 5767 conceptis
3082 5690 3137 5733 et
3162 5682 3422 5767 contusis
3441 5696 3709 5767 paratam,
3735 5699 3907 5767 quam
3937 5689 4071 5767 χόρ-

2484 5765 2631 5800 τενον
2662 5749 2868 5817 χάρτην
2898 5752 3109 5803 dicunt.
3162 5750 3299 5807 Vide
3356 5752 3530 5810 Gloss.
3564 5756 3703 5809 med.
3739 5749 3968 5813 Crwcii.
4006 5749 4067 5811 in

2482 5818 2570 5872 liis
2606 5820 2852 5873 vocibus.
2893 5821 3123 5876 Ducuc.
