  <div class='ocr_page' id='page_1' title='image "/cluster/home/n/w/nwhite01/storage/ocr_20150623/148/nnc1.0046980490/309.png"; bbox 0 0 4248 6442; ppageno 0'>
   <div class='ocr_carea' id='block_1_1' title="bbox 798 358 1738 445">
    <p class='ocr_par' dir='ltr' id='par_1_1' title="bbox 798 358 1738 445">
     <span class='ocr_line' id='line_1_1' title="bbox 798 358 1738 445; baseline -0.022 -14"><span class='ocrx_word' id='word_1_1' title='bbox 798 376 899 445; x_wconf 80' lang='lat'><strong>.583</strong></span> <span class='ocrx_word' id='word_1_2' title='bbox 1077 365 1153 438; x_wconf 76' lang='grc' dir='ltr'><strong>[Α.</strong></span> <span class='ocrx_word' id='word_1_3' title='bbox 1194 379 1250 418; x_wconf 82' lang='lat' dir='ltr'><strong>u.</strong></span> <span class='ocrx_word' id='word_1_4' title='bbox 1294 360 1424 417; x_wconf 81' lang='lat' dir='ltr'><strong>679i</strong></span> <span class='ocrx_word' id='word_1_5' title='bbox 1471 375 1537 413; x_wconf 61' lang='lat' dir='ltr'><strong>an</strong></span> <span class='ocrx_word' id='word_1_6' title='bbox 1577 358 1738 426; x_wconf 80' lang='lat'><strong>6836]</strong></span> 
     </span>
    </p>
   </div>
   <div class='ocr_carea' id='block_1_2' title="bbox 838 478 2421 549">
    <p class='ocr_par' dir='ltr' id='par_1_2' title="bbox 838 478 2421 549">
     <span class='ocr_line' id='line_1_2' title="bbox 838 478 2421 549; baseline -0.004 -10"><span class='ocrx_word' id='word_1_7' title='bbox 838 486 905 539; x_wconf 78' lang='grc' dir='ltr'><strong>Χ.</strong></span> <span class='ocrx_word' id='word_1_8' title='bbox 932 483 1203 538; x_wconf 64' lang='grc' dir='ltr'>Ολυιρτιιιη</span> <span class='ocrx_word' id='word_1_9' title='bbox 1263 494 1363 533; x_wconf 91' lang='lat' dir='ltr'><strong>nec</strong></span> <span class='ocrx_word' id='word_1_10' title='bbox 1401 479 1592 549; x_wconf 89' lang='lat' dir='ltr'><strong>junior</strong></span> <span class='ocrx_word' id='word_1_11' title='bbox 1642 478 1991 533; x_wconf 85' lang='lat' dir='ltr'><strong>Andronicus</strong></span> <span class='ocrx_word' id='word_1_12' title='bbox 2015 479 2235 547; x_wconf 87' lang='lat' dir='ltr'><strong>quietus</strong></span> <span class='ocrx_word' id='word_1_13' title='bbox 2266 495 2350 533; x_wconf 72' lang='lat' dir='ltr'><strong>se-</strong></span> <span class='ocrx_word' id='word_1_14' title='bbox 2377 487 2421 545; x_wconf 76' lang='grc' dir='ltr'><strong>Α</strong></span> 
     </span>
    </p>
   </div>
   <div class='ocr_carea' id='block_1_3' title="bbox 769 569 2347 640">
    <p class='ocr_par' dir='ltr' id='par_1_3' title="bbox 769 569 2347 640">
     <span class='ocr_line' id='line_1_3' title="bbox 769 569 2347 640; baseline -0.006 -10"><span class='ocrx_word' id='word_1_15' title='bbox 769 578 935 631; x_wconf 88' lang='lat' dir='ltr'><strong>debat</strong></span> <span class='ocrx_word' id='word_1_16' title='bbox 968 592 980 628; x_wconf 92' lang='lat'>:</span> <span class='ocrx_word' id='word_1_17' title='bbox 1020 575 1112 627; x_wconf 80' lang='lat' dir='ltr'><strong>scd</strong></span> <span class='ocrx_word' id='word_1_18' title='bbox 1155 573 1294 624; x_wconf 87' lang='lat' dir='ltr'><strong>clam</strong></span> <span class='ocrx_word' id='word_1_19' title='bbox 1335 573 1388 623; x_wconf 92' lang='lat' dir='ltr'><strong>in</strong></span> <span class='ocrx_word' id='word_1_20' title='bbox 1431 585 1623 623; x_wconf 87' lang='lat' dir='ltr'><strong>omnes</strong></span> <span class='ocrx_word' id='word_1_21' title='bbox 1668 577 1847 622; x_wconf 88' lang='lat' dir='ltr'><strong>terras</strong></span> <span class='ocrx_word' id='word_1_22' title='bbox 1876 579 1930 622; x_wconf 90' lang='lat' dir='ltr'><strong>et</strong></span> <span class='ocrx_word' id='word_1_23' title='bbox 1986 569 2213 630; x_wconf 82' lang='lat' dir='ltr'><strong>insulas,</strong></span> <span class='ocrx_word' id='word_1_24' title='bbox 2245 569 2347 640; x_wconf 83' lang='lat' dir='ltr'><strong>By-</strong></span> 
     </span>
    </p>
   </div>
   <div class='ocr_carea' id='block_1_4' title="bbox 776 661 2347 729">
    <p class='ocr_par' dir='ltr' id='par_1_4' title="bbox 776 661 2347 729">
     <span class='ocr_line' id='line_1_4' title="bbox 776 661 2347 729; baseline -0.006 -6"><span class='ocrx_word' id='word_1_25' title='bbox 776 670 1061 729; x_wconf 82' lang='lat' dir='ltr'><strong>zantium,</strong></span> <span class='ocrx_word' id='word_1_26' title='bbox 1115 664 1561 717; x_wconf 88' lang='lat' dir='ltr'><strong>Thessalonicam</strong></span> <span class='ocrx_word' id='word_1_27' title='bbox 1626 671 1682 715; x_wconf 92' lang='lat' dir='ltr'><strong>et</strong></span> <span class='ocrx_word' id='word_1_28' title='bbox 1735 661 2108 714; x_wconf 83' lang='lat' dir='ltr'><strong>Macedoniam</strong></span> <span class='ocrx_word' id='word_1_29' title='bbox 2170 662 2347 715; x_wconf 89' lang='lat' dir='ltr'><strong>edicta</strong></span> 
     </span>
    </p>
   </div>
   <div class='ocr_carea' id='block_1_5' title="bbox 769 754 2353 827">
    <p class='ocr_par' dir='ltr' id='par_1_5' title="bbox 769 754 2353 827">
     <span class='ocr_line' id='line_1_5' title="bbox 769 754 2353 827; baseline -0.005 -12"><span class='ocrx_word' id='word_1_30' title='bbox 769 761 1048 818; x_wconf 88' lang='lat' dir='ltr'><strong>mittebat,</strong></span> <span class='ocrx_word' id='word_1_31' title='bbox 1086 773 1186 827; x_wconf 89' lang='lat' dir='ltr'><strong>per</strong></span> <span class='ocrx_word' id='word_1_32' title='bbox 1227 773 1346 826; x_wconf 77' lang='lat' dir='ltr'><strong>quae</strong></span> <span class='ocrx_word' id='word_1_33' title='bbox 1389 755 1603 825; x_wconf 77' lang='lat' dir='ltr'><strong>populis</strong></span> <span class='ocrx_word' id='word_1_34' title='bbox 1663 755 2064 808; x_wconf 89' lang='lat' dir='ltr'><strong>immunitatem</strong></span> <span class='ocrx_word' id='word_1_35' title='bbox 2103 763 2156 808; x_wconf 88' lang='lat' dir='ltr'><strong>et</strong></span> <span class='ocrx_word' id='word_1_36' title='bbox 2186 754 2353 808; x_wconf 85' lang='lat' dir='ltr'><strong>liber-</strong></span> 
     </span>
    </p>
   </div>
   <div class='ocr_carea' id='block_1_6' title="bbox 770 846 2351 916">
    <p class='ocr_par' dir='ltr' id='par_1_6' title="bbox 770 846 2351 916">
     <span class='ocr_line' id='line_1_6' title="bbox 770 846 2351 916; baseline -0.004 -11"><span class='ocrx_word' id='word_1_37' title='bbox 770 863 932 907; x_wconf 87' lang='lat' dir='ltr'><strong>tatem</strong></span> <span class='ocrx_word' id='word_1_38' title='bbox 969 866 995 902; x_wconf 89' lang='lat' dir='ltr'><strong>a</strong></span> <span class='ocrx_word' id='word_1_39' title='bbox 1031 851 1272 914; x_wconf 81' lang='lat' dir='ltr'><strong>tributis,</strong></span> <span class='ocrx_word' id='word_1_40' title='bbox 1324 847 1591 901; x_wconf 79' lang='lat' dir='ltr'><strong>militibus</strong></span> <span class='ocrx_word' id='word_1_41' title='bbox 1643 862 1775 901; x_wconf 83' lang='lat' dir='ltr'><strong>vero</strong></span> <span class='ocrx_word' id='word_1_42' title='bbox 1821 846 2030 900; x_wconf 89' lang='lat' dir='ltr'><strong>reditus</strong></span> <span class='ocrx_word' id='word_1_43' title='bbox 2061 855 2117 900; x_wconf 93' lang='lat' dir='ltr'><strong>et</strong></span> <span class='ocrx_word' id='word_1_44' title='bbox 2146 847 2351 916; x_wconf 81' lang='lat' dir='ltr'><strong>majora</strong></span> 
     </span>
    </p>
   </div>
   <div class='ocr_carea' id='block_1_7' title="bbox 770 939 2344 1014">
    <p class='ocr_par' dir='ltr' id='par_1_7' title="bbox 770 939 2344 1014">
     <span class='ocr_line' id='line_1_7' title="bbox 770 939 2344 1014; baseline -0.004 -16"><span class='ocrx_word' id='word_1_45' title='bbox 770 944 1043 1014; x_wconf 84' lang='lat' dir='ltr'><strong>stipendia</strong></span> <span class='ocrx_word' id='word_1_46' title='bbox 1081 943 1450 1011; x_wconf 72' lang='lat' dir='ltr'><strong>promittebat.</strong></span> <span class='ocrx_word' id='word_1_47' title='bbox 1510 940 1640 1006; x_wconf 68' lang='lat' dir='ltr'><strong>Quae</strong></span> <span class='ocrx_word' id='word_1_48' title='bbox 1692 955 1814 992; x_wconf 86' lang='lat' dir='ltr'><strong>mox</strong></span> <span class='ocrx_word' id='word_1_49' title='bbox 1863 946 1923 991; x_wconf 90' lang='lat' dir='ltr'><strong>ut</strong></span> <span class='ocrx_word' id='word_1_50' title='bbox 1958 939 2138 992; x_wconf 88' lang='lat' dir='ltr'><strong>audita</strong></span> <span class='ocrx_word' id='word_1_51' title='bbox 2173 939 2344 992; x_wconf 70' lang='lat' dir='ltr'><strong>fuere.</strong></span> 
     </span>
    </p>
   </div>
   <div class='ocr_carea' id='block_1_8' title="bbox 774 1031 2346 1100">
    <p class='ocr_par' dir='ltr' id='par_1_8' title="bbox 774 1031 2346 1100">
     <span class='ocr_line' id='line_1_8' title="bbox 774 1031 2346 1100; baseline -0.001 -11"><span class='ocrx_word' id='word_1_52' title='bbox 774 1052 966 1095; x_wconf 76' lang='lat' dir='ltr'><strong>omnes</strong></span> <span class='ocrx_word' id='word_1_53' title='bbox 987 1042 1424 1097; x_wconf 89' lang='lat' dir='ltr'><strong>commoverunt,</strong></span> <span class='ocrx_word' id='word_1_54' title='bbox 1453 1042 1509 1086; x_wconf 92' lang='lat' dir='ltr'><strong>et</strong></span> <span class='ocrx_word' id='word_1_55' title='bbox 1533 1032 1732 1086; x_wconf 89' lang='lat' dir='ltr'><strong>animis</strong></span> <span class='ocrx_word' id='word_1_56' title='bbox 1759 1031 2346 1100; x_wconf 77' lang='lat' dir='ltr'><strong>facillimedepravatis</strong></span> 
     </span>
    </p>
   </div>
   <div class='ocr_carea' id='block_1_9' title="bbox 774 1123 2352 1198">
    <p class='ocr_par' dir='ltr' id='par_1_9' title="bbox 774 1123 2352 1198">
     <span class='ocr_line' id='line_1_9' title="bbox 774 1123 2352 1198; baseline -0.004 -16"><span class='ocrx_word' id='word_1_57' title='bbox 774 1129 1128 1198; x_wconf 85' lang='lat' dir='ltr'><strong>impulerunt,</strong></span> <span class='ocrx_word' id='word_1_58' title='bbox 1161 1135 1220 1178; x_wconf 94' lang='lat' dir='ltr'><strong>ut</strong></span> <span class='ocrx_word' id='word_1_59' title='bbox 1245 1135 1300 1179; x_wconf 91' lang='lat' dir='ltr'><strong>et</strong></span> <span class='ocrx_word' id='word_1_60' title='bbox 1327 1124 1704 1178; x_wconf 88' lang='lat' dir='ltr'><strong>voluntatibus</strong></span> <span class='ocrx_word' id='word_1_61' title='bbox 1747 1134 1802 1177; x_wconf 89' lang='lat' dir='ltr'><strong>et</strong></span> <span class='ocrx_word' id='word_1_62' title='bbox 1848 1123 2052 1193; x_wconf 84' lang='lat' dir='ltr'><strong>linguis</strong></span> <span class='ocrx_word' id='word_1_63' title='bbox 2081 1133 2137 1177; x_wconf 90' lang='lat' dir='ltr'><strong>et</strong></span> <span class='ocrx_word' id='word_1_64' title='bbox 2177 1125 2352 1176; x_wconf 87' lang='lat' dir='ltr'><strong>mani-</strong></span> 
     </span>
    </p>
   </div>
   <div class='ocr_carea' id='block_1_10' title="bbox 775 1214 2353 1275">
    <p class='ocr_par' dir='ltr' id='par_1_10' title="bbox 775 1214 2353 1275">
     <span class='ocr_line' id='line_1_10' title="bbox 775 1214 2353 1275; baseline -0.003 0"><span class='ocrx_word' id='word_1_65' title='bbox 775 1223 878 1275; x_wconf 93' lang='lat' dir='ltr'><strong>bus</strong></span> <span class='ocrx_word' id='word_1_66' title='bbox 902 1230 957 1273; x_wconf 80' lang='lat' dir='ltr'><strong>ct</strong></span> <span class='ocrx_word' id='word_1_67' title='bbox 985 1221 1132 1272; x_wconf 93' lang='lat' dir='ltr'><strong>omni</strong></span> <span class='ocrx_word' id='word_1_68' title='bbox 1165 1219 1348 1272; x_wconf 90' lang='lat' dir='ltr'><strong>studio</strong></span> <span class='ocrx_word' id='word_1_69' title='bbox 1374 1218 1423 1272; x_wconf 92' lang='lat' dir='ltr'><strong>ei</strong></span> <span class='ocrx_word' id='word_1_70' title='bbox 1448 1218 1888 1270; x_wconf 64' lang='lat' dir='ltr'><strong>adhaerescerent</strong></span> <span class='ocrx_word' id='word_1_71' title='bbox 1916 1224 1970 1270; x_wconf 91' lang='lat' dir='ltr'><strong>et</strong></span> <span class='ocrx_word' id='word_1_72' title='bbox 1998 1214 2353 1271; x_wconf 69' lang='lat' dir='ltr'><strong>clandestinis</strong></span> 
     </span>
    </p>
   </div>
   <div class='ocr_carea' id='block_1_11' title="bbox 776 1309 2354 1378">
    <p class='ocr_par' dir='ltr' id='par_1_11' title="bbox 776 1309 2354 1378">
     <span class='ocr_line' id='line_1_11' title="bbox 776 1309 2354 1378; baseline -0.004 -10"><span class='ocrx_word' id='word_1_73' title='bbox 776 1317 976 1369; x_wconf 85' lang='lat' dir='ltr'><strong>litteris</strong></span> <span class='ocrx_word' id='word_1_74' title='bbox 1008 1314 1161 1366; x_wconf 91' lang='lat' dir='ltr'><strong>illum</strong></span> <span class='ocrx_word' id='word_1_75' title='bbox 1188 1321 1530 1367; x_wconf 91' lang='lat' dir='ltr'><strong>arcesserent</strong></span> <span class='ocrx_word' id='word_1_76' title='bbox 1577 1320 1633 1365; x_wconf 91' lang='lat' dir='ltr'><strong>et</strong></span> <span class='ocrx_word' id='word_1_77' title='bbox 1670 1310 2085 1377; x_wconf 87' lang='lat' dir='ltr'><strong>impressionem</strong></span> <span class='ocrx_word' id='word_1_78' title='bbox 2116 1309 2235 1378; x_wconf 86' lang='lat' dir='ltr'><strong>ejus</strong></span> <span class='ocrx_word' id='word_1_79' title='bbox 2264 1323 2354 1362; x_wconf 87' lang='lat' dir='ltr'><strong>ac-</strong></span> 
     </span>
    </p>
   </div>
   <div class='ocr_carea' id='block_1_12' title="bbox 775 1407 1096 1461">
    <p class='ocr_par' dir='ltr' id='par_1_12' title="bbox 775 1407 1096 1461">
     <span class='ocr_line' id='line_1_12' title="bbox 775 1407 1096 1461; baseline -0.012 -1"><span class='ocrx_word' id='word_1_80' title='bbox 775 1407 1096 1461; x_wconf 87' lang='lat' dir='ltr'><strong>celerarent.</strong></span> 
     </span>
    </p>
   </div>
   <div class='ocr_carea' id='block_1_13' title="bbox 2000 354 2843 418">
    <p class='ocr_par' dir='ltr' id='par_1_13' title="bbox 2000 354 2843 418">
     <span class='ocr_line' id='line_1_13' title="bbox 2000 354 2843 418; baseline -0.002 -2"><span class='ocrx_word' id='word_1_81' title='bbox 2000 355 2422 418; x_wconf 77' lang='lat' dir='ltr'><strong>NICEPHORI</strong></span> <span class='ocrx_word' id='word_1_82' title='bbox 2462 354 2843 418; x_wconf 60' lang='lat' dir='ltr'><strong>GREGORiE</strong></span> 
     </span>
    </p>
   </div>
   <div class='ocr_carea' id='block_1_14' title="bbox 3920 350 4026 414">
    <p class='ocr_par' dir='ltr' id='par_1_14' title="bbox 3920 350 4026 414">
     <span class='ocr_line' id='line_1_14' title="bbox 3920 350 4026 414; baseline -0.019 0"><span class='ocrx_word' id='word_1_83' title='bbox 3920 350 4026 414; x_wconf 74' lang='grc'><strong>584</strong></span> 
     </span>
    </p>
   </div>
   <div class='ocr_carea' id='block_1_15' title="bbox 2523 474 4024 546">
    <p class='ocr_par' dir='ltr' id='par_1_15' title="bbox 2523 474 4024 546">
     <span class='ocr_line' id='line_1_15' title="bbox 2523 474 4024 546; baseline -0.005 -14"><span class='ocrx_word' id='word_1_84' title='bbox 2523 479 2579 534; x_wconf 84' lang='lat' dir='ltr'><strong>l&#39;.</strong></span> <span class='ocrx_word' id='word_1_85' title='bbox 2629 480 2769 533; x_wconf 84' lang='grc' dir='ltr'>Ἀλλ’</span> <span class='ocrx_word' id='word_1_86' title='bbox 2790 477 2901 532; x_wconf 76' lang='grc' dir='ltr'>οὐδ’</span> <span class='ocrx_word' id='word_1_87' title='bbox 2925 480 2952 532; x_wconf 87' lang='grc' dir='ltr'><strong>ό</strong></span> <span class='ocrx_word' id='word_1_88' title='bbox 2990 478 3249 546; x_wconf 71' lang='grc' dir='ltr'>βασιλεὺς</span> <span class='ocrx_word' id='word_1_89' title='bbox 3282 481 3309 531; x_wconf 89' lang='grc' dir='ltr'><strong>ό</strong></span> <span class='ocrx_word' id='word_1_90' title='bbox 3350 479 3466 540; x_wconf 84' lang='grc' dir='ltr'>νέος</span> <span class='ocrx_word' id='word_1_91' title='bbox 3511 476 3852 546; x_wconf 71' lang='grc' dir='ltr'><strong>Ἀνδρόνικος</strong></span> <span class='ocrx_word' id='word_1_92' title='bbox 3889 474 4024 543; x_wconf 79' lang='grc' dir='ltr'>ἠρέ-</span> 
     </span>
    </p>
   </div>
   <div class='ocr_carea' id='block_1_16' title="bbox 2451 564 4026 636">
    <p class='ocr_par' dir='ltr' id='par_1_16' title="bbox 2451 564 4026 636">
     <span class='ocr_line' id='line_1_16' title="bbox 2451 564 4026 636; baseline -0.004 -17"><span class='ocrx_word' id='word_1_93' title='bbox 2451 585 2543 636; x_wconf 85' lang='grc' dir='ltr'><strong>μει</strong></span> <span class='ocrx_word' id='word_1_94' title='bbox 2594 567 2947 636; x_wconf 77' lang='grc' dir='ltr'>καθήμενος·</span> <span class='ocrx_word' id='word_1_95' title='bbox 2993 567 3110 620; x_wconf 75' lang='grc' dir='ltr'>ἀλλ’</span> <span class='ocrx_word' id='word_1_96' title='bbox 3162 568 3377 634; x_wconf 74' lang='grc' dir='ltr'>ἔπεμπε</span> <span class='ocrx_word' id='word_1_97' title='bbox 3438 567 3790 633; x_wconf 76' lang='grc' dir='ltr'>διατάγματα</span> <span class='ocrx_word' id='word_1_98' title='bbox 3850 564 4026 631; x_wconf 82' lang='grc' dir='ltr'>λάθρα</span> 
     </span>
    </p>
   </div>
   <div class='ocr_carea' id='block_1_17' title="bbox 2449 657 4028 728">
    <p class='ocr_par' dir='ltr' id='par_1_17' title="bbox 2449 657 4028 728">
     <span class='ocr_line' id='line_1_17' title="bbox 2449 657 4028 728; baseline -0.004 -16"><span class='ocrx_word' id='word_1_99' title='bbox 2449 659 2697 728; x_wconf 84' lang='grc' dir='ltr'>πανταχῆ</span> <span class='ocrx_word' id='word_1_100' title='bbox 2730 659 3002 728; x_wconf 80' lang='grc' dir='ltr'><strong>θαλάττης</strong></span> <span class='ocrx_word' id='word_1_101' title='bbox 3035 676 3094 710; x_wconf 84' lang='grc' dir='ltr'><strong>τε</strong></span> <span class='ocrx_word' id='word_1_102' title='bbox 3127 660 3221 711; x_wconf 75' lang='grc' dir='ltr'>καὶ</span> <span class='ocrx_word' id='word_1_103' title='bbox 3253 660 3352 728; x_wconf 81' lang='grc' dir='ltr'><strong>γῆς</strong></span> <span class='ocrx_word' id='word_1_104' title='bbox 3384 657 3442 709; x_wconf 80' lang='grc' dir='ltr'>ἐν</span> <span class='ocrx_word' id='word_1_105' title='bbox 3488 675 3547 710; x_wconf 81' lang='grc' dir='ltr'><strong>τε</strong></span> <span class='ocrx_word' id='word_1_106' title='bbox 3599 657 3883 725; x_wconf 72' lang='grc' dir='ltr'><strong>Βυζαντίῳ</strong></span> <span class='ocrx_word' id='word_1_107' title='bbox 3931 658 4028 708; x_wconf 81' lang='grc' dir='ltr'>καί</span> 
     </span>
    </p>
   </div>
   <div class='ocr_carea' id='block_1_18' title="bbox 2450 734 4032 822">
    <p class='ocr_par' dir='ltr' id='par_1_18' title="bbox 2450 749 4032 822">
     <span class='ocr_line' id='line_1_18' title="bbox 2450 749 4032 822; baseline -0.002 -19"><span class='ocrx_word' id='word_1_108' title='bbox 2450 751 2818 822; x_wconf 80' lang='grc' dir='ltr'>Θεσσαλονίκῃ</span> <span class='ocrx_word' id='word_1_109' title='bbox 2856 753 2948 805; x_wconf 72' lang='grc' dir='ltr'><strong>καὶ</strong></span> <span class='ocrx_word' id='word_1_110' title='bbox 2999 753 3309 822; x_wconf 79' lang='grc' dir='ltr'><strong>Μακεδονίᾳ</strong></span> <span class='ocrx_word' id='word_1_111' title='bbox 3343 753 3436 804; x_wconf 86' lang='grc' dir='ltr'><strong>καὶ</strong></span> <span class='ocrx_word' id='word_1_112' title='bbox 3470 753 3656 821; x_wconf 82' lang='grc' dir='ltr'>νήσοις</span> <span class='ocrx_word' id='word_1_113' title='bbox 3690 749 4032 818; x_wconf 69' lang='grc' dir='ltr'>ἐπαγγελλό-</span> 
     </span>
    </p>
   </div>
   <div class='ocr_carea' id='block_1_19' title="bbox 2456 842 4030 914">
    <p class='ocr_par' dir='ltr' id='par_1_19' title="bbox 2456 842 4030 914">
     <span class='ocr_line' id='line_1_19' title="bbox 2456 842 4030 914; baseline -0.002 -20"><span class='ocrx_word' id='word_1_114' title='bbox 2456 860 2594 914; x_wconf 86' lang='grc' dir='ltr'>μενα</span> <span class='ocrx_word' id='word_1_115' title='bbox 2623 847 2733 906; x_wconf 84' lang='grc' dir='ltr'>τοῖς</span> <span class='ocrx_word' id='word_1_116' title='bbox 2785 845 2881 912; x_wconf 85' lang='grc' dir='ltr'><strong>μὲν</strong></span> <span class='ocrx_word' id='word_1_117' title='bbox 2927 844 3122 912; x_wconf 80' lang='grc' dir='ltr'><strong>δήμοις</strong></span> <span class='ocrx_word' id='word_1_118' title='bbox 3163 845 3410 897; x_wconf 80' lang='grc' dir='ltr'><strong>ἀτέλειαν</strong></span> <span class='ocrx_word' id='word_1_119' title='bbox 3448 848 3539 897; x_wconf 74' lang='grc' dir='ltr'><strong>καὶ</strong></span> <span class='ocrx_word' id='word_1_120' title='bbox 3581 843 3763 912; x_wconf 84' lang='grc' dir='ltr'>φόρων</span> <span class='ocrx_word' id='word_1_121' title='bbox 3807 842 4030 893; x_wconf 81' lang='grc' dir='ltr'>ἐλευθε-</span> 
     </span>
    </p>
   </div>
   <div class='ocr_carea' id='block_1_20' title="bbox 3095 347 3736 425">
    <p class='ocr_par' dir='ltr' id='par_1_20' title="bbox 3095 347 3736 425">
     <span class='ocr_line' id='line_1_20' title="bbox 3095 347 3736 425; baseline -0.008 -16"><span class='ocrx_word' id='word_1_122' title='bbox 3095 351 3226 425; x_wconf 57' lang='lat' dir='ltr'><strong>[nun</strong></span> <span class='ocrx_word' id='word_1_123' title='bbox 3269 366 3553 408; x_wconf 76' lang='lat' dir='ltr'><strong>ANDRONIC.</strong></span> <span class='ocrx_word' id='word_1_124' title='bbox 3593 347 3736 421; x_wconf 67' lang='lat' dir='ltr'><strong>srn.[</strong></span> 
     </span>
    </p>
   </div>
   <div class='ocr_carea' id='block_1_21' title="bbox 2460 935 4033 1008">
    <p class='ocr_par' dir='ltr' id='par_1_21' title="bbox 2460 935 4033 1008">
     <span class='ocr_line' id='line_1_21' title="bbox 2460 935 4033 1008; baseline -0.002 -19"><span class='ocrx_word' id='word_1_125' title='bbox 2460 939 2604 1007; x_wconf 82' lang='grc' dir='ltr'>ρίαν,</span> <span class='ocrx_word' id='word_1_126' title='bbox 2636 939 2745 1000; x_wconf 86' lang='grc' dir='ltr'>τοῖς</span> <span class='ocrx_word' id='word_1_127' title='bbox 2779 939 2836 991; x_wconf 75' lang='grc' dir='ltr'>δὲ</span> <span class='ocrx_word' id='word_1_128' title='bbox 2888 943 3340 1008; x_wconf 75' lang='grc' dir='ltr'><strong>στρατευομένοις</strong></span> <span class='ocrx_word' id='word_1_129' title='bbox 3377 938 3578 1006; x_wconf 81' lang='grc' dir='ltr'>πόρους</span> <span class='ocrx_word' id='word_1_130' title='bbox 3614 935 3894 1004; x_wconf 79' lang='grc' dir='ltr'>προσόδων</span> <span class='ocrx_word' id='word_1_131' title='bbox 3937 936 4033 986; x_wconf 75' lang='grc' dir='ltr'>καὶ</span> 
     </span>
    </p>
   </div>
   <div class='ocr_carea' id='block_1_22' title="bbox 2458 1025 4031 1100">
    <p class='ocr_par' dir='ltr' id='par_1_22' title="bbox 2458 1025 4031 1100">
     <span class='ocr_line' id='line_1_22' title="bbox 2458 1025 4031 1100; baseline -0.004 -20"><span class='ocrx_word' id='word_1_132' title='bbox 2458 1028 2666 1100; x_wconf 81' lang='grc' dir='ltr'>μισθῶν</span> <span class='ocrx_word' id='word_1_133' title='bbox 2698 1029 2988 1091; x_wconf 82' lang='grc' dir='ltr'>ἐπιδόσεις.</span> <span class='ocrx_word' id='word_1_134' title='bbox 3025 1030 3207 1096; x_wconf 83' lang='grc' dir='ltr'>Ἀπερ</span> <span class='ocrx_word' id='word_1_135' title='bbox 3234 1029 3548 1096; x_wconf 84' lang='grc' dir='ltr'>ἀκουόμενα</span> <span class='ocrx_word' id='word_1_136' title='bbox 3574 1026 3783 1088; x_wconf 82' lang='grc' dir='ltr'>πάντας</span> <span class='ocrx_word' id='word_1_137' title='bbox 3813 1025 4031 1077; x_wconf 83' lang='grc' dir='ltr'>ἀνέσειε</span> 
     </span>
    </p>
   </div>
   <div class='ocr_carea' id='block_1_23' title="bbox 2451 1115 4032 1192">
    <p class='ocr_par' dir='ltr' id='par_1_23' title="bbox 2451 1115 4032 1192">
     <span class='ocr_line' id='line_1_23' title="bbox 2451 1115 4032 1192; baseline -0.006 -19"><span class='ocrx_word' id='word_1_138' title='bbox 2451 1123 2545 1173; x_wconf 72' lang='grc' dir='ltr'><strong>καὶ</strong></span> <span class='ocrx_word' id='word_1_139' title='bbox 2578 1122 2751 1192; x_wconf 75' lang='grc' dir='ltr'>ῥᾷστα</span> <span class='ocrx_word' id='word_1_140' title='bbox 2779 1121 2878 1182; x_wconf 85' lang='grc' dir='ltr'>τὰς</span> <span class='ocrx_word' id='word_1_141' title='bbox 2909 1120 3135 1188; x_wconf 81' lang='grc' dir='ltr'>γνώμας</span> <span class='ocrx_word' id='word_1_142' title='bbox 3172 1119 3322 1187; x_wconf 81' lang='grc' dir='ltr'>σφῶν</span> <span class='ocrx_word' id='word_1_143' title='bbox 3365 1119 3650 1187; x_wconf 83' lang='grc' dir='ltr'>διέστρεφε</span> <span class='ocrx_word' id='word_1_144' title='bbox 3685 1116 3780 1168; x_wconf 86' lang='grc' dir='ltr'><strong>καί</strong></span> <span class='ocrx_word' id='word_1_145' title='bbox 3808 1115 4032 1166; x_wconf 76' lang='grc' dir='ltr'>ἀνέπει-</span> 
     </span>
    </p>
   </div>
   <div class='ocr_carea' id='block_1_24' title="bbox 2455 1207 4032 1283">
    <p class='ocr_par' dir='ltr' id='par_1_24' title="bbox 2455 1207 4032 1283">
     <span class='ocr_line' id='line_1_24' title="bbox 2455 1207 4032 1283; baseline -0.005 -17"><span class='ocrx_word' id='word_1_146' title='bbox 2455 1212 2545 1267; x_wconf 89' lang='grc' dir='ltr'><strong>θεν</strong></span> <span class='ocrx_word' id='word_1_147' title='bbox 2577 1213 2882 1283; x_wconf 78' lang='grc' dir='ltr'>ὁλοσχερῶς</span> <span class='ocrx_word' id='word_1_148' title='bbox 2940 1212 3089 1282; x_wconf 76' lang='grc' dir='ltr'>αὐτῷ</span> <span class='ocrx_word' id='word_1_149' title='bbox 3141 1211 3531 1281; x_wconf 78' lang='grc' dir='ltr'>προστίθεσθαι</span> <span class='ocrx_word' id='word_1_150' title='bbox 3586 1208 3780 1280; x_wconf 80' lang='grc' dir='ltr'>γνώμῃ</span> <span class='ocrx_word' id='word_1_151' title='bbox 3821 1224 3879 1258; x_wconf 85' lang='grc' dir='ltr'><strong>τε</strong></span> <span class='ocrx_word' id='word_1_152' title='bbox 3934 1207 4032 1258; x_wconf 74' lang='grc' dir='ltr'><strong>καὶ</strong></span> 
     </span>
    </p>
   </div>
   <div class='ocr_carea' id='block_1_25' title="bbox 2453 1295 4032 1374">
    <p class='ocr_par' dir='ltr' id='par_1_25' title="bbox 2453 1295 4032 1374">
     <span class='ocr_line' id='line_1_25' title="bbox 2453 1295 4032 1374; baseline -0.005 -20"><span class='ocrx_word' id='word_1_153' title='bbox 2453 1303 2673 1374; x_wconf 81' lang='grc' dir='ltr'>γλώσσῃ</span> <span class='ocrx_word' id='word_1_154' title='bbox 2703 1305 2796 1355; x_wconf 73' lang='grc' dir='ltr'><strong>καὶ</strong></span> <span class='ocrx_word' id='word_1_155' title='bbox 2817 1304 2976 1374; x_wconf 76' lang='grc' dir='ltr'>χερσὶ</span> <span class='ocrx_word' id='word_1_156' title='bbox 3003 1307 3096 1354; x_wconf 81' lang='grc' dir='ltr'>καὶ</span> <span class='ocrx_word' id='word_1_157' title='bbox 3129 1304 3279 1374; x_wconf 78' lang='grc' dir='ltr'>πάσῃ</span> <span class='ocrx_word' id='word_1_158' title='bbox 3312 1300 3593 1369; x_wconf 70' lang='grc' dir='ltr'>προθυμίᾳ</span> <span class='ocrx_word' id='word_1_159' title='bbox 3618 1299 3711 1351; x_wconf 77' lang='grc' dir='ltr'>καὶ</span> <span class='ocrx_word' id='word_1_160' title='bbox 3740 1295 4032 1363; x_wconf 77' lang='grc' dir='ltr'>λαθραίοις</span> 
     </span>
    </p>
   </div>
   <div class='ocr_carea' id='block_1_26' title="bbox 2452 1388 4035 1464">
    <p class='ocr_par' dir='ltr' id='par_1_26' title="bbox 2452 1388 4035 1464">
     <span class='ocr_line' id='line_1_26' title="bbox 2452 1388 4035 1464; baseline -0.008 -17"><span class='ocrx_word' id='word_1_161' title='bbox 2452 1394 2750 1464; x_wconf 86' lang='grc' dir='ltr'>γράμμασι</span> <span class='ocrx_word' id='word_1_162' title='bbox 2783 1392 3214 1463; x_wconf 86' lang='grc' dir='ltr'>προσκαλεῖσθαι</span> <span class='ocrx_word' id='word_1_163' title='bbox 3261 1392 3422 1444; x_wconf 82' lang='grc' dir='ltr'>αὑτὸν</span> <span class='ocrx_word' id='word_1_164' title='bbox 3452 1391 3545 1444; x_wconf 79' lang='grc' dir='ltr'>καὶ</span> <span class='ocrx_word' id='word_1_165' title='bbox 3570 1390 3669 1460; x_wconf 78' lang='grc' dir='ltr'><strong>τὴν</strong></span> <span class='ocrx_word' id='word_1_166' title='bbox 3702 1388 3868 1441; x_wconf 73' lang='grc' dir='ltr'>αὑτοῦ</span> <span class='ocrx_word' id='word_1_167' title='bbox 3911 1389 4035 1437; x_wconf 79' lang='grc' dir='ltr'>ἐπι-</span> 
     </span>
    </p>
   </div>
   <div class='ocr_carea' id='block_1_27' title="bbox 2454 1484 2948 1553">
    <p class='ocr_par' dir='ltr' id='par_1_27' title="bbox 2454 1484 2948 1553">
     <span class='ocr_line' id='line_1_27' title="bbox 2454 1484 2948 1553; baseline 0.002 -17"><span class='ocrx_word' id='word_1_168' title='bbox 2454 1484 2714 1553; x_wconf 82' lang='grc' dir='ltr'>ταχύνειν</span> <span class='ocrx_word' id='word_1_169' title='bbox 2739 1485 2948 1552; x_wconf 81' lang='grc' dir='ltr'>ἔφοδον.</span> 
     </span>
    </p>
   </div>
   <div class='ocr_carea' id='block_1_28' title="bbox 2243 1597 2573 1655">
    <p class='ocr_par' dir='ltr' id='par_1_28' title="bbox 2243 1597 2573 1655">
     <span class='ocr_line' id='line_1_28' title="bbox 2243 1597 2573 1655; baseline -0.006 0"><span class='ocrx_word' id='word_1_170' title='bbox 2243 1597 2472 1655; x_wconf 83' lang='lat' dir='ltr'><strong>CAPUT</strong></span> <span class='ocrx_word' id='word_1_171' title='bbox 2504 1599 2573 1653; x_wconf 90' lang='lat' dir='ltr'><strong>ll.</strong></span> 
     </span>
    </p>
   </div>
   <div class='ocr_carea' id='block_1_29' title="bbox 783 1692 4042 1772">
    <p class='ocr_par' dir='ltr' id='par_1_29' title="bbox 783 1692 4042 1772">
     <span class='ocr_line' id='line_1_29' title="bbox 783 1692 4042 1772; baseline -0.004 -17"><span class='ocrx_word' id='word_1_172' title='bbox 783 1702 962 1772; x_wconf 80' lang='lat' dir='ltr'><strong>Nepos</strong></span> <span class='ocrx_word' id='word_1_173' title='bbox 1012 1702 1236 1754; x_wconf 85' lang='lat' dir='ltr'><strong>duorum</strong></span> <span class='ocrx_word' id='word_1_174' title='bbox 1267 1696 1494 1772; x_wconf 78' lang='lat' dir='ltr'><strong>alterum</strong></span> <span class='ocrx_word' id='word_1_175' title='bbox 1541 1699 1704 1765; x_wconf 85' lang='lat' dir='ltr'><strong>petit;</strong></span> <span class='ocrx_word' id='word_1_176' title='bbox 1757 1707 1810 1751; x_wconf 89' lang='lat' dir='ltr'><strong>ut</strong></span> <span class='ocrx_word' id='word_1_177' title='bbox 1847 1705 1938 1772; x_wconf 82' lang='lat' dir='ltr'><strong>aut</strong></span> <span class='ocrx_word' id='word_1_178' title='bbox 1971 1693 2287 1772; x_wconf 70' lang='lat' dir='ltr'><strong>Byzantium</strong></span> <span class='ocrx_word' id='word_1_179' title='bbox 2318 1695 2521 1772; x_wconf 40' lang='lat' dir='ltr'><strong>ing-redi</strong></span> <span class='ocrx_word' id='word_1_180' title='bbox 2552 1692 2650 1772; x_wconf 56' lang='lat' dir='ltr'><strong>sibi</strong></span> <span class='ocrx_word' id='word_1_181' title='bbox 2690 1693 2838 1772; x_wconf 77' lang='lat' dir='ltr'><strong>liceat</strong></span> <span class='ocrx_word' id='word_1_182' title='bbox 2866 1713 2883 1758; x_wconf 87' lang='lat'><strong><em>;</em></strong></span> <span class='ocrx_word' id='word_1_183' title='bbox 2918 1705 3021 1772; x_wconf 68' lang='lat' dir='ltr'><strong>aut</strong></span> <span class='ocrx_word' id='word_1_184' title='bbox 3048 1697 3087 1751; x_wconf 88' lang='lat' dir='ltr'><strong>ii</strong></span> <span class='ocrx_word' id='word_1_185' title='bbox 3127 1695 3198 1748; x_wconf 90' lang='lat' dir='ltr'><strong>ad</strong></span> <span class='ocrx_word' id='word_1_186' title='bbox 3220 1712 3288 1772; x_wconf 87' lang='lat' dir='ltr'><strong>_se</strong></span> <span class='ocrx_word' id='word_1_187' title='bbox 3312 1696 3618 1772; x_wconf 83' lang='lat' dir='ltr'><strong>mittantur,</strong></span> <span class='ocrx_word' id='word_1_188' title='bbox 3652 1693 3835 1758; x_wconf 79' lang='lat' dir='ltr'><strong>quibus</strong></span> <span class='ocrx_word' id='word_1_189' title='bbox 3871 1693 4042 1772; x_wconf 69' lang='lat' dir='ltr'><strong>inter-</strong></span> 
     </span>
    </p>
   </div>
   <div class='ocr_carea' id='block_1_30' title="bbox 861 1762 4036 1839">
    <p class='ocr_par' dir='ltr' id='par_1_30' title="bbox 861 1762 4036 1839">
     <span class='ocr_line' id='line_1_30' title="bbox 861 1762 4036 1839; baseline -0.004 -14"><span class='ocrx_word' id='word_1_190' title='bbox 861 1762 1062 1826; x_wconf 78' lang='lat' dir='ltr'><strong>nuntiis</strong></span> <span class='ocrx_word' id='word_1_191' title='bbox 1089 1774 1163 1823; x_wconf 85' lang='lat' dir='ltr'><strong>uti</strong></span> <span class='ocrx_word' id='word_1_192' title='bbox 1189 1772 1368 1839; x_wconf 78' lang='lat' dir='ltr'><strong>possit.</strong></span> <span class='ocrx_word' id='word_1_193' title='bbox 1392 1762 1674 1822; x_wconf 79' lang='lat' dir='ltr'><strong>Mittuntur</strong></span> <span class='ocrx_word' id='word_1_194' title='bbox 1690 1785 1754 1822; x_wconf 78' lang='lat' dir='ltr'><strong>ea:</strong></span> <span class='ocrx_word' id='word_1_195' title='bbox 1776 1762 2302 1839; x_wconf 43' lang='lat' dir='ltr'><strong>omnibus-ordinibus</strong></span> <span class='ocrx_word' id='word_1_196' title='bbox 2327 1764 2531 1839; x_wconf 77' lang='lat' dir='ltr'><strong>delecti.</strong></span> <span class='ocrx_word' id='word_1_197' title='bbox 2557 1762 2806 1839; x_wconf 56' lang='lat' dir='ltr'><strong>Oratione</strong></span> <span class='ocrx_word' id='word_1_198' title='bbox 2825 1766 3113 1839; x_wconf 69' lang='lat' dir='ltr'><strong>artiﬁciosa</strong></span> <span class='ocrx_word' id='word_1_199' title='bbox 3143 1784 3194 1820; x_wconf 85' lang='lat' dir='ltr'><strong>se</strong></span> <span class='ocrx_word' id='word_1_200' title='bbox 3214 1768 3383 1839; x_wconf 72' lang='lat' dir='ltr'><strong>ipsum</strong></span> <span class='ocrx_word' id='word_1_201' title='bbox 3411 1767 3550 1839; x_wconf 79' lang='lat' dir='ltr'><strong>apud</strong></span> <span class='ocrx_word' id='word_1_202' title='bbox 3576 1782 3657 1816; x_wconf 75' lang='lat' dir='ltr'><strong>eos</strong></span> <span class='ocrx_word' id='word_1_203' title='bbox 3679 1768 4036 1839; x_wconf 75' lang='lat' dir='ltr'><strong>conmiendat.</strong></span> 
     </span>
    </p>
   </div>
   <div class='ocr_carea' id='block_1_31' title="bbox 854 1835 4037 1907">
    <p class='ocr_par' dir='ltr' id='par_1_31' title="bbox 854 1835 4037 1907">
     <span class='ocr_line' id='line_1_31' title="bbox 854 1835 4037 1907; baseline -0.005 -10"><span class='ocrx_word' id='word_1_204' title='bbox 854 1846 1021 1897; x_wconf 80' lang='lat' dir='ltr'><strong>Arum</strong></span> <span class='ocrx_word' id='word_1_205' title='bbox 1063 1835 1374 1894; x_wconf 75' lang='lat' dir='ltr'><strong>insectatur.</strong></span> <span class='ocrx_word' id='word_1_206' title='bbox 1421 1840 1652 1893; x_wconf 82' lang='lat' dir='ltr'><strong>Causam</strong></span> <span class='ocrx_word' id='word_1_207' title='bbox 1708 1840 2006 1892; x_wconf 80' lang='lat' dir='ltr'><strong>rebellionis</strong></span> <span class='ocrx_word' id='word_1_208' title='bbox 2046 1838 2367 1907; x_wconf 81' lang='lat' dir='ltr'><strong>probabilem</strong></span> <span class='ocrx_word' id='word_1_209' title='bbox 2402 1835 2846 1907; x_wconf 48' lang='lat' dir='ltr'><strong>aﬁert.Crimina</strong></span> <span class='ocrx_word' id='word_1_210' title='bbox 2893 1837 3095 1904; x_wconf 83' lang='lat' dir='ltr'><strong>objecta</strong></span> <span class='ocrx_word' id='word_1_211' title='bbox 3129 1835 3283 1889; x_wconf 72' lang='lat' dir='ltr'><strong>diluit</strong></span> <span class='ocrx_word' id='word_1_212' title='bbox 3358 1835 3633 1888; x_wconf 74' lang='lat' dir='ltr'><strong>l’ostulmu</strong></span> <span class='ocrx_word' id='word_1_213' title='bbox 3669 1852 3762 1887; x_wconf 83' lang='lat' dir='ltr'><strong>sua</strong></span> <span class='ocrx_word' id='word_1_214' title='bbox 3797 1835 4037 1900; x_wconf 71' lang='lat' dir='ltr'><strong>exponit.</strong></span> 
     </span>
    </p>
   </div>
   <div class='ocr_carea' id='block_1_32' title="bbox 862 1905 3625 1982">
    <p class='ocr_par' dir='ltr' id='par_1_32' title="bbox 862 1905 3625 1982">
     <span class='ocr_line' id='line_1_32' title="bbox 862 1905 3625 1982; baseline -0.004 -14"><span class='ocrx_word' id='word_1_215' title='bbox 862 1913 997 1982; x_wconf 84' lang='lat' dir='ltr'><strong>Ejus</strong></span> <span class='ocrx_word' id='word_1_216' title='bbox 1019 1912 1287 1965; x_wconf 85' lang='lat' dir='ltr'><strong>blanditiis</strong></span> <span class='ocrx_word' id='word_1_217' title='bbox 1320 1912 1553 1978; x_wconf 86' lang='lat' dir='ltr'><strong>corrupti</strong></span> <span class='ocrx_word' id='word_1_218' title='bbox 1582 1911 1893 1963; x_wconf 83' lang='lat' dir='ltr'><strong>internuntii</strong></span> <span class='ocrx_word' id='word_1_219' title='bbox 1918 1905 2231 1979; x_wconf 81' lang='lat' dir='ltr'><strong>Byzantium</strong></span> <span class='ocrx_word' id='word_1_220' title='bbox 2261 1908 2498 1960; x_wconf 87' lang='lat' dir='ltr'><strong>redeunt.</strong></span> <span class='ocrx_word' id='word_1_221' title='bbox 2525 1905 2592 1958; x_wconf 81' lang='lat' dir='ltr'><strong>Ei</strong></span> <span class='ocrx_word' id='word_1_222' title='bbox 2618 1907 2757 1975; x_wconf 83' lang='lat' dir='ltr'><strong>apud</strong></span> <span class='ocrx_word' id='word_1_223' title='bbox 2789 1921 2962 1960; x_wconf 87' lang='lat' dir='ltr'><strong>omnes</strong></span> <span class='ocrx_word' id='word_1_224' title='bbox 2987 1919 3167 1977; x_wconf 87' lang='lat' dir='ltr'><strong>aperte</strong></span> <span class='ocrx_word' id='word_1_225' title='bbox 3202 1911 3625 1978; x_wconf 78' lang='lat' dir='ltr'><strong>patrocinentur.</strong></span> 
     </span>
    </p>
   </div>
   <div class='ocr_carea' id='block_1_33' title="bbox 851 2025 2434 2096">
    <p class='ocr_par' dir='ltr' id='par_1_33' title="bbox 851 2025 2434 2096">
     <span class='ocr_line' id='line_1_33' title="bbox 851 2025 2434 2096; baseline -0.003 -13"><span class='ocrx_word' id='word_1_226' title='bbox 851 2033 891 2085; x_wconf 94' lang='grc'><strong>1.</strong></span> <span class='ocrx_word' id='word_1_227' title='bbox 925 2030 1061 2085; x_wconf 89' lang='lat' dir='ltr'><strong>Cum</strong></span> <span class='ocrx_word' id='word_1_228' title='bbox 1106 2045 1193 2082; x_wconf 90' lang='lat' dir='ltr'><strong>res</strong></span> <span class='ocrx_word' id='word_1_229' title='bbox 1261 2027 1332 2081; x_wconf 89' lang='lat' dir='ltr'><strong>ita</strong></span> <span class='ocrx_word' id='word_1_230' title='bbox 1390 2043 1448 2080; x_wconf 90' lang='lat' dir='ltr'><strong>se</strong></span> <span class='ocrx_word' id='word_1_231' title='bbox 1490 2028 1778 2090; x_wconf 88' lang='lat' dir='ltr'><strong>baberent,</strong></span> <span class='ocrx_word' id='word_1_232' title='bbox 1808 2026 2076 2096; x_wconf 78' lang='lat' dir='ltr'><strong>Rhegium</strong></span> <span class='ocrx_word' id='word_1_233' title='bbox 2111 2025 2362 2096; x_wconf 75' lang='lat' dir='ltr'><strong>pervenit</strong></span> <span class='ocrx_word' id='word_1_234' title='bbox 2392 2035 2434 2090; x_wconf 80' lang='grc' dir='ltr'><strong><em>Β</em></strong></span> 
     </span>
    </p>
   </div>
   <div class='ocr_carea' id='block_1_34' title="bbox 782 2120 2354 2194">
    <p class='ocr_par' dir='ltr' id='par_1_34' title="bbox 782 2120 2354 2194">
     <span class='ocr_line' id='line_1_34' title="bbox 782 2120 2354 2194; baseline -0.005 -15"><span class='ocrx_word' id='word_1_235' title='bbox 782 2128 1078 2194; x_wconf 86' lang='lat' dir='ltr'><strong>imperator</strong></span> <span class='ocrx_word' id='word_1_236' title='bbox 1118 2138 1130 2174; x_wconf 92' lang='lat'><strong>:</strong></span> <span class='ocrx_word' id='word_1_237' title='bbox 1170 2134 1332 2191; x_wconf 85' lang='lat' dir='ltr'><strong>atque</strong></span> <span class='ocrx_word' id='word_1_238' title='bbox 1364 2121 1490 2174; x_wconf 87' lang='lat' dir='ltr'><strong>inde</strong></span> <span class='ocrx_word' id='word_1_239' title='bbox 1543 2120 1735 2189; x_wconf 84' lang='lat' dir='ltr'><strong>legatis</strong></span> <span class='ocrx_word' id='word_1_240' title='bbox 1764 2120 1828 2170; x_wconf 90' lang='lat' dir='ltr'><strong>ad</strong></span> <span class='ocrx_word' id='word_1_241' title='bbox 1851 2136 2010 2173; x_wconf 89' lang='lat' dir='ltr'><strong>avum</strong></span> <span class='ocrx_word' id='word_1_242' title='bbox 2059 2120 2354 2188; x_wconf 82' lang='lat' dir='ltr'><strong>imperato-</strong></span> 
     </span>
    </p>
   </div>
   <div class='ocr_carea' id='block_1_35' title="bbox 783 2209 2359 2280">
    <p class='ocr_par' dir='ltr' id='par_1_35' title="bbox 783 2209 2359 2280">
     <span class='ocr_line' id='line_1_35' title="bbox 783 2209 2359 2280; baseline -0.004 -10"><span class='ocrx_word' id='word_1_243' title='bbox 783 2231 898 2270; x_wconf 86' lang='lat' dir='ltr'><strong>rem</strong></span> <span class='ocrx_word' id='word_1_244' title='bbox 934 2215 1117 2267; x_wconf 77' lang='lat' dir='ltr'><strong>missis</strong></span> <span class='ocrx_word' id='word_1_245' title='bbox 1143 2209 1468 2267; x_wconf 84' lang='lat' dir='ltr'><strong>alterutrum</strong></span> <span class='ocrx_word' id='word_1_246' title='bbox 1507 2213 1610 2265; x_wconf 83' lang='lat' dir='ltr'><strong>sibi</strong></span> <span class='ocrx_word' id='word_1_247' title='bbox 1635 2211 1864 2264; x_wconf 86' lang='lat' dir='ltr'><strong>concedi</strong></span> <span class='ocrx_word' id='word_1_248' title='bbox 1895 2211 2151 2280; x_wconf 88' lang='lat' dir='ltr'><strong>postulat,</strong></span> <span class='ocrx_word' id='word_1_249' title='bbox 2181 2219 2359 2264; x_wconf 88' lang='lat' dir='ltr'><strong>utaut</strong></span> 
     </span>
    </p>
   </div>
   <div class='ocr_carea' id='block_1_36' title="bbox 782 2302 2358 2375">
    <p class='ocr_par' dir='ltr' id='par_1_36' title="bbox 782 2302 2358 2375">
     <span class='ocr_line' id='line_1_36' title="bbox 782 2302 2358 2375; baseline -0.003 -17"><span class='ocrx_word' id='word_1_250' title='bbox 782 2322 880 2375; x_wconf 79' lang='lat' dir='ltr'><strong>per</strong></span> <span class='ocrx_word' id='word_1_251' title='bbox 904 2304 1152 2357; x_wconf 78' lang='lat' dir='ltr'><strong>inducias</strong></span> <span class='ocrx_word' id='word_1_252' title='bbox 1181 2307 1294 2371; x_wconf 91' lang='lat' dir='ltr'><strong>ipse</strong></span> <span class='ocrx_word' id='word_1_253' title='bbox 1327 2303 1378 2355; x_wconf 89' lang='lat' dir='ltr'><strong>in</strong></span> <span class='ocrx_word' id='word_1_254' title='bbox 1416 2305 1605 2355; x_wconf 90' lang='lat' dir='ltr'><strong>urbem</strong></span> <span class='ocrx_word' id='word_1_255' title='bbox 1662 2303 1918 2363; x_wconf 85' lang='lat' dir='ltr'><strong>introeat,</strong></span> <span class='ocrx_word' id='word_1_256' title='bbox 1951 2311 2045 2354; x_wconf 89' lang='lat' dir='ltr'><strong>aut</strong></span> <span class='ocrx_word' id='word_1_257' title='bbox 2087 2302 2254 2370; x_wconf 92' lang='lat' dir='ltr'><strong>aliqui</strong></span> <span class='ocrx_word' id='word_1_258' title='bbox 2291 2317 2358 2355; x_wconf 77' lang='lat' dir='ltr'><strong>ex</strong></span> 
     </span>
    </p>
   </div>
   <div class='ocr_carea' id='block_1_37' title="bbox 781 2382 2359 2468">
    <p class='ocr_par' dir='ltr' id='par_1_37' title="bbox 781 2382 2359 2468">
     <span class='ocr_line' id='line_1_37' title="bbox 781 2382 2359 2468; baseline -0.002 -17"><span class='ocrx_word' id='word_1_259' title='bbox 781 2382 1056 2468; x_wconf 73' lang='lat' dir='ltr'><strong>Byzantiis</strong></span> <span class='ocrx_word' id='word_1_260' title='bbox 1099 2397 1164 2449; x_wconf 90' lang='lat' dir='ltr'><strong>ad</strong></span> <span class='ocrx_word' id='word_1_261' title='bbox 1202 2410 1259 2448; x_wconf 90' lang='lat' dir='ltr'><strong>se</strong></span> <span class='ocrx_word' id='word_1_262' title='bbox 1320 2397 1567 2460; x_wconf 87' lang='lat' dir='ltr'><strong>veniant,</strong></span> <span class='ocrx_word' id='word_1_263' title='bbox 1605 2405 1829 2449; x_wconf 87' lang='lat' dir='ltr'><strong>senatus</strong></span> <span class='ocrx_word' id='word_1_264' title='bbox 1881 2395 2152 2462; x_wconf 90' lang='lat' dir='ltr'><strong>primores</strong></span> <span class='ocrx_word' id='word_1_265' title='bbox 2178 2395 2359 2450; x_wconf 88' lang='lat' dir='ltr'><strong>etEc-</strong></span> 
     </span>
    </p>
   </div>
   <div class='ocr_carea' id='block_1_38' title="bbox 781 2489 2361 2558">
    <p class='ocr_par' dir='ltr' id='par_1_38' title="bbox 781 2489 2361 2558">
     <span class='ocr_line' id='line_1_38' title="bbox 781 2489 2361 2558; baseline -0.002 -14"><span class='ocrx_word' id='word_1_266' title='bbox 781 2491 962 2544; x_wconf 77' lang='lat' dir='ltr'><strong>clesia:</strong></span> <span class='ocrx_word' id='word_1_267' title='bbox 1010 2491 1314 2558; x_wconf 86' lang='lat' dir='ltr'><strong>principes,</strong></span> <span class='ocrx_word' id='word_1_268' title='bbox 1351 2500 1405 2542; x_wconf 92' lang='lat' dir='ltr'><strong>ct</strong></span> <span class='ocrx_word' id='word_1_269' title='bbox 1478 2491 1522 2543; x_wconf 90' lang='lat' dir='ltr'><strong>si</strong></span> <span class='ocrx_word' id='word_1_270' title='bbox 1588 2489 1680 2558; x_wconf 90' lang='lat' dir='ltr'><strong>qui</strong></span> <span class='ocrx_word' id='word_1_271' title='bbox 1722 2506 1789 2543; x_wconf 81' lang='lat' dir='ltr'><strong>ex</strong></span> <span class='ocrx_word' id='word_1_272' title='bbox 1815 2490 2014 2558; x_wconf 87' lang='lat' dir='ltr'><strong>populo</strong></span> <span class='ocrx_word' id='word_1_273' title='bbox 2049 2489 2361 2543; x_wconf 89' lang='lat' dir='ltr'><strong>eruditione</strong></span> 
     </span>
    </p>
   </div>
   <div class='ocr_carea' id='block_1_39' title="bbox 787 2580 2360 2650">
    <p class='ocr_par' dir='ltr' id='par_1_39' title="bbox 787 2580 2360 2650">
     <span class='ocr_line' id='line_1_39' title="bbox 787 2580 2360 2650; baseline -0.003 -15"><span class='ocrx_word' id='word_1_274' title='bbox 787 2581 1259 2635; x_wconf 85' lang='lat' dir='ltr'><strong>commendabiles</strong></span> <span class='ocrx_word' id='word_1_275' title='bbox 1289 2581 1419 2643; x_wconf 90' lang='lat' dir='ltr'><strong>sint,</strong></span> <span class='ocrx_word' id='word_1_276' title='bbox 1453 2581 1542 2649; x_wconf 91' lang='lat' dir='ltr'><strong>qui</strong></span> <span class='ocrx_word' id='word_1_277' title='bbox 1599 2596 1660 2634; x_wconf 86' lang='lat' dir='ltr'><strong>ea</strong></span> <span class='ocrx_word' id='word_1_278' title='bbox 1699 2596 1819 2650; x_wconf 75' lang='lat' dir='ltr'><strong>qua:</strong></span> <span class='ocrx_word' id='word_1_279' title='bbox 1858 2581 2108 2635; x_wconf 85' lang='lat' dir='ltr'><strong>dicturus</strong></span> <span class='ocrx_word' id='word_1_280' title='bbox 2130 2580 2220 2641; x_wconf 90' lang='lat' dir='ltr'><strong>sit,</strong></span> <span class='ocrx_word' id='word_1_281' title='bbox 2257 2580 2360 2633; x_wconf 85' lang='lat' dir='ltr'><strong>im-</strong></span> 
     </span>
    </p>
   </div>
   <div class='ocr_carea' id='block_1_40' title="bbox 786 2670 2362 2741">
    <p class='ocr_par' dir='ltr' id='par_1_40' title="bbox 786 2670 2362 2741">
     <span class='ocr_line' id='line_1_40' title="bbox 786 2670 2362 2741; baseline 0.002 -20"><span class='ocrx_word' id='word_1_282' title='bbox 786 2671 1026 2740; x_wconf 81' lang='lat' dir='ltr'><strong>peratori</strong></span> <span class='ocrx_word' id='word_1_283' title='bbox 1063 2682 1116 2724; x_wconf 91' lang='lat' dir='ltr'><strong>et</strong></span> <span class='ocrx_word' id='word_1_284' title='bbox 1157 2672 1254 2724; x_wconf 85' lang='lat' dir='ltr'><strong>toti</strong></span> <span class='ocrx_word' id='word_1_285' title='bbox 1313 2671 1572 2741; x_wconf 74' lang='lat' dir='ltr'><strong>Byzantio</strong></span> <span class='ocrx_word' id='word_1_286' title='bbox 1615 2673 1936 2724; x_wconf 88' lang='lat' dir='ltr'><strong>renuntiare</strong></span> <span class='ocrx_word' id='word_1_287' title='bbox 1995 2672 2224 2739; x_wconf 86' lang='lat' dir='ltr'><strong>possint.</strong></span> <span class='ocrx_word' id='word_1_288' title='bbox 2261 2670 2362 2724; x_wconf 89' lang='lat' dir='ltr'><strong>Sc-</strong></span> 
     </span>
    </p>
   </div>
   <div class='ocr_carea' id='block_1_41' title="bbox 787 2762 2362 2834">
    <p class='ocr_par' dir='ltr' id='par_1_41' title="bbox 787 2762 2362 2834">
     <span class='ocr_line' id='line_1_41' title="bbox 787 2762 2362 2834; baseline -0.001 -18"><span class='ocrx_word' id='word_1_289' title='bbox 787 2765 910 2817; x_wconf 86' lang='lat' dir='ltr'><strong>nior</strong></span> <span class='ocrx_word' id='word_1_290' title='bbox 937 2779 1089 2827; x_wconf 82' lang='lat' dir='ltr'><strong>vero,</strong></span> <span class='ocrx_word' id='word_1_291' title='bbox 1113 2779 1239 2817; x_wconf 89' lang='lat' dir='ltr'><strong>cum</strong></span> <span class='ocrx_word' id='word_1_292' title='bbox 1266 2780 1326 2816; x_wconf 87' lang='lat' dir='ltr'><strong>ea</strong></span> <span class='ocrx_word' id='word_1_293' title='bbox 1373 2765 1643 2833; x_wconf 88' lang='lat' dir='ltr'><strong>postulata</strong></span> <span class='ocrx_word' id='word_1_294' title='bbox 1679 2767 1835 2834; x_wconf 87' lang='lat' dir='ltr'><strong>plena</strong></span> <span class='ocrx_word' id='word_1_295' title='bbox 1864 2763 1973 2816; x_wconf 91' lang='lat' dir='ltr'><strong>doli</strong></span> <span class='ocrx_word' id='word_1_296' title='bbox 1998 2777 2121 2816; x_wconf 86' lang='lat' dir='ltr'><strong>esse</strong></span> <span class='ocrx_word' id='word_1_297' title='bbox 2142 2762 2362 2832; x_wconf 82' lang='lat' dir='ltr'><strong>judica-</strong></span> 
     </span>
    </p>
   </div>
   <div class='ocr_carea' id='block_1_42' title="bbox 789 2854 2366 2924">
    <p class='ocr_par' dir='ltr' id='par_1_42' title="bbox 789 2854 2366 2924">
     <span class='ocr_line' id='line_1_42' title="bbox 789 2854 2366 2924; baseline -0.001 -16"><span class='ocrx_word' id='word_1_298' title='bbox 789 2865 894 2918; x_wconf 71' lang='lat' dir='ltr'><strong>ret,</strong></span> <span class='ocrx_word' id='word_1_299' title='bbox 917 2855 1083 2924; x_wconf 77' lang='lat'><strong>398</strong></span> <span class='ocrx_word' id='word_1_300' title='bbox 1110 2857 1201 2907; x_wconf 90' lang='lat' dir='ltr'><strong>diu</strong></span> <span class='ocrx_word' id='word_1_301' title='bbox 1242 2855 1414 2920; x_wconf 88' lang='lat' dir='ltr'><strong>siluit,</strong></span> <span class='ocrx_word' id='word_1_302' title='bbox 1445 2871 1629 2908; x_wconf 82' lang='lat' dir='ltr'><strong>secum</strong></span> <span class='ocrx_word' id='word_1_303' title='bbox 1683 2855 2021 2915; x_wconf 89' lang='lat' dir='ltr'><strong>deliberans,</strong></span> <span class='ocrx_word' id='word_1_304' title='bbox 2051 2864 2234 2906; x_wconf 86' lang='lat' dir='ltr'><strong>utrum</strong></span> <span class='ocrx_word' id='word_1_305' title='bbox 2266 2854 2366 2908; x_wconf 81' lang='lat' dir='ltr'><strong>eli-</strong></span> 
     </span>
    </p>
   </div>
   <div class='ocr_carea' id='block_1_43' title="bbox 785 2946 2365 3015">
    <p class='ocr_par' dir='ltr' id='par_1_43' title="bbox 785 2946 2365 3015">
     <span class='ocr_line' id='line_1_43' title="bbox 785 2946 2365 3015; baseline 0 -17"><span class='ocrx_word' id='word_1_306' title='bbox 785 2955 956 3015; x_wconf 84' lang='lat' dir='ltr'><strong>geret.</strong></span> <span class='ocrx_word' id='word_1_307' title='bbox 985 2947 1122 3000; x_wconf 88' lang='lat' dir='ltr'><strong>Nam</strong></span> <span class='ocrx_word' id='word_1_308' title='bbox 1155 2947 1373 3013; x_wconf 87' lang='lat' dir='ltr'><strong>nepotis</strong></span> <span class='ocrx_word' id='word_1_309' title='bbox 1403 2948 1456 2999; x_wconf 91' lang='lat' dir='ltr'><strong>in</strong></span> <span class='ocrx_word' id='word_1_310' title='bbox 1495 2948 1683 2999; x_wconf 85' lang='lat' dir='ltr'><strong>urbem</strong></span> <span class='ocrx_word' id='word_1_311' title='bbox 1737 2946 2044 3014; x_wconf 88' lang='lat' dir='ltr'><strong>ingressum</strong></span> <span class='ocrx_word' id='word_1_312' title='bbox 2091 2947 2365 3013; x_wconf 86' lang='lat' dir='ltr'><strong>pernicio-</strong></span> 
     </span>
    </p>
   </div>
   <div class='ocr_carea' id='block_1_44' title="bbox 787 3037 2363 3108">
    <p class='ocr_par' dir='ltr' id='par_1_44' title="bbox 787 3037 2363 3108">
     <span class='ocr_line' id='line_1_44' title="bbox 787 3037 2363 3108; baseline 0.001 -19"><span class='ocrx_word' id='word_1_313' title='bbox 787 3054 908 3090; x_wconf 88' lang='lat' dir='ltr'><strong>sum</strong></span> <span class='ocrx_word' id='word_1_314' title='bbox 992 3053 1173 3106; x_wconf 88' lang='lat' dir='ltr'><strong>neque</strong></span> <span class='ocrx_word' id='word_1_315' title='bbox 1250 3039 1599 3091; x_wconf 82' lang='lat' dir='ltr'><strong>incruentum</strong></span> <span class='ocrx_word' id='word_1_316' title='bbox 1677 3037 1793 3091; x_wconf 82' lang='lat' dir='ltr'><strong>fore</strong></span> <span class='ocrx_word' id='word_1_317' title='bbox 1848 3054 1862 3090; x_wconf 86' lang='lat'>:</span> <span class='ocrx_word' id='word_1_318' title='bbox 1922 3047 2144 3108; x_wconf 89' lang='lat' dir='ltr'><strong>paratos</strong></span> <span class='ocrx_word' id='word_1_319' title='bbox 2218 3037 2363 3090; x_wconf 91' lang='lat' dir='ltr'><strong>enim</strong></span> 
     </span>
    </p>
   </div>
   <div class='ocr_carea' id='block_1_45' title="bbox 791 3128 2364 3197">
    <p class='ocr_par' dir='ltr' id='par_1_45' title="bbox 791 3128 2364 3197">
     <span class='ocr_line' id='line_1_45' title="bbox 791 3128 2364 3197; baseline 0.002 -18"><span class='ocrx_word' id='word_1_320' title='bbox 791 3128 1102 3196; x_wconf 54' lang='lat' dir='ltr'><strong>Byzantios,</strong></span> <span class='ocrx_word' id='word_1_321' title='bbox 1134 3130 1317 3182; x_wconf 87' lang='lat' dir='ltr'><strong>statim</strong></span> <span class='ocrx_word' id='word_1_322' title='bbox 1355 3141 1519 3197; x_wconf 86' lang='lat' dir='ltr'><strong>atque</strong></span> <span class='ocrx_word' id='word_1_323' title='bbox 1564 3146 1688 3181; x_wconf 85' lang='lat' dir='ltr'><strong>eum</strong></span> <span class='ocrx_word' id='word_1_324' title='bbox 1744 3130 1886 3181; x_wconf 90' lang='lat' dir='ltr'><strong>intra</strong></span> <span class='ocrx_word' id='word_1_325' title='bbox 1920 3139 2106 3196; x_wconf 87' lang='lat' dir='ltr'><strong>portas</strong></span> <span class='ocrx_word' id='word_1_326' title='bbox 2132 3143 2364 3197; x_wconf 66' lang='grc' dir='ltr'>ϐοηδρο-</span> 
     </span>
    </p>
   </div>
   <div class='ocr_carea' id='block_1_46' title="bbox 788 3220 2366 3290">
    <p class='ocr_par' dir='ltr' id='par_1_46' title="bbox 788 3220 2366 3290">
     <span class='ocr_line' id='line_1_46' title="bbox 788 3220 2366 3290; baseline -0.001 -17"><span class='ocrx_word' id='word_1_327' title='bbox 788 3220 930 3274; x_wconf 85' lang='lat' dir='ltr'><strong>cturi</strong></span> <span class='ocrx_word' id='word_1_328' title='bbox 985 3229 1191 3285; x_wconf 85' lang='lat' dir='ltr'><strong>essent,</strong></span> <span class='ocrx_word' id='word_1_329' title='bbox 1229 3221 1302 3273; x_wconf 90' lang='lat' dir='ltr'><strong>illi</strong></span> <span class='ocrx_word' id='word_1_330' title='bbox 1337 3221 1559 3289; x_wconf 84' lang='lat' dir='ltr'><strong>quidem</strong></span> <span class='ocrx_word' id='word_1_331' title='bbox 1594 3221 1846 3290; x_wconf 89' lang='lat' dir='ltr'><strong>obsequi,</strong></span> <span class='ocrx_word' id='word_1_332' title='bbox 1898 3221 2003 3274; x_wconf 89' lang='lat' dir='ltr'><strong>sibi</strong></span> <span class='ocrx_word' id='word_1_333' title='bbox 2036 3235 2167 3274; x_wconf 84' lang='lat' dir='ltr'><strong>vero</strong></span> <span class='ocrx_word' id='word_1_334' title='bbox 2202 3221 2366 3274; x_wconf 77' lang='lat' dir='ltr'><strong>vitam</strong></span> 
     </span>
    </p>
   </div>
   <div class='ocr_carea' id='block_1_47' title="bbox 787 3312 2364 3382">
    <p class='ocr_par' dir='ltr' id='par_1_47' title="bbox 787 3312 2364 3382">
     <span class='ocr_line' id='line_1_47' title="bbox 787 3312 2364 3382; baseline 0.001 -18"><span class='ocrx_word' id='word_1_335' title='bbox 787 3312 987 3364; x_wconf 85' lang='lat' dir='ltr'><strong>acerba</strong></span> <span class='ocrx_word' id='word_1_336' title='bbox 1043 3321 1218 3364; x_wconf 90' lang='lat' dir='ltr'><strong>morte</strong></span> <span class='ocrx_word' id='word_1_337' title='bbox 1285 3313 1516 3380; x_wconf 80' lang='lat' dir='ltr'><strong>eripere.</strong></span> <span class='ocrx_word' id='word_1_338' title='bbox 1588 3313 1800 3366; x_wconf 71' lang='lat' dir='ltr'><strong>liursus</strong></span> <span class='ocrx_word' id='word_1_339' title='bbox 1866 3314 2250 3382; x_wconf 81' lang='lat' dir='ltr'><strong>Byzantiorum</strong></span> <span class='ocrx_word' id='word_1_340' title='bbox 2299 3313 2364 3366; x_wconf 92' lang='lat' dir='ltr'><strong>ad</strong></span> 
     </span>
    </p>
   </div>
   <div class='ocr_carea' id='block_1_48' title="bbox 2541 2021 4042 2098">
    <p class='ocr_par' dir='ltr' id='par_1_48' title="bbox 2541 2021 4042 2098">
     <span class='ocr_line' id='line_1_48' title="bbox 2541 2021 4042 2098; baseline 0.001 -23"><span class='ocrx_word' id='word_1_341' title='bbox 2541 2021 2779 2095; x_wconf 67' lang='lat' dir='ltr'><strong>[P.245]</strong></span> <span class='ocrx_word' id='word_1_342' title='bbox 2809 2021 2885 2078; x_wconf 80' lang='lat' dir='ltr'><strong>A&#39;.</strong></span> <span class='ocrx_word' id='word_1_343' title='bbox 2940 2024 3095 2077; x_wconf 81' lang='grc' dir='ltr'>Οὕτω</span> <span class='ocrx_word' id='word_1_344' title='bbox 3132 2025 3196 2096; x_wconf 79' lang='grc' dir='ltr'>δὴ</span> <span class='ocrx_word' id='word_1_345' title='bbox 3247 2026 3351 2077; x_wconf 86' lang='grc' dir='ltr'>τὼν</span> <span class='ocrx_word' id='word_1_346' title='bbox 3406 2029 3747 2098; x_wconf 73' lang='grc' dir='ltr'>πραγμάτιον</span> <span class='ocrx_word' id='word_1_347' title='bbox 3801 2026 4042 2094; x_wconf 82' lang='grc' dir='ltr'>ἐχόντων</span> 
     </span>
    </p>
   </div>
   <div class='ocr_carea' id='block_1_49' title="bbox 2459 2120 4042 2193">
    <p class='ocr_par' dir='ltr' id='par_1_49' title="bbox 2459 2120 4042 2193">
     <span class='ocr_line' id='line_1_49' title="bbox 2459 2120 4042 2193; baseline 0.004 -23"><span class='ocrx_word' id='word_1_348' title='bbox 2459 2120 2584 2189; x_wconf 75' lang='grc' dir='ltr'>ἥκει</span> <span class='ocrx_word' id='word_1_349' title='bbox 2631 2121 2759 2189; x_wconf 74' lang='grc' dir='ltr'>περὶ</span> <span class='ocrx_word' id='word_1_350' title='bbox 2817 2123 2877 2172; x_wconf 82' lang='grc' dir='ltr'><strong>τὸ</strong></span> <span class='ocrx_word' id='word_1_351' title='bbox 2939 2121 3155 2191; x_wconf 74' lang='grc' dir='ltr'>Ῥήγιον</span> <span class='ocrx_word' id='word_1_352' title='bbox 3193 2123 3306 2193; x_wconf 87' lang='grc'><strong>(67)</strong></span> <span class='ocrx_word' id='word_1_353' title='bbox 3341 2126 3367 2176; x_wconf 86' lang='grc' dir='ltr'><strong>ό</strong></span> <span class='ocrx_word' id='word_1_354' title='bbox 3425 2123 3719 2192; x_wconf 78' lang='grc' dir='ltr'>βασιλεύς’</span> <span class='ocrx_word' id='word_1_355' title='bbox 3777 2127 4042 2177; x_wconf 70' lang='grc' dir='ltr'>κάκεῖθεν</span> 
     </span>
    </p>
   </div>
   <div class='ocr_carea' id='block_1_50' title="bbox 2461 2213 4042 2287">
    <p class='ocr_par' dir='ltr' id='par_1_50' title="bbox 2461 2213 4042 2287">
     <span class='ocr_line' id='line_1_50' title="bbox 2461 2213 4042 2287; baseline 0.006 -24"><span class='ocrx_word' id='word_1_356' title='bbox 2461 2213 2825 2281; x_wconf 78' lang='grc' dir='ltr'>πρεσὸεύεται</span> <span class='ocrx_word' id='word_1_357' title='bbox 2881 2215 3018 2282; x_wconf 76' lang='grc' dir='ltr'>πρὸς</span> <span class='ocrx_word' id='word_1_358' title='bbox 3074 2217 3165 2268; x_wconf 81' lang='grc' dir='ltr'><strong>τὸν</strong></span> <span class='ocrx_word' id='word_1_359' title='bbox 3222 2217 3448 2287; x_wconf 78' lang='grc' dir='ltr'>βασιλέα</span> <span class='ocrx_word' id='word_1_360' title='bbox 3495 2221 3588 2270; x_wconf 72' lang='grc' dir='ltr'>καὶ</span> <span class='ocrx_word' id='word_1_361' title='bbox 3637 2219 3858 2270; x_wconf 69' lang='grc' dir='ltr'>πάππον</span> <span class='ocrx_word' id='word_1_362' title='bbox 3887 2221 4042 2272; x_wconf 77' lang='grc' dir='ltr'>δυοῖν</span> 
     </span>
    </p>
   </div>
   <div class='ocr_carea' id='block_1_51' title="bbox 2460 2304 4042 2381">
    <p class='ocr_par' dir='ltr' id='par_1_51' title="bbox 2460 2304 4042 2381">
     <span class='ocr_line' id='line_1_51' title="bbox 2460 2304 4042 2381; baseline 0.007 -27"><span class='ocrx_word' id='word_1_363' title='bbox 2460 2304 2791 2373; x_wconf 79' lang='grc' dir='ltr'>ζητημάτων</span> <span class='ocrx_word' id='word_1_364' title='bbox 2822 2307 3080 2374; x_wconf 83' lang='grc' dir='ltr'>ὁπότερον</span> <span class='ocrx_word' id='word_1_365' title='bbox 3110 2310 3461 2378; x_wconf 79' lang='grc' dir='ltr'>συγχωρῆσαί</span> <span class='ocrx_word' id='word_1_366' title='bbox 3498 2311 3569 2374; x_wconf 77' lang='grc' dir='ltr'>οἱ,</span> <span class='ocrx_word' id='word_1_367' title='bbox 3613 2310 3644 2380; x_wconf 75' lang='grc' dir='ltr'><strong>ἦ</strong></span> <span class='ocrx_word' id='word_1_368' title='bbox 3679 2314 3776 2380; x_wconf 78' lang='grc' dir='ltr'><strong>τὴν</strong></span> <span class='ocrx_word' id='word_1_369' title='bbox 3813 2314 3952 2381; x_wconf 74' lang='grc' dir='ltr'>πρὸς</span> <span class='ocrx_word' id='word_1_370' title='bbox 3982 2319 4042 2364; x_wconf 55' lang='grc' dir='ltr'><strong>το</strong></span> 
     </span>
    </p>
   </div>
   <div class='ocr_carea' id='block_1_52' title="bbox 2462 2397 4041 2473">
    <p class='ocr_par' dir='ltr' id='par_1_52' title="bbox 2462 2397 4041 2473">
     <span class='ocr_line' id='line_1_52' title="bbox 2462 2397 4041 2473; baseline 0.006 -26"><span class='ocrx_word' id='word_1_371' title='bbox 2462 2397 2752 2460; x_wconf 79' lang='grc' dir='ltr'>Βυζάντιον</span> <span class='ocrx_word' id='word_1_372' title='bbox 2784 2399 3125 2452; x_wconf 69' lang='grc' dir='ltr'>ὑπόσπονδον</span> <span class='ocrx_word' id='word_1_373' title='bbox 3157 2403 3383 2467; x_wconf 73' lang='grc' dir='ltr'>εἴσοδον,</span> <span class='ocrx_word' id='word_1_374' title='bbox 3411 2403 3444 2473; x_wconf 77' lang='grc' dir='ltr'><strong>ἢ</strong></span> <span class='ocrx_word' id='word_1_375' title='bbox 3477 2405 3585 2454; x_wconf 83' lang='grc' dir='ltr'><strong>τῶν</strong></span> <span class='ocrx_word' id='word_1_376' title='bbox 3619 2409 3680 2454; x_wconf 83' lang='grc' dir='ltr'>ὲκ</span> <span class='ocrx_word' id='word_1_377' title='bbox 3735 2406 4041 2467; x_wconf 75' lang='grc' dir='ltr'>Βυζαντίου</span> 
     </span>
    </p>
   </div>
   <div class='ocr_carea' id='block_1_53' title="bbox 2461 2489 4041 2566">
    <p class='ocr_par' dir='ltr' id='par_1_53' title="bbox 2461 2489 4041 2566">
     <span class='ocr_line' id='line_1_53' title="bbox 2461 2489 4041 2566; baseline 0.006 -26"><span class='ocrx_word' id='word_1_378' title='bbox 2461 2489 2625 2540; x_wconf 84' lang='grc' dir='ltr'>τινῶν</span> <span class='ocrx_word' id='word_1_379' title='bbox 2660 2491 2737 2551; x_wconf 86' lang='grc' dir='ltr'><strong>είς</strong></span> <span class='ocrx_word' id='word_1_380' title='bbox 2771 2494 2977 2544; x_wconf 84' lang='grc' dir='ltr'>ἐκεῖνον</span> <span class='ocrx_word' id='word_1_381' title='bbox 3002 2492 3186 2561; x_wconf 82' lang='grc' dir='ltr'>ἄφιξιν</span> <span class='ocrx_word' id='word_1_382' title='bbox 3235 2493 3296 2545; x_wconf 74' lang='grc' dir='ltr'>ἐκ</span> <span class='ocrx_word' id='word_1_383' title='bbox 3345 2511 3403 2546; x_wconf 81' lang='grc' dir='ltr'><strong>τε</strong></span> <span class='ocrx_word' id='word_1_384' title='bbox 3453 2496 3558 2547; x_wconf 81' lang='grc' dir='ltr'>τῶν</span> <span class='ocrx_word' id='word_1_385' title='bbox 3590 2498 3686 2564; x_wconf 73' lang='grc' dir='ltr'>τῆς</span> <span class='ocrx_word' id='word_1_386' title='bbox 3724 2499 4041 2566; x_wconf 79' lang='grc' dir='ltr'>συγκλήτου</span> 
     </span>
    </p>
   </div>
   <div class='ocr_carea' id='block_1_54' title="bbox 2462 2579 4042 2655">
    <p class='ocr_par' dir='ltr' id='par_1_54' title="bbox 2462 2579 4042 2655">
     <span class='ocr_line' id='line_1_54' title="bbox 2462 2579 4042 2655; baseline 0.004 -23"><span class='ocrx_word' id='word_1_387' title='bbox 2462 2579 2524 2632; x_wconf 74' lang='grc' dir='ltr'>ἐκ</span> <span class='ocrx_word' id='word_1_388' title='bbox 2553 2597 2608 2633; x_wconf 88' lang='grc' dir='ltr'><strong>τε</strong></span> <span class='ocrx_word' id='word_1_389' title='bbox 2640 2583 2749 2634; x_wconf 85' lang='grc' dir='ltr'><strong>τῶν</strong></span> <span class='ocrx_word' id='word_1_390' title='bbox 2769 2586 2868 2654; x_wconf 78' lang='grc' dir='ltr'>τῆς</span> <span class='ocrx_word' id='word_1_391' title='bbox 2901 2584 3229 2655; x_wconf 81' lang='grc' dir='ltr'>Ἐκκλησίας</span> <span class='ocrx_word' id='word_1_392' title='bbox 3261 2587 3559 2655; x_wconf 74' lang='grc' dir='ltr'>ἀρχόντων,</span> <span class='ocrx_word' id='word_1_393' title='bbox 3593 2593 3685 2642; x_wconf 72' lang='grc' dir='ltr'><strong>καὶ</strong></span> <span class='ocrx_word' id='word_1_394' title='bbox 3710 2589 3760 2640; x_wconf 82' lang='grc' dir='ltr'>εἴ</span> <span class='ocrx_word' id='word_1_395' title='bbox 3787 2608 3932 2652; x_wconf 63' lang='grc' dir='ltr'>τινες</span> <span class='ocrx_word' id='word_1_396' title='bbox 3977 2593 4042 2641; x_wconf 80' lang='grc' dir='ltr'>ἐκ</span> 
     </span>
    </p>
   </div>
   <div class='ocr_carea' id='block_1_55' title="bbox 2461 2674 4045 2750">
    <p class='ocr_par' dir='ltr' id='par_1_55' title="bbox 2461 2674 4045 2750">
     <span class='ocr_line' id='line_1_55' title="bbox 2461 2674 4045 2750; baseline 0.004 -25"><span class='ocrx_word' id='word_1_397' title='bbox 2461 2674 2555 2726; x_wconf 76' lang='grc' dir='ltr'><strong>τοῦ</strong></span> <span class='ocrx_word' id='word_1_398' title='bbox 2583 2674 2755 2744; x_wconf 78' lang='grc' dir='ltr'>δήμου</span> <span class='ocrx_word' id='word_1_399' title='bbox 2802 2678 3050 2740; x_wconf 75' lang='grc' dir='ltr'>παιδείας</span> <span class='ocrx_word' id='word_1_400' title='bbox 3099 2675 3157 2731; x_wconf 77' lang='grc' dir='ltr'><strong>εὖ</strong></span> <span class='ocrx_word' id='word_1_401' title='bbox 3194 2679 3410 2750; x_wconf 81' lang='grc' dir='ltr'>ἔχοντες</span> <span class='ocrx_word' id='word_1_402' title='bbox 3462 2675 3596 2742; x_wconf 82' lang='grc' dir='ltr'>εἷεν,</span> <span class='ocrx_word' id='word_1_403' title='bbox 3629 2682 3825 2742; x_wconf 74' lang='grc' dir='ltr'>οἵτινες</span> <span class='ocrx_word' id='word_1_404' title='bbox 3860 2683 4045 2733; x_wconf 69' lang='grc' dir='ltr'>ἱκανοὶ</span> 
     </span>
    </p>
   </div>
   <div class='ocr_carea' id='block_1_56' title="bbox 2465 2773 4046 2846">
    <p class='ocr_par' dir='ltr' id='par_1_56' title="bbox 2465 2773 4046 2846">
     <span class='ocr_line' id='line_1_56' title="bbox 2465 2773 4046 2846; baseline 0.003 -22"><span class='ocrx_word' id='word_1_405' title='bbox 2465 2774 2680 2824; x_wconf 76' lang='grc' dir='ltr'>ἔσονται</span> <span class='ocrx_word' id='word_1_406' title='bbox 2717 2773 2785 2826; x_wconf 72' lang='grc' dir='ltr'>τὰ</span> <span class='ocrx_word' id='word_1_407' title='bbox 2817 2773 2908 2826; x_wconf 78' lang='grc' dir='ltr'>ὑπ’</span> <span class='ocrx_word' id='word_1_408' title='bbox 2943 2775 3156 2827; x_wconf 78' lang='grc' dir='ltr'>ἐκείνου</span> <span class='ocrx_word' id='word_1_409' title='bbox 3186 2775 3568 2844; x_wconf 80' lang='grc' dir='ltr'>λεχθησόμενα</span> <span class='ocrx_word' id='word_1_410' title='bbox 3596 2777 3936 2844; x_wconf 76' lang='grc' dir='ltr'>ἀπαγγεῖλαι</span> <span class='ocrx_word' id='word_1_411' title='bbox 3968 2777 4046 2846; x_wconf 78' lang='grc' dir='ltr'>τῷ</span> 
     </span>
    </p>
   </div>
   <div class='ocr_carea' id='block_1_57' title="bbox 2465 2865 4049 2938">
    <p class='ocr_par' dir='ltr' id='par_1_57' title="bbox 2465 2865 4049 2938">
     <span class='ocr_line' id='line_1_57' title="bbox 2465 2865 4049 2938; baseline 0.002 -20"><span class='ocrx_word' id='word_1_412' title='bbox 2465 2882 2522 2918; x_wconf 82' lang='grc' dir='ltr'><strong>τε</strong></span> <span class='ocrx_word' id='word_1_413' title='bbox 2565 2865 2778 2935; x_wconf 85' lang='grc' dir='ltr'>βασιλεῖ</span> <span class='ocrx_word' id='word_1_414' title='bbox 2805 2868 2897 2920; x_wconf 74' lang='grc' dir='ltr'><strong>καὶ</strong></span> <span class='ocrx_word' id='word_1_415' title='bbox 2951 2866 3057 2935; x_wconf 81' lang='grc' dir='ltr'><strong>ὅλῳ</strong></span> <span class='ocrx_word' id='word_1_416' title='bbox 3109 2867 3184 2936; x_wconf 79' lang='grc' dir='ltr'>τῷ</span> <span class='ocrx_word' id='word_1_417' title='bbox 3236 2867 3539 2937; x_wconf 74' lang='grc' dir='ltr'>Βυζαντίῳ.</span> <span class='ocrx_word' id='word_1_418' title='bbox 3577 2869 3679 2919; x_wconf 72' lang='grc' dir='ltr'><strong>Τὸν</strong></span> <span class='ocrx_word' id='word_1_419' title='bbox 3717 2871 3904 2938; x_wconf 77' lang='grc' dir='ltr'>μέντοι</span> <span class='ocrx_word' id='word_1_420' title='bbox 3941 2887 4049 2938; x_wconf 70' lang='grc' dir='ltr'>γη-</span> 
     </span>
    </p>
   </div>
   <div class='ocr_carea' id='block_1_58' title="bbox 2468 2957 4048 3039">
    <p class='ocr_par' dir='ltr' id='par_1_58' title="bbox 2468 2957 4048 3039">
     <span class='ocr_line' id='line_1_58' title="bbox 2468 2957 4048 3039; baseline -0.001 -25"><span class='ocrx_word' id='word_1_421' title='bbox 2468 2962 2621 3031; x_wconf 72' lang='grc' dir='ltr'>ραιὸν</span> <span class='ocrx_word' id='word_1_422' title='bbox 2656 2958 2904 3028; x_wconf 83' lang='grc' dir='ltr'>βασιλέα,</span> <span class='ocrx_word' id='word_1_423' title='bbox 2929 2957 3082 3010; x_wconf 84' lang='grc' dir='ltr'>δόλου</span> <span class='ocrx_word' id='word_1_424' title='bbox 3115 2960 3290 3028; x_wconf 76' lang='grc' dir='ltr'>μεστὰ</span> <span class='ocrx_word' id='word_1_425' title='bbox 3324 2960 3678 3039; x_wconf 65' lang='grc' dir='ltr'>ᾐγησάμενον</span> <span class='ocrx_word' id='word_1_426' title='bbox 3714 2961 3779 3012; x_wconf 72' lang='grc' dir='ltr'><strong>τὰ</strong></span> <span class='ocrx_word' id='word_1_427' title='bbox 3810 2961 4048 3012; x_wconf 74' lang='grc' dir='ltr'>τοιαῦτα</span> 
     </span>
    </p>
   </div>
   <div class='ocr_carea' id='block_1_59' title="bbox 2468 3050 4046 3122">
    <p class='ocr_par' dir='ltr' id='par_1_59' title="bbox 2468 3050 4046 3122">
     <span class='ocr_line' id='line_1_59' title="bbox 2468 3050 4046 3122; baseline -0.001 -18"><span class='ocrx_word' id='word_1_428' title='bbox 2468 3052 2856 3122; x_wconf 75' lang='grc' dir='ltr'>προϐλήματα,</span> <span class='ocrx_word' id='word_1_429' title='bbox 2897 3050 3173 3118; x_wconf 73' lang='grc' dir='ltr'>σιωπῆσαι</span> <span class='ocrx_word' id='word_1_430' title='bbox 3219 3050 3382 3120; x_wconf 82' lang='grc' dir='ltr'>μέχρι</span> <span class='ocrx_word' id='word_1_431' title='bbox 3418 3051 3613 3103; x_wconf 77' lang='grc' dir='ltr'>πολλοῦ</span> <span class='ocrx_word' id='word_1_432' title='bbox 3651 3053 3745 3104; x_wconf 67' lang='grc' dir='ltr'><strong>καὶ</strong></span> <span class='ocrx_word' id='word_1_433' title='bbox 3771 3053 4046 3122; x_wconf 77' lang='grc' dir='ltr'>διαπορῆ-</span> 
     </span>
    </p>
   </div>
   <div class='ocr_carea' id='block_1_60' title="bbox 2469 3141 4050 3214">
    <p class='ocr_par' dir='ltr' id='par_1_60' title="bbox 2469 3141 4050 3214">
     <span class='ocr_line' id='line_1_60' title="bbox 2469 3141 4050 3214; baseline -0.002 -17"><span class='ocrx_word' id='word_1_434' title='bbox 2469 3164 2556 3198; x_wconf 81' lang='grc' dir='ltr'><strong>σαι</strong></span> <span class='ocrx_word' id='word_1_435' title='bbox 2579 3148 2706 3214; x_wconf 80' lang='grc' dir='ltr'><strong>περὶ</strong></span> <span class='ocrx_word' id='word_1_436' title='bbox 2735 3143 2834 3213; x_wconf 77' lang='grc' dir='ltr'><strong>τὴν</strong></span> <span class='ocrx_word' id='word_1_437' title='bbox 2869 3142 3101 3210; x_wconf 78' lang='grc' dir='ltr'>αἵρεσιν.</span> <span class='ocrx_word' id='word_1_438' title='bbox 3149 3141 3262 3213; x_wconf 83' lang='grc' dir='ltr'>Τήν</span> <span class='ocrx_word' id='word_1_439' title='bbox 3297 3160 3353 3195; x_wconf 90' lang='grc' dir='ltr'><strong>τε</strong></span> <span class='ocrx_word' id='word_1_440' title='bbox 3399 3147 3508 3214; x_wconf 66' lang='grc' dir='ltr'>γριρ</span> <span class='ocrx_word' id='word_1_441' title='bbox 3541 3146 3617 3206; x_wconf 79' lang='grc' dir='ltr'><strong>εἰς</strong></span> <span class='ocrx_word' id='word_1_442' title='bbox 3649 3146 3710 3195; x_wconf 73' lang='grc' dir='ltr'>τὸ</span> <span class='ocrx_word' id='word_1_443' title='bbox 3743 3146 4050 3207; x_wconf 74' lang='grc' dir='ltr'>Βυζάντιον</span> 
     </span>
    </p>
   </div>
   <div class='ocr_carea' id='block_1_61' title="bbox 2469 3236 4052 3307">
    <p class='ocr_par' dir='ltr' id='par_1_61' title="bbox 2469 3236 4052 3307">
     <span class='ocr_line' id='line_1_61' title="bbox 2469 3236 4052 3307; baseline -0.001 -16"><span class='ocrx_word' id='word_1_444' title='bbox 2469 3241 2672 3291; x_wconf 74' lang='grc' dir='ltr'>εἴσοδον</span> <span class='ocrx_word' id='word_1_445' title='bbox 2699 3237 2794 3289; x_wconf 78' lang='grc' dir='ltr'>τοῦ</span> <span class='ocrx_word' id='word_1_446' title='bbox 2827 3239 3051 3304; x_wconf 83' lang='grc' dir='ltr'>ὲγγόνου</span> <span class='ocrx_word' id='word_1_447' title='bbox 3075 3236 3328 3306; x_wconf 78' lang='grc' dir='ltr'>ὀλεθρίαν</span> <span class='ocrx_word' id='word_1_448' title='bbox 3355 3239 3488 3307; x_wconf 71' lang='grc' dir='ltr'>όρᾷν</span> <span class='ocrx_word' id='word_1_449' title='bbox 3516 3238 3609 3290; x_wconf 70' lang='grc' dir='ltr'><strong>καὶ</strong></span> <span class='ocrx_word' id='word_1_450' title='bbox 3641 3240 3740 3291; x_wconf 76' lang='grc' dir='ltr'><strong>οὐκ</strong></span> <span class='ocrx_word' id='word_1_451' title='bbox 3783 3240 3912 3292; x_wconf 80' lang='grc' dir='ltr'>ἄνευ</span> <span class='ocrx_word' id='word_1_452' title='bbox 3965 3241 4052 3291; x_wconf 88' lang='grc' dir='ltr'>αί-</span> 
     </span>
    </p>
   </div>
   <div class='ocr_carea' id='block_1_62' title="bbox 2473 3324 4053 3400">
    <p class='ocr_par' dir='ltr' id='par_1_62' title="bbox 2473 3324 4053 3400">
     <span class='ocr_line' id='line_1_62' title="bbox 2473 3324 4053 3400; baseline 0.003 -18"><span class='ocrx_word' id='word_1_453' title='bbox 2473 3331 2660 3400; x_wconf 84' lang='grc' dir='ltr'>μάτων</span> <span class='ocrx_word' id='word_1_454' title='bbox 2681 3345 2693 3358; x_wconf 88' lang='grc'><strong>·</strong></span> <span class='ocrx_word' id='word_1_455' title='bbox 2729 3329 2980 3398; x_wconf 79' lang='grc' dir='ltr'>ἑτοίμους</span> <span class='ocrx_word' id='word_1_456' title='bbox 3011 3329 3117 3398; x_wconf 79' lang='grc' dir='ltr'>γὰρ</span> <span class='ocrx_word' id='word_1_457' title='bbox 3156 3324 3299 3381; x_wconf 77' lang='grc' dir='ltr'>εἶναι</span> <span class='ocrx_word' id='word_1_458' title='bbox 3331 3332 3457 3393; x_wconf 71' lang='grc' dir='ltr'>τοὺς</span> <span class='ocrx_word' id='word_1_459' title='bbox 3491 3331 3817 3394; x_wconf 76' lang='grc' dir='ltr'>Βυζαντίους</span> <span class='ocrx_word' id='word_1_460' title='bbox 3846 3333 4053 3387; x_wconf 77' lang='grc' dir='ltr'>αὐτίκα</span> 
     </span>
    </p>
   </div>
   <div class='ocr_carea' id='block_1_63' title="bbox 789 3404 2466 3492">
    <p class='ocr_par' dir='ltr' id='par_1_63' title="bbox 789 3404 2437 3468">
     <span class='ocr_line' id='line_1_63' title="bbox 789 3404 2437 3468; baseline 0.002 -12"><span class='ocrx_word' id='word_1_461' title='bbox 789 3404 939 3456; x_wconf 82' lang='lat' dir='ltr'><strong>iiluin</strong></span> <span class='ocrx_word' id='word_1_462' title='bbox 974 3404 1200 3456; x_wconf 89' lang='lat' dir='ltr'><strong>itionem</strong></span> <span class='ocrx_word' id='word_1_463' title='bbox 1237 3419 1342 3456; x_wconf 87' lang='lat' dir='ltr'><strong>non</strong></span> <span class='ocrx_word' id='word_1_464' title='bbox 1378 3406 1496 3458; x_wconf 91' lang='lat' dir='ltr'><strong>sine</strong></span> <span class='ocrx_word' id='word_1_465' title='bbox 1529 3405 1797 3460; x_wconf 85' lang='lat' dir='ltr'><strong>seditione</strong></span> <span class='ocrx_word' id='word_1_466' title='bbox 1827 3407 1964 3460; x_wconf 79' lang='lat' dir='ltr'><strong>fore.</strong></span> <span class='ocrx_word' id='word_1_467' title='bbox 1991 3406 2046 3459; x_wconf 86' lang='lat' dir='ltr'><strong>id</strong></span> <span class='ocrx_word' id='word_1_468' title='bbox 2077 3405 2222 3460; x_wconf 90' lang='lat' dir='ltr'><strong>enim</strong></span> <span class='ocrx_word' id='word_1_469' title='bbox 2243 3421 2364 3460; x_wconf 89' lang='lat' dir='ltr'><strong>esse</strong></span> <span class='ocrx_word' id='word_1_470' title='bbox 2391 3404 2437 3468; x_wconf 89' lang='lat' dir='ltr'><strong><em>C</em></strong></span> 
     </span>
    </p>
   </div>
   <div class='ocr_carea' id='block_1_64' title="bbox 2376 3404 4053 3492">
    <p class='ocr_par' dir='ltr' id='par_1_64' title="bbox 2391 3404 4053 3492">
     <span class='ocr_line' id='line_1_64' title="bbox 2391 3404 4053 3492; baseline 0.005 -24"><span class='ocrx_word' id='word_1_471' title='bbox 2391 3404 2437 3468; x_wconf 83' lang='lat' dir='ltr'><strong><em>C</em></strong></span> <span class='ocrx_word' id='word_1_472' title='bbox 2467 3423 2662 3489; x_wconf 78' lang='grc' dir='ltr'>ἐκείνῳ</span> <span class='ocrx_word' id='word_1_473' title='bbox 2693 3438 2751 3473; x_wconf 88' lang='grc' dir='ltr'><strong>τε</strong></span> <span class='ocrx_word' id='word_1_474' title='bbox 2784 3420 3255 3492; x_wconf 77' lang='grc' dir='ltr'>προστεθήσεσθαι</span> <span class='ocrx_word' id='word_1_475' title='bbox 3308 3425 3530 3490; x_wconf 81' lang='grc' dir='ltr'>φανέντι</span> <span class='ocrx_word' id='word_1_476' title='bbox 3559 3423 3742 3475; x_wconf 83' lang='grc' dir='ltr'>πυλῶν</span> <span class='ocrx_word' id='word_1_477' title='bbox 3781 3427 3915 3477; x_wconf 79' lang='grc' dir='ltr'>εἵσω</span> <span class='ocrx_word' id='word_1_478' title='bbox 3957 3426 4053 3478; x_wconf 74' lang='grc' dir='ltr'><strong>καὶ</strong></span> 
     </span>
    </p>
   </div>
   <div class='ocr_carea' id='block_1_65' title="bbox 789 3495 2362 3567">
    <p class='ocr_par' dir='ltr' id='par_1_65' title="bbox 789 3495 2362 3567">
     <span class='ocr_line' id='line_1_65' title="bbox 789 3495 2362 3567; baseline 0.005 -20"><span class='ocrx_word' id='word_1_479' title='bbox 789 3496 975 3564; x_wconf 86' lang='lat' dir='ltr'><strong>nepoti</strong></span> <span class='ocrx_word' id='word_1_480' title='bbox 1034 3495 1394 3563; x_wconf 89' lang='lat' dir='ltr'><strong>propositum,</strong></span> <span class='ocrx_word' id='word_1_481' title='bbox 1445 3504 1506 3549; x_wconf 92' lang='lat' dir='ltr'><strong>ut</strong></span> <span class='ocrx_word' id='word_1_482' title='bbox 1559 3498 1734 3566; x_wconf 87' lang='lat' dir='ltr'><strong>palam</strong></span> <span class='ocrx_word' id='word_1_483' title='bbox 1760 3498 1882 3552; x_wconf 91' lang='lat' dir='ltr'><strong>illos</strong></span> <span class='ocrx_word' id='word_1_484' title='bbox 1917 3499 2130 3555; x_wconf 90' lang='lat' dir='ltr'><strong>blandis</strong></span> <span class='ocrx_word' id='word_1_485' title='bbox 2157 3501 2362 3567; x_wconf 89' lang='lat' dir='ltr'><strong>verbis,</strong></span> 
     </span>
    </p>
   </div>
   <div class='ocr_carea' id='block_1_66' title="bbox 792 3589 2360 3661">
    <p class='ocr_par' dir='ltr' id='par_1_66' title="bbox 792 3589 2360 3661">
     <span class='ocr_line' id='line_1_66' title="bbox 792 3589 2360 3661; baseline 0.005 -21"><span class='ocrx_word' id='word_1_486' title='bbox 792 3589 931 3641; x_wconf 81' lang='lat' dir='ltr'><strong>clam</strong></span> <span class='ocrx_word' id='word_1_487' title='bbox 981 3604 1112 3642; x_wconf 84' lang='lat' dir='ltr'><strong>vero</strong></span> <span class='ocrx_word' id='word_1_488' title='bbox 1161 3590 1482 3644; x_wconf 90' lang='lat' dir='ltr'><strong>muneribus</strong></span> <span class='ocrx_word' id='word_1_489' title='bbox 1520 3600 1574 3643; x_wconf 90' lang='lat' dir='ltr'><strong>et</strong></span> <span class='ocrx_word' id='word_1_490' title='bbox 1617 3593 1827 3660; x_wconf 81' lang='lat' dir='ltr'><strong>magnis</strong></span> <span class='ocrx_word' id='word_1_491' title='bbox 1853 3592 2360 3661; x_wconf 86' lang='lat' dir='ltr'><strong>pollicitationibus,</strong></span> 
     </span>
    </p>
   </div>
   <div class='ocr_carea' id='block_1_67' title="bbox 795 3684 2366 3753">
    <p class='ocr_par' dir='ltr' id='par_1_67' title="bbox 795 3684 2366 3753">
     <span class='ocr_line' id='line_1_67' title="bbox 795 3684 2366 3753; baseline 0.003 -19"><span class='ocrx_word' id='word_1_492' title='bbox 795 3691 850 3734; x_wconf 91' lang='lat' dir='ltr'><strong>et</strong></span> <span class='ocrx_word' id='word_1_493' title='bbox 878 3697 1068 3734; x_wconf 90' lang='lat' dir='ltr'><strong>eorum</strong></span> <span class='ocrx_word' id='word_1_494' title='bbox 1110 3698 1276 3751; x_wconf 87' lang='lat' dir='ltr'><strong>opera</strong></span> <span class='ocrx_word' id='word_1_495' title='bbox 1311 3698 1502 3736; x_wconf 92' lang='lat' dir='ltr'><strong>omnes</strong></span> <span class='ocrx_word' id='word_1_496' title='bbox 1557 3684 1886 3753; x_wconf 77' lang='lat' dir='ltr'><strong>Byzantinos</strong></span> <span class='ocrx_word' id='word_1_497' title='bbox 1919 3687 2067 3740; x_wconf 88' lang='lat' dir='ltr'><strong>cives</strong></span> <span class='ocrx_word' id='word_1_498' title='bbox 2099 3687 2202 3740; x_wconf 89' lang='lat' dir='ltr'><strong>sibi</strong></span> <span class='ocrx_word' id='word_1_499' title='bbox 2232 3701 2366 3741; x_wconf 91' lang='lat' dir='ltr'><strong>con-</strong></span> 
     </span>
    </p>
   </div>
   <div class='ocr_carea' id='block_1_68' title="bbox 793 3774 2369 3848">
    <p class='ocr_par' dir='ltr' id='par_1_68' title="bbox 793 3774 2369 3848">
     <span class='ocr_line' id='line_1_68' title="bbox 793 3774 2369 3848; baseline 0.004 -22"><span class='ocrx_word' id='word_1_500' title='bbox 793 3775 962 3827; x_wconf 85' lang='lat' dir='ltr'><strong>ciliet.</strong></span> <span class='ocrx_word' id='word_1_501' title='bbox 989 3774 1124 3827; x_wconf 88' lang='lat' dir='ltr'><strong>Cum</strong></span> <span class='ocrx_word' id='word_1_502' title='bbox 1178 3783 1358 3828; x_wconf 81' lang='lat' dir='ltr'><strong>autem</strong></span> <span class='ocrx_word' id='word_1_503' title='bbox 1423 3785 1715 3838; x_wconf 87' lang='lat' dir='ltr'><strong>utrumque</strong></span> <span class='ocrx_word' id='word_1_504' title='bbox 1755 3791 1916 3846; x_wconf 87' lang='lat' dir='ltr'><strong>grave</strong></span> <span class='ocrx_word' id='word_1_505' title='bbox 1953 3787 2120 3842; x_wconf 88' lang='lat' dir='ltr'><strong>esset,</strong></span> <span class='ocrx_word' id='word_1_506' title='bbox 2148 3778 2199 3831; x_wconf 89' lang='lat' dir='ltr'><strong>id</strong></span> <span class='ocrx_word' id='word_1_507' title='bbox 2225 3779 2369 3848; x_wconf 91' lang='lat' dir='ltr'><strong>quod</strong></span> 
     </span>
    </p>
   </div>
   <div class='ocr_carea' id='block_1_69' title="bbox 797 3869 2372 3943">
    <p class='ocr_par' dir='ltr' id='par_1_69' title="bbox 797 3869 2372 3943">
     <span class='ocr_line' id='line_1_69' title="bbox 797 3869 2372 3943; baseline 0.003 -22"><span class='ocrx_word' id='word_1_508' title='bbox 797 3871 975 3922; x_wconf 82' lang='lat' dir='ltr'><strong>levius</strong></span> <span class='ocrx_word' id='word_1_509' title='bbox 1003 3878 1119 3921; x_wconf 87' lang='lat' dir='ltr'><strong>erat</strong></span> <span class='ocrx_word' id='word_1_510' title='bbox 1149 3869 1334 3937; x_wconf 88' lang='lat' dir='ltr'><strong>elegit,</strong></span> <span class='ocrx_word' id='word_1_511' title='bbox 1374 3879 1430 3922; x_wconf 89' lang='lat' dir='ltr'><strong>et</strong></span> <span class='ocrx_word' id='word_1_512' title='bbox 1486 3869 1626 3923; x_wconf 90' lang='lat' dir='ltr'><strong>duos</strong></span> <span class='ocrx_word' id='word_1_513' title='bbox 1661 3881 1963 3933; x_wconf 89' lang='lat' dir='ltr'><strong>senatores,</strong></span> <span class='ocrx_word' id='word_1_514' title='bbox 2007 3872 2147 3925; x_wconf 89' lang='lat' dir='ltr'><strong>duos</strong></span> <span class='ocrx_word' id='word_1_515' title='bbox 2187 3873 2372 3943; x_wconf 91' lang='lat' dir='ltr'><strong>ponti-</strong></span> 
     </span>
    </p>
   </div>
   <div class='ocr_carea' id='block_1_70' title="bbox 800 3960 2369 4033">
    <p class='ocr_par' dir='ltr' id='par_1_70' title="bbox 800 3960 2369 4033">
     <span class='ocr_line' id='line_1_70' title="bbox 800 3960 2369 4033; baseline 0.005 -22"><span class='ocrx_word' id='word_1_516' title='bbox 800 3967 947 4023; x_wconf 88' lang='lat' dir='ltr'><strong>Iices,</strong></span> <span class='ocrx_word' id='word_1_517' title='bbox 990 3960 1129 4013; x_wconf 85' lang='lat' dir='ltr'><strong>duos</strong></span> <span class='ocrx_word' id='word_1_518' title='bbox 1160 3977 1224 4013; x_wconf 83' lang='lat' dir='ltr'><strong>ex</strong></span> <span class='ocrx_word' id='word_1_519' title='bbox 1260 3961 1503 4015; x_wconf 81' lang='lat' dir='ltr'><strong>Ecclesia</strong></span> <span class='ocrx_word' id='word_1_520' title='bbox 1537 3963 1771 4017; x_wconf 84' lang='lat' dir='ltr'><strong>selectos</strong></span> <span class='ocrx_word' id='word_1_521' title='bbox 1797 3973 1853 4017; x_wconf 78' lang='lat' dir='ltr'><strong>et</strong></span> <span class='ocrx_word' id='word_1_522' title='bbox 1877 3973 2115 4033; x_wconf 87' lang='lat' dir='ltr'><strong>quatuor</strong></span> <span class='ocrx_word' id='word_1_523' title='bbox 2144 3980 2210 4019; x_wconf 81' lang='lat' dir='ltr'><strong>ex</strong></span> <span class='ocrx_word' id='word_1_524' title='bbox 2235 3966 2369 4020; x_wconf 86' lang='lat' dir='ltr'><strong>civi-</strong></span> 
     </span>
    </p>
   </div>
   <div class='ocr_carea' id='block_1_71' title="bbox 795 4052 1644 4120">
    <p class='ocr_par' dir='ltr' id='par_1_71' title="bbox 795 4052 1644 4120">
     <span class='ocr_line' id='line_1_71' title="bbox 795 4052 1644 4120; baseline 0.005 -16"><span class='ocrx_word' id='word_1_525' title='bbox 795 4053 899 4105; x_wconf 92' lang='lat' dir='ltr'><strong>bus</strong></span> <span class='ocrx_word' id='word_1_526' title='bbox 935 4052 1208 4120; x_wconf 88' lang='lat' dir='ltr'><strong>primariis</strong></span> <span class='ocrx_word' id='word_1_527' title='bbox 1231 4052 1296 4105; x_wconf 91' lang='lat' dir='ltr'><strong>ad</strong></span> <span class='ocrx_word' id='word_1_528' title='bbox 1322 4068 1448 4106; x_wconf 88' lang='lat' dir='ltr'><strong>eum</strong></span> <span class='ocrx_word' id='word_1_529' title='bbox 1475 4055 1644 4108; x_wconf 91' lang='lat' dir='ltr'><strong>misit.</strong></span> 
     </span>
    </p>
   </div>
   <div class='ocr_carea' id='block_1_72' title="bbox 2470 3514 4055 3586">
    <p class='ocr_par' dir='ltr' id='par_1_72' title="bbox 2470 3514 4055 3586">
     <span class='ocr_line' id='line_1_72' title="bbox 2470 3514 4055 3586; baseline 0.003 -20"><span class='ocrx_word' id='word_1_530' title='bbox 2470 3516 2659 3566; x_wconf 79' lang='grc' dir='ltr'>τοῦτον</span> <span class='ocrx_word' id='word_1_531' title='bbox 2687 3514 2900 3585; x_wconf 81' lang='grc' dir='ltr'>πικρῶς</span> <span class='ocrx_word' id='word_1_532' title='bbox 2926 3514 3020 3566; x_wconf 83' lang='grc' dir='ltr'>τοῦ</span> <span class='ocrx_word' id='word_1_533' title='bbox 3065 3514 3178 3583; x_wconf 82' lang='grc' dir='ltr'>βίου</span> <span class='ocrx_word' id='word_1_534' title='bbox 3212 3516 3482 3580; x_wconf 70' lang='grc' dir='ltr'>ἀπάξεινσ</span> <span class='ocrx_word' id='word_1_535' title='bbox 3536 3519 3637 3586; x_wconf 74' lang='grc' dir='ltr'><strong>τήν</strong></span> <span class='ocrx_word' id='word_1_536' title='bbox 3688 3535 3744 3569; x_wconf 87' lang='grc' dir='ltr'><strong>τε</strong></span> <span class='ocrx_word' id='word_1_537' title='bbox 3793 3518 3863 3572; x_wconf 77' lang='grc' dir='ltr'><strong>αὖ</strong></span> <span class='ocrx_word' id='word_1_538' title='bbox 3912 3519 4055 3586; x_wconf 77' lang='grc' dir='ltr'>πρὸς</span> 
     </span>
    </p>
   </div>
   <div class='ocr_carea' id='block_1_73' title="bbox 2473 3605 4062 3676">
    <p class='ocr_par' dir='ltr' id='par_1_73' title="bbox 2473 3605 4062 3676">
     <span class='ocr_line' id='line_1_73' title="bbox 2473 3605 4062 3676; baseline 0.003 -18"><span class='ocrx_word' id='word_1_539' title='bbox 2473 3607 2684 3658; x_wconf 73' lang='grc' dir='ltr'>ἐκεῖνον</span> <span class='ocrx_word' id='word_1_540' title='bbox 2715 3605 2824 3657; x_wconf 84' lang='grc' dir='ltr'><strong>τῶν</strong></span> <span class='ocrx_word' id='word_1_541' title='bbox 2859 3605 3170 3668; x_wconf 81' lang='grc' dir='ltr'>Βυζαντίων</span> <span class='ocrx_word' id='word_1_542' title='bbox 3201 3607 3384 3675; x_wconf 78' lang='grc' dir='ltr'>ἄφιξιν</span> <span class='ocrx_word' id='word_1_543' title='bbox 3409 3607 3530 3660; x_wconf 83' lang='grc' dir='ltr'>οὐδὲ</span> <span class='ocrx_word' id='word_1_544' title='bbox 3555 3609 3761 3676; x_wconf 80' lang='grc' dir='ltr'>ταύτην</span> <span class='ocrx_word' id='word_1_545' title='bbox 3789 3612 4062 3662; x_wconf 75' lang='grc' dir='ltr'>ἀστασία-</span> 
     </span>
    </p>
   </div>
   <div class='ocr_carea' id='block_1_74' title="bbox 2472 3694 4056 3769">
    <p class='ocr_par' dir='ltr' id='par_1_74' title="bbox 2472 3694 4056 3769">
     <span class='ocr_line' id='line_1_74' title="bbox 2472 3694 4056 3769; baseline 0.004 -23"><span class='ocrx_word' id='word_1_546' title='bbox 2472 3714 2598 3748; x_wconf 85' lang='grc' dir='ltr'>στον</span> <span class='ocrx_word' id='word_1_547' title='bbox 2625 3695 2863 3764; x_wconf 82' lang='grc' dir='ltr'>βλέπειν.</span> <span class='ocrx_word' id='word_1_548' title='bbox 2894 3697 3103 3748; x_wconf 71' lang='grc' dir='ltr'>Σκοπὸν</span> <span class='ocrx_word' id='word_1_549' title='bbox 3133 3698 3240 3768; x_wconf 85' lang='grc' dir='ltr'>γὰρ</span> <span class='ocrx_word' id='word_1_550' title='bbox 3280 3694 3422 3750; x_wconf 76' lang='grc' dir='ltr'>εἶναι</span> <span class='ocrx_word' id='word_1_551' title='bbox 3456 3700 3532 3767; x_wconf 83' lang='grc' dir='ltr'><strong>τῷ</strong></span> <span class='ocrx_word' id='word_1_552' title='bbox 3579 3700 3812 3769; x_wconf 81' lang='grc' dir='ltr'>έγγόνῳ,</span> <span class='ocrx_word' id='word_1_553' title='bbox 3858 3700 4056 3766; x_wconf 64' lang='grc' dir='ltr'>λόγους</span> 
     </span>
    </p>
   </div>
   <div class='ocr_carea' id='block_1_75' title="bbox 2469 3787 4058 3860">
    <p class='ocr_par' dir='ltr' id='par_1_75' title="bbox 2469 3787 4058 3860">
     <span class='ocr_line' id='line_1_75' title="bbox 2469 3787 4058 3860; baseline 0.003 -22"><span class='ocrx_word' id='word_1_554' title='bbox 2469 3803 2529 3838; x_wconf 84' lang='grc' dir='ltr'><strong>τε</strong></span> <span class='ocrx_word' id='word_1_555' title='bbox 2555 3787 2886 3856; x_wconf 78' lang='grc' dir='ltr'>δημοχαρεῖς</span> <span class='ocrx_word' id='word_1_556' title='bbox 2925 3788 3208 3859; x_wconf 74' lang='grc' dir='ltr'>παρρησίᾳ</span> <span class='ocrx_word' id='word_1_557' title='bbox 3239 3788 3469 3858; x_wconf 86' lang='grc' dir='ltr'>λαλῆσαι</span> <span class='ocrx_word' id='word_1_558' title='bbox 3521 3794 3612 3842; x_wconf 74' lang='grc' dir='ltr'><strong>καὶ</strong></span> <span class='ocrx_word' id='word_1_559' title='bbox 3652 3790 3827 3860; x_wconf 80' lang='grc' dir='ltr'>λάθρα</span> <span class='ocrx_word' id='word_1_560' title='bbox 3854 3790 4058 3860; x_wconf 81' lang='grc' dir='ltr'>δώροις</span> 
     </span>
    </p>
   </div>
   <div class='ocr_carea' id='block_1_76' title="bbox 2472 3879 4057 3952">
    <p class='ocr_par' dir='ltr' id='par_1_76' title="bbox 2472 3879 4057 3952">
     <span class='ocr_line' id='line_1_76' title="bbox 2472 3879 4057 3952; baseline 0.003 -20"><span class='ocrx_word' id='word_1_561' title='bbox 2472 3879 2565 3932; x_wconf 73' lang='grc' dir='ltr'>καὶ</span> <span class='ocrx_word' id='word_1_562' title='bbox 2593 3879 2947 3947; x_wconf 77' lang='grc' dir='ltr'>ἐπαγγελίαις</span> <span class='ocrx_word' id='word_1_563' title='bbox 2972 3881 3307 3951; x_wconf 83' lang='grc' dir='ltr'>ὐποποιῆσαι</span> <span class='ocrx_word' id='word_1_564' title='bbox 3341 3885 3605 3952; x_wconf 83' lang='grc' dir='ltr'>χρησταῖς</span> <span class='ocrx_word' id='word_1_565' title='bbox 3632 3885 3834 3946; x_wconf 84' lang='grc' dir='ltr'>αὐτούς</span> <span class='ocrx_word' id='word_1_566' title='bbox 3866 3901 3923 3935; x_wconf 85' lang='grc' dir='ltr'><strong>τε</strong></span> <span class='ocrx_word' id='word_1_567' title='bbox 3960 3887 4057 3937; x_wconf 77' lang='grc' dir='ltr'>καὶ</span> 
     </span>
    </p>
   </div>
   <div class='ocr_carea' id='block_1_77' title="bbox 2471 3962 4056 4035">
    <p class='ocr_par' dir='ltr' id='par_1_77' title="bbox 2471 3962 4056 4035">
     <span class='ocr_line' id='line_1_77' title="bbox 2471 3962 4056 4035; baseline 0.004 -14"><span class='ocrx_word' id='word_1_568' title='bbox 2471 3969 2540 4022; x_wconf 85' lang='grc' dir='ltr'>δι’</span> <span class='ocrx_word' id='word_1_569' title='bbox 2572 3962 2750 4024; x_wconf 81' lang='grc' dir='ltr'>αὐτῶν</span> <span class='ocrx_word' id='word_1_570' title='bbox 2787 3971 2971 4024; x_wconf 80' lang='grc' dir='ltr'>ὀπόσοι</span> <span class='ocrx_word' id='word_1_571' title='bbox 3011 3973 3072 4024; x_wconf 83' lang='grc' dir='ltr'><strong>τὸ</strong></span> <span class='ocrx_word' id='word_1_572' title='bbox 3107 3972 3408 4035; x_wconf 76' lang='grc' dir='ltr'>Βυζάντιον</span> <span class='ocrx_word' id='word_1_573' title='bbox 3435 3973 3668 4028; x_wconf 79' lang='grc' dir='ltr'>οἰκοῦσι.</span> <span class='ocrx_word' id='word_1_574' title='bbox 3703 3975 3974 4027; x_wconf 74' lang='grc' dir='ltr'>Χαλεπῶν</span> <span class='ocrx_word' id='word_1_575' title='bbox 4009 3977 4056 4028; x_wconf 86' lang='grc' dir='ltr'>δ’</span> 
     </span>
    </p>
   </div>
   <div class='ocr_carea' id='block_1_78' title="bbox 2474 4063 4060 4139">
    <p class='ocr_par' dir='ltr' id='par_1_78' title="bbox 2474 4063 4060 4139">
     <span class='ocr_line' id='line_1_78' title="bbox 2474 4063 4060 4139; baseline 0.004 -24"><span class='ocrx_word' id='word_1_576' title='bbox 2474 4063 2645 4115; x_wconf 72' lang='grc' dir='ltr'>ὄντων</span> <span class='ocrx_word' id='word_1_577' title='bbox 2693 4063 3023 4135; x_wconf 79' lang='grc' dir='ltr'>ἀμφοτέρων</span> <span class='ocrx_word' id='word_1_578' title='bbox 3073 4065 3224 4133; x_wconf 82' lang='grc' dir='ltr'>ὅμως</span> <span class='ocrx_word' id='word_1_579' title='bbox 3254 4067 3312 4118; x_wconf 77' lang='grc' dir='ltr'>τὺ</span> <span class='ocrx_word' id='word_1_580' title='bbox 3347 4069 3680 4139; x_wconf 83' lang='grc' dir='ltr'>κουφότερον</span> <span class='ocrx_word' id='word_1_581' title='bbox 3711 4068 3886 4121; x_wconf 80' lang='grc' dir='ltr'>εἵλετο</span> <span class='ocrx_word' id='word_1_582' title='bbox 3911 4085 3923 4097; x_wconf 89' lang='grc'><strong>·</strong></span> <span class='ocrx_word' id='word_1_583' title='bbox 3960 4069 4060 4122; x_wconf 81' lang='grc' dir='ltr'>καὶ</span> 
     </span>
    </p>
   </div>
   <div class='ocr_carea' id='block_1_79' title="bbox 795 4142 4059 4230">
    <p class='ocr_par' dir='ltr' id='par_1_79' title="bbox 795 4142 4059 4230">
     <span class='ocr_line' id='line_1_79' title="bbox 795 4142 4059 4230; baseline 0.006 -34"><span class='ocrx_word' id='word_1_584' title='bbox 795 4145 1052 4214; x_wconf 82' lang='grc' dir='ltr'>πέπομφε</span> <span class='ocrx_word' id='word_1_585' title='bbox 1085 4146 1178 4198; x_wconf 85' lang='grc' dir='ltr'><strong>δύο</strong></span> <span class='ocrx_word' id='word_1_586' title='bbox 1209 4148 1308 4214; x_wconf 83' lang='grc' dir='ltr'><strong>μὲν</strong></span> <span class='ocrx_word' id='word_1_587' title='bbox 1359 4147 1423 4198; x_wconf 81' lang='grc' dir='ltr'>ὲκ</span> <span class='ocrx_word' id='word_1_588' title='bbox 1459 4142 1561 4216; x_wconf 70' lang='grc' dir='ltr'>τῆς</span> <span class='ocrx_word' id='word_1_589' title='bbox 1606 4148 1938 4217; x_wconf 84' lang='grc' dir='ltr'>συγκλήτου,</span> <span class='ocrx_word' id='word_1_590' title='bbox 1969 4149 2062 4202; x_wconf 83' lang='grc' dir='ltr'><strong>δύο</strong></span> <span class='ocrx_word' id='word_1_591' title='bbox 2124 4149 2169 4202; x_wconf 88' lang='grc' dir='ltr'>δ’</span> <span class='ocrx_word' id='word_1_592' title='bbox 2227 4150 2292 4204; x_wconf 76' lang='grc' dir='ltr'>ὲκ</span> <span class='ocrx_word' id='word_1_593' title='bbox 2327 4152 2438 4206; x_wconf 84' lang='grc' dir='ltr'><strong>τῶν</strong></span> <span class='ocrx_word' id='word_1_594' title='bbox 2476 4156 2801 4230; x_wconf 84' lang='grc' dir='ltr'>ἀρχιερέων,</span> <span class='ocrx_word' id='word_1_595' title='bbox 2849 4156 2941 4209; x_wconf 86' lang='grc' dir='ltr'>δύο</span> <span class='ocrx_word' id='word_1_596' title='bbox 2988 4156 3033 4209; x_wconf 79' lang='grc' dir='ltr'>δ’</span> <span class='ocrx_word' id='word_1_597' title='bbox 3081 4160 3145 4211; x_wconf 79' lang='grc' dir='ltr'>ὲκ</span> <span class='ocrx_word' id='word_1_598' title='bbox 3176 4160 3284 4214; x_wconf 81' lang='grc' dir='ltr'>τῶν</span> <span class='ocrx_word' id='word_1_599' title='bbox 3317 4159 3415 4229; x_wconf 79' lang='grc' dir='ltr'>τῆς</span> <span class='ocrx_word' id='word_1_600' title='bbox 3456 4160 3780 4230; x_wconf 82' lang='grc' dir='ltr'>Ἐκκλησξας</span> <span class='ocrx_word' id='word_1_601' title='bbox 3813 4162 4059 4229; x_wconf 79' lang='grc' dir='ltr'>λογάδων</span> 
     </span>
    </p>
   </div>
   <div class='ocr_carea' id='block_1_80' title="bbox 796 4237 2030 4313">
    <p class='ocr_par' dir='ltr' id='par_1_80' title="bbox 796 4237 2030 4313">
     <span class='ocr_line' id='line_1_80' title="bbox 796 4237 2030 4313; baseline 0.004 -21"><span class='ocrx_word' id='word_1_602' title='bbox 796 4241 890 4292; x_wconf 75' lang='grc' dir='ltr'><strong>καὶ</strong></span> <span class='ocrx_word' id='word_1_603' title='bbox 921 4244 1188 4310; x_wconf 83' lang='grc' dir='ltr'>τέτταρας</span> <span class='ocrx_word' id='word_1_604' title='bbox 1224 4241 1335 4293; x_wconf 87' lang='grc' dir='ltr'>τῶν</span> <span class='ocrx_word' id='word_1_605' title='bbox 1368 4240 1462 4294; x_wconf 83' lang='grc' dir='ltr'>τοῦ</span> <span class='ocrx_word' id='word_1_606' title='bbox 1487 4241 1660 4312; x_wconf 84' lang='grc' dir='ltr'>δήμου</span> <span class='ocrx_word' id='word_1_607' title='bbox 1692 4237 2030 4313; x_wconf 81' lang='grc' dir='ltr'>προκρίτων.</span> 
     </span>
    </p>
   </div>
   <div class='ocr_carea' id='block_1_81' title="bbox 866 4332 2376 4404">
    <p class='ocr_par' dir='ltr' id='par_1_81' title="bbox 866 4332 2376 4404">
     <span class='ocr_line' id='line_1_81' title="bbox 866 4332 2376 4404; baseline 0.003 -18"><span class='ocrx_word' id='word_1_608' title='bbox 866 4332 932 4386; x_wconf 89' lang='lat' dir='ltr'><strong>ll.</strong></span> <span class='ocrx_word' id='word_1_609' title='bbox 956 4333 1051 4387; x_wconf 88' lang='lat' dir='ltr'><strong>Ille</strong></span> <span class='ocrx_word' id='word_1_610' title='bbox 1081 4350 1208 4387; x_wconf 86' lang='lat' dir='ltr'><strong>vero</strong></span> <span class='ocrx_word' id='word_1_611' title='bbox 1241 4334 1307 4387; x_wconf 91' lang='lat' dir='ltr'><strong>iis</strong></span> <span class='ocrx_word' id='word_1_612' title='bbox 1338 4335 1622 4398; x_wconf 85' lang='lat' dir='ltr'><strong>omnibus,</strong></span> <span class='ocrx_word' id='word_1_613' title='bbox 1645 4335 1739 4404; x_wconf 92' lang='lat' dir='ltr'><strong>qui</strong></span> <span class='ocrx_word' id='word_1_614' title='bbox 1791 4336 1920 4390; x_wconf 91' lang='lat' dir='ltr'><strong>illuc</strong></span> <span class='ocrx_word' id='word_1_615' title='bbox 1951 4337 2250 4402; x_wconf 78' lang='lat' dir='ltr'><strong>venissent,</strong></span> <span class='ocrx_word' id='word_1_616' title='bbox 2285 4354 2376 4391; x_wconf 88' lang='lat' dir='ltr'><strong>ar-</strong></span> 
     </span>
    </p>
   </div>
   <div class='ocr_carea' id='block_1_82' title="bbox 794 4429 2375 4501">
    <p class='ocr_par' dir='ltr' id='par_1_82' title="bbox 794 4429 2375 4501">
     <span class='ocr_line' id='line_1_82' title="bbox 794 4429 2375 4501; baseline 0.001 -18"><span class='ocrx_word' id='word_1_617' title='bbox 794 4429 1011 4483; x_wconf 87' lang='lat' dir='ltr'><strong>cessitis</strong></span> <span class='ocrx_word' id='word_1_618' title='bbox 1035 4439 1090 4483; x_wconf 90' lang='lat' dir='ltr'><strong>et</strong></span> <span class='ocrx_word' id='word_1_619' title='bbox 1123 4439 1422 4483; x_wconf 86' lang='lat' dir='ltr'><strong>convocata</strong></span> <span class='ocrx_word' id='word_1_620' title='bbox 1458 4431 1726 4485; x_wconf 88' lang='lat' dir='ltr'><strong>concione</strong></span> <span class='ocrx_word' id='word_1_621' title='bbox 1753 4433 2058 4486; x_wconf 89' lang='lat' dir='ltr'><strong>orationem</strong></span> <span class='ocrx_word' id='word_1_622' title='bbox 2083 4433 2375 4501; x_wconf 88' lang='lat' dir='ltr'><strong>quamdam</strong></span> 
     </span>
    </p>
   </div>
   <div class='ocr_carea' id='block_1_83' title="bbox 796 4520 2374 4588">
    <p class='ocr_par' dir='ltr' id='par_1_83' title="bbox 796 4520 2374 4588">
     <span class='ocr_line' id='line_1_83' title="bbox 796 4520 2374 4588; baseline 0.003 -14"><span class='ocrx_word' id='word_1_623' title='bbox 796 4520 1154 4575; x_wconf 80' lang='lat' dir='ltr'><strong>artiﬁciosam</strong></span> <span class='ocrx_word' id='word_1_624' title='bbox 1199 4537 1384 4575; x_wconf 89' lang='lat' dir='ltr'><strong>coram</strong></span> <span class='ocrx_word' id='word_1_625' title='bbox 1435 4522 1504 4576; x_wconf 85' lang='lat' dir='ltr'><strong>iis</strong></span> <span class='ocrx_word' id='word_1_626' title='bbox 1559 4523 1833 4578; x_wconf 84' lang='lat' dir='ltr'><strong>recitavit.</strong></span> <span class='ocrx_word' id='word_1_627' title='bbox 1862 4526 1959 4588; x_wconf 87' lang='lat' dir='ltr'><strong>Ac,</strong></span> <span class='ocrx_word' id='word_1_628' title='bbox 1991 4544 2008 4575; x_wconf 77' lang='grc' dir='ltr'><strong>ι</strong></span> <span class='ocrx_word' id='word_1_629' title='bbox 2054 4524 2160 4579; x_wconf 81' lang='lat' dir='ltr'><strong>Vos</strong></span> <span class='ocrx_word' id='word_1_630' title='bbox 2181 4525 2374 4578; x_wconf 88' lang='lat' dir='ltr'><strong>subdi-</strong></span> 
     </span>
    </p>
   </div>
   <div class='ocr_carea' id='block_1_84' title="bbox 799 4615 2371 4689">
    <p class='ocr_par' dir='ltr' id='par_1_84' title="bbox 799 4615 2371 4689">
     <span class='ocr_line' id='line_1_84' title="bbox 799 4615 2371 4689; baseline 0.003 -23"><span class='ocrx_word' id='word_1_631' title='bbox 799 4625 906 4678; x_wconf 88' lang='lat' dir='ltr'><strong>tos,</strong></span> <span class='ocrx_word' id='word_1_632' title='bbox 935 4616 1137 4683; x_wconf 89' lang='lat' dir='ltr'><strong>inquit,</strong></span> <span class='ocrx_word' id='word_1_633' title='bbox 1178 4615 1461 4668; x_wconf 87' lang='lat' dir='ltr'><strong>cbariores</strong></span> <span class='ocrx_word' id='word_1_634' title='bbox 1520 4617 1653 4670; x_wconf 90' lang='lat' dir='ltr'><strong>mihi</strong></span> <span class='ocrx_word' id='word_1_635' title='bbox 1697 4632 1817 4671; x_wconf 87' lang='lat' dir='ltr'><strong>esse</strong></span> <span class='ocrx_word' id='word_1_636' title='bbox 1858 4634 2023 4686; x_wconf 90' lang='lat' dir='ltr'><strong>quam</strong></span> <span class='ocrx_word' id='word_1_637' title='bbox 2056 4634 2140 4671; x_wconf 90' lang='lat' dir='ltr'><strong>me</strong></span> <span class='ocrx_word' id='word_1_638' title='bbox 2173 4619 2371 4689; x_wconf 85' lang='lat' dir='ltr'><strong>ipsum,</strong></span> 
     </span>
    </p>
   </div>
   <div class='ocr_carea' id='block_1_85' title="bbox 797 4708 2373 4779">
    <p class='ocr_par' dir='ltr' id='par_1_85' title="bbox 797 4708 2373 4779">
     <span class='ocr_line' id='line_1_85' title="bbox 797 4708 2373 4779; baseline 0.001 -17"><span class='ocrx_word' id='word_1_639' title='bbox 797 4724 995 4778; x_wconf 83' lang='lat' dir='ltr'><strong>ineque</strong></span> <span class='ocrx_word' id='word_1_640' title='bbox 1049 4709 1194 4761; x_wconf 92' lang='lat' dir='ltr'><strong>nulla</strong></span> <span class='ocrx_word' id='word_1_641' title='bbox 1275 4708 1577 4762; x_wconf 90' lang='lat' dir='ltr'><strong>ambitione</strong></span> <span class='ocrx_word' id='word_1_642' title='bbox 1647 4719 1743 4763; x_wconf 87' lang='lat' dir='ltr'><strong>aut</strong></span> <span class='ocrx_word' id='word_1_643' title='bbox 1807 4725 2032 4763; x_wconf 70' lang='lat' dir='ltr'><strong>summa:</strong></span> <span class='ocrx_word' id='word_1_644' title='bbox 2087 4712 2373 4779; x_wconf 87' lang='lat' dir='ltr'><strong>potestatis</strong></span> 
     </span>
    </p>
   </div>
   <div class='ocr_carea' id='block_1_86' title="bbox 795 4800 2372 4871">
    <p class='ocr_par' dir='ltr' id='par_1_86' title="bbox 795 4800 2372 4871">
     <span class='ocr_line' id='line_1_86' title="bbox 795 4800 2372 4871; baseline -0.001 -14"><span class='ocrx_word' id='word_1_645' title='bbox 795 4803 1146 4857; x_wconf 71' lang='lat' dir='ltr'><strong>atiectatione</strong></span> <span class='ocrx_word' id='word_1_646' title='bbox 1215 4809 1404 4854; x_wconf 87' lang='lat' dir='ltr'><strong>contra</strong></span> <span class='ocrx_word' id='word_1_647' title='bbox 1485 4800 1821 4854; x_wconf 88' lang='lat' dir='ltr'><strong>voluntatem</strong></span> <span class='ocrx_word' id='word_1_648' title='bbox 1881 4803 1966 4854; x_wconf 91' lang='lat' dir='ltr'><strong>avi</strong></span> <span class='ocrx_word' id='word_1_649' title='bbox 2026 4803 2372 4871; x_wconf 86' lang='lat' dir='ltr'><strong>imperatoris</strong></span> 
     </span>
    </p>
   </div>
   <div class='ocr_carea' id='block_1_87' title="bbox 799 4891 2368 4964">
    <p class='ocr_par' dir='ltr' id='par_1_87' title="bbox 799 4891 2368 4964">
     <span class='ocr_line' id='line_1_87' title="bbox 799 4891 2368 4964; baseline -0.001 -17"><span class='ocrx_word' id='word_1_650' title='bbox 799 4909 1080 4964; x_wconf 68' lang='lat' dir='ltr'><strong>egressum</strong></span> <span class='ocrx_word' id='word_1_651' title='bbox 1110 4909 1251 4959; x_wconf 88' lang='lat' dir='ltr'><strong>esse,</strong></span> <span class='ocrx_word' id='word_1_652' title='bbox 1277 4891 1483 4947; x_wconf 87' lang='lat' dir='ltr'><strong>nemini</strong></span> <span class='ocrx_word' id='word_1_653' title='bbox 1522 4901 1606 4946; x_wconf 90' lang='lat' dir='ltr'><strong>est</strong></span> <span class='ocrx_word' id='word_1_654' title='bbox 1644 4891 1963 4945; x_wconf 89' lang='lat' dir='ltr'><strong>obscurum.</strong></span> <span class='ocrx_word' id='word_1_655' title='bbox 1987 4892 2198 4947; x_wconf 78' lang='lat' dir='ltr'><strong>Videtis</strong></span> <span class='ocrx_word' id='word_1_656' title='bbox 2222 4893 2368 4946; x_wconf 85' lang='lat' dir='ltr'><strong>enim</strong></span> 
     </span>
    </p>
   </div>
   <div class='ocr_carea' id='block_1_88' title="bbox 2551 4333 4057 4417">
    <p class='ocr_par' dir='ltr' id='par_1_88' title="bbox 2551 4333 4057 4417">
     <span class='ocr_line' id='line_1_88' title="bbox 2551 4333 4057 4417; baseline 0.008 -27"><span class='ocrx_word' id='word_1_657' title='bbox 2551 4336 2627 4391; x_wconf 85' lang='lat' dir='ltr'><strong>B&#39;.</strong></span> <span class='ocrx_word' id='word_1_658' title='bbox 2662 4333 2769 4402; x_wconf 84' lang='grc' dir='ltr'>Οὓς</span> <span class='ocrx_word' id='word_1_659' title='bbox 2803 4340 2867 4410; x_wconf 81' lang='grc' dir='ltr'>δὴ</span> <span class='ocrx_word' id='word_1_660' title='bbox 2909 4341 3116 4403; x_wconf 86' lang='grc' dir='ltr'>πάντας</span> <span class='ocrx_word' id='word_1_661' title='bbox 3161 4343 3418 4403; x_wconf 71' lang='grc' dir='ltr'>ἀπιόντας</span> <span class='ocrx_word' id='word_1_662' title='bbox 3469 4346 3650 4396; x_wconf 83' lang='grc' dir='ltr'>ἐκεῖσε</span> <span class='ocrx_word' id='word_1_663' title='bbox 3685 4348 4057 4417; x_wconf 70' lang='grc' dir='ltr'>μεταπεμψά-</span> 
     </span>
    </p>
   </div>
   <div class='ocr_carea' id='block_1_89' title="bbox 2480 4435 4058 4512">
    <p class='ocr_par' dir='ltr' id='par_1_89' title="bbox 2480 4435 4058 4512">
     <span class='ocr_line' id='line_1_89' title="bbox 2480 4435 4058 4512; baseline 0.007 -28"><span class='ocrx_word' id='word_1_664' title='bbox 2480 4450 2640 4502; x_wconf 85' lang='grc' dir='ltr'>μενος</span> <span class='ocrx_word' id='word_1_665' title='bbox 2675 4436 2883 4496; x_wconf 76' lang='grc' dir='ltr'>ἐκεῖνος</span> <span class='ocrx_word' id='word_1_666' title='bbox 2910 4436 2998 4486; x_wconf 80' lang='grc' dir='ltr'><strong>καὶ</strong></span> <span class='ocrx_word' id='word_1_667' title='bbox 3030 4435 3328 4504; x_wconf 77' lang='grc' dir='ltr'>ἐκκλησίαν</span> <span class='ocrx_word' id='word_1_668' title='bbox 3361 4438 3673 4504; x_wconf 83' lang='grc' dir='ltr'>πεποιηκὼς</span> <span class='ocrx_word' id='word_1_669' title='bbox 3703 4440 4058 4512; x_wconf 76' lang='grc' dir='ltr'>δημηγορίαν</span> 
     </span>
    </p>
   </div>
   <div class='ocr_carea' id='block_1_90' title="bbox 2476 4526 4050 4601">
    <p class='ocr_par' dir='ltr' id='par_1_90' title="bbox 2476 4526 4050 4601">
     <span class='ocr_line' id='line_1_90' title="bbox 2476 4526 4050 4601; baseline 0.007 -25"><span class='ocrx_word' id='word_1_670' title='bbox 2476 4526 2594 4577; x_wconf 78' lang='grc' dir='ltr'>τινὰ</span> <span class='ocrx_word' id='word_1_671' title='bbox 2630 4528 3112 4596; x_wconf 78' lang='grc' dir='ltr'>ἐσχηματισμένην</span> <span class='ocrx_word' id='word_1_672' title='bbox 3136 4528 3222 4579; x_wconf 75' lang='grc' dir='ltr'><strong>ἐπ’</strong></span> <span class='ocrx_word' id='word_1_673' title='bbox 3248 4531 3428 4583; x_wconf 79' lang='grc' dir='ltr'>αὐτῶν</span> <span class='ocrx_word' id='word_1_674' title='bbox 3457 4530 3734 4601; x_wconf 75' lang='grc' dir='ltr'>διεξῆλθεν</span> <span class='ocrx_word' id='word_1_675' title='bbox 3762 4548 3776 4563; x_wconf 75' lang='grc' dir='ltr'><strong>ο</strong></span> <span class='ocrx_word' id='word_1_676' title='bbox 3807 4553 3823 4584; x_wconf 87' lang='grc' dir='ltr'><strong>ι</strong></span> <span class='ocrx_word' id='word_1_677' title='bbox 3851 4534 4050 4600; x_wconf 73' lang='grc' dir='ltr'><strong>Ἐγὼ,»</strong></span> 
     </span>
    </p>
   </div>
   <div class='ocr_carea' id='block_1_91' title="bbox 2475 4616 4058 4694">
    <p class='ocr_par' dir='ltr' id='par_1_91' title="bbox 2475 4616 4058 4694">
     <span class='ocr_line' id='line_1_91' title="bbox 2475 4616 4058 4694; baseline 0.008 -28"><span class='ocrx_word' id='word_1_678' title='bbox 2475 4616 2676 4685; x_wconf 83' lang='grc' dir='ltr'>φήσας,</span> <span class='ocrx_word' id='word_1_679' title='bbox 2719 4636 2734 4667; x_wconf 90' lang='grc' dir='ltr'><strong>ι</strong></span> <span class='ocrx_word' id='word_1_680' title='bbox 2766 4618 2847 4668; x_wconf 85' lang='grc' dir='ltr'><strong>δτι</strong></span> <span class='ocrx_word' id='word_1_681' title='bbox 2874 4617 2973 4685; x_wconf 84' lang='grc' dir='ltr'>μὲν</span> <span class='ocrx_word' id='word_1_682' title='bbox 2996 4618 3118 4676; x_wconf 79' lang='grc' dir='ltr'>τοὺς</span> <span class='ocrx_word' id='word_1_683' title='bbox 3140 4620 3412 4687; x_wconf 75' lang='grc' dir='ltr'>ὑπηκόους</span> <span class='ocrx_word' id='word_1_684' title='bbox 3443 4622 3585 4690; x_wconf 77' lang='grc' dir='ltr'>ὑμᾶς</span> <span class='ocrx_word' id='word_1_685' title='bbox 3610 4622 3776 4677; x_wconf 74' lang='grc' dir='ltr'>πλέον</span> <span class='ocrx_word' id='word_1_686' title='bbox 3808 4625 3838 4694; x_wconf 81' lang='grc' dir='ltr'>ἢ</span> <span class='ocrx_word' id='word_1_687' title='bbox 3878 4628 4058 4694; x_wconf 80' lang='grc' dir='ltr'>ἐμαυ-</span> 
     </span>
    </p>
   </div>
   <div class='ocr_carea' id='block_1_92' title="bbox 2405 4709 4056 4804">
    <p class='ocr_par' dir='ltr' id='par_1_92' title="bbox 2405 4709 4056 4804">
     <span class='ocr_line' id='line_1_92' title="bbox 2405 4709 4056 4804; baseline 0.005 -44"><span class='ocrx_word' id='word_1_688' title='bbox 2405 4751 2447 4804; x_wconf 80' lang='lat' dir='ltr'><strong>D</strong></span> <span class='ocrx_word' id='word_1_689' title='bbox 2475 4711 2566 4761; x_wconf 74' lang='grc' dir='ltr'>τὸν</span> <span class='ocrx_word' id='word_1_690' title='bbox 2593 4709 2732 4776; x_wconf 87' lang='grc' dir='ltr'>φιλῶ</span> <span class='ocrx_word' id='word_1_691' title='bbox 2773 4711 2867 4762; x_wconf 72' lang='grc' dir='ltr'><strong>καὶ</strong></span> <span class='ocrx_word' id='word_1_692' title='bbox 2909 4711 2990 4762; x_wconf 88' lang='grc' dir='ltr'>ὅτι</span> <span class='ocrx_word' id='word_1_693' title='bbox 3022 4712 3119 4762; x_wconf 83' lang='grc' dir='ltr'><strong>οὐκ</strong></span> <span class='ocrx_word' id='word_1_694' title='bbox 3163 4713 3601 4783; x_wconf 72' lang='grc' dir='ltr'>αὐτοκρατορίαν</span> <span class='ocrx_word' id='word_1_695' title='bbox 3631 4715 3858 4783; x_wconf 74' lang='grc' dir='ltr'>ἐμαυτῷ</span> <span class='ocrx_word' id='word_1_696' title='bbox 3890 4733 4056 4785; x_wconf 77' lang='grc' dir='ltr'>περι·</span> 
     </span>
    </p>
   </div>
   <div class='ocr_carea' id='block_1_93' title="bbox 2479 4804 4061 4878">
    <p class='ocr_par' dir='ltr' id='par_1_93' title="bbox 2479 4804 4061 4878">
     <span class='ocr_line' id='line_1_93' title="bbox 2479 4804 4061 4878; baseline 0.006 -24"><span class='ocrx_word' id='word_1_697' title='bbox 2479 4804 2656 4856; x_wconf 86' lang='grc' dir='ltr'>θεῖναι</span> <span class='ocrx_word' id='word_1_698' title='bbox 2690 4805 3007 4868; x_wconf 74' lang='grc' dir='ltr'>σπουδάζων</span> <span class='ocrx_word' id='word_1_699' title='bbox 3054 4806 3278 4874; x_wconf 77' lang='grc' dir='ltr'>ἐξῆλθον</span> <span class='ocrx_word' id='word_1_700' title='bbox 3329 4809 3479 4876; x_wconf 77' lang='grc' dir='ltr'>παρὰ</span> <span class='ocrx_word' id='word_1_701' title='bbox 3528 4811 3624 4875; x_wconf 75' lang='grc' dir='ltr'><strong>τὴν</strong></span> <span class='ocrx_word' id='word_1_702' title='bbox 3660 4810 3750 4860; x_wconf 74' lang='grc' dir='ltr'><strong>τοῦ</strong></span> <span class='ocrx_word' id='word_1_703' title='bbox 3788 4810 4061 4878; x_wconf 81' lang='grc' dir='ltr'>βασιλέως</span> 
     </span>
    </p>
   </div>
   <div class='ocr_carea' id='block_1_94' title="bbox 2479 4895 4060 4971">
    <p class='ocr_par' dir='ltr' id='par_1_94' title="bbox 2479 4895 4060 4971">
     <span class='ocr_line' id='line_1_94' title="bbox 2479 4895 4060 4971; baseline 0.006 -24"><span class='ocrx_word' id='word_1_704' title='bbox 2479 4895 2573 4947; x_wconf 71' lang='grc' dir='ltr'>καὶ</span> <span class='ocrx_word' id='word_1_705' title='bbox 2612 4897 2841 4948; x_wconf 81' lang='grc' dir='ltr'>πάππου</span> <span class='ocrx_word' id='word_1_706' title='bbox 2874 4914 2976 4966; x_wconf 89' lang='grc' dir='ltr'><strong>μου</strong></span> <span class='ocrx_word' id='word_1_707' title='bbox 3007 4897 3285 4968; x_wconf 79' lang='grc' dir='ltr'>βούλησιν,</span> <span class='ocrx_word' id='word_1_708' title='bbox 3310 4900 3474 4952; x_wconf 88' lang='grc' dir='ltr'>παντί</span> <span class='ocrx_word' id='word_1_709' title='bbox 3507 4916 3610 4952; x_wconf 92' lang='grc' dir='ltr'><strong>που</strong></span> <span class='ocrx_word' id='word_1_710' title='bbox 3635 4900 3813 4971; x_wconf 80' lang='grc' dir='ltr'>δῆλον.</span> <span class='ocrx_word' id='word_1_711' title='bbox 3859 4901 4060 4966; x_wconf 77' lang='grc' dir='ltr'>Ὁρᾶτε</span> 
     </span>
    </p>
   </div>
   <div class='ocr_carea' id='block_1_95' title="bbox 2130 5029 2687 5093">
    <p class='ocr_par' dir='ltr' id='par_1_95' title="bbox 2130 5029 2687 5093">
     <span class='ocr_line' id='line_1_95' title="bbox 2130 5029 2687 5093; baseline 0.007 -5"><span class='ocrx_word' id='word_1_712' title='bbox 2130 5029 2466 5092; x_wconf 81' lang='lat' dir='ltr'><strong>Variorum</strong></span> <span class='ocrx_word' id='word_1_713' title='bbox 2503 5044 2687 5093; x_wconf 65' lang='lat' dir='ltr'><strong>notae.</strong></span> 
     </span>
    </p>
   </div>
   <div class='ocr_carea' id='block_1_96' title="bbox 877 5154 2379 5231">
    <p class='ocr_par' dir='ltr' id='par_1_96' title="bbox 877 5154 2379 5231">
     <span class='ocr_line' id='line_1_96' title="bbox 877 5154 2379 5231; baseline -0.006 -15"><span class='ocrx_word' id='word_1_714' title='bbox 877 5162 988 5231; x_wconf 86' lang='lat'><strong>(67)</strong></span> <span class='ocrx_word' id='word_1_715' title='bbox 1018 5157 1226 5229; x_wconf 89' lang='lat' dir='ltr'><strong>Oppida</strong></span> <span class='ocrx_word' id='word_1_716' title='bbox 1262 5157 1372 5212; x_wconf 90' lang='lat' dir='ltr'><strong>duo</strong></span> <span class='ocrx_word' id='word_1_717' title='bbox 1408 5155 1511 5231; x_wconf 86' lang='lat' dir='ltr'><strong>hac</strong></span> <span class='ocrx_word' id='word_1_718' title='bbox 1536 5157 1901 5231; x_wconf 68' lang='lat' dir='ltr'><strong>appellatione</strong></span> <span class='ocrx_word' id='word_1_719' title='bbox 1923 5154 2379 5231; x_wconf 66' lang='lat' dir='ltr'><strong>observatlmuu-</strong></span> 
     </span>
    </p>
   </div>
   <div class='ocr_carea' id='block_1_97' title="bbox 801 5226 2378 5299">
    <p class='ocr_par' dir='ltr' id='par_1_97' title="bbox 801 5226 2378 5299">
     <span class='ocr_line' id='line_1_97' title="bbox 801 5226 2378 5299; baseline -0.008 -10"><span class='ocrx_word' id='word_1_720' title='bbox 801 5226 1012 5289; x_wconf 70' lang='lat' dir='ltr'><strong>clarius</strong></span> <span class='ocrx_word' id='word_1_721' title='bbox 1066 5226 1118 5284; x_wconf 82' lang='lat' dir='ltr'><strong>in</strong></span> <span class='ocrx_word' id='word_1_722' title='bbox 1177 5231 1362 5299; x_wconf 87' lang='lat' dir='ltr'><strong>priore</strong></span> <span class='ocrx_word' id='word_1_723' title='bbox 1427 5226 2088 5299; x_wconf 71' lang='lat' dir='ltr'><strong>Onomastieo_Turcico,</strong></span> <span class='ocrx_word' id='word_1_724' title='bbox 2147 5229 2378 5299; x_wconf 74' lang='lat' dir='ltr'><strong>alterum</strong></span> 
     </span>
    </p>
   </div>
   <div class='ocr_carea' id='block_1_98' title="bbox 803 5296 2381 5374">
    <p class='ocr_par' dir='ltr' id='par_1_98' title="bbox 803 5296 2381 5374">
     <span class='ocr_line' id='line_1_98' title="bbox 803 5296 2381 5374; baseline -0.008 -17"><span class='ocrx_word' id='word_1_725' title='bbox 803 5306 947 5374; x_wconf 88' lang='lat' dir='ltr'><strong>quod</strong></span> <span class='ocrx_word' id='word_1_726' title='bbox 992 5296 1211 5370; x_wconf 81' lang='grc' dir='ltr'>Ῥήγιον</span> <span class='ocrx_word' id='word_1_727' title='bbox 1249 5300 1392 5374; x_wconf 52' lang='grc' dir='ltr'>μέγα</span> <span class='ocrx_word' id='word_1_728' title='bbox 1432 5297 2096 5374; x_wconf 67' lang='lat' dir='ltr'><strong>vocat_inter_Selivreat_n</strong></span> <span class='ocrx_word' id='word_1_729' title='bbox 2131 5309 2184 5350; x_wconf 91' lang='lat' dir='ltr'><strong>et</strong></span> <span class='ocrx_word' id='word_1_730' title='bbox 2229 5296 2381 5374; x_wconf 56' lang='lat' dir='ltr'><strong>Pon-</strong></span> 
     </span>
    </p>
   </div>
   <div class='ocr_carea' id='block_1_99' title="bbox 805 5365 2384 5436">
    <p class='ocr_par' dir='ltr' id='par_1_99' title="bbox 805 5365 2384 5436">
     <span class='ocr_line' id='line_1_99' title="bbox 805 5365 2384 5436; baseline -0.008 -7"><span class='ocrx_word' id='word_1_731' title='bbox 805 5365 910 5429; x_wconf 39' lang='lat' dir='ltr'><strong>Ilum</strong></span> <span class='ocrx_word' id='word_1_732' title='bbox 969 5365 1259 5430; x_wconf 79' lang='lat' dir='ltr'><strong>minorem,</strong></span> <span class='ocrx_word' id='word_1_733' title='bbox 1288 5369 1481 5421; x_wconf 75' lang='lat' dir='ltr'><strong>Turcis</strong></span> <span class='ocrx_word' id='word_1_734' title='bbox 1514 5368 2016 5436; x_wconf 79' lang='lat' dir='ltr'><strong>Bujuc-Zecmege,</strong></span> <span class='ocrx_word' id='word_1_735' title='bbox 2059 5367 2093 5417; x_wconf 93' lang='lat' dir='ltr'><strong>i.</strong></span> <span class='ocrx_word' id='word_1_736' title='bbox 2131 5383 2178 5418; x_wconf 90' lang='lat' dir='ltr'><strong>e.</strong></span> <span class='ocrx_word' id='word_1_737' title='bbox 2221 5365 2384 5417; x_wconf 88' lang='lat' dir='ltr'><strong>Ponte</strong></span> 
     </span>
    </p>
   </div>
   <div class='ocr_carea' id='block_1_100' title="bbox 802 5438 2366 5516">
    <p class='ocr_par' dir='ltr' id='par_1_100' title="bbox 802 5438 2366 5516">
     <span class='ocr_line' id='line_1_100' title="bbox 802 5438 2366 5516; baseline -0.005 -20"><span class='ocrx_word' id='word_1_738' title='bbox 802 5445 1023 5516; x_wconf 81' lang='lat' dir='ltr'><strong>grande,</strong></span> <span class='ocrx_word' id='word_1_739' title='bbox 1053 5444 1166 5496; x_wconf 88' lang='lat' dir='ltr'><strong>sive</strong></span> <span class='ocrx_word' id='word_1_740' title='bbox 1203 5441 1340 5493; x_wconf 84' lang='lat' dir='ltr'><strong>Pons</strong></span> <span class='ocrx_word' id='word_1_741' title='bbox 1371 5439 1561 5516; x_wconf 67' lang='lat' dir='ltr'><strong>major.</strong></span> <span class='ocrx_word' id='word_1_742' title='bbox 1624 5439 1844 5516; x_wconf 59' lang='grc' dir='ltr'>ςΡήγιον</span> <span class='ocrx_word' id='word_1_743' title='bbox 1882 5446 2062 5516; x_wconf 81' lang='lat' dir='ltr'><strong>autem</strong></span> <span class='ocrx_word' id='word_1_744' title='bbox 2118 5438 2366 5515; x_wconf 76' lang='lat' dir='ltr'><strong>numina-</strong></span> 
     </span>
    </p>
   </div>
   <div class='ocr_carea' id='block_1_101' title="bbox 805 5507 2364 5575">
    <p class='ocr_par' dir='ltr' id='par_1_101' title="bbox 805 5507 2364 5575">
     <span class='ocr_line' id='line_1_101' title="bbox 805 5507 2364 5575; baseline -0.008 -5"><span class='ocrx_word' id='word_1_745' title='bbox 805 5507 916 5570; x_wconf 64' lang='lat' dir='ltr'><strong>ium</strong></span> <span class='ocrx_word' id='word_1_746' title='bbox 951 5522 1138 5567; x_wconf 84' lang='lat' dir='ltr'><strong>censet</strong></span> <span class='ocrx_word' id='word_1_747' title='bbox 1170 5528 1198 5564; x_wconf 87' lang='lat' dir='ltr'><strong>a</strong></span> <span class='ocrx_word' id='word_1_748' title='bbox 1239 5521 1382 5563; x_wconf 74' lang='lat' dir='ltr'><strong>terra</strong></span> <span class='ocrx_word' id='word_1_749' title='bbox 1427 5510 1594 5561; x_wconf 75' lang='lat' dir='ltr'><strong>maris</strong></span> <span class='ocrx_word' id='word_1_750' title='bbox 1624 5509 1826 5575; x_wconf 74' lang='lat' dir='ltr'><strong>impetu</strong></span> <span class='ocrx_word' id='word_1_751' title='bbox 1886 5508 1985 5558; x_wconf 83' lang='lat' dir='ltr'><strong>abs</strong></span> <span class='ocrx_word' id='word_1_752' title='bbox 2028 5522 2085 5560; x_wconf 88' lang='lat' dir='ltr'><strong>se</strong></span> <span class='ocrx_word' id='word_1_753' title='bbox 2130 5507 2364 5558; x_wconf 74' lang='lat' dir='ltr'><strong>iuvit-em</strong></span> 
     </span>
    </p>
   </div>
   <div class='ocr_carea' id='block_1_102' title="bbox 805 5579 2368 5650">
    <p class='ocr_par' dir='ltr' id='par_1_102' title="bbox 805 5579 2368 5650">
     <span class='ocr_line' id='line_1_102' title="bbox 805 5579 2368 5650; baseline -0.005 -13"><span class='ocrx_word' id='word_1_754' title='bbox 805 5587 1039 5645; x_wconf 81' lang='lat' dir='ltr'><strong>divulsa,</strong></span> <span class='ocrx_word' id='word_1_755' title='bbox 1087 5597 1208 5650; x_wconf 65' lang='lat' dir='ltr'><strong>quae</strong></span> <span class='ocrx_word' id='word_1_756' title='bbox 1237 5585 1416 5633; x_wconf 76' lang='lat' dir='ltr'><strong>sinum</strong></span> <span class='ocrx_word' id='word_1_757' title='bbox 1460 5581 1608 5631; x_wconf 90' lang='lat' dir='ltr'><strong>hunc</strong></span> <span class='ocrx_word' id='word_1_758' title='bbox 1635 5579 1999 5650; x_wconf 14' lang='lat' dir='ltr'><strong>Cllrtjt&#39;ﬂl&#39;ll,rlll</strong></span> <span class='ocrx_word' id='word_1_759' title='bbox 2053 5580 2244 5650; x_wconf 76' lang='lat' dir='ltr'><strong>eadem</strong></span> <span class='ocrx_word' id='word_1_760' title='bbox 2289 5580 2368 5650; x_wconf 78' lang='lat' dir='ltr'><strong>_t_lc</strong></span> 
     </span>
    </p>
   </div>
   <div class='ocr_carea' id='block_1_103' title="bbox 805 5647 2372 5714">
    <p class='ocr_par' dir='ltr' id='par_1_103' title="bbox 805 5647 2372 5714">
     <span class='ocr_line' id='line_1_103' title="bbox 805 5647 2372 5714; baseline -0.005 -7"><span class='ocrx_word' id='word_1_761' title='bbox 805 5671 965 5709; x_wconf 85' lang='lat' dir='ltr'><strong>causa</strong></span> <span class='ocrx_word' id='word_1_762' title='bbox 992 5647 1227 5707; x_wconf 81' lang='lat' dir='ltr'><strong>divisum</strong></span> <span class='ocrx_word' id='word_1_763' title='bbox 1255 5662 1413 5703; x_wconf 73' lang='lat' dir='ltr'><strong>terra:</strong></span> <span class='ocrx_word' id='word_1_764' title='bbox 1439 5661 1586 5701; x_wconf 89' lang='lat' dir='ltr'><strong>motu</strong></span> <span class='ocrx_word' id='word_1_765' title='bbox 1619 5666 1646 5700; x_wconf 87' lang='lat' dir='ltr'><strong>a</strong></span> <span class='ocrx_word' id='word_1_766' title='bbox 1689 5649 1876 5701; x_wconf 87' lang='lat' dir='ltr'><strong>Sicilia</strong></span> <span class='ocrx_word' id='word_1_767' title='bbox 1911 5649 2176 5714; x_wconf 73' lang='lat' dir='ltr'><strong>Rhegium</strong></span> <span class='ocrx_word' id='word_1_768' title='bbox 2201 5647 2372 5699; x_wconf 74' lang='lat' dir='ltr'><strong>Italia:</strong></span> 
     </span>
    </p>
   </div>
   <div class='ocr_carea' id='block_1_104' title="bbox 805 5715 2370 5787">
    <p class='ocr_par' dir='ltr' id='par_1_104' title="bbox 805 5715 2370 5787">
     <span class='ocr_line' id='line_1_104' title="bbox 805 5715 2370 5787; baseline -0.005 -9"><span class='ocrx_word' id='word_1_769' title='bbox 805 5728 1032 5779; x_wconf 85' lang='lat' dir='ltr'><strong>dictum.</strong></span> <span class='ocrx_word' id='word_1_770' title='bbox 1076 5722 1318 5777; x_wconf 87' lang='lat' dir='ltr'><strong>Alterum</strong></span> <span class='ocrx_word' id='word_1_771' title='bbox 1350 5720 1618 5786; x_wconf 77' lang='lat' dir='ltr'><strong>Rhegium</strong></span> <span class='ocrx_word' id='word_1_772' title='bbox 1657 5721 1851 5787; x_wconf 74' lang='grc' dir='ltr'>μικρὸν</span> <span class='ocrx_word' id='word_1_773' title='bbox 1913 5719 2117 5770; x_wconf 86' lang='lat' dir='ltr'><strong>dictum</strong></span> <span class='ocrx_word' id='word_1_774' title='bbox 2153 5735 2163 5768; x_wconf 90' lang='lat'>:</span> <span class='ocrx_word' id='word_1_775' title='bbox 2205 5715 2370 5770; x_wconf 86' lang='lat' dir='ltr'><strong>Turci</strong></span> 
     </span>
    </p>
   </div>
   <div class='ocr_carea' id='block_1_105' title="bbox 806 5790 2372 5862">
    <p class='ocr_par' dir='ltr' id='par_1_105' title="bbox 806 5790 2372 5862">
     <span class='ocr_line' id='line_1_105' title="bbox 806 5790 2372 5862; baseline -0.007 -14"><span class='ocrx_word' id='word_1_776' title='bbox 806 5798 999 5850; x_wconf 65' lang='lat' dir='ltr'><strong>tiutzuc</strong></span> <span class='ocrx_word' id='word_1_777' title='bbox 1029 5795 1296 5862; x_wconf 67' lang='lat' dir='ltr'><strong>Zecmege,</strong></span> <span class='ocrx_word' id='word_1_778' title='bbox 1323 5794 1423 5845; x_wconf 55' lang='grc' dir='ltr'>ιω.</span> <span class='ocrx_word' id='word_1_779' title='bbox 1450 5790 1667 5843; x_wconf 81' lang='lat' dir='ltr'><strong>l&#39;ontem</strong></span> <span class='ocrx_word' id='word_1_780' title='bbox 1695 5792 1945 5842; x_wconf 84' lang='lat' dir='ltr'><strong>minorem</strong></span> <span class='ocrx_word' id='word_1_781' title='bbox 1965 5797 2180 5851; x_wconf 85' lang='lat' dir='ltr'><strong>vocant,</strong></span> <span class='ocrx_word' id='word_1_782' title='bbox 2215 5791 2372 5854; x_wconf 78' lang='lat' dir='ltr'><strong>oppi-</strong></span> 
     </span>
    </p>
   </div>
   <div class='ocr_carea' id='block_1_106' title="bbox 2479 5159 4054 5236">
    <p class='ocr_par' dir='ltr' id='par_1_106' title="bbox 2479 5159 4054 5236">
     <span class='ocr_line' id='line_1_106' title="bbox 2479 5159 4054 5236; baseline 0.008 -28"><span class='ocrx_word' id='word_1_783' title='bbox 2479 5159 2606 5236; x_wconf 58' lang='lat' dir='ltr'><strong>dum</strong></span> <span class='ocrx_word' id='word_1_784' title='bbox 2647 5159 2790 5211; x_wconf 89' lang='lat' dir='ltr'><strong>inter</strong></span> <span class='ocrx_word' id='word_1_785' title='bbox 2823 5168 3049 5226; x_wconf 91' lang='lat' dir='ltr'><strong>pontem</strong></span> <span class='ocrx_word' id='word_1_786' title='bbox 3100 5161 3359 5236; x_wconf 81' lang='lat' dir='ltr'><strong>majorem</strong></span> <span class='ocrx_word' id='word_1_787' title='bbox 3413 5173 3468 5217; x_wconf 91' lang='lat' dir='ltr'><strong>et</strong></span> <span class='ocrx_word' id='word_1_788' title='bbox 3497 5164 4054 5236; x_wconf 80' lang='lat' dir='ltr'><strong>ConstantinOpolim.</strong></span> 
     </span>
    </p>
   </div>
   <div class='ocr_carea' id='block_1_107' title="bbox 2483 5228 4059 5307">
    <p class='ocr_par' dir='ltr' id='par_1_107' title="bbox 2483 5228 4059 5307">
     <span class='ocr_line' id='line_1_107' title="bbox 2483 5228 4059 5307; baseline 0.007 -27"><span class='ocrx_word' id='word_1_789' title='bbox 2483 5228 2785 5307; x_wconf 73' lang='lat' dir='ltr'><strong>Utrumque</strong></span> <span class='ocrx_word' id='word_1_790' title='bbox 2817 5228 3278 5307; x_wconf 44' lang='lat' dir='ltr'><strong>porro_opﬂpidi1m</strong></span> <span class='ocrx_word' id='word_1_791' title='bbox 3304 5243 3567 5307; x_wconf 71' lang='lat' dir='ltr'><strong>pneterea</strong></span> <span class='ocrx_word' id='word_1_792' title='bbox 3631 5228 3878 5306; x_wconf 67' lang='grc' dir='ltr'>Ἀθυροιὶ</span> <span class='ocrx_word' id='word_1_793' title='bbox 3914 5244 4059 5307; x_wconf 80' lang='grc' dir='ltr'>μέγα</span> 
     </span>
    </p>
   </div>
   <div class='ocr_carea' id='block_1_108' title="bbox 2481 5299 4059 5372">
    <p class='ocr_par' dir='ltr' id='par_1_108' title="bbox 2481 5299 4059 5372">
     <span class='ocr_line' id='line_1_108' title="bbox 2481 5299 4059 5372; baseline 0.009 -22"><span class='ocrx_word' id='word_1_794' title='bbox 2481 5311 2536 5350; x_wconf 88' lang='lat' dir='ltr'><strong>ct</strong></span> <span class='ocrx_word' id='word_1_795' title='bbox 2578 5300 2811 5372; x_wconf 70' lang='grc' dir='ltr'>Ἀουρον</span> <span class='ocrx_word' id='word_1_796' title='bbox 2843 5299 3039 5372; x_wconf 82' lang='grc' dir='ltr'>μικρὸν</span> <span class='ocrx_word' id='word_1_797' title='bbox 3063 5300 3282 5355; x_wconf 57' lang='lat' dir='ltr'><strong>Graecos</strong></span> <span class='ocrx_word' id='word_1_798' title='bbox 3305 5299 3593 5372; x_wconf 73' lang='lat' dir='ltr'><strong>appellare</strong></span> <span class='ocrx_word' id='word_1_799' title='bbox 3629 5299 3926 5361; x_wconf 54' lang='lat' dir='ltr'><strong>observat:</strong></span> <span class='ocrx_word' id='word_1_800' title='bbox 3958 5299 4059 5364; x_wconf 74' lang='lat' dir='ltr'><strong>Vc-</strong></span> 
     </span>
    </p>
   </div>
   <div class='ocr_carea' id='block_1_109' title="bbox 2487 5368 4055 5447">
    <p class='ocr_par' dir='ltr' id='par_1_109' title="bbox 2487 5368 4055 5447">
     <span class='ocr_line' id='line_1_109' title="bbox 2487 5368 4055 5447; baseline 0.011 -29"><span class='ocrx_word' id='word_1_801' title='bbox 2487 5385 2605 5447; x_wconf 60' lang='lat' dir='ltr'><strong>rum</strong></span> <span class='ocrx_word' id='word_1_802' title='bbox 2626 5368 2858 5447; x_wconf 60' lang='grc' dir='ltr'>Ἀθέραν</span> <span class='ocrx_word' id='word_1_803' title='bbox 2894 5370 3174 5447; x_wconf 81' lang='lat' dir='ltr'><strong>diversum</strong></span> <span class='ocrx_word' id='word_1_804' title='bbox 3210 5386 3329 5447; x_wconf 66' lang='lat' dir='ltr'><strong>esse</strong></span> <span class='ocrx_word' id='word_1_805' title='bbox 3359 5368 3636 5443; x_wconf 76' lang='lat' dir='ltr'><strong>oppidum</strong></span> <span class='ocrx_word' id='word_1_806' title='bbox 3667 5396 3692 5428; x_wconf 90' lang='lat' dir='ltr'><strong>a</strong></span> <span class='ocrx_word' id='word_1_807' title='bbox 3721 5379 3958 5447; x_wconf 69' lang='lat' dir='ltr'><strong>lihcgio,</strong></span> <span class='ocrx_word' id='word_1_808' title='bbox 3992 5398 4055 5435; x_wconf 66' lang='lat' dir='ltr'><strong>ex</strong></span> 
     </span>
    </p>
   </div>
   <div class='ocr_carea' id='block_1_110' title="bbox 2486 5439 4055 5516">
    <p class='ocr_par' dir='ltr' id='par_1_110' title="bbox 2486 5439 4055 5516">
     <span class='ocr_line' id='line_1_110' title="bbox 2486 5439 4055 5516; baseline 0.007 -24"><span class='ocrx_word' id='word_1_809' title='bbox 2486 5439 2753 5516; x_wconf 75' lang='lat' dir='ltr'><strong>Procopio</strong></span> <span class='ocrx_word' id='word_1_810' title='bbox 2787 5442 3226 5516; x_wconf 71' lang='lat' dir='ltr'><strong>ret-_te_opinat_ur</strong></span> <span class='ocrx_word' id='word_1_811' title='bbox 3260 5439 3523 5504; x_wconf 79' lang='lat' dir='ltr'><strong>Ortclius,</strong></span> <span class='ocrx_word' id='word_1_812' title='bbox 3568 5450 3632 5499; x_wconf 83' lang='lat' dir='ltr'><strong>de</strong></span> <span class='ocrx_word' id='word_1_813' title='bbox 3663 5464 3771 5512; x_wconf 81' lang='lat' dir='ltr'><strong>quo</strong></span> <span class='ocrx_word' id='word_1_814' title='bbox 3808 5439 4055 5516; x_wconf 70' lang='lat' dir='ltr'><strong>quaedam</strong></span> 
     </span>
    </p>
   </div>
   <div class='ocr_carea' id='block_1_111' title="bbox 2475 5509 4057 5588">
    <p class='ocr_par' dir='ltr' id='par_1_111' title="bbox 2475 5509 4057 5588">
     <span class='ocr_line' id='line_1_111' title="bbox 2475 5509 4057 5588; baseline 0.011 -32"><span class='ocrx_word' id='word_1_815' title='bbox 2475 5513 2785 5588; x_wconf 52' lang='grc' dir='ltr'>ξμιιιινιιιιξιδ</span> <span class='ocrx_word' id='word_1_816' title='bbox 2819 5509 2882 5560; x_wconf 89' lang='lat' dir='ltr'><strong>ad</strong></span> <span class='ocrx_word' id='word_1_817' title='bbox 2908 5511 3382 5588; x_wconf 75' lang='lat' dir='ltr'><strong>_Villharduinum,</strong></span> <span class='ocrx_word' id='word_1_818' title='bbox 3418 5534 3470 5569; x_wconf 87' lang='grc' dir='ltr'><strong>ιι.</strong></span> <span class='ocrx_word' id='word_1_819' title='bbox 3507 5518 3632 5570; x_wconf 64' lang='grc' dir='ltr'>εει).</span> <span class='ocrx_word' id='word_1_820' title='bbox 3663 5509 3854 5588; x_wconf 68' lang='grc' dir='ltr'>ΒΙιεεῖἱ</span> <span class='ocrx_word' id='word_1_821' title='bbox 3893 5538 4057 5588; x_wconf 83' lang='lat' dir='ltr'><strong>porro</strong></span> 
     </span>
    </p>
   </div>
   <div class='ocr_carea' id='block_1_112' title="bbox 2480 5579 4058 5660">
    <p class='ocr_par' dir='ltr' id='par_1_112' title="bbox 2480 5579 4058 5660">
     <span class='ocr_line' id='line_1_112' title="bbox 2480 5579 4058 5660; baseline 0.008 -30"><span class='ocrx_word' id='word_1_822' title='bbox 2480 5579 2731 5660; x_wconf 64' lang='lat' dir='ltr'><strong>&#39;l&#39;hracici</strong></span> <span class='ocrx_word' id='word_1_823' title='bbox 2775 5584 2975 5647; x_wconf 82' lang='lat' dir='ltr'><strong>passim</strong></span> <span class='ocrx_word' id='word_1_824' title='bbox 3009 5588 3242 5660; x_wconf 57' lang='lat' dir='ltr'><strong>“mentio</strong></span> <span class='ocrx_word' id='word_1_825' title='bbox 3278 5589 3423 5655; x_wconf 85' lang='lat' dir='ltr'><strong>apud</strong></span> <span class='ocrx_word' id='word_1_826' title='bbox 3474 5579 4058 5660; x_wconf 53' lang='lat' dir='ltr'><strong>scriptorcsVBy&#39;zanti-</strong></span> 
     </span>
    </p>
   </div>
   <div class='ocr_carea' id='block_1_113' title="bbox 2478 5651 4056 5733">
    <p class='ocr_par' dir='ltr' id='par_1_113' title="bbox 2478 5651 4056 5733">
     <span class='ocr_line' id='line_1_113' title="bbox 2478 5651 4056 5733; baseline 0.011 -32"><span class='ocrx_word' id='word_1_827' title='bbox 2478 5663 2599 5702; x_wconf 88' lang='lat' dir='ltr'><strong>nos.</strong></span> <span class='ocrx_word' id='word_1_828' title='bbox 2639 5651 2871 5733; x_wconf 58' lang='lat' dir='ltr'><strong>licens.</strong></span> <span class='ocrx_word' id='word_1_829' title='bbox 2914 5652 3128 5733; x_wconf 45' lang='grc' dir='ltr'>έ-,ῌιιξρ</span> <span class='ocrx_word' id='word_1_830' title='bbox 3163 5665 3288 5708; x_wconf 87' lang='lat' dir='ltr'><strong>nota</strong></span> <span class='ocrx_word' id='word_1_831' title='bbox 3317 5651 3377 5710; x_wconf 77' lang='lat' dir='ltr'><strong>in</strong></span> <span class='ocrx_word' id='word_1_832' title='bbox 3412 5651 3676 5729; x_wconf 54' lang='lat' dir='ltr'><strong>Ducan&#39;gii</strong></span> <span class='ocrx_word' id='word_1_833' title='bbox 3713 5651 4056 5733; x_wconf 68' lang='lat' dir='ltr'><strong>autographa</strong></span> 
     </span>
    </p>
   </div>
   <div class='ocr_carea' id='block_1_114' title="bbox 2479 5721 3200 5778">
    <p class='ocr_par' dir='ltr' id='par_1_114' title="bbox 2479 5721 3200 5778">
     <span class='ocr_line' id='line_1_114' title="bbox 2479 5721 3200 5778; baseline 0.008 -6"><span class='ocrx_word' id='word_1_834' title='bbox 2479 5721 2780 5775; x_wconf 80' lang='lat' dir='ltr'><strong>Cancellata</strong></span> <span class='ocrx_word' id='word_1_835' title='bbox 2813 5731 2954 5776; x_wconf 88' lang='lat' dir='ltr'><strong>erat.</strong></span> <span class='ocrx_word' id='word_1_836' title='bbox 2988 5723 3200 5778; x_wconf 63' lang='lat' dir='ltr'><strong>Bonus.</strong></span> 
     </span>
    </p>
   </div>
  </div>
