4248 6442
760 379 862 439 595
1043 382 1119 443 ξς.
1162 394 1215 427 ιι.
1256 376 1385 431 6791
1438 394 1500 431 λυ
1542 378 1704 446 68561

1961 382 2380 441 NICEPIIORI
2422 384 2808 444 (ΞΒΕΟΟΒᾹΞ

3059 382 3192 454 [παν.
3237 399 3521 441 ssnsomc.
3566 386 3707 455 sem]

3886 393 4001 455 596

762 494 977 546 lateuus
1020 498 1472 551 admittebantur.
1518 498 1624 553 Sed
1670 509 1724 552 et
1770 499 2038 552 acerrime
2088 496 2309 566 repelle-

2422 500 2522 552 οὐκ
2550 497 2695 569 εἶχεν
2713 501 2846 564 ὅλως
2873 500 2985 555 οὔτ’
3014 507 3198 569 αὐτὸς,
3234 507 3357 559 οὗτε
3393 512 3462 559 τὰ
3509 509 3644 575 πρδς
3693 508 3857 561 αὑτοῦ
3908 511 4007 561 λα-

756 584 940 648 batur,
967 586 1241 655 lapidibus
1270 605 1503 657 superne
1531 592 1806 659 appetitus
1836 592 1903 644 ab
1937 591 2036 651 iis,
2066 590 2157 658 qui
2189 603 2316 657 pro-

756 677 1064 743 pugnacula
1119 682 1381 733 mmnium
1444 683 1778 745 tuebantur;
1843 684 1935 751 qui
2002 698 2069 736 ne
2123 696 2313 735 vocem

752 766 972 833 quidem
998 769 1119 837 ejus
1151 770 1420 836 ferebant,
1446 788 1680 841 eumque
1708 773 2125 828 contumeliosis
2153 772 2315 825 dictis

753 856 980 925 impune
1028 860 1379 916 incessebant
1418 873 1473 918 et
1514 865 1878 933 iguominiose
1923 865 2311 927 dimittebant,

753 948 1030 1019 ingenium
1054 964 1108 1007 et
1139 955 1300 1008 verba
1333 957 1453 1023 ejus
1480 957 1607 1012 dolo
1640 958 1797 1027 plena
1829 974 1948 1013 esse
1976 957 2311 1011 dictitantes.

750 1039 941 1110 Itaque
968 1044 1058 1099 ille
1083 1046 1165 1099 sic
1186 1046 1450 1103 dimissus
1471 1052 1753 1120 paululum
1770 1067 1796 1104 a
1818 1065 1977 1105 muro
1994 1049 2309 1105 declinavit.

816 1217 880 1273 ll.
923 1220 1041 1275 Nox
1069 1238 1201 1277 vero
1227 1226 1336 1294 jam
1366 1226 1558 1281 aderat
1584 1267 1597 1288 ,
1632 1229 2015 1297 cum-quidam
2042 1245 2070 1284 e
2099 1229 2309 1298 plebeia

746 1312 906 1367 turba
942 1315 1193 1381 lactiosi,
1246 1319 1395 1387 iique
1446 1335 1556 1373 non
1606 1322 1805 1389 pauci,
1852 1323 1991 1375 clam
2038 1323 2092 1375 in
2137 1338 2306 1375 unum

745 1404 927 1458 locum
961 1409 1274 1477 congregati
1323 1412 1539 1465 occulte
1586 1412 1662 1465 illi
1710 1413 2052 1481 signiﬁcant.
2103 1424 2164 1467 ut
2206 1414 2309 1467 sub

746 1496 980 1551 mediam
1010 1509 1227 1554 noctem
1254 1544 1267 1565 ,
1299 1517 1411 1571 quo
1452 1513 1696 1574 tempore
1738 1513 1793 1558 et
1834 1506 2075 1575 Byzantii
2117 1520 2308 1559 omnes

744 1591 1022 1646 dormiant
1068 1602 1123 1646 ct
1175 1595 1437 1669 mtenium
1497 1597 1762 1652 custodes
1802 1598 1867 1652 ad
1918 1597 2305 1667 negligentiam

743 1684 853 1738 labi
890 1684 1194 1754 incipiant,
1230 1688 1479 1755 proxime
1532 1692 1732 1745 moenia
1779 1692 1985 1745 veniat.
2036 1690 2106 1744 Se
2158 1690 2304 1743 enim

742 1786 965 1841 paratos
999 1791 1120 1830 esse
1153 1778 1221 1831 ad
1253 1794 1377 1831 eum
1414 1778 1541 1832 fune
1578 1780 1631 1833 in
1679 1781 2091 1849 propugnacula
2134 1790 2306 1833 attra-

747 1864 1019 1919 luendum.
1069 1867 1227 1931 Quod
1276 1868 1321 1922 si
1375 1869 1569 1933 ﬁeret,
1621 1879 1796 1925 totum
1857 1871 2135 1941 negotium
2190 1870 2307 1924 fore

741 1954 1076 2009 conlectum.
1129 1958 1455 2012 Persuasum
1512 1960 1715 2028 quippe
1767 1960 1969 2013 habere
2027 1975 2115 2023 se,
2153 1958 2198 2013 si
2252 1960 2306 2013 in

709 2122 714 2128 _
743 2048 926 2103 media
959 2052 1096 2104 urbe
1125 2051 1560 2120 conspiceretur,
1592 2052 1877 2122 Byzantios
1903 2066 2095 2107 omnes
2123 2051 2307 2105 statim

744 2141 812 2194 ad
843 2156 969 2195 eum
1000 2142 1338 2199 defecturos.
1374 2128 1549 2199 Media
1572 2146 1681 2215 jam
1714 2155 1905 2209 nocte,
1941 2159 2065 2198 cum
2097 2144 2310 2197 videret

746 2234 1045 2301 imperator
1087 2237 1435 2291 excubitores
1470 2246 1791 2306 perpetuam
1829 2246 2045 2291 noctem
2080 2234 2309 2289 alternis

746 2329 1117 2384 custodiendo
1171 2332 1511 2401 transigere,
1565 2338 1622 2384 et
1676 2330 1916 2385 assiduis
1971 2329 2309 2384 clamoribus

742 2421 980 2474 invicem
1014 2420 1080 2474 ad
1118 2420 1453 2488 vigilandum
1503 2421 1784 2475 exhortari
1838 2436 1946 2475 non
2000 2420 2306 2485 desistere;

744 2513 1078 2569 necessitate
1130 2516 1357 2581 adactus
1410 2529 1468 2569 se
1515 2515 1694 2584 ipsum
1743 2528 1869 2569 cum
1918 2514 2308 2568 Cantacuzeno

742 2621 941 2675 magno
971 2607 1276 2661 domestico
1307 2617 1363 2662 et
1394 2606 1682 2677 Synadcno
1716 2616 2122 2677 protostratore
2156 2605 2309 2659 navi—

744 2697 883 2751 culae
917 2700 1232 2760 committit,
1264 2701 1649 2769 declinataque
1681 2700 1905 2755 australi
1950 2698 2112 2754 Urbis
2142 2698 2309 2769 509

744 2799 901 2858 parte
937 2792 1139 2844 sensim
1177 2792 1245 2845 ad
1282 2794 1510 2847 alteram
1545 2794 1720 2861 ripam
1759 2792 2103 2861 provehitur,
2138 2791 2309 2844 mari-

747 2883 943 2935 timum
980 2899 1197 2938 murum
1230 2886 1393 2939 tacite
1443 2888 1808 2947 circumiens,
1859 2885 2039 2939 sicubi
2092 2884 2307 2938 facilem

746 2973 1056 3041 ingressum
1097 2976 1343 3042 reperire
1389 2987 1596 3043 posset.
1643 2974 1800 3041 Quod
1846 2975 1881 3028 ii
1929 2974 2021 3044 qui
2074 2975 2127 3028 in
2176 2989 2311 3029 mte-

743 3065 909 3120 nibus
938 3066 1282 3119 excubabant
1312 3082 1437 3119 cum
1467 3066 1804 3131 sensissent,
1842 3068 2093 3136 asperius
2122 3075 2177 3119 et
2211 3080 2307 3119 vo-

2420 593 2674 663 λούμενα.
2731 594 3017 650 Ἐδιὼκετο
3045 597 3101 649 δέ
3138 599 3282 667 μάλα
3316 600 3559 667 σφοδρῶς
3590 600 3758 662 λίθοις
3784 600 4007 667 βαλλόν-

2416 703 2525 739 των
2552 687 2714 740 αὑτὸν
2752 688 2863 740 τῶν
2888 689 2999 743 ἀνω
3023 690 3174 759 παρὰ
3212 690 3310 751 τὰς
3359 690 3608 754 ἐπάλξεις
3662 690 3754 743 τοῦ
3785 692 4004 759 τείχους

2417 778 2759 849 καθημένων,
2800 780 2849 832 οἳ
2870 780 2986 834 οὑδέ
3019 782 3202 850 φωνῆς
3227 781 3391 835 αὐτοῦ
3434 782 3652 834 ἀκούειν
3685 784 3999 852 ἠνείχοντο·

2414 870 2549 923 ἀλλά
2578 872 2667 921 καὶ
2694 870 2916 940 ὕϐρεσιν
2949 871 3180 925 ἔπλυνον
3212 873 3382 931 ἀδεῶς
3417 874 3508 926 καὶ
3562 874 3818 942 ἀσέμνως
3865 875 4003 927 ἀπέ-

2416 977 2654 1029 πεμπον,
2706 961 3087 1031 δεδολιευμένα
3118 962 3416 1028 φάσκοντες
3462 958 3601 1016 εἶναι
3662 964 3728 1016 τά
3771 980 3829 1015 τε
3890 964 3999 1034 ἤθη

2414 1055 2509 1107 καὶ
2566 1054 2695 1115 τοὺς
2750 1053 2939 1121 λόγους
2988 1054 3179 1107 αὑτοῦ.
3224 1056 3460 1116 Ἐκεῖνος
3515 1056 3614 1123 μὲν
3671 1051 3763 1108 οῦν
3820 1055 4001 1119 οὕτως

2414 1143 2792 1209 ἀποπεμφθεὶς
2823 1144 3095 1208 ἐξέκλινεν
3125 1145 3233 1197 ἀπὸ
3272 1145 3365 1197 τοῦ
3392 1146 3604 1214 τείχους
3634 1146 3849 1214 μικρόν.

2486 1236 2557 1289 B'.
2602 1235 2716 1299 Νὺξ
2739 1236 2791 1288 δέ
2820 1238 2916 1306 ἤδη
2952 1239 3131 1306 παρῆν
3160 1237 3252 1289 καί
3281 1254 3423 1298 τινες
3444 1236 3551 1288 τῶν
3577 1237 3668 1289 τοῦ
3712 1236 3996 1290 πολιτικοῦ

2412 1325 2586 1393 δήμου
2658 1325 2972 1377 στασιωτῶν
3026 1326 3126 1378 οὑκ
3176 1324 3369 1393 ὀλίγοι,
3406 1325 3880 1396 συναθροισθέντες
3913 1326 4034 1387 εἰς,

2412 1415 2470 1468 ἓν
2510 1417 2680 1485 λάθρα
2708 1416 2881 1486 τούτῳ
2932 1416 3349 1485 διεμηνύσαντο,
3399 1416 3623 1483 ἔγγιστα
3671 1416 3997 1485 ἐληλυθέναι

2411 1508 2504 1560 τοῦ
2536 1509 2749 1576 τείχους
2785 1508 2911 1578 περὶ
2946 1508 3115 1575 μέσας
3147 1507 3371 1571 νύκτας,
3397 1510 3556 1561 ὁπότε
3581 1509 3671 1561 καὶ
3702 1508 3996 1571 Βυζάντιοι

2412 1600 2609 1667 πάντες
2640 1597 2975 1651 ὑπνώττουσι
3015 1601 3109 1652 καὶ
3142 1601 3191 1652 οί
3235 1602 3325 1652 ἐπι
3372 1600 3466 1652 τοῦ
3514 1600 3725 1667 τείχους
3757 1601 3995 1667 φρουροὶ

2412 1690 2545 1757 πρὸς
2572 1690 2631 1740 τὸ
2682 1690 3049 1761 ῥᾳθυμότερον
3102 1692 3517 1746 ἀναπίπτουσιν.
3561 1691 3843 1758 Ἐτοίμους
3880 1690 3994 1760 γὰρ

2412 1781 2548 1836 εἶναι
2571 1784 2709 1851 σφᾶς
2741 1784 3106 1852 ἀνιμήσασθαι
3124 1766 3285 1837 αὑτὸν
3306 1786 3393 1838 διὰ
3424 1784 3684 1854 μηρίνθου
3711 1785 3853 1846 τινος
3877 1783 3994 1835 ἀπὺ

2412 1876 2517 1927 τῶν
2536 1875 2828 1939 ἐπάλξεων.
2855 1875 2938 1946 [Ρ.
2961 1876 3264 1947 2501Τοῦτο
3283 1876 3327 1927 δ’
3342 1879 3389 1928 εί
3411 1876 3640 1943 γένοιτο,
3664 1876 3832 1944 πέρας
3852 1872 3997 1926 εἶναι

2410 1969 2509 2035 τῆς
2533 1968 2658 2035 ὅλης
2683 1968 2916 2036 σπουδῆς
2947 1967 3154 2020 καὶτοῦ
3188 1967 3400 2036 μακροῦ
3426 1967 3649 2036 δρόμου.
3687 1966 3998 2033 Πεπεισμέο

2410 2075 2533 2121 νους
2555 2059 2662 2127 γὰρ
2686 2053 2845 2123 εἶναι,
2873 2058 3078 2119 πάντας
3100 2058 3425 2122 Βυζαντίους
3447 2057 3609 2120 εὐθὺς
3631 2056 3999 2123 ἀκολουθῆσαι

2411 2150 2633 2219 φανέντι
2689 2150 2820 2221 περὶ
2864 2151 3034 2219 μέσην
3088 2150 3187 2220 τὴν
3243 2149 3656 2218 βασιλεύουσαν.
3717 2148 3899 2217 Μέσης
3936 2148 3996 2200 δὲ

2410 2243 2512 2313 ἤδη
2537 2241 2729 2303 νυκτὸς
2762 2242 3062 2309 γενομένης
3123 2244 3218 2296 καὶ
3273 2242 3484 2310 βλέπων
3538 2242 3565 2292 ὁ
3601 2240 3874 2310 βασιλεὺς,
3914 2239 3997 2301 ὡς

2410 2335 2707 2404 ἀμοιϐαδὸν
2738 2334 2786 2386 οἱ
2814 2334 3046 2403 φρουροὶ
3075 2334 3174 2403 τὴν
3205 2335 3373 2386 νύκτα
3431 2336 3611 2387 πᾶσαν
3671 2332 3992 2400 παραλλάτ-

2410 2443 2593 2488 τοντες
2626 2427 2689 2478 οὐ
2727 2427 2994 2478 παύονται
3028 2427 3231 2494 φωναῖς
3254 2424 3677 2492 ἀλλεπαλλήλοις
3726 2423 3994 2490 ἀλλήλους

2410 2517 2547 2590 πρὸς
2574 2520 2635 2574 τὸ
2656 2518 2954 2588 ἐγρηγορὸς
2977 2518 3354 2588 διεγείροντες,
3378 2516 3590 2586 ἀκατίῳ
3609 2515 3715 2567 τινὶ
3740 2512 3995 2566 πιστεύει

2411 2612 2603 2667 ἐαυτὸν
2630 2612 2690 2678 ἐξ
2725 2611 2967 2679 ἀνάγκης
2992 2610 3085 2676 ξύν
3102 2627 3164 2677 γε
3193 2608 3629 2676 Καντακουζηνῷ
3664 2608 3740 2677 τῷ
3768 2607 3995 2675 μεγάλῳ

2408 2702 2710 2772 δομεστίκῳ
2737 2701 2828 2753 καὶ
2856 2699 3140 2768 Συναδηνῷ
3164 2699 3241 2768 τῷ
3264 2700 3703 2768 πρωτοστράτορι
3724 2715 3736 2727 ·
3761 2699 3826 2749 δι’
3850 2692 3910 2748 οὗ
3933 2696 3999 2749 τὸ

2411 2796 2584 2848 νότιον
2618 2795 2782 2863 μέρος
2837 2792 2936 2859 τῆς
2992 2791 3616 2852 Κωνσταντινουπολεως
3670 2789 3996 2856 κάμψαντες

2409 2883 2623 2953 ὁμαλῶς
2640 2882 3043 2950 διεπεραιοῦντο
3069 2882 3376 2949 περιιόντες
3402 2880 3617 2949 ἡσύχως
3639 2881 3696 2931 τὸ
3724 2880 3998 2947 παράλιον

2409 2979 2607 3043 τεῖχος,
2645 2975 2697 3026 εί
2721 2991 2825 3025 που
2857 2974 3135 3043 δυνηθεῖεν
3165 2973 3369 3025 είσοδόν
3398 2990 3514 3023 τινα
3565 2972 3753 3043 ῥᾳδίαν
3785 2970 3993 3037 εὑρεῖν.

2423 3065 2565 3120 Ἀλλ’
2588 3066 2637 3115 οί
2671 3066 2763 3118 ἐπὶ
2808 3064 2868 3116 τὸ
2933 3067 3108 3133 τεῖχος
3144 3063 3369 3132 φρουροὶ
3423 3062 3827 3130 συναισθόμενοι
3862 3078 4000 3129 τρα-

742 3154 959 3209 cit‘erati
1009 3165 1067 3209 et
1114 3157 1430 3210 tumultuati
1474 3167 1643 3219 sunt,
1690 3168 1747 3211 et
1800 3158 1852 3209 in
1887 3158 2007 3211 illos
2040 3157 2175 3211 nihil
2225 3171 2307 3209 rc-

2412 3161 2616 3229 χυτέρᾳ
2666 3162 2729 3228 τῇ
2778 3157 2873 3227 βοῇ
2928 3158 3020 3209 καὶ
3054 3156 3131 3225 τῷ
3187 3154 3399 3225 θορύϐῳ
3432 3155 3732 3223 ἐχρήσαντο
3753 3172 3765 3184 ·
3792 3153 3886 3205 καὶ
3916 3153 3997 3223 μὴ

747 3246 1086 3314 spondentes
1124 3264 1255 3301 saxa
1290 3250 1453 3303 etiam
1483 3250 1761 3318 coniicere
1787 3259 2103 3318 cmpcrunt,
2135 3248 2309 3302 donec

744 3336 911 3392 iidem
944 3339 1119 3392 territi
1165 3354 1462 3395 recessere.
1519 3342 1596 3395 Ac
1631 3351 1747 3395 tum
1782 3340 2005 3410 quidem
2040 3341 2156 3395 haec
2189 3350 2309 3393 acta

742 3442 893 3485 sunt.

814 3524 905 3578 Ill.
950 3524 1202 3579 luseruto
1226 3536 1410 3579 autem
1442 3541 1626 3580 mense
1656 3526 1943 3581 Decembri
1972 3526 2180 3595 juniori
2214 3526 2313 3577 im-

745 3618 985 3683 peratori
1038 3619 1232 3671 litteras
1281 3618 1864 3672 Thessalonicensium
1902 3618 2037 3671 clam
2070 3617 2313 3671 aﬂ‘erun-

747 3720 857 3769 tur,
892 3707 1094 3776 quibus
1129 3723 1294 3777 quam
1347 3709 1587 3777 primum
1634 3709 2040 3762 arcessebatur.
2096 3708 2311 3761 Etenim

744 3802 995 3869 plebeios
1048 3816 1239 3854 omnes
1293 3811 1347 3854 et
1394 3816 1654 3870 proceres
1706 3803 1995 3871 plerosque
2024 3812 2080 3855 et
2133 3805 2311 3871 ipsqu

746 3892 1067 3962 pontiﬁcem
1102 3893 1410 3960 composito
1442 3892 1755 3945 decrevisse
1781 3933 1794 3955 ,
1832 3894 2018 3947 statim
2056 3904 2221 3963 atque
2270 3896 2316 3949 is

745 4000 919 4054 prope
956 3986 1158 4038 muenia
1192 3984 1484 4038 adfuturus
1512 3992 1682 4047 esset,
1713 3984 1779 4038 ad
1817 3984 1992 4053 ipsum
2026 4000 2315 4041 accurrere

748 4086 802 4130 et
840 4083 1027 4145 portas
1076 4076 1127 4128 ei
1176 4075 1415 4143 aperire.
1470 4074 1681 4139 Quibus
1727 4076 1966 4145 cognitis
2016 4078 2317 4145 imperator

701 4164 707 4169 ’
750 4181 1003 4237 magnam
1042 4166 1281 4219 militum
1318 4182 1542 4221 manum
1580 4169 1967 4235 protostratori
2004 4168 2191 4230 dedit,
2230 4172 2315 4223 ei-

752 4274 859 4326 que
891 4258 1188 4326 praacepit,
1226 4266 1284 4311 ut
1321 4257 1732 4326 imperatricem
1772 4258 1961 4312 urbem
1999 4259 2319 4313 circumiret

747 4362 805 4406 et
858 4350 1074 4403 eminus
1122 4350 1291 4408 velut.
1323 4349 1522 4402 castris
1568 4351 1851 4418 cingeret,
1886 4367 1989 4405 nec
2026 4350 2320 4421 Byzantios

753 4457 923 4513 usque
957 4441 1022 4495 ad
1065 4441 1333 4508 Rhegium
1375 4440 1561 4508 egredi
1607 4440 1807 4495 iorisve
1852 4446 2185 4498 commorari
2222 4459 2320 4513 pa-

2414 3249 2859 3319 ἀποκρινομένων
2910 3252 3002 3300 καὶ
3046 3246 3227 3308 λίθους
3259 3248 3357 3317 ἤδη
3392 3247 3512 3298 κατ’
3544 3245 3722 3298 αὐτῶν
3758 3246 4000 3314 ἧρξαντο

2414 3341 2676 3408 πέμπειν,
2709 3339 2783 3401 ὡς
2812 3340 3005 3390 ἐκεῖνοι
3036 3338 3363 3407 φοϐηθέντες
3407 3338 3843 3407 ἀναστρέψαντες
3887 3338 4000 3390 ἀπο

2413 3431 2597 3501 ᾔεσαν.
2638 3430 2769 3481 Τότε
2809 3431 2906 3498 μὲν
2932 3426 3026 3482 οὖν
3061 3429 3229 3481 ταῦτα
3261 3428 3528 3498 ἐπράχθη.

2487 3525 2561 3575 Γ’.
2590 3524 2695 3574 Τοῦ
2721 3523 2766 3574 δ’
2802 3524 3045 3581 ἐπιόντος
3098 3522 3265 3589 μηνὸς
3302 3520 3638 3589 Δεκεμϐρίου
3668 3520 3776 3589 (74)
3811 3522 4000 3589 γράμ-

2420 3634 2565 3686 ματα
2623 3617 2755 3685 πρὸς
2830 3616 2937 3666 τῶν
2996 3614 3433 3665 Θεσσαλονικέων
3498 3613 3671 3681 λάθρα
3745 3613 3821 3681 τῷ
3890 3615 4001 3681 νέῳ

2418 3708 2735 3777 κομίζονται
2792 3706 3020 3775 βασιλεῖ,
3080 3704 3532 3774 προσκαλούμενα
3578 3705 3676 3773 τὴν
3729 3704 3999 3772 ταχίστην

2418 3800 2600 3853 αὐτόν.
2628 3796 2779 3851 Εἶναι
2812 3798 2919 3866 γάρ
2944 3798 3293 3865 ξυγκείμενον
3312 3800 3423 3859 τοῖς
3445 3814 3500 3849 τε
3536 3797 3791 3865 δημόταις
3821 3798 3999 3849 ἅπασι

2420 3893 2511 3944 καὶ
2545 3894 2657 3953 τοῖς
2705 3891 2911 3943 πλείοσι
2986 3890 3094 3942 τῶν
3120 3890 3462 3958 προύχόντων
3502 3888 3597 3941 καὶ
3640 3890 3787 3957 αὐτῷ
3837 3906 3899 3954 γε
3932 3890 3999 3959 δή

2419 3982 2497 4051 τῷ
2522 3983 2786 4050 ἀρχιερεῖ,
2824 3980 2939 4049 ἅμα
2985 3981 3061 4048 τῷ
3092 3980 3316 4048 πλησίον
3361 3981 3595 4047 φανῆναι
3646 3980 3743 4031 τοῦ
3780 3982 3998 4048 τεῖχους

2419 4075 2579 4128 αὐτὸν
2604 4073 2909 4142 δραμόντας
2941 4072 3215 4135 ἀνοῖξαίοὶ
3250 4070 3349 4133 τάς
3385 4051 3595 4131 πύλας.
3640 4071 3790 4122 Ἐπεὶ
3821 4072 3999 4122 ταῦτα

2421 4167 2768 4235 ἐμεμαθήκει
2791 4167 2815 4216 ό
2856 4150 3126 4233 βάσιλεὺς,
3165 4165 3389 4233 συχυοὺς
3426 4166 3697 4234 παραδους
3731 4164 3807 4233 τῷ
3842 4180 4000 4231 πρω-

2421 4262 2741 4331 τοστράτορι
2770 4259 3103 4328 στρατιώτας
3128 4257 3396 4324 περιιέναι
3428 4256 3866 4326 παρεκελεύσατο
3904 4258 4002 4309 καὶ

2421 4352 2533 4407 οἷον
2566 4352 3138 4423 περιστρατοπεδεύειν
3201 4350 3299 4420 τὴν
3355 4348 3747 4418 βασιλεύουσαν
3799 4351 4000 4417 μικρὸν

2424 4449 2642 4502 ἄπωθεν
2684 4448 2773 4499 καὶ
2818 4446 2889 4513 μὴ
2916 4446 3009 4513 ἐᾷν
3054 4443 3179 4513 ἀχρι
3225 4440 3443 4510 Ῥηγίου
3497 4442 3618 4502 τοὺς
3668 4440 3999 4503 Βυζαντίους

755 4543 989 4593 teretur.
1032 4532 1372 4600 eosdemque
1404 4533 1621 4585 arcanis
1646 4534 1845 4587 litteris
1874 4542 1929 4587 ct
1964 4535 2309 4602 pollicitatio-

2429 4541 2665 4607 ἐξιόντας
2716 4536 3046 4605 διατρίϐειν·
3080 4536 3170 4585 καὶ
3202 4535 3334 4601 πρός
3389 4549 3449 4594 γε
3506 4531 3779 4600 λαθραίοις
3814 4532 4000 4597 γράμ-

754 4628 938 4689 nibus,
965 4641 1085 4694 quae
1124 4625 1323 4692 cuique
1369 4616 1752 4688 convenirent,
1790 4627 2028 4680 ambiret
2058 4638 2113 4682 et
2143 4640 2273 4696 pete
2298 4658 2323 4669 -

752 4719 877 4773 stati
909 4733 1021 4772 sua:
1055 4717 1515 4786 subjiceret.lpse
1550 4732 1677 4770 vero
1711 4734 1833 4771 cum
1874 4717 2061 4786 paucis
2095 4721 2323 4775 delectis

755 4810 1203 4865 Thessalonicam
1253 4809 1411 4863 abiit.
1445 4809 1582 4862 Tum
1614 4825 1760 4871 vero,
1798 4821 2024 4878 propter
2052 4813 2323 4880 suspicio-

756 4921 852 4959 nes
894 4904 1257 4963 tumultuum.
1310 4903 1624 4957 Demetrius
1676 4902 1902 4970 despota
1956 4914 2014 4956 et
2068 4918 2322 4972 protove-

749 4998 980 5053 stiarius
1010 4996 1359 5050 Andronicus
1397 5003 1452 5046 et
1487 4993 1712 5047 Michael
1750 4995 1895 5047 Asan
1927 5010 2050 5048 cum
2080 4997 2319 5050 auxilia-

754 5092 910 5145 ribus
963 5088 1335 5142 Triballoram
1385 5086 1559 5153 copiis
1612 5095 1764 5138 extra
1818 5087 2018 5140 mcenia
2075 5087 2320 5141 diversa-

752 5185 977 5245 bantur,
1010 5190 1066 5233 et
1118 5180 1497 5232 Macedonicas
1532 5178 1696 5230 etiam
1736 5177 2104 5231 Romanorum
2152 5180 2320 5248 legio-

760 5290 858 5327 nes
907 5287 1089 5326 secum
1144 5271 1440 5323 habebant.
1472 5269 1573 5334 Qui
1626 5269 1757 5321 rixis
1788 5278 1843 5321 et
1874 5271 2321 5325 contentionibus

758 5365 988 5432 privatis
1016 5378 1138 5415 cum
1172 5370 1598 5429 occuparentur,
1636 5375 1770 5429 quas
1802 5360 2029 5413 ambitio
2065 5369 2116 5412 et
2147 5375 2322 5413 camus

754 5470 911 5509 amor
936 5453 1018 5507 sui
1060 5454 1139 5505 vel
1172 5455 1351 5519 potius
1384 5453 1460 5504 ira
1488 5450 1736 5503 Numinis
1770 5450 1934 5520 410
1965 5450 2320 5514 accendebat,

762 5556 818 5598 ut
880 5546 1044 5599 rebus
1085 5544 1328 5612 ipsorum
1378 5542 1626 5597 confusis
1681 5542 1781 5610 ipsi
1846 5543 1949 5595 sibi
2016 5544 2319 5611 perniciem

2428 4651 2559 4703 μασι
2592 4632 2685 4685 καὶ
2719 4628 3073 4697 ὑποσχέσεσιν
3104 4625 3436 4693 ὑπέρχεσθαι
3469 4624 3561 4675 καὶ
3613 4623 3997 4674 ὑποποιεῖσθαι

2422 4724 2547 4783 τοὺς
2585 4721 2909 4783 Βυζαντίους
2944 4715 3081 4766 κατά
3133 4714 3193 4765 τὸ
3244 4715 3515 4783 προσῆκον
3574 4714 3803 4779 ἑκάστῳ.
3863 4711 3923 4762 Ὀ
3954 4711 3999 4788 δ’

2421 4814 2633 4880 ὀλίγους
2662 4812 2812 4871 τινὰς
2839 4809 3235 4876 ἀπολεξάμενος
3273 4806 3444 4875 ᾤχετο
3480 4804 3655 4857 ἀπιὼν
3709 4805 3761 4862 ἐς
3787 4802 4000 4853 Θεσσα-

2424 4907 2665 4973 λονίκην.
2726 4904 2952 4970 Ἔτυχον
3014 4902 3069 4952 δὲ
3129 4898 3439 4962 τηνικαῦτα
3482 4894 3849 4965 διατρίϐοντες
3894 4894 4001 4959 ἔξω

2425 4997 2618 5066 τειχῶν
2648 4996 2734 5047 διὰ
2762 4997 2856 5054 τὰς
2891 4992 3124 5060 ὑποψίας
3152 4991 3257 5042 τῶν
3285 4989 3529 5059 θορύδων
3584 4987 3721 5055 μετὰ
3761 4987 3857 5038 τοῦ
3890 4987 4002 5038 ἀπὸ

2426 5090 2537 5142 τῶν
2570 5086 2886 5155 Τριϐαλλῶν
2918 5082 3267 5154 συμμαχικοῦ
3301 5081 3532 5150 στρατοῦ
3568 5083 3594 5132 δ
3617 5097 3671 5131 τε
3732 5080 4002 5145 δεσπότης

2420 5184 2724 5252 Δημήτριος
2774 5184 2863 5231 καὶ
2902 5182 2930 5231 ό
2988 5177 3479 5246 πρωτοϐεστιάριος
3533 5174 3867 5241 Ἀνδρόνικος
3910 5174 4003 5224 καὶ

2418 5276 2445 5326 ὁ
2487 5274 2647 5325 Ἀσάν
2678 5271 2893 5341 Μιχαὴλ
2935 5271 3046 5339 (75)
3073 5307 3091 5332 ,
3127 5269 3455 5336 ἐπαγόμενοι
3488 5268 3579 5317 καὶ
3606 5267 3671 5316 τὰ
3698 5266 4006 5318 Μακεδονι-

2427 5366 2497 5416 κά
2528 5364 2635 5414 τῶν
2678 5364 2966 5431 Ῥωμαίων
2996 5360 3398 5430 στρατεύματα.
3428 5352 3525 5409 Ὠν
3548 5357 3610 5419 δὴ
3639 5358 3735 5409 καὶ
3758 5360 4004 5425 ἀσχόλων

2422 5456 2591 5507 ὄντων
2626 5454 2752 5522 περὶ
2782 5454 2876 5514 τὰς
2925 5453 3043 5504 κατ’
3096 5453 3290 5511 αὐτοὺς
3326 5451 3527 5518 ἐριδας,
3569 5448 3635 5510 ἂς
3695 5450 4003 5515 άνὲςρλεξαν

2427 5548 2723 5612 κενοδοξίας
2778 5549 2869 5597 καὶ
2908 5545 3189 5612 φιλαυτίας
3244 5544 3393 5611 τελχί
3427 5544 3480 5604 ές
3535 5558 3700 5608 τινες,
3733 5542 3764 5610 ἦ
3804 5544 4005 5612 μᾶλλον

2104 5640 2437 5703 Variorum
2474 5656 2661 5705 noltP.

827 5743 942 5807 ΓΗ)
983 5742 1353 5795 Cantacuzeu.
1396 5740 1489 5793 lib.
1520 5756 1555 5803 ι,
1586 5755 1704 5808 cap.
1766 5743 1855 5804 5|,
1915 5743 2003 5803 :35,
2067 5742 2150 5795 δι.
2190 5742 2419 5795 Druse.

837 5815 945 5883 (73)
971 5813 1196 5867 Joannis
1229 5814 1421 5868 Asauis
1459 5805 1722 5881 liulgar'uc
1754 5816 1897 5881 regis
1930 5814 2071 5866 titius
2116 5816 2536 5879 primogenitus-
2570 5806 2703 5862 Vide
2738 5805 2931 5861 Fumil.
2974 5808 3198 5879 39mm.
3236 5823 3357 5876 Dag.
3383 5808 3506 5862 3'35.
3548 5808 3781 5860 Pun-‘0.
