4248 6442
755 375 862 439 599
1006 373 1080 441 [Α.
1114 386 1169 424 η.
1201 368 1333 427 679i
1369 386 1438 425 η
1464 370 1625 443 6836]

1947 380 1996 438 N
2009 375 2369 438 ICEPHORI
2410 374 2794 436 GBEGORE

3112 368 3250 442 [ειη.
3276 381 3559 425 Annaeum.
3596 366 3739 440 sum]

3885 368 3994 431 600

759 485 936 549 tiavit,
969 500 1050 548 sc,
1084 486 1130 541 si
1166 464 1350 549 vellet,
1392 501 1552 555 opem
1584 487 1633 540 ei
1665 495 1855 542 contra
1887 499 2143 557 nepotem
2181 488 2322 542 latu-
2350 490 2374 546 Δ

2425 485 2750 555 Βουλγάρων
2796 485 2979 556 ἄρχων
3014 484 3323 554 λημμάτων
3360 482 3534 536 ἐλπίδι
3580 480 3829 552 μεγάλων
3860 482 3997 534 ἐαυ-

760 588 902 626 rum.
939 574 1009 627 At
1060 565 1379 641 imperator,
1408 575 1557 629 velut
1600 590 1630 629 e
1665 590 1858 642 magna
1908 585 2230 648 tempestate
2262 586 2319 630 et

758 663 1046 735 naufragio
1090 671 1308 732 portum
1366 665 1646 733 insperato
1701 665 1976 733 adeptus,
2037 665 2318 721 mordicus

678 752 681 754 ’
759 768 908 823 spem
959 754 1101 807 illam
1172 755 1372 809 tenuit.
1416 755 1622 808 Deinde
1671 755 1832 825 legati
1885 756 2028 809 ultro
2067 756 2317 824 citroque

758 846 910 901 missi
947 845 1081 915 quid
1115 845 1384 915 agendum
1421 848 1491 901 sit
1529 846 1874 901 deliberant:
1914 848 2043 901 item
2077 848 2143 902 de
2190 862 2318 915 pro-

762 936 944 991 missis
982 944 1040 991 ct
1077 936 1425 1005 pactionibus
1456 946 1648 1007 agunt,
1682 938 1938 993 omnibus
1970 937 2186 992 interim
2223 938 2320 991 ho—

764 1034 883 1083 rum
912 1029 1268 1085 consiliorum
1296 1031 1756 1101 ignaris,duobus
1781 1042 1877 1085 aut
1900 1031 2080 1087 tribus
2110 1032 2320 1088 intimis

750 1130 815 1176 ‘et
851 1120 1097 1176 Cralscna
1151 1122 1437 1191 exceptis:
1469 1137 1591 1192 quae
1638 1122 1871 1177 subinde
1914 1132 2124 1193 patrem
2175 1124 2319 1179 bona
2373 1110 2378 1116 “

762 1225 859 1280 spe
905 1212 1188 1281 implebat,
1216 1228 1379 1283 quam
1424 1216 1548 1268 vani
1596 1223 1770 1281 vates,
1810 1224 1865 1269 et
1896 1216 1988 1284 qui
2040 1231 2227 1270 vocem
2264 1217 2320 1272 in
2375 1204 2402 1232 ’³

759 1309 951 1354 ventre
981 1300 1207 1366 habent,
1240 1300 1292 1355 ei
1321 1301 1616 1356 faciebant.

831 1577 896 1634 Il.
934 1580 1160 1649 Magnus
1214 1589 1396 1633 autem
1446 1578 1722 1649 logotlieta
1783 1578 2125 1642 lletochites,
2162 1578 2323 1650 412

761 1678 1053 1738 postquam
1091 1670 1361 1722 seniorem
1408 1670 1795 1737 imperatorem
1831 1679 1887 1722 et
1927 1668 2322 1737 rempublicam

767 1755 907 1811 vidit
949 1755 1171 1810 fortuna
1226 1756 1411 1825 iniqua
1462 1770 1524 1809 ac
1569 1765 1822 1825 proterva
1854 1754 2178 1821 conﬂictari,
2210 1770 2326 1810 om-

2419 579 2511 630 τὸν
2540 578 2752 647 ἐπάρας
2784 576 3148 646 διεμηνύαατο
3183 575 3362 644 λάθρα
3391 576 3469 644 τῷ
3497 572 3715 643 γηραιῷ
3747 572 3987 642 βασιλεῖ,

2421 671 2469 722 εί
2497 669 2761 739 βούλοιτο,
2800 669 3163 738 συμμαχῆσαι
3196 666 3348 736 αὖτῷ
3403 667 3547 719 κατά
3598 664 3695 715 τοῦ
3740 662 3997 728 ἐγγόνου.

2431 763 2491 814 '0
2536 763 2593 815 δὲ
2636 761 2910 831 βασιλεὺς,
2945 760 3134 826 ὥσπερ
3186 760 3250 811 ἐκ
3308 757 3547 827 μεγάλου
3592 756 3856 820 ναυαγίου
3905 756 4003 806 καὶ

2422 853 2691 915 κλύδωνος
2741 853 3170 922 ἀπροσδοκήτως
3224 850 3406 920 λιμένι
3456 845 3790 917 περιτυχὼν,
3824 845 4002 914 ἀπρὶξ

2421 946 2722 1000 ἐπελάϐετο
2775 944 2991 999 τούτου.
3047 945 3161 997 Καὶ
3185 943 3315 1012 ἐξῆς
3364 940 3815 1011 διεπρεσϐεύοντο
3860 938 4004 1007 πρὶς

2421 1036 2685 1106 ἀλλήλους
2712 1036 2841 1107 περὶ
2879 1033 2975 1089 τοῦ
3039 1036 3296 1104 ποιητέου
3333 1035 3428 1086 καὶ
3470 1033 3600 1101 περὶ
3655 1028 4005 1096 ἐπαγγελιῶν

2422 1129 2516 1182 καὶ
2545 1127 2851 1198 συνθηκῶν,
2886 1125 3117 1196 μηδενὸς
3168 1124 3627 1191 ἐπιγινώσκοντος
3677 1123 3745 1175 τά
3779 1121 4007 1189 βουλεύ-
4066 1158 4069 1161 ρ

2426 1236 2598 1288 ματας
2623 1218 2765 1288 πλὴν
2793 1217 2938 1270 δυοῖν
2968 1217 3000 1288 ἢ
3027 1216 3197 1286 τριῶν
3225 1216 3332 1269 τῶν
3355 1216 3495 1268 πάνυ
3525 1214 3870 1267 πιστοτάτων
3894 1214 4002 1266 καὶ

2421 1311 2526 1379 τῆς
2569 1311 2613 1362 Κ
2625 1309 2907 1380 ραλαίνης,
2935 1309 2970 1378 ἢ
3002 1308 3263 1376 διηνεκῶς
3289 1309 3385 1359 τὸν
3408 1307 3620 1376 πατέρα
3649 1306 3743 1358 καὶ
3773 1306 4004 1374 βασιλέα

2426 1397 2646 1466 ἀγαθῶν
2671 1393 2983 1466 ἐνεπίμπλα
3009 1395 3263 1460 ἐλπίδων,
3298 1389 3372 1448 ὧν
3406 1396 3576 1461 αὐτὴν
3611 1396 3658 1446 oi
3690 1392 4002 1462 ψευδομάν-

2424 1508 2537 1552 τεις
2575 1492 2667 1543 καὶ
2699 1487 3128 1557 ἐγγαστρίμυθοι
3185 1487 3630 1556 ἐνεπίμπλασαν.

2498 1574 2575 1627 Β’.
2619 1572 2678 1625 '0
2711 1571 2896 1640 μέντοι
2930 1571 3102 1639 μέγας
3134 1570 3428 1640 λογοθέτης
3462 1572 3489 1622 ὁ
3520 1567 3828 1640 Μετοχίτης
3857 1570 4007 1639 ὀριῗμν

2429 1662 2810 1734 στρεφομένην
2833 1659 3139 1729 ἀνωμάλως
3163 1660 3261 1727 τὴν
3281 1657 3451 1727 τύχην
3479 1656 3619 1709 κατᾶ
3644 1656 3737 1708 τοῦ
3764 1654 4005 1724 γηραιοῦ

2431 1754 2699 1825 βασιλέως
2750 1754 2843 1806 καὶ
2883 1749 3331 1820 κατορχουμένην
3378 1746 3522 1800 οὕτω
3575 1746 3644 1800 τά
3694 1746 4009 1815 πράγματα

771 1845 923 1898 nium
948 1847 1183 1900 maxime
1213 1845 1317 1899 sibi
1352 1844 1569 1898 timuit:
1604 1844 1807 1914 quippe
1838 1846 2061 1914 quicum
2098 1846 2187 1901 ille
2215 1861 2326 1900 om-
2361 1828 2374 1884 ι

2432 1846 2621 1900 ἐδεδίει
2654 1846 2783 1914 περὶ
2815 1842 2993 1911 ἐαυτῷ
3029 1842 3263 1911 μάλιστα
3296 1840 3516 1892 πάντων
3560 1838 3746 1899 αὐτὸς,
3778 1837 3874 1890 ἅτε
3905 1840 4006 1889 καὶ

773 1935 864 1988 nia
893 1936 1124 1989 dicenda
1157 1934 1495 2004 tacendaque
1525 1936 1956 1990 communicaret
1986 1943 2041 1990 et
2070 1936 2187 1991 sine
2218 1950 2328 2006 quo

768 2032 903 2086 nihil
928 2032 1247 2087 decerneret
1264 2042 1357 2086 aut
1372 2043 1577 2101 ageret.
1596 2032 1776 2098 Quare
1800 2033 1968 2086 tristis
1990 2043 2046 2088 et
2064 2034 2331 2089 sollicitus

768 2140 986 2193 semper
1019 2134 1215 2179 eratet
1247 2125 1558 2177 futurorum
1604 2125 1817 2193 plenus,
1854 2141 2085 2195 quorum
2124 2127 2329 2180 exitum

768 2217 871 2271 sibi
904 2231 1095 2287 parum
1124 2215 1332 2269 felicem
1361 2213 1475 2269 fore
1518 2215 1869 2284 praevidebat.
1900 2216 2144 2282 Quadam
2168 2217 2332 2288 igitur

771 2316 929 2363 nocte
947 2324 1141 2363 novam
1172 2307 1337 2377 ignoti
1364 2308 1605 2362 hominis
1631 2307 1859 2363 formam
1880 2309 2065 2365 videre
2084 2310 2235 2366 visus
2251 2322 2334 2366 ρει

770 2399 872 2453 sibi
888 2401 1092 2469 jacenti
1123 2409 1411 2465 astantem,
1427 2400 1668 2468 praedoni
1693 2409 1748 2454 et
1774 2400 1971 2470 agresti
1994 2401 2189 2456 latroni
2208 2418 2334 2472 per-

771 2488 1039 2551 similem,
1078 2491 1170 2558 qui
1206 2506 1399 2547 manus
1450 2490 1555 2546 sibi
1593 2490 1863 2561 injiceret,
1900 2499 1957 2544 et
1980 2490 2048 2546 de
2078 2491 2334 2547 cervicali

772 2584 956 2637 claves
980 2583 1219 2638 cubiculi
1255 2586 1471 2653 eripere
1508 2584 1692 2649 vellet,
1730 2584 1784 2637 in
1820 2598 1930 2652 quo
1983 2584 2225 2653 supellex
2280 2594 2337 2639 et

687 2733 693 2740 _
773 2689 997 2743 gemma:
1031 2677 1280 2743 reposita:
1306 2685 1464 2729 erant
1496 2684 1551 2729 et
1577 2673 1843 2743 quidquid
1875 2690 2041 2743 opum
2076 2675 2332 2729 habebat.

776 2762 978 2818 Somno
1022 2774 1203 2817 autem
1248 2764 1296 2815 si
1353 2778 1583 2818 excusso
1623 2772 1771 2819 totus
1818 2763 2001 2818 adhuc
2055 2764 2338 2833 trepidans

775 2870 1089 2924 quanquam
1149 2854 1565 2924 expergefactus
1617 2853 1931 2919 inclamavit
1990 2853 2243 2919 famulos,
2278 2863 2338 2907 ut

778 2948 1088 3017 prazdonem
1131 2955 1614 3016 persequerentur,
1661 2960 1731 3000 ne
1785 2961 1890 2999 una
1925 2960 2050 2998 cum
2102 2946 2337 3014 pecunia

779 3038 1063 3110 effugeret.
1106 3038 1398 3106 ignorabat
1429 3036 1576 3091 enim
1604 3037 1721 3091 visa
1767 3036 2162 3091 illa-somnium
2189 3050 2336 3102 esse,

781 3151 888 3190 non
939 3149 1049 3188 rem
1085 3147 1298 3211 veram.
1344 3131 1449 3195 Qui
1495 3146 1619 3185 cum
1663 3132 1845 3185 statim
1891 3131 2257 3185 surrexissent
2283 3140 2338 3186 et

781 3226 927 3281 fores
963 3228 1176 3279 clausas
1218 3224 1573 3293 reperissent,
1620 3232 1676 3278 et
1729 3222 2110 3283 allirmassent,
2147 3223 2338 3292 imagi-

780 3322 1059 3374 nationem
1098 3332 1219 3371 csse
1244 3332 1274 3371 e
1302 3315 1517 3370 diurnis
1547 3314 1975 3385 cogitationibus
2007 3323 2181 3369 ortam
2201 3354 2215 3379 ,
2251 3315 2340 3369 ille

781 3412 870 3465 vix
895 3410 962 3465 ad
990 3425 1047 3465 se
1077 3408 1254 3478 ipsum
1282 3422 1535 3462 reversus
1570 3406 2016 3461 ardentissimum
2040 3405 2339 3475 su3piriuin

782 3517 851 3556 ex
894 3503 1002 3554 imo
1054 3501 1238 3569 traxit,
1280 3513 1501 3554 ac-non
1548 3506 1655 3551 tam
1711 3497 2037 3551 diurnarum
2087 3511 2341 3551 curarum

784 3589 1111 3657 imaginem,
1174 3601 1337 3656 quam
1386 3584 1709 3655 przesagium
1761 3584 2067 3638 eversionis
2123 3584 2343 3638 familias

784 3695 916 3745 suae,
964 3679 1232 3732 visionem
1287 3678 1434 3732 illam
1476 3690 1597 3731 esse
1644 3674 1931 3745 judicavit.
1985 3673 2166 3741 Quare
2217 3690 2342 3729 cum

783 3770 1092 3831 diluxisset,
1121 3769 1411 3838 plerasque
1438 3781 1569 3836 opes
1611 3780 1643 3820 e
1685 3766 1801 3821 suis
1836 3766 2046 3820 aedibus
2083 3775 2339 3835 tanquam

783 3862 1087 3932 desperatis
1101 3862 1208 3932 jam
1225 3861 1515 3914 translatas
1533 3858 1890 3913 interamieos
1904 3858 2194 3913 fidissimos
2208 3859 2345 3913 clam

784 3954 1067 4009 distribuit
1090 3949 1495 4008 custodiendas.
1521 3949 1702 4004 Uxore
1732 3963 1862 4002 vero
1885 3959 1937 4003 et
1965 3948 2176 4003 ancillis
2200 3948 2348 4002 domi

786 4046 991 4100 relictis
1018 4046 1132 4113 ipse
1153 4041 1438 4111 injpalatio
1467 4039 1793 4093 commorari
1818 4037 1980 4108 413
2014 4052 2077 4091 ac
2108 4037 2349 4091 residere

785 4155 850 4195 ex
881 4153 946 4193 eo
968 4137 1134 4207 coepit
1157 4154 1170 4201 ;
1192 4135 1337 4189 unde
1378 4147 1477 4187 nec
1508 4131 1655 4185 foras
1692 4129 2094 4199 egrediebatur,
2128 4130 2351 4183 seditio-

787 4247 912 4286 nem
934 4229 1122 4300 p0puli
1150 4236 1339 4281 contra
1371 4239 1428 4278 se
1458 4223 1909 4278 effervescentem
1930 4221 2347 4289 pertimescens.

2434 1940 2667 2010 μάλιστα
2697 1938 2914 1989 πάντων
2956 1936 3119 1996 αὐτὸς
3151 1933 3421 1985 κοινωνῶν
3468 1932 3544 1998 τῷ
3580 1929 3788 1999 βασιλεί
3817 1928 4007 1998 ῥητῶν

2434 2033 2526 2084 καὶ
2558 2028 3031 2102 ἀπορῤήτωνκαὶ
3081 2024 3307 2095 γνώμης
3361 2026 3452 2078 καὶ
3493 2023 3747 2092 πράξεως
3793 2020 4004 2088 πάσης.

2433 2124 2523 2176 Διὸ
2554 2124 2647 2175 καὶ
2677 2121 2903 2182 σύννους
2937 2136 3021 2181 τις
3048 2113 3117 2187 ἦν
3148 2117 3240 2171 καὶ
3281 2117 3621 2185 ὲμμέριμνος
3655 2114 3743 2167 ἀεὶ
3768 2114 3863 2165 καὶ
3892 2111 4009 2162 τῶν

2437 2212 2736 2283 μελλόντων
2789 2209 3024 2278 πλήρης,
3054 2209 3113 2260 οὐ
3159 2206 3303 2277 μάλα
3356 2223 3440 2257 τοι
3471 2204 3642 2269 δεξιὸν
3704 2203 3762 2254 τὸ
3809 2203 4012 2269 μέλλον

2436 2303 2806 2372 σκοπούμενος
2836 2300 3010 2353 ἐπιόν.
3054 2299 3145 2352 Ἐν
3192 2298 3293 2367 μιᾷ
3337 2295 3467 2365 γοῦν
3498 2294 3607 2348 τῶν
3637 2292 3851 2346 νυκτῶν
3886 2292 4011 2343 ἐδο-

2436 2396 2526 2459 ξεν
2555 2392 2845 2448 ἀλλόκοτόν
2889 2408 3013 2443 τινα
3048 2387 3348 2443 θεάσασθαι
3378 2386 3669 2456 ἄνθρωπον
3700 2384 4009 2436 ἐπιστάντα

2434 2488 2484 2541 oi
2514 2485 2772 2554 κειμένῳ,
2802 2481 3041 2551 ἀτεχνῶς
3081 2478 3369 2548 λωποδύτῃ
3402 2478 3507 2529 τινὶ
3559 2476 3655 2527 καὶ
3691 2473 3869 2542 ἀγρίῳ
3900 2472 4007 2540 λῃ-

2438 2581 2537 2648 στῇ
2561 2576 2774 2629 ἐοικότα
2804 2576 2903 2643 τὴν
2932 2571 3091 2643 χεῖρά
3128 2586 3188 2623 τε
3223 2568 3552 2639 ἐμϐαλόντα,
3580 2564 3877 2633 ἀφελέσθαι
3908 2563 4011 2614 τοῦ

2438 2666 2875 2739 προσκεφαλαίου
2900 2665 2997 2726 τὰς
3023 2661 3119 2715 τοῦ
3141 2660 3384 2730 θαλάμου
3417 2659 3652 2719 κλεῖδας.
3678 2654 3762 2727 [Ρ.
3790 2652 3921 2724 255]
3952 2653 4012 2704 ἐν

2437 2754 2481 2829 ᾧ
2512 2762 2579 2815 τά
2604 2777 2663 2812 τε
2703 2757 2907 2811 ἔπιπλα
2934 2755 3031 2809 καὶ
3080 2755 3130 2805 οἱ
3160 2751 3469 2813 πολυτελεῖς
3505 2750 3712 2801 ἔκειντο
3748 2746 3883 2797 λίθοι
3911 2746 4012 2797 καὶ

2438 2852 2540 2904 ὅσα
2592 2849 2701 2903 τῶν
2729 2847 3030 2918 χρημάτων
3079 2842 3229 2913 αὐτῷ
3273 2840 3490 2910 περιῆν.
3530 2839 3633 2890 Τὸν
3683 2837 3738 2889 δὲ
3791 2835 3884 2905 βίᾳ
3914 2836 4012 2885 τὶν

2441 2945 2607 2998 ὕπνον
2631 2938 3063 3004 άποτινάξασθαι
3101 2937 3194 2989 καὶ
3221 2934 3451 3005 θορύϐου
3475 2931 3672 2999 μεστὸν
3707 2927 4012 2997 ἐγερθέντα

2442 3036 2570 3107 βοᾷν
2598 3035 2689 3086 καὶ
2719 3035 2830 3095 τοῖς
2863 3030 3200 3099 θεράπουσιν
3239 3022 3625 3093 ἐγκελεύεσθαι
3661 3020 3881 3074 διώκειν
3916 3019 4012 3069 τὸν

2441 3127 2781 3193 λωποδύτην,
2818 3122 2891 3189 μὴ
2924 3120 3108 3191 φθάσῃ
3129 3117 3349 3185 διαδρὰς
3381 3114 3521 3181 μετά
3550 3113 3658 3163 τῶν
3683 3111 4010 3179 χρημάτων.

2452 3218 2722 3286 Ἐλελήθει
2757 3217 2864 3283 γάρ
2888 3214 3047 3265 αὐτὸν
3076 3211 3326 3263 ἐνύπνιον
3356 3202 3495 3259 εἶναι
3534 3204 3600 3256 τά
3632 3201 4014 3271 φαντασθέντα

2442 3313 2534 3365 καὶ
2566 3312 2669 3364 οὐκ
2691 3308 2974 3378 ἀλήθειαν.
2999 3304 3119 3358 Τῶν
3143 3304 3208 3372 δὴ
3238 3300 3586 3367 θεραπόντων
3616 3293 4015 3347 διανιστάντων

2441 3405 2602 3467 εὐθὺς
2656 3401 2885 3463 καὶτὰς
2924 3398 3093 3468 θύρας
3143 3392 3541 3461 κεκλεισμένας
3590 3389 3863 3456 εὑρόντων
3917 3387 4019 3438 καὶ

2442 3496 2949 3551 διαϐεϐαιωσάντων
2994 3488 3295 3558 φαντασίαν
3354 3481 3492 3535 εἶναι
3531 3481 3592 3533 τδ
3636 3480 3868 3547 πρᾶγμα
3920 3478 4021 3529 καὶ

2451 3586 2829 3658 μεθημερινῶν
2865 3584 3162 3654 φροντίδων
3216 3578 3526 3648 βλάστημα,
3570 3573 3722 3641 μόλις
3768 3572 3848 3630 εἰς
3883 3570 4016 3619 ἐαυ-

2450 3680 2538 3731 τὸν
2598 3676 2767 3730 ἐλθὼν
2800 3676 3129 3747 θερμότατόν
3182 3687 3305 3723 τινα
3359 3664 3663 3732 στεναγμδν
3706 3665 3770 3713 ἐκ
3818 3659 4023 3728 βάθους

2448 3768 2755 3837 ἀνέπεμψε,
2806 3768 2899 3819 καὶ
2918 3766 2977 3817 οὐ
3022 3762 3274 3817 τοσοῦτον
3309 3754 3691 3829 μεθημερινῶν
3716 3752 4022 3822 φροντίδων

2449 3861 2738 3931 βλάστημα
2781 3859 2841 3911 τὸ
2882 3855 3081 3925 φανθέν
3124 3855 3361 3918 ἔκρινεν,
3400 3850 3525 3901 ὅσον
3590 3845 3848 3915 μαντείαν
3892 3841 4022 3893 τινα

2447 3953 2542 4006 καὶ
2570 3951 3024 4021 προαναφώνησιν
3050 3946 3143 4000 τοῦ
3171 3944 3458 4015 μέλλοντος
3489 3936 3897 4006 καταλήψεσθαι
3924 3934 4024 3984 τὸν

2448 4044 2649 4095 οἰκεῖον
2696 4034 2845 4093 οἷκον
2885 4035 3218 4105 ἀφανισμοῦ.
3253 4032 3415 4085 Ὅθεν
3456 4030 3666 4099 ἡμέρας
3712 4026 4024 4093 γενομένης

2448 4133 2517 4185 τά
2546 4131 2710 4183 πλείω
2740 4128 2848 4180 τῶν
2878 4126 3177 4197 χρημάτων
3206 4121 3540 4190 ἀφελόμενος
3571 4118 3671 4184 τῆς
3699 4113 3897 4174 οἰκίας,
3924 4113 4022 4162 is:

2449 4220 2878 4291 άπεγνωσμένης
2950 4218 3075 4287 ήδη,
3120 4213 3396 4284 διεμέρισε
3439 4230 3496 4263 τε
3550 4208 3644 4260 καὶ
3683 4206 3791 4257 τῶν
3849 4205 4029 4270 φίλων

784 4326 898 4386 τοῖς
936 4292 1293 4378 ’πιστοτάτοις
1338 4316 1513 4385 λάθρα
1541 4312 1785 4367 ἐδεδώκει
1833 4311 2132 4376 φυλάττειν
2164 4312 2335 4382 αὐτῷ.
2393 4312 2452 4366 '0
2498 4313 2554 4366 δέ
2600 4312 2700 4381 τὴν
2733 4311 2969 4380 γυναῖκα
3018 4306 3114 4361 καὶ
3178 4302 3279 4368 τάς
3348 4300 3732 4373 θεραπαινίδας
3766 4296 3898 4365 περὶ
3932 4292 4032 4346 τόν

787 4413 937 4468 οἷκον
973 4413 1133 4481 ἀφεὶς
1166 4408 1329 4468 αὐτὸς
1381 4409 1509 4475 περὶ
1541 4407 1609 4458 τά
1643 4403 1893 4473 βασίλεια
1932 4404 2196 4474 ἁπρόῖτον
2252 4404 2347 4456 τοῦ
2387 4402 2575 4457 λοιποῦ
2609 4404 2708 4472 τὴν
2776 4399 3061 4472 διατριϐὴν
3134 4397 3231 4451 καὶ
3273 4394 3587 4463 καταμονὴν
3632 4393 3892 4454 ἐποιεῖτο,
3939 4389 4035 4441 δε-

789 4507 917 4567 διὼς
971 4504 1070 4573 τὴν
1102 4500 1197 4552 τοῦ
1234 4501 1405 4568 δήμου
1434 4498 1621 4550 στάαιν
1643 4495 2083 4564 φλεγμαίνουσαν
2111 4497 2233 4547 κατ’
2256 4494 2443 4547 αὐτοῦ.

862 4598 946 4651 Ill.
981 4571 1251 4649 Gazterum
1293 4588 1384 4658 qui
1433 4603 1463 4642 a
1510 4587 1725 4641 seniore
1758 4584 2085 4653 imperatore
2124 4584 2354 4639 urbibus

2422 4594 2432 4636 ι
2500 4582 2605 4640 .Γ’,
2639 4582 2702 4636 Οἱ
2736 4582 2921 4651 μέντοι
2959 4578 3113 4648 παρὰ
3146 4575 3238 4631 τοῦ
3274 4572 3507 4644 γηραιοῦ
3544 4571 3810 4641 βασιλέως
3850 4587 4039 4640 προα-

789 4697 844 4744 et
890 4683 1191 4756 provinciis
1226 4679 1552 4734 Macedonia:
1592 4675 1863 4745 praepositi
1912 4684 2069 4728 antea
2114 4674 2347 4738 fuerant,

793 4795 896 4833 una
922 4792 1045 4831 cum
1078 4773 1341 4826 uxoribus
1368 4778 1421 4823 et
1451 4768 1639 4821 liberis
1662 4770 1742 4833 (ut
1769 4775 1893 4818 ante
1921 4765 2181 4834 diximus)
2209 4765 2350 4832 capti

792 4882 941 4933 sunt,
976 4880 1031 4923 et
1064 4866 1259 4936 partim
1313 4861 1775 4922 Thessalonicam,
1813 4861 2006 4928 partim
2056 4857 2356 4928 Didymoti-

792 4968 956 5019 chum
985 4961 1158 5030 missi,
1191 4971 1379 5009 omnes
1411 4970 1597 5008 carum
1637 4952 1849 5004 urbium
1882 4964 2129 5004 carceres
2165 4948 2354 5016 imple-

794 5064 1011 5112 verunt.
1066 5050 1373 5104 Dcinetrius
1404 5061 1535 5100 vero
1580 5044 1821 5112 despota,
1859 5057 2026 5095 uxore
2070 5050 2125 5094 ct
2169 5040 2357 5093 liberis

794 5146 1019 5211 rrlictis,
1053 5143 1147 5215 qui
1187 5158 1214 5195 a
1262 5136 1719 5209 persequentibus
1764 5134 1904 5202 capti
1943 5142 2089 5193 sunt,
2133 5131 2253 5200 fuga
2288 5131 2353 5185 ad

795 5242 999 5294 Servis-3
1026 5235 1241 5290 Craleni
1272 5232 1508 5298 elapsus.
1546 5224 1999 5281 Protovestiarius
2029 5231 2210 5275 autem
2250 5224 2357 5273 An-

794 5307 1073 5388 d‘onicus,
1108 5327 1171 5379 ad
1206 5335 1408 5391 teinpu:
1445 5331 1497 5373 et
1529 5322 1641 5388 ipse
1672 5318 1950 5385 desputam
1983 5324 2221 5374 sccntus,
2250 5329 2353 5365 non

796 5426 973 5493 putuit
1002 5430 1271 5491 perpetuo
1295 5413 1515 5485 parasiti
1545 5426 1691 5462 more
1718 5409 1887 5461 aliena
1917 5405 2120 5474 quadra
2148 5405 2352 5463 vivere,

800 5525 857 5568 ut
894 5515 1004 5567 ille.
1058 5512 1165 5565 Sed
1202 5517 1431 5577 quantas
1463 5503 1623 5556 modo
1666 5500 2112 5569 opes,junieula,
2147 5511 2366 5563 posscs-

800 5611 1016 5673 siones,
1052 5607 1281 5677 gloriam
1334 5618 1456 5656 cum
1507 5599 1654 5667 omni
1709 5611 1803 5665 spe
1855 5595 2036 5648 subito
2097 5592 2368 5646 amisisset

802 5715 985 5754 secum
1022 5708 1306 5767 reputans,
1336 5703 1390 5747 ct
1432 5694 1519 5745 illa
1565 5691 1728 5741 etiam
1764 5687 1829 5741 de
1860 5700 2026 5738 uxore
2060 5685 2368 5749 suspicatus

804 5792 1026 5863 probra.
1066 5792 1265 5846 mnibus
1298 5786 1521 5843 Cantiva'
1556 5783 1808 5837 mulieres
1843 5779 1976 5832 allici
2008 5778 2073 5832 ab
2112 5775 2364 5831 hostibus

2460 4667 2821 4732 ποσταλέντες
2871 4673 2950 4731 είς
2985 4670 3082 4736 τὴν
3115 4667 3223 4718 τῶν
3258 4668 3397 4718 κατά
3440 4661 3777 4716 Μακεδονίαν
3833 4662 4041 4729 χωρῶν

2462 4764 2555 4817 καὶ
2589 4762 2796 4815 πόλεων
2825 4760 3097 4828 διοίκησιν
3128 4757 3373 4808 ἐάὶωσαν
3422 4753 3537 4821 ἅμα
3585 4752 3801 4818 γυναιξί
3830 4767 3894 4803 τε
3938 4758 4041 4804 καὶ

2458 4859 2692 4921 τέκνοις,
2721 4856 2795 4916 ὡς
2827 4854 3068 4922 ἐφθημεν
3096 4850 3413 4917 εἰρηκότες.
3452 4847 3545 4898 καὶ
3574 4846 4041 4914 διαμερισθέντες

2461 4953 2563 5005 ὅσα
2592 4951 2721 5018 περὶ
2760 4946 3166 5014 Θεσσαλονίκην
3210 4944 3300 4994 καὶ
3330 4941 3714 5011 Διόνμότειχον
3740 4940 4043 5009 δεσμωτή-

2467 5061 2555 5109 ρια
2607 5039 2783 5095 πάντα
2823 5040 2995 5108 μεστᾶ
3047 5035 3253 5089 ἑαυτῶν
3306 5033 3700 5100 πεποιήκεσαν.
3773 5028 3831 5080 '0
3882 5030 3941 5080 δέ
3976 5048 4044 5095 γε

2463 5132 2728 5199 δεσπότης
2767 5130 3073 5197 Δημήτριος
3106 5124 3281 5193 φυγὰς
3319 5122 3487 5191 ᾤχετο
3522 5118 3701 5172 ἀπιὼν
3733 5118 3888 5186 παρὰ
3944 5119 4046 5171 τὸν

2468 5222 2689 5291 Κράλην
2723 5221 2973 5289 Σερὸίας,
3030 5218 3265 5284 γυναῖκα
3317 5218 3407 5265 καὶ
3459 5213 3651 5270 παῖδας
3706 5210 4045 5261 καταλιπὼν

2464 5313 2769 5365 διώκουσιν.
2819 5311 2875 5361 't)
2901 5310 2955 5361 δὲ
3012 5306 3506 5377 πρωτοϐεστιάριος
3567 5301 3909 5370 Ἀνδρόνικος
3942 5305 4048 5368 μὲ-

2465 5423 2555 5475 χρι
2588 5404 2728 5466 τινὸς
2771 5404 3035 5470 ἑπόμενος
3072 5399 3167 5451 καὶ
3216 5398 3381 5457 αὐτὸς
3410 5396 3486 5465 τῷ
3509 5394 3741 5460 δεσπότῃ
3790 5393 3893 5444 οὐκ
3926 5393 4055 5444 ἐξυ-

2465 5496 2599 5566 νήθη
2622 5497 2809 5563 εμέχρι
2833 5494 3016 5553 τέλους
3051 5492 3299 5557 καθάπερ
3335 5507 3418 5549 τις
3446 5487 3746 5555 παράσιτος
3782 5489 3840 5545 ἐς
3876 5484 4052 5535 ἁλλο-

2465 5588 2621 5657 τρίαν
2654 5586 2985 5638 ἀποϐλέπειν
3034 5580 3534 5652 τράπεζαν,‹τ)σπ’ρ
3595 5578 3822 5635 ἐκεῖνος.
3898 5576 4057 5626 Ἀλλ’

2464 5678 2948 5745 ἀναλογισάμενος,
3008 5677 3131 5726 ὅσον
3174 5672 3429 5737 ἐξαπίνης
3465 5670 3741 5737 ἀφῄρηται
3803 5666 4056 5719 πλοῦτον

2466 5773 2561 5825 καὶ
2592 5774 2763 5852 κτῄνη
2796 5769 2886 5822 καὶ
2916 5769 3171 5834 κτήματα
3204 5765 3297 5819 καὶ
3325 5764 3481 5816 δόξαν
3530 5764 3666 5814 μετὰ
3698 5762 3895 5813 πασῶν
3932 5762 4054 5813 τῶν
