4248 6442
199 379 308 445 605

477 377 556 450 [Α.
597 394 645 434 c.
702 380 840 435 19.82
877 397 941 434 an
986 381 1146 454 I528]
1224 388 1673 453 BYZANTIN/E
1713 397 1766 457 Η

1881 397 2106 459 ὈΒῐίΕ
2149 401 2294 462 LIB.
2325 406 2429 466 IX.

2540 401 2668 473 [ιιιν.
2709 417 2985 459 asonomc.
3022 404 3166 477 εει]

3332 409 3439 473 606

202 499 386 549 δαινεν
408 495 552 549 οὕτω
582 497 681 563 τῆς
716 502 1080 568 σιτοπομπίας
1129 503 1581 577 ἁποκλεισθείσης
1616 510 1770 579 λιμὸν

1881 516 2202 584 postulatam
2254 520 2544 587 pecuniam
2582 521 2814 575 reddere
2860 521 3178 576 Genuenses
3222 537 3441 577 recusa-

198 586 315 645 τοῖς
348 583 670 645 Βυζαντίοις
696 586 1008 652 ἐγγίνεσθαι
1038 591 1098 643 οὐ
1124 592 1340 661 μικρόν.
1377 596 1642 667 Διήρκεσε
1666 602 1771 668 γὰρ

198 673 263 724 τὸ
292 674 391 741 τῆς
423 674 681 760 τοιαύτης
715 677 1031 747 πολιορκίας
1062 682 1190 751 ἄχρι
1220 687 1611 740 πεντεκαίδεκα
1637 691 1773 760 ἡμε-

203 764 335 830 ρῶν,
373 767 428 816 ἐν
462 758 549 827 αἷς
583 767 815 837 πόλεμος
837 770 937 838 μὲν
964 773 1064 825 οὐκ
1095 774 1360 841 ἐγίγνετο.
1397 778 1471 831 Ού
1504 782 1611 850 γὰρ
1638 758 1774 833 ἀπε.

198 856 419 922 λέγοντο
454 858 551 927 τὴν
580 859 685 910 τῶν
722 861 1071 930 ζητουμένων
1102 867 1401 935 χρημάτων
1437 872 1501 931 οἱ¹
1522 872 1770 925 Γεννουῖ-

197 964 292 997 ται
330 949 623 1009 timidam.va
657 950 769 1002 ἀλλ’
806 953 1167 1021 ὑπισχνοῦντο
1219 959 1343 1028 μὲν,
1388 962 1774 1033 ὁπερετίθεντο

197 1037 254 1088 δέ
283 1055 298 1069 ο
335 1041 443 1100 τοῖς
470 1040 524 1091 δὲ
559 1041 862 1105 Βενετικοῖς
889 1045 1090 1111 ἥκιστα
1129 1049 1237 1101 τῶν
1266 1050 1509 1104 δυνατῶν
1537 1049 1603 1122 ἦν
1638 1055 1772 1118 ὅλως

200 1130 705 1192 ὲπανιένιικενούς.
726 1127 903 1184 Ἦσαν
931 1152 991 1202 γε
1026 1138 1130 1206 μὴν
1159 1140 1393 1206 οὐδένες,
1423 1142 1516 1206 οὓς
1541 1145 1600 1195 ού
1629 1146 1774 1213 μάλα

198 1222 496 1288 ἐξέπληξεν
526 1224 557 1291 ἡ
591 1224 698 1277 τῶν
738 1223 1039 1279 Βενετικῶν
1065 1230 1288 1296 εὐταξία
1324 1234 1416 1285 καὶ
1446 1234 1477 1303 ἡ
1533 1237 1669 1304 μετὰ
1698 1237 1776 1290 δι·-

199 1310 495 1382 καιοσύνης
547 1315 1017 1385 μεγαλοπρέπεια.
1070 1319 1203 1373 Οὐδὲ
1247 1322 1357 1392 γὰρ
1420 1324 1619 1392 ἠξίωσέ
1670 1326 1776 1379 τῶν

201 1404 423 1456 πάντων
470 1406 691 1460 ἐκείνων
736 1410 1195 1479 οὐδεὶςρὲξελθὼν
1240 1415 1534 1483 ἀφελέσθαι
1582 1436 1635 1471 τι
1663 1420 1774 1473 τῶν

198 1495 457 1548 ἁπάντων
484 1497 612 1550 ἄνευ
648 1501 808 1569 τιμῆς
838 1504 1109 1571 ἀργυρίου
1134 1544 1149 1568 ,
1181 1507 1270 1558 καὶ
1303 1507 1472 1564 ταῦτα
1516 1511 1772 1564 τοσούτου

195 1585 567 1653 παμπληθοῦς
640 1605 698 1640 τε
760 1593 853 1642 καὶ⁹
931 1590 1211 1662 σύρφακος
1262 1594 1423 1665 δχλου
1501 1603 1774 1665 συνόντος.

209 1675 355 1725 Ἀλλ’
408 1670 547 1744 ἦσαν
579 1678 815 1741 ἅπαντες
856 1682 992 1751 πρὸς
1034 1684 1132 1754 τὴν
1164 1686 1273 1739 τῶν
1322 1690 1601 1759 ἀρχόντων
1623 1694 1777 1757 ἐξου-

197 1767 322 1819 σίαν
367 1770 643 1837 ἑπόμενοι,
690 1772 941 1844 καθάπερ
973 1778 1199 1844 ποιμὲσι
1250 1781 1319 1833 τὰ
1368 1783 1620 1852 ποίμνια.
1664 1785 1777 1839 Καὶ

1876 605 2039 673 bant;
2086 608 2180 664 sed
2224 626 2346 664 cum
2394 613 2809 681 pollicerentur,
2862 613 3208 669 ditl'erebant.
3248 614 3439 668 Veneti

1874 708 2057 754 autem
2094 701 2247 755 nullo
2279 703 2442 756 modo
2486 704 2643 757 vacui
2676 704 2828 759 abire
2864 712 3139 774 poterant.
3168 705 3440 759 Caeterum

1876 807 2037 846 nemo
2071 804 2209 857 erat,
2245 796 2335 849 cui
2383 811 2491 850 non
2534 796 2895 850 admirationi
2924 806 3071 851 esset
3111 798 3440 851 Venetorum

1874 885 2163 955 disciplina
2195 889 2449 943 militaris
2484 899 2537 942 et
2571 905 2696 944 cum
2728 891 2985 959 mquitate
3017 889 3439 959 magniﬁcentia.

1875 977 2045 1033 Nemo
2094 980 2239 1033 enim
2287 982 2533 1035 omnium
2584 984 2801 1036 illorum
2835 982 3136 1051 quidquam
3187 982 3444 1049 cuiquam

1876 1068 2122 1123 adimere
2160 1072 2259 1123 nisi
2315 1074 2544 1140 pecunia
2596 1074 2722 1128 data
2770 1064 3265 1141 sustinuit,'idque
3320 1087 3444 1126 cum

1878 1166 2027 1212 tanta
2060 1166 2117 1211 et
2154 1162 2462 1227 promiscua
2495 1164 2653 1217 turba
2685 1178 2809 1218 cum
2843 1168 2924 1219 es
2952 1173 3120 1220 esset.
3151 1163 3447 1218 Enimvero

1877 1250 2142 1319 parebant
2183 1267 2376 1308 omnes
2420 1256 2827 1325 magistratibus
2869 1257 3003 1321 suis,
3040 1266 3096 1310 ut
3136 1255 3447 1325 pastoribus

1876 1357 2027 1407 oves,
2061 1351 2116 1396 et
2154 1360 2344 1399 omnes
2372 1346 2491 1399 dies
2522 1347 2645 1401 illos
2677 1348 2730 1401 in
2769 1348 3003 1401 navibus
3038 1348 3283 1408 stabant,
3316 1347 3448 1400 solis

1876 1432 2084 1495 ardori,
2122 1434 2214 1503 qui
2274 1444 2407 1490 tunc
2459 1438 2980 1492 vehementissimus
3030 1448 3170 1503 erat,
3220 1438 3448 1491 minime

1878 1523 2158 1579 cedentes.
2209 1526 2578 1581 Romanarum
2634 1545 2760 1583 vero
2817 1530 3190 1584 navicularum
3250 1545 3444 1597 magna

1880 1614 2174 1669 multitudo
2225 1617 2558 1671 circumiens
2609 1618 2827 1672 abunde
2873 1621 2954 1673 eis
3007 1619 3273 1688 quidquid
3327 1627 3446 1673 erat

1881 1721 2021 1775 opus
2053 1706 2377 1773 aﬂ'erebant,
2422 1720 2478 1764 et
2526 1711 2594 1764 ab
2647 1710 2713 1764 iis
2754 1710 2992 1764 vicissim
3048 1711 3247 1780 majus,
3281 1724 3445 1777 quam

1880 1799 2027 1868 quod
2080 1799 2406 1865 debebatur,
2442 1804 2675 1871 pretium
2725 1803 3086 1873 accipiebant.
3120 1803 3226 1857 Sed
3268 1817 3448 1872 neque

196 1852 345 1924 ἦσαν
376 1858 479 1909 ἀνὰ
508 1860 688 1924 πάσας
738 1862 951 1925 ἐκείνας
986 1865 1083 1927 τὰς
1113 1868 1327 1936 ἡμέρας
1366 1872 1770 1941 ίστάμενοιιὲπὶ

1882 1889 1951 1943 iis
1983 1890 2169 1957 rebus,
2224 1852 2643 1962 quibusrcapta:
2678 1893 2781 1947 illae
2832 1852 2997 1948 naves
3047 1894 3220 1963 plena:
3268 1901 3444 1958 erant,

195 1947 310 1999 τῶν
344 1948 502 2015 νεῶν,
531 1951 789 2019 μηδαμῶς
815 1953 1105 2017 ἐνδιδόντες
1135 1957 1271 2023 πρὸς
1293 1958 1393 2027 τὴν
1422 1961 1606 2032 ἀκμὴν
1630 1964 1775 2017 ὲκεί-

196 2061 298 2112 νην
351 2045 450 2114 τῆς
482 2046 575 2098 τοῦ
628 2047 776 2115 ἡλίου
830 2048 1047 2115 φλογός.
1102 2049 1182 2104 Τὰ
1225 2052 1280 2105 δὲ
1330 2054 1438 2105 τῶν
1492 2056 1777 2124 Ῥωμαίων

194 2138 397 2187 ἀκάτια
430 2138 572 2189 κατὰ
603 2137 803 2207 πλῆθος
836 2138 1232 2208 περιεκύκλουν
1271 2143 1492 2209 αὐτοὺς,
1526 2145 1613 2216 [Ρ.
1646 2147 1775 2218 256]

194 2231 307 2280 πᾶν
343 2229 371 2281 δ
424 2247 479 2281 τι
511 2232 763 2300 χρειῶδες
786 2232 1051 2302 ἐτύγχανέ
1107 2251 1291 2302 σφισιν
1334 2236 1583 2303 ἀφθόνως
1610 2239 1769 2309 κομί-

194 2321 366 2383 ζοντα
421 2322 515 2374 καὶ
556 2323 1027 2392 ἁντιλαμδὰνοντα
1086 2326 1307 2380 πλείονα
1364 2328 1395 2398 ἢ
1457 2329 1626 2399 ἐχρῆν
1682 2332 1774 2384 τὸν

197 2413 421 2481 μισθόν.
471 2413 610 2466 Ἀλλ’
640 2415 759 2467 οὐδὲ
799 2415 909 2466 τῶν
960 2416 1336 2483 ἁλισκομένων
1378 2419 1601 2472 ἐκείνων
1641 2422 1775 2475 νεῶν

190 2506 432 2559 ἁπασῶν
474 2507 566 2559 τοῦ
613 2505 979 2577 πληρώματος
1040 2510 1382 2580 ἐλυμήναντο
1415 2512 1475 2565 τὸ
1514 2514 1774 2585 παράπαν

191 2597 375 2649 οὐδέν.
409 2591 517 2649 Ἦν
548 2598 657 2667 γὰρ
682 2596 791 2649 τῶν
823 2598 922 2666 μὲν
984 2598 1257 2669 πλήρωμα
1296 2603 1441 2664 σῖτος
1468 2605 1561 2656 καὶ
1588 2604 1771 2676 κριθὴ,

189 2688 305 2740 τῶν
346 2688 404 2740 δὲ
432 2688 580 2756 δψων
605 2689 824 2759 ταρίχη,
864 2690 1039 2743 ὁπόσα
1075 2693 1386 2761 γεωργοῦσι
1418 2694 1606 2765 λίμναι
1648 2699 1773 2750 Κω-

192 2782 395 2843 παῖδες
428 2799 491 2833 τε
518 2782 613 2833 καὶ
643 2781 946 2845 Μαιώτιδες
975 2784 1067 2835 καὶ
1094 2786 1327 2853 ποταμοὶ
1350 2785 1393 2837 Τ
1398 2788 1611 2849 ανάῖδες
1636 2788 1689 2857 (8
1702 2789 1771 2857 I)’

190 2872 334 2924 ἀλλὰ
376 2872 703 2941 διετήρησαν
732 2874 786 2935 ἐς
818 2874 1075 2943 τάκριϐὲς
1111 2874 1405 2943 ἁλώδητα,
1438 2878 1544 2940 ἕως
1570 2879 1774 2933 ἀπολα-

193 2964 387 3027 ὅόντες
418 2965 478 3015 τὸ
512 2967 669 3033 χρέος
695 2965 967 3018 ἀπέδοσαν
992 2965 1235 3020 ᾶπαντα.
1274 2969 1370 3020 Ἐν
1391 2972 1490 3037 μὲν
1521 2970 1588 3039 δὴ
1614 2970 1774 3025 τοῦτο

189 3055 370 3107 δεινὸν
404 3055 612 3127 ἐπέστη
647 3057 767 3109 τότε
819 3058 885 3126 τῇ
929 3058 1101 3110 πόλει.
1141 3059 1452 3129 Δεινότερον
1499 3060 1546 3110 δ’
1581 3061 1647 3113 ἂν
1679 3057 1767 3131 ἦν,

190 3150 242 3200 εί
270 3150 369 3201 καὶ
398 3149 477 3208 είς
500 3150 673 3211 πέρας
698 3148 1029 3219 προῦϐαινον
1055 3151 1121 3203 τὰ
1145 3151 1377 3219 λαθραῖα
1404 3150 1768 3219 βουλεύματα.

1881 1981 2049 2034 υΙΙυηι
2084 1984 2311 2036 omnino
2343 1985 2733 2039 detrimentum
2770 1986 3092 2038 attulerunt.
3141 1984 3310 2037 Erant
3352 1998 3451 2037 an-

1881 2082 1988 2124 tem
2021 2072 2191 2140 plenae
2215 2073 2332 2127 alias
2365 2073 2642 2128 frumento
2664 2085 2717 2130 et
2740 2075 2980 2141 hordeo,
3009 2075 3126 2129 alia:
3148 2076 3447 2129 salsamen-

1881 2159 1970 2225 tis,
2004 2172 2134 2230 quot
2163 2174 2218 2216 et
2251 2165 2431 2232 qualia
2478 2164 2747 2234 Copaides
2793 2175 2848 2219 et
2892 2165 3169 2220 Mrotides
3199 2165 3447 2234 paludes,

1876 2262 1931 2306 et
1980 2252 2181 2307 Tanais
2230 2254 2466 2319 ﬂuvius,
2519 2256 2893 2326 suppeditant.
2949 2256 3055 2311 Sed
3108 2271 3171 2310 ea
3223 2272 3450 2326 prorsus

1878 2344 2045 2400 illaesa
2076 2346 2331 2415 religiose
2359 2358 2780 2415 conservarunt,
2804 2350 2979 2404 donec
3008 2360 3231 2419 recepto
3259 2350 3449 2404 debito

1876 2432 2060 2487 omnia
2098 2436 2482 2490 restituerunt.
2518 2437 2594 2491 Ac
2640 2454 2806 2491 unum
2852 2439 3071 2507 quidem
3106 2439 3210 2494 hoc
3234 2441 3449 2510 pericu-

1875 2522 1988 2576 lum
2023 2525 2144 2579 urbi
2181 2536 2309 2581 tunc
2356 2530 2698 2597 supervenit.
2730 2528 2964 2585 Gravius
2997 2540 3181 2585 autem
3233 2531 3446 2595 fuisset,

1875 2612 1919 2665 si
1976 2628 2173 2667 arcana
2229 2616 2461 2673 consilia
2512 2633 2831 2672 successum
2890 2619 3236 2675 habuissent.
3294 2620 3451 2675 Foris

1876 2703 2078 2773 quippe
2103 2704 2402 2774 imperator
2437 2709 2598 2762 missa
2630 2707 2699 2762 ad
2726 2724 2821 2764 eos
2854 2708 3127 2779 legatione
3163 2710 3450 2779 pecuniam

1876 2793 2010 2862 ipsis
2052 2797 2405 2868 promiserat,
2435 2798 2479 2851 si
2516 2799 2717 2853 occulti
2768 2800 2872 2854 sibi
2906 2800 2971 2854 ad
3004 2800 3197 2854 urbem
3233 2804 3455 2871 capien-

1872 2885 1999 2939 dam
2052 2888 2333 2958 adjutores
2390 2903 2592 2945 essent.
2648 2892 2706 2945 ld
2758 2908 2889 2945 vero
2948 2894 3151 2946 faelum
3200 2908 3309 2947 non
3347 2903 3452 2958 est,

1873 2974 2040 3046 418
2065 2977 2182 3032 sive
2219 2978 2505 3047 repudiata
2538 2996 2567 3034 a
2599 2981 2823 3036 Venetis
2864 2981 3135 3051 legatione
3181 2983 3295 3046 tali,
3336 2983 3454 3036 sive

1876 3071 2022 3139 quod
2068 3085 2190 3125 eam
2237 3088 2348 3126 rem
2394 3072 2537 3127 haud
2588 3073 2804 3128 facilem
2833 3089 2954 3129 esse
2985 3082 3297 3137 cernerent,
3328 3090 3453 3127 cum

1875 3162 2290 3218 continentibus
2320 3164 2596 3234 praesidiis
2632 3166 2835 3221 moenia
2868 3175 2925 3220 et
2957 3174 3127 3236 porta:
3166 3164 3453 3237 Byzantio-

204 3240 267 3293 ’0
304 3241 420 3309 γὰρ
476 3240 732 3310 βασιλεὺς
785 3242 986 3306 ἔξωθεν
1048 3242 1347 3311 πρεσϐείαν
1396 3244 1531 3313 πρὸς
1575 3245 1770 3310 αὐτοὺς

1881 3265 1998 3303 rum
2032 3252 2243 3306 munita
2297 3264 2504 3308 essent.

189 3334 387 3404 κρύφα
419 3336 752 3390 ἀπεστάλκει
785 3338 1053 3407 ⁴χρήματα
1087 3336 1538 3407 ὑπισχνούμενος.
1566 3341 1613 3392 εί
1670 3344 1926 3411 συνεργοὶ
1952 3348 2405 3416 συνεσκιασμένοι
2460 3349 2704 3416 γένοιντό
2772 3350 2822 3403 οἱ
2852 3350 2987 3422 πρὸς
3060 3350 3160 3421 τὴν
3197 3349 3298 3418 τῆς
3362 3347 3456 3401 πό-

187 3430 333 3490 λεως
357 3429 585 3485 ἅλωσιν.
619 3432 792 3486 Τοῦτο
832 3434 930 3503 μὲν
963 3429 1057 3486 οὖν
1093 3433 1192 3486 ούκ
1243 3435 1509 3500 ἐγεγόνει,
1548 3436 1657 3490 είτε
1693 3437 1769 3507 μὴ
1808 3438 2121 3509 δεξαμένων
2151 3442 2260 3494 τῶν
2325 3444 2630 3497 Βενετικῶν
2665 3446 2765 3514 τὴν
2828 3445 3087 3514 τοιαύτην
3119 3442 3453 3516 πρεσδείαν,

186 3524 305 3576 εἴτε
342 3524 406 3575 ού
447 3524 630 3593 ῥᾴδιον
696 3521 837 3581 εἶναι
894 3525 1053 3579 τοῦτο
1111 3528 1545 3592 συννενοηκότων
1614 3528 1701 3582 διὰ
1750 3531 1810 3584 τὸ
1886 3533 2134 3603 συνεχέσι
2186 3538 2440 3606 φρουροῖς
2496 3537 2935 3608 πεπυργωμένον
3001 3533 3145 3589 εἶναι
3194 3535 3255 3589 τὸ
3277 3536 3455 3603 τεῖχος

193 3617 351 3668 ἇπαν
385 3614 521 3683 ὁμοῦ
558 3616 775 3678 καὶτὰς
807 3617 979 3677 πύλας
1014 3618 1121 3669 τῶν
1156 3617 1492 3681 Βυζαντίων.

266 3711 344 3764 Ζ¹.
374 3710 641 3779 Δεύτερον
694 3709 750 3762 δὲ
780 3711 888 3775 τῶν
941 3713 1318 3780 περιστάντων
1364 3717 1484 3768 τότε
1524 3718 1591 3785 τῇ
1624 3715 1777 3769 πόλει

188 3801 412 3863 δεινῶν,
440 3800 771 3869 τρισχιλίους
809 3802 1011 3865 ἱππέας
1066 3805 1209 3857 κατὰ
1261 3806 1330 3858 τὰ
1388 3807 1721 3875 ξυγκείμενα
1751 3812 1778 3862 ὁ

187 3893 305 3945 τῶν
361 3892 690 3959 Βουλγάρων
740 3893 1150 3962 ἀπολεξάμενος
1191 3897 1432 3965 ἀρχηγὸς
1488 3900 1778 3968 συμμαχή.

190 3998 393 4043 σοντας
446 3981 769 4043 ἀποστέλλει
794 3982 871 4051 τῷ
907 3983 1119 4052 βασιλεῖ
1168 3987 1307 4039 κατὰ
1337 3988 1429 4039 τοῦ
1463 3989 1584 4041 νέου
1623 3988 1779 4056 βασι·

185 4075 365 4134 λέως·
418 4068 499 4132 οἷς
552 4073 614 4143 δὴ
669 4072 1148 4146 προστεταγμένον
1182 4074 1271 4146 ἦν,
1338 4080 1413 4140 ὡς
1469 4079 1775 4150 ὲθρυλλήθη

186 4164 328 4234 παρ’
359 4164 716 4230 ὡντινωνοῦν,
736 4167 781 4217 εί
814 4167 995 4231 ἁδείας
1028 4170 1335 4237 ἐπιτύχοιεν
1375 4172 1776 4242 προσηκούσης,

183 4262 565 4324 νεωτερισμόν
592 4273 716 4310 τινα
757 4258 1162 4328 διαπράξασθαι
1205 4264 1333 4331 περὶ
1360 4262 1420 4313 τὸ
1462 4262 1776 4326 Βυζάντιον.

196 4347 348 4398 Ἀλλ’
370 4347 682 4416 ἐληλυθόσιν
718 4348 776 4400 ού
812 4351 1229 4421 συγκεχώρηταί
1267 4370 1449 4419 σφισιν
1496 4355 1645 4417 ὲντδς
1680 4373 1774 4422 γε·

1953 3714 2064 3771 VII.
2112 3714 2361 3770 Alterum
2399 3717 2551 3772 urbis
2586 3717 2891 3786 periculum
2932 3715 3055 3780 luit,
3090 3732 3215 3771 cum
3261 3717 3456 3788 Bulga-

1880 3822 2065 3861 rorum
2100 3806 2357 3878 princeps
2387 3810 2591 3863 seniori
2628 3819 2821 3863 contra
2844 3808 3121 3879 jnniorem
3152 3810 3253 3863 tria
3288 3813 3455 3865 milia

1880 3899 2219 3954 delectorum
2270 3902 2515 3971 equitum
2565 3901 2811 3956 subsidio
2863 3918 2927 3956 ex
2981 3912 3139 3971 pacto
3190 3903 3453 3969 misisset.

1880 3992 2083 4059 quibus
2119 3994 2459 4057 mamlatum,
2500 3994 2687 4048 nescio
2711 3994 2910 4062 quibus
2938 3995 3286 4059 auctoribus,
3316 3997 3458 4050 Iere-

1881 4086 2176 4159 haturhut
2230 4085 2351 4138 data
2404 4087 2815 4154 Opportunitate
2865 4103 2951 4141 res
2996 4102 3164 4141 novas
3206 4088 3260 4142 in
3323 4088 3457 4141 urbe

1881 4175 2231 4230 molirentur.
2270 4176 2375 4230 Sed
2433 4178 2467 4231 ii
2514 4194 2637 4232 cum
2686 4179 3061 4242 advenissent,
3112 4180 3253 4233 intra
3306 4181 3459 4233 urbis
3502 4231 3507 4235 .

1883 4278 2067 4335 portas
2102 4284 2210 4321 non
2248 4268 2472 4323 admissi
2506 4279 2657 4335 sunt,
2690 4286 2826 4339 quas
2862 4272 3073 4340 ingredi
3110 4272 3313 4326 nemini
3351 4272 3454 4324 nisi

1884 4374 2075 4412 eorum
2108 4360 2230 4414 duci
2266 4363 2592 4429 permiSsum
2620 4372 2724 4416 est.
2758 4361 3118 4427 Quamobrem
3146 4363 3270 4417 inde
3291 4363 3457 4417 decli-

180 4436 384 4489 νέσθαι
437 4438 643 4499 πυλῶν,
676 4437 814 4506 πλὴν
858 4439 887 4508 ἢ
955 4443 1101 4509 μόνῳ
1154 4440 1231 4511 τῷ
1269 4443 1423 4510 σφῶν
1458 4446 1770 4515 στρατηγῷ,

1881 4463 2103 4513 narunt,
2134 4466 2198 4505 ac
2228 4452 2373 4506 circa
2408 4453 2587 4505 locum
2641 4452 2833 4507 stadiis
2882 4454 3128 4522 quinque
3180 4462 3236 4507 et
3284 4468 3456 4507 nona-

180 4529 283 4582 Διὸ
318 4530 411 4580 καὶ
442 4530 903 4599 παρεκκλίναντες
951 4534 1483 4597 ὲστρατοπεδεύκασι
1522 4540 1650 4604 περὶ
1680 4539 1771 4590 τό-

178 4638 295 4672 πον
322 4619 571 4683 σταδίους
598 4622 871 4691 ἀπέχοντα
900 4622 1001 4691 τῆς
1051 4623 1445 4695 βασιλευούσης
1480 4626 1642 4681 πέντε
1679 4630 1774 4682 καὶ

177 4712 573 4779 ἐννενήκοντα.

258 4800 343 4856 H'.
395 4787 559 4856 Ἀλλᾶ
604 4806 701 4876 μιᾷ
735 4806 914 4876 ἡμέρᾳ
951 4806 1217 4876 πρότερον
1268 4808 1715 4879 ἐξιππασάμενος
1747 4815 1774 4866 ὁ

175 4897 308 4954 νέος
342 4894 594 4963 βασιλεὺς
621 4895 736 4963 μετ’
770 4895 967 4961 ὀλίγων
1011 4896 1153 4947 πάνυ
1193 4895 1356 4947 τινῶν
1393 4891 1521 4967 ἧκεν
1550 4897 1607 4964 ἐξ
1637 4900 1773 4966 ἁφα-

174 4986 318 5047 νοῦς
344 4984 557 5052 ἁθρόως
580 4987 926 5054 είσπηδήσων
963 4986 1018 5048 ἐς
1045 4985 1103 5037 τὸ
1137 4985 1449 5050 Βυζάντιον.
1498 4989 1765 5059 Λίσθομέ-

174 5094 299 5127 νων
367 5075 425 5126 δὲ
482 5076 589 5127 τῶν
636 5077 903 5145 πυλωρῦν
967 5077 1328 5145 ἀπεκλείσθη,
1388 5080 1461 5142 ὡς
1515 5082 1767 5135 ἐντεῦθεν

171 5164 609 5229 ἀναγκασθέντα
662 5165 871 5217 δεῖσθαι
928 5164 1021 5216 το]
1074 5163 1334 5233 βασιλέως
1379 5167 1472 5217 καὶ
1542 5169 1766 5219 πάππου

174 5256 434 5325 θερμῶς,
476 5256 570 5306 καὶ
609 5255 984 5323 ὑπισχνεῖσθαι
1013 5256 1145 5324 πρὸς
1208 5256 1353 5308 ἅπαν
1414 5257 1656 5320 ὑπείξειν
1706 5260 1767 5310 τ’)

172 5348 684 5417 προσταττόμενον,
713 5349 785 5410 ὡς
828 5343 906 5409 εἷς
941 5348 1046 5398 τῶν
1082 5348 1515 5416 ἀργυρωνήτων,
1554 5351 1685 5418 πρίν
1716 5369 1766 5403 τι

169 5436 445 5506 γενέσθαι
479 5436 586 5488 τῶν
614 5437 903 5489 ἀπευκτῶν
934 5436 1146 5506 θατέρῃ
1179 5435 1326 5488 δυεῖν
1354 5475 1369 5501 ,
1417 5436 1559 5489 οὕτω
1599 5457 1762 5508 κορυ-

1879 4544 2029 4612 ginta
2059 4546 2127 4598 ah
2170 4545 2307 4599 urbe
2339 4545 2633 4599 distantem
2667 4555 2848 4601 castra
2880 4554 3203 4616 posuerunt.

1951 4808 2088 4863 VIII.
2148 4807 2333 4862 Pridie
2395 4822 2525 4863 vero
2576 4808 2695 4878 ejus
2748 4807 2858 4861 diei
2907 4807 3093 4879 junior
3156 4807 3454 4878 imperator

1879 4899 2178 4968 equitando
2211 4915 2533 4969 progressus
2567 4916 2690 4954 cum
2719 4895 3090 4969 paucissimis
3135 4900 3455 4957 hominibus

1868 5005 1934 5045 ex
1987 4990 2200 5044 occulto
2264 4991 2582 5055 advenerat,
2643 4991 2827 5046 subito
2886 4992 3089 5061 impetu
3148 4993 3201 5047 in
3255 4994 3448 5048 urbem

1868 5083 2209 5150 irrupturus.
2248 5081 2352 5135 Sed
2392 5082 2778 5138 animadverso
2816 5086 2934 5154 ejus
2965 5094 3165 5139 conatu
3204 5102 3232 5138 a
3265 5097 3451 5140 custo-

1867 5172 2032 5227 dibus
2058 5174 2316 5228 exclusus
2347 5174 2542 5228 fuerat.
2585 5175 2717 5242 Quae
2758 5193 2843 5232 res
2874 5194 2999 5231 eum
3047 5179 3355 5249 subegerat,
3392 5189 3451 5239 ut

1870 5265 2228 5319 vehementer
2280 5281 2438 5318 avum
2502 5268 2889 5335 imperatorem
2948 5282 3163 5333 oraret,
3217 5286 3281 5325 ac
3345 5273 3448 5340 ipsi

1865 5353 2245 5421 polliceretur,
2279 5369 2334 5407 se
2371 5355 2640 5423 quidquid
2674 5356 2718 5411 is
2758 5358 3014 5427 jussisset
3046 5360 3193 5412 dicto
3220 5361 3452 5414 audien-

1864 5453 1973 5501 tem
2013 5446 2129 5501 fore
2182 5447 2407 5515 perinde
2458 5464 2521 5502 ac
2572 5450 2927 5520 mancipium,
2963 5452 3147 5520 potius
3186 5468 3348 5521 quam
3387 5462 3446 5509 ut

1527 5568 1867 5632 Variorum
1906 5583 2091 5637 notas.

256 5666 372 5733 (Ἰ)
407 5663 533 5718 Ilaec
573 5665 754 5719 omnia
796 5664 1064 5733 Gregoras
1100 5663 1295 5733 plurali
1332 5679 1581 5727 numero,
1616 5667 1763 5722 inso-

165 5738 365 5792 Icntcr
423 5743 475 5788 et
503 5736 711 5807 poetica
744 5737 967 5807 audacia
1000 5752 1012 5787 :
1049 5750 1360 5807 quanquam
1390 5745 1444 5807 et
1474 5751 1571 5807 nos
1602 5740 1762 5807 vulgo

167 5806 450 5870 diCllllUS,
488 5808 557 5858 [σε
601 5806 1059 5860 Palus-.iléutides.
1088 5804 1306 5871 Copais,
1352 5805 1505 5873 palus
1543 5804 1792 5877 limitis,

1872 5684 1974 5748 est.
2006 5675 2213 5748 Nomen
2247 5676 2398 5730 dedit
2433 5678 2567 5732 urbs
2601 5679 2822 5741 Κῶπαι,
2867 5679 3023 5748 cujus
3079 5679 3449 5736 meminerunt

1873 5744 2159 5812 llomcrus,
2182 5746 2398 5814 Strabo,
2435 5749 2744 5818 Stephanus
2773 5762 2825 5805 ct
2855 5744 2965 5805 alii.
3002 5750 3204 5805 Bonna.
