4248 6442
792 395 890 460 6H
1043 391 1115 463 [Α.
1149 407 1201 444 ιι.
1241 390 1372 446 6791
1407 407 1471 444 λυ
1502 388 1662 461 6856]

1984 391 2402 452 NICEPHORI
2440 390 2820 450 GREGOR£

3146 388 3281 459 [ηερ.
3314 403 3612 446 ,Αιωιιοκια
3645 389 3785 462 seu.)

3930 393 4039 459 6i2

795 521 1019 575 magnus
1046 505 1186 559 circa
1217 505 1474 575 palatium
1507 513 1562 558 et
1596 503 1660 557 ad
1701 501 1883 572 palatii
1915 500 2059 556 fores
2095 502 2363 555 tumultus
2387 504 2437 562 Α
2466 519 2472 552 :

2360 504 2437 562 ,Α
2466 501 2743 572 κρατῆρας
2776 495 2888 569 εἷχε
2925 501 3096 570 πυρὸς
3139 502 3489 570 ὁφάπτοντας
3522 503 3765 556 κάτωθεν
3796 504 3894 574 τὴν
3926 508 4037 559 κλί-

789 597 1031 658 auditur.
1062 596 1298 666 junioris
1333 595 1679 664 imperatoris
1713 595 2017 663 ingressum
2055 592 2351 656 nuntians,

789 697 846 742 et
894 691 1114 758 plausus
1149 702 1423 740 armormn
1464 701 1712 755 magnus.
1763 686 1932 739 Erant
1974 684 2119 738 enim
2157 683 2357 736 milites

790 780 1026 848 amplius
1054 780 1379 848 octingentis
1397 793 1520 830 cum
1556 777 1881 845 imperatore
1910 775 2158 844 ingressi.
2182 773 2355 828 Simul

791 869 958 922 etiam
996 868 1236 937 undique
1284 866 1479 920 faustis
1510 865 1997 920 acclamationibus
2035 863 2221 931 junior
2251 862 2355 915 im-

789 969 1010 1028 perator
1041 957 1398 1010 salutabatur.
1442 955 1638 1010 Senior
1670 968 1801 1006 vero
1825 995 1838 1017 ,
1877 951 2111 1005 tumultu
2157 958 2210 1004 et
2246 950 2358 1004 cla-

789 1064 940 1102 more
967 1048 1173 1110 audito,
1205 1050 1270 1100 de
1295 1049 1434 1098 lecto
1460 1045 1700 1098 surrexit
1729 1041 2234 1112 perturbatissimus
2259 1055 2272 1104 ;
2302 1048 2358 1093 et

788 1156 912 1194 cum
957 1142 1230 1193 nemiuem
1275 1138 1524 1200 haberet,
1559 1151 1586 1189 a
1619 1150 1727 1202 quo
1777 1132 2147 1202 adjuvaretur,
2180 1146 2357 1199 neque

790 1232 1007 1292 ducem.
1061 1247 1238 1298 neque
1294 1230 1518 1283 militem
1581 1227 1866 1298 (palatium
1916 1225 2064 1278 enim
2118 1223 2356 1278 cubiculi

791 1320 1058 1374 ministris
1092 1320 1531 1373 adulescentibus
1556 1316 1796 1384 exceptis
1826 1315 2102 1368 desertum
2136 1329 2357 1382 prorsus

787 1417 949 1480 erat),
988 1415 1051 1466 ad
1084 1427 1292 1466 sacram
1326 1411 1612 1479 imaginem
1643 1409 1737 1462 Dei
1768 1407 2063 1462 Genitrieis
2113 1406 2355 1474 "mlch-

789 1505 908 1557 triae
938 1503 1201 1572 confugit,
1228 1513 1351 1554 ante
1382 1502 1579 1554 multos
1614 1500 1732 1553 dies
1761 1500 1813 1551 iu
1845 1498 2102 1566 palatium
2130 1498 2358 1551 transla-

794 1605 926 1658 tam,
957 1610 1076 1663 quae
1116 1594 1165 1647 ei
1202 1595 1357 1646 firmo
1397 1593 1588 1644 solatio
1627 1600 1766 1645 erat.
1799 1592 1876 1643 Ad
1920 1590 2081 1652 hanc,
2114 1590 2356 1658 inquam,

789 1685 1051 1754 confugit,
1079 1694 1133 1737 et
1159 1683 1307 1736 humi
1335 1692 1643 1751 prostratus
1668 1697 1792 1734 cum
1817 1681 2004 1734 dolore
2029 1689 2083 1733 et
2104 1679 2355 1748 lacrymis

789 1778 1044 1832 ardenter
1073 1777 1399 1840 obtestatur,
1428 1791 1492 1828 ue
1526 1774 1923 1842 periclitantem
1955 1780 2009 1825 et
2031 1771 2352 1825 sicariorum

789 1870 1014 1924 ensibus
1056 1869 1360 1938 expositum
1407 1867 1645 1920 deserat.
1686 1864 1974 1918 Exaudivit
2013 1878 2203 1932 preces
2237 1865 2355 1932 ejus

790 1975 846 2016 et
877 1962 1131 2015 festiuum
1170 1959 1287 2013 tulit
1323 1960 1586 2012 auxilium
1625 1973 1745 2026 qua:
1776 1956 1991 2025 quidvis
2027 1963 2206 2025 potest
2261 1971 2356 2008 ca-

790 2052 1028 2114 stissima
1062 2050 1151 2104 Dei
1182 2050 1447 2104 Geuitrix.

2458 610 2577 662 νην.
2612 593 2829 644 Τούτων
2871 592 3042 655 οὕτως
3069 594 3301 663 ἐχόντων
3335 594 3502 656 πολὺς
3529 595 3663 660 ἡκού
3677 596 3776 665 σθη
3811 596 4040 666 θόρυϐος

2458 685 2561 748 ἔξω
2593 683 2812 752 περὶτὰ
2847 683 3096 754 βασίλεια
3126 687 3222 738 καὶ
3264 685 3358 748 τὰς
3381 685 3687 754 βασιλείους
3719 689 3916 754 πύλας,
3934 691 4036 758 τὴν

2457 777 2549 830 τοῦ
2571 777 2690 829 νέου
2716 776 2977 844 βασιλέως
2995 794 3060 829 πε
3071 777 3276 847 ριηχῶν
3293 777 3519 840 εἴσοδον,
3543 780 3636 830 καὶ
3649 781 3839 850 κρότος
3854 781 4037 835 ὃπλων

2461 868 2602 937 μάλα
2626 865 2789 930 πολύς
2811 884 2822 896 ·
2844 867 2926 938 [Ρ.
2949 851 3078 940 259]
3099 865 3237 936 ἦσαν
3272 870 3380 938 γὰρ
3408 870 3457 922 οἱ
3498 870 3930 934 συνεισελθόντες
3955 874 4038 941 τῷ

2459 957 2670 1028 βασιλεῖ
2700 958 3033 1029 στρατιῶται
3093 960 3314 1024 πλείους
3359 948 3732 1014 ὀκτακοσίωνο
3783 962 3879 1016 καὶ
3917 963 4040 1033 ἅμα

2459 1051 2799 1119 πανταχόθεν
2827 1051 3094 1119 εὐφημίαι
3128 1053 3220 1104 καὶ
3259 1052 3499 1118 γλῶσσαι
3541 1053 3633 1103 τὸν
3664 1053 3782 1105 νέον
3822 1053 4038 1122 ἀνακη-

2458 1141 2749 1211 ρύττουσαι
2801 1142 3048 1209 βασιλέα.
3095 1142 3427 1211 Λίσθόμενος
3475 1143 3518 1194 δ’
3550 1143 3577 1194 6
3605 1143 3839 1212 γηραιὸς
3877 1143 4036 1213 βασ-

2457 1232 2580 1295 λεὺς
2600 1232 2692 1285 τοῦ
2717 1233 2944 1303 θορύϐου
2971 1234 3063 1286 καὶ
3090 1233 3188 1302 τῆς
3219 1234 3370 1302 βοῆς,
3410 1234 3668 1302 ἐξανέστη
3695 1229 3791 1303 τῆς
3823 1236 4034 1304 κλίνης,

2458 1326 2717 1395 ἐκπλήξει
2746 1326 2913 1395 πολλῇ
2961 1325 3318 1394 συνεχόμενος
3342 1340 3355 1353 ’
3393 1327 3488 1377 καὶ
3525 1324 3602 1394 μὴ
3649 1325 3788 1392 έχων
3839 1326 4034 1379 οὐδένα

2457 1421 2548 1470 τὸν
2580 1418 2936 1487 βοηθήσοντα,
2965 1420 3100 1488 μήτε
3137 1418 3499 1484 στρατιώτην,
3536 1419 3671 1487 μήτε
3699 1418 4032 1486 στρατηγόν-

2459 1511 2599 1577 πλὴν
2633 1511 2740 1577 γὰρ
2789 1508 2895 1560 τῶν
2948 1508 3350 1579 θαλαμηπόλων
3387 1507 3768 1576 μειρακίσκων
3821 1510 4034 1576 ἐρημτα

2459 1603 2624 1670 πολλὴ
2653 1604 2719 1653 τὰ
2751 1600 2999 1670 βασίλεια
3023 1600 3132 1670 εἶχε
3161 1617 3177 1631 ·
3211 1599 3549 1668 καταφεύγει
3580 1601 3716 1670 πρδς
3748 1600 3848 1669 τὴν
3878 1599 4035 1650 θείαν

2459 1693 2641 1744 εἰκόνα
2669 1693 2780 1761 (87)
2817 1696 2912 1759 τῆς
2938 1694 3246 1761 ὑπεραγνιι
3274 1693 3616 1762 Θεομήτορος
3660 1692 3757 1759 τῆς
3795 1691 4033 1758 Ὀδηγτι-

2461 1784 2634 1852 τρίας.
2667 1783 2885 1851 Συχνῶν
2917 1785 3022 1851 γὰρ
3058 1783 3280 1853 ἡμερῶν
3321 1783 3590 1851 ἐκομίσθη
3624 1782 3760 1850 πρὸς
3789 1781 3857 1833 τὰ
3880 1779 4037 1848 βασί-

2459 1879 2578 1930 λεια
2628 1879 2889 1946 πρότερον
2943 1880 3036 1930 καὶ
3075 1872 3140 1946 ἦν
3188 1875 3335 1944 αὑτῴ
3371 1876 3732 1944 παραμύθιον
3769 1873 4038 1939 ἀσφαλές.

2463 1971 2602 2040 Πρὸς
2628 1968 2831 2038 ταύτην
2865 1969 3045 2020 τοίνυν
3069 1967 3402 2036 καταφυγὼν
3443 1967 3538 2020 καὶ
3571 1965 3884 2036 περιχυθεὶς
3915 1963 4041 2014 τιε-

2461 2061 2624 2128 δαφος
2655 2060 2765 2130 (88)
2797 2061 2943 2129 μάλα
2989 2060 3294 2128 περιαλγής
3335 2076 3392 2111 τε
3435 2060 3526 2111 καὶ
3577 2059 3838 2129 ἔνδακρυς
3869 2057 4043 2108 ἐδεῖτο

792 2161 1031 2230 θερμῶς,
1077 2160 1150 2230 μὴ
1192 2159 1456 2228 περιιδεῖν
1516 2155 1895 2209 κινδυνεύοντα
1946 2152 2256 2222 μιαφονίας
2294 2152 2469 2220 ξίφεσι
2515 2152 2613 2221 τὴν
2637 2147 2815 2222 ψυχὴν
2849 2152 3238 2222 παραπέμψαι.
3311 2152 3416 2204 Ναὶ
3487 2151 3594 2220 μὴν
3647 2152 3739 2202 καί
3802 2150 4050 2216 ἐπήκοος.

793 2254 1007 2320 ἐγένετο
1027 2254 1124 2322 τῆς
1153 2251 1386 2319 δεήσεως
1435 2247 1601 2302 αὐτοῦ
1651 2249 1744 2300 καὶ
1767 2247 2026 2316 ταχίστην
2059 2245 2352 2314 ἐχαρίσατο
2391 2246 2489 2312 τὴν
2527 2247 2848 2315 ἐπικουρίαν
2877 2247 2909 2314 ὴ
2944 2245 3098 2298 πάνθ’
3165 2247 3266 2298 ὅσα
3309 2245 3559 2314 βούλεται
3590 2243 3866 2312 δυναμένη
3898 2242 4044 2293 παν-

804 2364 971 2413 αγνος
997 2345 1282 2408 Θεοτόκος.

864 2438 927 2491 V.
974 2437 1107 2490 Nam
1139 2436 1265 2489 dum
1307 2434 1397 2488 ille
1443 2434 1497 2486 in
1536 2434 1737 2503 palatio
1772 2433 2059 2503 Deiparam
2105 2432 2170 2485 ad
2215 2433 2362 2486 hunc

794 2529 1012 2582 modum
1031 2528 1377 2596 deprecatur,
1398 2525 1583 2595 junior
1612 2526 1911 2594 imperator
1937 2526 2070 2578 foris
2105 2523 2363 2577 omnibus

793 2621 1026 2674 ducibus
1054 2629 1107 2674 et
1143 2619 1379 2672 tsibunis
1408 2617 1524 2672 suis
1556 2618 1872 2672 convocatis
1905 2617 2142 2686 graviter
2168 2615 2362 2678 edicit,

797 2728 865 2765 ne
883 2726 1040 2764 avum
1081 2711 1460 2778 imperatorem
1481 2710 1563 2763 vel
1579 2723 1739 2762 manu
1761 2709 1993 2762 violenta
2015 2707 2361 2770 interficiant,

793 2802 878 2856 vel
905 2802 1015 2854 ullo
1033 2801 1428 2855 contumelioso
1447 2800 1590 2856 dicto
1613 2803 1905 2864 incessant,
1927 2816 2024 2854 nec
2042 2815 2364 2869 quemquam

793 2907 1018 2959 prorsus
1053 2891 1294 2944 omnium
1333 2909 1344 2943 :
1385 2909 1401 2939 ι
1441 2889 1588 2943 llanc
1621 2891 1788 2951 enim,
1830 2891 2026 2957 inquit,
2062 2888 2350 2942 victoriam

795 2983 938 3035 Deus
989 2981 1149 3034 nobis
1183 2979 1343 3050 423
1377 2979 1546 3045 dedit,
1590 2995 1693 3033 non
1737 2979 1836 3046 ipsi
1893 2979 2223 3046 paravimus.
2270 2977 2362 3030 Dei

795 3072 1048 3124 voluntas
1099 3078 1278 3124 movet
1323 3069 1539 3131 omnia.
1582 3078 1638 3122 et
1681 3069 1860 3121 omnia
1911 3068 1958 3120 ei
2013 3067 2362 3127 famulantur,

796 3164 985 3228 stella-,
1032 3179 1146 3226 aer,
1187 3179 1360 3227 mare,
1411 3174 1574 3226 terra,
1612 3162 1883 3222 homines.
1925 3160 2174 3222 fulmina,
2219 3159 2360 3228 ignei

797 3255 1061 3319 turbines,
1097 3254 1436 3322 pestilentim,
1465 3261 1623 3306 terr.e
1654 3262 1833 3306 motus
1853 3292 1866 3316 ,
1901 3252 2100 3305 imbres
2125 3292 2138 3313 ,
2167 3251 2366 3304 sterili-

797 3356 954 3412 tates,
976 3356 1024 3401 et
1053 3347 1154 3400 alia
1180 3347 1509 3409 consimilia,
1544 3345 1743 3414 partim
1777 3345 1843 3397 ad
1885 3344 2220 3404 felicitatem,
2251 3358 2368 3410 par-

799 3441 893 3491 tim
928 3439 992 3490 ad
1025 3435 1398 3490 infelicitatem
1437 3451 1498 3488 ac
1531 3434 1714 3503 potius
1739 3432 2174 3500 castigationem.
2202 3428 2369 3483 Nobis

798 3531 964 3598 igitur
1013 3529 1287 3582 hodiernae
1321 3526 1690 3595 castigationis
1729 3524 1994 3578 ministris
2033 3533 2087 3575 et
2138 3535 2368 3575 exsecu-

800 3620 1008 3672 tnribus
1041 3619 1295 3671 victorias
1325 3627 1378 3670 et
1419 3627 1618 3685 tropa:a
1654 3616 1906 3682 largitur.
1961 3610 2228 3665 Fortassis
2271 3625 2368 3661 au-

800 3721 907 3764 tem
940 3726 1058 3764 cras
1097 3711 1215 3764 aliis
1249 3718 1439 3763 contra
1472 3724 1571 3762 nos
1605 3715 1788 3760 utetur
1819 3724 1830 3758 :
1871 3714 1926 3758 et
1957 3704 2147 3771 quales
2186 3714 2286 3754 nos
2317 3701 2368 3752 iu

797 3817 894 3855 eos
927 3802 1211 3863 fuerimus,
1246 3800 1337 3868 qui
1380 3799 1432 3852 in
1483 3813 1678 3851 manus
1719 3797 1879 3849 nobis
1914 3792 2216 3862 castigandi
2259 3803 2370 3845 tra-

799 3893 1024 3955 duntur,
1057 3892 1192 3944 tales
1216 3892 1402 3957 utique
1432 3890 1603 3950 etilli,
1631 3889 1830 3957 quibus
1860 3886 2160 3948 trademur,
2192 3886 2243 3937 in
2272 3900 2370 3937 nos

799 3983 970 4037 futuri
1009 3993 1156 4035 sunt.
1209 3980 1389 4045 Quare
1437 3980 1479 4032 si
1534 3995 1632 4032 nos
1672 3992 1850 4045 neque
1891 3975 2144 4044 cognatio
2194 3989 2370 4042 neque

799 4076 1039 4143 ejusdem
1067 4073 1246 4141 gentis
1275 4070 1625 4124 necessitudo
1650 4069 1715 4122 ad
1748 4067 2092 4121 clementiam
2125 4074 2179 4118 et
2209 4066 2371 4119 mise-

803 4164 1092 4218 ricordiam
1127 4161 1372 4225 adducit,
1407 4161 1578 4214 nostri
1609 4162 1852 4228 ipsorum
1889 4158 2082 4211 saltem
2123 4165 2368 4225 respectu

805 4259 1142 4310 humanitate
1174 4254 1248 4308 uti
1287 4269 1433 4306 nunc
1470 4254 1645 4308 satius
1678 4261 1780 4314 est,
1828 4265 1893 4304 ne
1932 4248 2033 4318 ipsi
2072 4248 2370 4318 graviorem

805 4349 897 4402 Dei
932 4349 1360 4419 indignationem
1385 4345 1755 4415 experiamur.
1797 4363 1814 4394 ι

881 4628 970 4683 γι.
1027 4629 1240 4681 Interea
1275 4626 1498 4696 quidam
1548 4639 1579 4678 e
1626 4624 1825 4692 palatio
1874 4637 2126 4691 egressus
2170 4620 2376 4691 juniori

810 4721 1127 4788 imperatori
1168 4728 1376 4784 portam
1414 4718 1665 4785 aperitet
1717 4717 1783 4768 ab
1821 4730 1920 4768 avo
1950 4715 2092 4768 hunc
2120 4718 2372 4767 nuntium

806 4811 962 4864 affert
1004 4827 1016 4863 :
1062 4827 1080 4859 ι
1129 4809 1396 4872 Quoniam
1442 4806 1606 4860 hodie
1654 4807 1815 4868 Deus,
1849 4806 1918 4856 ini
1955 4804 2063 4864 fili,
2097 4813 2378 4872 sceptrum

808 4903 1222 4971 imperatorium
1259 4900 1392 4953 milii
1447 4899 1760 4965 ademptum
1795 4898 1890 4950 tibi
1929 4897 2169 4955 donavit.
2215 4911 2379 4948 unum

811 4994 915 5047 hoc
953 4990 1272 5044 beneficium
1317 5006 1346 5041 a
1393 4999 1444 5041 te
1479 4998 1603 5056 peto
1634 5001 1732 5054 pro
1777 4986 1961 5038 multis
1998 4985 2223 5053 qure'ab
2266 4986 2384 5053 ipso

807 5097 929 5137 ortu
952 5093 1043 5136 tuo
1070 5083 1122 5134 in
1156 5090 1205 5133 te
1234 5079 1440 5134 contuli
1473 5078 1688 5146 (omitto
1718 5078 1863 5129 enim
1894 5076 1996 5128 hoc
2021 5091 2200 5128 rerum
2229 5091 2379 5128 mea-

810 5191 930 5227 rum
966 5184 1131 5236 statu,
1165 5187 1248 5224 me
1279 5170 1372 5222 tibi
1401 5169 1572 5236 ipsius
1595 5167 1894 5220 nativitatis
1910 5174 1964 5218 et
1988 5166 2383 5232 progressionis

812 5268 866 5318 in
904 5269 1094 5327 vitam,
1127 5271 1250 5331 post
1289 5262 1479 5323 Deum,
1513 5267 1790 5311 auctorem
1827 5256 2038 5322 fuisse),
2077 5255 2215 5307 dona
2249 5255 2379 5308 mihi

815 5359 976 5408 vitam
1029 5370 1237 5418 meam;
1282 5367 1442 5420 parce
1487 5361 1712 5418 paterno
1755 5347 1960 5416 capiti;
2006 5362 2104 5398 nec
2146 5346 2383 5398 violento

809 5453 955 5503 ferro
984 5461 1106 5499 eum
1144 5445 1458 5514 sanguinem
1493 5443 1669 5502 hauri,
1712 5456 1742 5494 a
1789 5456 1897 5509 quo
1927 5449 1980 5492 tu
2021 5438 2142 5490 vita:
2179 5438 2382 5490 fontem

2534 2428 2607 2484 E'.
2655 2430 2919 2490 Τοιαύτας
2947 2430 3054 2499 γὰρ
3084 2430 3229 2482 ἔνδον
3275 2429 3381 2482 τῶν
3411 2431 3695 2499 βασιλείων
3725 2429 3892 2483 αὑτοῦ
3942 2433 4045 2491 τὰς

2464 2524 2674 2592 δεήσεις
2712 2526 2777 2593 τῇ
2809 2523 3056 2591 Θεοτόκῳ
3104 2521 3530 2590 προσφέροντος,
3581 2522 3608 2572 6
3662 2523 3780 2583 νέος
3829 2523 4036 2586 ἔξωθεν

2461 2615 2714 2684 βασιλεὺς
2761 2615 3103 2682 συγκαλέσας
3141 2616 3345 2677 πάντας
3375 2616 3499 2677 τοὺς
3527 2617 3650 2683 περὶ
3681 2615 3843 2666 αὑτὸν
3878 2632 4049 2686 στρα-

2461 2707 2660 2774 τηγοὺς
2691 2707 2784 2759 καὶ
2801 2706 3128 2775 ταξιάρχους
3157 2706 3558 2774 παρεκελεύετο
3594 2706 3737 2772 μάλα
3773 2706 4046 2774 σφοδρῶς.

2471 2802 2606 2869 μήτε
2639 2803 2796 2868 χεῖρα
2848 2799 3195 2868 φονεύτριαν,
3254 2802 3388 2867 μήτε
3424 2799 3680 2864 γλῶσσαν
3721 2798 4047 2867 ὑϐρίστριαν

2465 2896 2784 2960 ἐπενεγκεῖν
2816 2895 2953 2964 μήτε
2995 2895 3072 2963 τῷ
3104 2895 3312 2963 πάππῳ
3346 2898 3437 2946 καὶ
3472 2893 3701 2961 βασιλεῖ,
3747 2895 3884 2960 μήτε
3933 2912 4048 2962 μη-

2463 2984 2570 3037 δενὶ
2603 2983 2711 3034 τῶν
2742 2984 2998 3035 ἁπάντων
3031 2983 3223 3050 ἑτέρῳ.
3263 2999 3279 3030 ι
3325 2982 3397 3031 Οὐ
3433 2981 3540 3049 γὰρ
3569 2983 3752 3048 ἡμεῖς,
3789 3000 3807 3031 ι
3853 2997 4044 3048 φησιν,

2469 3094 2487 3125 ί
2523 3075 2638 3126 ἀλλ’
2669 3076 2696 3126 6
2729 3074 2860 3134 Θεὸς
2892 3076 3023 3142 ἡμῖν
3055 3073 3122 3124 τὰ
3163 3072 3388 3124 τοιαῦτα
3436 3072 3746 3140 παρέσχετο
3777 3071 4042 3138 τρόπαια.

2468 3173 2577 3225 Καὶ
2631 3171 2764 3223 Θεοῦ
2799 3171 2897 3237 μὲν
2936 3170 3188 3239 βούλησις
3237 3169 3410 3221 πάντα
3450 3172 3622 3218 κινεῖ·
3678 3168 3951 3234 ὑπηρετεῖ
3993 3168 4047 3218 δὲ

2470 3263 2666 3325 πάντα,
2697 3263 2948 3327 ἀστέρες,
3001 3261 3134 3328 ἀὴρ,
3189 3259 3452 3319 θάλασσα,
3488 3258 3579 3324 γῆ,
3624 3257 3927 3323 ἄνθρωποι,
3961 3273 4052 3308 κε-

2474 3354 2681 3424 ραυνοὶ,
2721 3354 3057 3421 πρηστῆρες,
3095 3350 3293 3418 λοιμοὶ,
3323 3352 3556 3416 σεισμοὶ,
3597 3350 3743 3400 ὑετοὶ
3773 3350 4047 3417 ῥαγδαῖοι,

2471 3444 2699 3514 καρπῶν
2732 3443 2977 3511 ἀφορίαι,
3019 3441 3115 3494 καὶ
3147 3443 3245 3492 ὅσα
3296 3440 3508 3501 τούτοις
3537 3439 3803 3505 ἑπόμενα,
3844 3440 3910 3488 τα
3951 3440 4051 3505 μὲν

2472 3538 2604 3604 πρὸς
2635 3536 2998 3603 εὐδαιμονίαν,
3018 3533 3084 3583 τὰ
3112 3531 3166 3583 δὲ
3196 3531 3330 3599 πρὸς
3364 3528 3811 3596 κακοδαιμονίαν,
3845 3527 3874 3594 ἢ
3907 3529 4050 3594 μᾶ).-

2473 3628 2562 3678 λον
2595 3626 2727 3692 πρὸς
2785 3623 3067 3676 παίδευσιν
3127 3624 3217 3674 καὶ
3259 3621 3660 3688 σωφρονισμόν.
3705 3619 4051 3686 ’Υπηρέταις

2472 3719 2534 3785 δὴ
2564 3712 2656 3768 οὖν
2689 3717 2818 3783 ἡμῖν
2853 3715 2944 3765 καὶ
2978 3713 3267 3773 κολασταῖς
3306 3711 3402 3777 τῆς
3448 3710 3732 3778 παρούσης
3763 3707 4052 3774 χρώμενος

2477 3807 2812 3866 παιδεύσεως
2845 3804 3028 3856 δίδωσι
3063 3805 3214 3864 νίκας
3240 3803 3331 3852 καὶ
3357 3801 3595 3868 τρόπαια
3621 3801 3743 3860 ταῖς
3770 3797 3932 3866 ἡμῶν
3967 3800 4053 3849 δεο

2477 3897 2632 3961 ξισῖς.
2673 3898 2947 3964 Χρήσεται
2981 3895 3025 3945 δ’
3081 3893 3208 3954 ἴσως
3239 3891 3417 3951 ἄλλοις
3461 3890 3648 3957 αὔριον
3685 3889 3804 3939 καθ’
3851 3890 4016 3955 ἡμῶν
4041 3904 4053 3915 ·

2475 3986 2566 4036 καὶ
2596 3985 2769 4034 ὁποῖοι
2806 3973 2901 4033 καί
2927 3982 3089 4048 ἡμεῖς
3123 3979 3356 4046 ἐσόμεθα
3391 3980 3500 4036 τοῖς
3531 3977 3585 4035 ἐς
3625 3975 3720 4035 τὰς
3748 3975 3909 4041 ἡμῶν
3942 3977 4054 4040 χεῖ-

2478 4095 2574 4148 ρας
2629 4073 3010 4145 παραδοθείσιν
3071 4073 3151 4132 είς
3211 4069 3517 4128 παίδευσιν,
3557 4065 3786 4118 τοιοῦτοι
3831 4067 4056 4127 παντιις

2477 4171 2686 4220 ἔσονται
2721 4168 2812 4217 καὶ
2837 4166 2991 4232 ἡμῖν,
3023 4157 3102 4223 οἷς
3128 4163 3284 4228 ἡμεῖς
3337 4155 3848 4226 παραδοθησόμεθα.
3884 4156 4054 4208 ’Ὥστε

2477 4264 2523 4313 εἰ
2560 4261 2634 4329 μὴ
2663 4259 2728 4311 δι’
2771 4257 2918 4308 ἔλεον
2951 4256 3042 4306 καὶ
3072 4250 3251 4305 οἶκτον
3292 4250 3630 4318 συγγενικῶν
3669 4264 3727 4299 τε
3779 4250 3871 4298 καὶ
3924 4251 4058 4314 δμο-

2480 4353 2661 4420 φύλων
2687 4349 2955 4418 αἱμάτων,
2996 4345 3082 4396 διὰ
3109 4343 3236 4410 γοῦν
3281 4342 3534 4410 πρόνοιαν
3561 4338 3717 4408 ἡμῶν
3748 4338 3932 4388 αῖδτῶν
3967 4356 4053 4404 φι-

2481 4436 2801 4508 λανθρωπίᾳ
2831 4435 2948 4485 νυνὶ
2983 4428 3287 4500 χρήσασθαι
3350 4427 3581 4494 βέλτιον,
3625 4425 3698 4494 μὴ
3740 4423 4057 4492 βαρυτέρας

2394 4541 2444 4599 Ῑ)
2481 4529 2635 4580 αὐτοὶ
2675 4523 3028 4594 πειραθῶμεν
3061 4518 3353 4587 θεομηνίας
3379 4557 3389 4568 .
3429 4536 3445 4566 ι

2551 4617 2641 4685 (ζ’.
2685 4618 2774 4669 Ἐν
2835 4614 3040 4674 τούτοις
3106 4609 3276 4661 ἐλθών
3333 4626 3419 4670 τις
3474 4610 3536 4658 ἐκ
3592 4607 3698 4659 τῶν
3761 4606 4057 4676 βασιλείων

2481 4711 2683 4780 ἀνέῳξε
2716 4723 2772 4759 τε
2807 4706 2902 4767 τὰς
2931 4703 3100 4761 πύλας
3150 4702 3226 4769 τῷ
3258 4700 3360 4766 νέῳ
3392 4699 3624 4768 βασιλεῖ,
3668 4698 3759 4749 καὶ
3788 4699 4056 4763 ἀγγελίας

2483 4800 2631 4868 οὑτῷ
2659 4797 2857 4856 ταύτας
2912 4793 3121 4858 κομίζει
3150 4792 3298 4861 παρᾶ
3351 4789 3441 4841 τοῦ
3485 4790 3743 4840 πάππου·
3781 4805 3800 4838 ε
3833 4788 4057 4856 Ἐπειδὴ

2484 4895 2723 4961 τήμερον
2764 4889 2790 4939 6
2819 4886 2949 4946 Θεὸς
2987 4883 3202 4950 ἀφελὼν
3235 4881 3365 4950 ἐμοῦ
3396 4882 3454 4932 τὸ
3482 4880 3772 4948 βασίλειον,
3809 4879 3888 4929 υἱέ
3930 4897 4055 4946 μου,

2493 4979 2766 5050 σκῆπτρόν
2804 4993 2883 5028 σοι
2929 4974 3068 5026 τοῦτ’
3119 4973 3412 5040 ἐχαρίσατο
3442 5009 3455 5030 ,
3519 4970 3646 5036 μίαν
3682 4968 3885 5036 ταύτην
3926 4968 4061 5018 αἰτῶ

2483 5076 2632 5143 παρὰ
2668 5069 2758 5122 σοῦ
2785 5068 2945 5136 χάριν
2979 5066 3098 5116 ἀντὶ
3152 5062 3382 5125 πολλῶν,
3432 5054 3506 5112 ὧν
3538 5061 3594 5124 ἐξ
3624 5059 3791 5127 αὐτῆς
3853 5075 3938 5109 σοι
3972 5071 4061 5122 γει

2479 5169 2676 5225 νέσεως
2705 5161 2976 5213 ἐδεδώκειν
3002 5157 3163 5218 αὑτός
3194 5156 3287 5223 (ὲῶ
3319 5157 3426 5222 γὰρ
3458 5153 3636 5218 λέγειν
3673 5154 3728 5202 ἐν
3759 5153 3878 5208 ταῖς
3922 5167 4060 5217 πιρ-

2481 5263 2663 5315 οὶσαις
2718 5253 2905 5320 τύχαις
2937 5249 3034 5309 ῶν,
3096 5249 3176 5299 ὃτι
3210 5247 3300 5297 καὶ
3335 5246 3428 5313 τῆς
3474 5244 3735 5309 γενέσεως
3770 5243 3944 5308 αὐτῆς
3971 5246 4061 5291 καί

2481 5345 2576 5409 τῆς
2601 5343 2658 5402 ἐς
2696 5339 2807 5406 βίον
2843 5338 3067 5404 προόδου
3091 5336 3226 5403 μετά
3254 5351 3314 5398 γε
3342 5333 3471 5383 Θεὸν
3491 5333 3647 5392 αὑτός
3673 5348 3753 5381 σοι
3789 5334 4063 5395 κατέστην

2483 5437 2672 5500 αἴτιος)
2691 5447 2702 5458 '
2730 5427 2960 5503 μδ..ἓὸοῙ
2989 5428 3208 5498 χάρισαί
3239 5444 3328 5496 μοι
3349 5426 3444 5494 τὴν
3468 5423 3704 5492 ἐμαυτοῦ
3728 5423 3876 5490 ζωήν
3901 5442 3912 5454 ο
3952 5427 4062 5490 φεῖ-

2166 5549 2504 5609 \'ariorum
2543 5556 2730 5606 notze.

886 5661 996 5726 (87)
1053 5659 1184 5722 Qua:
1243 5667 1353 5710 tum
1398 5657 1461 5726 _iu
1528 5657 1726 5724 palatio
1788 5652 2187 5726 asservaliatur.
2251 5650 2383 5703 Vide

816 5719 1327 5798 (Tonst'antiuopolim
1371 5719 1564 5779 Christ.
1621 5728 1716 5778 lib.
1756 5743 1826 5783 Iv.
1863 5724 2118 5798 _pag._9l.
2155 5723 2382 5774 ltucasc.

892 5803 1003 5869 (33)
1051 5793 1179 5854 Non
1214 5801 1344 5852 satis
1390 5798 1524 5862 scio,
1571 5814 1636 5850 au
1684 5812 1807 5851 eum
1862 5793 2011 5848 liumi
2058 5801 2386 5859 prestratum

2494 5647 2748 5701 adorasse
2784 5643 3074 5712 imaginem
3112 5642 3278 5703 dicat,
3331 5655 3396 5691 an
3433 5639 3654 5712 pulvere
3692 5635 4066 5712 conspersi5~e

2497 5727 2658 5785 caput
2716 5735 2727 5769 :
2770 5734 2834 5768 an
2873 5706 3031 5785 iniam
3065 5714 3314 5779 imaginis
3353 5722 3561 5778 partem
3596 5706 3749 5764 ltutni
3794 5708 4067 5776 jareutem

2497 5784 2615 5842 ρεεε
2648 5789 2977 5856 mnplexum.
3019 5784 3170 5836 \VoLi
3190 5796 3290 5834 ILS.
