4248 6442
824 372 939 437 615
1118 366 1197 439 [Α.
1237 383 1293 421 ιι.
1331 367 1462 422 679i
1511 382 1578 421 AD
1618 367 1778 441 6836]

2032 374 2456 439 NICEPHORI
2499 379 2882 442 GREGOR/E

3136 380 3271 453 [IIP.
3311 399 3594 442 ANDRONIC.
3636 387 3779 461 seu]

3974 396 4084 464 616

824 485 941 538 bito
992 498 1096 537 una
1137 497 1255 536 cum
1289 481 1488 536 liberis
1523 480 1588 535 ad
1640 491 1935 552 egestatem
2005 485 2261 541 redactus
2301 495 2386 542 est
2423 496 2501 550 Αι

2423 496 2466 550 Α
2497 492 2843 560 πρυτανεῖον,
2873 491 2940 544 τὰ
2983 491 3038 545 δὲ
3061 492 3314 563 δημοτῶν
3343 497 3683 568 διενείμαντο
3727 505 3909 575 χεῖρες
3935 521 3950 535 °
3984 510 4083 559 καὶ

820 574 913 644 qui
935 585 1056 642 post
1082 573 1462 640 imperatorem
1484 574 1729 626 omnium
1757 572 2107 629 felicissimus
2160 577 2393 631 habeba-

819 677 945 731 tur;
978 674 1033 719 et
1052 666 1139 718 cui
1167 680 1261 734 per
1290 665 1490 719 multos
1522 679 1696 720 annos
1728 680 1876 720 mera
1900 667 2133 735 quadam
2168 683 2394 737 prospe-

823 757 983 811 ritate
1012 757 1116 810 frui
1150 757 1453 826 contigerat
1476 796 1490 819 ,
1531 756 1576 809 is
1611 770 1722 810 uno
1760 757 1850 811 die
1886 765 2058 812 totum
2091 773 2155 812 ac
2185 773 2391 813 merum

819 853 1053 906 tristitiae
1071 856 1322 921 pocuEum
1348 852 1546 905 hausit.
1579 851 1655 905 lbi
1689 854 2208 922 hominesquerulos
2228 854 2394 926 426

818 943 1011 999 dicere
1045 944 1266 997 audires
1292 957 1414 997 cum
1445 943 1573 1006 alia,
1605 953 1716 997 tum
1750 959 1882 1013 opes
1932 946 2053 999 illas
2091 960 2393 1016 pauperum

817 1050 940 1090 esse
972 1035 1292 1104 sanguinem
1322 1045 1377 1088 et
1422 1033 1690 1111 lacrymas
1712 1076 1724 1097 ,
1759 1036 2097 1090 contributas
2141 1036 2396 1092 videlicet

816 1136 876 1181 et
905 1125 1276 1196 suppeditatas
1305 1127 1354 1178 ei
1400 1125 1467 1178 ab
1499 1125 1568 1179 iis
1598 1126 1806 1193 quibus
1856 1128 2227 1193 Romanarum
2261 1145 2394 1197 pro-

821 1215 1124 1269 vinciarum
1155 1224 1211 1269 et
1242 1214 1462 1267 urbium
1502 1213 1909 1269 administratio
1939 1218 2230 1272 commissa
2260 1218 2395 1273 fuis-

817 1317 918 1368 set.
949 1313 1007 1360 ut
1034 1320 1159 1360 cum
1190 1301 1267 1358 illi
1298 1304 1570 1358 Romanos
1599 1305 1898 1359 crudeliter
1933 1321 2033 1374 pro
2059 1321 2166 1360 aere
2193 1308 2394 1378 emptis

817 1397 1109 1467 mancipiis
1164 1405 1486 1458 tractarent,
1528 1397 1645 1465 ipse
1701 1396 1914 1450 miseris
1957 1397 2276 1466 confugium
2328 1396 2392 1451 ad

819 1492 1209 1558 imperatorem
1247 1486 1582 1549 Obstrueret,
1626 1501 1734 1555 quo
1775 1501 1968 1556 magna
2009 1487 2102 1541 illa
2154 1487 2398 1542 facinora

827 1582 897 1635 ab
930 1582 1077 1636 omni
1100 1588 1251 1649 parte
1294 1589 1581 1633 manerent
1605 1578 1896 1647 impunita.
1927 1577 2113 1648 Itaque
2146 1581 2399 1636 vindicta:

818 1673 1040 1726 oculum
1074 1686 1181 1724 non
1215 1678 1481 1739 perpetuo
1511 1669 1856 1732 dormitasse,
1885 1670 1978 1723 sed
2012 1679 2394 1738 experrectum

817 1772 942 1812 sero
985 1775 1047 1813 ac
1095 1760 1183 1813 vix
1235 1760 1452 1813 tandem
1488 1759 1699 1812 debitas
1746 1758 1822 1811 illi
1869 1773 2057 1827 poenas
2101 1759 2390 1830 irrogasse.

813 1850 944 1916 Quae
970 1866 1094 1905 cunt
1125 1851 1285 1920 vulgo
1301 1859 1674 1920 cantarentur,
1703 1849 2068 1906 calamitatem
2095 1851 2215 1923 ejus
2236 1866 2390 1907 acer-

824 1940 1038 1997 biorem
1071 1941 1369 1996 faciebant.

872 2133 959 2188 IX.
976 2131 1106 2198 Quis
1117 2147 1247 2187 vero
1264 2141 1550 2188 enumeret
1570 2131 1867 2188 seditiones
1885 2132 2023 2195 illas.
2045 2135 2242 2204 quibus
2261 2146 2390 2191 tunc

812 2225 1040 2280 Romani
1061 2239 1252 2278 omnes
1280 2235 1439 2294 atque
1455 2225 1508 2278 in
1526 2224 1715 2294 primis
1736 2224 1976 2295 Byzantii
1999 2226 2140 2279 inter
2159 2241 2219 2280 se
2241 2227 2391 2280 labo-

811 2323 1044 2377 rarunt?
1089 2323 1223 2377 Nam
1279 2321 1497 2375 duobus
1545 2321 1965 2391 imperatoribus
1991 2320 2388 2375 dissidentibus

809 2399 973 2469 etiam
1007 2413 1208 2467 subditi
1234 2420 1293 2466 ut
1331 2412 1745 2467 fitdissidebant
1777 2430 1790 2466 :
1821 2420 1878 2465 ut
1925 2411 2110 2466 furore
2145 2413 2384 2482 quodam

811 2504 970 2558 liberi
999 2514 1186 2558 contra
1216 2512 1490 2572 parentes,
1518 2511 1770 2572 parentes
1791 2513 1980 2557 contra
2015 2503 2244 2565 liberos,
2279 2503 2386 2558 fra-

814 2605 925 2650 tres
943 2605 1132 2650 ccutra
1155 2595 1371 2658 fratres,
1400 2595 1560 2649 vicini
1585 2605 1774 2650 contra
1795 2595 2023 2658 vicinos,
2042 2604 2096 2649 et
2114 2595 2258 2664 quod
2279 2612 2390 2648 nta-

807 2690 897 2759 jus
927 2699 1031 2749 est.
1057 2688 1293 2758 episcopi
1320 2698 1507 2743 contra
1535 2688 1840 2757 episcOpos,
1871 2688 2175 2759 presbyteri
2201 2697 2389 2742 contra

813 2777 1183 2847 presbyteros.
1235 2777 1492 2832 monachi
1525 2787 1717 2831 contra
1765 2777 2062 2831 monachos
2106 2777 2380 2831 saevirent.

810 2870 965 2935 Quod
990 2869 1046 2922 ni
1075 2869 1373 2938 imperator
1399 2867 1793 2923 humanissimo
1818 2867 2032 2938 ingenio
2058 2868 2390 2936 praedituset

813 2961 1047 3016 militum
1067 2969 1122 3014 et
1147 2959 1320 3028 plebis
1348 2959 1609 3027 impetum
1639 2959 2010 3028 repressisset.
2037 2957 2283 3012 fortassis
2310 2958 2384 3011 illi

815 3049 1014 3116 templa
1065 3058 1120 3102 et
1171 3048 1364 3102 domos
1407 3048 1790 3118 Byzantiorum
1830 3049 2067 3116 praedam
2111 3049 2384 3119 Mysorum

2497 583 2686 647 γέγονε
2717 583 2883 650 πένης
2917 584 3078 646 εὐθὺς
3106 586 3242 655 ὁμοῦ
3272 590 3383 652 τοῖς
3410 594 3596 644 παισὶν
3635 595 3663 645 ὀ
3685 596 3903 648 πάντων
3939 603 4085 667 μετὰ

2497 671 2724 740 βασιλέα
2751 675 3240 745 εὐδαιμονέστατος
3265 683 3400 734 πᾶσι
3431 684 3626 740 δοκῶν.
3671 688 3941 757 ’Δκράτου
3968 694 4042 758 γά
4051 710 4085 762 ρ

2495 766 2592 834 τῆς
2635 767 2984 836 εὐδαιμονίας
3007 771 3065 822 ὲν
3089 771 3300 836 πολλοῖς
3331 776 3724 842 ἀπολελαυκὼς
3761 784 3874 844 τοῖς
3901 785 4086 850 ὴλίοις

2496 857 2615 908 ὅλον
2648 858 2972 911 ἐκπέπωκεν
3002 862 3242 930 ἄκρατον
3273 865 3457 937 ἡμέρᾳ
3503 871 3603 939 μιᾷ
3631 871 3721 921 τὸν
3754 873 3851 939 τῆς
3893 873 4084 941 λύπης

2497 949 2766 1019 κρατῆρα.
2803 951 2912 1004 Καὶ
2940 946 3008 1022 ἦν
3051 953 3272 1006 ἀκούειν
3301 957 3411 1007 τῶν
3458 961 3846 1031 μεμψιμοίρων
3877 963 4084 1030 λεγόνο

2495 1059 2604 1096 των
2630 1043 2698 1096 τά
2727 1058 2782 1094 τε
2817 1041 2951 1095 ἄλλα
2999 1044 3094 1096 καὶ
3135 1045 3210 1107 ὼς
3261 1048 3510 1117 πενήτων
3539 1045 3607 1118 ἧν
3648 1051 3857 1120 αῖματά
3879 1069 3943 1105 τε
3987 1056 4088 1107 καὶ

2496 1134 2708 1204 δάκρυα
2748 1134 2815 1188 τὰ
2835 1134 3060 1189 τοιαῦτα
3089 1138 3368 1207 χρήματα,
3399 1143 3867 1210 συνεισφερόμενά
3895 1161 3957 1196 τε
3983 1147 4086 1197 καὶ

2498 1224 2882 1295 χορηγούμενα
2926 1225 3058 1296 παρ’
3097 1222 3178 1289 οἷς
3226 1229 3600 1298 ἐπετέτραπτο
3639 1232 3848 1286 πόλεών
3888 1251 3948 1286 τε
3983 1237 4085 1288 καὶ

2499 1316 2691 1386 χωρῶν
2731 1316 2994 1386 διοίκησις
3036 1318 3397 1388 Ῥωμαϊκῶν·
3434 1322 3499 1375 ῖν’
3529 1323 3756 1377 ἐκείνων
3787 1326 3886 1394 μὲν
3929 1328 4084 1394 ἀπη-

2499 1409 2604 1471 νιῖις
2625 1410 2922 1478 χρωμένων
2953 1413 3061 1472 τοῖς
3092 1411 3454 1482 ταλαιπώροις
3487 1414 3799 1482 Ῥωμαίοις,
3823 1411 3914 1470 οἶα
3938 1435 4086 1469 τισιν

2500 1501 3130 1570 ὠνητοῖςάνδραπόδοις,
3185 1505 3348 1567 αὐτὸς
3387 1506 3692 1578 ἐπιτειχίζῃ
3728 1507 3944 1568 τούτοις
3975 1510 4084 1578 τὴν

2499 1592 2555 1653 ἐς
2585 1591 2806 1660 βασιλέα
2839 1593 3165 1663 καταφυγὴν
3197 1595 3291 1648 καὶ
3341 1595 3476 1666 μένῃ
3506 1597 3567 1648 τὸ
3611 1599 3753 1665 μέγα
3777 1598 3938 1652 τοῦτο
3969 1599 4027 1651 δε
4040 1617 4086 1651 ι-

2501 1681 2589 1733 νὸν
2644 1682 2994 1752 ἀνεκδίκητον
3058 1686 3432 1754 πανταχόθενο
3495 1687 3612 1740 ὅθεν
3665 1693 3694 1742 ὁ
3751 1692 3852 1760 τῆς
3918 1693 4085 1761 δίκης

2501 1774 2778 1843 ὀφθαλμὸς
2824 1777 2924 1829 ούκ
2954 1776 3033 1839 είς
3081 1777 3234 1840 τέλος
3275 1780 3622 1847 κεκοίμηται,
3654 1781 3787 1834 ἀλλὰ
3816 1783 4082 1853 διανέστη

2495 1865 2592 1919 καὶ
2610 1865 2709 1934 τὴν
2739 1869 3120 1936 προσήκουσαν
3162 1868 3259 1937 ὀψὲ
3291 1870 3382 1922 καὶ
3404 1870 3573 1939 ,μόλις
3603 1873 3874 1941 ἐπήνεγκε
3902 1875 4072 1925 κόλα-

2494 1973 2601 2010 σιν.
2632 1955 2818 2010 Ταῦτα
2840 1958 2989 2027 παρὰ
3015 1958 3226 2011 πολλῶν
3243 1959 3480 2029 ᾀδόμενα
3499 1962 3829 2031 πικροτέραν
3854 1965 4081 2017 ἐποίουν

2491 2046 2592 2115 τὴν
2639 2047 2736 2099 τοῦ
2767 2047 2961 2117 ἁνδρδς
3003 2048 3316 2119 συμφοράν.

2561 2137 2640 2194 Θ’.
2669 2138 2791 2201 Πῶς
2820 2137 2862 2190 δ’
2892 2137 2957 2191 ἄν
2984 2157 3068 2200 τις
3091 2140 3416 2210 ὲξαριθμοίη
3444 2142 3545 2211 τὴν
3574 2143 3696 2196 τότε
3739 2144 3876 2214 πρδς
3904 2145 4079 2213 ἀλλή-

2490 2231 2616 2293 λους
2671 2232 3043 2283 ἐπανάστασιν
3072 2231 3292 2283 πάντων
3331 2232 3646 2302 Ῥωμαίων,
3701 2236 3794 2286 καὶ
3839 2237 4081 2304 μάλιστα

2491 2339 2553 2390 γε
2585 2323 2690 2374 τῶν
2721 2321 3066 2389 Βυζαντίων;
3114 2323 3178 2374 Ἢ
3207 2323 3313 2392 γὰρ
3343 2323 3446 2375 τῶν
3473 2325 3617 2376 δυοῖν
3649 2325 3912 2393 βασιλέων
3957 2329 4079 2379 δια-

2492 2413 2632 2482 φορά
2659 2413 2949 2481 διαφόρους
2975 2414 3050 2476 ὠς
3080 2413 3140 2466 τὸ
3161 2417 3306 2478 είκδς
3330 2415 3425 2469 καὶ
3453 2417 3580 2476 τοὺς
3605 2416 3881 2486 ὑπηκόους
3911 2423 4079 2487 ποιή-

2491 2523 2632 2559 σασα
2665 2505 2783 2558 κατ⁹
2817 2505 3065 2574 ἀλλήλων
3118 2504 3349 2573 ἐξέμηνε
3376 2523 3391 2536 ·
3438 2507 3604 2558 τέκνα
3656 2508 3795 2560 κατὰ
3840 2513 4074 2576 γονέων,

2491 2597 2658 2667 φημὶ,
2690 2596 2785 2649 καὶ
2817 2597 3009 2664 γονέας
3051 2597 3192 2650 κατὰ
3221 2596 3447 2660 τέκνων,
3475 2595 3736 2666 ἀδελφοὺς
3767 2600 3887 2650 κατ’
3911 2603 4077 2652 ἀδελ·

2491 2689 2604 2756 φῶν
2633 2688 2729 2742 καὶ
2758 2688 2901 2742 κατὰ
2936 2689 3193 2756 γειτόνων
3222 2691 3505 2756 γείτονας-
3541 2693 3600 2743 τὶ
3620 2691 3677 2743 δὲ
3703 2693 3910 2758 μεῖζον,
3945 2695 4073 2745 ἐπιο

2493 2780 2729 2840 σκόπους
2794 2781 2887 2833 καὶ
2947 2781 3358 2849 πρεσϐυτέρους
3413 2781 3534 2834 κατ’
3599 2784 3914 2836 ἐπισκόπων
3976 2787 4075 2838 καὶ

2491 2871 2898 2939 πρεσϐυτέρων,
2954 2872 3049 2923 καὶ
3105 2873 3374 2941 μοναχοὺς
3405 2875 3543 2925 κατὰ
3577 2875 3846 2942 μοναχῶν.
3885 2877 3996 2927 Καὶ
4030 2879 4076 2928 εἰ

2495 2961 2567 3028 μὴ
2603 2960 2856 3029 βασιλεὺς
2891 2962 3277 3031 φιλανθρώπου
3311 2964 3535 3032 γνώμης
3584 2965 3760 3032 τυχὼν
3792 2967 3846 3024 ἐς
3899 2968 4076 3034 ὑπερ-

2492 3047 2655 3118 ϐολὴν
2683 3051 2790 3100 τῶν
2817 3067 2874 3102 τε
2910 3052 3263 3120 στρατιωτῶν
3317 3055 3414 3104 καὶ
3439 3052 3532 3104 τοῦ
3560 3053 3732 3121 δήμου
3765 3054 3863 3122 τὴν
3897 3057 4074 3124 φορὰν

813 3139 1125 3194 effecissent
1159 3156 1171 3192 :
1205 3139 1451 3192 fortassis
1482 3140 1644 3193 etiam
1676 3139 1850 3194 caedes
1884 3141 2131 3208 plurimae
2164 3152 2384 3208 patratae
2413 3149 2452 3204 c
2486 3163 2490 3182 ‹

2413 3149 2452 3204 c
2486 3137 2820 3206 ἀνεχαίτισε,
2856 3139 2975 3205 τάχ’
3010 3140 3075 3191 ἂν
3126 3140 3332 3192 Μυσῶν
3361 3140 3512 3192 λείαν
3542 3141 3860 3208 είργάζοντο
3905 3146 3979 3196 τά
4015 3162 4072 3196 τε

814 3240 1019 3294 essent,
1071 3246 1194 3284 cum
1239 3231 1393 3284 multi
1439 3246 1466 3283 a
1511 3246 1567 3284 se
1620 3230 1850 3283 invicem
1901 3245 2087 3298 prunas
2128 3242 2385 3299 expetere

811 3325 1034 3385 vellent,
1068 3323 1112 3375 si
1144 3323 1267 3392 quis
1297 3321 1452 3374 alteri
1505 3321 1559 3374 in
1590 3320 1821 3373 dissidio
1865 3321 1956 3372 illo
1987 3322 2386 3376 contumeliose

812 3417 1149 3472 iusultasset.
1191 3435 1207 3464 ι
1243 3414 1375 3467 Nam
1409 3413 1451 3467 si
1472 3429 1591 3483 ego.
1626 3413 1804 3481 inquit
1835 3412 2154 3481 imperator,
2193 3414 2261 3467 iis
2290 3412 2384 3484 qui

810 3509 896 3561 vel
939 3508 1208 3577 petulanti
1238 3506 1445 3574 lingua,
1489 3505 1568 3558 vel
1611 3520 1739 3558 ense
1782 3504 2046 3557 insidioso
2076 3512 2266 3558 contra
2301 3522 2386 3560 me

811 3599 895 3653 usi
924 3609 1086 3662 sunt,
1123 3599 1330 3653 crimen
1365 3597 1527 3667 427
1570 3612 1730 3649 omne
1769 3595 1975 3659 remisi,
2007 3596 2178 3649 multo
2215 3597 2387 3666 magis

811 3689 968 3742 \obis
1017 3689 1066 3742 id
1126 3705 1250 3758 erga
1295 3702 1588 3742 conservos
1642 3696 1853 3740 vestros
1890 3695 1974 3740 est
2038 3686 2382 3752 faciendum;

813 3781 1010 3850 partim
1040 3781 1165 3848 quia
1201 3780 1509 3848 exemplum
1542 3794 1721 3832 meum
1751 3777 1951 3830 imitari
1986 3777 2230 3842 debetis,
2263 3795 2386 3848 par-

817 3871 910 3923 tim
942 3873 1084 3940 quod
1123 3888 1227 3924 non
1263 3871 1544 3940 ignoratis.
1570 3869 1714 3922 haud
1744 3869 1995 3921 eumdem
2026 3885 2145 3922 esse
2177 3871 2383 3922 exitum

811 3965 930 4032 ejus
958 3964 1258 4032 chis,qua
1289 3964 1602 4030 imperator,
1635 3976 1696 4014 ac
1718 3961 1856 4031 ejus,
1890 3976 1995 4029 qua
2026 3961 2188 4015 homo
2209 3962 2385 4031 priva-

813 4061 900 4107 tus
932 4053 1254 4106 interfectus
1284 4052 1374 4106 sit.
1411 4070 1428 4101 ι

883 4240 949 4293 Χ.
982 4239 1135 4305 Quod
1169 4240 1212 4294 si
1243 4248 1298 4294 et
1341 4254 1460 4302 nos,
1492 4238 1695 4294 seniori
1720 4237 2033 4307 imperatori
2063 4237 2254 4291 merito
2286 4235 2382 4289 ad-

812 4331 964 4396 dicti,
999 4331 1341 4400 tempestatis
1366 4330 1509 4384 illius
1536 4329 1733 4385 fluctus
1761 4330 1975 4399 aliquot
2000 4330 2380 4392 sustinuimus,

813 4422 949 4475 nihil
980 4431 1063 4474 est
1091 4421 1239 4474 novi.
1273 4422 1460 4489 Neque
1484 4421 1630 4475 enim
1662 4434 1877 4489 aequum
1905 4429 2042 4481 erat,
2072 4434 2172 4471 nos
2198 4418 2378 4472 neutri

2492 3223 2612 3292 ἱερὰ
2645 3224 2866 3276 καὶτῶν
2897 3227 3206 3288 Βυζαντίων
3237 3229 3361 3289 τοὺς
3391 3230 3574 3291 οἴκους
3597 3246 3608 3258 ·
3645 3231 3781 3299 τάχα
3804 3232 3850 3282 δ’
3885 3233 3952 3283 iv
3984 3237 4074 3285 zz".

2489 3315 2647 3383 φόνος
2699 3318 2957 3386 ἠγείρετο
3017 3319 3293 3384 πλεῖστος,
3345 3320 3500 3388 δίκην
3556 3321 3898 3390 βουλομένων
3935 3327 4068 3390 παρ’

2488 3406 2734 3476 ἀλλήλων
2773 3409 2882 3460 τῶν
2917 3408 3188 3461 πλείστων
3232 3413 3552 3478 λαμϐάνειν,
3605 3414 3656 3464 εἴ
3680 3415 3760 3475 τίς
3791 3432 3895 3465 τινι
3924 3417 4072 3467 κατὰ

2487 3501 2584 3560 τὰς
2618 3499 2797 3567 μάχας
2828 3497 3041 3561 ἐκείνας
3071 3501 3568 3569 ἐμπεππρῲνηκεν.
3620 3522 3636 3553 ι
3669 3506 3728 3555 Εἰ
3762 3507 3869 3573 γὲιρ
3901 3506 4066 3572 ἐγὼ,ι

2488 3590 2651 3657 φησὶν
2700 3590 2727 3642 ὁ
2777 3590 3053 3659 βασιλεὺς,
3121 3609 3139 3640 ι
3177 3594 3287 3654 τοῖς
3317 3592 3563 3658 γλῶττάν
3597 3612 3653 3646 τε
3690 3590 4070 3663 βακχεύουσαν

2488 3681 2584 3730 καὶ
2604 3679 2755 3748 ξίφος
2790 3680 3077 3732 ἐπίϐουλον
3113 3681 3278 3750 ἄρασι
3313 3685 3434 3734 κατ’
3469 3683 3602 3752 ἐμοῦ
3651 3689 3832 3738 πᾶσαν
3883 3689 4069 3739 αἰτίαν

2487 3771 2697 3840 ἀφῆκα,
2732 3773 2912 3841 πολλῷ
2961 3774 3160 3840 μᾶλλον
3190 3774 3332 3839 ὑμᾶς
3363 3768 3525 3826 τοῦτο
3557 3779 3730 3826 ποιεῖν
3776 3777 3882 3844 χρὴ
3928 3780 4068 3845 πρὶς

2485 3865 2611 3925 τοὺς
2675 3863 3023 3926 συνδούλους·
3079 3863 3238 3915 τοῦτο
3294 3864 3392 3933 μὲν
3445 3867 3537 3917 καὶ
3572 3866 3645 3925 ὡς
3697 3866 3794 3934 τὴν
3830 3869 4069 3934 μίμητιν

2486 3956 2778 4025 ἀναφέρειν
2809 3955 3122 4021 ὀφείλοντας
3148 3959 3225 4018 εἰς
3258 3958 3356 4024 ἐμέ
3376 3973 3391 3986 ο
3419 3957 3576 4009 τοῦτο
3605 3957 3659 4008 δὲ
3687 3960 3778 4008 καὶ
3807 3958 3884 4019 ὡς
3930 3960 4066 4011 εἰδό-

2485 4062 2582 4107 τας
2615 4047 2708 4114 ούχ
2732 4047 2917 4114 ὅμοιον
2947 4045 3005 4097 ὃν
3033 4046 3093 4097 τὸ
3124 4047 3222 4114 τῆς
3255 4045 3532 4109 ἐκϐάσεως
3555 4047 3705 4109 τέλος
3738 4047 3985 4115 ύπηκὲου
4009 4066 4063 4099 τε

2487 4132 2838 4199 φονευθέντος
2867 4133 2962 4184 καὶ
2995 4134 3281 4198 βασιλέως.
3325 4154 3343 4186 ι

2556 4223 2642 4293 [Ρ.
2665 4222 2791 4292 269.]
2815 4221 2937 4275 1’.Εί
2959 4224 3012 4275 δὲ
3034 4225 3124 4276 καὶ
3152 4227 3309 4294 ἡμεῖς
3342 4227 3417 4294 τῷ
3441 4228 3654 4296 γηραιῷ
3680 4231 3818 4278 κατὰ
3839 4229 3896 4279 τὺ
3925 4231 4068 4289 εἰκίις

2485 4313 2866 4382 προσκείμενοι
2916 4315 3126 4384 βασιλεῖ
3173 4317 3369 4385 ῥοθίοις
3421 4320 3567 4371 τισὶν
3598 4321 3925 4387 ἐνετύχομεν
3976 4323 4064 4371 toi

2483 4405 2747 4475 χειμῶνος
2779 4407 3008 4468 ἐκείνου,
3040 4408 3226 4459 καινὸν
3255 4409 3426 4463 οὖδέν.
3450 4407 3584 4461 Οὔτε
3613 4408 3718 4475 γὰρ
3741 4410 3949 4462 δίκαιον
3977 4408 4061 4480 ἦν,

815 4511 953 4577 parti
981 4510 1222 4571 studere,
1249 4521 1306 4562 ut
1343 4486 1508 4563 Siolon
1542 4486 1778 4563 monuit.
1808 4507 2070 4561 Praeterea
2096 4517 2382 4560 eonsenta-
2419 4486 2458 4539 θ
2489 4514 2492 4522 ‘

2419 4486 2458 4539 ο
2489 4497 2632 4563 ἡμᾶς
2658 4497 2896 4566 μηδεμιᾷ
2925 4497 3277 4565 προσκεῖσθαι
3304 4500 3504 4568 μερίδι.
3529 4500 3621 4551 τοῦ
3649 4501 3888 4562 Σόλωνος
3914 4504 4067 4552 τοῦτο

813 4617 978 4653 neunt
1007 4610 1110 4663 est,
1138 4600 1254 4668 ipso
1288 4611 1503 4668 pastore
1531 4615 1792 4668 percusso
1816 4599 2137 4652 universum
2166 4615 2378 4668 gregem

816 4707 917 4763 pro
947 4704 1060 4745 rata
1097 4702 1248 4760 parte
1283 4691 1424 4744 mala
1456 4690 1690 4760 perpeti.

2493 4587 2892 4657 προτρέποντος
2913 4603 2926 4615 ·
2950 4589 3042 4638 καὶ
3069 4587 3200 4656 πρ-ὀς
3229 4605 3290 4655 γε
3324 4589 3430 4640 τῶν
3459 4590 3681 4640 είκότων
3707 4587 3798 4651 αὖ,
3829 4589 3926 4641 τοῦ
3959 4608 4067 4641 πει-

2496 4679 2652 4746 μένος
2695 4678 3058 4745 καταχθέντος
3103 4678 3252 4732 δεινὰ
3301 4680 3493 4732 παθεῖν
3533 4680 3671 4732 κατὰ
3707 4682 3765 4730 τὸ
3809 4683 4070 4746 ἀνάλῡῖην

2495 4770 2642 4820 ἆπαν
2675 4771 2733 4819 τὸ
2766 4769 3018 4837 ποίμνιον

2255 4885 2480 4940 CAPUT
2543 4885 2652 4938 VH.

825 4984 1027 5052 Niphon
1085 4984 1274 5035 seniori
1318 4998 1410 5034 cur
1463 4980 1715 5052 infensus.
1772 4981 1899 5050 Ejus
1937 4982 2072 5034 male
2117 4982 2380 5032 trartondi
2428 4975 2907 5052 auctoraluvirlus.
2945 4977 3219 5052 Ingratus.
3254 4979 3583 5052 Andronicus
3619 4981 3796 5052 senior
3824 4983 3938 5031 sol.-
3976 4986 4064 5032 im.

889 5047 1018 5122 perii
1061 5053 1282 5122 insignia
1324 5047 1531 5122 retinet.
1560 5051 1778 5122 Annuus
1811 5047 2007 5103 reditus
2038 5054 2082 5102 ei
2111 5053 2431 5120 assignatus.
2471 5047 2752 5122 Logolhc_tu
2781 5048 3206 5122 Didyiitoticltuttt
3240 5049 3524 5116 relegatur.
3555 5049 3734 5122 huius
3759 5061 4061 5122 pati-sort!“

883 5117 1074 5176 seniori
1101 5117 1337 5174 insultat.
1379 5120 1644 5189 Episcopis
1689 5129 1732 5171 et
1780 5121 2134 5173 sacerdotibus
2176 5117 2350 5187 prima:
2398 5121 2620 5186 irrogat.
2673 5117 2939 5179 Joannes,
2997 5118 3267 5189 (ferociae:
3310 5119 3740 5184 metropolilutms
3769 5158 3782 5179 ,
3823 5120 4061 5181 (ἕτερονά-

884 5192 1189 5256 avunculus,
1211 5187 1466 5253 moritur.
1490 5189 1622 5257 Ejus
1653 5190 1898 5259 elogium.
1926 5192 1999 5244 De
2025 5192 2200 5243 eodem
2237 5190 2392 5258 plura
2428 5190 2478 5241 iu
2505 5189 2614 5256 ejus
2648 5189 2771 5250 vita,
2804 5203 2963 5254 quam
2996 5187 3252 5257 Cregoras
3283 5189 3530 5254 scriptum
3561 5205 3592 5239 a
3620 5204 3675 5240 se
3705 5198 3952 5240 testatur.

890 5306 928 5356 I.
980 5305 1101 5358 Fuit
1176 5306 1264 5358 ille
1307 5306 1426 5358 dies
1470 5313 1698 5372 quartus
1735 5315 1786 5357 et
1851 5306 2141 5358 vicesimus
2183 5305 2382 5358 mensis

819 5393 1272 5462 M:tjit1litlt’t‘ltn:£
1318 5396 1653 5457 indictiouis,
1701 5413 1812 5465 quo
1855 5398 1966 5450 haec
2006 5399 2187 5451 omnia
2233 5407 2384 5465 gesta

2564 5307 2640 5358 A'.
2693 5301 2802 5356 Ἦν
2850 5304 3033 5373 μέντοι
3088 5305 3318 5372 τ;τὰρτη
3361 5308 3452 5356 καὶ
3496 5305 3714 5372 εἰκοστὴ
3764 5303 3858 5354 τοῦ
3890 5302 4058 5356 Μαΐου

2495 5397 2661 5465 μηνὸς
2705 5395 2816 5465 (90)
2854 5396 2886 5464 ἡ
2921 5397 3097 5465 ἡμέρα
3127 5398 3309 5464 ἐκείνη
3337 5398 3431 5464 τῆς
3465 5395 3754 5461 ἑνδεκάτης
3799 5391 4057 5449 ἰνδικτιῶ-

2159 5524 2491 5584 Variorum
2533 5537 2717 5585 nota}.

892 5620 1001 5688 (90)
1049 5619 1281 5675 Proinde
1327 5624 1415 5678 die
1456 5623 1489 5677 5
1529 5625 1596 5678 ab
1645 5625 1778 5679 urbe
1814 5635 1990 5694 capta.
2044 5625 2275 5679 Drcxxc.
2330 5656 2384 5666 —-

817 5691 1231 5765 Cantacuaenus
1255 5694 1443 5765 urbem
1467 5697 1550 5765 ait
1583 5712 1611 5748 a
1639 5696 1856 5765 juniore
1881 5691 2195 5748 'Andronieo
2219 5712 2384 5748 oceu-

822 5769 1003 5831 patam
1034 5763 1120 5818 die
1170 5762 1292 5815 Maii
1331 5763 1411 5830 l9,
1445 5762 1710 5834 Gregoras
1742 5765 1828 5820 die
1879 5765 2121 5832 ejusdem
2186 5768 2385 5820 mensis

2493 5626 2583 5679 24.
2629 5626 2769 5681 Cave
2819 5628 2963 5679 enim
3028 5628 3238 5688 credas,
3275 5627 3323 5680 id
3348 5627 3490 5694 quod
3554 5627 3861 5695 Ducaugius
3894 5628 4061 5680 creJi-

2494 5695 2593 5755 dit,
2651 5698 2945 5764 Gregoram
3004 5698 3103 5749 hoc
3154 5700 3270 5750 loco
3313 5699 3552 5751 voluisse
3598 5699 3876 5765 assignare
3925 5699 4058 5748 diem

2492 5769 2742 5833 quintum
2795 5767 2861 5821 ab
2895 5767 3031 5821 urbe
3078 5777 3254 5836 capta.
3307 5768 3417 5821 lmo
3466 5768 3608 5822 diem
3667 5770 3843 5837 ipsum
3900 5776 4060 5836 capta:
