4248 6442
759 413 861 474 627
1009 407 1082 478 [Α.
1128 422 1183 461 ιι.
1225 406 1364 461 6856
1399 422 1464 460 Αο
1505 405 1667 476 68491

1919 411 2336 477 NICEPHORI
2375 411 2765 473 GREGORAE

3035 404 3168 468 [ιιιν.
3210 420 3493 460 Ακωιοιιιο.
3558 404 3700 475 tum]

3895 409 4010 471 628

759 522 924 574 etiam
975 521 1271 588 imperator
1317 521 1420 574 levi
1471 519 1708 588 quodam
1760 526 1816 574 et
1863 520 2090 574 minime
2143 519 2330 575 letbali
2362 526 2405 582 Α

2362 526 2405 582 Α
2436 539 2548 584 τοις
2580 523 2673 573 καὶ
2703 523 2730 573 ὀ
2766 517 3017 590 βασιλεὺς
3051 521 3246 588 ἅτερον
3281 522 3395 572 τοῖν
3425 517 3608 570 ποδοῖν
3638 517 3861 588 ἐλαφρῷ
3891 532 4010 572 τινι

759 613 970 681 sagitta:
1011 613 1120 665 ictu
1154 613 1382 666 alterum
1419 611 1608 679 pedem
1644 613 1961 665 vulneratus
1990 620 2094 666 est.
2325 679 2330 684 _

831 701 915 756 ΙΙΙ.
959 702 1034 757 Ea
1067 715 1227 757 nocte
1258 703 1633 771 spectaculum
1669 703 1979 756 miserabile
2013 715 2066 756 et
2104 701 2329 757 evidens

762 797 855 849 ira:
907 797 1107 850 divinae
1146 797 1362 863 signum
1411 797 1640 850 exsﬁtit.
1699 796 1833 848 Nam
1886 797 2181 859 Barbarus,
2235 793 2326 862 qui

762 888 1131 940 Romanorum
1184 898 1522 940 armaturam
1563 899 1617 940 et
1668 887 1882 941 virilem
1931 888 1985 941 in
2037 886 2329 957 pugnando

762 975 1122 1032 constantiam
1152 977 1365 1029 viderat
1409 986 1463 1029 et
1510 976 1812 1062 admiraius
1856 977 2053 1039 fuerat,
2096 991 2192 1030 eos
2222 992 2326 1028 non

761 1066 1068 1136 quieturos,
1095 1067 1189 1120 sed
1214 1067 1476 1136 postridie
1501 1068 1719 1135 longius
1743 1083 2130 1136 progressuros
2157 1076 2327 1128 ratus,

763 1158 1025 1211 trecentis
1072 1157 1354 1226 equitibus
1389 1157 1707 1225 speculandi
1757 1157 1927 1226 gratia
1983 1157 2055 1209 ibi
2101 1156 2326 1218 relictis,

761 1247 879 1316 ipse
936 1262 1058 1300 cum
1110 1248 1256 1300 omni
1309 1247 1556 1300 exercitu
1605 1247 1846 1315 perrexit
1880 1247 2200 1302 ulteriusad
2234 1264 2328 1314 op-

761 1349 1022 1403 portunas
1058 1338 1176 1392 vias
1218 1338 1584 1405 occupandas.
1621 1339 1800 1406 Atque
1862 1340 1932 1392 ita
1973 1339 2188 1404 quidem
2238 1339 2327 1391 ille

763 1428 1032 1482 discessit.
1071 1429 1370 1498 Imperator
1413 1444 1547 1482 vero
1595 1430 1916 1497 oppidulum
1969 1430 2324 1483 Pliiloerencn

763 1515 1045 1583 ingressus
1098 1527 1182 1569 est
1226 1516 1454 1569 curandi
1493 1516 1737 1570 vulneris
1781 1518 1974 1585 gratia.
2027 1516 2179 1581 Quod
2221 1517 2329 1570 Ro-

763 1607 908 1658 mani
956 1606 1160 1659 milites
1213 1621 1337 1660 cum
1385 1607 1926 1672 animadvertissent,
1976 1623 2075 1661 nec
2109 1623 2326 1662 causam

763 1696 898 1749 satis
927 1708 1077 1750 certo
1101 1696 1332 1760 scirent,
1358 1713 1482 1750 eum
1513 1715 1623 1767 pra:
1649 1710 1794 1752 metu
1829 1698 2014 1768 fugere
2047 1709 2324 1766 putarunt.

761 1784 934 1840 Noctu
966 1787 1111 1840 enim
1157 1787 1467 1842 Orcbanem
1490 1805 1613 1843 cum
1642 1805 1836 1860 magno
1865 1792 2106 1844 exercitu
2137 1791 2323 1853 aﬂ‘ore,

2433 615 2582 683 βέλει
2622 613 2718 665 καὶ
2747 613 2806 665 οὑ
2838 612 2982 682 μάλα
3011 614 3230 683 καιρίῳ.

2503 707 2578 760 Γ’.
2619 705 2708 758 Ἐν
2747 705 2919 776 ταύτῃ
2949 704 3004 756 δέ
3037 707 3102 774 τῇ
3129 703 3288 756 νυκτὶ
3308 702 3517 772 γίνεταί
3544 720 3598 756 τι
3624 701 3808 771 θέαμα
3834 702 4014 755 ἐλεει-

2433 798 2522 850 νὸν
2559 799 2652 850 καὶ
2686 796 2968 864 προφανής
2998 811 3080 857 τις
3118 793 3401 863 θεομηνία.
3439 791 3598 846 Ἐπεὶ
3647 793 3758 858 γὰρ
3807 794 3836 843 ὁ
3866 791 4012 857 βάρι

2434 890 2599 958 ϐαρος
2634 887 3001 953 ἐτεθαυμάκει
3052 886 3388 953 θεασάμενος
3431 883 3540 937 τῶν
3582 882 3870 952 Ῥωμαίων
3901 882 4013 950 τήν

2431 997 2489 1031 τε
2541 980 2753 1031 ὅπλισιν
2786 979 2879 1031 καὶ
2926 979 3024 1045 τὴν
3079 974 3340 1045 ἀνδρικὴν
3415 975 3688 1040 ἔνστασιν,
3759 974 4018 1041 ἐνόμισεν

2432 1071 2492 1122 οὐ
2532 1071 2692 1139 μέχρι
2721 1068 2914 1122 τούτου
2968 1068 3159 1136 στῆναι
3188 1066 3440 1136 θελήσειν
3475 1066 3694 1128 αὐτοὺς,
3730 1064 3867 1117 ἀλλὰ
3909 1065 4011 1115 καὶ

2433 1164 2491 1224 ἐς
2552 1162 2622 1212 τὰ
2675 1160 2862 1229 πρόσω
2924 1159 3121 1227 χωρεῖν
3177 1158 3234 1219 ἐς
3321 1158 3418 1221 τὴν
3466 1155 3779 1225 ὑστεραίαν.
3847 1154 4017 1204 Ὅθεν

2431 1249 2775 1318 τριακοσίους
2811 1249 2928 1300 ἐκεῖ
2958 1245 3359 1308 καταλελοιπὼς
3391 1247 3593 1308 ἱππέας
3643 1243 3876 1313 θεωρίας
3926 1243 4016 1293 εῖ-

2431 1359 2585 1403 νεκα,
2609 1341 2768 1400 αὐτὸς
2802 1340 2901 1408 τὴν
2930 1339 3057 1406 ὃλην
3114 1337 3399 1391 ἀναλαϐὼν
3469 1334 3730 1405 στρατιὰν
3775 1335 4016 1403 ἧλαυνεν

2440 1429 2496 1486 ἐς
2528 1427 2594 1478 τὰ
2647 1427 2857 1496 πρόσω.
2887 1426 3138 1478 σπεύδων
3171 1425 3609 1494 προκαταλαϐείν
3637 1425 3705 1475 τὰ
3733 1423 3840 1474 τῶν
3871 1421 4045 1480 ὁδῶν,

2431 1517 2782 1587 καιριώτερα.
2825 1520 3058 1579 Ἐκεῖνος
3095 1518 3195 1587 μὲν
3226 1518 3318 1570 οὖν
3348 1519 3519 1579 οὕτως
3545 1516 3716 1586 ᾤχετο
3738 1515 3918 1567 ἀπιών
3939 1531 3954 1543 ⁸
3983 1517 4016 1566 ὁ

2430 1607 2484 1658 δὲ
2522 1607 2768 1674 βασιλεὺς
2802 1607 2858 1668 ἐς
2889 1607 2949 1658 τὸ
2988 1607 3083 1674 τῆς
3130 1608 3472 1676 Φιλοκρήνης
3516 1605 3688 1674 εἰσῄει
3734 1604 4015 1673 πολίχνιον

2433 1698 2725 1767 θεραπείας
2756 1698 2942 1750 εἵνεκα
2992 1697 3086 1749 τοῦ
3135 1698 3312 1759 ποδός.
3346 1697 3523 1768 Ὅπερ
3554 1700 3580 1748 ὁ
3618 1697 3846 1765 στρατὸς
3881 1696 4016 1746 θεα-

2434 1789 2655 1854 σάμενοι
2694 1789 2802 1840 τῶν
2849 1788 3141 1856 Ῥωμαίων
3188 1789 3284 1840 καὶ
3344 1789 3543 1856 ἣκιστα
3606 1787 3861 1853 καθαρῶς
3905 1788 4012 1854 τὴν

764 1893 942 1947 neque
994 1895 1324 1948 quemquam
1381 1879 1750 1935 Romanorum
1797 1883 2003 1936 salvum
2033 1898 2321 1938 evasurum
2356 1863 2441 1929 Bc

2356 1863 2399 1920 Β
2429 1880 2604 1932 αἰτίαν
2636 1879 3006 1948 μεμαθηκότες
3056 1879 3278 1945 φεύγειν
3317 1880 3574 1948 ἐνόμισαν
3644 1879 3749 1931 ὑπὸ
3803 1878 4011 1938 δειλίας

763 1965 926 2036 436
973 1983 1034 2021 ac
1073 1970 1242 2022 solem
1296 1971 1560 2038 postridie
1606 1971 1952 2025 intuituruin.
2003 1976 2191 2042 itaque
2233 1975 2324 2042 qui

765 2058 1047 2112 naviculas
1095 2076 1278 2113 secum
1329 2062 1652 2126 attulerant,
1703 2063 1940 2123 nudiz'in
1979 2064 2111 2132 ipsis
2158 2065 2326 2133 fugie-

767 2147 920 2202 bant.
979 2152 1084 2203 Alii
1140 2152 1471 2207 festinantes
1522 2164 1646 2207 ante
1696 2166 1880 2222 pnrtas
1917 2156 2161 2225 Oppiduli
2211 2173 2327 2210 sese

763 2252 956 2293 mutuo
994 2241 1241 2310 plerique
1279 2243 1674 2297 conculcabant
1725 2257 1779 2297 et
1831 2245 2190 2299 suﬂ‘ocabant.
2227 2248 2326 2298 Atii

765 2342 970 2384 catena:
999 2332 1170 2386 insmr
1210 2350 1274 2387 ex
1311 2349 1368 2387 se
1414 2335 1650 2388 invicem
1685 2337 1810 2389 nexi
1844 2352 1906 2390 ac
1933 2339 2182 2405 suspensi
2210 2354 2330 2405 par-

764 2422 863 2474 tim
911 2425 962 2475 in
998 2427 1404 2495 prepugnacula
1451 2427 1776 2489 evadebant,
1819 2429 2010 2496 partim
2041 2445 2067 2481 a
2100 2443 2330 2498 sequen—

766 2513 915 2567 tibus
961 2513 1194 2568 detracti
1244 2526 1300 2570 et
1330 2518 1508 2570 eversi
1543 2533 1668 2571 casu
1722 2519 2120 2573 moriebantur.
2163 2521 2330 2574 Erant

763 2605 925 2657 etiam
983 2607 1074 2674 qui
1103 2607 1220 2659 solo
1276 2608 1468 2661 timore
1516 2611 1813 2663 exanimati
1857 2619 2066 2663 stantes
2093 2611 2332 2678 aspira-

766 2708 908 2749 rent.
947 2697 1099 2750 Mane
1131 2713 1261 2751 vero
1293 2699 1474 2752 statim
1518 2701 1632 2754 sole
1671 2711 1794 2755 orto
1831 2703 2062 2756 trecenti
2106 2703 2181 2755 illi
2213 2692 2334 2754 Bar-

764 2788 886 2841 bari
931 2789 1312 2844 incredibilem
1358 2807 1478 2844 eam
1521 2792 1894 2847 llotnanorum
1940 2795 2147 2848 cladem
2200 2811 2333 2848 con-

766 2879 959 2947 spicati
994 2883 1440 2950 progrediuntur,
1472 2893 1669 2938 etcum
1707 2887 1760 2938 in
1796 2886 1992 2940 castris
2023 2903 2217 2956 equos,
2249 2904 2336 2941 ar-

766 2987 876 3037 ma,
924 2989 1092 3026 vacua
1135 2975 1449 3030 hominibus
1483 2979 1739 3040 tentoria,
1777 2980 2159 3048 imperatorios
2207 2981 2335 3035 item

768 3079 942 3132 equos
975 3082 1098 3119 cum
1132 3068 1315 3121 rubris
1345 3069 1493 3121 sellis
1529 3081 1582 3123 et
1620 3071 2032 3138 imperatorium
2080 3072 2337 3126 taberna-

766 3161 951 3212 culum
990 3161 1258 3225 viderent,
1291 3161 1511 3215 dnccnti
1548 3178 1612 3215 ex
1646 3163 1711 3216 iis
1752 3163 1836 3216 bis
1872 3165 2128 3219 omnibus
2174 3167 2334 3220 abre-

768 3253 874 3319 ptis
922 3253 1142 3305 abeunt.
1203 3253 1416 3322 Reliqui
1460 3264 1681 3308 centum
1747 3257 1972 3325 pr0pius
2023 3273 2329 3321 accessere,

766 3354 820 3397 et
847 3361 941 3397 eos
971 3345 1063 3414 qni
1101 3361 1280 3413 neque
1307 3346 1361 3398 in
1393 3346 1675 3399 naviculas
1710 3362 1885 3415 neque
1923 3347 1974 3399 in
2011 3349 2331 3418 oppidulum

769 3435 1125 3503 confugerant
1163 3435 1541 3506 frequentibus
1573 3437 1693 3490 telis
1729 3437 2088 3491 confixerunt.

2429 1971 2610 2023 αὐτόν.
2639 1971 2868 2022 Μέλλειν
2895 1970 3001 2038 γὰρ
3037 1971 3410 2022 ἐπικείσεσθαι
3459 1973 3671 2032 τούτοις
3699 1971 3889 2030 νυκτὸς
3915 1970 4012 2020 τὸν

2434 2064 2698 2130 Ὄρχανον
2725 2063 2860 2132 μετά
2891 2062 3035 2130 μάλα
3074 2060 3270 2114 πολλοῦ
3301 2061 3394 2114 τοῦ
3431 2062 3660 2131 στρατοῦ
3687 2061 3779 2114 καὶ
3805 2060 4011 2130 μηδένα

2431 2156 2606 2218 ζῶντα
2645 2155 2927 2222 Ῥωμαίων
2974 2155 3058 2226 [Ρ.
3100 2153 3230 2224 9.68]
3294 2155 3748 2219 καταὶ.ιττεῐν,τδν
3805 2155 3858 2209 ἐς
3909 2152 4010 2220 τὴν

2431 2250 2720 2316 ὑστεραίαν
2758 2248 3055 2301 θεάσασθαι
3078 2249 3252 2316 ἥλιον.
3292 2248 3456 2299 Ὅθεν
3490 2249 3603 2298 ὅσοι
3645 2248 3741 2314 μὲν
3799 2245 4008 2296 ἀκάτια

2431 2338 2780 2404 ἐπεφέροντο,
2834 2336 3035 2404 ᾣιοντο
3088 2335 3378 2403 φεύγοντες
3431 2337 3627 2402 γυμνοὶ
3679 2335 3746 2386 δι’
3801 2333 4008 2386 αὐτῶν.

2433 2429 2493 2480 Ol
2530 2428 2583 2477 δὲ
2610 2427 2933 2489 σπεύδοντες
2964 2427 3071 2496 πρὸ
3110 2427 3215 2477 τῶν
3242 2426 3424 2477 πυλῶν
3454 2426 3548 2478 τοῦ
3596 2425 3872 2492 πολιχνίου
3904 2441 4008 2475 κα·

2431 2521 2810 2589 τεπατήθησαν
2843 2519 2933 2573 ὑπ’
2963 2520 3205 2589 ἀλλήλων
3236 2521 3284 2571 οί
3317 2519 3532 2573 πλείους
3574 2519 3668 2569 καὶ
3702 2516 4016 2581 ἀπεπνίγτρ

2439 2629 2569 2662 σαψ
2606 2610 2755 2662 ἄλλοι
2788 2611 2831 2661 δ”
2870 2611 3116 2678 ἀλλήλων
3174 2610 3546 2680 ἐξαρτώμενοι
3595 2608 3752 2675 δίκην
3800 2609 4014 2670 σειρᾶς,

2435 2707 2482 2756 οἱ
2528 2705 2624 2773 μὲν
2658 2705 2746 2756 διὰ
2776 2705 2883 2756 τῶν
2911 2705 3192 2770 ἐπάλξεων
3236 2705 3561 2773 εἰσεπήδων,
3590 2704 3640 2753 οἱ
3663 2703 3718 2754 δὲ
3743 2701 4013 2753 ἁποσπὼ·

2445 2813 2597 2863 μενοι
2630 2797 2766 2864 πρὸς
2795 2799 2904 2847 τῶν
2937 2797 3159 2848 ὄπισθεν
3199 2796 3584 2865 ἐφελκομένων
3643 2793 4015 2856 ἀνετρέποντὸ

2439 2904 2497 2938 τε
2528 2887 2621 2938 καὶ
2657 2885 2919 2956 ἔθνησκον
2954 2888 3266 2949 πίπτοντες.
3291 2883 3472 2939 Ἶισαν
3499 2887 3543 2938 δ’
3577 2885 3626 2937 οἳ
3657 2884 3750 2936 καὶ
3782 2884 3886 2934 ὑπὸ
3920 2884 4018 2950 μά-

2443 2998 2540 3048 νης
2595 2979 2796 3041 δειλίας
2840 2980 3124 3047 ὰπέψυξαν
3181 2981 3483 3048 ἱστάμενοι.
3523 2980 3682 3047 Ἀρτι
3718 2978 3772 3029 δὲ
3830 2978 3927 3029 καὶ
3989 2979 4018 3027 ὁ

2441 3072 2591 3141 ἥλιος
2625 3072 2873 3141 ὑπερϐὰς
2900 3071 2991 3123 τὸν
3043 3070 3294 3139 ὁρίζοντα
3346 3071 3658 3140 ἡρμήνευσε
3694 3069 3808 3125 τοῖς
3859 3083 4016 3133 τρια·

2447 3163 2647 3224 κοσίοις
2673 3165 2900 3224 ἐκείνοις
2927 3163 3223 3232 βαρϐάροις
3251 3163 3350 3231 τὴν
3383 3162 3610 3214 ἄπιστον
3636 3158 3852 3225 ἐκείνην
3875 3175 3940 3208 συ
3953 3175 4018 3224 μ-

2445 3257 2617 3326 φορὰν
2649 3255 2741 3306 τοῦ
2807 3257 3115 3323 Ῥωμαῖκοῦ
3149 3255 3414 3323 στρατούο
3448 3255 3540 3304 καὶ
3571 3249 4008 3317 προσελάσαντες

2447 3351 2540 3402 καὶ
2582 3350 2910 3417 θεασάμενοι
2971 3349 3307 3417 προκείμενα
3359 3347 3508 3416 παρὰ
3537 3345 3598 3396 τὸ
3651 3340 4020 3410 στρατόπεδον

2449 3443 2648 3502 ἵππους
2672 3444 2765 3494 καὶ
2799 3442 2938 3492 ὅπλα
2998 3442 3094 3492 καὶ
3131 3441 3336 3508 σκηνὰς
3369 3437 3578 3504 ἀνδρῶν
3635 3436 3819 3493 κενάς,
3877 3432 4020 3500 προς

767 3527 824 3577 δὲ
874 3529 1084 3588 τούτοις
1143 3528 1390 3588 καὶτοὺς
1451 3527 1610 3595 βασιλ
1636 3530 1762 3589 κους
1807 3530 2004 3590 ἵππους
2077 3531 2214 3598 μετὰ
2291 3533 2399 3584 τῶν
2445 3533 2688 3602 ἐρυθρῶν
2739 3532 3067 3600 ἐφεστρίδιον
3119 3532 3214 3582 καὶ
3271 3530 3369 3598 τὴν
3435 3528 3726 3596 βασιλικὴν
3780 3524 4018 3592 σκηνὴν,

767 3615 985 3669 ἅπαντα
1020 3619 1278 3679 λαϐόντες
1302 3620 1350 3668 οί
1379 3619 1644 3672 διακόσιοι
1665 3621 1936 3690 ἀπῄεσαν.
1972 3623 2032 3672 Οί
2060 3623 2102 3672 δ’
2175 3622 2370 3675 ἑκατὸν
2411 3627 2578 3692 ἐγγὺς
2596 3626 2882 3694 γενόμενοι
2913 3624 3127 3685 πολλοῖς
3190 3624 3511 3691 κατέπειρον
3538 3621 3771 3689 βέλεσιν,
3795 3621 3913 3670 Ξσοι
3948 3618 4023 3686 μὴ

771 3708 1015 3776 ἔφθησαν
1081 3710 1206 3780 μήτ’
1264 3712 1316 3772 ἐς
1372 3711 1596 3775 ἀκάτια,
1653 3714 1778 3781 μήτ’
1828 3715 1884 3776 ἐς
1947 3713 2006 3765 τὸ
2057 3714 2332 3782 πολίχνιο)
2373 3717 2598 3780 ἑαυτοὺς
2629 3718 2976 3786 ἐμϐαλόντες.

844 3801 926 3854 IV.
982 3802 1282 3869 Imperator
1335 3818 1467 3855 vero
1504 3803 1591 3870 bis
1642 3805 1772 3858 visis
1806 3821 1928 3858 eum
1985 3805 2119 3858 nihil
2173 3823 2334 3876 agere

771 3905 947 3959 posse!
985 3909 1081 3946 nec
1115 3893 1277 3944 ullam
1312 3905 1524 3960 tempus
1550 3897 2016 3963 opportunitatem
2047 3899 2338 3966 pneberet,

771 3999 1068 4036 conscensa
1102 3997 1156 4038 et
1184 3986 1299 4054 ipse
1331 3988 1449 4038 navi
1486 3986 1804 4055 Byzantium
1848 3988 2031 4042 rediit.
2063 3989 2339 4044 leerum

773 4077 860 4128 ille
909 4092 1111 4144 anceps
1157 4077 1442 4130 haesitabat
1471 4088 1526 4131 et
1559 4094 1745 4132 secum
1793 4079 1955 4132 tacite
2006 4081 2341 4150 ambigebat,

770 4184 931 4235 quam
988 4169 1058 4220 ob
1101 4185 1323 4222 causam
1363 4169 1472 4222 Deo
1525 4171 1661 4223 irato
1710 4171 1990 4224 Romanus
2045 4175 2342 4238 exercitus,

772 4273 894 4312 eum
929 4277 1090 4314 nemo
1142 4277 1207 4314 ex
1271 4262 1522 4314 b05tibus
1578 4271 2028 4331 persequeretur,
2080 4265 2344 4333 temporis

775 4365 1056 4406 lllttlllcillo
1095 4355 1167 4406 ita
1202 4367 1344 4407 esset
1377 4356 1715 4422 prolligatus.
1758 4355 1998 4408 Tandem
2037 4366 2157 4423 post
2201 4356 2346 4408 mul-

777 4453 858 4494 tas
894 4443 1272 4495 dubitationes
1315 4458 1439 4495 cum
1480 4445 1583 4495 alia
1621 4444 1878 4512 plurima,
1931 4456 2040 4496 tum
2094 4446 2142 4497 id
2197 4444 2342 4513 quod

775 4538 1156 4602 gravissimum
1203 4546 1318 4586 erat
1342 4534 1750 4595 animadvertit,
1786 4537 2013 4604 publica:
2040 4537 2346 4605 disciplina:

2509 3819 2585 3865 Ν.
2641 3812 2827 3865 Ταῦτα
2892 3808 3228 3876 θεασάμενος
3285 3809 3378 3858 καί
3437 3807 3464 3856 ὁ
3507 3803 3756 3872 βασιλεὺς
3812 3804 3910 3853 καὶ
3947 3802 4024 3870 μὴ

2440 3904 2579 3972 ἔχων
2633 3903 2660 3955 ὅ
2693 3919 2746 3953 τι
2785 3903 2881 3953 καὶ
2917 3900 3159 3968 δράσειε,
3190 3897 3284 3965 τῆς
3310 3897 3687 3963 περιστάσεως
3739 3892 3895 3943 οὐδὲν
3929 3893 4022 3944 οὐ·

2440 3997 2589 4064 δαμῆ
2622 3993 2971 4064 χορηγούσης
3011 3991 3345 4058 εὐμήχανον,
3406 3988 3462 4046 ἐς
3487 3986 3670 4037 πλοῖον
3714 3983 3890 4051 ἐμϐὰς
3925 3987 4023 4034 καί

2442 4086 2601 4146 αὐτὸς
2625 4083 2853 4152 ἐπανῄει
2884 4082 3018 4152 πρὸς
3052 4082 3112 4133 τὸ
3166 4079 3481 4142 Βυζάντιον.
3531 4077 3790 4144 Διηπὸρει
3825 4073 3867 4124 δ’
3926 4069 4022 4125 οὖν

2443 4179 2592 4246 ὅμως
2645 4175 2766 4228 καθ’
2797 4173 2988 4227 ἐαυτὸν
3021 4171 3389 4240 γνωσιμαχῶν
3438 4171 3533 4222 καὶ
3573 4167 3748 4236 ζητῶν
3777 4167 3876 4234 τὴν
3917 4167 4021 4234 τῆς

2446 4269 2739 4336 θεομηνίας
2776 4263 2976 4326 αἰτίαν,
3016 4261 3084 4314 δι’
3119 4262 3186 4332 ἢν
3226 4261 3285 4313 τὸ
3312 4261 3419 4312 τῶν
3460 4258 3750 4326 Ῥωμαίων
3784 4258 4021 4324 στρατό-

2445 4361 2606 4411 πεδον
2635 4358 2811 4419 οὕτως
2867 4360 2924 4408 ἐν
2976 4357 3174 4424 ἀκαρεῖ
3218 4354 3564 4421 διέφθαρται,
3619 4351 3848 4419 μηδενὸς
3909 4350 4022 4400 τῶν

2447 4451 2721 4518 πολεμίων
2745 4448 3052 4508 διώκοντος.
3082 4447 3290 4512 Συνῆκε
3329 4444 3504 4513 δ”ὀψέ
3525 4442 3621 4495 καὶ
3655 4443 3879 4493 πλεῖστα
3921 4443 4022 4509 μὲν

2445 4545 2628 4611 ἕτερα,
2659 4541 3014 4608 καιριώτερον
3052 4538 3099 4590 δ’
3138 4534 3278 4589 εἶναι
3303 4537 3363 4589 τὸ
3389 4537 3498 4588 τῶν
3524 4532 3816 4586 πολιτικῶν
3840 4547 4028 4599 πραγ-

778 4627 1239 4694 perturbatiunem
1285 4627 1408 4678 dico
1433 4635 1487 4679 et
1532 4642 1846 4693 perversum
1874 4643 2079 4680 morem
2111 4628 2346 4697 judicio-
2383 4612 2420 4666 D
2453 4689 2455 4701 η

2383 4612 2420 4666 D
2453 4637 2637 4703 μάτων
2666 4633 3014 4702 ἀστάθμητον
3069 4631 3164 4684 καὶ
3197 4633 3256 4682 τὸ
3287 4632 3418 4697 περὶ
3465 4629 3562 4689 τὰς
3609 4628 3764 4685 δίκας
3802 4626 4023 4689 νόσημα

777 4735 895 4768 rum
965 4734 979 4771 :
1026 4719 1118 4786 qui
1177 4718 1398 4786 quidem
1453 4718 1676 4770 morbus
1723 4719 1830 4772 late
1878 4719 2109 4772 diffusus
2139 4729 2192 4772 et
2230 4720 2347 4787 ipso

777 4809 1040 4875 temporis
1088 4809 1240 4877 lapsu
1299 4809 1632 4860 inveteratus
1665 4826 1914 4879 magnam
1968 4813 2344 4865 confusionem

774 4916 835 4949 ac
869 4899 1028 4970 437
1070 4902 1300 4953 multum
1353 4901 1663 4953 detrimenti
1708 4901 2022 4968 t‘eipublicm
2060 4903 2343 4958 afferebat.

774 4991 991 5044 Etenim
1019 4993 1215 5052 morbi,
1247 4991 1341 5058 qui
1376 5007 1439 5042 cx
1479 4991 1620 5042 malo
1656 4991 1840 5060 aliquo
1868 4995 2116 5060 corporis
2156 4995 2343 5046 habitu

774 5085 1049 5145 oriuntur,
1097 5098 1300 5152 paucos
1339 5085 1622 5144 invadunt,
1669 5101 1770 5138 nec
1817 5086 2031 5152 publice
2059 5096 2342 5154 vagantur.

775 5178 913 5228 Aere
945 5187 1125 5229 autem
1183 5178 1385 5229 infecto
1433 5193 1644 5241 omnes,
1676 5179 1767 5246 qui
1802 5179 2056 5231 eumdem
2097 5188 2151 5231 ct
2195 5194 2345 5230 com-

779 5284 1006 5341 munem
1044 5283 1226 5320 aerem
1285 5271 1650 5337 participant,
1715 5271 1889 5338 ipsius
1938 5271 2101 5322 etiam
2169 5269 2345 5323 morbi

775 5361 1067 5427 participes
1115 5358 1231 5411 fieri
1285 5376 1510 5414 necesse
1561 5369 1663 5415 est.
1715 5361 1971 5414 Eamdem
2025 5368 2205 5414 autem
2259 5360 2348 5413 ille

777 5451 1046 5503 rationem
1082 5466 1202 5503 esse
1251 5450 1432 5504 aiebat
1466 5451 1800 5519 privatorum
1828 5451 2074 5503 omnium
2121 5450 2351 5504 delicto-

776 5554 915 5600 rum,
947 5539 989 5592 si
1019 5555 1140 5592 cnm
1172 5540 1374 5608 iniquis
1401 5541 1621 5609 judiciis
1655 5542 2059 5595 conferrentur.

846 5627 910 5682 V.
958 5630 1194 5683 Proinde
1225 5647 1333 5684 non
1381 5633 1567 5686 multis
1604 5642 1728 5702 post
1760 5633 1956 5686 diebus
2013 5631 2204 5687 Isaiam
2251 5649 2349 5702 pa-

777 5721 1073 5774 triarebam
1121 5723 1380 5777 convenit
1432 5741 1444 5775 :
1492 5739 1553 5777 ac
1585 5726 1822 5793 primum
1857 5725 1909 5779 ei
1952 5735 2184 5780 conatur
2220 5741 2347 5794 per-

777 5812 1031 5884 suadere,
1065 5825 1125 5870 ut
1173 5817 1312 5872 iram
1367 5819 1632 5877 adversus
1678 5819 1966 5892 epiSCOpos
2018 5819 2256 5890 deponat
2292 5830 2349 5877 et

2446 4725 2714 4793 πολύχουν
2744 4723 2804 4775 ὃν
2850 4725 2943 4775 καὶ
2995 4722 3247 4774 δυσίατον
3287 4721 3374 4772 διὰ
3404 4719 3502 4789 τὴν
3560 4720 3625 4770 ἐκ
3669 4715 3762 4767 τοῦ
3816 4715 4018 4782 χρόνον

2444 4817 2888 4887 προσγενομένην
2931 4816 3047 4879 ἕξιν
3103 4813 3254 4882 αὐτῷ
3300 4814 3395 4865 καὶ
3443 4810 3644 4876 πολλὴν
3691 4808 3899 4871 ἐπάγον
3940 4804 4018 4873 τῷ

2445 4903 2608 4978 κοινῷ
2630 4909 2740 4960 τῶν
2771 4908 3112 4978 πραγμάτων
3162 4909 3258 4974 τὴν
3325 4905 3587 4972 σύγχυσιν
3643 4899 3736 4951 καὶ
3781 4898 4013 4965 ζημίαν.

2446 5004 2654 5070 Ὠσπερ
2682 5001 2788 5067 γὰρ
2824 5002 2890 5052 τά
2919 5001 2979 5051 ἐκ
3031 5016 3172 5060 τινος
3202 4997 3460 5066 καχεξίας
3506 4991 3827 5062 σωματικῆς
3887 4990 4011 5038 ἐπι-

2447 5089 2809 5158 συμϐαίνοντα
2830 5089 3105 5156 νοσήματα
3134 5090 3244 5148 τοῖς
3279 5085 3581 5154 ἀνθρώποις
3619 5082 3862 5140 σπανίοις
3894 5079 4018 5130 ἐπμ

2448 5183 2736 5249 συμϐαίνει
2770 5183 2862 5233 καὶ
2895 5183 2996 5232 οὐκ
3032 5183 3089 5240 ἐς
3122 5180 3181 5231 τὸ
3223 5179 3401 5229 κοινὸν
3443 5176 3543 5243 τὴν
3572 5173 3822 5226 διάϐασιν
3847 5171 4013 5239 ἴσχει.

2445 5271 2538 5323 τοῦ
2569 5271 2612 5323 δ’
2633 5272 2792 5339 ἀέρος
2824 5274 3150 5338 νοσήσαντος
3181 5272 3394 5336 ἀνάγκη
3430 5265 3704 5318 κοινωνεῖν
3737 5261 3834 5313 τοῦ
3855 5264 4017 5327 νοσή-

2449 5380 2620 5432 ματος
2661 5362 2929 5425 ἆπαντας,
2962 5366 3075 5414 ὅσοι
3107 5363 3200 5413 τοῦ
3237 5361 3404 5412 αὑτοῦ
3435 5360 3589 5426 κοινῇ
3623 5355 4019 5425 μετειλήφασιν

2447 5455 2636 5522 ἀέρος,
2690 5454 2862 5515 οὕτως
2894 5455 3038 5523 ἔχειν
3073 5455 3277 5521 ἔφασκε
3301 5456 3368 5504 τὰ
3401 5449 3602 5520 μερικᾶ
3637 5446 3792 5497 πάντ’
3824 5444 4019 5510 ἀδικήο

2449 5562 2593 5613 ματα
2630 5546 2762 5614 πρὸς
2787 5546 2846 5597 τὸ
2880 5547 3121 5616 περὶτὰς
3154 5547 3364 5614 κρίσεις
3386 5544 3686 5610 γινόμενον.

2519 5635 2594 5689 Ε’.
2629 5638 2793 5690 Ὅθεν
2859 5639 2976 5706 μετ’
3015 5641 3074 5691 οὐ
3119 5640 3317 5700 πολλάς
3371 5641 3467 5700 τάς
3519 5637 3734 5704 ἡμέρας
3797 5631 4019 5682 ἄπεισιν

2447 5730 2502 5791 ἐς
2548 5730 2638 5780 τὸν
2666 5731 3014 5801 πατριάρχην
3048 5731 3276 5783 Ἠσαίαν
3301 5747 3313 5758 ·
3334 5730 3426 5782 καὶ
3459 5730 3651 5798 πρῶτα
3683 5727 3778 5795 μὲν
3806 5723 4018 5775 πείθειν

2442 5819 2630 5874 τοῦτον
2668 5821 2965 5876 ἀποθέσθαι
2996 5824 3263 5894 ἐπιχειριί
3295 5823 3384 5878 τὸν
3422 5823 3558 5893 προς
3615 5824 3736 5884 τοὺς
3777 5819 4004 5873 ἐπισκό-
