4248 6442
234 422 335 488 637
476 418 557 492 [Δ.
598 436 651 477 c.
693 424 831 479 1328
867 441 934 479 ao
972 424 1107 479 1341

1246 426 1693 488 ΒΥΖΑΝΤΙΝΑΞ
1732 430 2120 491 IllSTORl/E
2155 433 2301 493 LIB.
2340 434 2442 494 IX.

2558 426 2698 499 [IIP.
2736 442 3015 484 “unone.
3054 430 3193 501 tum]

3372 434 3479 502 63'8

234 536 319 606 [Ρ.
348 535 479 609 275]
510 538 802 621 ἄνθρωπον
831 543 891 595 ιν
924 542 1163 613 ίδιωτειᾳ
1210 541 1680 609 καταγηράσαντα
1716 544 1809 596 καὶ

1914 544 2307 600 benefeeerim.
2352 546 2509 600 Nunc
2553 556 2758 605 autem,
2786 561 2910 599 cum
2940 553 2996 600 et
3030 545 3145 614 ipse
3174 546 3228 599 in
3262 545 3482 599 calami.-

235 627 361 697 μήθ’
419 631 730 703 ἱερωσύνης
784 634 1037 703 τυχόντα,
1102 634 1233 704 μήτ’
1284 634 1588 707 ὲμφανείας
1640 634 1808 696 τινός.

244 719 348 771 Ἐὦ
374 720 554 787 λέγειν
576 724 707 786 ὅσας
728 721 853 789 ἑξῆς
878 725 1019 795 ὐπδρ
1042 724 1209 779 αὑτοῦ
1236 723 1528 794 προῦτεινα
1557 724 1808 793 βοηθείας

234 814 329 865 καὶ
360 814 619 883 χάριτας.
654 817 765 869 Καὶ
815 816 910 869 νῦν
944 816 1175 884 ὀφείλων
1201 834 1291 887 μοι
1342 817 1557 887 βοηθεῖν
1591 817 1685 869 καὶ
1712 818 1837 873 air.

230 905 323 967 τὸς
357 906 651 974 πράττοντι
694 908 977 977 δυστυχῶς
1022 911 1050 962 ὀ
1091 909 1147 962 δὲ
1195 911 1449 979 συνεργεῖ
1492 912 1604 971 τοῖς
1638 911 1805 964 κολά-

233 992 412 1059 ζουσι,
442 994 749 1066 βιαιότερος
792 998 955 1061 αὐτὸς
984 1000 1105 1069 ἐμοὶ
1148 998 1547 1061 καθιστάμενος
1573 1000 1764 1069 δήμιος
1792 1015 1806 1031 ⁸

232 1079 351 1138 εἶτά
388 1103 455 1153 με
478 1087 682 1157 ἐρωτᾷ,
707 1088 853 1152 ὅπως
881 1090 1045 1151 αὐτὸς
1075 1090 1163 1142 ἐπ’
1192 1091 1488 1160 ἐκκλησίας
1520 1092 1641 1159 ἄρτι
1667 1110 1801 1162 μνη-

235 1174 560 1242 μονεύεσθαι
618 1176 923 1246 βούλομαι.
992 1182 1088 1234 κα)⁸
1142 1180 1435 1232 πλάττεται
1482 1180 1658 1249 λύπην
1714 1184 1809 1234 καὶ

232 1264 459 1331 ἄγνοιαν
495 1267 604 1318 τῶν
635 1267 941 1344 κατἠἑμοῦ
990 1270 1377 1327 τελεσθέντων.
1421 1273 1607 1340 ὅμοιον
1639 1274 1808 1325 ποιῶν

231 1357 611 1426 τῷΑίγυπτίῳ
640 1360 966 1429 κροκοδείλῳ
1003 1361 1062 1413 ὃν
1087 1363 1270 1428 βόσκει
1296 1366 1361 1416 τά
1378 1364 1573 1417 Νείλου
1592 1366 1809 1430 νάματα

230 1448 325 1501 τοῦ
358 1451 460 1516 τὴν
492 1452 773 1517 Αἴγυπτον
801 1452 1076 1522 ἄρδοντος.
1123 1430 1353 1507 Ὀπόεξαν
1399 1459 1508 1525 γὰρ
1556 1459 1810 1520 κάκεῖνος

232 1526 510 1613 ἀποπνίξῇ
538 1543 645 1595 τῶν
682 1545 797 1612 ἅμα
831 1545 980 1613 αὐτῷ
1024 1545 1125 1615 τὴν
1150 1547 1364 1599 δίαιταν
1399 1550 1517 1601 ἐκεῖ
1547 1550 1809 1618 ποιουμέ-

230 1652 338 1686 νων
368 1634 526 1696 ζώων
553 1634 641 1700 ἒν,¹
664 1635 854 1690 ἔπειτα
878 1638 1107 1700 καθίσας
1141 1640 1234 1691 ἐπὶ
1263 1640 1352 1691 τὸν
1375 1640 1585 1693 ἐκείνου
1616 1642 1807 1710 νεκρὸν

233 1723 417 1795 θερμὰ
446 1728 680 1795 καταχεῖ
706 1726 807 1796 τῆς
833 1728 998 1780 αὐτοῦ
1035 1727 1279 1797 κεφαλῆς
1317 1728 1552 1797 δάκρυα.
1601 1728 1743 1796 Ἐγὼ
1764 1729 1808 1782 δ’

231 1816 334 1870 οὐκ
381 1817 493 1888 ἔχω
526 1819 636 1884 δέτι
667 1820 732 1874 ἂν
764 1811 1171 1892 ἀποκριναίμην
1207 1824 1344 1892 πρὸς
1376 1825 1444 1875 τά
1474 1824 1673 1877 οὑτωσὶ
1709 1842 1808 1877 πε-

1913 647 2021 693 tate
2054 637 2218 709 ω
2259 638 2546 693 sublevare
2592 653 2678 692 me
2722 638 2968 701 deberet,
3004 637 3306 691 tortoribus
3346 639 3485 692 meis

1910 744 2133 794 Operam
2169 740 2352 791 navat,
2391 729 2586 797 quovis
2618 728 2727 782 alio
2758 728 3016 782 carnifice
3060 743 3188 797 erga
3236 742 3323 781 me
3355 742 3485 780 cru-

1909 818 2107 874 delior.
2151 820 2289 874 Tum
2322 834 2408 873 me
2448 818 2767 889 intermgat,
2811 820 3090 888 quomodo
3136 819 3189 872 in
3239 820 3481 874 Ecclesia

1910 912 2243 967 mentionem
2285 914 2389 965 mei
2424 910 2541 965 ﬁeri
2581 912 2766 974 velim,
2816 911 3063 965 dolorem
3118 920 3173 964 et
3227 910 3486 979 ignoran-

1912 1006 2041 1059 tiam
2073 1020 2255 1058 rerum
2292 1019 2536 1057 mearum
2577 1004 2866 1057 simulans.
2916 1002 2972 1056 In
3015 1018 3123 1072 quo
3173 1017 3281 1055 non
3326 1002 3486 1055 aliter

1910 1096 2041 1150 facit
2067 1112 2225 1164 quam
2268 1094 2556 1165 Egyptius
2596 1094 2932 1154 crocodilus,
2972 1109 3137 1161 quem
3168 1092 3273 1146 Nili
3306 1091 3485 1145 flumi-

1912 1201 1979 1239 na
2006 1185 2298 1256 Egyptum
2328 1176 2615 1254 irrigantia
2650 1185 2887 1239 educant
2924 1203 2937 1238 :
2974 1184 3067 1252 qui
3100 1199 3224 1238 cum
3264 1184 3482 1251 aliquod

1909 1292 2096 1331 secum
2136 1279 2247 1333 illic
2282 1277 2596 1347 degentium
2626 1277 2948 1330 animalium
2982 1275 3339 1339 interfecerit,
3388 1291 3484 1329 ca-

1910 1368 2093 1422 daveri
2131 1370 2280 1423 illius
2306 1368 2527 1429 insidet,
2564 1380 2618 1421 et
2650 1379 2818 1437 caput
2856 1369 2976 1437 ejus
3004 1367 3199 1421 calidis
3229 1367 3485 1435 iacrymis

1909 1458 2207 1527 perfundit.
2240 1458 2351 1527 Ego
2384 1472 2509 1511 vero
2537 1455 2601 1511 ad
2627 1459 3013 1525 quaestionem,
3044 1456 3179 1509 mihi
3211 1457 3283 1510 ita
3312 1456 3485 1509 simu-

1909 1549 2020 1604 late
2062 1551 2419 1619 propositam.
2475 1549 2606 1619 quid
2655 1548 3016 1618 respondeam
3074 1562 3181 1601 non
3241 1549 3479 1617 reperio.

1910 1636 2044 1692 Nam
2068 1639 2110 1692 si
2136 1653 2222 1692 me
2255 1639 2642 1707 imperatorem
2672 1637 3105 1705 nuncupandum
3130 1636 3343 1701 dixero,
3373 1646 3486 1691 sta-

1912 1728 2006 1782 tim
2038 1728 2260 1783 occidar
2292 1728 2360 1783 ab
2398 1728 2466 1783 iis
2498 1727 2588 1797 qui
2633 1743 2697 1781 ea
2734 1728 2800 1781 de
2831 1743 2993 1781 causa
3037 1743 3124 1783 me
3157 1727 3211 1781 in
3249 1726 3484 1781 vinculis

1913 1826 2120 1873 tenent.
2152 1818 2247 1873 Sin
2276 1819 2605 1873 monachum
2636 1818 2962 1879 Antonium,
3004 1818 3280 1873 confessio
3306 1833 3370 1873 ea
3397 1832 3483 1872 es-

230 1908 562 1978 πλασμένως
599 1931 688 1982 μοι
720 1915 1133 1984 προτεινόμενα.
1172 1916 1233 1968 El.
1269 1916 1368 1981 μὲν
1401 1916 1510 1987 γὰρ
1550 1917 1624 1979 ὡς
1655 1918 1809 1987 βασιο

1910 1928 1967 1967 se
1996 1912 2404 1966 existimabitur
2438 1912 2507 1966 ab
2542 1913 2607 1965 iis
2638 1913 2730 1981 qui
2765 1927 2852 1966 res
2886 1922 3101 1967 nostras
3132 1911 3323 1965 fraude
3358 1926 3483 1980 per—

212 2000 327 2057 ἢιέα
359 2005 551 2074 φαίην,
578 2008 677 2061 οὐκ
700 2006 766 2060 ἂν
792 2006 1051 2077 φθάνοιμι
1090 2009 1445 2077 φονευόμενος
1471 2010 1574 2061 ὑπὸ
1590 2009 1697 2061 τῶν
1717 2011 1803 2063 διὰ

229 2092 395 2147 τοῦτο
430 2114 495 2163 με
528 2097 751 2167 δέσμιον
780 2100 1037 2168 ἑχόντων·
1066 2102 1114 2152 εί
1138 2100 1194 2153 δὲ
1228 2099 1462 2169 μοναχὸν
1499 2098 1805 2162 Ἀντώνιον,

1912 2013 2155 2066 vertunt,
2195 2004 2351 2073 quasi
2402 2019 2510 2057 non
2558 2013 2804 2068 coactus,
2849 2005 2941 2057 sed
2995 2004 3137 2058 ultro
3184 2018 3248 2058 ac
3294 2003 3484 2057 volens

1917 2098 2275 2152 monasticam
2306 2098 2548 2151 habitum
2580 2097 2876 2150 imluerim.
2910 2117 2926 2148 ι

228 2184 493 2255 ὁμολογία
515 2190 661 2243 τοῦτ’
684 2189 751 2244 ἂν
778 2190 1060 2260 νομισθείη
1084 2195 1197 2255 τοῖς
1219 2191 1288 2246 τὰ
1346 2194 1594 2263 ἡμέτερα
1653 2190 2096 2262 κακουργοῦσιν,
2150 2192 2232 2243 ὅτι
2276 2189 2351 2259 μὴ
2383 2190 2595 2259 βιαίως,
2648 2191 2762 2243 ἀλλ’
2808 2189 2949 2242 ἑκὼν
2995 2190 3354 2258 προελόμενος
3419 2189 3482 2242 τὸ

232 2281 536 2350 μοναχικδν
574 2283 911 2351 περιεθέμην
947 2283 1132 2351 σχῆμα
1167 2283 1349 2345 αὐτός.
1394 2303 1413 2335 ι

303 2372 387 2427 η’.
420 2372 607 2426 Ταῦτα
642 2376 735 2425 καὶ
765 2373 936 2428 πλείω
959 2374 1168 2427 τούτων
1198 2375 1485 2439 διεξελθὼν
1513 2378 1600 2429 ἑκ*
1630 2374 1812 2428 αὐτῶν

232 2466 403 2535 μηδὲν
440 2464 484 2517 δ’
511 2459 585 2517 ὧν
615 2464 841 2533 ἐζήτουν
890 2468 1089 2519 ἐκείνοι
1140 2468 1331 2536 μαθεῖν
1365 2469 1812 2538 ἀποκρινάμενος

234 2554 585 2623 ἐξέπεμψεν.
629 2556 798 2619 aera;
849 2556 893 2608 δ’
949 2556 1042 2608 ἐπὶ
1097 2558 1192 2625 τῆς
1245 2558 1431 2627 κλίνης
1488 2558 1807 2619 καθεσθεὶς.

237 2667 257 2700 ι
305 2648 699 2717 Ἐπίστρεψον,
749 2668 766 2700 ι
819 2651 971 2718 φησὶ,
1018 2668 1035 2699 ι
1065 2650 1209 2719 ψυχή
1247 2668 1371 2718 μου,
1406 2652 1508 2714 ,είς
1532 2649 1630 2719 τὴν
1682 2652 1809 2705 άνά-

232 2739 440 2791 ⁴ιταυσίν
470 2755 583 2802 σου,
618 2740 698 2791 ὅτι
727 2740 932 2809 Κῦριος
962 2742 1300 2810 εὐηργέτησέ
1335 2759 1413 2807 σε,
1454 2761 1472 2793 ι
1521 2742 1685 2809 μηδὲν
1711 2742 1804 2795 τοῦ

227 2829 425 2881 λοιποῦ
473 2830 647 2899 λύπης
700 2832 1121 2894 ἄξιον·ὲξειπὼν
1152 2833 1302 2885 οἱιδὲν
1346 2834 1453 2885 τῶν
1505 2836 1803 2897 ἁπάντων,

226 2920 343 2972 εἴτε
379 2921 672 2990 περιουσίᾳ
720 2922 989 2982 συνέσεως
1024 2922 1335 2990 χαλινώσας
1375 2922 1475 2990 τὴν
1515 2921 1761 2987 γλῶτταν
1791 2960 1804 2982 ,

228 3010 344 3061 εῐτε
371 3009 461 3062 διὰ
508 3011 569 3061 τὸ
599 3010 935 3079 ὑπερϐάλλον
965 3013 1063 3080 τῆς
1117 3013 1293 3081 λύπης
1352 3014 1413 3064 οὐ
1470 3013 1613 3079 μάλα
1664 3012 1805 3065 ἑκὼν

225 3101 501 3167 ἀδακρυτὶ
532 3101 910 3172 παραδραμὼν
940 3102 1036 3164 τὴν
1072 3105 1358 3172 συμφορὰν
1381 3142 1397 3166 ,
1435 3102 1625 3172 ὥσπερ
1658 3107 1801 3172 ἀμη-

1984 2370 2122 2424 V'lll.
2168 2368 2294 2423 llaec
2329 2379 2385 2423 et
2413 2370 2565 2437 plura
2596 2386 2718 2423 cum
2754 2371 2821 2425 iis
2854 2372 3123 2425 elocutus.
3153 2373 3302 2426 nullo
3323 2374 3387 2426 ad
3417 2391 3479 2429 ea

1908 2476 2027 2530 qua:
2064 2464 2332 2528 rogabant
2369 2476 2635 2528 reSponso
2668 2461 2816 2524 dato,
2844 2477 2941 2515 eos
2984 2462 3214 2516 dimisit.
3254 2464 3390 2517 Tum
3427 2466 3480 2518 in

1906 2550 2048 2604 lecto
2080 2552 2415 2604 consideus:
2457 2568 2475 2601 ι
2521 2550 2844 2615 Revertere,
2890 2551 3087 2618 inquit,
3126 2554 3306 2607 aitirna
3340 2569 3490 2615 mea,

1907 2643 1959 2695 in
1994 2643 2240 2708 requiem
2270 2651 2441 2706 tuam,
2475 2642 2601 2710 quia
2639 2642 2905 2695 Dominus
2936 2643 3206 2697 benefecit
3251 2645 3346 2699 tibi
3382 2647 3420 2699 ί.
3456 2665 3476 2698 ι

1905 2732 2015 2787 Nec
2064 2735 2235 2787 ullum
2279 2748 2505 2802 prorsus
2543 2734 2771 2788 verbum
2821 2734 3022 2788 deinde
3077 2736 3327 2803 protulit,
3372 2754 3482 2805 quo

1905 2826 2149 2880 dolorem
2187 2834 2483 2879 testaretur
2510 2843 2523 2878 :
2567 2826 2682 2879 sive
2715 2826 2761 2879 is
2788 2826 3052 2894 singulari
3090 2828 3324 2894 quadam
3353 2844 3486 2896 pru-

1904 2914 2088 2968 dentia
2126 2915 2365 2983 linguam
2399 2930 2553 2967 suam
2589 2914 2919 2977 frenaverit;
2963 2915 3079 2968 sive
3109 2917 3180 2968 ob
3208 2916 3481 2985 magnitu—

1906 3004 2088 3058 dinem
2124 3005 2335 3058 doloris
2373 3006 2454 3057 vel
2489 3005 2692 3058 invitus
2724 3004 3091 3057 calamitatem
3121 3020 3275 3058 suam
3325 3010 3481 3060 iude-

1906 3094 2086 3150 ﬂetam
2119 3097 2471 3166 prazterierit,
2509 3098 2666 3149 inerti
2700 3107 2926 3165 stupore
2957 3107 3011 3150 et
3038 3098 3275 3165 quodam
3310 3100 3481 3154 veluti

226 3192 395 3262 χανία
413 3194 511 3245 καὶ
536 3194 710 3265 νάρκῃ
739 3196 837 3263 τῆς
864 3195 1044 3264 ψυχῆς
1066 3197 1415 3266 πεδηθεῐσης.
1441 3198 1567 3265 πρὶν
1594 3198 1648 3249 τὸ
1677 3199 1804 3263 περὶ
1832 3184 1837 3219 ⁴

1910 3198 2128 3255 torpore
2170 3190 2349 3241 anima
2393 3188 2641 3251 astricta,
2685 3189 3004 3257 priusquam
3037 3190 3251 3243 collecti
3294 3193 3344 3243 in
3391 3206 3481 3245 ce-

224 3285 316 3336 τὸν
354 3284 660 3353 ἐγκέφαλον
689 3286 975 3356 ἀθροισθὲν
1024 3288 1191 3354 ὑγρὴν
1223 3290 1300 3350 είς
1337 3288 1588 3356 δακρύων
1630 3288 1804 3356 φοράν

223 3375 552 3444 ἑηακῆναι.
622 3375 754 3429 Ἰδοὺ
816 3377 925 3446 γάρ
988 3379 1082 3429 καὶ
1135 3377 1337 3446 ἥλιος,
1417 3379 1523 3446 ὅπη
1581 3376 1806 3446 μετρίας

224 3469 427 3537 ἀφίησι
452 3467 552 3527 τάς
598 3469 844 3532 ἀκτῖνας,
896 3469 1066 3521 πολλὰ
1115 3471 1182 3521 τά
1232 3469 1523 3526 πνεύματα
1564 3468 1658 3521 καὶ
1709 3468 1808 3529 τὰς

225 3559 545 3628 ὑγρότητας
583 3558 797 3610 ἐκεῖθεν
818 3558 1058 3611 ἀνέλκει·
1086 3558 1190 3628 ὅπη
1218 3559 1261 3611 δ’
1290 3556 1758 3625 ὑπερϐαλλούσας,
1781 3559 1808 3609 ὁ

222 3651 280 3703 δὲ
314 3648 511 3717 φθάνει
538 3648 945 3717 κατηναλωκὼς
979 3651 1152 3716 σφᾶς,
1190 3649 1317 3717 πρίν
1348 3665 1400 3700 τι
1448 3647 1658 3699 ἐκεῖθεν
1694 3648 1809 3698 ἀνι-

228 3738 540 3808 μήσασθαι.
594 3736 1017 3808 Παραπλησίως,
1055 3736 1099 3788 δ’
1152 3730 1244 3788 οὖν
1297 3736 1391 3787 καὶ
1443 3735 1541 3787 ὅσα
1596 3736 1704 3786 τῶν
1745 3736 1803 3786 ὲν

224 3830 376 3898 ψυχῇ
413 3829 716 3898 γινομένων
756 3828 945 3881 παθῶν
978 3826 1319 3897 μετριώτερεὶ
1354 3844 1466 3889 πως
1512 3828 1643 3894 ἡμῖν
1680 3826 1807 3892 ξυν-

222 3925 372 3973 εῖναι
418 3920 616 3983 ἐθέλοι,
647 3919 818 3973 ταῦτα
866 3917 960 3971 καὶ
986 3918 1146 3985 λόγον
1173 3917 1315 3988 ἔχειν
1344 3918 1588 3988 ἑρμηνέα
1620 3919 1716 3987 τῆς
1749 3920 1806 3969 ὲν

224 4010 431 4083 καρδία
476 4011 674 4079 φλογὸς
722 4011 784 4063 ού
822 4010 965 4079 μάλα
1003 4025 1087 4061 τοι
1146 4009 1531 4063 ἀπαναίνεται.
1587 4009 1727 4061 Ὀσα
1757 4008 1804 4061 δ’

225 4103 507 4169 ἀφειδοίεν
556 4101 652 4154 τοῦ
694 4100 1153 4161 πλεονεκτούσαις
1198 4099 1434 4168 χρῆσθαι
1473 4102 1593 4162 ταῖς
1622 4099 1803 4166 ἱξεσι,

224 4194 387 4246 ταῦτ’
422 4193 521 4245 ἴδοι
555 4210 640 4255 τις
667 4191 733 4245 ἂν
756 4192 1053 4256 ὲξιστῶντα
1088 4190 1187 4260 μέν
1218 4208 1333 4252 πως
1358 4193 1450 4243 καὶ
1477 4193 1576 4261 τὴν
1602 4191 1802 4261 ψυχὴν,

225 4288 380 4340 δυοῖν
430 4285 488 4338 δὲ
522 4285 783 4337 πείθοντα
837 4283 1085 4353 θάτερον,
1125 4287 1174 4351 εί
1233 4285 1329 4337 καὶ⁵
1383 4283 1680 4351 μηδέτερον
1728 4284 1804 4346 ὡς

225 4377 402 4434 εἰκός
444 4374 479 4444 ἢ
507 4375 615 4442 γάρ
642 4374 823 4426 πάντα
848 4372 1031 4440 λέγειν
1060 4373 1261 4441 μᾶλλον
1305 4373 1337 4441 ἢ
1374 4371 1408 4424 ἃ.
1437 4371 1535 4434 δεῖ,
1571 4372 1603 4441 ἢ
1638 4373 1804 4442 μηδὲν

230 4465 438 4534 μᾶλλον
478 4463 510 4531 ἢ
542 4464 579 4515 ἃ
612 4463 712 4516 δεῖ.
746 4462 861 4515 Ίνα
886 4463 944 4515 δὲ
978 4462 1114 4531 πρὸς
1149 4462 1248 4531 τὴν
1285 4461 1379 4514 τοῦ
1418 4462 1681 4530 παρόντος
1714 4462 1801 4514 λό-

226 4574 329 4623 γου
362 4554 657 4624 βεϐαίωσιν
686 4554 779 4606 καὶ
804 4555 1148 4623 παλαιοτέρῳ
1184 4554 1291 4605 τινὶ⁵
1335 4553 1633 4623 διηγήματι
1668 4555 1801 4623 χρή-

228 4660 438 4714 σωμαι·
470 4644 631 4697 ὁπότε
663 4645 772 4715 γάρ
804 4644 1107 4713 Καμὸύσου
1144 4643 1238 4696 τού
1282 4645 1492 4714 Πέρσου
1539 4643 1802 4713 στρατεύ-

227 4754 423 4797 σαντος
448 4738 512 4788 ὲκ
532 4735 747 4789 Σούσων
774 4736 861 4788 ἐπ’
878 4738 1175 4802 Δίγυπτον,
1194 4737 1320 4789 ἐπεὶ
1343 4737 1479 4805 μετὰ
1502 4738 1599 4804 τῆς
1625 4735 1800 4805 ἀρχῆς

224 4831 325 4883 καὶ
352 4830 383 4882 ὀ
411 4829 518 4881 τῶν
540 4828 857 4897 Αζγυπτίων
890 4829 1034 4881 ἑάλω
1065 4828 1319 4897 βασιλεὺς
1340 4869 1355 4894 ,
1395 4830 1677 4896 ἀγομένων
1709 4829 1800 4879 ἐπὶ

226 4923 465 4974 θάνατον
493 4922 586 4985 ξὺν
611 4922 785 4974 οὐδενὶ
818 4923 1008 4992 κόσμῳ
1037 4922 1145 4975 τῶν
1188 4924 1348 4975 υἱέων
1386 4923 1506 4974 οὐδὲ
1540 4920 1708 4991 βραχύ
1744 4938 1798 4973 τι

224 5012 395 5073 αὐτὸς
422 5010 635 5080 βλέπων
667 5011 987 5079 ἐφθέγξατο,
1022 5012 1153 5064 ἀλλὰ
1193 5014 1371 5081 σιωπῇ
1398 5011 1572 5080 κύψας
1609 5010 1797 5064 ἔπειτα

228 5100 397 5169 μόνον
428 5097 575 5167 ἐώρα
610 5097 894 5165 τοῦδαφοςο
924 5099 1028 5150 τῶν
1065 5099 1120 5151 δὲ
1165 5100 1460 5169 γνωρίμων
1507 5100 1603 5152 ἕνα
1653 5098 1798 5163 ἰδὼν,

222 5191 285 5252 ὃς
322 5188 591 5257 πρότερον
625 5189 723 5257 μὲν
775 5188 859 5259 [Ρ.
893 5189 1023 5260 974]
1056 5190 1269 5257 πλούτῳ
1316 5190 1496 5260 πολλῷ
1548 5193 1638 5241 καὶ
1670 5190 1796 5258 δόξῃ

222 5283 579 5352 χρησάμενος
606 5276 674 5349 ἦν
719 5282 1012 5350 ἱσταμένης
1068 5282 1341 5350 Αίγύπτου
1367 5323 1382 5347 ,
1415 5283 1510 5335 νῦν
1565 5283 1621 5335 δὲ
1658 5284 1799 5334 πάνυ

220 5374 295 5425 ὄις
308 5375 596 5444 ρρωγυίαν
611 5373 809 5442 ἐσθῆτα
832 5373 1213 5440 περικείμενος
1232 5372 1542 5442 προσαιτῶν
1560 5373 1798 5443 περιῄει,

220 5466 278 5518 εἰ
303 5483 390 5525 τις
419 5465 583 5533 ἄρτον
611 5464 789 5531 ὀλίγον
824 5465 1116 5535 παράσχου
1150 5467 1177 5517 ὁ
1202 5465 1256 5517 δὲ
1287 5465 1386 5535 τὴν
1417 5465 1576 5527 αὐτὸς
1606 5467 1797 5519 ἑαυτοῦ

220 5556 477 5626 κεφαλὴν
511 5556 611 5625 ἤδη
644 5558 889 5623 πατάξας
920 5558 1015 5609 καὶ
1063 5557 1249 5626 βύθιόν
1294 5574 1349 5609 τι
1388 5558 1649 5623 στενάξας
1678 5560 1798 5609 ovo.

223 5648 403 5718 μαστὶ
458 5646 550 5699 τὸν
596 5649 812 5716 ἑταῖρον
865 5649 1070 5714 ἐκάλει,
1123 5647 1345 5717 μονονοὺ
1404 5650 1515 5711 τοῖς
1566 5647 1797 5703 δάκουσι

297 5811 312 5840 ¹
350 5808 495 5862 l’sal.
534 5822 676 5861 ετιγ.

1904 3282 2069 3353 τοι)το
2099 3280 2360 3334 humores
2394 3281 2445 3332 in
2478 3281 2751 3349 laerymas
2792 3283 3221 3336 resulverentur.
3255 3282 3389 3336 Nam
3425 3293 3482 3336 et

1907 3373 2010 3435 sol,
2042 3374 2087 3426 si
2117 3388 2230 3441 quo
2260 3374 2575 3426 moderatos
2615 3370 2778 3443 445
2820 3373 3001 3427 radios
3030 3374 3253 3437 emittit,
3288 3384 3484 3427 ventus

1908 3462 2035 3517 inde
2070 3474 2125 3517 et
2152 3463 2415 3517 humores
2448 3462 2649 3515 multos
2676 3463 2904 3515 attrahit
2937 3480 2950 3515 :
2986 3463 3027 3516 si
3062 3479 3224 3531 supra
3258 3465 3480 3515 modum

1912 3569 2091 3627 acres,
2137 3553 2326 3608 eadem
2369 3553 2459 3607 illa
2506 3552 2802 3614 consumit,
2857 3552 3178 3621 priusquam
3220 3554 3477 3606 attrahat.

1906 3643 2114 3699 Eodem
2159 3647 2319 3697 modo
2367 3652 2423 3697 et
2467 3644 2777 3696 animorum
2823 3642 3072 3706 allectus,
3104 3644 3149 3697 si
3186 3644 3327 3712 apud
3383 3660 3481 3697 nos

1909 3735 2177 3789 moderati
2208 3736 2504 3798 exsistant,
2536 3734 2805 3787 ﬂatumam
2830 3735 2993 3788 corde
3014 3746 3332 3803 conceptam
3362 3751 3482 3787 vera

1908 3827 1993 3881 bis
2021 3829 2303 3881 declarare
2330 3844 2437 3880 non
2470 3838 2746 3881 recusant.
2772 3826 2872 3892 Qui
2900 3844 3030 3880 vero
3065 3829 3287 3881 modum
3321 3844 3483 3881 exce-

1908 3920 2065 3984 dunt,
2097 3920 2132 3973 ii
2158 3920 2402 3974 animum
2437 3922 2591 3989 quasi
2629 3920 2698 3973 de
2731 3920 2902 3988 gradu
2935 3921 3353 3973 tumultuantem
3387 3920 3481 3975 de-

1902 4010 2123 4077 jiciunt,
2173 4026 2238 4063 ac
2276 4010 2512 4063 duorum
2570 4010 2804 4063 alterum
2846 4009 3024 4062 solent
3072 4009 3325 4073 suadere,
3376 4010 3478 4062 etsi

1905 4111 2165 4155 neutrum
2213 4101 2473 4155 videntur
2520 4100 2758 4165 efﬁcere,
2794 4110 2990 4154 utaut
3037 4101 3257 4169 quidvis
3298 4102 3478 4170 potius

1906 4194 2055 4248 dicas
2082 4210 2245 4263 quam
2274 4193 2419 4262 quod
2447 4203 2687 4263 oportet.
2719 4202 2812 4246 aut
2838 4193 2974 4246 nihil
2999 4194 3120 4262 plus
3143 4209 3305 4262 quam
3331 4197 3476 4263 quod

1905 4298 2142 4357 Oportet.
2195 4287 2277 4341 Ad
2328 4288 2469 4341 hanc
2521 4287 2852 4342 sententiam
2912 4285 3368 4351 confirmandam,
3419 4295 3480 4339 ut

1905 4380 2110 4449 aliquid
2139 4396 2168 4433 e
2196 4379 2462 4434 memoria
2488 4377 2777 4433 vetustatis
2805 4386 3067 4446 repetam,
3096 4392 3217 4431 cum
3243 4376 3505 4448 Camlly»

1907 4483 1993 4523 ses
2021 4469 2183 4523 Persa
2211 4468 2366 4523 Susis
2391 4467 2671 4537 profectus
2700 4466 2994 4537 A'Igyptum
3035 4467 3175 4520 bello
3206 4461 3479 4535 petiisset,

1898 4576 1999 4613 rex
2030 4559 2414 4630 Egyptiorum
2449 4574 2554 4612 una
2585 4574 2710 4612 cum
2743 4572 2908 4627 regno
2936 4567 3148 4624 captus,
3182 4557 3323 4612 filios
3350 4574 3508 4612 suos-

1904 4653 2021 4707 sine
2053 4653 2162 4707 ulla
2192 4652 2484 4707 clementia
2517 4653 2583 4705 ad
2615 4666 2807 4705 necem
2842 4651 2984 4703 trahi
3014 4651 3225 4712 videns.
3259 4666 3325 4704 ne
3357 4668 3485 4704 ver-

1905 4743 2033 4798 bum
2073 4743 2296 4812 quidem
2329 4743 2680 4810 loquebatur,
2730 4742 2823 4795 sed
2863 4743 3081 4803 tacitus.
3117 4758 3291 4810 prono
3323 4742 3479 4810 capi-

1907 4844 1980 4897 te,
2019 4836 2206 4888 oculos
2240 4835 2293 4887 in
2328 4844 2527 4888 terram
2574 4834 2867 4903 deligebat.
2918 4835 2987 4887 At
3019 4850 3143 4888 cum
3185 4850 3353 4887 unum
3401 4836 3489 4887 vi-

1905 4925 2079 4979 disset
2124 4941 2189 4977 ex
2240 4912 2601 4979 familiaribus
2642 4929 2776 4985 suis.
2811 4927 2901 4993 qui
2944 4924 3175 4996 [Egypto
3216 4925 3473 4979 incolumi

1903 5016 2103 5084 apibus
2134 5026 2197 5070 et'
2221 5017 2511 5085 Splemlore
2546 5018 2778 5071 fortuna:
2811 5017 3093 5083 ﬂoruerat,
3126 5027 3257 5071 tunc
3293 5027 3474 5071 autem

1904 5109 2097 5162 laceris
2127 5109 2322 5172 pannis
2347 5110 2560 5162 obsitus
2586 5110 2875 5163 oberrabat
2899 5110 3235 5169 mendicans,
3263 5110 3307 5161 si
3337 5109 3476 5161 forte

1904 5197 2136 5250 frustum
2179 5199 2333 5266 panis
2378 5198 2445 5250 ab
2488 5199 2674 5266 aliquo
2704 5199 3001 5267 acciperet,
3036 5206 3149 5252 tum
3180 5198 3272 5250 ille
3296 5198 3476 5264 capite

1904 5302 2003 5341 suo
2036 5303 2295 5356 percusso
2322 5304 2445 5341 cum
2475 5290 2585 5341 alto
2622 5290 2860 5357 suspirio
2887 5288 3126 5342 sodalem
3171 5288 3325 5342 illum
3371 5304 3471 5343 uo-

1906 5377 2152 5430 minatim
2181 5378 2518 5439 inclamavit,
2550 5379 2716 5432 verba
2741 5379 2898 5446 quasi
2921 5377 3175 5442 Iacrymis
3202 5373 3471 5428 imbuens.

1906 5468 2109 5521 Deinde
2143 5482 2365 5521 causam
2404 5480 2625 5536 rogatus
2678 5486 2707 5522 a
2758 5470 3047 5539 Cambyse,
3098 5483 3196 5518 cur
3250 5473 3471 5534 propter

1903 5559 2044 5612 ﬁlios
2089 5575 2267 5628 neque
2334 5559 2746 5629 illacrymassel,
2800 5575 2978 5629 neque
3029 5558 3254 5610 dixisset
3304 5553 3471 5623 quid-

1906 5666 2095 5717 c-uam,
2124 5651 2359 5705 amicum
2387 5662 2569 5707 autem
2598 5652 2905 5708 deflevisset
2934 5661 2987 5707 et
3014 5651 3279 5705 allocutus
3298 5653 3472 5713 esset.
