4248 6442
768 401 874 466 643
1022 401 1096 472 [Α.
1144 414 1202 454 ιι.
1240 397 1379 456 esse
1420 413 1485 451 AD
1529 397 1691 470 6849]

1975 401 2394 463 NICEPHORI
2451 401 2835 461 GRECORJ‘I

3106 399 3241 472 [nam
3283 419 3566 458 meanunc.
3607 404 3750 473 wax]

3933 411 4029 472 Cll

773 520 1130 587 interpretem
1193 519 1461 572 acerrime
1522 517 1818 586 repellunt,
1877 530 2004 571 cum
2053 531 2165 570 non
2204 514 2426 574 aliudA

2380 517 2426 574 Α
2459 515 2605 583 μάλα
2638 515 2882 584 σφοδρῶς
2915 517 3258 583 ἀποσείεται,
3295 519 3512 586 φύσεως
3557 521 3685 574 ὄντα
3718 525 3904 592 σαφῶς
3937 529 4029 595 ἀρ-

769 610 898 673 sint,
935 609 1037 663 nisi
1081 609 1302 678 quidam
1353 620 1564 662 natura:
1603 610 1779 662 morbi
1841 618 1898 662 et
1943 608 2112 661 veluti
2176 615 2351 677 rupta:

771 704 895 774 lyra:
916 704 1109 756 absoni
1152 703 1436 771 strepitus.
1478 700 1883 767 Quamobrem,
1918 701 2222 753 amicorum
2251 715 2353 770 op-

771 793 920 853 time,
959 791 1316 844 vehementer
1346 789 1532 842 mirari
1567 790 1702 842 mihi
1732 789 1902 854 subit,
1941 803 2051 858 quo
2083 797 2244 858 pacto
2266 803 2353 843 me

771 882 1006 930 amicum
1062 877 1130 930 ad
1184 877 1360 931 futilia
1406 879 1506 930 ista
1549 877 1866 946 compellas,
1899 885 1954 930 et
2003 877 2242 946 linguam
2286 875 2352 930 ad

771 985 941 1038 nugas
999 969 1165 1023 hasce
1222 970 1512 1022 evidentes
1557 968 1880 1022 refutandas
1932 968 2355 1022 accommodare

772 1075 952 1128 cogas,
1005 1069 1120 1112 tum
1160 1074 1275 1122 eas,
1340 1075 1464 1128 quae
1507 1075 1572 1112 ex
1628 1059 2011 1130 Epizephyriis
2077 1059 2356 1112 barathris

772 1151 1087 1218 frequenter
1141 1159 1464 1218 erumpunt,
1501 1150 1673 1203 veluti
1724 1149 2118 1204 Vuleaniorum
2180 1157 2357 1201 erate-

774 1258 894 1294 rum
930 1243 1032 1295 rivi
1068 1252 1263 1312 sponte
1310 1252 1622 1306 manantes,
1657 1252 1769 1296 tum
1804 1242 1943 1305 illas,
1975 1257 2096 1310 quac
2126 1257 2357 1294 numero

772 1336 1001 1403 etcopia
1044 1334 1293 1388 hibernis
1341 1335 1570 1388 nivibus
1617 1351 1775 1402 pares
1807 1351 1836 1388 e
1866 1336 2154 1404 superiore
2184 1334 2360 1386 conti—

773 1438 936 1480 nente
988 1426 1062 1495 (id
1116 1435 1295 1480 estex
1344 1426 1630 1496 Colchide)
1663 1427 2035 1480 descendunt.
2062 1425 2275 1494 Quippe
2304 1432 2360 1476 et

773 1517 1021 1569 scientia:
1065 1517 1269 1585 regulis
1315 1517 1532 1571 medius
1578 1515 1741 1570 lidius
1772 1525 1827 1570 et
1863 1516 2023 1568 nobis
2055 1513 2186 1582 ipsis
2220 1513 2361 1567 face-

774 1622 959 1659 remus
995 1607 1275 1676 iniuriam,
1329 1607 1374 1661 si
1414 1623 1510 1662 eas
1561 1608 1781 1678 regulas
1811 1607 1919 1660 illis
1947 1606 2357 1659 adhiberemus.

774 1698 906 1751 Nam
936 1708 1110 1752 semet
1139 1700 1319 1768 ipsum
1364 1699 1508 1754 ultro
1550 1699 1825 1767 corruptis
1871 1697 2087 1751 tradere
2116 1695 2360 1750 moribus

769 1799 828 1842 et
851 1789 1222 1851 sermonibus,
1246 1805 1355 1843 non
1405 1791 1558 1843 abest
1592 1805 1620 1842 a
1670 1789 1902 1853 malitia,
1927 1805 2029 1843 nec
2055 1789 2356 1855 reprehen-

2459 608 2798 679 ρωστήματα
2835 608 2928 660 καὶ
2967 608 3133 678 λύρας
3191 611 3377 678 ὥσπερ
3420 613 3681 683 ῥαγείσης
3735 615 4028 685 πλημμελῆ

2454 717 2577 752 τινα
2607 700 2953 768 κρούσματα.
2982 701 3135 752 Ὠστ“
3189 702 3372 753 ἔπεισί
3426 721 3517 771 μοι
3572 706 3777 773 σφόδρα
3826 706 4032 773 θαυμά-

2456 792 2590 857 ζειν,
2629 786 2673 844 ὦ
2707 793 2877 859 φίλων
2910 795 3127 862 ἄριστε,
3166 795 3282 857 πῶς
3312 789 3460 849 οὕτω
3484 799 3628 865 κάμὲ
3653 799 3910 861 ξυνωθεῖς
3939 817 4033 852 x1-

2457 884 2753 937 λινδεῖσθαι
2778 885 2868 938 τὸν
2894 887 3048 953 φίλον
3071 887 3202 957 περὶ
3237 888 3304 940 τὰ
3327 888 3508 956 φαῦλα
3544 890 3637 942 καὶ
3659 891 3906 956 γλῶτταν
3935 911 4033 944 πα-

2459 976 2716 1047 ρέχεσθαι
2750 978 3001 1030 τουτουσὶ
3021 981 3148 1042 τοὺς
3177 983 3369 1049 σαφεῖς
3393 981 3787 1051 ὲξελέγχουσαν
3811 985 4034 1054 λήρους,

2457 1069 2648 1122 ὀπόσοι
2672 1067 2783 1119 τῶν
2818 1068 3222 1137 Ἐπιζεφυρίων
3252 1069 3545 1142 βαράθρων
3575 1073 3768 1142 συχνὸν
3799 1076 4034 1144 ἀναῤῥη-

2459 1180 2704 1230 γνυνται,
2748 1162 3003 1231 καθάπερ
3051 1163 3195 1225 τινὲς
3236 1164 3345 1216 τῶν
3393 1165 3694 1232 Ἡφαίστου
3745 1170 4038 1238 κρατήρων

2460 1257 2757 1324 αὐτόματοι
2780 1254 3001 1324 ρύακεςο
3022 1257 3117 1307 καὶ
3137 1255 3216 1308 ἔτι
3248 1256 3531 1326 όπόσοιτῷ
3557 1259 3750 1329 πλήθει
3789 1262 4038 1329 νιφάδεσ·

2462 1361 2514 1396 σι
2530 1344 2640 1413 (2'1)
2664 1346 3011 1414 χειμερίῃσιν
3028 1345 3270 1410 ἐοικότες
3289 1348 3387 1415 τῆς
3406 1349 3681 1416 ἀνωτέρας
3699 1351 3928 1420 ἠπείρου
3947 1365 4038 1405 και

2458 1436 2656 1489 τιασιν.
2693 1436 3039 1506 ’Λδικοίημεν
3061 1438 3169 1506 γὰρ
3185 1437 3271 1502 ἂν,
3291 1438 3356 1509 νὴ
3377 1439 3468 1492 τδν
3491 1441 3688 1508 φίλιον,
3707 1442 3833 1503 τούς
3858 1461 3916 1496 τε
3945 1444 4039 1513 τῆς

2460 1528 2776 1598 ἐπιστήμης
2817 1530 3047 1591 κανόνας
3092 1531 3305 1593 τούτοις
3349 1532 3723 1599 προσάγοντες
3772 1538 3864 1587 καὶ
3896 1539 4039 1605 ἡμᾶς

2462 1618 2684 1682 αὐτούς.
2712 1619 2785 1671 Τὸ
2819 1619 2928 1690 γὰρ
2967 1620 3216 1674 ὁπωσοῦν
3263 1624 3454 1675 ἑαυτὸν
3489 1625 3629 1677 ἑκών
3661 1643 3721 1694 γε
3762 1624 3904 1680 εἶναι
3934 1629 4037 1680 διε-

2463 1713 2690 1784 φθορόσι
2727 1715 2928 1767 διδόναι
2979 1717 3204 1784 τρόποις
3259 1715 3355 1768 καὶ
3395 1715 3575 1783 λόγοις
3615 1720 3714 1770 οὐκ
3764 1722 4040 1791 ἀποχωρεῖ

2465 1807 2687 1868 κακίας.
2730 1807 2840 1859 οὐδ’
2883 1807 3143 1862 ἀνασοδεί
3189 1809 3258 1862 τά
3304 1808 3496 1862 δίκτυα
3546 1811 3640 1864 τοῦ
3678 1812 3870 1880 ψόγου,
3907 1813 4041 1869 ἀλλά

773 1882 931 1933 sione
981 1893 1154 1943 vacat,
1180 1882 1273 1935 sed
1321 1882 1490 1935 veluti
1549 1891 1832 1950 cognatam
1863 1882 2130 1934 maculam
2169 1897 2358 1950 repre-
2395 1867 2433 1920 Β

2395 1867 2433 1920 Β
2465 1899 2718 1969 καθάπερ
2747 1901 2981 1969 συγγενῆ
3011 1901 3204 1970 κηλῖδα
3227 1901 3430 1972 χλεύην
3466 1867 4038 1976 ἐπίφθονονυὲπίσὺρεέ

774 1973 1091 2027 hcnsionem
1155 1973 1483 2028 invidiosam
1545 1989 1731 2028 secum
1774 1973 1968 2026 trahit.
2004 1973 2175 2038 Quem
2209 1975 2356 2028 enim

772 2080 1045 2117 summum
1098 2063 1332 2118 inscitiae
1371 2065 1599 2132 gradum
1646 2080 1753 2117 non
1806 2074 2072 2133 superant
2110 2064 2222 2118 sive
2253 2065 2358 2120 illae

774 2156 1068 2210 verborum
1108 2157 1434 2222 insolentiae,
1468 2172 1605 2224 quas
1639 2157 1920 2211 inferioris
1951 2167 2158 2211 tractus
2205 2159 2355 2213 inco-

817 2288 841 2303 .,
875 2265 904 2301 a
939 2251 1170 2302 veritate
1199 2247 1598 2303 remotissimas
1625 2248 1892 2303 fabricare
1914 2261 2352 2315 consueverunt;

803 2343 888 2395 ivc
943 2340 1107 2411 450
1158 2342 1235 2394 illi
1299 2343 1477 2410 ignavi
1512 2342 1858 2412 puerilesque
1891 2343 2172 2409 strepitus,
2220 2358 2356 2411 (plus

773 2431 1076 2496 superioris
1133 2431 1372 2497 regionis
1406 2429 1742 2486 habitatores
1795 2431 1977 2494 cient;
2019 2432 2199 2498 idque,
2232 2448 2351 2484 cum

773 2520 1070 2572 Persarum
1125 2535 1180 2574 et
1211 2520 1591 2575 Chaldaeorum
1635 2523 1920 2576 scientiam
1953 2523 2356 2590 proﬁteantur?

773 2612 906 2664 Nam
942 2615 986 2665 si
1017 2612 1398 2665 Chaldzrorum
1457 2624 1511 2667 et
1543 2615 1830 2667 Persarum
1859 2615 2036 2666 omnis
2069 2614 2355 2667 Inethodus

772 2719 838 2754 eo
865 2704 1027 2762 redit,
1057 2716 1110 2755 et
1149 2706 1347 2756 caelum
1383 2714 1610 2772 propter
1654 2706 1755 2758 hoe
1796 2720 1893 2774 per
1918 2704 2139 2758 aetheris
2176 2706 2354 2775 sphae-

773 2808 888 2845 ram
927 2794 1068 2847 bene
1101 2804 1155 2847 et
1213 2798 1517 2863 composite
1569 2796 1848 2849 stellarum
1894 2812 2089 2851 cursus
2112 2799 2352 2851 cireum-

773 2883 900 2946 fcrt,
936 2896 992 2938 ut
1027 2888 1175 2938 veris
1214 2885 1373 2940 initio
1424 2886 1564 2940 lucri
1624 2888 2000 2941 accessionem
2042 2889 2236 2944 scribis
2259 2907 2354 2959 ap-

772 2986 1012 3045 portent,
1045 2977 1267 3031 senibus
1317 2994 1449 3032 vero
1500 2982 1601 3031 sub
1632 2981 1838 3032 exitum
1872 2983 2076 3036 arslatis
2113 2983 2351 3048 morbos,

778 3073 1015 3123 tacetum
1076 3071 1262 3125 hercle
1317 3072 1370 3124 id
1425 3072 1506 3125 eis
1564 3073 1865 3137 videbitur,
1919 3075 2012 3143 qui
2063 3076 2353 3130 utilitatem

774 3162 908 3214 artis
939 3162 1248 3229 deprimere
1295 3163 1483 3216 verbis
1532 3164 1800 3231 cupiunt;
1838 3165 2050 3234 eritque
2090 3166 2203 3220 haec
2253 3182 2352 3236 op-

2465 2009 2578 2046 ται.
2606 1993 2739 2044 Τίνα
2769 1994 2880 2060 γὰρ
2921 1992 3166 2063 ἀμαθίας
3202 1997 3497 2049 Καύκασον
3533 1998 3634 2067 οὐχ
3679 1999 4038 2068 ὑπερϐαίνουο

2467 2103 2575 2147 σιν,
2624 2087 2852 2145 ὁπόσους
2892 2089 2941 2140 οἱ
2997 2087 3099 2156 μὲν
3158 2088 3402 2143 κάτωθεν
3443 2089 3518 2152 ὡς
3551 2094 3893 2163 ποῤῥωτάτω
3946 2095 4041 2163 τῆς

2466 2173 2725 2244 ἀληθείας
2761 2176 3051 2244 χαλκεύειν
3100 2180 3365 2232 εἰώθεσαν
3420 2182 3618 2248 ὄγκους
3655 2186 3942 2252 ῥημάτων,
3994 2188 4040 2239 οἰ

2462 2265 2508 2317 δ’
2546 2265 2756 2318 ἀνωθεν
2788 2268 3036 2332 ἀγεννεῖς
3068 2286 3220 2331 τινας
3248 2271 3341 2320 καὶ
3375 2272 3763 2342 μειρακιώδεις
3786 2277 4040 2344 κροτοὺσι

2463 2354 2747 2422 θορύόους,
2785 2357 2880 2407 καὶ
2920 2358 3091 2410 ταῦτα
3130 2359 3228 2428 τὴν
3269 2361 3489 2426 Περσῶν
3518 2364 3608 2414 καὶ
3636 2365 3916 2418 Χαλδαίων
3950 2385 4045 2434 με-

2462 2452 2633 2499 τιέναι
2690 2450 2996 2516 φάσκοντες
3061 2453 3426 2522 ἐπιστήμηνς
3483 2455 3545 2506 El
3609 2457 3716 2526 γάρ
3770 2460 3826 2519 ἐς
3884 2460 4043 2513 τοῦτο

2465 2539 2752 2600 Χαλδαίοις
2786 2541 2878 2590 καὶ
2909 2541 3144 2609 Πέρσαις
3177 2543 3208 2611 ἡ
3245 2546 3394 2596 πᾶσα
3427 2547 3776 2614 περιίσταται
3819 2549 4042 2616 μέθοδος

2463 2633 2558 2682 καὶ
2589 2631 2817 2701 οὐρανὸς
2856 2632 2942 2684 διὰ
2999 2633 3145 2685 τοῦτ’
3193 2637 3248 2696 ἐς
3293 2635 3391 2705 τὴν
3432 2639 3648 2708 αἰθέρος
3695 2643 3936 2709 σφαῖραν
3984 2643 4042 2697 εὖ

2465 2725 2558 2774 καὶ
2597 2725 2947 2791 τεταγμένως
2997 2732 3284 2795 περιφέρει
3327 2731 3452 2791 τοὺς
3503 2732 3750 2798 ἀστέρων
3783 2733 4042 2802 δρόμους,

2465 2817 2536 2877 ὡς
2579 2819 2884 2886 λημμάτων
2919 2819 3020 2886 μὲν
3052 2821 3225 2888 φορὰν
3257 2815 3406 2890 ἦρος·
3436 2826 3742 2890 ἀρχομένου
3776 2842 4044 2894 γραμμα-

2462 2908 2614 2958 τεῦσι
2648 2910 2994 2975 προφαίνειν,
3042 2910 3325 2978 νοσήματα
3363 2911 3407 2962 δ’
3445 2911 3510 2963 αὖ
3551 2916 3772 2982 γέρουσι
3823 2917 4045 2981 φθίνον·

2463 3012 2552 3060 τος
2589 2995 2675 3067 [Ρ.
2707 2996 2835 3067 (277]
2889 2998 2988 3066 ἥδη
3042 2998 3136 3050 τοῦ
3174 2998 3385 3068 θέρους,
3449 3003 3641 3070 χάριεν
3683 3005 3768 3068 ἂν,
3807 3005 3869 3075 νὴ
3917 3008 4045 3070 τοὺς

2464 3090 2679 3156 λόγους,
2709 3088 2880 3152 δόξειε
2918 3093 3026 3151 τοῖς
3051 3090 3331 3159 διασύρειν
3360 3083 3583 3146 ποθοῦσι
3608 3097 3664 3146 τὸ
3693 3098 3789 3166 τῆς
3818 3099 4046 3170 ἐπιστή.

2465 3192 2575 3244 μης
2598 3177 2832 3244 χρηστὸν
2857 3179 2953 3228 καὶ
2981 3181 3092 3240 τοῖς
3119 3196 3176 3230 τε
3204 3180 3260 3245 ἐξ
3297 3181 3514 3250 ἀμάξης
3547 3184 3879 3255 λοιδοροῦσιν
3910 3191 4047 3243 ἀπο-

778 3262 1014 3319 portuna
1048 3252 1312 3307 illudendi
1353 3256 1568 3308 occasio
1609 3257 1693 3320 iis,
1727 3257 1817 3322 qui
1857 3256 1924 3310 de
1957 3259 2202 3326 plaustro
2226 3275 2358 3314 con-
2387 3236 2429 3292 ο

2387 3236 2429 3292 c
2465 3269 2653 3336 χριῖεσα
2707 3270 2979 3338 πρόφασις
3014 3270 3070 3332 ἐς
3129 3270 3316 3338 ὓῦρεις
3360 3276 3451 3325 καὶ
3514 3236 3703 3328 ὁπόσοί
3737 3279 3868 3345 πρὸς
3925 3286 4047 3344 ταῖς

776 3344 1074 3406 vioiantur,
1106 3360 1207 3398 nec
1259 3361 1366 3398 non
1418 3346 1485 3399 iis
1515 3347 1607 3415 qui
1642 3349 1856 3400 fabulas
1893 3350 1944 3401 in
1980 3365 2139 3404 scena
2171 3363 2356 3420 agunt.

777 3430 890 3497 Ego
925 3447 1056 3485 vero
1111 3433 1243 3486 illud
1306 3434 1470 3487 etiam
1521 3451 1644 3488 eum
1692 3438 1802 3489 risu
1840 3439 2027 3500 miror,
2065 3441 2210 3508 quod
2252 3459 2360 3497 non

778 3522 1154 3588 pranlixerint.
1208 3541 1447 3592 quercus
1505 3529 1705 3579 multas
1767 3529 1994 3596 glandes
2048 3530 2275 3598 laturas,
2307 3545 2362 3587 et

775 3623 960 3667 sentes
1016 3623 1482 3669 Cl’lllrl'Cl'Jlllllllll
1548 3635 1744 3671 manus
1788 3634 2090 3688 puncturos
2124 3640 2276 3691 esse;
2309 3635 2363 3679 et

777 3707 1091 3770 mustelam,
1153 3712 1195 3761 si
1249 3712 1553 3778 peperci-it,
1616 3724 1851 3766 matrem
1903 3715 2019 3768 fore
2063 3717 2147 3770 sui
2180 3718 2357 3805 fetus;

775 3808 962 3852 a-statc
998 3811 1213 3862 aestum,
1247 3803 1426 3856 hieme
1487 3804 1658 3868 frigus
1707 3806 1844 3870 fore,
1887 3818 2190 3878 cmteraquc
2234 3803 2359 3879 per;

775 3890 960 3955 spieua
990 3892 1270 3958 Omnibus,
1310 3894 1354 3946 si
1393 3910 1500 3946 non
1535 3895 1734 3960 bobus,
1765 3907 1818 3949 at
1850 3898 2170 3955 hominibus
2215 3912 2361 3957 certe

776 3982 1024 4047 quidem.
1084 3985 1188 4038 Sed
1243 4002 1310 4040 ne
1371 3990 1620 4043 molestia
1680 4000 1792 4044 tute
1843 3993 1958 4060 ipse
2001 3994 2362 4060 alliciaris,et

776 4073 1082 4142 disciplinae
1142 4077 1382 4145 gravitas
1442 4079 1495 4132 in
1549 4081 1685 4134 tales
1715 4083 1907 4135 sordes
1937 4084 2184 4139 demersa
2216 4087 2360 4140 luda-

780 4165 903 4221 hrio
938 4167 1030 4231 sit,
1079 4184 1175 4236 age
1209 4170 1391 4223 media
1442 4172 1764 4227 incedentes
1796 4177 1881 4226 via
1911 4191 2078 4242 pauca
2106 4179 2360 4231 meridia-

779 4271 970 4310 norum
1029 4261 1258 4314 istorum
1309 4263 1677 4327 nebulonum,
1713 4282 1774 4319 ac
1811 4268 1993 4334 potius
2021 4271 2360 4324 terrestrium

780 4348 1159 4413 planetarum,
1213 4352 1308 4420 qui
1369 4355 1652 4406 aetheriam
1716 4357 2050 4424 provinciam
2113 4360 2363 4428 plurimis

781 4442 1080 4497 mendaciis
1157 4445 1448 4512 infamant,
1508 4464 1893 4518 coarguamus,
1941 4461 1999 4504 ut
2057 4468 2085 4504 a
2150 4453 2359 4507 ﬁmbria

781 4540 952 4583 totum
1015 4544 1329 4587 voutexlum
1391 4537 1654 4598 solvatur,
1696 4549 1747 4591 et
1811 4549 1868 4591 ut
1928 4540 2017 4593 illa
2063 4539 2359 4611 Penelopes
2395 4527 2434 4579 θ

1571 4554 1654 4598 ur,
1696 4549 1747 4591 et
1811 4549 1868 4591 ut
1928 4540 2017 4593 illa
2063 4539 2359 4611 Penelopes
2395 4527 2434 4579 θ
2465 4556 2670 4625 mit-my
2703 4557 2996 4626 πλανήτων
3050 4559 3144 4611 καὶ
3183 4561 3247 4610 τα

781 4622 882 4674 tela
942 4635 1242 4678 retexazur.
1297 4625 1500 4682 Ventos
1524 4630 1681 4681 aiunt
1729 4641 2060 4684 commotum
2094 4633 2183 4694 iri,
2222 4633 2368 4689 unde

783 4714 1020 4765 humana
1068 4731 1302 4784 corpora
1356 4721 1761 4786 corrumpenda
1794 4723 1921 4773 sint.
1950 4722 2061 4786 Ego
2088 4739 2217 4777 vero
2247 4740 2369 4777 cor-

781 4807 1052 4871 rupttonis
1102 4810 1219 4874 ejus
1281 4824 1476 4862 causas
1537 4811 1677 4864 scire
1733 4814 1918 4865 velim.
1964 4814 2098 4866 Nam
2135 4817 2176 4867 si
2235 4817 2365 4878 Qllld

776 4899 923 4951 aliud
959 4913 1119 4965 quam
1183 4900 1428 4966 impetus
1489 4903 1634 4953 aeris
1667 4917 1729 4954 ac
1753 4903 1953 4956 divisio
1984 4917 2176 4960 ventus
2203 4905 2362 4977 451

781 4997 949 5051 esset,
989 4990 1218 5041 rationis
1253 4991 1503 5043 fortassis
1555 4993 1759 5060 aliquid
1809 5010 1870 5047 ea
1903 4997 2356 5052 halu‘rctoratio.

777 5075 907 5139 Qua:
951 5081 1096 5130 enim
1149 5082 1353 5148 aliquid
1409 5083 1556 5136 aliud
1600 5096 1728 5137 sunt
1772 5103 1934 5155 quam
1984 5105 2076 5141 aer
2120 5106 2356 5158 eumque

781 5184 1083 5242 pertineant,
1113 5192 1174 5227 ea
1205 5177 1284 5229 vel
1311 5192 1579 5246 corporeo
1632 5192 1860 5233 transuu
1899 5184 2049 5234 illum
2091 5195 2275 5239 secant
2304 5197 2358 5240 et

779 5276 1081 5332 permeant,
1117 5276 1174 5318 ut
1223 5269 1359 5336 lapis
1395 5280 1450 5322 et
1483 5270 1685 5324 ferrum
1740 5285 1795 5326 et
1823 5275 1936 5325 alia.-
1978 5292 2084 5338 res,
2113 5295 2231 5345 qua:
2262 5295 2360 5330 na-

781 5363 899 5408 tura
949 5372 1046 5410 sua
1101 5373 1226 5414 aere
1262 5361 1516 5415 duriores
1575 5374 1739 5428 sunt;
1781 5367 1860 5418 vel
1914 5369 2191 5436 qualitatis
2249 5385 2360 5422 sua:

779 5449 1212 5517 distributione;
1266 5452 1318 5505 id
1370 5456 1514 5522 quod
1571 5456 1777 5510 faciunt
1827 5476 1888 5512 ea
1940 5477 2060 5529 quin
2113 5461 2254 5513 fluxa
2308 5472 2364 5516 et

779 5543 922 5597 acris
975 5553 1181 5597 natura;
1244 5546 1404 5614 plane
1437 5561 1664 5616 cognata
1698 5562 1845 5610 sunt.
1879 5564 1935 5606 ut
1964 5557 2181 5616 odores,
2213 5556 2362 5607 colo-

2467 3364 2689 3429 σκηναῐς
2723 3362 2929 3426 ἄφθονα
2949 3363 3430 3432 δραματουργοῦσι
3456 3370 3521 3420 τὰ
3545 3371 3860 3438 σκέμματα.
3903 3373 4049 3440 Ἐγὼ

2463 3454 2516 3506 δὲ
2556 3455 2674 3507 λίαν
2719 3456 2888 3524 ἡδέως
2935 3457 3159 3509 κάκεῖνο
3198 3456 3546 3536 θαυμάσαιμι
3587 3463 3674 3526 ἂν,
3718 3466 3798 3517 ὅτι
3837 3469 3914 3535 μὴ
3955 3469 4050 3521 καὶ

2465 3547 2595 3615 περὶ
2624 3546 2800 3614 δρυῶν
2839 3549 3301 3616 προτεθέσπισται
3337 3554 3448 3614 ταῖς
3489 3554 3772 3622 ἀνδράσιν,
3804 3557 3880 3619 ὡς
3912 3559 4049 3611 πολ-

2464 3639 2563 3701 λὰς
2594 3639 2885 3708 ἐξανθήσει
2915 3640 2973 3690 τὸ
3006 3641 3163 3706 γένος
3193 3642 3455 3710 βαλάνους
3485 3647 3577 3698 καὶ
3605 3646 3678 3710 ὠς
3706 3632 3924 3703 ἄκανθα
3948 3652 4051 3718 τὴν

2467 3728 2859 3796 ἐφαπτομένην
2909 3727 3107 3796 ἀμύεει
3154 3731 3414 3799 παλάμην
3440 3749 3450 3760 ·
3488 3733 3581 3784 καὶ
3608 3735 3657 3784 εί
3698 3735 3846 3788 τέκοι
3877 3738 4050 3805 γαλῆ,

2469 3823 2653 3888 μήτηρ
2706 3821 2858 3873 ἐσται
2908 3822 2999 3872 τοῦ
3051 3823 3490 3890 τεχθησομένου·
3548 3830 3638 3877 καί
3697 3827 3886 3896 θέρους
3951 3831 4053 3896 μὲν

2466 3914 2619 3964 ἔσται
2652 3912 2863 3982 καῦμα,
2909 3915 3175 3982 χειμῶνος
3203 3915 3257 3967 δὲ
3284 3916 3476 3986 ψῦχος,
3511 3919 3604 3971 καὶ⁵
3635 3919 3735 3970 ὅσα
3763 3920 3871 3973 τῶν
3905 3927 4008 3977 πάι

2468 4004 2771 4073 προδήλων,
2806 4007 2853 4056 εί
2908 4008 2982 4074 μή
3013 4024 3072 4073 γε
3105 4007 3168 4076 δὴ
3215 4008 3419 4074 βουσὶν,
3472 4010 3587 4062 ἀλλ’
3611 4011 3704 4064 οὖν
3733 4012 4054 4081 ἀνθρώποις

2467 4097 2671 4150 ἅπασίν
2723 4100 2892 4150 ἐστιν.
2952 4101 3066 4151 Ἰνα
3115 4100 3170 4151 δὲ
3220 4104 3353 4169 μήτε
3413 4104 3475 4154 σὺ
3526 4104 3633 4155 τῶν
3687 4105 4056 4176 λυπουμένων

2468 4187 2608 4255 εἷη·,
2642 4189 2780 4256 μήτε
2831 4188 2889 4238 τὸ
2936 4190 3136 4256 σεμνὸν
3168 4190 3266 4257 τῆς
3321 4193 3635 4261 ἐπιστήμης
3686 4196 3741 4254 ὲς
3788 4198 4056 4259 τοιαύτας

2469 4280 2731 4347 ἐσχατιὰς
2778 4282 3240 4349 κατενηνεγμένον
3307 4283 3607 4350 ὑϐρίζοιτο,
3673 4288 3806 4356 φέρε
3869 4294 4057 4359 μέσην

2472 4372 2787 4441 βιδίςαντες
2821 4371 3026 4441 βραχέα
3055 4373 3193 4425 ἄττα
3222 4374 3327 4426 τῶν
3355 4377 3746 4444 μεσημϐρινῶν
3782 4381 3898 4448 ('22)
3933 4400 4060 4435 του-

2468 4466 2599 4517 novi.
2640 4464 2822 4533 λήρων
2879 4465 3273 4535 ἐξελέγξωμεν,
3324 4467 3355 4537 ἢ
3417 4469 3639 4536 μᾶλλον,
3697 4473 3897 4535 εἰπεῖν,
3947 4476 4060 4528 τῶν

3294 4559 3520 4611 πλεῖστα
3558 4565 3651 4631 τῆς
3683 4563 3797 4616 ἀνω
3839 4565 4059 4631 λήξεως

2465 4648 2978 4718 καταψευδομένων,
3009 4650 3084 4711 ὡς
3122 4649 3186 4703 ἂν
3219 4652 3384 4720 ἄρδην
3425 4655 3489 4704 ἐκ
3514 4654 3606 4706 τοῦ
3645 4657 3966 4722 κρασπέδου
3995 4661 4060 4713 τὸ

2466 4740 2694 4808 ὕφασμα
2753 4740 2932 4793 λύοιτο
2991 4742 3119 4804 πᾶν,
3187 4743 3442 4810 καθάπερ
3490 4745 3518 4795 ό
3572 4746 3669 4812 τῆς
3726 4747 4059 4815 Πηνελόπης

2465 4833 2668 4894 ἐκεῖνος
2705 4833 2873 4894 ἱστός.
2929 4834 3174 4902 ’Δνέμων
3201 4837 3401 4886 ἐκεῖνοι
3431 4836 3793 4904 προλέγουσιν
3825 4841 4058 4892 ἔσεσθαι

2466 4920 2702 4990 κίνησιν,
2735 4921 2825 4988 ὑφ’
2851 4914 2924 4972 ὧν
2956 4923 3013 4984 ὲς
3046 4907 3251 4990 φθοράν
3289 4924 3359 4973 τὰ
3388 4924 3493 4973 τῶν
3523 4924 3828 4991 ἀνθρώπων
3876 4925 4055 4997 λυθήο

2472 5029 2655 5064 σονται
2711 5013 2959 5080 σώματα.
3009 5013 3208 5076 Ἡδέως
3261 5013 3326 5066 ἂν
3357 5011 3452 5066 οὖν
3501 5015 3674 5082 ἔγωγε
3712 5016 3808 5080 τὰς
3863 5021 4057 5080 αἰτίας

2466 5105 2698 5174 ἐροίμην
2745 5107 2842 5173 τῆς
2892 5106 2999 5157 τῶν
3043 5106 3350 5172 ἀνθρώπων
3406 5107 3633 5169 λύσεως.
3688 5108 3750 5159 Εἰ
3783 5111 3887 5177 μὲν
3942 5111 4056 5179 γὰρ

2461 5196 2594 5250 ἄλλο
2624 5213 2677 5246 τι
2702 5195 2733 5263 ἢ
2767 5194 2907 5263 φορά
2935 5212 3015 5256 τις
3049 5196 3209 5264 ἀέρος
3237 5196 3331 5248 καὶ
3370 5196 3633 5266 διαίρεσις
3662 5201 3689 5250 ὁ
3723 5198 3934 5267 ἄνεμος
3957 5195 4051 5270 ἦν,

2464 5284 2610 5357 εἶχεν
2661 5290 2724 5340 ἀν
2773 5305 2894 5339 τινα
2936 5288 3093 5354 λὺγον
3133 5291 3259 5347 ἴσως
3312 5291 3338 5339 ό
3386 5290 3563 5355 λέγοι.
3604 5292 3740 5342 Ὅσα
3784 5292 3887 5359 μὲν
3942 5294 4056 5359 γάρ

2463 5377 2592 5428 ἀ).λό
2633 5393 2683 5426 τι
2717 5376 2867 5445 παρὰ
2895 5377 2985 5426 τὸν
3015 5378 3152 5446 ἀέρα
3181 5379 3518 5446 τυγχάνοντα
3562 5378 3752 5430 δίεισιν
3792 5380 3982 5440 αὐτὴν,
4021 5379 4055 5447 ἢ

2464 5468 2620 5536 διόδῳ
2654 5471 2941 5536 σωματικῇ
2974 5468 3244 5536 τέμνοντα
3291 5471 3515 5536 φέρεται
3552 5469 3616 5520 δι’
3650 5470 3840 5532 αὑτοῦ,
3873 5472 4056 5524 καθά·

2471 5574 2574 5625 περ
2610 5556 2753 5618 λίθος
2789 5557 2883 5607 καὶ
2919 5557 3133 5624 damno;
3167 5560 3259 5606 καί
3287 5558 3385 5608 ὅσα
3424 5559 3792 5628 σκληροτέρας
3827 5559 3857 5628 ἢ
3911 5574 4060 5611 κατα

2128 5670 2468 5730 Variorum
2511 5679 2698 5730 noue.

848 5756 958 5824 (2|)
995 5757 1147 5814 "om.
1175 5761 1257 5827 IL,
1291 5764 1356 5817 Ill
1413 5766 1538 5821 9‘22.
1582 5770 1784 5824 anvix.

847 5828 957 5897 αεὶ)
985 5830 1241 5887 Calabros
1269 5838 1436 5890 credo
1465 5839 1740 5912 intelligit.
1770 5843 1900 5897 Nam
1929 5843 2176 5898 Calabria
2209 5846 2352 5901 inter

2463 5793 2714 5898 geeasum
2763 5787 2812 5831 ct
2859 5778 3141 5834 meridiem
3184 5780 3283 5832 sita
3313 5821 3325 5844 ,
3364 5781 3406 5833 si
3459 5780 3774 5850 Byzantium
3811 5791 4057 5851 spectes.

2507 5864 2664 5898 OH'IN’.

2507 5864 2664 5900 OH'IN’.
