4248 6442
206 464 313 526 διδ
458 461 532 532 [Α.
572 476 620 516 c.
664 462 797 518 13:28
839 477 906 517 ito
952 462 1110 536 lSH]

1220 468 1667 529 ΒΥΖΛΝΤΙΝΑΞ
1706 467 2095 528 HISTORl/E
2134 468 2283 527 LIB.
2326 467 2428 527 IX.

3357 463 3473 529 646

2546 462 2679 532 [ηαδ.
2722 473 3004 515 maoutc.
3061 458 3203 533 tum]

203 576 297 627 τὸν
327 574 470 644 ἀέρα
493 576 708 644 φύσεως
742 578 956 648 ἔλαχεν,
984 581 1015 648 ἢ
1056 580 1292 634 διαδόσει
1336 583 1644 649 ποιότητος,
1685 583 1784 634 ὅσα

1886 589 1999 640 res.
2032 578 2289 640 fulmina,
2325 576 2540 631 incensi
2596 576 2870 630 turbines.
2894 573 3059 640 Quod
3108 575 3153 629 si
3185 584 3242 629 et
3277 586 3475 630 ventus

203 665 410 735 δηλαδὴ
453 668 724 737 χεομένην
764 672 860 722 καὶ
908 670 985 739 τῷ
1028 673 1150 740 ἀέρι
1185 672 1326 725 πάνυ
1378 691 1460 726 τοι
1490 676 1781 741 προσφυῶς

201 758 651 830 ἀνακιρναμένην
684 760 843 830 ἔσχεν
872 764 1064 833 αὐτὴν,
1099 763 1289 835 ὥσπερ
1322 766 1491 833 ὀσμαὶ
1521 767 1615 818 καὶ
1642 768 1784 836 χρώ-

206 864 357 912 ματα
386 851 479 900 καὶ
520 852 757 919 σκηπτοὶ
793 856 888 906 καὶ
929 857 1268 926 πρηστῆρες.
1312 858 1419 909 Καὶ
1454 860 1639 926 μέντοι
1688 860 1781 911 καὶ

202 934 406 1003 ἄνεμος
433 936 483 987 ει
512 938 636 990 καθ’
676 941 957 994 ὁντιναοῦν
985 947 1212 997 τουτωνὶ
1248 948 1450 1016 τρόπον
1491 949 1521 1017 ἢ
1555 949 1780 1017 διαιρνυν

203 1022 411 1093 δηλαδὴ
434 1024 528 1077 τὸν
554 1026 692 1095 ἀέρα
728 1031 824 1081 καὶ
862 1031 951 1083 τὸν
978 1035 1187 1088 ἐκείνου
1222 1039 1385 1088 τόπον
1426 1040 1749 1109 μεταλαμδά

204 1134 308 1164 νύν
358 1116 521 1187 διῄει,
578 1120 603 1187 ἣ
659 1122 834 1192 τούτῳ
886 1125 1122 1178 διαδόσει
1170 1130 1457 1197 ποιότητος
1505 1135 1781 1202 σφαλερᾶς

200 1206 551 1276 ἁνεκιρνᾶτο,
579 1215 763 1264 πᾶσαν
787 1216 999 1281 γένεσιν
1026 1219 1089 1270 ὲκ
1118 1220 1211 1272 τοῦ
1244 1223 1585 1293 παραχρῆμα
1606 1225 1781 1292 φθορὰ

200 1301 489 1369 προφανὴς
520 1302 791 1374 διεδέχετο
826 1308 913 1360 ἄν.
954 1308 1067 1362 Νῦν
1117 1310 1174 1365 δι
1210 1313 1523 1369 τούναντίον
1570 1317 1777 1379 εὐκρα-

200 1390 324 1453 σίας
368 1393 521 1460 ἡμᾶς
573 1395 797 1465 ἀπάσης
856 1400 1219 1469 ἑμπιπλῶντα
1267 1405 1539 1476 βλέπομεν
1587 1408 1780 1463 τοῦτον

195 1482 327 1535 αἰεί.
359 1485 532 1539 Οὑδδν
580 1488 689 1559 γὰρ
727 1490 916 1559 ἕτερον
948 1494 1148 1565 ἄνεμος
1194 1497 1228 1566 ἢ
1270 1501 1602 1571 στερροτέρα
1638 1504 1801 1570 φορὰ.

196 1576 293 1662 καὶ
327 1574 490 1643 χύσις
527 1578 714 1649 ἀέρος,
756 1582 815 1647 ὃς
861 1585 950 1639 ἀεὶ
998 1587 1253 1653 πλούσιος
1304 1592 1403 1660 μὲν
1446 1594 1578 1661 ἡμῖν
1627 1612 1782 1662 περι-

196 1660 449 1730 κέχυται,
481 1668 647 1721 αὑτοῦ
674 1670 720 1722 δ’
750 1673 1098 1744 ἀπολαύομεν
1139 1677 1371 1731 καθόσον
1400 1660 1622 1747 ιφνικτδν
1655 1660 1783 1735 ἑκά-

199 1764 338 1819 στῳ.
369 1753 479 1805 κᾶν
507 1756 649 1809 πάνυ
681 1776 765 1812 τοι
796 1761 1045 1827 πλεῖστος
1076 1764 1298 1835 ἕπηται.
1345 1767 1551 1821 Ἐκεῐνό
1581 1786 1641 1838 γε
1674 1770 1780 1842 μὴν

195 1845 293 1896 καὶ
352 1850 615 1915 μαντείας
658 1852 790 1917 ἴσως
843 1855 1039 1923 δεῖται,
1088 1861 1318 1914 καὶούκ
1347 1862 1457 1930 ἔχω
1504 1862 1532 1916 ὅ
1573 1880 1621 1917 τι
1670 1865 1776 1932 φῶ.

197 1939 421 2002 Πόλεων
454 1944 564 2013 γὰρ
598 1948 692 2001 καὶ
721 1949 954 2018 δένδρων
983 1953 1074 2006 καὶ
1106 1954 1251 2023 ὀρῶν
1282 1923 1449 2024 φασιν
1475 1956 1535 2021 ἐξ
1561 1923 1777 2023 ἀνέμων
1813 1923 1851 1975 Β

198 2033 424 2089 πάντων
460 2038 597 2107 ὁμοῦ
645 2043 979 2112 κινηθέντων
1026 2050 1415 2119 καταστροφῆς
1461 2053 1554 2103 καὶ
1605 2069 1777 2120 μετα-

195 2122 407 2188 ϐάσεις.
446 2128 570 2193 Πῶς
600 2130 713 2201 γὰρ
738 2136 833 2186 καὶ
859 2136 935 2203 πῆ
972 2140 1347 2208 περιχωρήσει
1376 2142 1471 2193 καὶ
1501 2146 1775 2213 μεταστή-

194 2220 356 2271 σεται
380 2236 434 2273 τι
462 2220 690 2287 τούτων,
725 2228 1220 2296 περικυκλούντων,
1246 2230 1321 2293 ὥς
1353 2248 1538 2300 φασιν,
1574 2234 1776 2288 οὑτωσὶ

192 2310 305 2361 τῶν
337 2311 559 2381 ἀνέμων
586 2317 650 2367 ὲκ
679 2315 976 2387 διαμέτρου
1004 2337 1020 2386 ;
1066 2323 1217 2386 Ἐνὸς
1248 2325 1349 2392 μὲν
1381 2326 1491 2396 γὰρ
1535 2328 1777 2398 ξυνωθή-

176 2417 395 2469 ,σαντος
446 2405 651 2475 ἀνέμου
683 2409 775 2461 καὶ
806 2406 900 2473 ξὺν
943 2411 1035 2482 βίᾳ
1068 2412 1433 2482 κλονήσαντος
1477 2419 1774 2490 ἀνατετρά-

194 2492 329 2558 φθαι
362 2496 547 2550 οἰκίαν
606 2499 721 2553 ἔσθ’
765 2502 915 2572 ὅτεῆ
963 2504 1177 2574 δένδρον
1225 2510 1318 2560 ἐπὶ
1373 2510 1577 2579 θάτερα
1612 2514 1774 2585 μέρη,

192 2586 389 2639 καινὸν
424 2588 527 2641 οὐκ
560 2591 628 2643 ἃν
671 2594 777 2659 εἴη,
809 2595 923 2647 ἀλλ’
949 2596 1023 2659 ὡς
1064 2598 1131 2651 τὰ
1166 2600 1335 2654 πολλὰ
1365 2602 1473 2657 τῶν
1510 2605 1651 2675 ὅρων
1676 2606 1775 2674 τῆς

193 2677 493 2744 συνηθείας
544 2682 715 2746 ἐντός.
746 2682 828 2755 [Ρ.
860 2686 989 2759 278]
1024 2690 1240 2745 Πολλῶν
1289 2692 1336 2746 δ’
1378 2696 1774 2749 ἀντιπνεόντων

188 2768 353 2859 ὁμοῦ,
386 2772 551 2839 σχολῇ
570 2774 620 2839 γ’
637 2773 703 2825 ἂν
726 2782 1137 2859 καταστραφείη
1158 2799 1209 2834 τι
1231 2784 1339 2836 τῶν
1363 2786 1641 2840 ἁπάντων.
1663 2788 1776 2859 Τὴν

191 2858 305 2929 γὰρ
322 2859 417 2911 τοῦ
434 2861 551 2926 ἐνὸς
576 2858 876 2936 ἀντώθησιν
897 2870 928 2938 ἠ
952 2870 1179 2940 θατέρου
1196 2874 1502 2938 ἐξεναντίας
1520 2858 1775 2931 ἀντιστα-

193 2965 281 3038 σις
318 2950 606 3019 θραύουσα
650 2959 748 3011 καὶ
781 2964 1211 3032 ἀναχαιτῐξουσα
1238 2967 1536 3038 ἀκλόνητον
1574 2971 1636 3022 τὸ
1670 2986 1776 3023 πα-

196 3036 481 3125 ράττανὲξ
529 3045 1032 3117 ἁντιπεριστάσεως
1072 3054 1326 3107 ἵστασθαι
1363 3036 1776 3125 παρασκευάσει

194 3125 255 3173 τί)
292 3124 643 3194 βιαζόμενον.
680 3133 891 3198 Ἄλλως
916 3155 973 3189 τε
1021 3138 1116 3190 καὶ⁵
1146 3141 1284 3210 ὁμοῦ
1316 3124 1454 3206 τοὺς
1474 3147 1617 3199 κατὰ
1664 3146 1777 3201 διά-

1888 670 2077 735 aliquo
2130 668 2327 721 horum
2382 666 2669 721 modorum
2725 667 2808 718 vel
2863 680 3051 719 aerem
3102 664 3396 720 dividendo
3421 677 3478 720 et

1888 763 2010 830 ejus
2040 764 2221 816 locum
2275 760 2600 829 occupando
2649 742 2930 821 transiret,
2959 758 3045 812 vel
3074 759 3252 812 eidem
3288 759 3479 813 distri-

1891 850 2121 904 butione
2167 850 2452 918 qualitatis
2512 850 2741 903 lubricae
2788 849 3268 913 commisceretur,
3292 852 3475 904 statim

1885 958 2107 997 onmem
2157 942 2569 1012 generationem
2602 941 2930 995 manifestus
2962 941 3223 995 interitus
3250 942 3474 1011 excipe-

1884 1044 1986 1089 ret.
2018 1035 2177 1090 Nunc
2228 1045 2419 1090 contra
2456 1036 2603 1088 omni
2653 1050 2754 1088 nos
2794 1036 3060 1105 temperie
3094 1035 3358 1103 compleri
3394 1036 3483 1087 vi'

1886 1125 2082 1181 demus
2113 1126 2181 1181 ab
2211 1142 2279 1181 eo
2333 1142 2573 1197 semper.
2627 1126 2815 1195 Neque
2850 1129 2995 1180 enim
3031 1126 3178 1181 aliud
3216 1137 3303 1181 est
3341 1142 3444 1180 ven

1888 1229 2004 1283 tus,
2048 1236 2211 1289 quam
2245 1220 2437 1274 fortior
2493 1219 2730 1289 impetus
2775 1229 2829 1272 et
2854 1221 3007 1289 quasi
3052 1220 3278 1274 diﬂ'usio
3306 1221 3472 1284 aeris.

1892 1312 1987 1380 qui
2019 1328 2121 1365 nos
2151 1327 2370 1381 semper
2416 1314 2639 1381 copiose
2698 1310 3340 1380 circumfundit;eoqne
3374 1326 3474 1365 nos

1883 1402 2144 1468 fruimur,
2172 1412 2445 1472 quatenus
2472 1411 2558 1455 est
2589 1404 2889 1471 unicuique
2914 1417 3263 1467 concessum,
3285 1418 3475 1472 quam-

1885 1496 1971 1549 vis
1998 1496 2384 1565 copiosissime
2430 1510 2532 1549 nos
2579 1506 2861 1563 sequatur.
2897 1494 3033 1548 Illud
3064 1510 3196 1549 vero
3224 1494 3474 1549 fortassis

1883 1587 2050 1640 etiam
2098 1586 2551 1639 vaticinationem
2609 1586 2906 1650 desiderat,
2934 1601 3114 1654 neque
3165 1602 3268 1656 ego
3296 1586 3473 1640 habeo

1884 1678 2015 1747 quid
2071 1687 2329 1731 statuam.
2369 1678 2569 1731 Dicunt
2624 1677 2790 1731 iidem
2848 1680 3015 1731 urbes
3053 1686 3109 1732 et
3140 1679 3372 1733 arbores
3418 1688 3473 1732 et

1887 1781 2128 1834 montes,
2165 1770 2342 1823 ventis
2374 1770 2539 1823 simul
2570 1771 2832 1824 omnibus
2863 1771 3178 1833 concitatis,
3207 1786 3465 1825 eversum

1884 1868 2049 1929 atque
2086 1862 2413 1914 translatum
2444 1862 2531 1914 iri.
2558 1862 2849 1926 Quomodo
2875 1878 2937 1915 ea
2970 1862 3226 1916 videlicet
3250 1874 3305 1917 et
3336 1878 3473 1932 quo-

1885 1967 2006 2005 nam
2047 1953 2306 2007 translata
2342 1954 2680 2018 transibunt,
2707 1969 2831 2008 cum
2882 1955 3029 2009 venti
3063 1970 3276 2020 omnes,
3306 1960 3378 2010 ita
3412 1967 3473 2010 ut

1881 2044 1935 2097 bi
1966 2045 2195 2108 dicunt,
2237 2061 2302 2099 ex
2351 2046 2607 2116 opposito
2662 2047 2935 2116 spirantes
2973 2063 3037 2101 ea
3071 2048 3471 2102 circumdaturi

1880 2137 2049 2190 sunt?
2076 2137 2210 2192 Nam
2236 2139 2382 2191 venti
2409 2139 2632 2206 quidem
2662 2140 2825 2193 unius
2869 2140 3107 2207 impulsu
3141 2151 3197 2194 et
3229 2141 3471 2194 violento

1881 2226 2091 2296 impetu
2145 2229 2319 2281 everti
2385 2228 2635 2293 domum,
2664 2239 2760 2283 aut
2808 2229 3062 2284 arborem
3116 2247 3300 2294 ruere.
3335 2235 3465 2285 novi

1880 2317 2019 2372 nihil
2055 2305 2241 2383 fuerit,
2294 2335 2397 2373 nec
2439 2335 2469 2372 a
2532 2322 2934 2375 consuetudine
2989 2321 3309 2376 abhorreat.
3360 2321 3467 2375 Sed

1880 2409 1970 2463 ubi
2002 2409 2167 2482 552
2213 2412 2438 2481 plurimi
2478 2412 2642 2465 simul
2673 2429 2736 2466 ex
2775 2414 3008 2468 adverso
3042 2415 3326 2483 spirarint.
3353 2430 3466 2468 non

1882 2504 2077 2573 utique
2112 2506 2412 2573 quidquam
2454 2505 2704 2559 omnium
2764 2516 3141 2575 prosternent.
3172 2507 3308 2561 Nam
3340 2524 3465 2562 cum

1879 2599 2043 2649 unius
2079 2597 2491 2666 impressionem
2532 2598 2761 2652 alterius
2806 2600 3081 2652 contraria
3176 2599 3467 2669 impressio

1877 2688 2091 2758 frangat
2121 2699 2176 2743 et
2204 2690 2490 2757 reprimat,
2514 2706 2579 2742 ex
2610 2690 2711 2743 ista
2744 2690 2859 2758 pari
2892 2692 3154 2758 utrinque
3206 2693 3466 2748 violentia

1880 2778 1934 2830 in
1988 2778 2171 2831 medio
2216 2778 2604 2833 inconcussum
2642 2790 2697 2832 et
2742 2779 2940 2833 stabile
2999 2782 3341 2848 permanebit
3387 2782 3466 2845 id,

1880 2870 1968 2921 cui
1995 2871 2081 2923 vis
2116 2870 2371 2924 infertur.
2416 2869 2686 2924 Praeterea
2718 2881 2916 2924 ventos
2944 2887 3011 2925 ex
3042 2872 3277 2926 adverso
3301 2874 3466 2928 simul

1883 2962 2116 3023 moveri,
2174 2976 2277 3014 nec
2320 2960 2652 3015 Aristoteles
2699 2964 3006 3015 secundum
3059 2976 3311 3017 naturam
3345 2980 3467 3019 esse

1833 3055 2177 3116 .coucedit,
2237 3069 2337 3108 nec
2388 3058 2655 3125 temporis
2708 3056 3046 3109 diuturnitas
3101 3072 3288 3110 verum
3343 3072 3466 3112 esse

1880 3144 2144 3199 ostendit.
2172 3144 2443 3200 Caderum
2504 3146 2636 3199 illud
2686 3161 2828 3216 pene
2877 3162 2961 3199 me
3003 3148 3293 3213 prteteriit,
3318 3150 3463 3217 quod

198 3220 683 3314 μετρονμανέμους
717 3229 1008 3294 κινεῖσθαι,
1053 3230 1164 3283 οὔτ’
1209 3233 1583 3308 Ἀριστοτέλης
1614 3242 1778 3307 φύσιν

1885 3238 2072 3292 Martis
2102 3250 2159 3293 et
2192 3238 2419 3294 Saturni
2459 3241 2513 3294 in
2549 3256 2659 3294 uno
2694 3244 2850 3310 signo
2884 3256 3240 3309 congressum
3274 3259 3466 3313 pugnm

190 3306 346 3375 ἔχειν
396 3308 637 3377 δίδωσιν,
689 3314 806 3367 οὗθ’
856 3319 884 3369 ὁ
944 3321 1112 3383 πολὺς
1163 3322 1331 3392 ἔφηνε
1379 3306 1586 3394 χρόνος.
1634 3330 1775 3382 Ἀλλ’

187 3399 375 3452 ἐκεῖνο
414 3404 613 3472 μικροῦ
653 3423 721 3474 με
770 3411 1113 3480 παρέδραμε.
1145 3415 1257 3484 Τὴν
1282 3417 1387 3485 γὰρ
1426 3418 1521 3471 τοῦ
1568 3420 1774 3491 Κρόνου

189 3492 287 3544 καὶ
319 3494 519 3562 Ἄρεος
568 3496 657 3565 ὑφ’
684 3501 765 3552 ἐνὶ
790 3501 967 3571 ζωδίῳ
991 3505 1304 3560 συνέλευσιν
1331 3510 1510 3562 αἰτίαν
1537 3511 1638 3579 τῆς
1666 3513 1773 3565 τῶν

186 3585 415 3652 ἀνέμων
447 3588 688 3641 τίθενται
731 3594 913 3662 μάχης
951 3595 1045 3647 καὶ
1066 3599 1170 3666 πρό
1200 3616 1261 3665 γε
1294 3599 1503 3653 τούτων
1535 3604 1772 3672 ἡλιακὴν

185 3689 313 3727 τινα
350 3676 618 3746 ἔκλειψιν.
649 3681 707 3731 Εἰ
741 3681 834 3733 οὖν
858 3683 1033 3736 ταῦτα
1063 3689 1258 3759 φανείη
1299 3691 1495 3759 ψεῦδος
1536 3711 1772 3764 περιφα-

187 3765 299 3829 νὲς,
340 3770 621 3839 ἡγούμενα
647 3772 777 3826 ὄντα
804 3776 911 3827 τῶν
941 3778 1163 3849 ἑφεξῆς,
1189 3782 1358 3852 ψευδῆ
1391 3786 1605 3849 πάντως
1635 3790 1774 3854 μετὰ

190 3860 288 3910 τοῦ
322 3861 575 3928 μείζονος
618 3866 939 3937 προσθήκης
969 3874 1185 3936 φανεῖεν
1219 3873 1286 3925 ἂν
1329 3877 1422 3928 καὶ
1452 3877 1519 3929 τὰ
1560 3879 1772 3943 τούτοις

186 3952 475 4019 ἑπόμεναο
507 3951 699 4020 ὥσπερ
755 3960 821 4010 διν
851 3958 1012 4021 εἴτις
1062 3962 1163 4029 τὴν
1204 3965 1361 4031 ῥίζαν
1414 3967 1508 4018 τοῦ
1556 3968 1771 4036 δένδρου

184 4044 378 4113 τεμὼν
432 4050 756 4114 συναφεῖλεν
807 4051 969 4114 εὐθὺς
1014 4055 1105 4105 καὶ
1148 4055 1249 4125 τὴν
1292 4057 1399 4109 τῶν
1454 4060 1772 4130 ἀκροδρύων

183 4138 394 4205 ψυχήν.
438 4140 513 4191 Οὐ
548 4143 656 4210 γὰρ
715 4144 875 4209 μόνον
901 4148 956 4197 εν
1001 4149 1112 4208 τοῖς
1148 4149 1384 4217 παροῦσι
1425 4155 1636 4220 καιροῖς
1671 4156 1771 4207 οὐκ

187 4231 332 4281 εἰσὶν
363 4231 471 4282 ὑπὸ
512 4232 704 4296 ζῴδιον
734 4235 793 4287 ἓν
844 4238 1049 4307 Κρόνος
1106 4241 1199 4292 καὶ
1238 4242 1299 4292 Ἀ
1316 4259 1437 4311 ρης,
1491 4244 1606 4296 ἀλλ’
1652 4247 1771 4298 οὐδὲ

184 4324 333 4375 δυοῖν
372 4324 612 4394 συνεχῶς
665 4327 1089 4399 ἐξελιττομένων
1142 4332 1410 4387 ἐνιαυτῶν
1455 4337 1551 4387 οὐκ
1588 4338 1652 4390 ἄν
1684 4354 1770 4388 πω

188 4416 509 4468 συνέλθοιεν
548 4419 633 4472 ἄν.
673 4420 844 4489 Ἀρης
885 4425 994 4493 γὰρ
1027 4424 1092 4475 ὲκ
1124 4424 1320 4476 πολλοῦ
1374 4428 1499 4496 περὶ
1532 4427 1632 4497 τὴν
1678 4430 1770 4480 τοῦ

184 4512 421 4573 Λέοντος
456 4514 946 4581 πεντεκαιδεκάτην
980 4519 1177 4586 μοῖραν
1225 4517 1314 4570 τὸν
1360 4520 1564 4587 Κρᾷιιον
1600 4539 1772 4573 κατα-

1883 3340 2177 3385 ventorum
2226 3347 2447 3386 causam
2502 3342 2770 3396 statuunt,
2806 3346 2862 3389 et
2905 3345 3032 3387 ante
3061 3334 3156 3387 has
3194 3335 3464 3391 defectio-

1878 3437 2002 3474 nem
2038 3422 2334 3491 quamdam
2379 3424 2533 3478 solis.
2581 3425 2711 3488 Quae
2760 3439 2884 3477 cum
2929 3424 3195 3493 principia
3244 3426 3463 3493 sint,cx

1874 3514 2080 3583 quibus
2138 3525 2332 3569 ett-tera
2369 3525 2806 3585 consequuntur.
2851 3518 2893 3570 si
2957 3518 3087 3570 falsa
3121 3532 3244 3570 esse
3273 3529 3461 3587 patue—

1875 3607 1965 3668 rit,
1995 3610 2168 3676 magis
2214 3608 2404 3676 utique
2456 3608 2585 3660 falsa
2637 3619 2802 3660 crunt
2847 3624 2908 3659 ea
2947 3608 3295 3678 omniaque
3337 3612 3465 3663 inde

1874 3699 2212 3767 colliguntur
2261 3717 2274 3755 :
2329 3700 2473 3752 sicut
2519 3700 2731 3752 succisa
2782 3701 2962 3752 radice
3000 3701 3213 3755 arboris
3264 3719 3462 3755 summi

1874 3790 2040 3842 etiam
2080 3791 2383 3844 cacuminis
2434 3790 2615 3841 anima
2653 3790 2860 3843 interit.
2900 3791 3058 3857 Atqui
3086 3791 3188 3844 hoc
3219 3804 3461 3861 tempore

1872 3880 2153 3936 Saturnus
2208 3894 2261 3936 et
2305 3881 2450 3935 Mars
2497 3898 2605 3935 non
2654 3884 2829 3935 solum
2886 3882 2937 3934 it:
3001 3900 3110 3935 uno
3167 3885 3322 3953 signo
3355 3902 3457 3938 "0.:

1874 3984 2023 4037 sunt,
2059 3976 2153 4028 Sed
2187 3990 2287 4028 nec
2312 3976 2474 4027 annis
2505 3976 2728 4042 quidem
2774 3976 3055 4027 continuis
3086 3976 3304 4029 duobus
3335 3994 3465 4031 evo-

1873 4066 2002 4119 lutis
2031 4066 2193 4119 simul
2233 4066 2497 4133 congredi
2542 4077 2794 4133 possunt.
2828 4066 3041 4117 Etenim
3080 4065 3238 4121 Mars.
3275 4066 3463 4120 Satur-

1873 4175 1945 4211 no
1972 4158 2304 4227 jzimpridetn
2362 4160 2413 4210 in
2458 4159 2667 4211 decima
2724 4158 2915 4226 quinta
2954 4157 3154 4211 Leonis
3191 4170 3345 4226 parte
3378 4176 3464 4211 re—

1874 4252 2025 4308 licto.
2055 4254 2106 4303 in
2143 4251 2358 4318 Seorpii
2414 4251 2602 4304 chelas
2643 4252 2754 4320 jam
2794 4253 3008 4303 transit.
3038 4250 3182 4304 Solis
3211 4266 3338 4304 vero
3367 4251 3456 4304 de-

1873 4343 2165 4397 fectionem
2198 4359 2299 4397 IICC
2321 4353 2431 4397 ῑυιιι
2458 4347 2570 4397 haec
2599 4353 2781 4403 aestas,
2804 4360 2904 4398 nec
2930 4357 3225 4400 SCCIIllIf'US
3246 4353 3465 4398 autum-

1872 4451 1979 4489 nus
2015 4437 2216 4488 sentiet
2248 4453 2259 4487 :
2295 4436 2399 4488 etsi
2460 4450 2652 4490 omnes
2704 4437 2977 4503 homines,
3010 4451 3201 4491 omnes
3231 4452 3359 4490 aves
3406 4438 3457 4489 id

1874 4529 2213 4582 allirniarint.
2243 4528 2415 4597 Cujus
2471 4530 2567 4582 tibi
2629 4531 2707 4583 rei
2774 4531 3033 4599 magister
3065 4540 3122 4583 et
3170 4540 3383 4600 tempus
3406 4544 3460 4585 et

183 4602 459 4667 λελοιπὼς
493 4604 592 4675 ἤδη
642 4607 737 4657 καὶ
770 4608 824 4669 ἐς
859 4608 956 4669 τὰς
998 4608 1092 4660 τοῦ
1141 4610 1412 4679 Σκορπίου
1461 4613 1627 4681 χηλὰς
1662 4615 1777 4667 δια-

1881 4634 2075 4673 sensus
2125 4619 2233 4672 erit
2281 4620 2347 4671 ad
2395 4620 2682 4674 veritatem
2744 4620 2965 4689 penitus
3020 4620 3456 4690 intelligendam.

183 4697 391 4753 ὅαξνει,
436 4697 704 4768 Ἰιλιακήν
754 4715 817 4765 γε
879 4704 987 4769 μὴν
1037 4702 1281 4771 ἔκλειψιν
1312 4703 1437 4755 οὔτε
1494 4709 1551 4756 τὸ
1595 4709 1769 4775 παρὸν

184 4784 337 4840 ἆπαν
367 4788 544 4858 θέρος,
582 4788 706 4842 οὔτε
734 4792 793 4842 τὸ
827 4795 1022 4861 ἑφεξῆς
1057 4792 1170 4864 (95)
1208 4796 1346 4863 μετὰ
1398 4797 1556 4848 τοῦτο
1594 4801 1773 4867 φθινό-

181 4896 375 4949 πωρον
422 4880 633 4949 ὄψεται,
695 4882 796 4935 κᾶν
831 4886 1032 4946 πάντες
1088 4886 1385 4957 ἄνθρωποι,
1421 4888 1519 4941 κᾶν
1571 4891 1770 4953 πάντες

181 4975 478 5041 φάσκωσιν
518 4974 751 5043 ὄρνιθες.
788 4977 979 5031 Ἔσται
1011 4978 1067 5030 δέ
1104 4996 1186 5031 σοι
1210 4980 1415 5033 τούτων
1448 4982 1769 5047 διδάσκαλος

180 5072 208 5119 ὃ
236 5084 296 5119 τε
327 5068 521 5137 χρόνος
564 5070 660 5119 καὶ
708 5071 740 5138 ἡ
772 5071 1026 5139 αἴσθησις
1068 5072 1206 5142 πρὸς
1240 5073 1441 5143 ἀκριϐῆ
1497 5080 1594 5143 τὴν
1629 5078 1765 5147 ἀλή-

138 5161 363 5211 νθειαν.
411 5160 578 5213 Οὐδὲν
633 5162 741 5230 γὰρ
777 5162 946 5223 οὕτως
1000 5166 1079 5224 εἰς
1130 5166 1441 5233 ἐπιστήμης
1494 5168 1767 5232 ἀπόδειξιν

180 5252 589 5322 ἀναντίρρητον
635 5254 842 5323 ἕτερον,
903 5259 976 5316 ὡς
1031 5258 1298 5327 ἐμπειρία⁴
1348 5260 1443 5310 καὶ
1490 5261 1767 5330 αἴσθησις.

187 5366 206 5398 ι
247 5345 520 5414 Αἴσθησις
558 5347 657 5416 μὲν
687 5349 821 5417 γὰρ,
857 5366 874 5397 i
916 5356 1099 5416 φησιν,
1143 5367 1159 5399 t
1200 5352 1495 5421 ἐμπειρίαν
1539 5356 1767 5424 ποιεί,ἡ

179 5443 239 5493 δὲ
265 5442 538 5511 ἐμπειρία
560 5444 659 5503 τὰς
684 5443 859 5513 ἀρχὰς
882 5443 1064 5496 δίδωσι
1088 5449 1150 5515 τῇ
1180 5449 1477 5518 ἐπιστήμῃ.
1514 5466 1531 5498 i
1557 5451 1769 5517 Ὥσπερ

180 5533 279 5590 οὖν
310 5538 465 5589 σίτου
513 5538 815 5604 σπαρέντος
854 5538 933 5598 εἰς
969 5539 1071 5608 γῆν
1107 5538 1381 5608 ἐνδέχεται
1416 5544 1617 5613 στάχυν
1654 5544 1768 5595 ἔσε-

1867 4711 2013 4766 Niliil
2048 4712 2196 4765 enim
2245 4722 2349 4778 est,
2398 4714 2485 4766 cui
2525 4713 2592 4766 ad
2635 4713 2878 4766 scientiae
2931 4713 3458 4766 demonstrationem

1869 4805 2052 4858 minus
2080 4798 2083 4809 ³
2102 4804 2366 4874 refragari
2426 4806 2611 4867 liceat,
2641 4820 2807 4874 quam
2864 4805 3050 4857 sensui
3085 4815 3139 4857 et
3172 4805 3463 4874 experietv

1872 4898 1981 4953 tite.
2026 4917 2044 4951 ι
2100 4900 2314 4953 Sensus
2360 4900 2587 4969 quippe,
2640 4899 2822 4968 inquit
2869 4899 3257 4969 Pliilos'Ophus,
3290 4916 3459 4968 expe-

1873 4991 2128 5045 rientiam
2152 4990 2327 5060 gignit
2353 5007 2368 5053 ;
2403 4991 2748 5059 experientia
2795 5006 2928 5044 vero
2956 4993 3229 5060 principia
3255 5004 3457 5060 Suppe-

1875 5074 2013 5139 dita't
2044 5084 2312 5138 scientiae.
2346 5102 2363 5134 ›
2416 5084 2572 5138 Sicut
2619 5085 2787 5154 igitur
2831 5086 3108 5138 frumento
3151 5085 3202 5136 in
3255 5094 3454 5137 terram

1870 5187 1988 5231 sato
2046 5177 2198 5247 spica
2252 5177 2405 5230 nasci
2461 5184 2663 5246 potest,
2696 5176 2857 5246 453
2894 5177 3011 5231 sine
3053 5186 3299 5230 semente
3326 5191 3461 5229 vero

1872 5285 1941 5323 ne
1975 5286 2195 5339 germen
2228 5270 2449 5339 quidem
2476 5274 2784 5339 exspectari
2813 5270 2979 5323 debet
3014 5288 3027 5322 :
3069 5271 3142 5323 ita
3185 5279 3240 5323 et
3271 5270 3324 5323 in
3356 5271 3462 5323 bac

1874 5379 1932 5416 re
1962 5382 1975 5428 ;
2002 5363 2047 5417 si
2082 5362 2189 5416 erit
2214 5363 2466 5417 defectus
2492 5363 2644 5426 solis,
2668 5362 2711 5416 si
2756 5362 3027 5417 Saturnus
3058 5372 3115 5416 et
3146 5362 3287 5416 Mars
3324 5380 3460 5415 con--

1872 5455 2112 5522 gressuri
2136 5464 2286 5519 sunt,
2314 5455 2501 5508 dicere
2544 5455 2773 5507 fortasse
2808 5454 2880 5507 illi
2923 5466 3152 5523 queant,
3179 5455 3299 5507 fore
3338 5464 3457 5506 tur-

1878 5546 2037 5602 bines
2070 5558 2127 5601 et
2178 5548 2497 5603 eversiones
2542 5549 2761 5602 urbium
2795 5558 2849 5603 et
2895 5550 3164 5605 montium
3194 5566 3224 5605 a
3252 5547 3456 5603 radici-

1564 5665 1900 5727 Varinrum
1940 5675 2124 5729 notae.

258 5764 372 5831 (‘35)
410 5760 588 5816 [Estas
628 5762 756 5815 anni
793 5762 927 5815 1550
976 5763 1111 5818 solis
1163 5763 1524 5819 defectionem
1570 5766 1764 5823 habuit

180 5838 275 5889 die
303 5834 452 5888 Junii
488 5834 571 5893 16,
604 5835 671 5905 de
698 5835 974 5905 quainfra
1004 5852 1123 5905 cap.
1162 5834 1245 5899 12,
1267 5852 1397 5892 seet.
1426 5837 1461 5889 ‘2
1507 5837 1639 5889 item
1667 5855 1763 5891 au-

184 5920 415 5963 tumnus
458 5906 585 5960 anni
639 5903 795 5969 155%,
821 5903 955 5961 Nov.
998 5903 1085 5961 die
1127 5909 1237 5974 50.,
1275 5921 1330 5962 ut
1374 5910 1510 5965 infra
1542 5926 1760 5978 quoque

1873 5768 2087 5823 dicetur
2109 5787 2229 5836 cap.
2263 5771 2361 5823 ult.
2394 5771 2583 5841 Itaque
2614 5771 2727 5825 llZPC
2764 5772 3021 5827 videntur
3048 5772 3250 5841 scripta
3280 5770 3457 5827 fuisse

1871 5856 2016 5896 anno
2049 5843 2209 5898 1529.
2244 5842 2451 5897 BOIVIN.
