4248 6442
223 395 329 460 649
471 390 548 461 [Α.
590 405 641 444 c.
685 385 821 441 £523
858 403 923 442 AD
967 387 1122 458 15111

1235 389 1694 450 BYZANTlN/E
1731 390 2116 451 HISTORIA;
2155 391 2300 451 LIB.
2345 391 2453 450 IX.

2575 385 2707 457 [ιιιιι.
2751 401 3029 442 asumma.
3073 400 3214 461 tum]

3355 396 3462 464 650

218 513 284 581 δὴ
321 511 399 580 μὴ
443 509 724 575 ἀξιόλογον
755 502 869 575 εἶχε
910 507 1145 577 στρατὸν
1179 506 1314 576 πρὸς
1351 505 1448 574 τὴν
1473 505 1565 556 τοῦ
1605 505 1796 573 Κράλη
1831 511 1868 562 Α

1788 526 1796 570 ι
1831 511 1868 562 Α
1902 516 2090 555 versus
2121 503 2298 556 Cralis
2327 505 2470 555 vires
2503 503 2674 570 copia:
2725 519 2832 557 non
2881 503 3016 559 satis
3052 520 3261 574 magnae
3285 522 3465 572 erant,

217 607 472 670 δύναμιν,
501 600 1031 670 ἐστρατοπεδεύσατο
1054 598 1340 664 παρελθὼν
1371 598 1520 666 παρὰ
1541 597 1722 649 πεδίον
1745 613 1796 648 τι

217 697 318 764 τῆς
341 691 885 760 Πελαγόνωνιχὼρας,
903 693 1010 761 ὅπη
1043 693 1133 744 καὶ
1150 693 1328 762 ὅμορα
1350 687 1492 761 ἦσαν
1507 693 1798 759 Ῥωμαίοις

219 787 519 839 ὑπείκοντα
555 785 830 852 πολίχνια,
864 784 1186 853 καραδοκῶν
1227 782 1437 835 ἐκεῖθεν
1474 783 1572 850 τὴν
1599 783 1800 851 ἐτέρω-

217 879 310 930 θεν
335 877 429 930 τοῦ
457 876 742 946 Μιχαήλου
781 875 1144 945 στερροτέραν
1175 876 1315 927 κατὰ
1343 873 1450 926 τῶν
1483 873 1802 942 Τριϐαλλῶν

218 968 304 1040 [Ρ.
329 968 456 1040 280]
478 968 668 1036 ἔφοδον
693 969 798 1046 δίκη
824 967 1129 1038 χωρήσειεν
1151 965 1482 1020 ἀκούσεσθαι
1515 967 1797 1034 πρότερον,

214 1060 437 1114 κᾶπειθ’
464 1062 491 1113 ὅ
527 1078 578 1112 τι
606 1065 761 1128 γνοίη
793 1065 888 1114 καὶ
920 1059 1083 1120 αὐτὸς
1113 1057 1536 1127 διαπράξεσθαι.
1577 1059 1705 1111 Ὅτε
1733 1057 1798 1124 δὴ

214 1151 314 1202 καὶ
349 1149 505 1218 ἡλίου
561 1149 896 1217 γεγενῆσθαι
946 1149 1308 1215 ἐπισκότησιν
1356 1148 1641 1214 ἐξεγένετο
1672 1152 1803 1216 περὶ

213 1243 317 1310 τὴν
351 1241 669 1309 δωδεκάτην
699 1239 850 1310 ὥραν
881 1239 978 1306 τῆς
1005 1238 1406 1307 ἑκκαιδεκάτης
1437 1237 1530 1289 τοῦ
1580 1237 1800 1290 Ἰουλίου

213 1334 454 1403 ἡμέρας,
485 1333 547 1384 ού
583 1335 736 1402 μεῖον
759 1331 865 1383 τῶν
908 1336 974 1382 ια’
1002 1329 1305 1393 δακτύλων,
1340 1331 1501 1392 εἴτις
1536 1330 1686 1399 παρά
1711 1330 1802 1381 τὸν

212 1427 305 1480 διά
339 1427 636 1490 Βυζαντίου
664 1423 1010 1494 παράλληλον
1044 1425 1248 1475 ποιοῖτο
1295 1423 1393 1492 τὴν
1433 1422 1669 1492 οἴκησιν,
1714 1439 1800 1476 τι-

214 1520 430 1588 τάρτην
455 1519 549 1571 καὶ
574 1517 828 1584 εἰκοστὴν
852 1516 945 1568 τοῦ
972 1516 1250 1584 Καρκίνου
1273 1516 1580 1585 τηνικαῦτα
1606 1520 1802 1586 μοῖραν

210 1611 540 1680 άμείδοντος
589 1610 684 1662 τοῦ
714 1608 867 1661 θλίου
904 1608 1044 1678 (Ξῦ),
1073 1607 1170 1660 καὶ
1213 1605 1310 1676 τὴν
1357 1607 1455 1676 μὲν
1489 1608 1664 1678 ἀρχὴν
1705 1609 1801 1674 τῆς

213 1705 629 1773 ἐπισκοτήσεως
679 1703 788 1756 ἀπὸ
841 1703 1010 1772 μέσου
1064 1700 1379 1764 δεικνύντος
1423 1703 1655 1769 ίάπυγος
1709 1707 1802 1754 καὶ

213 1797 510 1864 θρασκίου,
543 1799 604 1850 τὺ
632 1796 688 1850 δέ
727 1798 878 1859 τέλος
925 1795 1025 1849 ἀπ’
1050 1794 1355 1866 ἀρχομένου
1385 1795 1611 1864 ἔγγιστα
1654 1798 1800 1866 ἀπη-
1829 1850 1872 1910 Β

212 1889 435 1944 λιὼτου.

284 1983 363 2035 Γ’.
407 1983 468 2034 ὐ
495 1981 686 2052 μέντοι
708 1979 987 2051 Μιχάηλος
1013 1981 1265 2034 πλεῖστον
1290 1980 1514 2051 ἀγείρας
1541 1983 1792 2053 στρατὸν,

210 2073 428 2128 δώδεκα
462 2075 564 2142 μέν
594 2074 840 2144 χιλιάδας
871 2077 933 2126 ἐκ
976 2075 1074 2144 τῆς
1106 2074 1308 2136 οἰκείας
1339 2075 1547 2145 χώρας,
1572 2078 1722 2145 τρεῖς
1749 2075 1794 2127 δ’

211 2167 408 2234 ἐτέρας
440 2166 662 2218 Σκυθῶν
696 2165 1068 2236 μισθοφόρων,
1094 2166 1342 2218 ἐσόάλλει
1365 2167 1452 2220 διὰ
1473 2165 1583 2218 τῶν
1610 2168 1798 2237 ἀρκτι-

209 2261 480 2313 κωτάτων
527 2260 698 2327 Αἴμου
730 2258 824 2312 τοῦ
858 2259 1018 2329 ὅρους
1070 2263 1128 2322 ἐς
1179 2261 1278 2329 τὴν
1322 2261 1430 2312 τῶν
1475 2259 1794 2328 Τριῦαλλών

211 2353 424 2422 χώραν,
469 2351 599 2405 ἔνθα
627 2352 691 2422 δὴ
733 2353 970 2420 μάλιστα
1002 2354 1096 2405 καὶ
1128 2351 1377 2419 ποταμοῦ
1419 2352 1513 2404 τοῦ
1547 2352 1795 2422 Στρυμό-

212 2463 302 2500 νος
343 2446 484 2497 είσὶν
513 2445 569 2498 al
593 2444 789 2513 πηγαί.
820 2445 1103 2513 Τέτταρας
1131 2446 1229 2512 μὲν
1252 2443 1346 2498 οὖν
1380 2446 1594 2514 ἡμέρας
1615 2445 1798 2514 διηνυ-

209 2537 322 2598 κὼς
356 2537 454 2589 ἐπὶ
503 2536 600 2606 τῆς
648 2535 918 2604 πολεμίας
969 2536 1126 2606 ἐδῄου
1177 2537 1275 2589 καὶ
1325 2537 1508 2607 ἔκειρε
1545 2537 1641 2606 τὴν
1689 2537 1794 2606 γῆν

209 2629 388 2690 ἀδεῶς
441 2629 535 2680 καὶ
587 2628 965 2698 ἐδενδροτόμει
1023 2628 1149 2690 τοὺς
1209 2629 1414 2697 ἀγροὺς
1467 2630 1563 2680 καὶ
1607 2629 1794 2692 κακῶς

209 2724 390 2775 ἐποίει
439 2721 537 2790 τὴν
569 2721 778 2791 χώραν,
814 2720 968 2774 ούπω
1014 2722 1241 2789 μηδενδ;
1274 2721 1481 2774 ἐκεῖθεν
1519 2721 1659 2775 ὅπλα
1699 2724 1794 2775 άν-

208 2817 518 2883 ταίροντος.
554 2815 633 2884 Τῇ
660 2818 886 2885 πέμπτῃ
919 2813 964 2866 δ’
1007 2814 1126 2883 ἅμα
1158 2814 1294 2885 ἡλίῳ
1324 2815 1668 2882 ἐπιφαίνεται
1699 2817 1793 2868 καὶ

181 2905 236 2961 ’ὁ
267 2908 498 2976 Κράλης
544 2907 796 2975 Σερὸἱας.
853 2909 1011 2977 χεῖρα
1046 2906 1274 2976 βαρεῖαν
1316 2907 1657 2976 ἐπαγόμενος
1697 2909 1792 2960 καὶ

206 3002 352 3052 ὅπλα
375 3005 442 3066 τῇ
469 3000 818 3067 λαμπρότητι
841 3001 937 3061 τὰς
967 2998 1341 3068 τῶνόρὼντων
1373 2999 1792 3069 ἀποκρύπτοντα

207 3093 388 3161 seu;
434 3091 587 3142 Ἐπεὶ
641 3089 689 3141 δ’
725 3091 964 3160 ἑκάτερα
996 3091 1063 3142 τά
1112 3089 1499 3160 στρατεύματα
1553 3090 1792 3160 παρετά-

1904 593 1957 646 in
1991 593 2214 660 planitie
2263 595 2497 661 quadam
2533 594 2776 661 regionis
2807 595 3138 664 Pelagonum
3172 608 3470 652 castrame-

1905 693 2069 748 tatur,
2102 685 2190 736 cui
2252 684 2484 737 finitima
2542 695 2695 737 erant
2755 688 3182 755 Oppidula,quat
3214 689 3472 743 Romanis

1903 776 2201 844 parebant;
2262 786 2426 844 atque
2484 776 2558 830 ibi
2608 780 2976 845 praestolatur,
3026 781 3203 836 donec
3264 783 3472 841 audiat.

1901 880 2165 934 quorsum
2193 881 2260 919 ex
2295 866 2465 920 altera
2496 877 2650 936 parte
2682 871 2924 923 evaserit
2953 870 3240 927 Michaelis
3272 874 3329 928 in
3351 873 3479 928 Tri-

1906 956 2078 1010 ballos
2112 958 2320 1010 ﬁrmior
2353 957 2642 1028 impressio
2663 999 2679 1024 ,
2719 969 2779 1013 ut
2809 961 2922 1030 ipse
2954 961 3154 1017 deinde
3183 963 3329 1032 quod
3357 980 3390 1020 e
3421 981 3480 1018 re

1904 1048 2079 1103 visum
2115 1048 2282 1102 fuerit
2323 1064 2681 1118 exsequatur.
2713 1051 2871 1106 Tunc
2919 1065 3104 1107 autem
3142 1056 3284 1109 circa
3316 1054 3480 1126 555

1904 1140 2097 1193 horam
2151 1140 2560 1206 duodecimam,
2591 1142 2678 1197 die
2713 1143 2842 1197 Julii
2877 1144 3088 1199 decima
3147 1155 3323 1211 sexta,
3349 1147 3482 1200 solis

1902 1231 2215 1286 obscuratio
2269 1231 2409 1286 facta
2451 1243 2535 1288 est
2574 1248 2685 1287 non
2739 1236 2922 1288 minor
2961 1236 3218 1290 undecim
3271 1236 3479 1306 digitis,

1901 1322 2194 1377 observata
2255 1340 2451 1394 nempe
2496 1326 2564 1379 ab
2607 1341 2698 1390 eo,
2726 1327 2819 1396 qui
2853 1329 2908 1381 in
2955 1329 3212 1398 parallelo
3248 1345 3346 1400 per
3373 1329 3481 1400 By.

1903 1415 2146 1469 zantium
2179 1415 2342 1470 ducto
2377 1417 2655 1472 habitaret
2693 1437 2706 1473 :
2743 1436 2854 1489 quo
2885 1429 3130 1487 tempore
3157 1421 3238 1475 sol
3266 1432 3481 1491 partem

1900 1505 2095 1562 Cancri
2122 1507 2439 1562 vicesimam
2464 1519 2716 1579 quartam
2748 1513 3138 1582 pertransibat.
3168 1512 3296 1582 Ejus
3318 1528 3484 1583 porro

1900 1597 2170 1665 eclipseos
2203 1598 2565 1654 observanda:
2620 1601 2839 1656 initium
2889 1618 2920 1656 a
2957 1605 3141 1658 medio
3180 1603 3385 1676 Japyge
3427 1615 3484 1659 et

1902 1688 2189 1757 Thrascia,
2217 1690 2340 1746 finis
2365 1692 2435 1747 ab
2471 1694 2628 1750 initio
2660 1695 2777 1752 fere
2815 1695 3112 1751 Subsolani
3135 1696 3270 1752 fuit.

1968 1978 2059 2033 lll.
2107 1980 2335 2036 Michael
2391 1998 2522 2038 vero
2580 1983 2789 2054 ingenti
2837 1996 3032 2041 coacto
3056 1987 3302 2043 exercitu
3333 1989 3481 2056 (nam

1899 2070 2282 2141 indigenarum
2340 2074 2512 2129 millia
2548 2075 2867 2142 duodecim,
2899 2078 3229 2150 Scytharum
3275 2097 3484 2138 merce-

1897 2163 2181 2217 nariorum
2217 2165 2317 2220 tria
2382 2167 2553 2222 millia
2588 2171 2794 2236 erant),
2831 2185 2930 2240 per
2990 2175 3480 2242 septentrionalem

1897 2259 2102 2310 montis
2130 2257 2298 2311 Haemi
2333 2272 2543 2328 partem
2579 2262 2633 2315 in
2664 2261 3032 2317 Triballorum
3074 2265 3342 2321 ditionem
3375 2268 3480 2322 im-

1898 2357 2080 2414 petum
2125 2348 2274 2408 facit.
2337 2351 2412 2403 ibi
2477 2351 2591 2406 fere
2646 2352 2739 2407 ubi
2790 2353 3096 2426 Strymonis
3124 2357 3271 2412 ﬂuvii
3302 2359 3482 2415 fontes

1895 2447 2043 2491 sunt.
2079 2441 2330 2504 Quatuor
2388 2441 2555 2511 igitur
2613 2445 2894 2499 continuis
2941 2446 3138 2502 diebus
3177 2449 3229 2503 in
3268 2451 3481 2507 hostico

1898 2530 2167 2586 traductis
2221 2548 2381 2601 agros
2434 2535 2656 2604 impune
2719 2537 2864 2592 ferro
2915 2551 2970 2594 et
3026 2540 3243 2597 ﬂamma
3281 2554 3477 2608 vastat,

1895 2624 2124 2679 arbores
2169 2626 2462 2690 exscindit,
2515 2637 2625 2681 tota
2657 2628 2897 2700 denique
2927 2633 3151 2702 regione
3177 2645 3477 2704 grassatur,

1896 2716 2115 2770 nemine
2176 2718 2396 2771 interim
2471 2735 2621 2772 arma
2677 2721 2946 2777 adversus
3003 2742 3130 2779 eum
3200 2739 3477 2784 movente.

1894 2807 2102 2872 Quinto
2142 2808 2366 2862 demum
2407 2826 2510 2863 una
2570 2828 2694 2865 cum
2727 2815 2862 2868 solis
2891 2825 3013 2869 ortu
3061 2815 3250 2872 Crales
3276 2819 3480 2875 Serviat

1894 2913 1953 2952 se
2006 2901 2267 2964 Ostendit,
2309 2904 2522 2971 magnis
2572 2919 2758 2959 secum
2808 2908 2982 2977 copiis
3039 2909 3314 2978 adductis,
3357 2929 3478 2983 qua:

1893 2992 2189 3060 splendore
2211 3009 2493 3048 armorum
2527 2997 2718 3052 oculos
2767 2998 3106 3056 intuentium
3137 3006 3477 3076 perstringe-

1894 3082 2041 3135 bant.
2071 3084 2207 3137 Cum
2254 3097 2438 3139 autem
2475 3098 2708 3158 utraque
2759 3091 2906 3146 acies
2939 3093 2993 3146 in
3048 3095 3335 3162 procinctu
3362 3109 3475 3152 sta-

207 3186 374 3248 ξαντο
421 3185 516 3235 καὶ
563 3185 631 3234 τὰ
663 3185 864 3250 σημεῖα
895 3181 1057 3252 ἦρθη.
1106 3183 1134 3234 ὁ
1182 3183 1403 3253 Κράλης
1451 3184 1548 3246 τάς
1577 3185 1790 3237 -ἐαυτοῦ
1820 3196 1860 3252 c

1820 3196 1860 3252 ο
1894 3184 1993 3238 rt-t,
2026 3185 2080 3228 et
2119 3177 2270 3246 signa
2323 3179 2540 3233 sublata
2571 3191 2773 3248 essent,
2802 3183 2992 3239 Cralcs
3030 3201 3160 3240 suos
3215 3189 3280 3242 ad
3320 3189 3475 3245 forti-

204 3275 395 3340 τάξεις
448 3273 782 3344 ἐρρωμένως
827 3272 1386 3342 παρακελευσάμενος
1432 3274 1725 3343 μάχεσθαι,
1760 3277 1788 3326 ὁ

204 3366 373 3418 δ’ἐπὶ
418 3366 516 3433 τὴν
568 3364 661 3416 τοῦ
713 3365 1000 3433 Μιχαήλου
1049 3367 1292 3434 σημαίαν
1345 3366 1614 3435 ἐκτρέχει,
1650 3368 1787 3434 ἔχων

205 3474 272 3507 πε
287 3459 343 3523 pl.
375 3456 543 3507 αὑτὸν
574 3455 778 3522 χιλίους
825 3455 1026 3516 ἱππέας
1057 3457 1294 3516 Κελτοὺς
1333 3458 1552 3524 μεγέθει
1596 3474 1654 3509 τε
1684 3460 1787 3510 σώ-

207 3565 386 3616 ματος
413 3548 507 3599 καὶ
541 3549 732 3616 ῥώμης
758 3548 1051 3617 περιουσίᾳ
1075 3550 1170 3600 καὶ
1193 3548 1372 3600 ὃπλων
1406 3550 1670 3620 ἐμπειρία
1700 3567 1790 3604 πο-

203 3641 456 3708 λεμικῶν
513 3642 785 3709 κράτιστα
834 3641 1181 3709 ἠσκημένους
1229 3660 1285 3694 τε
1322 3645 1412 3694 καὶ
1443 3645 1786 3713 ἐσκευασμέ-

201 3749 355 3792 νους.
405 3734 514 3784 Καὶ
549 3733 755 3802 ταύτην
814 3735 907 3796 ξὺν
936 3734 998 3785 ού
1032 3733 1212 3803 πολλῷ
1265 3737 1412 3803 πόνῳ
1453 3736 1784 3809 καθῃρηκὼς

202 3825 442 3893 ἔδραμεν
469 3825 559 3875 ἐπὶ
585 3827 684 3890 τὴν
716 3824 811 3877 τοῦ
834 3827 1118 3894 Μικαήλου
1151 3827 1459 3897 παράταξιν
1482 3845 1496 3859 ·
1528 3831 1621 3881 καὶ
1647 3847 1782 3898 συμ-

204 3916 461 3984 πατήσας
488 3916 546 3967 τὺ
581 3916 714 3967 πολὺ
742 3915 836 3968 τοῦ
874 3918 1002 3985 περὶ
1049 3917 1213 3970 αὑτὸν
1246 3919 1652 3988 στρατεύματος
1691 3921 1786 3974 καὶ

201 4005 536 4058 καταϐαλὼν
582 4005 759 4067 ζῶντα
805 4009 1080 4078 χειροῦται
1117 4013 1212 4063 καὶ
1245 4013 1784 4080 τετραυματισμένον

200 4098 298 4148 καὶ
329 4096 422 4147 τὸν
468 4096 771 4165 Μιχάηλον.
823 4099 895 4150 Τὸ
937 4099 992 4151 δὲ
1028 4100 1394 4171 Βουλγαρικὸν
1445 4102 1572 4154 ἄλλο
1616 4103 1782 4172 στρά-

200 4205 385 4257 τευμα
421 4189 483 4240 τὸ
532 4192 631 4258 μὲν
687 4192 868 4242 πλεῖον
910 4193 1028 4244 ἐκεῖ
1069 4194 1374 4262 κατεκόπη.
1408 4195 1469 4246 τὸ
1519 4195 1576 4246 δὲ
1626 4212 1783 4264 περιυ

198 4279 425 4348 λειφθὲν
473 4282 932 4351 γεγυμνωμέναις
985 4283 1176 4352 σαρξὶν
1220 4287 1277 4348 ἐς
1327 4285 1394 4339 τὰ
1445 4286 1583 4338 οἶκοι
1650 4288 1786 4356 ἐχώ-

201 4389 356 4441 ρουν.
403 4371 463 4425 '0
497 4373 681 4440 μέντοι
715 4375 994 4444 Μιχάηλος
1019 4378 1162 4445 τρεῖς
1190 4377 1372 4446 ἡλίους
1399 4377 1459 4429 τὸ
1489 4377 1548 4441 ἐξ
1571 4377 1782 4431 ἐκείνου

195 4463 458 4515 τεθέαται
503 4465 615 4527 ζῶν
650 4467 745 4519 καὶ
777 4467 921 4537 μάλα
949 4468 1106 4535 μόλις
1129 4467 1228 4536 τὴν
1275 4470 1562 4537 συμφορὰν
1602 4471 1781 4536 ἐπιγι-

1898 3276 1980 3320 ter
2052 3273 2406 3339 pugnandum
2481 3273 2825 3340 cohortatus,
2885 3277 3001 3346 ipse
3058 3281 3123 3332 ad
3191 3279 3475 3338 Michaelis

1896 3361 2156 3414 vexillum
2199 3378 2322 3416 cum
2374 3364 2522 3417 mille
2564 3365 2736 3420 Gallis
2787 3369 3068 3436 equitibus
3097 3373 3472 3442 magnitudine

1895 3470 2191 3523 corporum
2239 3467 2294 3510 et
2352 3458 2553 3512 robore
2611 3460 2918 3529 insignibus
2975 3471 3030 3516 et
3082 3463 3136 3516 in
3190 3479 3247 3519 re
3279 3465 3472 3521 bellica

1895 3547 2371 3603 exercitatissimis
2423 3550 2689 3616 excurrit,
2720 3566 2894 3620 eoque
2941 3553 3075 3606 citra
3111 3570 3363 3624 magnum
3399 3557 3474 3610 la-

1897 3637 2082 3693 borem
2143 3641 2360 3694 revulso
2406 3641 2474 3694 ad
2521 3641 2803 3697 Michaelis
2843 3659 3035 3711 agmen
3079 3657 3338 3715 praperat
3371 3666 3383 3701 :
3418 3661 3474 3702 et

1896 3747 2090 3800 magna
2121 3734 2242 3801 ejus
2281 3733 2517 3787 militum
2553 3745 2704 3802 parte
2751 3745 3024 3804 prostrata
3061 3747 3115 3791 et
3150 3740 3469 3793 conculcata

1893 3824 2080 3878 vivum
2111 3832 2166 3878 et
2219 3825 2467 3879 saucium
2504 3825 2820 3881 Michaelem
2851 3829 3016 3896 capit.
3050 3829 3315 3899 Reliquus
3346 3831 3473 3884 Bul-

1892 3932 2153 3986 garorum
2186 3918 2462 3972 exercitus
2495 3919 2688 3988 majori
2717 3934 2783 3973 ex
2816 3929 2970 3989 parte
3004 3920 3079 3974 ibi
3112 3936 3283 3975 caesus
3305 3921 3470 3994 456

1893 4015 1995 4061 est.
2020 4006 2123 4072 Qui
2148 4009 2474 4076 superstites
2503 4008 2679 4070 fuere.
2709 4011 2872 4064 nudis
2898 4012 3222 4080 corporibus
3244 4013 3467 4068 domum

1895 4099 2198 4153 redierunt.
2253 4100 2482 4154 Michael
2542 4112 2724 4157 autem
2781 4112 2891 4156 tres
2924 4119 2989 4157 ex
3032 4120 3096 4158 eo
3145 4104 3263 4160 dics
3310 4108 3470 4162 vivus

1892 4191 2061 4244 solem
2089 4190 2322 4259 aspexit,
2350 4191 2430 4246 sic
2462 4192 2711 4259 affectus,
2745 4202 2805 4247 ut
2842 4194 2930 4247 vix
2960 4194 3171 4250 cladem
3201 4212 3352 4250 snam
3385 4198 3468 4250 in-

1893 4290 2200 4358 telligeret;
2233 4300 2432 4360 quarto
2469 4291 2556 4346 die
2589 4292 2916 4361 exspiravit,
2946 4309 3069 4347 cum
3098 4293 3218 4363 ejus
3263 4309 3467 4364 corpus

1893 4381 2188 4435 lethalibus
2239 4382 2562 4437 vulneribus
2619 4382 2863 4437 ferendis
2913 4383 3090 4452 impar
3139 4384 3352 4439 fuisst't.
3397 4386 3466 4439 At

1894 4473 2192 4542 imperator
2244 4476 2460 4544 cognita
2517 4490 2574 4528 re
2612 4474 2934 4544 Byzantium
2969 4476 3151 4542 rediit,
3189 4476 3333 4530 nulla
3371 4491 3467 4530 ne-

199 4554 439 4606 νὼσκειν
476 4554 795 4624 δυνάμενος,
842 4558 919 4626 τῷ
944 4558 1004 4638 ’δὲ
1040 4561 1287 4630 τετάρτῳ
1339 4561 1661 4631 μετήλλαξε,
1711 4564 1784 4631 μὴ
1814 4549 1866 4608 ἶ)

1264 4581 1287 4629 μ
1339 4561 1661 4631 μετήλλαξε,
1711 4564 1784 4631 μὴ
1814 4549 1866 4608 ἶ)
1892 4579 1998 4633 que
2033 4578 2092 4617 re
2127 4573 2276 4633 gesta
2311 4581 2488 4634 neque
2513 4566 2664 4620 clade
2695 4576 2941 4634 accepta.

194 4645 507 4715 δυναμένου
539 4648 633 4700 τοῦ
688 4650 939 4719 σώματος
983 4651 1146 4703 πλέον
1187 4650 1486 4720 ἐξαρκέσαι
1533 4655 1666 4722 πρὸς
1723 4655 1781 4706 τὸ
1825 4658 2039 4726 καίριον
2103 4657 2211 4709 τῶν
2283 4651 2641 4725 τραυμάτων.
2694 4658 2754 4709 Ὀ
2793 4657 2850 4710 δὲ
2894 4659 3148 4728 βασιλεὺς
3184 4657 3374 4728 μαθὼν
3403 4661 3463 4713 τὸ

197 4736 451 4804 πραχθὲν
480 4736 579 4804 τὴν
600 4738 861 4806 ταχίστην
901 4742 956 4802 ἐς
992 4742 1287 4805 Βυζάντιον
1318 4743 1567 4814 ἐπανῄει,
1600 4744 1766 4812 μηδὲν
1808 4749 1942 4815 μήτε
1974 4746 2253 4817 δεδρακὼς
2284 4749 2422 4816 μήτε
2460 4749 2763 4814 πεπονθώς.

264 4832 339 4881 Δ’.
393 4829 546 4882 Ἐπεὶ
575 4831 640 4891 δ’,
691 4831 764 4893 ὡς
797 4832 1054 4893 πολλάκις
1094 4834 1432 4903 εἰρήκειμεν,
1471 4835 1619 4887 οὐδὲν
1664 4836 1772 4888 τῶν

1952 4839 2039 4894 ιν.
2070 4841 2175 4895 Sed
2207 4855 2351 4907 cum,
2381 4850 2441 4895 ut
2470 4856 2611 4911 saepe
2652 4842 2914 4908 diximus,
2955 4846 3107 4902 nulla
3141 4849 3214 4903 sit
3264 4864 3458 4921 perpe-

193 4922 252 4973 ἐν
300 4922 404 4990 βίῳ
449 4923 840 4991 εὐτυχημάτων
891 4924 1168 4992 ἀκήρατον
1221 4927 1278 4987 ἐς
1332 4925 1483 4986 τέλος
1540 4927 1775 4997 διαπερᾷ

1882 4938 1975 4983 ιιιο
2004 4929 2218 4984 sincera
2258 4940 2313 4983 et
2343 4932 2658 5001 incorrupta
2701 4934 3032 5005 invidiaeque
3061 4953 3263 5007 expers
3295 4941 3456 4997 ullius

188 5015 283 5066 τὸν
313 5011 507 5076 αἰῶνα,
533 5013 650 5065 οὐδὲ
695 5014 988 5081 βασκανίας
1023 5016 1199 5077 ἐκτὸς,
1233 5015 1342 5068 οὐδ’
1387 5016 1618 5070 ἐνταῦθα
1644 5019 1772 5069 ἑπέ-

189 5105 240 5155 λι
253 5121 317 5155 πε
353 5106 416 5155 τὸ
450 5105 624 5173 χρεών
651 5122 664 5133 ·
691 5106 806 5157 ἀλλ’
835 5107 1161 5159 ἀντέπνευσε
1188 5109 1280 5160 καὶ
1323 5112 1432 5171 τοῖς
1456 5107 1549 5160 τοῦ
1579 5107 1768 5177 Κράλη

188 5198 468 5266 λαμπροῖς
507 5199 844 5266 εὐτυχήμασι
883 5201 1087 5269 χειμὼν
1126 5201 1360 5270 χαλεπός
1410 5219 1466 5254 τε
1509 5203 1604 5256 καὶ
1649 5219 1771 5272 φρι-

189 5290 556 5350 κωδέστατος,
584 5289 640 5350 ὃς
664 5292 843 5343 πάντα
873 5292 1136 5344 ἐπέκλυσε
1170 5294 1261 5346 καὶ
1289 5295 1596 5364 κατέχωσεν
1621 5294 1770 5362 αὐτῷ

188 5383 261 5434 τὰ
293 5381 393 5432 τοῦ
430 5382 547 5449 βίου
585 5382 792 5453 τερπνὰ
833 5385 927 5436 καὶ
963 5385 1093 5438 αὐτό
1112 5401 1176 5454 γε
1203 5386 1262 5438 τὸ
1293 5386 1391 5456 ζῇν
1419 5385 1772 5458 προσαφῄρη-

1882 5023 2201 5076 mortalium
2232 5022 2490 5088 felicitas,
2519 5041 2620 5079 nec
2649 5034 2762 5080 tum
2789 5043 3008 5097 quoque
3041 5029 3222 5084 fatalis
3256 5047 3319 5086 ea
3355 5049 3456 5087 ne-

1878 5113 2102 5166 cessitas
2136 5112 2357 5166 defecit.
2381 5113 2515 5167 Nam
2546 5115 2853 5172 illustribus
2903 5118 3078 5175 Cralis
3104 5123 3455 5179 successibus

1881 5211 2176 5273 tempestas
2207 5205 2386 5272 gravis
2406 5215 2641 5276 etsupra
2660 5208 2881 5261 mod-tm
2916 5210 3191 5264 horrenda
3219 5211 3451 5277 reﬂavit,

1879 5311 1997 5364 quac
2031 5295 2212 5348 omnia
2232 5297 2308 5349 illi
2334 5296 2456 5349 vita:
2477 5297 2673 5366 gaudia
2706 5300 2992 5357 inundavit
3020 5304 3372 5369 etdemersit,
3398 5318 3454 5362 et

1884 5387 2055 5456 ipsam
2096 5386 2147 5441 ei
2186 5388 2353 5442 vitam
2416 5390 2642 5459 eripuit.
2677 5389 2782 5445 Res
2815 5402 2997 5448 autem
3054 5395 3128 5449 ita
3175 5411 3234 5452 se
3289 5398 3456 5455 habet

1525 5513 1862 5576 Variorum
1901 5524 2087 5578 notm.

257 5634 378 5706 (25)
403 5637 598 5695 Nosua
634 5653 815 5705 relate,
858 5641 924 5696 16
967 5643 1096 5697 Julii
1144 5645 1223 5699 sol
1277 5644 1499 5699 tertium
1540 5644 1767 5715 gradum
1875 5648 2142 5724 graduum
2200 5650 2498 5706 discrimen
2579 5652 2802 5709 conﬂari
2883 5655 3123 5724 potuerit
3167 5673 3180 5720 ;

3252 5663 3416 5726 atque
3435 5697 3452 5723 ,

191 5718 369 5812 J\)’
409 5749 517 5787 non
549 5747 728 5790 autem
777 5735 845 5787 ει
889 5722 1066 5803 0:0
1110 5745 1275 5791 tenet.
1319 5737 1496 5804 Quare
1549 5736 1769 5792 videam
1876 5720 2053 5788 ipsine
2083 5732 2293 5789 errent,
2322 5739 2388 5777 an
2429 5729 2666 5784 crrarint
2695 5718 2997 5796 Byzantini.
3033 5718 3305 5781 Womus.

179 5820 229 5867 ot
263 5816 588 5884 ἀστρολόγοι
622 5817 715 5868 καὶ
747 5818 1079 5884 χρονολόγοι,
1129 5833 1196 5871 an
1234 5819 1373 5873 intra
1406 5819 1510 5872 200
1533 5833 1703 5871 annos
1736 5822 1767 5873 9

436 5918 698 5974 PATm‘L.
733 5917 849 5974 (in.
881 5917 1178 5976 CXLVlll

3056 5922 3126 5980 2i
