4248 6442
731 401 835 464 663
983 399 1054 462 is.
1103 417 1158 452 tt.
1198 402 1342 458 6836
1379 423 1441 458 an
1480 407 1642 480 68m]

1963 419 2384 479 Nlcmtnom
2426 420 2738 480 etiame.

3131 419 3262 489 [ινιτ.
3304 435 3582 472 Ακυποκις.
3624 421 3768 491 ius]

3916 428 4024 495 054

738 514 789 566 iu
819 516 1078 582 sepulcro
1107 518 1332 586 longum
1375 525 1527 578 illum
1564 542 1816 579 somnum
1850 526 2073 582 dormit.
2106 529 2199 582 Ille
2233 528 2336 583 fuit

2445 533 2696 601 ρηγορώς
2738 552 2787 586 ιε
2846 537 2942 589 καὶ
2974 537 3256 606 ἄγρυπνος
3305 543 3604 611 διαμένων,
3661 545 3738 606 ὡς
3785 546 3860 615 μὴ
3911 546 4024 597 τῶν

735 615 927 673 arguta
964 619 1019 662 et
1051 609 1206 675 plena
1233 615 1414 668 mellis
1447 615 1654 686 lingua,
1701 617 1832 671 illud
1873 619 2051 672 omnis
2079 620 2321 688 pruden-

736 696 823 748 tiae
853 698 1287 757 instrumentum
1316 722 1330 769 ;
1357 723 1506 761 nunc
1531 718 1712 762 autem
1740 711 1884 779 jacet
1920 710 2185 765 diuturno
2226 713 2320 765 illo

733 789 954 844 silentio
977 806 1302 861 oppressus.
1335 799 1448 851 Heu
1483 800 1662 853 dirum
1689 803 1967 864 nuntium.
1995 805 2087 872 qui
2128 804 2322 857 celeri-

732 893 815 937 ter
865 896 1040 940 terras
1095 891 1262 946 simul
1301 901 1359 946 et
1410 895 1577 948 maria
1627 897 2015 964 perambulans
2071 901 2317 952 omnium

731 975 894 1046 467
924 979 1142 1036 animos
1167 988 1363 1051 quovis
1396 1003 1528 1041 ense
1565 990 1786 1057 gravius
1822 991 2050 1043 sauciat.
2091 990 2184 1044 Ille
2220 992 2318 1044 luit

733 1082 927 1137 magna
959 1068 1047 1126 Illa
1078 1074 1228 1130 orbis
1256 1087 1526 1133 terrarum
1546 1081 1718 1150 gloria
1745 1091 1796 1134 et
1823 1083 2158 1136 eruditionis
2179 1100 2287 1151 pra-2
2307 1114 2319 1120 -

732 1162 1132 1218 stantissilnum
1159 1173 1463 1238 exemplar;
1502 1190 1647 1227 nunc
1672 1184 1855 1227 autem
1887 1177 2064 1244 pulvis
2087 1178 2322 1247 exiguus

732 1249 881 1308 illius
916 1259 1131 1325 corpori
1167 1259 1416 1316 insultat.
1464 1264 1554 1317 Ille
1584 1265 1688 1318 fuit
1731 1269 1916 1320 suavis
1953 1268 2040 1321 illa
2072 1270 2317 1322 omnium

731 1343 1045 1414 linguarum
1077 1355 1316 1406 narratio
1343 1364 1399 1408 et
1431 1360 1919 1425 commemoratio;
1959 1376 2104 1413 nunc
2133 1371 2318 1415 autem

733 1439 931 1491 acerba
966 1440 1120 1494 illum
1155 1459 1302 1498 mors
1332 1445 1601 1501 violenter
1644 1451 1940 1517 oppressit.
1971 1451 2040 1505 At
2071 1469 2123 1516 ι),
2175 1453 2320 1508 unde

734 1528 918 1583 subito
959 1532 1120 1588 nobis
1163 1545 1372 1592 tantum
1419 1542 1603 1608 erupit
1654 1542 2024 1597 calamitatum
2074 1545 2320 1615 pelagus,

733 1622 872 1674 mari
909 1626 1105 1691 quovis
1136 1628 1424 1683 amarius?
1456 1630 1609 1685 Unde
1657 1643 1820 1687 tanta
1865 1635 2135 1688 malorum
2175 1646 2318 1690 tem-

732 1726 976 1780 pestates
1000 1727 1054 1770 et
1089 1717 1289 1774 ﬂuctus
1319 1723 1540 1777 excitati
1577 1728 1790 1779 animos
1842 1737 2065 1782 nostros
2107 1737 2324 1795 pertur-

732 1805 935 1883 barunt
973 1824 1035 1863 ac
1067 1821 1293 1881 stupore
1327 1816 1719 1881 perculerunt?
1745 1817 1878 1883 Quis
1905 1827 2089 1872 tantus
2119 1820 2323 1873 tumul-

734 1905 822 1949 tus
867 1906 920 1950 et
973 1897 1222 1954 fremitus
1266 1901 1593 1956 hominum?
1640 1905 1915 1974 Numquid
1970 1905 2323 1959 borribilium

734 1992 1047 2057 fulminum.
1086 2011 1116 2049 e
1153 1998 1292 2052 cmlo
1328 2001 1628 2054 multorum
1678 2002 1841 2056 simul
1889 2004 2324 2072 erumpentium,

738 2092 880 2138 ICIIIS
922 2086 1122 2155 aliquis
1167 2090 1711 2157 pereussithomines
1747 2093 2134 2159 intolerabilis,
2164 2104 2328 2163 atque

735 2176 870 2230 alios
901 2177 1051 2230 humi
1090 2184 1406 2249 prostravit,
1445 2183 1579 2238 alios
1621 2185 1973 2240 semianimes
2006 2186 2328 2239 aberrantes

735 2270 1003 2339 reliquit?
1034 2269 1190 2336 Fuit.
1226 2275 1361 2342 proh
1397 2277 1572 2340 dolor,
1615 2290 1669 2331 et
1714 2289 1906 2331 contra
1950 2294 2049 2332 nos
2094 2281 2325 2333 miseros

736 2363 890 2430 plaga
943 2365 995 2416 in
1045 2364 1150 2419 hoc
1191 2375 1405 2438 tempus
1438 2380 1714 2424 resertata
1740 2413 1751 2424 .
1784 2372 1969 2424 multis
1999 2371 2324 2425 fulminibus

735 2456 980 2511 :t-theriis
1020 2459 1262 2528 gravior,
1296 2459 1645 2529 imperatoris
1678 2463 1898 2531 inquam
1930 2463 2133 2515 obitus.
2168 2462 2325 2516 Nunc

735 2552 1025 2621 oportebat
1063 2571 1258 2612 omnes
1309 2556 1583 2623 homines,
1628 2561 1806 2628 magni
1853 2561 2094 2612 tonitrus
2133 2573 2322 2611 vocem

737 2652 1034 2704 mutuatos.
1054 2646 1437 2716 symphoniam
1460 2649 1753 2716 quamdam
1776 2658 1888 2702 toto
1909 2648 2043 2702 orbe
2065 2665 2329 2702 resonan-

737 2746 847 2789 tem
880 2749 936 2790 et
985 2738 1268 2806 publicum
1321 2739 1530 2793 luctum
1574 2741 1870 2794 maximum
1920 2742 2231 2802 instituere.
2266 2750 2325 2794 ut

735 2829 1039 2890 calamitas,
1074 2832 1147 2883 ita
1174 2831 1250 2884 uti
1270 2831 1449 2895 decet,
1483 2833 1877 2886 declararetur.
1921 2833 2078 2887 Nunc
2101 2846 2330 2910 oporte-g

737 2922 833 2973 hat
859 2923 1234 2989 magnitudine
1261 2934 1316 2978 et
1346 2925 1754 2994 pulchritudine
1786 2936 2107 2995 praestantes
2136 2927 2324 2982 stellas

738 3028 848 3067 uno
882 3011 938 3067 in
970 3014 1090 3068 loco
1120 3029 1444 3086 congressas
1478 3017 1775 3087 depingere
1800 3028 1856 3072 et
1887 3019 2198 3073 firmissime
2226 3035 2324 3073 ex-

734 3103 990 3172 sculpere
1036 3105 1386 3173 imperatoris
1427 3107 1596 3161 nostri
1636 3108 2006 3177 pulcherrima
2045 3110 2318 3178 inStgnia:

2444 623 2768 691 Ῥωμαϊκῶν
2814 628 3152 696 πραγμάτων
3193 631 3376 702 κλαπῇ
3414 635 3476 685 τὸ
3511 635 3834 702 συμφέρονο
3881 637 4023 688 ἀλλὰ

2431 714 2523 764 νῦν
2553 719 2572 765 ἐ
2596 733 2618 766 ν
2647 718 2800 787 τάφῳ
2829 719 2915 772 τὸν
2951 722 3159 789 μακρὸν
3181 721 3350 775 ὕπνον
3367 725 3658 779 ὑπνώττει.
3679 727 3918 789 Ἐκεῖνος
3948 725 4020 797 ἦν

2431 810 2462 870 ἡ
2495 808 2789 877 marmor):
2815 811 2911 863 καὶ
2944 811 3159 880 μέλιτος
3184 811 3404 887 [1³387]
3430 819 3674 887 γέμουσα
3698 819 3940 885 γλῶσσα,
3962 820 4025 873 τὸ

2433 903 2611 967 τάπης
2645 907 2734 954 καὶ
2755 904 3014 967 παντοίας
3039 909 3358 977 φρονήσεως
3379 908 3614 975 ὄργανον
3634 927 3648 940 ·
3677 912 3812 964 ἀλλὰ
3843 914 4024 965 κεῖται

2437 997 2637 1066 νύντὴν
2675 1000 2894 1068 μακράν
2923 1001 3134 1072 σιωπὴν
3164 1003 3409 1056 σιωπῶν.
3434 1006 3498 1057 Ὠ
3521 1005 3705 1071 δεινῆς
3736 1008 4024 1072 ἀγγελίας.

2432 1088 2463 1156 ἢ
2490 1088 2700 1155 ταχέως
2733 1087 3064 1156 διερχομένη
3093 1091 3198 1158 γῆν
3225 1092 3429 1160 ὁμοίως
3469 1095 3562 1146 καὶ
3604 1093 3886 1147 Θάλασσαν
3914 1099 4018 1156 τὰς

2427 1182 2690 1234 ἁπάντων
2733 1183 2963 1250 πλήττει
2997 1182 3176 1253 ψυχας
3205 1183 3392 1252 ξίφους
3429 1190 3629 1249 παντὸς
3697 1187 4022 1256 χαλεπώτε-

2435 1293 2548 1341 ρον.
2581 1277 2826 1338 Ἐκεῖνος
2859 1273 2927 1346 ἦν
2955 1278 3016 1328 τὸ
3039 1278 3184 1347 μέγα
3213 1278 3316 1346 τῆς
3365 1280 3697 1346 οἰκουμένης
3736 1280 3894 1341 κλέος
3928 1282 4024 1331 καὶ

2429 1369 2488 1419 τὸ
2514 1370 2617 1434 τῆς
2645 1368 2986 1431 παιδεύσεως
3016 1370 3310 1439 κράτιστον
3343 1372 3657 1440 ἀρχέτυπον
3689 1389 3704 1404 ·
3739 1371 3876 1424 ἀλλὰ
3922 1371 4021 1424 νῦν

2430 1462 2660 1530 βραχεῖα
2701 1460 2851 1525 κόνις
2901 1462 2996 1514 τοῦ
3046 1463 3260 1517 ἐκείνου
3326 1465 3689 1532 καταγορεύει
3737 1465 4024 1531 σώματος.

2439 1553 2681 1616 Ἐκεῖνος
2705 1551 2776 1625 ἦν
2814 1554 2873 1607 τὸ
2897 1555 3071 1622 γλυκὺ
3102 1557 3212 1609 τῶν
3243 1557 3299 1608 ὲν
3352 1561 3424 1626 γῇ
3474 1556 3738 1624 γλωσσῶν
3786 1558 4026 1610 άπακῖιν

2427 1645 2677 1716 διήγημᾶ
2722 1662 2780 1698 τε
2819 1645 2919 1698 καὶ
2969 1646 3365 1715 περιλάλημα·
3430 1646 3569 1698 ἀλλά
3621 1648 3765 1698 νῦνδ
3821 1649 4023 1714 πικρδς

2425 1738 2638 1790 ἐκείνου
2678 1737 3119 1807 κατετυράννησε
3145 1740 3400 1803 Θάνατος.
3452 1741 3596 1794 Ἀλλ’
3625 1741 3670 1792 ῶ
3727 1741 3897 1793 πόθεν
3933 1741 4026 1800 ἑξ-

2429 1833 2628 1903 αίςρνης
2652 1834 2785 1901 ἡμῖν
2816 1833 2880 1886 τὸ
2919 1833 3176 1886 τοσοῦτον
3221 1835 3504 1904 ἀνερράγη
3550 1836 3660 1888 τῶν
3717 1837 4025 1904 συμφορ·ῗν

2434 1924 2694 1992 πέλαγος,
2743 1923 3019 1992 Θαλάσσης
3068 1925 3291 1996 ἁπάσης
3355 1926 3602 1993 ὑπάρχον
3645 1927 4022 1994 πικρότερονς

2435 2017 2599 2069 πόθεν
2620 2018 2755 2088 ἡμῖν
2778 2018 3027 2092 ἐπιόντες
3057 2019 3105 2070 oi
3135 2017 3384 2069 τοσοῦτοι
3431 2019 3539 2069 τῶν
3569 2019 3760 2070 δεινῶν
3813 2017 4025 2084 χειμᾶ-

2431 2126 2521 2170 νες
2550 2113 2645 2161 καὶ
2669 2108 2936 2172 κλύδωνες
2981 2111 3108 2171 τοὺς
3161 2110 3320 2179 ἡμῶν
3384 2109 3656 2179 ἐτάραξαν
3720 2111 4024 2177 λογισμοὺς

2431 2203 2684 2273 καὶπρὸς
2709 2202 2806 2272 τὴν
2828 2202 2938 2256 τῶν
2961 2202 3305 2272 ἀναισθήτων
3338 2203 3499 2269 φύσιν
3538 2203 3856 2267 ἐπείγεσθαι
3897 2222 4026 2254 συν-

2442 2298 2689 2363 ωθοῦσι;
2737 2298 3166 2361 Τίςότοσοῦτος
3223 2298 3413 2358 κλόνος
3462 2299 3558 2350 καὶ
3601 2296 3847 2365 βρασίιδς
3913 2297 4024 2347 τῶν

2430 2390 2884 2460 ἀνθρώπωνςΜὴ
2913 2391 3200 2460 κεραυνῶν
3230 2391 3486 2456 ἐξαισίων
3533 2392 3830 2460 οὐρανόθεν
3891 2392 4028 2441 πο)-

2426 2479 2538 2532 λῶν
2566 2481 2701 2548 ὁμοῦ
2729 2483 3119 2553 συρραγέντων
3153 2482 3336 2551 πληγή
3375 2500 3461 2544 τις
3485 2483 3753 2553 ἐνέσκηψε
3778 2485 3891 2544 τοῖς
3923 2483 4026 2533 άν-

2428 2573 2673 2642 θρώποις
2699 2577 2974 2644 ἀφόρητος
3006 2576 3102 2628 καὶ
3133 2575 3263 2638 τοὺς
3292 2575 3392 2644 μὲν
3421 2576 3500 2636 είς
3529 2575 3634 2642 γῆν
3683 2591 4022 2641 κατηνεγκε,

2425 2669 2548 2729 τοὺς
2574 2666 2944 2735 δ’ἡμιθνῆτας
2968 2667 3228 2720 κατέλιπε
3269 2667 3533 2736 φέρεσθαι
3561 2683 3578 2731 ;
3622 2661 3731 2717 Ἦν
3782 2666 3891 2733 ἄρα
3925 2664 4026 2715 καὶ

2425 2760 2550 2813 καθ’
2582 2761 2764 2830 ἡμῶν.
2797 2763 2873 2822 ὡς
2902 2761 3074 2822 ἔοικε,
3127 2760 3239 2812 τῶν
3284 2761 3569 2827 δυστήνων
3630 2759 3815 2827 πληγὴ
3855 2775 4028 2827 ταμι-

2423 2855 2658 2920 ευομένη
2684 2853 2765 2923 τῷ
2804 2853 3004 2922 χρόνῳ,
3032 2852 3248 2906 πολλῶν
3293 2857 3578 2924 κεραυνῶν
3602 2854 3862 2920 αἰθερίων
3925 2855 4027 2904 άν-

2422 2943 2626 3008 ⁶ι’άξιος,
2648 2944 2750 3015 τὴν
2776 2946 2870 2997 τοῦ
2894 2945 3160 3014 βασιλέως
3189 2945 3335 3013 φημὶ
3359 2944 3672 3014 συμφοράν.
3727 2943 3843 2995 Νῦν
3906 2942 4019 2994 ἔδει

2424 3038 2633 3095 πάντας
2661 3037 3009 3106 ἀνθρώπους,
3063 3036 3294 3106 βροντῆς
3344 3036 3592 3106 μεγάλης
3646 3032 4018 3104 ἀνειληφότας

2423 3128 2660 3182 ἐνταῦθα
2692 3129 2899 3197 φωνὴν,
2929 3128 3251 3197 συμφωνίαν
3284 3134 3404 3182 τινά
3437 3128 3800 3197 πεποιηκέναι
3867 3143 3948 3178 πα
3963 3143 4018 3192 γ-

736 3205 794 3247 ut
828 3195 1291 3264 quemadmodum
1335 3198 1425 3251 Dei
1445 3200 1670 3268 gloriam
1691 3209 1956 3254 enarraut
1988 3201 2241 3265 etnli,ita
2263 3213 2317 3255 et
2344 3232 2351 3273 ι

2424 3220 2647 3289 κόσμιον
2676 3195 2771 3271 καὶ
2801 3195 2979 3272 κοινὸν
3004 3195 3294 3287 -άνεγείραι
3350 3195 3637 3288 μέγιστον
3673 3218 3893 3287 θρῆνον,
3948 3218 4016 3267 ἶν’

737 3288 902 3355 hujus
919 3290 1114 3342 decora
1133 3289 1471 3358 explicantes
1483 3290 1716 3360 ἀδείῃ
1738 3292 1995 3347 omnibus
2018 3293 2136 3347 suis
2159 3309 2314 3348 revo—

2424 3288 2693 3383 άρκοῦσαν
2731 3313 2831 3382 τὴν
2867 3312 3092 3376 ἔνδειξιν
3121 3312 3267 3364 οὕτω
3295 3312 3354 3363 τὸ
3379 3311 3548 3373 πάθος
3600 3311 3730 3372 ἴσως
3768 3309 4021 3376 ⁴προσλά-

737 3379 1041 3434 lutionibus
1071 3381 1305 3450 posteris
1347 3398 1566 3450 semper
1608 3385 2043 3438 illustrissimum
2081 3387 2316 3454 impera-

738 3483 889 3526 tartze
927 3474 1224 3544 majestatis
1263 3477 1541 3546 cxctnplar
1589 3488 1984 3546 proponerent.
2029 3477 2122 3531 Ille
2166 3479 2313 3531 enim

737 3565 839 3616 tuit
875 3563 1086 3632 imperii
1135 3581 1323 3618 norma
1359 3577 1412 3620 et
1441 3567 1699 3621 amussis.
1733 3567 1828 3621 Ille
1853 3563 1968 3621 'fuit
2014 3567 2311 3621 sacerdotii

738 3657 1041 3709 reverentia
1083 3667 1137 3709 et
1182 3658 1418 3728 dignitas
1464 3669 1519 3712 et
1566 3659 2011 3727 splendidissima
2062 3659 2317 3713 Ecclesia:

737 3751 997 3813 lucerna,
1047 3766 1194 3805 nunc
1246 3768 1371 3806 vero
1407 3754 1506 3806 sub
1547 3754 1731 3806 modio
1776 3754 1996 3823 tegi-tur.
2060 3752 2154 3808 Ille
2191 3754 2314 3819 fuit,

735 3843 829 3907 qui
850 3843 1146 3896 Ecclesiam
1167 3845 1379 3899 velutin
1397 3861 1589 3914 magna
1614 3854 1936 3915 tempestate
1957 3845 2314 3901 ﬂuctuantem

739 3938 1076 3997 lirmaret,et
1109 3945 1489 4005 tempestatem
1523 3938 1821 3992 serenitate
1853 3948 2243 4006 commutaret,
2261 3950 2316 3993 et

739 4027 891 4081 wlut
937 4027 1160 4080 immota
1215 4027 1383 4081 turris
1426 4027 1741 4095 dogmatum
1783 4029 1904 4099 ejus
1952 4033 2312 4095 consisteret;

736 4119 832 4173 sed
868 4135 1037 4183 nunc,
1064 4121 1168 4174 heu
1201 4120 1378 4181 dolor,
1400 4120 1550 4173 hmui
1585 4121 1849 4175 concidit.
1878 4121 1972 4176 Ille
1998 4121 2102 4176 fttit
2131 4124 2316 4193 regula

737 4227 951 4264 morum
995 4222 1050 4266 ct
1095 4213 1345 4266 humanae
1397 4212 1587 4267 forma:
1632 4225 1898 4282 ornatus;
1943 4215 2102 4284 cujus
2151 4217 2314 4269 etiam

736 4305 1015 4357 silentium
1064 4305 1253 4358 utilior
1294 4317 1415 4359 erat
1461 4307 1762 4360 admonitio
1794 4345 1810 4370 ,
1869 4322 2033 4376 quant
2079 4308 2316 4362 aliorum

737 4400 983 4452 verbosa:
1024 4400 1444 4466 preceptiones.
1485 4400 1690 4453 Natura
1740 4402 1886 4454 enim
1916 4417 1945 4453 a
1983 4401 2162 4470 primo
2193 4414 2317 4456 ortu

741 4491 887 4560 regia
919 4500 975 4544 et
1001 4492 1158 4559 plena
1188 4490 1471 4560 dignitatis
1495 4507 1620 4545 eum
1650 4491 1824 4545 forma
1861 4503 2108 4559 ornarat,
2140 4494 2320 4563 gravi-

741 4595 848 4638 tate
893 4595 949 4638 et
1000 4585 1411 4654 pulchritudine
1460 4597 1758 4656 temperata
1807 4600 1863 4642 et
1912 4590 2082 4644 veluti
2140 4600 2318 4645 statua
2357 4562 2397 4616 θ

742 4678 1020 4746 proposita
1047 4679 1272 4746 pudoris
1307 4689 1363 4732 et
1391 4680 1711 4747 maiestatis,
1743 4697 1864 4749 quae
1911 4682 2096 4736 omnia
2133 4684 2320 4736 hilari-

742 4779 822 4820 tus
869 4779 924 4822 ct
971 4769 1313 4836 placabilitas
1352 4771 1656 4840 gratiarum
1706 4772 1863 4840 plena
1910 4783 1967 4826 et
2017 4776 2322 4831 venustatis

741 4861 1074 4922 adornabat;
1121 4877 1266 4915 nunc
1312 4872 1492 4915 autem
1527 4864 1640 4916 haec
1676 4864 1859 4917 omnia
1893 4867 2102 4919 telluris
2146 4883 2324 4922 reces-

738 4968 835 5007 sus
867 4952 970 5005 sil-i
1000 4953 1349 5007 \‘iudiCarunt
1400 4954 1443 5009 0
1468 4956 1539 5008 ini
1565 4973 1706 5023 piam
1740 4959 2111 5014 calamitatum
2140 4972 2325 5031 tyran-

747 5044 964 5097 nidem!
1012 5044 1056 5098 Ο
1111 5046 1439 5115 profundam
1499 5061 1738 5111 noctem,
1793 5067 1916 5118 qua:
1967 5061 2187 5106 nostros
2221 5057 2325 5108 ob-

746 5138 882 5191 tcxit
946 5140 1159 5202 oculos,
1195 5155 1295 5192 nec
1321 5155 1430 5207 quo
1467 5155 1657 5194 eamus
1713 5143 1902 5197 videre
1938 5144 2101 5198 sinit!
2135 5144 2179 5200 Ο
2204 5163 2326 5214 qua:

747 5237 1035 5282 ventorum
1074 5232 1346 5298 procella‘,
1369 5234 1517 5285 velut
1538 5249 1603 5285 ex
1632 5251 1739 5286 uno
1769 5244 1928 5288 antro
1947 5248 2321 5304 erumpentes,

747 5322 961 5374 animos
1006 5331 1228 5376 nostros
1280 5323 1549 5377 hostiliter
1573 5327 1898 5394 perturbant
1951 5338 2007 5381 et
2057 5329 2327 5385 radicitus

747 5414 983 5468 uellere
1036 5417 1340 5470 conanturl
1385 5417 1427 5469 0
1477 5419 1600 5487 quis
1655 5428 1732 5472 tot
1789 5421 2056 5474 bonorum
2113 5424 2328 5490 paradi-

749 5523 867 5557 sum
919 5517 1085 5560 noctu
1137 5510 1395 5563 vastavit!
1445 5509 1490 5562 Ο
1543 5522 1674 5578 quot
1744 5512 2185 5576 lamentationes.
2236 5532 2330 5570 su-

747 5600 939 5668 spiria,
982 5600 1220 5670 cjulatus
1272 5617 1301 5655 c
1349 5605 1508 5658 terris
1562 5606 1612 5657 in
1650 5606 1858 5672 ('(BIOS,
1915 5608 2080 5661 veluti
2143 5608 2327 5666 futnus

2418 3406 2510 3475 6η.
2541 3404 2654 3458 Νῦν
2686 3406 2796 3458 ἔδει
2824 3404 2938 3471 (48)
2973 3404 3098 3465 τοὺς
3131 3403 3355 3473 μεγέθει
3399 3404 3497 3455 καὶ
3541 3403 3730 3455 κάλλει
3779 3401 4021 3467 διαπρεο

2419 3502 2541 3561 «ei;
2571 3499 2680 3552 τῶν
2727 3499 2975 3569 ἀστέρων
3002 3498 3088 3565 ὲιρ⁹
3121 3497 3184 3549 ἓν
3234 3497 3651 3566 συνδραμόντας
3708 3494 4020 3561 διαγράψαι

2419 3592 2513 3644 καὶ
2566 3589 2955 3658 ἀσφαλέστατα
3019 3588 3326 3656 ἐγχαράξαι
3390 3588 3499 3638 τῶν
3570 3585 3668 3638 τοῦ
3738 3585 4016 3653 βασιλέως

2418 3681 2580 3751 ἡμῶν
2605 3681 3011 3749 γνωρισμάτων
3039 3682 3108 3731 τά
3145 3678 3429 3739 κάλλιστα.
3463 3677 3528 3729 ἶν’
3559 3677 3748 3745 ὥσπερ
3774 3676 3874 3746 τὴν
3918 3675 4014 3728 τοῦ

2418 3774 2557 3827 Θεοῦ
2587 3774 2909 3843 διηγοῦνται
2933 3773 3092 3839 δόξαν
3112 3775 3162 3824 oi
3188 3773 3432 3840 οὐρανοὶ,
3457 3769 3603 3822 οὕτω
3641 3772 3734 3823 καὶ
3774 3772 3836 3822 τὸ
3896 3769 4026 3821 tuti-

2418 3887 2512 3922 του
2568 3867 2980 3936 διατμνοῦντες
3048 3862 3161 3918 εῐεν
3231 3865 3579 3934 μνημόσυνον
3627 3865 3684 3914 ὲν
3721 3864 3857 3914 πᾶσι
3895 3865 4015 3922 τοῖς

2419 3956 2602 4010 αὐτῶν
2636 3957 2940 4024 ἐξελιγμοῖς
2965 3957 3056 4008 ἀεὶ
3092 3958 3188 4007 καὶ
3227 3955 3696 4024 περιφανέστατον
3724 3953 4008 4020 αὖτοιιραο

2418 4050 2608 4120 τορίας
2639 4049 2945 4118 ἀρχέτυπον
2989 4047 3178 4098 τοῦτον
3225 4044 3621 4115 *προϐάλλων-το
3676 4045 3786 4106 τοῖς
3842 4043 4002 4109 ἑξῆς.

2432 4145 2668 4206 Ἐκεῖνος
2689 4144 2797 4212 γάρ
2830 4137 2897 4212 ἦν
2925 4144 2959 4212 ἡ
2982 4142 3079 4209 τῆς
3109 4141 3389 4210 βασιλείας
3423 4140 3658 4208 εὐθύτης
3710 4138 3804 4190 καὶ
3834 4135 4008 4189 στάθ-

2424 4255 2499 4308 μη
2553 4254 2568 4268 °
2595 4239 2802 4298 ἐκεῖνος
2827 4231 2897 4304 ἦν
2929 4237 2962 4304 ἡ
2993 4236 3094 4304 τῆς
3134 4233 3439 4304 ἱερωσύνης
3466 4235 3631 4294 αἰδὼς
3689 4232 3783 4284 καὶ
3807 4231 4014 4298 σεμνύ-

2423 4350 2524 4400 της
2563 4332 2659 4386 καὶ
2687 4332 2715 4383 δ
2742 4329 2842 4395 τῆς
2860 4329 3187 4394 Ἐκκλησίας
3213 4327 3572 4397 φαιδρότατος
3605 4326 3797 4394 λύχνος
3832 4341 3846 4356 ³
3877 4323 4023 4376 ἀλλὰ

2424 4425 2620 4493 νῦνιτῷ
2652 4423 2747 4475 τοῦ
2786 4425 2961 4489 τάφου
2997 4421 3168 4490 μοδίῳ
3193 4423 3627 4489 συγκρύπτεται.
3684 4419 3922 4494 Ἐκεῖνος
3947 4412 4024 4502 ἦν

2425 4519 2732 4586 ὁκαθάπερ
2761 4515 2961 4568 ὁλκάδα
3013 4513 3260 4582 μεγάλην
3312 4511 3687 4579 σαλευομένην
3733 4509 3831 4579 τὴν
3885 4509 4021 4560 Ἐκ-

2429 4609 2659 4680 κλησίαν
2691 4606 2948 4677 στηρίξας
2974 4607 3212 4666 καὶτοὺς
3259 4603 3466 4672 ταύτης
3501 4605 3585 4663 είς
3619 4601 3864 4669 γαλήνην
3887 4602 4019 4667 τρέι

2425 4702 2533 4770 ψας
2563 4699 2838 4769 χειμῶνας
2859 4699 2952 4750 καὶ
2987 4697 3074 4748 ἀεὶ
3103 4696 3215 4748 τῶν
3247 4696 3454 4765 ταύτης
3486 4719 3498 4732 ·
3519 4696 3805 4761 δογμάτων
3859 4693 4019 4744 ἱστά-

2431 4806 2589 4859 μενος
2632 4789 2839 4856 πύργος
2864 4785 3162 4853 ἀκλόνητος
3193 4799 3209 4814 ·
3246 4784 3384 4836 ἀλλὰ
3425 4784 3520 4837 νῦν
3553 4786 3607 4846 ἐς
3634 4783 3766 4852 ᾆδον
3798 4783 4018 4849 πυθμέ-

2426 4900 2523 4944 νας
2548 4880 2650 4949 φεῦ
2680 4881 3094 4947 κατενήνεκται.
3137 4878 3373 4938 Ἐκεῖνος
3410 4872 3476 4947 ἦν
3519 4876 3547 4926 ὁ
3572 4875 3664 4929 τοῦ
3700 4875 3866 4943 ἤθους
3915 4894 4021 4927 κα-

2427 4975 2556 5037 νὼν,
2589 4977 2620 5040 ὴ
2649 4973 2746 5025 τοῦ
2776 4972 3128 5039 ἀνθρωπίνου
3158 4971 3334 5033 εἴδους
3364 4971 3632 5035 εὐκοσμία
3660 4985 3674 4998 ⁸
3712 4964 3772 5020 οὗ
3824 4973 3921 5020 καὶ
3983 4973 4018 5039 ἡ

2427 5066 2611 5137 σιωπὴ
2642 5064 2822 5133 πολλῷ
2861 5065 3085 5133 βελτίων
3122 5061 3336 5132 ὑπῆρχε
3382 5062 3493 5115 τῶν
3551 5061 3727 5114 ἄλλων
3783 5061 4018 5112 λαλούν-

2426 5177 2534 5212 των
2557 5161 2899 5229 παραίνεσις.
2942 5157 3003 5208 'II
3039 5159 3149 5226 γάρ
3173 5175 3255 5210 τοι
3290 5157 3449 5224 φύσις
3501 5155 3664 5218 εὐθὺς
3727 5154 4015 5222 βασιλικόν

2428 5264 2489 5299 τε
2531 5249 2626 5299 καὶ
2652 5247 3140 5314 μεγαλοπρεπείας
3171 5246 3369 5314 μεστὸν
3391 5245 3451 5297 τὸ
3484 5239 3618 5306 είδος
3650 5242 3893 5311 ἀρχῆθεν
3921 5244 4014 5294 ὲν-

2427 5341 2659 5410 ήρμοσε,
2695 5341 2883 5393 κάλλει
2927 5357 2986 5391 τε
3039 5341 3130 5392 γα¹ι
3180 5337 3471 5408 ἐμϐριθείξι
3535 5339 3601 5404 τῇ
3653 5337 4016 5408 προσηκςύσῃ

2424 5434 2631 5502 ταύτην
2662 5434 2948 5502 κεράσασα
2975 5434 3070 5486 καὶ
3108 5433 3274 5486 οἱονεί
3313 5449 3438 5484 τινα
3476 5432 3678 5501 στήλην
3709 5447 4018 5482 κατεσκευο

2427 5529 2594 5579 ακυῐα
2625 5527 2807 5588 αἰδοῦς
2846 5530 2940 5580 καὶ
2993 5527 3326 5596 σεμνότητος
3365 5542 3378 5554 ·
3409 5520 3491 5589 οἷς
3523 5527 3730 5578 ἂπασιν
3773 5527 3987 5591 ὲπέπρε

2428 5617 2496 5669 πέ
2527 5635 2585 5670 τε
2615 5619 2708 5672 καὶ
2736 5618 3037 5688 ἐπεκόσμει
3093 5617 3153 5672 τό
3180 5635 3238 5671 τε
3270 5616 3452 5687 ίλαρὺν
3503 5618 3597 5670 καὶ
3635 5618 3695 5669 τλλ
3758 5616 4016 5685 εὐμενὲς,

2135 5748 2469 5815 \‘ariorum
2505 5762 2689 5818 noue.

825 5869 933 5934 (46,-
977 5867 1061 5921 Sic
1098 5882 1260 5938 :upra
1298 5872 1389 5927 lib.
1439 5887 1554 5937 \‘III,
1607 5889 1724 5938 cap.
1770 5877 1820 5935 9.
1892 5886 2025 5930 sect.
2095 5880 2144 5932 :l.
2193 5876 2402 5934 Doms.
