4248 6442
474 422 546 493 [.t.
588 439 638 477 ιε.
690 423 819 476 1339.8
862 440 926 475 Αῑι
980 423 1130 491 .BiL]

230 431 332 493 665

1246 432 1693 492 il';t.'2A.t\Tl'iI‘i:E
1736 435 2115 497 HISTORMI
2159 440 2299 504 LIB.
2347 443 2415 500 Χ.

3379 438 3483 500 666

2586 437 2723 506 [tum
2767 450 3051 489 ASDBOMC.
3093 431 3234 504 mm]

228 544 349 596 ὅλον
378 546 620 614 χαρίτων
650 545 819 612 γέμον
851 549 946 598 καὶ
979 546 1044 597 ἵν’
1095 547 1256 609 εῐπω,
1312 549 1434 601 ὅλον
1471 551 1667 617 μεστὸν
1712 552 1805 603 άν-
1835 554 1883 611 Α

1803 582 1805 590 τ
1835 554 1883 611 Α
1910 570 1941 608 e
1976 573 2170 627 n'agno
2204 562 2385 615 cordis
2416 561 2694 624 incendio,
2750 559 2981 614 tendunt
3009 559 3021 610 !
3073 555 3115 610 0
3158 565 3293 622 quot
3332 566 3480 619 sunt,

226 637 368 690 θέων
394 639 599 707 ἡρινῶν
620 653 635 668 ·
668 637 806 690 άλλά
828 638 923 690 νῦν
949 639 1139 691 κόλποι
1160 640 1262 709 γῆς
1295 640 1395 693 σὺν
1443 642 1689 710 ἀκοσμίᾳ
1728 659 1815 694 πι-

226 729 374 797 κρῶς
409 730 757 799 έμερίσαντο.
785 731 871 802 IP.
897 730 1027 804 288]
1044 732 1185 785 Ἀλλ’
1202 731 1247 785 ὣ
1272 733 1372 801 τῆς
1402 733 1586 787 ἀδίκου
1610 734 1815 801 ταύτης

222 821 333 873 τῶν
360 822 660 890 συμφορῶν
690 824 1034 891 τυραννίδος·
1066 823 1113 876 ὣ
1141 823 1361 891 βαθείας
1392 824 1604 888 νυκτὸς,
1629 827 1661 895 ἢ
1687 826 1815 887 τοὺς

225 912 383 980 ἡμῶν
417 914 733 984 ὀφθαλμοὺς
764 916 1135 979 συσκιάζουσα
1162 918 1274 986 ὅπη
1308 916 1645 985 πλανώμεθα
1680 916 1804 986 βλέ-

230 1022 357 1057 πειν
396 1004 459 1057 οὑ
491 1009 787 1075 συγχωρεῖ.
824 1008 889 1060 '0
937 1009 1103 1063 πόθεν
1130 1010 1180 1063 οί
1227 1009 1477 1063 τοσοῦτοι
1521 1011 1809 1081 καταρρα-

226 1096 423 1160 γέντες
445 1098 556 1148 τῶν
588 1098 780 1151 δεινῶν
802 1101 1109 1168 ἀπαρκτίαι
1145 1101 1239 1154 καὶ
1270 1103 1435 1165 νότοι,
1470 1102 1725 1170 καθάπερ
1754 1101 1814 1167 ἐξ

223 1187 567 1257 ὁρμητηρίου
598 1189 803 1253 κοινεῦ,
836 1191 937 1249 τάς
966 1191 1125 1258 ἡμῶν
1164 1193 1447 1262 δυσμενῶς
1495 1195 1811 1261 σνγκυκῶσι

222 1276 405 1346 ψυχάς
437 1280 532 1332 καὶ
573 1279 787 1349 ῥιζόθεν
836 1282 1145 1348 ἐπείγονται
1167 1282 1454 1354 άνασπᾷνς
1491 1286 1554 1337 Ὠ
1594 1286 1677 1346 τίς
1702 1284 1814 1337 τῶν

222 1370 499 1423 τοσούτων
532 1372 715 1423 καλῶν
736 1372 829 1424 τὸν
854 1374 1097 1441 λειμῶνα
1131 1374 1224 1426 τὸν
1252 1374 1453 1444 εὐανθῆ
1488 1376 1667 1445 λάθρα
1720 1375 1814 1429 καὶ

223 1461 419 1524 νυκτὸς
442 1463 684 1515 ἐπελθὼν
703 1462 924 1533 ἐξέτεμε
951 1482 967 1531 ;
992 1467 1090 1529 Τίς
1115 1467 1208 1519 τὸν
1238 1468 1420 1538 πάσης
1440 1467 1619 1537 ψυχῆς
1650 1485 1816 1531 ναυα-

224 1553 430 1623 γούσης
457 1554 651 1622 λιμένα
705 1555 1049 1626 κατέχωσεν;
1083 1557 1130 1611 ὣ
1182 1560 1338 1613 πόσοι
1395 1561 1668 1630 κλαυθμοὶ
1721 1564 1815 1615 καὶ

232 1648 530 1714 στεναγμοὶ
554 1648 651 1701 καὶ
678 1652 919 1718 κραυγαὶ
949 1651 1083 1722 πρὸς
1114 1652 1313 1721 αἰθέρα
1335 1654 1578 1724 σήμερον
1616 1656 1681 1708 tat
1714 1656 1814 1722 τῆς

230 1737 338 1806 γῆς
360 1739 749 1810 ἀνατρέχουσι,
782 1743 1036 1814 καθάπερ
1072 1745 1280 1805 καπνὸς
1321 1748 1386 1798 ὲκ
1421 1746 1661 1815 μεγάλου
1709 1765 1816 1800 πυ-

234 1830 325 1897 ρὸς
360 1829 461 1892 τῆς
490 1832 714 1900 καρδίας
744 1834 993 1888 ἑκάστων
1038 1835 1522 1908 ἀναῤῥηγνύμενοι
1551 1853 1568 1901 ;
1639 1836 1686 1889 ὣ
1716 1837 1815 1889 πό-

230 1941 313 1977 σοι
338 1924 440 1987 τὰς
468 1924 563 1978 τοῦ
610 1927 808 1981 Νείλου
842 1932 1026 1998 πηγὰς
1050 1929 1461 1999 προθυμοῦνται
1511 1931 1695 2000 ζητεῖν
1732 1933 1812 1994 είς

228 2015 482 2087 δακρύων
526 2019 723 2087 φορὰν,
763 2019 839 2083 ὡς
867 2022 936 2074 ἂν
966 2022 1165 2075 οὑτωσί
1202 2038 1323 2086 πως
1353 2022 1641 2090 δυνηθεῖεν
1697 2024 1811 2089 ιξι-

230 2110 556 2171 σῶσαιτοὺς
585 2110 816 2181 θρήνους
849 2113 925 2181 τῷ
952 2114 1286 2181 κατασχόντι
1332 2115 1430 2185 τὴν
1483 2118 1813 2185 οἰκουμένην

232 2201 397 2255 πάθει
429 2195 520 2279 HI»
545 2204 615 2256 τά
637 2203 895 2271 πολυειδῆ
930 2205 1043 2257 τῶν
1082 2207 1341 2261 ἁπάντων
1386 2207 1631 2277 ὀνόματα
1680 2224 1813 2275 κτη-

232 2294 468 2362 σάμενος
500 2296 661 2364 μόνος
687 2296 874 2358 αὐτὸς,
908 2294 1151 2365 βασιλεῦ.
1189 2299 1254 2351 οι
1298 2299 1396 2367 μὲν
1424 2299 1531 2369 γάρ
1587 2317 1646 2352 σε
1705 2315 1813 2351 πα-

227 2385 368 2453 τέρα
393 2385 623 2440 καλοῦσι
663 2389 842 2442 κοινόν
870 2406 883 2420 ⁸
909 2390 960 2442 οί
991 2390 1049 2443 δὲ
1078 2389 1356 2459 κηδεμόνα
1381 2407 1441 2444 τε
1498 2392 1596 2444 καὶ
1642 2407 1813 2461 προα-

227 2477 401 2544 τάτην
434 2477 529 2529 καὶ
561 2478 826 2546 ὀρφανίας
855 2478 1152 2548 ἐπίκουρον
1187 2494 1203 2510 ³
1238 2482 1287 2533 οἱ
1345 2481 1404 2534 δὲ
1456 2481 1654 2550 λιμένα
1707 2498 1813 2534 σω-

228 2573 422 2638 τήριον
460 2572 555 2623 καὶ
592 2572 824 2642 στερῤὺν
882 2573 1173 2642 προμηθέα
1217 2590 1231 2603 ·
1264 2576 1314 2627 oi
1379 2574 1436 2626 δέ
1491 2577 1814 2645 γυμναστήν

229 2678 353 2716 τινα
379 2665 475 2715 καὶ
501 2663 820 2717 διδάσκαλον
852 2666 1034 2733 πάσης
1061 2665 1210 2727 ιδίας
1233 2666 1401 2720 καλοῦ
1450 2667 1545 2721 καὶ
1603 2670 1814 2735 παγκό-

234 2748 395 2822 σᾟιον
418 2755 681 2826 δικαστὴν
708 2757 818 2809 τῶν
840 2758 898 2810 έν
918 2758 1111 2827 κόσμῳ
1150 2759 1420 2811 παντοίων
1440 2760 1811 2829 πραγμάτων.

232 2846 459 2916 Σκώληξ
502 2848 603 2918 τὴν
634 2848 797 2916 φύσιν
825 2849 937 2901 τῶν
970 2849 1145 2914 ξύλων
1171 2851 1438 2913 πολλάκις
1484 2852 1811 2921 διέφθειρεν·

230 2940 261 3005 ἠ
272 2938 391 3007 μῶν
416 2940 476 2991 δι
507 2940 722 3011 φθείρει
758 2939 857 2993 νῦν
888 2942 986 3003 τὰς
1016 2942 1246 3012 καρδίας
1284 2943 1614 3013 πικρότερον
1662 2946 1690 2997 ό
1720 2944 1813 2997 τοῦ

232 3029 499 3097 βασιλέως
531 3032 769 3099 ἐμμονος
798 3034 1082 3103 λογισμός.
1128 3034 1242 3098 Τὰς
1272 3036 1558 3101 ἀμπέλους
1599 3038 1694 3090 καὶ
1745 3036 1815 3091 τὰ

230 3121 359 3193 λήῖα
424 3122 690 3186 πολλάκις
734 3126 1079 3195 ἐλυμήναντο
1126 3126 1359 3196 χάλαζαι
1411 3130 1505 3181 καὶ
1545 3129 1815 3198 ἄνθρακες

1913 648 2082 722 469
2116 652 2208 719 qui
2243 654 2390 722 ipsos
2419 653 2527 706 Nili
2558 652 2744 721 fontes
2771 650 2837 703 ad
2868 647 3178 702 fundcudas
3211 648 3482 716 lat-rymas

1915 754 2198 813 exoptant,
2233 754 2294 799 ut
2324 745 2509 797 ﬂetum
2552 741 2915 809 magnitudini
2948 755 3129 802 casus,
3159 755 3266 807 quo
3305 749 3482 792 terra-

1917 850 2039 888 rum
2072 835 2226 888 orbis
2266 848 2564 902 oppressus
2610 841 2714 895 est,
2746 845 2967 900 requare
3013 829 3275 897 possent!
3311 829 3354 881 0
3392 828 3488 895 qui

1916 930 2095 983 varios
2139 928 2385 981 Omnium
2435 925 2625 981 titulos
2668 926 2819 979 solus
2850 922 3123 986 meruisti,
3157 921 3485 989 imperator!

1917 1021 2048 1075 Nam
2084 1020 2177 1074 alii
2209 1033 2559 1072 communem
2596 1026 2647 1071 te
2680 1025 2963 1085 parentem
2998 1022 3195 1067 vocant
3222 1031 3236 1075 ;
3269 1013 3362 1066 alii
3394 1027 3487 1065 eu-

1917 1120 2154 1165 ratnrem
2203 1120 2259 1164 et
2290 1120 2583 1179 patronum
2626 1117 2683 1161 et
2728 1106 2984 1161 orbitatis
3018 1105 3366 1173 adiutarem;
3400 1102 3491 1155 alii

1914 1214 2131 1274 portum
2149 1204 2466 1265 salutarem,
2484 1212 2539 1256 et
2564 1202 2758 1255 lo‘rtem
2787 1198 3186 1265 providumque
3205 1214 3218 1260 ;
3239 1196 3328 1249 alti
3353 1209 3492 1263 pra.-

1913 1309 2189 1366 ceptoretn
2220 1306 2277 1351 et
2304 1298 2626 1360 magistrum
2662 1292 2843 1345 omnis
2871 1289 3025 1351 boni,
3056 1297 3113 1342 et
3142 1286 3243 1342 toti
3274 1285 3489 1338 mundo

1916 1404 2263 1445 communem
2314 1387 2495 1441 omnis
2548 1386 2769 1451 generis
2819 1382 3167 1453 negotiorum
3218 1377 3488 1432 arbitrum

1913 1492 1970 1537 et
2002 1479 2486 1548 judicem.Vermis
2513 1493 2658 1546 sape
2690 1478 2964 1545 lignorum
2994 1484 3249 1527 naturam
3274 1470 3487 1537 erodit;

1916 1584 2101 1628 nostra
2150 1588 2282 1626 vero
2315 1570 2482 1626 corda
2530 1584 2681 1623 nunc
2734 1567 2990 1622 acerbius
3025 1563 3174 1623 laedit
3221 1571 3491 1632 perpetua

1917 1664 2267 1735 imperatoris
2320 1659 2601 1728 cogitatio.
2634 1658 2854 1714 Vitibus
2912 1664 2969 1710 et
3016 1653 3295 1723 segetibus
3346 1665 3491 1718 saepe

1915 1763 2228 1811 nocuerunt
2264 1752 2563 1824 grandines
2624 1760 2683 1806 et
2736 1747 2978 1804 caelestis
3025 1746 3169 1816 ignis
3217 1742 3487 1805 ardores;

1917 1850 2076 1903 nobis
2101 1849 2403 1917 imperator
2435 1846 2728 1913 ademptus
2753 1843 2879 1912 plus
2908 1839 3120 1894 nocuit.
3159 1837 3366 1892 Hortus
3396 1833 3489 1886 ille

1918 1941 2018 1996 fuit
2056 1939 2238 1994 omnis
2260 1938 2483 2008 generis
2531 1935 2808 1989 fructibus
2839 1931 3075 1986 refertus
3123 1940 3179 1982 et
3219 1933 3488 1996 perpetuo

1913 2049 2188 2093 vernans;
2222 2031 2317 2086 sed
2348 2046 2495 2085 nunc
2524 2038 2656 2083 aestu
2705 2026 2904 2089 mortis
2937 2021 3227 2077 emarcuit.
3255 2018 3300 2073 Ο
3345 2017 3490 2072 mul-

1917 2138 2093 2182 tarum
2143 2126 2364 2180 urbium
2412 2123 2468 2177 in
2504 2122 2722 2190 Europa
2767 2128 2821 2173 et
2868 2118 2997 2173 Asia
3041 2114 3341 2170 conditor:
3376 2126 3486 2165 non

1912 2231 2098 2277 autem
2142 2218 2410 2273 dubitabo
2456 2215 2666 2275 dicere.
2699 2214 2870 2267 etiam
2916 2210 3083 2278 hujus
3119 2202 3491 2275 imperatricis

1914 2313 2089 2376 urbis,
2118 2326 2281 2381 quam
2310 2310 2440 2364 olim
2472 2304 2867 2363 Constantinus
2891 2304 3118 2373 Magnus
3149 2308 3206 2353 et
3238 2298 3484 2352 moribus

1916 2407 2013 2461 tibi
2047 2405 2245 2459 similis
2286 2401 2555 2460 Condidit.
2591 2410 2647 2454 tu
2679 2413 2813 2452 vero
2845 2397 2900 2450 in
2947 2409 3122 2465 genua
3170 2387 3484 2459 prolapsam

1912 2499 2162 2554 erexisti.
2193 2496 2384 2552 Omnis
2413 2494 2559 2549 enim
2589 2492 2838 2562 pristinte
2872 2489 3023 2541 illius
3056 2493 3346 2540 structurae
3378 2480 3475 2532 cle-

1914 2594 2097 2664 gantia
2119 2600 2175 2645 et
2199 2600 2453 2651 ornatus,
2483 2588 2538 2641 in
2567 2584 2856 2640 servitutis
2878 2581 3070 2651 jugum
3095 2582 3489 2631 commutatus.

1914 2688 2129 2742 obierat
2162 2693 2326 2755 atque
2361 2679 2730 2744 conciderat;
2764 2690 2942 2745 eoque
2992 2688 3084 2728 res
3132 2669 3393 2725 redierat.
3431 2675 3491 2717 ut

1916 2780 2126 2848 regium
2162 2788 2317 2832 tuum
2366 2774 2563 2829 solium
2618 2770 2940 2825 Latinorum
2988 2763 3306 2835 pmdonum
3347 2764 3491 2812 esset

1915 2872 2282 2929 diversorium
2309 2877 2367 2923 et
2398 2866 2754 2937 profanorum
2804 2860 3090 2915 hominum
3124 2852 3487 2909 domicilium.

1916 2966 2023 3022 Sed
2059 2977 2115 3018 tu
2148 2963 2304 3016 «lter
2342 2960 2494 3014 illius
2524 2956 2779 3012 conditor
2816 2950 3099 3008 exstitisti.
3131 2944 3394 3002 Ecclesiae
3431 2957 3485 2995 ει

1916 3060 2232 3127 dogmatum
2264 3052 2497 3107 crimina
2545 3047 2840 3111 sustulisti,
2872 3058 3103 3111 eamque
3137 3041 3355 3094 ruinam
3388 3035 3494 3089 mi-

1915 3151 2185 3203 nitantem
2233 3142 2410 3215 ‘70
2471 3140 2644 3211 probe
2706 3135 3112 3193 constabilisti:
3175 3128 3490 3187 mo‘mbus.

227 3214 488 3282 οὐρανίου
510 3216 686 3286 πυρός
721 3232 735 3247 ·
769 3218 920 3286 ἡμᾶς
939 3217 996 3270 δὶ
1021 3219 1192 3271 πλέον
1218 3220 1250 3288 ἡ
1275 3219 1368 3272 τοῦ
1398 3220 1663 3289 βασιλέως
1690 3223 1813 3275 έλυ-
1843 3234 1886 3295 c

1812 3234 1886 3295 ‘C
1919 3240 2160 3309 templis,
2214 3214 2427 3292 aedibus
2483 3233 2773 3303 pristinam
2827 3231 2953 3299 ejus
3012 3221 3489 3295 pulchritudinem

230 3308 445 3375 μήνατο
469 3308 751 3379 στέρησις.
782 3311 970 3377 Κῆπος
1007 3312 1214 3374 ἐκεῖνος
1242 3309 1313 3382 ἦν
1367 3315 1649 3377 παντοίοις
1687 3314 1808 3383 βρί-

228 3400 344 3453 θων
370 3403 607 3466 καρποῖς
632 3406 726 3455 καὶ
753 3402 944 3473 ὥσπερ
970 3403 1128 3473 ἔαρος
1157 3405 1310 3475 ὥραν
1339 3408 1490 3473 ἄγων
1514 3407 1624 3459 ἀεί.
1650 3408 1814 3461 Ἀλλὰ

227 3493 327 3546 νῦν
349 3495 518 3548 αὐτὸν
545 3496 855 3564 ἀμάραναν,
893 3497 999 3566 φεῦ
1034 3498 1134 3552 τοῦ
1164 3499 1399 3563 πάθους,
1430 3501 1486 3553 αι
1529 3500 1624 3553 τοῦ
1652 3500 1817 3553 θανά-

227 3606 324 3642 του
388 3592 604 3659 φλόγες.
669 3586 739 3642 Ὦ
788 3591 1001 3642 πολλῶν
1045 3592 1254 3645 πόλεων
1312 3594 1550 3651 οίκιστά.
1585 3596 1727 3645 κατά
1755 3611 1814 3645 τε

242 3683 433 3737 ’Δσίαν
456 3685 598 3751 φημὶ
629 3686 721 3737 καὶ
765 3683 1038 3753 Εὐρώπην
1065 3723 1082 3748 ,
1138 3673 1240 3737 οὐκ
1268 3686 1485 3753 ὀκνήσω
1543 3684 1589 3737 δ’
1639 3687 1816 3738 είπεῖν

227 3776 327 3829 καὶ
379 3776 614 3843 ταυτησὶ
674 3776 774 3843 τῆς
814 3773 1088 3843 βασιλῖδος
1130 3775 1242 3830 τῶν
1270 3778 1501 3841 πόλεων,
1538 3777 1608 3848 ἢν
1642 3776 1815 3829 πάλαι

228 3871 335 3937 μὲν
365 3867 774 3927 Κωνσταντῖνος
798 3865 827 3917 ὁ
857 3866 1031 3935 μέγας
1063 3868 1270 3930 ὶκεῖνος
1304 3869 1399 3920 καὶ
1442 3866 1526 3920 σοί
1571 3883 1635 3935 γε
1681 3868 1811 3935 ὀμό-

226 3977 432 4029 τροπος
468 3960 689 4028 ἔστησε,
722 3958 787 4011 σὺ
816 3958 867 4011 δ’
885 3962 977 4011 ἐπὶ
998 3960 1128 4024 γόνυ
1152 3958 1431 4013 κλιθεῖσαν
1452 3959 1811 4030 άνὼρθωσας.

231 4054 391 4104 Πᾶσα
428 4049 527 4116 μὲν
554 4050 663 4119 γάρ
699 4051 731 4117 ὴ
761 4050 863 4116 τῆς
922 4049 1201 4119 προτέρας
1254 4051 1470 4119 εκείνης
1520 4049 1806 4119 οἰκοδομῆς

226 4141 471 4211 κ..λ).ονὴ
496 4143 588 4194 καὶ
615 4141 923 4209 τερπνότης
954 4140 1205 4204 δουλείας
1248 4140 1597 4210 άλλαεαμένη
1650 4140 1815 4208 ζυγὸν

227 4237 519 4303 ἐτεθνήκει
549 4236 643 4288 καὶ
679 4236 931 4306 ἀπερρύη
977 4251 993 4266 ο
1026 4234 1120 4287 καὶ
1152 4234 1408 4302 γενέσθαι
1449 4237 1543 4288 τὸν
1606 4234 1815 4303 βασιλι-

228 4332 331 4380 κὸν
354 4327 637 4393 ἐξεγένετο
661 4326 855 4396 θρόνον
895 4326 1146 4380 Λατίνων
1198 4326 1414 4396 λῃστῶν
1458 4325 1812 4392 καταγώγιον

230 4420 326 4472 καὶ
353 4417 598 4486 βεϐήλων
627 4418 833 4470 ἑστίαν.
881 4416 1044 4469 Ἀλλὰ
1065 4417 1319 4485 δεύτερος
1348 4418 1509 4479 αὐτὸς
1538 4416 1814 4476 καταστὰς

228 4510 504 4577 οξκιστὴς,
540 4508 782 4577 βασιλεῦ,
817 4510 881 4561 ὲκ
918 4510 1084 4579 μέσον
1118 4510 1428 4579 πεποίηκας
1462 4509 1533 4561 τά
1592 4525 1651 4560 τε
1711 4510 1811 4577 τῆς

242 4600 573 4669 Ἰιὶκκλησίας
612 4602 773 4664 εὐθὺς
800 4604 894 4655 καὶ
917 4601 1027 4654 τῶν
1047 4601 1336 4667 δογμάτων
1367 4600 1687 4668 ἐγκλήματα
1720 4601 1811 4651 καὶ

226 4695 543 4764 φερομένην
560 4695 853 4766 ὲστήριξας
874 4694 1083 4762 ταύτην
1111 4695 1168 4755 ἐς
1212 4694 1358 4747 ἅπαν
1387 4694 1446 4747 τὸ
1485 4693 1775 4761 κράτιστον
1796 4708 1812 4724 ο

226 4791 440 4856 τείχεσι
468 4788 523 4839 δὲ
553 4789 648 4841 καὶ
676 4790 826 4847 ναιῖς
858 4786 953 4839 καὶ
990 4787 1193 4846 οἰκίαις
1222 4790 1280 4849 ὲς
1325 4786 1383 4837 τὸ
1410 4786 1539 4855 πρὶν
1587 4789 1819 4854 ἀνήνεγ-

228 4899 336 4942 κας
395 4880 589 4942 κάλλος
648 4880 842 4949 αὑτήν.
906 4879 970 4930 Ὢ
1023 4877 1119 4931 τοῦ
1191 4878 1429 4946 μεγάλου
1500 4876 1651 4930 τοῦδε
1726 4878 1818 4929 καὶ

230 4971 387 5042 ἱεροῦ
441 4972 654 5041 χρέους,
717 4972 745 5023 δ
812 4970 1009 5029 πάντες
1073 4971 1126 5021 ol
1187 4970 1389 5039 ἑφεξῆς
1444 4988 1523 5023 σοι
1571 4968 1818 5039 ὀφείλου-

228 5083 318 5117 σιν
356 5064 620 5126 εὐσεϐεῖς,
651 5063 903 5128 καθάπερ
934 5063 1199 5134 εὐεργέτῃ
1231 5061 1392 5129 κοινῷ
1426 5064 1518 5114 καὶ
1567 5062 1799 5131 ἀρχηγῷ

225 5162 330 5221 τῆς
363 5154 527 5222 ὀρθῆς
559 5153 716 5223 ἡμῶν
751 5154 1008 5215 πίστεως.
1041 5156 1103 5204 Ὠ
1121 5154 1281 5217 πῶςδ
1310 5153 1404 5206 τοῦ
1436 5154 1631 5216 παντὸς
1660 5153 1809 5218 ἄξιος

220 5250 303 5307 «τις
344 5248 505 5307 ἄνθος
545 5245 820 5312 παρῆλθες
844 5246 1053 5314 ἀγροῦς
1088 5245 1133 5298 ὦ
1175 5248 1290 5308 πῶς
1335 5249 1428 5300 ἐπὶ
1463 5252 1545 5299 σοὶ
1590 5246 1685 5299 καὶ
1746 5248 1811 5300 τά

228 5343 477 5409 στοιχεῖα
514 5338 793 5409 θρηνοῦσι,
825 5339 1070 5408 βασιλεῦ,
1098 5340 1191 5393 καὶ
1219 5340 1339 5401 δέος
1376 5341 1448 5408 μὴ
1470 5340 1618 5409 ἡμᾶς
1646 5357 1814 5392 κατα-

227 5434 545 5494 κλύσωσινς
582 5432 645 5482 ’Ὠ
680 5431 797 5492 πῶς
829 5433 923 5482 ἐπὶ
957 5431 1035 5501 τῷ
1067 5432 1143 5499 σῷ
1176 5432 1336 5484 πάθει
1387 5432 1479 5483 καὶ
1530 5430 1683 5502 τείχη
1727 5433 1815 5484 πί-

226 5542 428 5578 πτουσι
450 5525 657 5577 πόλεων
681 5523 773 5576 καὶ
791 5524 966 5586 κίονες
986 5525 1325 5593 ἱκριζοῦνται
1340 5527 1510 5577 πάλαι
1529 5525 1696 5578 πολὺν
1715 5525 1815 5595 ήδη

226 5616 323 5669 τὸν
350 5617 543 5686 χρόνον
564 5614 766 5683 βεόιίω
819 5617 1094 5683 ἱστάμειοι
1115 5635 1129 5681 ;
1153 5617 1236 5688 [Ρ.
1254 5618 1382 5686 289]
1400 5618 1560 5671 Ἀλλὰ
1580 5618 1698 5672 δότε
1727 5636 1815 5688 μοι

226 5712 335 5773 τὴν
363 5712 456 5763 τὸν
485 5709 662 5778 μέγαν
689 5709 847 5777 ἡμῶν
878 5708 1153 5779 θησαυρὸν
1170 5712 1511 5781 κατέχουσαν
1557 5713 1811 5780 κιϐωτὸν,

300 5881 311 5907 ¹
351 5879 494 5934 ι’δωι,
534 5895 685 5944 sua,
719 5878 773 5932 6.

1916 3329 2213 3385 renovasti.
2273 3325 2317 3381 Ο
2360 3338 2617 3393 maguum
2671 3331 2727 3375 et
2774 3332 2990 3373 sacrum
3037 3314 3319 3369 debitum.
3382 3324 3493 3377 quo

1916 3422 2209 3477 universos
2259 3417 2471 3476 ﬁdeles.
2500 3421 2773 3483 quotquot
2817 3408 3019 3465 deinde
3045 3402 3299 3462 exstituri
3335 3408 3487 3461 sunt,

1918 3514 2018 3570 tibi
2056 3511 2356 3567 obstrictos
2408 3508 2614 3569 habes;
2656 3504 2779 3568 tibi,
2831 3503 3080 3570 inquam,
3116 3496 3183 3551 de
3232 3493 3494 3547 omnibus

1917 3606 2058 3661 bene
2084 3604 2304 3663 merito,
2324 3610 2379 3655 et
2401 3614 2545 3655 verte
2574 3597 2699 3651 lidei
2735 3606 2936 3649 nostra:
2958 3606 3175 3646 summo
3198 3588 3453 3643 asserturi
3478 3586 3490 3634 ἵ

1918 3699 2073 3753 Heu!
2113 3695 2413 3770 quomodo,
2456 3692 2545 3745 cui
2578 3705 2693 3759 par.
2722 3688 2861 3742 nihil
2912 3685 3021 3739 dici
3057 3691 3259 3753 potest,
3304 3689 3361 3732 ut
3397 3678 3496 3731 llos

1914 3787 2030 3857 agri
2093 3784 2425 3855 prae‘teristil
2483 3782 2563 3836 En
2601 3782 2718 3849 ipsa
2767 3779 3043 3832 elementa
3104 3786 3156 3828 te
3196 3773 3401 3841 lugent.
3435 3786 3493 3822 ac

1916 3876 2224 3945 periculum
2275 3883 2382 3935 est,
2414 3886 2484 3925 ne
2517 3886 2618 3925 nos
2663 3870 2921 3924 obruant.
2956 3867 3031 3919 En
3072 3865 3140 3918 ob
3174 3872 3327 3915 tuum
3379 3860 3497 3909 ubi.-

1919 3977 2032 4020 tum
2064 3966 2231 4020 etiam
2270 3963 2490 4017 urbium
2535 3960 2738 4016 mmnia
2780 3955 3107 4017 concidunt.
3142 3963 3197 4008 et
3223 3952 3492 4006 columine

1915 4068 2265 4122 evertuntur,
2294 4072 2419 4126 quae
2470 4055 2658 4109 multis
2702 4051 2921 4108 saeculis
2972 4049 3144 4104 ﬁrmae
3192 4052 3491 4100 steterunt.

1918 4156 2025 4209 Sed
2054 4155 2181 4209 date
2210 4154 2343 4207 mihi
2372 4166 2551 4206 meam
2578 4165 2782 4214 arcam,
2812 4163 2934 4218 qua:
2960 4146 3207 4201 continet
3236 4153 3493 4209 magnum

1915 4258 2163 4304 nostrum
2196 4247 2541 4309 thesaurum,
2572 4252 2632 4300 ut
2655 4243 2899 4305 videam,
2922 4237 3201 4310 quomodo
3228 4235 3485 4303 lacryma

1914 4354 2038 4395 rum
2077 4338 2211 4392 ritis
2241 4338 2493 4392 innatare
2512 4342 2701 4406 queat.
2728 4332 2877 4399 Quas
2896 4332 3053 4386 enim
3082 4325 3342 4383 mortales
3373 4338 3495 4375 om-

1915 4445 2015 4484 nes
2065 4428 2304 4482 ubertim
2364 4426 2710 4497 prol‘undunt
2766 4426 3059 4492 lacryntas,
3120 4418 3278 4473 facile
3321 4418 3490 4476 illam,

1918 4532 1977 4574 ut
2014 4535 2200 4575 arcam
2262 4519 2391 4573 Noae
2420 4532 2690 4586 aquarum
2742 4516 2834 4569 illa
2868 4509 3229 4569 abundantia,
3258 4506 3494 4561 sustine-

1914 4614 2075 4669 bunt.
2118 4612 2416 4666 Enimvero
2466 4610 2557 4663 illa
2590 4624 2688 4663 eos
2734 4621 2873 4676 quos
2921 4604 3157 4657 vehebat
3200 4617 3230 4655 e
3284 4598 3495 4653 dilmio

1911 4704 2220 4775 eripiebat;
2275 4704 2392 4757 hac
2447 4710 2638 4756 contra
2696 4713 2795 4753 nos
2851 4698 2905 4751 in
2961 4695 3109 4749 mille
3158 4692 3491 4746 diluviornm

1916 4806 2269 4867 tempestates
2300 4794 2563 4865 coniecit.
2585 4792 2630 4846 0
2665 4790 3004 4845 horrendum
3037 4795 3247 4844 casum,
3276 4799 3307 4837 ο
3342 4784 3493 4837 inso-

1916 4892 2065 4944 litam
2104 4904 2389 4957 vesperam
2424 4887 2596 4951 illam,
2631 4900 2754 4953 quae
2785 4881 3129 4937 coutrarimn
3159 4879 3290 4932 mihi
3327 4876 3489 4928 [lati-

1918 4982 2026 5036 dici
2059 4980 2204 5034 illius
2242 4978 2502 5032 carminis
2533 4976 2809 5030 ostendit:
2850 4993 2867 5024 ι
2903 4973 3039 5028 Nam
3072 4972 3138 5024 ad
3178 4985 3491 5037 tespermn,

1920 5074 2096 5142 inquit
2125 5072 2237 5132 ille.
2271 5070 2407 5125 mihi
2435 5071 2719 5123 detnorata
2750 5078 2834 5122 est
2864 5066 3048 5121 hetitia
3082 5073 3139 5118 et
3164 5063 3231 5117 ad
3267 5063 3491 5114 matuti-

1920 5180 2049 5217 num
2102 5162 2265 5215 ﬂetus
2298 5164 2336 5214 '.
2375 5180 2394 5212 ι
2443 5161 2638 5229 Papae,
2697 5158 2881 5228 qualis
2929 5158 3042 5210 lta'c
3082 5166 3169 5208 est
3220 5164 3274 5206 et
3325 5166 3487 5218 quam

1919 5257 2154 5310 absurda
2189 5253 2451 5318 ittversio,
2483 5270 2606 5321 qua:
2638 5252 2771 5308 mihi
2808 5250 3005 5318 quovis
3037 5248 3313 5302 absinthio
3345 5259 3494 5295 mna-

1921 5349 2122 5400 riorcm
2172 5357 2440 5400 craterem
2484 5343 2855 5414 temperavit?
2885 5341 2929 5398 Ο
2967 5355 3180 5395 noctem
3227 5339 3370 5391 illam
3410 5335 3492 5386 in-

1912 5441 2264 5499 clementem,
2307 5449 2365 5492 ut
2414 5440 2465 5492 in
2517 5436 3011 5493 clementissimum
3059 5443 3114 5486 et
3157 5430 3491 5484 hlllltallleSI-

1915 5548 2061 5584 mum
2092 5530 2251 5601 47],
2286 5530 2477 5585 infesta
2514 5540 2568 5585 et
2594 5531 2897 5585 inhumana
2927 5528 3050 5587 fuit,
3079 5526 3227 5578 omni
3258 5525 3494 5577 benevo-

1913 5621 2078 5676 lentia
2128 5630 2184 5675 ct
2232 5623 2565 5676 verecundia
2608 5623 2930 5692 repudiata!
2964 5619 3007 5675 0
3044 5622 3277 5673 maxime
3320 5616 3487 5669 bono--

1919 5731 2039 5769 rum
2078 5713 2337 5769 thesauro
2385 5714 2706 5785 imperator,
2740 5730 2837 5770 cur
2870 5728 2972 5768 nos
3014 5722 3065 5767 te
3112 5710 3495 5766 ἀυδίύυτὶὶιιιιὸ
