4248 6442
246 431 354 499 669
500 433 579 507 [ι.
618 451 666 490 c.
714 436 853 491 l3‘28
892 455 956 493 Ab
1001 436 1160 510 lSH]

1274 445 1409 504 BYZ
1431 444 1719 503 \NTIN.E
1760 445 2146 505 HlSTORl’E
2189 448 2314 506 LIB
2377 451 2451 508 X.

2611 446 2743 514 lmp.
2788 462 3070 504 iuoaomc.
3110 449 3255 522 tum]

3399 458 3507 522 670

251 556 434 621 μένειν
466 556 558 608 ἐπὶ
580 556 717 610 πολὺ
742 561 859 618 ταῖς
889 558 996 609 τῶν
1037 559 1381 614 λειπομένων
1411 562 1678 615 ἀνθοῦσαν
1717 560 1818 628 ψυ-
1848 563 1893 619 Α
1925 580 1928 613 ι

1848 563 1893 619 Δ
1925 566 2397 626 τοειῖιιιιε,ηοι·εαι
2433 569 2484 620 in
2513 568 2710 622 animis
2746 584 2934 624 eorum
2963 611 2976 636 ,
3032 572 3126 641 qui
3182 577 3508 642 superstites

246 650 391 718 χαῖς,
426 648 615 717 ὥσπερ
637 651 694 702 ιν
721 651 885 719 ἠρινῇ
920 653 1273 713 καταστάσει,
1305 655 1405 720 τῆς
1445 653 1580 712 τέως
1625 653 1824 721 δυσμε-

247 740 372 803 νοῦς
431 740 644 811 κηλῖδος
690 742 856 810 φύσιν
911 743 1142 814 ἐχούσης
1176 744 1578 815 διαδιδράσκειν
1624 744 1698 807 ὡς
1755 745 1822 798 τὰ

246 833 438 887 πολλά.

317 926 392 978 Δ’.
430 925 702 995 Τέταρτον
742 926 841 993 μιν
873 926 939 996 δὴ
963 927 1053 980 καὶ
1098 927 1501 995 ἑϐδομηκοστὸν
1558 928 1675 988 ἔτος
1708 925 1820 995 (51)

243 1019 350 1071 ἀπὺ
380 1019 647 1084 γενέσεως
678 1019 827 1088 αὐτῷ
858 1019 1178 1073 τελευτῶντι
1203 1019 1417 1088 ἠνύετο,
1461 1019 1824 1088 πεντηκοστὸν

248 1102 497 1177 δ’ἀφόὒ⁹
547 1110 618 1163 τά
643 1111 899 1180 σκῆπτρα
948 1112 1047 1179 τῆς
1100 1112 1529 1182 αὐτοκρατορίας
1583 1112 1820 1175 ἐδέξατο.

240 1192 352 1249 Ἦν
389 1197 445 1250 δὲ
484 1197 584 1267 τὴν
616 1199 833 1267 ἠλικίαν
858 1200 1136 1268 εὐμήκης,
1159 1200 1220 1253 τὸ
1249 1197 1388 1261 εἶδος
1415 1199 1694 1269 εὐπρεπὴς
1726 1199 1822 1250 καὶ

241 1287 364 1340 λίαν
393 1288 672 1358 αἰδέσιμος
702 1290 796 1343 καὶ
825 1289 1012 1359 ὥσπερ
1045 1293 1106 1343 ὲκ
1148 1291 1364 1359 φύσεως
1398 1291 1536 1359 ἔχων
1585 1291 1646 1343 τδ
1695 1291 1823 1357 ἡγε-

245 1379 468 1445 μονικόν
497 1397 554 1432 τε
595 1382 692 1433 καὶ
727 1381 959 1450 φοϐερόν
985 1399 997 1413 ·
1021 1383 1121 1434 οὐκ
1168 1383 1404 1453 ἄκρατόν
1430 1399 1491 1448 γε
1521 1383 1649 1452 μὴν,
1707 1380 1822 1433 ἀλλ’

240 1470 430 1541 ὥσπερ
463 1471 541 1539 τῷ
572 1473 698 1541 ἀέρι
731 1472 1060 1544 κιρνάμενον
1091 1474 1150 1526 τὸ
1183 1476 1281 1543 τῆς
1309 1475 1540 1544 ἡλιακῆς
1604 1475 1822 1535 ἀκτῖνος

241 1559 356 1627 φῶς
382 1562 580 1630 χρῶμα
613 1563 824 1629 γίνεται
858 1563 1032 1634 τούτῳ
1062 1560 1155 1617 καλ
1197 1564 1384 1636 ὥσπερ
1411 1566 1586 1633 μέλιτι
1621 1565 1819 1629 γλυκύ-

237 1669 336 1721 της
366 1653 646 1722 αὐτοφυὴς
663 1655 872 1721 γίνεται
904 1657 1127 1725 ποιότης
1154 1671 1168 1688 ο
1202 1655 1346 1708 οὕτω
1369 1656 1432 1726 δὴ
1463 1659 1556 1709 καὶ
1577 1657 1820 1726 πραότης

236 1743 502 1812 ἀποίητος
530 1746 668 1814 μετά
692 1763 839 1808 τινος
869 1746 1169 1815 θελγούσης
1191 1749 1417 1818 χάριτος
1457 1751 1568 1811 τοῖς
1627 1751 1816 1820 ἤθεσιν

237 1835 408 1889 αὑτοῦ
434 1838 750 1909 κιρνωμένη
778 1838 980 1910 χρῶμά
1013 1857 1071 1892 τε
1110 1840 1224 1908 ἀμα
1258 1841 1353 1894 καὶ
1386 1843 1821 1912 αὑτοχάλκευτος

235 1927 387 1997 αὐτῷ
432 1931 661 2000 ποιότης
693 1908 969 1998 έςιαίνετο.
1010 1931 1220 1999 Πολλὴν
1253 1933 1355 2001 μὲν
1415 1908 1551 2002 γὰρ’*
1582 1937 1674 1986 ἐπὶ
1721 1935 1816 1988 τοῦ
1853 1908 1893 1963 Β

234 2023 538 2092 προσώπου
567 2024 666 2092 τὴν
697 2024 1040 2092 εὐφροσύνην
1069 2025 1100 2093 ἡ
1134 2023 1297 2085 φύσις
1327 2025 1584 2088 ὲκένωσε,
1618 2027 1819 2093 πολλὴν

235 2117 280 2169 δ’
311 2119 407 2169 ἐπὶ
429 2119 541 2180 τοῖς
580 2117 884 2186 ὀφθαλμοῖς
909 2117 1007 2185 τὴν
1034 2117 1301 2188 γαλήνην,
1355 2118 1612 2188 λαμπρὰν
1659 2117 1703 2171 δ’
1728 2118 1820 2170 ἐπὶ

236 2213 304 2280 τῇ
358 2211 575 2277 γλώττῃ
622 2211 722 2277 τὴν
756 2210 856 2278 τῆς
915 2210 1081 2278 ἠχοῦς
1124 2209 1413 2278 ἁρμονίαν.
1461 2210 1550 2280 Τῷ
1581 2210 1638 2262 δὲ
1697 2210 1817 2280 ἧθει

236 2303 402 2354 παντὶ⁵
431 2301 491 2353 τὸ
513 2301 695 2370 ἱλαρὸν
719 2304 811 2354 καὶ
837 2302 1033 2368 σεμνὸν
1085 2300 1462 2370 ὲφαπλώσασα
1511 2302 1741 2371 τερπνόν
1766 2319 1817 2355 τι

237 2397 330 2449 καὶ
386 2393 571 2447 ἔνθεον
631 2395 1043 2464 παρεσκεύαζεν
1099 2396 1453 2464 ἐπιπρέπειν.
1513 2398 1580 2448 Ἀ
1631 2397 1811 2449 πάντα

244 2486 388 2555 μάλα
417 2489 608 2554 σαφεῖς
633 2486 745 2538 τῶν
781 2483 1111 2542 σιωπώντων
1145 2486 1294 2555 ἠθῶν
1328 2487 1426 2554 τῆς
1480 2488 1690 2539 ἐκείνου
1716 2486 1818 2555 ψυ-

237 2579 334 2646 χῆς
359 2579 642 2644 ἐγίγνοντο
667 2577 912 2644 ἄγγελοι.

307 2669 386 2723 Ε’.
415 2669 530 2722 Ἰνα
561 2670 671 2738 γὰρ
729 2670 856 2730 τοὺς
913 2668 1147 2737 τρόπους
1198 2669 1297 2736 τῆς
1345 2671 1593 2736 γνώμης,
1637 2668 1818 2730 ὁποῖος

234 2764 467 2823 ἐκεῖνος,
502 2760 862 2829 παραστήσω,
888 2760 1006 2822 ἑνὸς
1043 2761 1076 2830 ἢ
1141 2760 1235 2812 καὶ
1267 2761 1414 2813 δυοῖν
1459 2760 1566 2811 τῶν
1607 2760 1815 2812 ἐκείνου

237 2854 646 2925 μνησθήσομαι.
677 2853 891 2921 Μικρὸν
943 2851 1049 2922 πρὸ
1107 2853 1205 2921 τῆς
1243 2853 1502 2921 τελευτῆς
1550 2855 1606 2904 ὲν
1656 2853 1815 2922 πενίᾳ

232 2945 328 3002 καὶ
353 2949 422 3016 τῇ
461 2945 571 2998 τῶν
602 2946 916 3012 ἀναγκαίων
959 2944 1136 3016 ἐνδείᾳ
1171 2945 1371 3012 διάγων
1428 2947 1551 2998 ἐπεὶ
1589 2947 1663 3017 μὴ
1694 2944 1814 2998 ἐδύ-

232 3054 361 3088 νατο
392 3036 652 3102 καθάπαξ
684 3039 782 3104 τὴν
811 3036 906 3087 τοῦ
950 3036 1161 3106 ψύχους
1211 3038 1400 3106 φέρειν
1449 3036 1637 3104 ἀκμὴν
1682 3037 1816 3104 (χει-

236 3128 414 3196 μῶνος
439 3129 546 3197 γὰρ
568 3127 869 3197 τηνικαῦτα
910 3128 970 3180 τὸ
1006 3128 1380 3197 ἀκμαιότατον
1429 3124 1542 3197 ἦν),
1599 3128 1812 3194 σκέπην

1929 657 2144 720 vivunt,
2205 667 2452 713 veterum
2499 660 2913 714 inimicitiarum
2955 665 3168 720 macula
3203 666 3369 721 facile
3388 667 3506 736 ple-

1928 763 2159 818 rumque
2189 752 2556 808 exolescente.

1999 926 2086 978 IV.
2117 925 2334 979 Annum
2368 929 2549 982 aetatis
2600 930 2842 983 moriens
2869 929 3132 999 implebat
3154 939 3419 999 quartum
3450 939 3507 984 et

1928 1015 2388 1084 septuagesimum
2415 1036 2428 1080 ;
2457 1033 2524 1071 ex
2545 1032 2658 1087 quo
2687 1035 2818 1073 vero
2841 1019 3132 1087 imperium
3160 1033 3504 1087 susceperat,

1927 1107 2463 1176 quinquagesimum.
2505 1110 2738 1163 Procera
2769 1120 2978 1166 statura
3006 1110 3126 1176 fuit,
3153 1111 3352 1167 decora
3373 1110 3509 1165 facie

1925 1206 1978 1249 et
2006 1212 2270 1264 perquam
2309 1201 2641 1262 venerabili;
2675 1202 2743 1256 ab
2770 1201 2888 1268 ipso
2918 1211 3040 1259 ortu
3074 1203 3379 1272 principale
3408 1203 3509 1256 ali—

1925 1288 2056 1358 quid
2090 1298 2146 1342 et
2176 1290 2527 1345 formidabile
2559 1307 2668 1360 prae
2701 1309 2760 1346 se
2799 1293 3015 1357 ferens;
3050 1309 3159 1347 non
3193 1302 3370 1348 tamen
3401 1294 3508 1348 hoc

1925 1393 2134 1430 merum
2165 1389 2219 1432 et
2250 1379 2541 1448 integrum,
2571 1380 2663 1432 sed
2697 1391 2756 1434 ut
2802 1382 2916 1436 aeri
2948 1383 3166 1437 mistum
3203 1383 3398 1438 solaris
3423 1399 3509 1436 ra-

1922 1469 1996 1522 dii
2024 1470 2206 1524 lumen
2255 1469 2313 1524 lit
2337 1474 2386 1524 ei
2412 1471 2582 1529 color.
2617 1483 2671 1525 et
2708 1482 2764 1524 ιιι
2808 1473 2955 1526 melli
2989 1473 3225 1527 dulcedo
3270 1474 3506 1541 qualitas

1923 1562 2106 1615 nativa
2158 1562 2388 1627 accedit,
2425 1562 2500 1615 ita
2542 1563 2705 1616 etiam
2741 1564 3028 1616 clementia
3075 1580 3184 1617 non
3230 1564 3350 1619 ﬁcta
3381 1580 3505 1618 cum

1923 1652 2129 1708 blando
2178 1653 2415 1722 quodam
2448 1654 2636 1723 gratiae
2684 1654 2871 1721 lepore
2911 1654 3160 1708 moribus
3199 1656 3319 1725 ejus
3371 1672 3507 1709 con-

1925 1753 2226 1813 temperata
2260 1744 2410 1798 color
2439 1744 2611 1804 iusius
2639 1753 2694 1798 et
2729 1731 2891 1814 473
2919 1743 3232 1798 inaﬂ‘ectata
3269 1744 3507 1812 qualitas

1924 1835 2234 1890 videbatur.
2289 1833 2520 1889 Multum
2571 1835 2717 1888 enim
2769 1835 3062 1890 hilaritatis
3095 1847 3288 1891 natura
3333 1837 3504 1890 vultui

1920 1927 2039 1995 ejus
2097 1925 2414 1989 indiderat,
2452 1919 2686 1980 multum
2722 1927 2896 1981 oculis
2925 1928 3277 1992 serenitatis;
3308 1929 3507 1995 lingua:

1921 2027 2105 2071 autem
2149 2017 2349 2070 claram
2376 2026 2433 2070 et
2457 2032 2714 2071 canoram
2745 2033 2933 2071 vocem
2972 2037 2984 2072 :
3012 2021 3064 2071 iu
3087 2017 3235 2072 omni
3268 2019 3507 2087 denique

1920 2108 2041 2177 ejus
2075 2107 2264 2162 habitu
2300 2123 2365 2162 ac
2393 2120 2548 2178 gestu
2580 2108 2914 2164 hilaritatem
2971 2116 3025 2164 et
3064 2111 3386 2180 gravitatem
3427 2112 3508 2167 sic

1921 2201 2284 2268 explicuerat,
2312 2211 2372 2254 ut
2396 2216 2674 2255 ammnum
2705 2201 2964 2270 quiddam
2993 2218 3056 2257 ac
3082 2204 3327 2258 divinum
3362 2204 3413 2257 in
3441 2220 3507 2259 eo

1921 2295 2213 2348 emineret.
2243 2293 2372 2360 Qua:
2417 2284 2671 2350 universa
2703 2297 2900 2351 tacitos
2938 2299 3057 2368 ejus
3094 2313 3279 2353 mores
3307 2310 3361 2352 et
3391 2301 3510 2353 ani-

1922 2398 2069 2436 mum
2106 2384 2459 2439 nuntiabant.

1989 2685 2053 2739 ν.
2095 2683 2162 2738 Ut
2206 2696 2387 2740 autem
2439 2687 2722 2755 ingenium
2781 2689 2902 2758 ejus
2956 2690 3122 2745 etiam
3192 2691 3504 2765 declat-em,

1919 2778 2085 2831 unius
2110 2787 2273 2847 atque
2321 2779 2553 2834 alterius
2582 2771 2705 2849 ejus
2751 2779 2874 2836 facti
2920 2783 3258 2838 mentionem
3285 2783 3504 2840 faciam.

1917 2868 2086 2922 Paulo
2117 2880 2242 2923 ante
2275 2870 2511 2936 obitum,
2565 2887 2688 2927 cum
2723 2883 3047 2943 paupertate
3095 2885 3152 2929 et
3189 2892 3373 2930 rerum
3411 2893 3506 2932 ne-

1916 2962 2282 3015 cessariarum
2320 2963 2501 3030 inOpia
2534 2974 2830 3034 urgeretur
2862 2973 2916 3018 et
2972 2967 3168 3021 hiemis
3210 2969 3318 3021 vim
3362 2969 3506 3026 ferre

1917 3070 2021 3107 non
2061 3062 2246 3122 posset
2281 3055 2429 3120 (nam
2470 3055 2647 3108 hiems
2699 3065 2820 3109 tum
2881 3057 3116 3112 maxime
3169 3061 3500 3130 saeviebat),

1917 3147 2195 3215 vulpinam
2230 3146 2333 3200 sibi
2371 3155 2695 3201 nocturnam
2730 3159 2939 3203 vestem
2969 3150 3085 3205 fieri
3121 3153 3307 3222 jussit.
3341 3154 3502 3208 Omni

231 3219 507 3285 ἐπέταξεν
530 3220 680 3286 αύτῷ
709 3207 964 3288 γενέσθαι
1015 3221 1340 3288 νυκτερινὴν
1391 3221 1449 3285 ἐξ
1498 3220 1810 3288 ἀλωπεκῆς.
1843 3263 1884 3319 C

1843 3263 1884 3319 ο
1921 3247 2099 3291 autem
2136 3239 2255 3307 ejus
2292 3238 2570 3304 opulentia
2600 3242 2898 3309 perquisita
2924 3243 3102 3298 tribus
3123 3250 3363 3299 nummis
3396 3263 3500 3301 non

231 3314 426 3380 Πάσης
479 3309 573 3364 οὖν
626 3312 727 3380 τῆς
794 3311 963 3365 αὑτοῦ
1031 3312 1352 3380 περιουσῖας
1413 3311 1814 3380 ἀριθμηθείσης

228 3406 401 3474 τριῶν
441 3405 792 3472 νομισμάτων
838 3403 936 3471 οὐχ
969 3401 1196 3471 εὓρηται
1234 3402 1397 3456 πλέον
1420 3402 1596 3456 οὐδέν.
1652 3402 1815 3455 Ὅθεν

228 3497 438 3549 τούτων
475 3496 652 3564 μόνων
685 3495 743 3558 ἐξ
785 3493 1032 3564 ἀνάγκης
1071 3493 1230 3547 ὢνιον
1289 3494 1573 3559 γενέσθαι,
1627 3495 1653 3546 ὃ
1714 3495 1814 3563 τῆς

227 3588 572 3657 ψυχρότητος
610 3585 972 3654 μεμελέτηται
1019 3584 1387 3654 παραμύθιον.
1431 3587 1726 3654 Μετεώρου
1749 3588 1810 3656 δὴ

227 3677 328 3746 τῆς
366 3676 600 3744 μελέτης
626 3673 816 3742 οὔσης,
849 3673 1167 3743 προσελθών
1192 3691 1277 3738 τις
1304 3675 1413 3726 τῶν
1454 3677 1620 3727 nam
1643 3679 1814 3728 οἰκει-

228 3763 382 3816 ακῶν
418 3763 509 3815 τὸν
547 3762 642 3832 τῆς
673 3761 903 3830 ἐνούσης
939 3764 1134 3825 πενίας
1178 3763 1539 3835 ὲξετραγῲδει
1568 3767 1812 3820 κίνδυνον

231 3855 428 3923 βιαίως
482 3852 862 3920 ἐπιτιθέμενον
906 3854 1002 3904 καὶ
1047 3853 1182 3920 πρὸς
1237 3854 1465 3906 θάνατον
1512 3855 1812 3925 ὁλοσχερῶς

230 3946 604 4001 συνωθοῦντα.
671 3945 861 4013 Τούτῳ
913 3945 1190 4015 καμφθεὶς
1256 3947 1505 4001 ἐδεδώκει
1569 3951 1636 4001 τὰ.
1685 3951 1810 4019 τρία

228 4042 418 4093 ἐκεῖνα
504 4040 813 4108 νομίσματα
843 4081 858 4104 ,

227 4129 428 4186 ἑαυτοῦ
500 4130 860 4199 προελόμενος
933 4129 1187 4193 θάνατον,
1248 4131 1370 4183 ὅσον
1444 4135 1505 4184 τὸ
1559 4136 1645 4186 ἐπ’
1715 4137 1812 4186 αὐ-

226 4228 344 4277 τὸν.
381 4222 478 4274 Ἐν
511 4223 614 4292 μὲν
644 4222 710 4292 δὴ
742 4220 905 4275 τοῦτο
942 4221 1043 4290 τῆς
1084 4221 1252 4275 αὐτοῦ
1316 4223 1634 4292 συμπαθοῦς
1669 4226 1811 4294 γνώ-

227 4334 341 4383 μης
381 4317 682 4386 τεκμήριον
705 4315 839 4385 (52).
871 4314 1136 4385 Δεύτερον
1161 4315 1218 4368 δέ
1249 4333 1262 4347 ⁸
1328 4317 1451 4368 ἐπει
1481 4318 1589 4388 γὰρ
1611 4319 1810 4389 ἰατρῶν

228 4412 334 4479 μὲν
362 4408 550 4467 παῖδες
584 4408 735 4475 αὑτῷ
759 4409 857 4476 τὴν
881 4407 1229 4476 πολυήμερον
1261 4407 1640 4477 ψυχροποσίαν
1668 4413 1810 4481 ἀπη-

223 4499 478 4567 γόρευον,
525 4499 553 4549 ὁ
607 4498 651 4550 δ’
708 4499 770 4549 οὐ
808 4500 1067 4567 προσίετο
1096 4499 1197 4569 τὴν
1247 4503 1581 4566 οἰνοποσίαν,
1636 4507 1810 4574 μέσην

951 4039 1247 4108 συμφορῶν
1333 4041 1632 4112 ἀλλοτρίων
1720 4044 1854 4094 τίν’

1924 3330 2046 3397 plus
2078 3337 2164 3383 est
2199 3339 2502 3399 repertum.
2557 3330 2716 3385 Tanti
2753 3333 2938 3401 itaque
2984 3339 3209 3389 necesse
3243 3335 3350 3389 fuit
3397 3338 3506 3391 emi

1922 3429 2151 3479 vestem.
2180 3437 2301 3488 quas
2329 3422 2375 3474 ei
2411 3423 2462 3473 in
2503 3421 2804 3491 frigoribus
2841 3425 3086 3480 solamen
3128 3439 3377 3495 paratmu
3420 3445 3510 3482 es-

1922 3521 2024 3562 set.
2061 3509 2116 3562 ld
2146 3525 2277 3563 vero
2309 3511 2598 3564 consilium
2632 3527 2755 3565 cum
2795 3513 2977 3568 adhuc
3027 3515 3342 3584 agitaretur.
3387 3519 3505 3586 qni-

1922 3600 2045 3652 dam
2081 3616 2108 3651 e
2141 3603 2425 3654 veteribus
2465 3604 2583 3671 ejus
2612 3605 2976 3659 lamiliaribus
3012 3619 3337 3674 przesentem
3369 3625 3502 3678 pau-

1923 3699 2190 3757 pertatem
2232 3690 2551 3759 deplni'abat
2580 3733 2593 3756 ,
2638 3709 2759 3761 quae.
2793 3695 2864 3747 ita
2896 3705 3052 3749 atrox
3086 3696 3191 3751 sibi
3226 3699 3507 3752 incumbe-

1923 3790 2002 3833 ret
2026 3821 2038 3842 .
2064 3791 2122 3832 ut
2143 3781 2252 3847 jam
2286 3781 2337 3834 in
2363 3795 2552 3850 aperto
2585 3784 2778 3839 mortis
2805 3787 3051 3854 periculo
3083 3801 3417 3843 versaretur.
3444 3791 3501 3844 Ei

1921 3870 2195 3924 adductus
2231 3873 2612 3927 misericordia
2674 3883 2783 3928 tres
2841 3877 2962 3930 illos
3002 3892 3256 3934 nummos
3314 3882 3500 3948 dedit;

1921 3961 2059 4014 mori
2095 3973 2423 4031 prteoptans,
2453 3968 2598 4033 quod
2636 3965 2688 4018 in
2718 3982 2776 4021 se
2807 3979 2975 4033 esset,
2999 3985 3163 4038 quam
3199 3972 3500 4028 alienarunt

1922 4057 2304 4111 calamitatum
2340 4068 2620 4126 spectator
2655 4077 2796 4117 esse.
2837 4063 3014 4117 Unum
3056 4063 3220 4134 igitur
3245 4066 3351 4122 hoc
3382 4070 3502 4131 ejus

1921 4138 2540 4219 benignitatis-signum
2588 4162 2732 4208 esto.
2763 4153 3010 4208 Alterum
3057 4156 3210 4210 ill.:d.
3265 4158 3398 4211 Cum
3448 4160 3496 4210 ei

1919 4242 2132 4312 frigida:
2166 4259 2322 4313 aqua:
2352 4254 2480 4313 potu
2515 4245 2780 4302 diuturno
2823 4248 3021 4304 medici
3062 4250 3494 4314 interdicerent,

1919 4343 2093 4403 atque
2122 4335 2238 4404 ipse
2273 4335 2388 4389 vini
2443 4339 2783 4406 potationem
2827 4342 3202 4409 repudiasset;
3262 4345 3495 4397 mediam

1921 4425 2210 4494 ingressus
2245 4426 2387 4480 viam
2425 4428 2517 4481 vix
2549 4445 2660 4481 uno
2692 4445 2884 4497 aureo,
2922 4448 3098 4501 eoque
3131 4436 3454 4490 niutualicio
3479 4477 3492 4500 ,

1918 4513 2126 4582 aliquid
2157 4516 2260 4569 sibi
2289 4516 2530 4570 dulcium
2568 4519 2841 4587 liquorum
2862 4523 3016 4586 emit,
3045 4524 3136 4593 qui
3175 4541 3238 4577 ex
3265 4524 3496 4595 [Egypto

225 4589 456 4659 βαδίσας
484 4588 820 4658 νομίσματος
865 4589 981 4652 ἐνὸς
1016 4591 1190 4658 μόλις,
1233 4593 1296 4643 ὲκ
1349 4592 1563 4646 δανείου
1620 4597 1808 4648 κάκεί-
1846 4628 1888 4681 D

1846 4628 1888 4681 υ
1917 4613 1972 4657 et
2001 4605 2202 4659 Arabia
2228 4606 2599 4672 advehuntur,
2627 4619 2685 4663 ut
2720 4610 2885 4682 474
2937 4613 3023 4666 his
3064 4588 3272 4683 lrigida:
3305 4588 3506 4683 potitur

224 4701 321 4735 νου
352 4681 807 4750 παρευρεθέντος,
835 4681 994 4736 ὢνιον
1019 4682 1144 4751 ἔσχε
1172 4684 1337 4754 μέρος
1375 4703 1428 4736 τι
1459 4688 1567 4739 τῶν
1626 4689 1683 4752 ἐξ
1720 4690 1813 4740 Αί-

223 4773 440 4838 γύπτου
468 4772 560 4825 καὶ
610 4771 868 4840 Ἀραϐίας
905 4770 988 4844 [Ρ.
1015 4771 1142 4842 991]
1162 4761 1540 4842 κομιζομένων
1568 4776 1816 4843 γλυκέων

224 4863 439 4933 ὑγρῶν,
473 4865 557 4915 ἵνα
601 4881 670 4935 γε)
718 4865 890 4933 τούτῳ
931 4865 1165 4937 κουφίζῃ
1203 4866 1262 4918 τὸ
1306 4867 1404 4935 τῆς
1446 4869 1814 4936 ψυχροποσίας

221 4959 488 5028 ἄκρατον.
509 4956 811 5027 Ἀλλάξπρὶν
834 4957 1648 5027 γεύσασθαιξτούτου,πρόσεισιν
1666 4960 1820 5026 αὖθις

224 5054 416 5123 ἕτερός
458 5071 538 5114 τις
574 5053 683 5104 τῶν
732 5051 898 5106 πάλαι
926 5054 1238 5121 οίκειακῶν,
1269 5058 1481 5124 μακροῦ
1512 5060 1815 5128 νοσήματος

224 5146 405 5215 βραχύ
434 5163 484 5198 τι
509 5145 687 5213 ζητῶν
725 5147 1090 5215 παραμύθιον.
1132 5149 1189 5201 Ὀ
1242 5149 1298 5201 δὲ
1333 5151 1408 5220 μὴ
1456 5153 1595 5222 ἔχων
1633 5155 1805 5218 οὐδὲν,

1922 4701 2281 4752 meraciorem
2318 4711 2647 4768 temperaret
2701 4714 2864 4773 atque
2910 4705 3137 4759 levaret.
3174 4704 3278 4761 Sed
3312 4708 3496 4776 prius-

1920 4805 2081 4858 quam
2128 4805 2222 4845 eos
2249 4802 2540 4862 gustasset,
2582 4810 2775 4848 rursus
2810 4797 2952 4850 alius
2985 4807 3234 4851 veterum
3275 4798 3491 4850 domes-

1920 4882 2154 4934 ticorum
2183 4897 2306 4935 eum
2361 4885 2593 4946 accedit,
2641 4885 2788 4955 longi
2822 4888 2997 4941 morbi
3040 4888 3205 4941 breve
3242 4903 3494 4957 quarrens

1916 4973 2200 5028 solatium.
2239 4974 2307 5027 At
2343 4975 2452 5038 ille,
2477 4991 2600 5029 cum
2637 4977 2774 5030 nihil
2818 4978 3045 5033 haberet
3075 4995 3184 5049 quo
3213 4980 3491 5033 hominem

1916 5066 2312 5126 consolaretur,
2344 5077 2399 5120 et
2422 5068 2578 5135 ghuic
2607 5067 2723 5122 dari
2750 5069 2915 5138 jussit
2939 5072 3243 5126 remedium
3273 5089 3383 5127 suae
3414 5075 3496 5125 iu-

1919 5155 2195 5211 ﬁrmitatis
2220 5172 2382 5213 causa
2413 5169 2814 5228 comparatum.
2850 5161 3023 5216 Tanta
3055 5164 3173 5230 ejus
3230 5173 3348 5218 erat
3391 5165 3495 5217 liu-

1581 5306 1918 5371 Variorum
1955 5318 2139 5370 nota).

299 5447 411 5513 (Si)
455 5445 932 5521 Moriens_gnnum
968 5451 1139 5502 (etatis
1183 5450 1422 5521 explebat
1464 5454 1793 5521 septuagesi-

1903 5454 2161 5529 dctrahit.
2197 5456 2300 5511 Sed
2351 5459 2506 5523 mihi,
2542 5468 2600 5512 ut
2624 5461 2734 5529 jam
2763 5450 2897 5522 dixi,
2933 5459 3301 5515 Cantacuzeni
3327 5463 3492 5517 chro-

224 5533 372 5569 munt
405 5525 676 5601 quartum.
701 5515 948 5601 hlortiius
977 5529 1058 5571 est
1092 5515 1340 5601 (utilitati
1364 5515 1601 5601 dicetur,
1633 5515 1807 5601 huius
1902 5527 2117 5601 nologia
2149 5540 2408 5597 suspecta
2435 5515 2540 5584 est.
2569 5515 2706 5585 Vide
2742 5515 3008 5586 adnotata
3043 5533 3111 5585 ad
3145 5547 3266 5601 pag.
3298 5515 3403 5586 262
3429 5534 3489 5586 Β.

219 5602 349 5655 cap.
401 5596 535 5639 sect.
591 5585 718 5654 ult.)
766 5601 913 5640 anno
963 5591 1150 5642 mundi
1180 5589 1341 5650 6840.
1383 5591 1588 5646 Christi
1641 5585 1800 5647 1332.

221 5658 370 5719 Ergo
419 5665 582 5708 natus
611 5665 734 5709 erat
764 5671 908 5712 anno
948 5660 1134 5711 mundi
1187 5660 1346 5720 6766.
1389 5661 1598 5716 Chri~ti
1639 5661 1797 5718 ηδε.

222 5727 363 5779 Vide
407 5725 672 5797 adnotata
700 5725 766 5797 ad
818 5742 940 5797 pag.
988 5728 1046 5781 5i
1083 5729 1145 5783 Α.
1200 5731 1620 5787 (Σιιιιιιιουκθιιυε
1659 5733 1794 5786 Hist.

219 5797 318 5852 ιιι).
361 5812 419 5856 ιι,
461 5813 580 5864 cap.
615 5795 706 5858 28,
742 5795 1110 5852 Andronicum
1152 5816 1312 5853 avum
1351 5802 1556 5856 obiisse
1591 5803 1664 5856 ait
1696 5819 1795 5856 an-

220 5879 329 5922 nos
354 5877 540 5921 natura
579 5867 665 5920 72.
709 5867 786 5922 ltu
827 5870 894 5923 de
937 5884 1208 5926 annorum
1245 5886 1474 5928 numero
1511 5875 1794 5934 biennium

1904 5593 2114 5648 Doms.

1973 5667 2084 5733 (52)
2118 5667 2199 5721 0h
2242 5671 2501 5737 pietatem
2545 5680 2600 5726 et
2635 5673 2771 5726 alias
2797 5675 2967 5729 animi
2993 5676 3151 5731 dotes
3174 5677 3340 5731 etiam
3369 5679 3487 5730 lau-

1897 5733 2061 5789 datur
2090 5753 2129 5810 ει,
2155 5733 2468 5808 Niceplmro
2496 5743 2887 5810 Xanthopulo:

2106 5809 2523 5882 "l‘ﬁqsbos6sla;
2552 5809 2893 5882 ’Λνδρόνικος
2923 5818 2950 5867 ὁ
2977 5815 3190 5882 στῦλος,

2114 5876 2473 5952 ’Λσύτκριτος
2497 5883 2640 5948 νοῦς,
2673 5876 2988 5956 ἐξῃρημένη
3013 5876 3192 5958 φύσιςξ
3231 5889 3471 5945 ῡυειιιια.
