4248 6442
135 421 235 482 673
383 418 460 488 [Α.
502 432 552 471 c.
598 417 735 470 1528
772 427 839 468 ΑΙ)
881 414 1040 484 1541]

1187 410 1636 474 BYZANTIN/E
1674 407 2066 466 HlSTOHt/n‘
2103 407 2247 464 LIB.
2292 405 2369 467 X.

2493 403 2628 470 [περ.
2675 412 2955 452 Αιιοιιοκιο.
2979 397 3138 470 τωο]

3283 397 3387 465 674

137 537 312 603 στήτω
338 533 513 602 τούτῳ
546 535 890 603 παρόμεινας
918 533 1176 601 σῶματι;
1219 531 1264 582 ὣ
1312 531 1429 593 πῶς
1481 529 1579 598 οὐχ
1611 525 1717 580 ὑπὸ

1824 523 2084 579 ﬂuctuum
2123 522 2404 578 violentia:
2466 521 2721 575 resistere
2777 520 2998 590 potest?
3037 520 3082 574 Ο
3114 517 3388 572 infelicem

134 626 240 678 τῶν
275 625 542 692 ἀλγεινιῖιν
576 626 838 696 διερῤάγη
885 641 974 692 μοι
1003 623 1281 691 τδ’σῶμα,
1317 620 1432 674 ἀλλ’
1455 621 1708 688 ἀντέχειν

1814 615 2056 685 linguam
2089 630 2288 674 meam.
2330 614 2395 666 ad
2425 611 2742 681 hujusmodi
2765 610 3186 665 lamentationes
3211 625 3393 663 reser-

132 719 214 770 ἔτι
256 718 492 770 δύναται
525 719 660 785 πρὸς
692 717 963 777 τοσαύτας
992 717 1256 784 κυμάτων
1289 715 1620 782 ὲπαγωγάςς
1664 711 1710 763 ὣ

1824 708 2029 761 vataml
2068 707 2183 760 Heu
2221 705 2492 758 malorum
2527 704 2811 758 cumulum
2843 720 2856 756 :
2891 704 2994 756 heu
3028 703 3391 756 mutationem

135 811 406 878 δυστυχής
433 827 522 878 μοι
577 811 659 880 [Ρ.
692 808 822 880 292]
866 809 1103 876 γλῶττα,
1140 809 1257 870 οἵας
1295 820 1376 861 σοι
1410 807 1508 866 τάς
1541 824 1713 876 μονῳ-

132 899 247 960 δίας
283 900 310 949 6
353 901 544 966 χρόνος
583 899 994 965 ὲταμιεύσατος
1047 897 1154 950 Φεῦ
1213 898 1312 965 τῆς
1351 896 1461 966 τῶν
1523 895 1712 948 δεινῶν

136 960 462 1058 συνεχείαςο
499 988 666 1058 βαϐαὶ
686 960 788 1058 τῆς
836 988 1141 1058 ὲναλλαγῆς
1187 960 1296 1040 τῶν
1346 960 1708 1057 πράγμάτων.

133 1080 236 1143 Οὓς
262 1081 373 1147 γάρ
401 1083 487 1134 ἀεὶ
518 1079 658 1132 κατά
691 1080 798 1132 τῶν
832 1081 1129 1149 συμφορῶν
1159 1079 1459 1148 πρ-’,ϐόλους
1491 1077 1712 1146 εἴχομεν

133 1170 404 1239 ἀρραγεῖς
469 1167 564 1219 καὶ
619 1167 906 1236 λαμπροὺς
941 1168 1317 1237 παρηγόρους,
1365 1159 1515 1218 οὗτοι
1552 1182 1714 1234 στρα-

134 1257 385 1325 τεύματα
445 1255 745 1324 συμφορῶν
798 1253 885 1320 ἐφ’
939 1256 1089 1323 ήμᾶς
1131 1253 1413 1316 όπλίζουσι
1449 1256 1712 1322 σήμερον.

145 1350 339 1416 Ἡμεῖς
364 1348 421 1400 δὲ
445 1346 827 1415 καρτεροῦμεν
856 1347 934 1399 ἔτι
970 1348 1064 1398 καὶ
1101 1347 1360 1414 μονῳδεῖν
1383 1345 1712 1414 ἀνεχόμεθα.

141 1440 246 1492 [ἰού
284 1440 465 1506 σοφῶν
500 1439 788 1492 συναυλίαι
812 1439 908 1492 καὶ
940 1438 1134 1506 λογίων
1157 1436 1384 1503 ἅμιλλαι
1413 1437 1506 1489 καὶ
1538 1435 1714 1502 σεμνὰ

139 1532 531 1598 παλαίσματας
568 1530 670 1582 ποῦ
725 1531 974 1600 ρητόρων
1006 1529 1344 1600 πανηγύρεις
1383 1529 1479 1582 καὶ
1533 1530 1716 1598 κρότοι

137 1629 230 1676 καὶ
259 1625 465 1693 θέατρα
500 1623 680 1692 πολλῷ
717 1622 826 1675 τῶν
865 1622 1259 1691 Παναθηναίων
1312 1621 1540 1674 ἐκείνων
1579 1625 1719 1688 λαμ-

138 1715 387 1784 πρότερα
416 1731 430 1778 ;
465 1712 672 1782 φροῦδα
728 1712 798 1765 τὰ
839 1714 1036 1775 πάντα,
1069 1712 1220 1773 κόνις
1255 1709 1493 1765 ἅπαντα.
1527 1704 1597 1762 Ὠ
1623 1709 1719 1762 κά-

138 1823 298 1860 κιστε
349 1806 534 1875 χρόνε,
573 1805 690 1864 πῶς
733 1804 798 1856 ἐκ
842 1805 1013 1872 μέσης
1048 1803 1283 1872 ήνέσχου
1319 1802 1419 1870 τῆς
1456 1801 1714 1869 οίκουμέ-

1821 814 2013 852 rerum
2047 800 2062 852 ι
2105 796 2254 862 Quos
2272 797 2415 849 enim
2455 795 2642 849 ﬁrmos
2661 793 2815 863 quasi
2844 795 3030 848 obices
3052 805 3241 848 contra
3275 809 3393 847 ma-

1815 889 1998 943 lorum
2036 889 2274 941 insultus
2310 887 2650 942 habebamus
2681 895 2737 939 et
2789 883 3022 937 illustria
3075 884 3303 942 solatia.
3354 881 3391 937 ii

1814 981 1977 1035 hodie
2011 990 2200 1034 contra
2262 994 2360 1032 nos
2410 979 2786 1032 calamitatum
2829 975 3086 1029 cohortes
3129 976 3391 1028 educunt.

1814 1072 1925 1126 Nos
1953 1087 2085 1124 vero
2122 1070 2303 1123 adhuc
2338 1068 2693 1122 subsistimus
2732 1078 2786 1121 et
2820 1065 3110 1119 lamentari
3161 1078 3270 1116 non
3298 1063 3398 1116 de-

1816 1166 2105 1219 sistimus?
2136 1165 2237 1220 Ubi
2267 1174 2350 1218 est
2378 1162 2721 1229 familiaritas
2755 1157 3133 1227 sapientium?
3170 1155 3265 1210 ubi
3299 1155 3403 1209 do-

1817 1267 2033 1311 ctorum
2097 1256 2402 1310 certamina
2453 1265 2510 1307 et
2566 1254 2810 1306 honesta:
2865 1249 3258 1304 velitatiooes?
3307 1249 3402 1301 ubi

1818 1361 2103 1404 oratorum
2137 1362 2336 1412 cretus,
2371 1349 2706 1417 applausus.
2741 1347 2986 1408 theatra,
3027 1344 3200 1396 multo
3225 1342 3402 1397 Pana-

1821 1445 2048 1498 thenacis
2100 1444 2208 1497 illis
2251 1441 2626 1511 splendidiora
2654 1440 2676 1492 ?
2708 1440 3063 1493 Evanucrunt
3094 1435 3316 1498 omnia;
3347 1433 3399 1484 in

1820 1538 2102 1607 pulverem
2131 1537 2391 1590 abierunt
2411 1535 2617 1588 omnia.
2649 1533 2693 1587 Ο
2721 1543 2933 1601 tempus
2958 1525 3400 1599 iniquissimum!

1820 1630 1965 1684 itane
1995 1644 2026 1682 e
2057 1629 2240 1682 medio
2280 1636 2555 1680 terrarum
2577 1625 2713 1678 orbe
2755 1623 3041 1691 sapientia:
3072 1619 3402 1687 metropolin

1821 1723 2016 1777 tollere
2043 1720 2347 1776 crudeliter
2373 1718 2518 1774 haud
2540 1716 2802 1772 dubitasti
2826 1716 2849 1768 ?
2879 1717 3024 1768 itane
3050 1729 3148 1783 per
3178 1711 3407 1765 insidias

1818 1813 2150 1883 eloquentia:
2191 1827 2374 1866 arcem
2425 1809 2713 1866 evertisti?
2744 1808 2854 1862 Cur
2906 1818 3016 1860 tam
3058 1799 3408 1859 continenter

138 1917 235 1967 νης
264 1874 517 1966 τὴνίτῆς
555 1896 746 1964 σοφίας
798 1895 1134 1965 μητρόπολιν
1184 1893 1390 1958 ἐξελεῖν
1447 1893 1714 1961 angvem;

1824 1874 2051 1960 insultas
2079 1903 2246 1976 476
2298 1903 2457 1958 nobis
2500 1903 2620 1956 sine
2656 1901 2764 1956 ulla
2806 1899 3189 1954 misericordia
3229 1906 3286 1952 et
3314 1911 3404 1950 sa-

139 1992 258 2053 πῶς
288 1989 387 2056 τὴν
419 1989 529 2041 τῶν
563 1989 738 2056 λόγων
764 1987 1016 2049 καθεῖλες
1045 1984 1445 2047 ἐπιϐουλεύσας
1477 1984 1718 2054 ἀκρόπο-

139 2086 222 2138 λιν
257 2103 274 2151 ;
316 2084 432 2146 πῶς
463 2082 606 2136 οὓτω
645 2082 899 2151 νεανιεύῃ
936 2080 1054 2134 καθ’
1084 2078 1243 2149 ἡμῶν
1271 2079 1535 2149 συνεχῶς,
1577 2079 1718 2148 μήτε

138 2184 261 2236 τινὰ
295 2177 479 2234 οῐκτον
515 2179 826 2248 λαμϐάνων,
867 2178 1007 2247 μήτε
1039 2173 1433 2244 κορεννύμενος
1477 2173 1584 2226 ὑπὸ
1617 2173 1718 2240 τῆς

139 2274 356 2346 τρυφῆς
390 2273 499 2325 τῶν
532 2272 760 2336 δεινῶν;
789 2268 934 2330 Χθὲς
985 2267 1206 2336 ἀφεῖλες
1240 2265 1395 2337 ήμῶν
1427 2267 1522 2316 τὸν
1557 2263 1718 2334 μέγι-

142 2381 270 2415 στον
314 2361 577 2430 βασιλέαο
627 2363 871 2428 σήμερον
908 2355 1001 2410 τὸν
1052 2353 1228 2420 δεξιὸν
1277 2353 1580 2424 ὑπηρέτην,
1631 2353 1722 2405 τὸν

139 2457 396 2524 Νέστορα
435 2453 526 2504 τὸν
567 2451 926 2520 βουληφόρον,
965 2447 1059 2500 τὸν
1103 2448 1264 2514 μόνον
1293 2445 1536 2514 τοσούτῳ
1572 2443 1723 2512 βασι-

141 2549 224 2599 λεῖ
256 2546 564 2614 δυνάμενον
605 2544 884 2612 ἐξαρκεῖν.
911 2539 1052 2599 Χθδς
1081 2538 1174 2590 τὸν
1203 2538 1310 2590 τῶν
1341 2536 1595 2605 Χαρίτων
1627 2535 1725 2587 θά-

142 2635 320 2700 λαμον
348 2649 361 2661 ·
396 2633 639 2702 σήμερον
667 2631 734 2683 τά
783 2630 893 2682 τῶν
926 2629 1182 2695 Χαρίτων
1213 2626 1530 2696 προπύλαια
1553 2641 1568 2656 ο
1597 2625 1724 2693 χθὲς

139 2728 201 2776 τδ
232 2725 337 2793 ξαρ
367 2721 743 2790 τῶν,άγαθῶνο
768 2724 1008 2790 σήμερον
1037 2719 1132 2789 τὴν
1154 2717 1212 2769 τδ
1235 2717 1473 2771 τοιοῦτον
1503 2716 1597 2785 ἔαρ
1627 2718 1728 2782 ἀγ-

141 2818 447 2883 γέλλουσαν
501 2815 744 2884 χελιδόνα
773 2830 786 2843 ⁸
841 2814 967 2881 χθὲς
1016 2812 1106 2863 τὸν
1163 2811 1338 2878 μέγαν
1379 2808 1475 2860 καὶ
1507 2799 1726 2874 ἀπαράο

148 2906 342 2973 μιλλυν
369 2903 496 2955 νοῦν
523 2918 536 2931 ·
575 2903 818 2970 σήμερον
851 2899 944 2952 τοῦ
979 2897 1226 2952 τοιούτου
1254 2895 1344 2948 νοῦ
1379 2895 1468 2947 τὸν
1495 2891 1729 2962 ἐναρμό-

143 3011 260 3045 νιον
291 2995 514 3061 κήρυκα
541 3007 554 3021 ο
597 2989 724 3059 χθὲς
763 2990 860 3055 τῆς
897 2988 1106 3057 χρυσῆς
1141 2986 1234 3038 καὶ
1266 2983 1507 3053 μεγάλης
1559 2981 1728 3046 γλώτ-

145 3101 249 3151 της
279 3083 409 3142 τοὺς
443 3081 632 3147 λόγους
660 3096 675 3110 ο
731 3079 971 3146 σήμερον
1000 3079 1098 3145 τὴν
1139 3075 1480 3142 Ἀκαδημίαν
1513 3073 1607 3124 καὶ
1637 3071 1727 3123 τὸν

148 3177 469 3243 Περὲπατον
496 3178 589 3224 καὶ
629 3173 727 3242 τήν
755 3172 920 3222 Στοὰν
961 3161 1177 3236 ὲκείνηῗς
1214 3167 1314 3236 τῆς
1349 3166 1595 3234 γλώττης
1625 3167 1725 3217 κά-

147 3271 350 3320 κείνων
382 3267 489 3318 τῶν
520 3267 692 3332 λόγων
719 3281 732 3294 ·
785 3263 911 3333 χθὲς
944 3263 1042 3325 τὰς
1079 3262 1305 3322 Μούσας
1336 3276 1350 3290 ο
1383 3260 1627 3327 σήμερον

148 3361 264 3421 ζῶν
317 3361 413 3412 κα)⁸
460 3357 778 3426 κινούμενον
819 3358 1069 3425 μουσεῖον
1097 3369 1110 3383 °
1146 3353 1273 3423 χθὲς
1313 3353 1414 3422 τῆς
1444 3351 1728 3410 εὐσεϐείας

150 3452 252 3502 κλὶ
289 3449 402 3501 τῶν
441 3448 728 3517 δογμάτων
766 3447 857 3498 τὸν
892 3446 1184 3516 κράτιστον
1218 3444 1481 3514 πρόϐολον
1508 3459 1523 3472 θ
1556 3445 1730 3511 σήμε-

154 3559 252 3610 ρον
279 3541 383 3608 τὴν
411 3541 750 3610 δογματικὴν
787 3539 1092 3591 πανοπλίαν
1119 3553 1131 3565 ’
1160 3537 1286 3604 χθὲς
1317 3537 1409 3587 τὸν
1441 3535 1539 3602 τῆς
1573 3535 1732 3602 ίερω-

153 3633 328 3702 σύνης
367 3633 566 3684 κανόνα
601 3649 658 3683 τε
694 3632 790 3683 καὶ
844 3630 942 3699 τὴν
1002 3628 1290 3698 στάθμην·
1347 3629 1586 3696 σήμερον
1634 3626 1732 3695 τὴν

154 3728 315 3795 ἱερὰν
346 3725 680 3793 ὁπλοθήκην.
726 3720 864 3774 Ἀλλ’
891 3716 935 3772 ὦ
985 3720 1138 3772 πόσοι
1183 3717 1454 3785 κλαυθμο“ι
1487 3719 1582 3770 καὶ
1616 3734 1734 3769 στε-

150 3818 365 3886 ναγμσὶ
392 3816 817 3886 συνεληλυθότες
872 3814 950 3875 εἱς
996 3813 1055 3865 ἓν
1088 3811 1416 3880 ἐξισωθῆναι
1450 3810 1732 3881 δυνηθεῖεν

149 3912 220 3964 ἂν
250 3913 363 3971 τοῖς
393 3909 488 3960 νῦν
519 3906 886 3976 κατασχοῦσιν
915 3906 1061 3973 ἡμᾶς
1111 3903 1379 3966 πάθεσινς
1411 3897 1564 3970 οἶμαι
1598 3904 1729 3969 γὰρ,

149 3996 338 4068 οἶμαι,
368 3998 434 4050 ἂν
470 3997 715 4050 θάλασσα
746 3994 844 4061 μὲν
879 3992 1067 4045 ἅπασα
1096 3990 1372 4060 μεταϐάλῃ
1407 3991 1540 4058 πρὸς
1574 3989 1734 4056 φύσιν

149 4091 437 4160 δακρύων,
473 4088 705 4155 ποταμοὶ
739 4086 784 4138 δ’
829 4085 921 4149 αὖ,
964 4084 1152 4136 ὁπόσοι
1197 4082 1296 4150 τὴν
1341 4083 1442 4149 γῆν
1478 4081 1736 4148 περικλύ-

153 4185 337 4247 ζουσι,
395 4183 532 4250 πρὸς
576 4177 828 4247 δακρύων
876 4177 1131 4247 τραπῶσι
1169 4177 1367 4244 φορὰν,
1406 4175 1511 4226 οὐδ’
1560 4172 1734 4234 οὕτως

155 4276 225 4327 ἂν
260 4274 461 4334 ἱκανῶς
497 4271 734 4341 δειχθείη
764 4271 826 4323 τδ
859 4269 1086 4338 μέγεθος
1120 4270 1245 4321 ὅσον
1270 4267 1380 4318 τῶν
1407 4266 1501 4318 νῦν
1532 4281 1738 4334 συμφο-

150 4369 293 4440 ρῶν.
341 4367 582 4428 Ἐκεῖνος
628 4361 696 4435 ἦν
743 4364 770 4415 ὁ
811 4363 912 4430 τῆς
940 4363 1273 4431 ἡγεμονικῆς
1301 4360 1408 4411 τῶν
1451 4359 1736 4428 Ῥωμαίων

145 4459 387 4519 ὁλκάδος
438 4460 658 4526 ἀριστος
691 4445 1035 4524 κυϐερνήτης
1061 4468 1076 4482 ο
1108 4447 1265 4513 οὗτος
1296 4452 1323 4502 6
1355 4450 1456 4520 τὴν
1517 4450 1737 4518 Ἑλίκην

1668 3228 1796 3308 τὸ(1

1825 1997 2012 2051 tietate
2045 1995 2359 2050 malorum?
2411 1993 2542 2048 Heri
2577 1994 2873 2047 maximum
2914 1991 3075 2045 nobis
3108 1991 3406 2058 imperato-

1823 2103 1938 2148 rem
1988 2088 2311 2152 abstulisti;
2355 2086 2521 2140 hodie
2577 2086 2998 2140 solertissimum
3041 2084 3190 2138 illius
3241 2081 3407 2136 mini-

1823 2190 2019 2243 strum,
2048 2179 2334 2234 Nestorem
2365 2177 2769 2243 consiliarium,
2803 2191 2928 2230 eum
2960 2179 3050 2245 qui
3077 2175 3226 2230 solus
3254 2182 3408 2228 tanto

1824 2273 2144 2340 imperatori
2199 2272 2334 2325 satis
2367 2271 2487 2326 fuit.
2531 2270 2659 2326 Heri
2710 2269 3023 2325 Gratiarum
3062 2268 3358 2322 thalamum
3390 2308 3403 2332 ,

1825 2363 1990 2417 hodie
2044 2362 2359 2437 Gratiarum
2393 2363 2751 2417 vestibulum.
2798 2361 2926 2414 Heri
2963 2375 3058 2413 ver
3100 2359 3406 2423 bonorum;

1825 2456 1990 2510 hodie
2048 2459 2298 2509 nuntiam
2350 2457 2472 2526 ejus
2503 2455 2876 2508 hirundinem.
2912 2451 3038 2506 Heri
3072 2466 3321 2521 magnam
3354 2459 3411 2503 et

1826 2545 2322 2612 incomparabilem
2348 2554 2590 2600 mentem
2617 2561 2631 2610 ;
2664 2543 2828 2598 hodle
2862 2542 3060 2597 mentis
3087 2543 3235 2596 illius
3254 2557 3412 2610 argu-

1829 2646 1942 2690 tum
1989 2652 2321 2704 pra'conem.
2361 2636 2490 2691 Heri
2515 2651 2696 2689 aureae
2723 2645 2781 2690 et
2811 2636 3409 2705 magnarilliuslingua:

1828 2744 2144 2794 sermones;
2179 2730 2340 2784 hodie
2356 2729 2704 2784 Academiam
2731 2737 2786 2782 et
2817 2729 3132 2799 Peripatum
3148 2739 3204 2782 et
3224 2727 3410 2782 Stoam

1830 2814 1978 2868 illius
2028 2815 2228 2884 lingua:
2259 2825 2312 2868 et
2349 2815 2568 2868 illorum
2627 2828 2968 2867 sermonum.
3019 2813 3143 2867 Heri
3188 2814 3408 2875 Musas;

1833 2905 1996 2958 hodie
2029 2906 2213 2959 vivum
2244 2914 2301 2958 et
2331 2918 2480 2959 motu
2512 2906 2802 2974 praeditum
2835 2905 3102 2959 Museum.
3136 2904 3260 2959 Heri
3295 2905 3414 2972 pie-

1832 2999 1957 3051 tatis
1983 3007 2039 3052 et
2067 2999 2381 3068 dogtnatum
2423 2991 2795 3052 ﬁrmissimum
2822 3000 3230 3052 munimentum
3258 3013 3272 3059 ;
3312 2997 3413 3048 hu-

1830 3089 1918 3142 die
1947 3091 2308 3159 dogmaticam
2335 3092 2663 3160 panopliam.
2685 3091 2812 3146 Heri
2843 3093 3136 3156 sacerdotii
3174 3093 3414 3159 regu'am

1832 3188 1886 3233 et
1943 3180 2246 3246 amussim;
2282 3180 2447 3234 hodie
2493 3195 2711 3237 sacrum
2760 3179 3271 3233 armamentarium.
3306 3179 3414 3231 Sed

1834 3286 1957 3340 qua:
2007 3272 2224 3324 tandem
2254 3271 2516 3334 lamenta,
2543 3287 2665 3339 qua!
2693 3271 2927 3339 suspiria
2966 3271 3021 3323 in
3073 3286 3242 3322 unum
3284 3285 3417 3324 cou-

1824 3365 2016 3434 juncta
2043 3364 2200 3417 malis
2240 3363 2447 3418 nostris
2491 3363 2695 3433 aequari
2745 3363 2992 3432 queant?
3024 3365 3300 3427 Arhuror,
3326 3376 3418 3414 ar-

1831 3458 2012 3511 bitror
2043 3460 2191 3510 enim
2217 3494 2234 3521 ,
2271 3457 2316 3510 si
2351 3472 2500 3512 mare
2537 3466 2710 3510 totum
2747 3457 2803 3510 in
2835 3457 3203 3526 lacrymarnm
3257 3465 3416 3509 natu-

1833 3561 1944 3598 ram
1972 3561 2323 3608 conversum,
2370 3556 2424 3600 et
2452 3561 2647 3602 omnes
2675 3544 2847 3604 ﬂuvii.
2901 3545 2996 3614 qui
3051 3558 3250 3597 teram
3285 3545 3416 3598 irri-

1833 3647 1996 3707 gant,
2046 3638 2100 3690 in
2154 3639 2516 3709 lacrymarum
2567 3639 2959 3692 abundantiam
3009 3646 3314 3702 mutentur,
3345 3652 3416 3690 ne

1835 3729 1915 3781 sic
1963 3728 2190 3797 quidem
2249 3727 2684 3797 magnitudinem
2748 3727 3163 3790 calamitatum,
3214 3729 3418 3795 (ιυιὺυε

1835 3833 1981 3872 nunc
2012 3818 2260 3887 oppressi
2294 3833 2505 3880 sumus,
2528 3817 2887 3870 satisostcndi
2923 3833 3107 3885 posse.
3141 3816 3416 3885 llle‘prii:-

1835 3910 2029 3979 eipalis
2062 3910 2436 3963 Romanorum
2482 3909 2684 3977 navigii
2715 3911 2958 3978 Optimus
2994 3908 3097 3962 fuit
3141 3909 3418 3979 guberna-

1838 4013 1946 4065 tor;
1985 4002 2074 4056 hic
2123 4000 2340 4056 Helices
2385 4010 2440 4057 et
2481 4003 2588 4071 poli
2621 4001 3077 4072 diligentissimus
3113 4002 3412 4072 inspector.

1835 4094 1929 4147 llle
1955 4095 2281 4148 serenitates
2296 4093 2548 4148 etnuhila
2571 4094 2786 4148 urbium
2809 4102 2864 4147 et
2913 4095 3264 4149 imminentes
3289 4096 3414 4150 inde

1842 4194 2198 4253 tempestates
2245 4184 2556 4254 prospexit;
2591 4185 2682 4238 hic
2719 4186 2870 4249 vela,
2915 4185 3111 4248 funes,
3161 4188 3416 4241 rudentes

1842 4277 2012 4344 probe
2046 4275 2272 4331 direxit.
2316 4275 2408 4328 llle
2435 4275 2740 4343 prudentiae
2777 4290 2958 4345 penu;
3013 4275 3101 4328 hic
3140 4275 3331 4330 dexter
3355 4277 3418 4329 il-

1838 4368 1944 4423 lius
1974 4382 2196 4438 promus
2221 4366 2384 4436 477
2426 4361 2636 4421 condus
2667 4366 2789 4420 fuit.
2822 4365 2927 4421 Sed
2953 4377 3244 4435 utrumque
3271 4382 3416 4421 nunc

1842 4478 1992 4515 mors
2049 4461 2314 4524 celeriter,
2341 4467 2641 4528 arreptum,
2678 4458 2908 4512 infestus
2943 4459 3031 4511 ille
3067 4458 3223 4512 miles
3256 4458 3412 4527 (proli

149 4555 250 4606 καὶ
293 4553 389 4603 τδν
445 4551 606 4602 πόλον
654 4547 1126 4617 διασκοπούμενος
1173 4546 1393 4614 ἄριστα.
1435 4546 1672 4607 Ἐκεῖνος
1707 4547 1734 4596 6

1842 4554 2021 4621 dolor)
2053 4553 2104 4605 in
2149 4562 2347 4606 terram
2365 4561 2420 4606 et
2447 4552 2728 4620 pulverem
2765 4551 3054 4621 depressit.
3081 4545 3416 4620 Oquomodo

145 4649 252 4706 τας
287 4644 502 4710 αἰθρίας
533 4643 629 4693 καὶ
656 4641 724 4693 τὰ
762 4641 894 4708 νέφη
925 4641 1034 4692 τῶν
1073 4637 1283 4690 πόλεων
1315 4637 1412 4689 καὶ
1443 4639 1568 4698 τοὺς
1596 4639 1734 4688 ἐκεῖο

147 4738 249 4788 θεν
279 4737 558 4803 χειμῶνας
587 4733 914 4802 προϐλέπων
938 4748 954 4762 '
985 4727 1140 4793 οὗτος
1169 4733 1196 4782 ὁ
1221 4732 1290 4782 τὰ
1315 4730 1459 4781 ἱστία
1487 4731 1582 4780 καὶ
1606 4728 1736 4789 τοὺς

152 4828 348 4888 κάλως
383 4827 480 4878 καὶ
515 4827 603 4905 τὰς
620 4827 941 4894 πρυμνήσια
970 4822 1345 4890 διατιθέμενος
1372 4816 1455 4880 εὖ.
1497 4820 1735 4881 Ἐκεῖνος

141 4921 172 4970 6
211 4917 318 4984 τῆς
362 4915 676 4984 φρονήσεως
711 4914 977 4984 πρύτανις
1004 4930 1018 4944 ·
1051 4906 1202 4973 οὗτος
1231 4913 1259 4963 6
1281 4911 1382 4980 τῆς
1410 4912 1734 4980 φρονήσεως

141 5013 374 5064 ἐκείνου
410 5009 699 5076 διανομεὺς
725 5007 920 5070 δεξιός.
954 5005 1092 5058 Ἀλλ’
1127 5004 1297 5072 ἄμφω
1323 5003 1418 5054 νῦν
1447 5005 1474 5054 6
1507 5002 1734 5061 θάνατος

141 5105 320 5168 ὀξέως
361 5100 700 5170 ἐπιδραμὼν,
728 5101 754 5152 6
786 5100 1056 5166 δυσμενὴς
1095 5096 1341 5160 ὁπλίτης,
1374 5092 1474 5161 φεῦ
1508 5093 1601 5145 τοῦ
1632 5094 1736 5143 πά-

140 5199 309 5257 θους,
339 5195 421 5254 είς
452 5194 552 5260 γῆν
585 5193 680 5244 καὶ
717 5191 868 5243 κόνιν
922 5189 1258 5257 κατέχωσεν.
1303 5187 1366 5237 Ὢ
1391 5185 1507 5247 πῶς
1537 5185 1596 5236 οὑ
1630 5184 1734 5251 γῆν

141 5291 346 5359 μόνον,
381 5283 498 5338 ἀλλ’
552 5284 652 5352 ήδη
699 5283 802 5334 ικαὶ
831 5282 1028 5342 αὐτοὺς
1067 5281 1333 5350 οὐρανοὺς
1367 5280 1460 5330 καὶ
1498 5279 1736 5345 ἀστέρας

135 5381 322 5444 ὀξέως
362 5376 433 5427 τὰ
473 5372 570 5427 νῦν
602 5373 938 5442 περιέδραμε
967 5371 1118 5439 πάθη
1145 5373 1242 5422 καὶ
1268 5370 1435 5434 αὐτῆς
1468 5368 1566 5434 τῆς
1597 5366 1735 5418 ἀνω-
1794 5369 1796 5372 ’

134 5473 320 5540 τέρας
357 5467 612 5535 ἁψάμενα
660 5465 904 5533 λήξεωςς
949 5463 1118 5515 ’Λλλά
1139 5461 1298 5531 δεῦρο
1341 5461 1404 5530 δή
1443 5456 1535 5527 μοι
1568 5459 1676 5519 πᾶς
1709 5459 1736 5509 6

129 5565 254 5616 τῶν
295 5558 632 5625 λειπομένων
663 5556 844 5623 σοςῶν
893 5559 1071 5624 χορλις,
1104 5554 1263 5624 εἰπερ
1299 5552 1386 5622 [Ρ.
1418 5551 1546 5622 295]
1591 5551 1736 5613 τινὲς

132 5659 461 5710 λείπονται,
490 5650 795 5718 θρηνήσατε
823 5649 924 5717 τὴν
965 5647 1148 5717 πηγὴν
1183 5648 1276 5699 τοὺ
1309 5647 1470 5713 λόγου
1505 5645 1735 5714 φραγεῖε-

135 5765 276 5799 σαν.
306 5745 633 5812 Θρηνήσατε
665 5743 907 5811 σιγῶσαν
942 5744 1037 5813 τὴν
1067 5745 1208 5797 πάνυ
1241 5759 1325 5794 τοι
1353 5741 1609 5810 ἐμμελῶς
1641 5741 1734 5792 άτ·

134 5838 480 5901 τικίςουσαν
514 5839 779 5908 πρότερον
812 5839 1064 5904 γλῶσσαν
1093 5835 1188 5890 καὶ
1223 5835 1282 5888 τὸ
1327 5837 1498 5903 γλυκῦ
1537 5833 1736 5902 νέκταρ

1839 4661 1946 4698 non
1977 4655 2174 4698 terram
2218 4653 2426 4698 tantum
2454 4685 2468 4709 ,
2502 4646 2593 4698 sed
2631 4646 2742 4714 jam
2773 4644 2919 4713 ipsos
2968 4646 3131 4698 etiam
3161 4645 3330 4698 ctelos
3360 4658 3413 4697 et

1840 4738 2024 4790 stellas
2058 4737 2316 4790 celeriter
2347 4737 2460 4790 haec
2488 4736 2624 4789 mala
2663 4745 3056 4806 percurrerunt
3085 4745 3140 4790 et
3170 4736 3416 4804 superio-

1841 4843 1954 4882 rem
1993 4828 2331 4896 provinciam
2364 4827 2527 4881 etiam
2561 4828 2922 4882 invaserunt?
2953 4828 3064 4897 Age
3094 4842 3223 4882 vero
3255 4828 3416 4896 prodi

1843 4919 1975 4972 mihi
2012 4924 2118 4972 huc
2153 4919 2336 4972 omnis
2383 4919 2628 4987 reliquus
2660 4919 2947 4974 doctorum
2995 4927 3170 4974 castus
3193 4959 3206 4980 ,
3238 4919 3282 4972 si
3319 4920 3415 4987 qui

1839 5022 2152 5081 supersunt.
2184 5011 2468 5079 Deplorate
2496 5012 2702 5066 fontem
2723 5013 3049 5081 eloquentiae
3077 5014 3414 5065 obturatum.

1841 5101 2043 5170 Lugete
2066 5101 2304 5155 Atticam
2329 5102 2475 5154 illam
2509 5101 2770 5170 linguam,
2805 5116 2911 5155 non
2951 5100 3023 5155 ita
3057 5101 3265 5170 pridem
3291 5115 3417 5154 sua-

1838 5193 2057 5246 vissime
2081 5192 2341 5255 locutam,
2377 5201 2433 5246 et
2453 5192 2613 5246 dulce
2638 5193 2769 5246 illud
2805 5203 2988 5248 nectar
3006 5210 3234 5264 prorsus
3260 5194 3413 5248 humi

1837 5283 2097 5338 eﬂusum.
2143 5283 2345 5353 Lugete
2377 5300 2442 5338 os
2491 5284 2622 5336 illud
2645 5323 2660 5349 ,
2687 5287 2830 5352 quod
2885 5289 3045 5352 paulo
3082 5301 3205 5340 ante
3237 5290 3415 5341 melis

1839 5376 1994 5428 vobis
2028 5377 2182 5428 favus
2210 5377 2344 5439 fuit,
2380 5391 2527 5428 nunc
2555 5390 2682 5429 vero
2709 5392 2738 5429 a
2773 5378 2966 5430 mortis
3008 5378 3143 5431 fucis
3173 5390 3253 5431 est
3286 5395 3412 5448 per-

1839 5464 2034 5518 ditum.
2067 5464 2271 5534 Lugete
2304 5481 2428 5519 eum
2453 5507 2465 5531 ,
2496 5466 2590 5534 qui
2628 5465 2996 5520 Romanorum
3026 5467 3256 5536 gloriam
3311 5484 3411 5522 sua

1839 5558 2105 5628 sapientia
2165 5561 2335 5628 magis
2367 5559 2560 5623 auxit,
2597 5576 2758 5628 quam
2820 5561 2950 5613 olim
2991 5560 3408 5614 Atheniensium

1841 5651 2095 5705 Socrates
2121 5661 2177 5706 et
2201 5653 2479 5706 Platones.
2511 5651 2715 5721 Lugete
2754 5655 3020 5705 universae
3049 5664 3288 5706 crateres
3323 5667 3410 5705 sa-

1839 5745 2056 5814 pientia:
2083 5785 2097 5807 ,
2132 5746 2294 5813 paulo
2349 5755 2628 5799 momento
2679 5745 2732 5798 in
2783 5756 2982 5799 terram
3021 5744 3242 5799 cllusos.
3278 5743 3347 5797 At
3377 5759 3410 5794 ο

1839 5838 1962 5906 quis
1994 5852 2022 5892 c
2065 5836 2244 5889 medio
2269 5846 2540 5890 terrarum
2572 5838 2704 5890 urbe
2735 5837 3010 5891 Musarum
3043 5838 3284 5902 abripuit
3302 5836 3415 5890 lle-
