4248 6442
749 440 864 506 679
1043 436 1118 508 [Α.
1162 449 1219 489 tt.
1254 431 1391 486 6856
1431 445 1494 484 AD
1535 427 1698 500 6849]

1952 426 2373 490 NICEPHORI
2414 425 2799 488 GREGORE

3050 421 3184 492 [ηερ.
3223 436 3501 478 ANDRONIC.
3543 421 3686 477 tum]

3888 427 3994 490 580

743 563 1100 624 cognatorum
1134 549 1253 619 ejus
1288 549 1468 602 luctus
1501 555 1587 598 est
1627 551 1872 598 exortus.
1911 542 2044 596 Fuit
2094 541 2185 596 ille
2232 539 2316 592 vir
2345 546 2386 601 Α
2417 558 2420 568 ·

2315 560 2316 566 η
2345 546 2386 601 Α
2417 539 2592 607 γενῶν
2626 537 2836 604 ἐγίνετο
2864 536 3080 606 Θρῆνος.
3118 534 3272 590 Εἶναι
3303 537 3356 590 δὲ
3392 538 3484 590 τὸν
3509 536 3676 606 ἄνδρα
3705 536 3992 589 συνέϐαινε

740 648 923 696 animo
949 640 1167 710 quidem
1202 640 1380 692 bonus
1428 647 1592 706 atque
1635 636 1687 688 in
1717 634 1908 704 primis
1951 640 2308 702 temperans;

739 749 973 802 oorpore
1034 741 1216 784 autem
1270 731 1538 793 robusto,
1585 728 1744 797 cujus
1799 734 2066 778 staturam
2094 737 2310 776 omnem

749 826 899 877 velut
925 823 990 876 ad
1023 821 1280 875 amussim
1310 829 1501 872 natura
1533 833 1562 871 a
1593 817 1772 887 capite
1807 816 1872 869 ad
1905 816 2107 869 calcem
2138 829 2312 882 usque

736 916 1052 976 direxerat,
1089 927 1187 965 nec
1230 926 1337 964 non
1382 909 1593 978 singula
1626 907 1867 961 membra
1897 916 1952 961 et
1979 915 2180 975 partes.
2211 904 2312 958 Or-

739 1007 976 1060 nabatur
1012 1012 1278 1072 przeterea
1311 1001 1474 1054 hilari
1513 1001 1702 1060 vultu.
1733 999 1784 1051 in
1825 1014 1935 1067 quo
1964 997 2136 1064 ipsius
2169 995 2312 1050 risus

744 1098 1063 1151 suavitatem
1091 1096 1332 1164 gravitas
1365 1093 1612 1162 quaedam
1643 1090 1978 1159 temperabat
2005 1106 2020 1153 ;
2064 1089 2311 1142 moribus

743 1187 974 1255 placidis
1006 1197 1061 1241 et
1097 1185 1376 1239 humanis.
1415 1183 1688 1238 Honorem
1736 1197 1868 1236 vero
1898 1196 1962 1233 es
1995 1180 2312 1248 eloquentia

741 1280 916 1349 magis
947 1294 1111 1347 quam
1163 1294 1227 1330 rx
1281 1277 1388 1330 ulla
1434 1291 1492 1330 re
1532 1276 1637 1328 alia
1677 1277 1989 1342 expetebat.
2038 1271 2208 1337 Quam
2243 1271 2310 1324 ad

743 1385 858 1445 rem
899 1368 1105 1436 ingenii
1148 1367 1428 1420 celeritate
1473 1380 1537 1418 ac
1571 1362 1924 1418 itecauditate
1956 1360 2308 1414 incitabatur.

741 1460 1145 1514 Ardentissimo
1196 1468 1377 1510 autem
1439 1454 1721 1520 religionis
1785 1453 1969 1507 studio
2008 1461 2062 1504 et
2111 1453 2312 1521 pietate

745 1551 909 1620 plane
943 1551 1136 1604 similis
1168 1562 1288 1604 erat
1324 1548 1586 1604 defuncto
1614 1546 1958 1616 imperatori.

2416 633 2483 686 τά
2515 635 2572 694 ἐς
2601 631 2781 700 ψυχὴν
2816 629 3019 696 ἀγαθὸν
3055 630 3154 698 μέν
3191 631 3285 682 καὶ
3327 629 3581 696 σώφρονα
3629 631 3686 680 ἐν
3724 630 3837 689 τοῖς
3883 629 3992 697 μά-

2416 723 2571 775 λιστα
2597 738 2610 751 ·
2639 721 2948 792 ἐρρωμένον
2983 721 3039 773 δέ
3067 720 3127 771 τὸ
3154 721 3314 789 σῶμα
3359 721 3449 772 καὶ
3485 721 3660 772 πάντα
3697 720 3992 787 σύμμετρα.

2418 816 2781 886 κεκτημένον,
2814 814 3002 883 ὥσπερ
3034 813 3138 866 ὑπὸ
3173 813 3357 866 κανόνι
3389 800 3482 865 καὶ
3509 812 3724 882 στάθμῃ
3757 813 3855 880 τῆς
3888 811 3994 878 φύ-

2423 923 2558 968 σεως
2587 905 3123 973 τελισιουργησάσης
3175 903 3324 972 αὑτῷ
3371 904 3470 972 τήν
3522 920 3577 954 τε
3607 903 3825 971 ἠλικίαν
3856 901 3992 970 ὁμοῦ

2419 1001 2601 1052 πᾶσαν
2648 999 2742 1051 καὶ
2785 993 2852 1051 αὖ
2889 997 3012 1050 καθ’
3044 998 3250 1049 ἕκαστα
3280 997 3389 1049 τῶν
3445 995 3624 1064 μελῶν
3652 996 3743 1048 καὶ
3775 995 3958 1064 μερῶν
3981 1011 3993 1022 ·

2418 1095 2749 1159 ἐπιπρέπειν
2774 1091 2821 1144 δ’
2850 1090 3000 1160 αὐτῷ
3033 1092 3125 1143 καὶ
3153 1090 3444 1159 ἱλαρότητα
3470 1089 3648 1156 ὅψεως
3676 1087 3816 1154 μετά
3847 1103 3994 1146 τινος

2419 1182 2617 1250 σεμνοῦ
2668 1182 3016 1251 μειδιάματος
3052 1183 3145 1234 καὶ
3194 1177 3322 1250 ἦθος
3359 1180 3593 1248 γαληνὸν
3628 1182 3720 1232 καὶ
3759 1179 3993 1248 εὐπρόσ-

2421 1291 2566 1327 ιτον·
2646 1273 2929 1342 φιλότιμον
2978 1273 3022 1326 δ’
3077 1268 3216 1325 εῖναι
3269 1272 3339 1325 τά
3382 1273 3439 1335 ἐς
3487 1272 3681 1338 λόγους
3725 1268 3992 1338 μᾶλλονῆ

2423 1372 2598 1420 πάντα
2659 1369 2956 1437 χρήματα·
2990 1367 3246 1436 ἐχορήγει
3295 1366 3406 1433 γάρ
3452 1366 3603 1434 αύτῷ
3655 1364 3856 1430 πολλὴν
3897 1361 3998 1428 τὴν

2418 1459 2595 1527 ὁρμὴν
2633 1460 2726 1510 καὶ
2759 1460 2791 1524 ἠ
2828 1458 2926 1528 τῆς
2962 1457 3200 1518 διανοίας
3230 1456 3428 1524 ὀξύτης
3481 1456 3573 1506 καὶ
3611 1455 3671 1506 τὸ
3727 1453 3837 1504 τῶν
3870 1469 3998 1518 νοη-

2424 1551 2610 1618 μάτων
2639 1549 2865 1617 γόνιμον
2888 1564 2902 1578 ’
2926 1549 3026 1617 τὴν
3059 1548 3116 1600 δέ
3142 1548 3279 1616 πρὸς
3306 1547 3374 1600 τά
3403 1547 3526 1599 θεῖα
3547 1546 3812 1613 διάπυρον
3837 1542 3995 1594 εὐλά-

2423 1641 2580 1694 ϐειαν
2626 1641 2719 1693 καὶ
2772 1641 3056 1693 εὐσέϐειαν
3084 1639 3404 1710 ’ὀμότροπον
3451 1634 3592 1692 εἶναι
3627 1636 3882 1700 καθάπαξ
3919 1633 3997 1702 τῷ

2417 1733 2799 1802 τελευτήσαντι
2843 1731 3072 1801 βασιλεῖ.

2182 1844 2412 1900 CAPUT
2458 1844 2554 1899 Ill.

741 1939 972 1996 Joannes
1007 1940 1340 2009 Palteologus
1373 1940 1628 1993 nascitur.
1666 1939 1994 1994 Andronicus
2034 1947 2206 2009 pater,
2248 1955 2309 1991 ea
2357 1955 2413 1991 re
2445 1939 2652 2004 audita,
2689 1936 2840 1991 laetus
2886 1936 3308 2008 Didymotichum
3353 1939 3524 2009 rediit.
3569 1932 3770 1988 Vestem
3802 1942 3996 2009 mutat.

812 2014 986 2067 Ludos
1017 2007 1263 2065 celebrat.
1296 2010 1410 2063 Duo
1438 2011 1733 2063 certamina
1770 2011 1976 2066 :vlusta
2027 2007 2075 2063 et
2108 2008 2584 2068 Torneamentum;
2617 2018 2898 2070 utrumque
2923 2007 3310 2077 periculosum.
3359 2008 3661 2078 Imperator
3705 2007 3912 2074 utrique
3943 2019 4001 2056 se

813 2086 1085 2147 immiscet,
1117 2083 1408 2135 senioribus
1444 2082 1646 2150 [rustra
1676 2081 2114 2135 reclamantibus.
2151 2079 2420 2132 Ludomm
2471 2080 2670 2133 missio.

809 2198 973 2271 482
1021 2197 1064 2251 Ι.
1125 2197 1403 2266 Sequente
1460 2205 1648 2250 aestate
1704 2195 2054 2265 imperatoris
2112 2194 2316 2262 conjux
2351 2199 2392 2253 Β

2351 2199 2392 2253 Β
2493 2192 2566 2247 Γ’.
2595 2192 2801 2262 Θέρους
2835 2195 2879 2246 δ’
2910 2195 3301 2262 ἐπιγενομένου
3354 2193 3464 2260 (58)
3530 2193 3722 2259 ἔγκυος
3753 2193 3810 2242 ἐν
3841 2190 3998 2242 Διδυ⁹

742 2294 897 2346 Anna
949 2292 1195 2356 domina,
1225 2306 1346 2360 quae
1379 2288 1741 2358 Didymoticlii
1789 2303 2072 2359 praegnans
2100 2286 2316 2356 agebat,

743 2383 968 2436 decimo‘
993 2393 1186 2436 octavo
1216 2382 1304 2435 die
1358 2381 1506 2434 Junii
1558 2381 1725 2434 lilium
1769 2378 2039 2434 Joannem
2081 2380 2318 2447 impera-

746 2487 923 2529 torem
969 2475 1207 2543 peperit.
1255 2474 1375 2539 Quo
1433 2475 1731 2544 imperator
1788 2473 1982 2526 audito
2035 2472 2320 2527 celerrime

746 2569 1194 2638 Didymotichum
1230 2567 1395 2620 rediit
1422 2584 1435 2620 :
1473 2577 1528 2620 et
1561 2565 1753 2618 laetitia
1775 2565 2080 2625 exsultans,
2101 2562 2318 2632 lugubri

744 2671 896 2714 veste
936 2675 1098 2727 quam
1137 2669 1360 2727 prepter
1395 2659 1480 2711 avi
1529 2666 1761 2710 mortem
1802 2655 2318 2724 gerebatdeposita,

748 2751 1178 2820 splendidiorem
1229 2750 1488 2817 sumpsit.
1538 2748 1743 2803 Deinde
1789 2748 1899 2801 duo
1941 2749 2109 2801 etiam
2141 2756 2321 2800 certa-

747 2843 895 2896 mina
922 2842 1258 2904 celebravit,
1306 2841 1715 2910 Olympicorum
1766 2840 2020 2893 ludorum
2062 2839 2320 2892 similitu-

747 2933 931 2985 dinem
966 2932 1259 2999 quamdam
1299 2932 1620 2984 servantia:
1660 2946 1782 2998 quze
1810 2946 1933 2985 cum
1981 2940 2144 2983 antea
2184 2944 2324 2998 quo-

750 3039 857 3092 que
889 3024 1088 3091 saepius
1108 3021 1398 3085 edidisset,
1427 3038 1571 3074 nunc
1608 3031 1787 3076 tamen
1822 3023 2028 3092 majore
2058 3031 2319 3090 apparatu

748 3109 1058 3164 exornavit.
1095 3109 1158 3162 Hi
1203 3109 1315 3162 ludi
1358 3126 1386 3162 a
1425 3109 1637 3163 Latinis
1682 3109 1812 3163 olim
1861 3118 1990 3163 sunt
2031 3111 2320 3176 excogitati

752 3199 1049 3256 exercendi
1085 3202 1335 3268 corporis
1384 3203 1559 3270 gratia
1589 3241 1605 3267 ,
1639 3217 1762 3254 cum
1798 3217 1828 3254 a
1895 3216 1954 3256 re
2003 3200 2197 3255 bellica
2220 3217 2324 3256 Na-

763 3296 983 3349 cabant.

824 3391 890 3443 ll.
933 3391 1136 3444 Eorum
1198 3403 1341 3442 unus
1397 3387 1566 3441 duelli
1609 3387 1849 3456 speciem
1887 3402 1998 3456 pra:
2038 3402 2098 3440 se
2144 3385 2325 3442 ferens

757 3480 902 3535 Iusta
937 3481 1080 3547 apud
1127 3479 1349 3533 Latinos
1379 3478 1604 3534 dicitur.
1632 3479 1960 3532 D'rviduntur
2018 3479 2322 3532 secundum

754 3577 950 3640 tribus,
985 3573 1306 3640 municipia,
1345 3572 1546 3625 curias.
1579 3571 1788 3624 Deinde
1812 3585 1878 3624 ex
1903 3580 2137 3637 utraque
2168 3580 2323 3638 parte
2349 3540 2396 3605 δ

753 3675 1036 3720 armantur
1063 3664 1264 3734 singuli
1299 3671 1492 3717 contra
1550 3661 1796 3729 singulos
1820 3701 1834 3724 ,
1883 3661 1976 3728 qui
2013 3660 2223 3721 volunt,
2270 3668 2326 3712 et

754 3758 823 3813 ab
871 3758 1021 3810 omni
1076 3764 1226 3824 parte
1283 3754 1453 3806 armis
1509 3761 1788 3818 teguntur.
1840 3751 2043 3805 Deinde
2095 3761 2326 3820 uterque

755 3857 973 3916 sumpto
1009 3845 1190 3898 hastili
1221 3885 1234 3909 ,
1267 3844 1425 3912 cujus
1452 3851 1763 3895 extremum
1801 3841 1980 3893 tribus
2005 3841 2328 3908 cuSpidibus

756 3947 1022 4003 armatur,
1058 3937 1111 3988 in
1145 3950 1203 3988 se
1254 3935 1490 3987 invicem
1523 3933 1744 3984 irruunt
1793 3940 1846 3983 et
1890 3931 2069 3983 valido
2119 3931 2326 3998 impetu

758 4038 1101 4086 concurrunt
1129 4069 1144 4093 ,
1182 4037 1238 4080 et
1287 4025 1379 4079 alii
1425 4025 1565 4078 alios
1601 4023 1775 4078 hastis
1827 4038 1989 4091 quam
2032 4021 2328 4077 fortissime

758 4127 1070 4195 impellunt.
1108 4123 1211 4189 Qui
1248 4121 1628 4175 adversarium
1661 4135 1804 4187 equo
1841 4118 2125 4186 deiecerit.
2157 4118 2332 4171 victor

760 4219 1151 4288 proclamatur.
1206 4214 1354 4267 Istud
1391 4212 1669 4280 singulare
1705 4219 1986 4262 certamen
2030 4207 2132 4276 ipsi
2163 4207 2332 4260 etiam

761 4309 1079 4380 imperatori
1116 4307 1313 4360 sortito
1349 4305 1547 4374 obtigit
1577 4323 1590 4358 :
1627 4314 1682 4357 et
1719 4317 1911 4371 parum
1950 4301 2164 4363 abfuit,
2199 4301 2332 4370 quin

761 4419 902 4472 stepe
928 4401 1182 4455 letlialem
1234 4399 1401 4452 ictum
1428 4397 1723 4465 acciperet.
1754 4394 1909 4449 Unde
1935 4409 2059 4446 cum
2094 4407 2124 4444 a
2157 4393 2336 4446 senio-

765 4496 917 4548 ribus
968 4501 1308 4556 moneretur,
1351 4500 1410 4543 ut
1467 4487 1785 4558 hujusmodi
1841 4487 2008 4540 rebus
2033 4485 2336 4538 abstineret

767 4588 892 4655 (nec
947 4588 1093 4639 enim
1151 4585 1349 4637 decere
1404 4582 1796 4650 imperatorem
1834 4594 1864 4632 a
1900 4579 2074 4632 servis
2106 4577 2332 4647 pulsari,

767 4679 937 4747 idque
967 4693 1074 4729 non
1127 4676 1382 4728 simulate
1410 4715 1425 4736 ,
1463 4674 1572 4726 imo
1618 4686 1743 4726 eum
1801 4671 1985 4738 aliquo
2041 4669 2336 4738 periculo),

765 4786 872 4823 non
911 4770 1092 4836 paruit
1121 4785 1134 4820 :
1175 4765 1337 4837 483
1366 4766 1462 4819 sed
1499 4766 1607 4818 illis
1646 4764 1881 4830 repulsis
1905 4801 1920 4825 ,
1954 4772 2015 4816 ut
2043 4762 2140 4832 qui
2175 4761 2338 4832 dege-

2428 2283 2666 2354 μοτείχῳ
2694 2284 2959 2347 διάγουσα
2989 2287 3022 2354 ὴ
3055 2283 3150 2337 τοῦ
3194 2283 3453 2352 βασιλέως
3492 2282 3726 2350 σύζυγος
3760 2283 3929 2334 ’Λννα
3967 2282 4000 2348 ἡ

2421 2379 2682 2432 δέσποινα.
2701 2379 2816 2430 υἱὸν
2839 2380 2977 2431 κατὰ
2995 2380 3092 2447 τὴν
3113 2386 3182 2446 ιη’
3205 2379 3423 2431 Ἰουνίου
3442 2381 3793 2447 γεγέννηκεν,
3815 2377 4001 2428 Ἰωάν-

2423 2488 2522 2539 νην
2576 2470 2669 2523 τὸν
2718 2468 2966 2539 βασιλέα.
3004 2472 3068 2523 ὐ
3107 2472 3171 2539 δὴ
3213 2471 3518 2540 πυθόμενος
3557 2472 3582 2521 ὁ
3615 2469 3866 2538 βασιλεὺς
3903 2469 4003 2536 τὴν

2428 2562 2692 2632 ταχίστην
2726 2559 2885 2626 αὖθις
2912 2563 3192 2630 ἐπανῆκεν
3223 2566 3277 2626 ἐς
3309 2565 3688 2632 Διδυμὸτειχον
3714 2578 3728 2590 ⁸
3765 2563 3858 2614 καὶ
3901 2578 4004 2611 πε·

2427 2656 2656 2726 ριχαρὴς
2690 2653 2776 2724 IP.
2801 2654 2930 2724 296]
2963 2656 3255 2722 γενόμενος
3292 2657 3528 2726 ἠμειψεν
3558 2660 3614 2714 ἐς
3661 2655 3721 2706 το
3751 2654 4006 2722 λαμπρό-

2422 2764 2581 2816 τερον
2615 2750 2682 2799 τά
2723 2746 3017 2815 ἐνδύματα,
3048 2746 3082 2800 ἃ
3106 2748 3192 2800 διὰ
3217 2749 3316 2817 τὴν
3345 2748 3437 2799 τοῦ
3481 2747 3710 2799 πάππου
3742 2747 4004 2812 τελευτὴν

2423 2843 2562 2900 τέως
2622 2840 2917 2893 ἐνεδέδυτο.
2968 2835 3103 2892 Εἶτα
3148 2843 3241 2893 καὶ
3281 2841 3497 2907 ἀγῶνας
3559 2839 3834 2903 ἐξετέλεσε
3881 2839 3999 2902 δύο,

2429 2931 2663 3002 μίμησίν
2690 2949 2814 2985 τινα
2843 2932 2952 2985 τῶν
3012 2933 3403 3002 Ὀλυμπιακῶν
3445 2933 3852 2995 άποσώζοντας,
3907 2931 4004 2993 οὓς

2425 3025 2520 3076 καὶ
2569 3024 2836 3092 πρότερον
2891 3024 2988 3092 μὲν
3033 3027 3294 3088 πολλάκις
3338 3025 3536 3086 ἐτέλει,
3575 3025 3667 3077 νῦν
3704 3026 3758 3076 δὲ
3797 3023 4005 3091 φιλοτι-

2429 3114 2660 3182 μότερον
2682 3128 2696 3141 ·
2727 3112 2779 3164 οἳ
2832 3111 2895 3182 δὴ
2943 3117 3058 3176 τοῖς
3094 3095 3366 3178 Λατίνοις
3399 3115 3565 3168 πάλαι
3621 3116 4000 3180 ἑπινενόηνται

2425 3207 2733 3274 γυμνασίας
2763 3202 2926 3256 ἕνεκα
2958 3208 3229 3276 σώματος,
3259 3209 3421 3262 ὁπότε
3458 3209 3657 3279 σχολὴν
3682 3209 3866 3276 ἄγοιεν
3895 3206 4004 3260 τῶν

2426 3301 2555 3351 πολε
2566 3300 2760 3368 μικῶν.

2498 3390 2571 3443 B’.
2599 3391 2817 3447 Τούτων
2853 3395 2879 3444 ὁ
2913 3393 3011 3460 μὲν
3040 3388 3119 3454 εἷς
3151 3393 3490 3461 μονομαχίας
3523 3391 3745 3456 ἔνδειξιν
3770 3392 3878 3461 ἔχει
3912 3393 4012 3446 καὶ

2429 3487 2789 3558 κιντζούστρα
2825 3490 2937 3558 (59)
2975 3489 3123 3556 παρὰ
3152 3490 3404 3551 Λατίνοις
3435 3487 3703 3540 καλεῖται.
3738 3489 4008 3557 ΜερΞζονο

2428 3595 2517 3629 ται
2540 3579 2648 3647 γάρ
2672 3579 2812 3630 κατά
2831 3580 3002 3647 φυλάς
3025 3579 3122 3631 καὶ
3139 3579 3345 3647 δήμους
3367 3581 3458 3628 καὶ
3494 3580 3786 3647 φρατρίαςο
3813 3579 4008 3629 ἔπειτα

2427 3669 2732 3731 ὁπλίζουσιν
2764 3669 2856 3736 ἀφ’
2880 3669 3141 3736 ἐκατέρου
3179 3669 3378 3736 μέρους
3396 3668 3489 3719 ’ἐνα
3511 3669 3602 3720 καὶ
3631 3669 3724 3719 ’ἐνα
3751 3667 3858 3720 τῶν
3889 3667 4011 3734 ,Ξου-

2429 3760 2670 3829 λομένων
2699 3763 2850 3820 τινὰς
2877 3763 2971 3813 καὶ
3002 3760 3179 3828 πάντη
3206 3761 3628 3828 καταξράκτους
3649 3757 4007 3809 καθιστῶσιν.

2434 3852 2666 3903 Ἔπειτα
2697 3852 2824 3919 δόρυ
2854 3851 3110 3913 λαϐόντες
3140 3852 3398 3920 ἑκάτερος
3419 3849 3481 3902 ἐν
3504 3852 3681 3921 τρισὶν
3706 3850 4011 3911 ὀϐελίσκοις

2433 3941 2814 4009 ἐσκευασμένα
2874 3942 2935 3992 τὸ
2987 3943 3157 4009 ἄκρον
3218 3941 3557 4008 ἐπιπηδῶσιν
3600 3941 3853 4010 ἀλλήλοις
3915 3941 4013 3992 καὶ

2433 4034 2747 4086 ἀπαντῶσιν
2789 4035 3080 4102 εὐρώστως
3136 4035 3230 4086 καὶ
3287 4034 3520 4086 ὠθοῦσιν
3579 4034 3841 4103 ἀλλήλους
3900 4035 4012 4091 τοῖς

2433 4125 2620 4194 δόρασι
2678 4125 2816 4195 μετά
2850 4129 2992 4177 πάνυ
3043 4128 3302 4191 γενναίας
3341 4125 3440 4194 τῆς
3475 4127 3690 4194 ὁρμῆς·
3734 4126 3826 4176 καὶ
3857 4126 3884 4177 ὁ
3916 4125 4011 4176 τοῦ

2435 4219 2603 4270 ἵππου
2641 4217 2964 4270 καταϐαλὼν
2997 4219 3089 4270 τὸν
3119 4218 3417 4269 ἀντίπαλον
3454 4221 3783 4286 στεφανίτης
3808 4218 4012 4281 ἀναξιο-

2439 4308 2679 4379 ρεύεται.
2721 4310 2924 4379 Κλήρῳ
2956 4308 3088 4376 γοῦν
3125 4311 3219 4361 καὶ
3243 4310 3270 4360 ὁ
3305 4308 3558 4377 βασιλεὺς
3604 4307 3703 4378 τὴν
3753 4307 4014 4374 τοιαύτην

2436 4401 2695 4470 λαγχάνει
2741 4403 3097 4470 μονομαχίαν,
3133 4401 3276 4452 ὥστε
3318 4403 3415 4454 καὶ
3461 4405 3614 4468 παρά
3654 4402 3847 4470 μικρὸν
3879 4396 4014 4470 ἦλθε

2438 4495 2702 4555 πολλάκις
2731 4493 3009 4561 πληγῆναι
3044 4492 3288 4560 καιρίαν.
3321 4494 3410 4543 Διὸ
3447 4492 3540 4543 καὶ
3562 4489 4016 4558 νπαραινούμενος

2441 4587 2546 4638 ὑπὸ
2576 4585 2685 4637 τῶν
2728 4584 3106 4654 γηραιοτέρων
3152 4582 3457 4652 ἀπέχεσθαι
3495 4584 3602 4634 τῶν
3641 4582 3899 4633 τοιούτων
3927 4583 4016 4650 Ep-

2439 4696 2552 4746 γων
2576 4693 2591 4709 ·
2627 4678 2900 4730 ἀνοίκειον
2928 4677 3036 4744 γὰρ
3083 4671 3224 4728 εἶναι
3267 4677 3447 4745 πάντη
3495 4675 3707 4744 βασιλεί
3745 4675 3881 4743 πρὸς
3910 4671 4019 4723 τῶν

2441 4771 2646 4823 δούλων
2690 4769 2972 4830 παίεσθαι,
3006 4770 3097 4820 καὶ
3131 4766 3286 4819 ταῦθ’
3332 4765 3504 4828 οὕτως
3539 4765 3942 4826 ἀνυποστόλως,
3975 4757 4020 4828 ᾧ

767 4861 915 4915 neris
944 4861 1050 4915 sibi
1084 4869 1264 4914 metus
1295 4869 1548 4912 auctores
1615 4866 1801 4911 essent
1852 4856 2165 4925 .zequalibus
2221 4857 2336 4911 suis
2367 4882 2414 4939 ι)

2367 4882 2414 4939 ι)
2444 4865 2540 4917 καὶ
2571 4861 2816 4924 κίνδυνος
2851 4861 3080 4912 ἐπεταιο
3123 4859 3222 4911 οὐκ
3258 4858 3532 4918 ἐπείθετο,
3589 4857 3724 4909 ἀλλά
3755 4860 3864 4918 τοῖς
3898 4857 4023 4918 ἠλιο

767 4951 1034 5004 niilitibus
1063 4950 1237 5020 magis
1265 4957 1350 5004 est
1377 4949 1697 5003 obsecutus.

2440 4956 2668 5016 κιὼταις
2699 4955 2809 5006 τῶν
2840 4951 3191 5021 στρατιωτῶν
3243 4950 3444 5020 μᾶλλον
3482 4950 3764 5020 βραϐεύων
3793 4950 3892 5019 τὴν
3924 4949 4021 5016 τῆς

769 5044 1071 5113 βουλήσεως
1103 5042 1282 5112 ψῆφον
1315 5041 1537 5104 τούτους
1570 5041 1870 5111 ἀπήλαυνε,
1893 5042 2100 5095 δειλίαν
2129 5044 2334 5116 ἀγεννῆ
2372 5049 2492 5109 ταῖς
2524 5046 2706 5099 αὐτῶν
2739 5041 3257 5112 καταψηφιζόμενος
3288 5044 3701 5108 παραινέσεσιν.

2122 5157 2463 5222 Variorum
2508 5166 2693 5220 notae.

839 5255 952 5327 (58)
981 5255 1398 5327 Cautacuzenus
1437 5254 1533 5308 lib.
1585 5269 1665 5316 ιιι,
1696 5270 1816 5324 cap.
1847 5255 1902 5318 2,
1952 5257 2142 5310 scribit
2173 5256 2339 5312 Joan-

769 5326 1064 5389 nem,cum
1094 5336 1246 5400 pater
1273 5326 1408 5378 obiit
1434 5330 1548 5400 (an.
1585 5326 1796 5380 scilicet
1827 5327 1963 5380 1556
1990 5332 2027 5392 ⁸,
2061 5327 2210 5400 Junii
2245 5329 2338 5400 25)

771 5413 1077 5450 novenuem
1121 5397 1311 5458 fuisse,
1367 5397 1592 5461 proinde
1625 5407 1808 5449 natum
1839 5413 1981 5452 anno
2014 5399 2168 5454 1557.
2199 5397 2336 5454 Lao-

771 5468 932 5520 nit-us
969 5467 1317 5520 duodenuem
1349 5465 1518 5518 fuisse
1551 5469 1647 5519 ait.
1685 5467 1914 5522 Ducmc.

845 5537 958 5606 (59)
1016 5536 1241 5608 Videtur
1287 5535 1576 5603 legendum
1630 5538 1729 5608 nat
1771 5537 2062 5608 δςούστρα.
2113 5539 2187 5594 De
2242 5540 2342 5595 hac

774 5618 1006 5676 utraque
1037 5607 1180 5675 apud
1213 5606 1436 5659 Latinos
1475 5609 1670 5660 usitata
1701 5606 2046 5662 decursiouis
2072 5626 2342 5676 ammonu-

776 5682 1002 5731 macliiae
1056 5677 1279 5730 ludicrae
1313 5679 1492 5734 specie
1533 5677 1954 5732 dissertationes
1989 5680 2124 5734 duas
2166 5681 2344 5734 edidi-

774 5763 899 5802 mus
929 5750 994 5801 ad
1026 5747 1292 5802 Joinvillu:
1319 5746 1634 5811 Historiam,
1676 5749 1730 5813 6,
1774 5747 1828 5813 7,
1864 5750 1953 5803 ubi
1993 5749 2248 5820 Gregora:
2287 5762 2346 5804 ct

836 5876 853 5893 '
878 5877 976 5924 lmo
1007 5874 1140 5932 l5“,
1164 5871 1306 5924 Junii
1345 5875 1419 5934 l5,
1444 5880 1494 5922 ct
1519 5881 1657 5922 natus
1711 5887 1835 5922 anno
1881 5875 2015 5927 i352.
2047 5877 2231 5927 Bowm.

2449 5271 2774 5314 cmterorum
2806 5258 3100 5327 scriptorui
3127 5285 3134 5307 ς
3162 5255 3476 5312 Gnecorum
3501 5273 3568 5312 eo
3598 5267 3906 5327 spectantes
3940 5256 4022 5310 lo-

2449 5346 2544 5384 cos
2569 5331 2754 5382 multis
2786 5328 3170 5396 expendimus,
3203 5328 3438 5381 maxime
3472 5343 3597 5398 pag.
3635 5331 3754 5380 1ϋὸ.
3788 5330 4018 5381 Ducno.

2439 5429 2508 5442 —
2545 5402 2654 5452 Καὶ
2707 5398 3042 5464 ντζούστρα
3088 5400 3247 5463 παρὰ
3279 5404 3560 5460 Λατίνοις
3605 5398 3890 5451 καλεῖται.
3946 5398 4022 5450 Ita

2441 5471 2566 5525 cod.
2623 5471 2843 5539 llegius.
2898 5470 2967 5522 At
3019 5470 3072 5520 in
3109 5468 3376 5539 Woltiana
3433 5469 3677 5522 editione
3736 5468 4024 5539 legebatur

2443 5537 2811 5608 Kivtodot'pa,
2846 5554 2972 5602 vox,
3005 5547 3063 5591 ut
3101 5539 3233 5591 mihi
3269 5538 3506 5604 videtur,
3549 5539 3688 5592 facta
3723 5553 3788 5591 ex
3813 5537 4025 5592 Gallico

2441 5613 2780 5737 ﬁuijoustera
2803 5611 2827 5664 ?
2851 5610 2984 5664 Vide
3004 5617 3057 5663 et
3083 5619 3239 5665 notas
3267 5609 3530 5680 Ducangii
3553 5609 3619 5664 ad
3645 5609 3792 5663 hunc
3817 5609 4020 5662 locum.

2488 5697 2658 5737 oms.

2488 5697 2658 5738 OIVIN.
