4248 6442
1031 412 1108 480 [Α.
1139 425 1191 462 κ.
1228 409 1364 461 683ῢ
1400 424 1461 460 ,ιιι
1502 407 1664 477 68.211]

735 418 840 478 683

1916 413 1963 472 N
1973 410 2335 471 iCEPHORI
2379 411 2760 473 GREGORIE

3039 409 3170 478 [tum
3201 424 3481 464 axunoutc.
3508 409 3647 479 iure]

3862 414 3974 478 68‘

735 529 947 593 legatos
985 523 1052 576 de
1087 536 1217 591 pace
1250 523 1316 575 ad
1352 522 1742 591 imperatorem
1781 522 1973 578 mittit.
2007 523 2296 592 indignum
2327 527 2374 584 Α
2403 540 2412 553 ·

2327 523 2691 591 Αγενὸμενος
2717 521 3175 590 διαπρεσϐεύεται
3228 527 3364 591 πρὸς
3420 526 3511 576 τὸν
3566 526 3790 590 βασιλέα
3844 529 3979 593 περὶ

735 616 883 670 enim
924 629 1044 668 esse
1072 613 1424 674 Christianis,
1449 613 1584 667 adeo
1623 613 1919 666 crudeliter
1951 623 2142 667 contra
2176 630 2298 667 sese

735 707 970 777 grassari
995 746 1009 770 ,
1039 722 1160 759 cum
1189 722 1290 774 pax
1317 719 1372 760 ct
1400 706 1695 759 concordia
1731 706 1872 760 inter
1918 706 2064 774 ipsos
2099 706 2300 758 consti-

737 800 815 852 tui
867 799 1040 869 possit
1075 808 1130 853 et
1162 799 1288 852 belli
1323 800 1468 852 acies
1515 799 1566 852 in
1619 799 1816 867 impios
1868 799 2154 866 utriusque
2189 798 2297 850 ini-

735 890 911 945 micos
972 891 1242 944 converti.
1304 889 1382 943 Ad
1445 890 1562 943 haec
1619 891 1917 958 imperator
1980 889 2296 958 respondet,

737 995 956 1051 aequum
993 996 1154 1044 esse,
1209 991 1266 1034 ut
1316 982 1577 1035 Romanis
1628 990 1904 1035 exstructa
1936 981 2156 1035 castella
2207 997 2302 1050 pa-

736 1082 997 1136 reant,ae
1028 1073 1235 1144 legatos
1270 1088 1325 1127 re
1354 1073 1553 1127 infecta
1589 1073 1836 1127 dimittit.
1877 1073 2124 1141 Amplius
2151 1073 2298 1126 enim

737 1165 1053 1233 quindecim
1120 1164 1341 1218 castella
1385 1180 1519 1218 avus
1569 1166 1688 1235 ejus
1743 1165 2040 1230 imperator
2084 1163 2299 1216 Andro-

738 1255 896 1310 nicus
955 1256 1009 1308 in
1062 1254 1444 1308 cacuminibus
1499 1263 1554 1307 et
1612 1253 1906 1322 praeruptis
1957 1253 2124 1306 [lanii
2161 1254 2298 1306 locis

739 1348 936 1414 partim
999 1361 1026 1398 a
1087 1345 1457 1399 fundamentis
1505 1345 2099 1414 exstruxerat,partim
2139 1329 2293 1398 novis

738 1439 999 1506 operibus
1056 1437 1366 1498 munierat,
1404 1437 1825 1490 Protostratoris
1877 1435 2058 1489 Glaha:
2106 1451 2294 1506 opera,

738 1531 832 1598 qui
873 1537 984 1582 tum
1028 1525 1364 1596 provinciam
1398 1525 1685 1578 Thraciam
1743 1526 2164 1580 administrabat
2190 1565 2202 1588 ,
2242 1536 2303 1580 ut

747 1623 950 1675 crebra:
1008 1619 1333 1688 Scytharum
1414 1617 1758 1672 incursiones
1807 1618 1971 1672 veluti
2036 1627 2301 1687 perpetuo

741 1729 897 1768 muro
928 1714 1217 1782 interiecto
1247 1711 1694 1781 prohiberentur.

811 1901 900 1956 Ill.
942 1902 1071 1967 Quae
1109 1903 1177 1956 ab
1211 1901 1301 1955 illo
1331 1903 1411 1955 sic
1442 1902 1582 1955 dicta
1632 1915 1756 1955 cum
1806 1900 2113 1955 Alexander
2142 1915 2299 1969 aequo

740 1993 924 2048 animo
960 1995 1102 2048 ferre
1155 1994 1382 2049 minime
1426 2003 1650 2062 posset,
1708 1994 1895 2062 copias
1940 2008 2068 2048 suas
2115 1993 2301 2046 statim

741 2087 1015 2139 contrahit
1049 2085 1115 2138 ad
1159 2095 1282 2139 octo
1316 2085 1546 2138 millium
1584 2099 1895 2149 numerum,
1947 2093 2003 2137 et
2035 2084 2144 2138 duo
2180 2084 2304 2137 mil-

741 2177 811 2230 lia
843 2176 1167 2245 Scytharum
1188 2177 1436 2230 mercede
1458 2176 1850 2230 conductorum
1883 2178 2143 2241 arcessit;
2168 2177 2303 2231 Ter-

740 2269 994 2337 noboque
1041 2268 1317 2337 profectus
1366 2268 1561 2337 quinto
1606 2268 1694 2322 (lic
1727 2268 1793 2320 ad
1847 2268 2171 2330 castellum,
2215 2271 2303 2324 cui

741 2360 1107 2414 liliusocastra
1160 2377 1357 2414 nomen
1409 2371 1515 2424 est,
1561 2362 1830 2429 pervenit,
1881 2360 2066 2428 ihique
2099 2370 2304 2414 castra-

742 2461 997 2505 metatur.
1052 2451 1128 2504 lbi
1181 2453 1327 2504 enim
1379 2452 1543 2504 etiam
1601 2453 1986 2520 imperatorem
2037 2469 2160 2506 esse
2205 2468 2302 2506 au-

742 2546 936 2598 dierat.
989 2545 1090 2610 Qui
1139 2545 1388 2612 quamvis
1447 2545 1727 2613 inopinato
1760 2544 1997 2598 hostium
2060 2546 2302 2600 adventu

743 2626 1068 2706 perculsus,
1110 2635 1274 2707 485
1331 2646 1507 2689 tamen
1559 2636 1612 2689 in
1659 2637 1836 2690 media
1895 2637 2080 2691 hostili
2139 2649 2302 2706 terra,

744 2748 868 2785 cum
920 2729 1067 2783 aliud
1119 2729 1409 2783 consilium
1470 2744 1653 2782 rerum
1717 2729 2006 2784 dillicultas
2066 2745 2304 2800 prmsens

746 2836 854 2874 non
899 2829 1200 2889 pateretur,
1260 2819 1532 2872 [tertianas
1583 2829 1638 2872 et
1673 2820 1787 2887 ipse
1836 2822 2022 2889 copias
2063 2831 2122 2872 ut
2177 2822 2305 2875 licet

745 2911 963 2973 educit,
997 2911 1224 2964 hosibus
1266 2911 1488 2962 minime
1517 2924 1706 2976 pares,
1753 2917 1814 2961 ut
1843 2925 1964 2978 qua:
2011 2911 2101 2963 vix
2138 2910 2302 2964 trium

748 3002 1296 3054 milliumnumerum
1325 2999 1640 3066 explerent,
1678 2998 1856 3067 iisque
1891 3001 1943 3052 in
1993 3010 2105 3054 tres
2153 3001 2300 3054 acies

746 3091 1059 3148 distributis
1090 3106 1198 3144 non
1248 3091 1435 3158 procul
1486 3106 1515 3142 a
1561 3091 1784 3143 castello
1835 3102 1917 3144 est
1954 3105 2298 3159 progressus,

747 3186 894 3256 quod
945 3182 1194 3237 subsidio
1244 3181 1351 3234 sibi
1407 3191 1464 3235 et
1515 3186 1756 3250 receptui
1807 3197 1927 3236 esse
1975 3182 2225 3247 volebat,
2257 3185 2301 3236 si

747 3279 942 3333 cessim
999 3274 1366 3330 recedendum
1415 3271 1574 3326 foret.
1634 3275 1767 3327 Cum
1819 3289 1948 3327 vero
2007 3275 2190 3327 hostes
2227 3275 2309 3328 in-

748 3379 1006 3441 gruentes
1033 3369 1243 3421 videret
1264 3407 1279 3432 ,
1308 3380 1615 3434 eorumque
1648 3368 1821 3418 aciem
1851 3367 1927 3420 ita
1962 3366 2304 3432 instructam,

749 3475 810 3516 ut
851 3463 1101 3516 dextrum
1163 3469 1220 3514 et
1272 3459 1556 3512 sinistrum
1610 3472 1779 3509 cornu
1833 3457 1886 3510 in
1935 3458 2307 3526 longissimam

749 3553 949 3609 seriem
982 3554 1242 3619 utrinque
1280 3549 1683 3618 porrigeretur,
1734 3549 1913 3617 gravis
1944 3560 2219 3603 armatura
2255 3552 2308 3604 in

749 3643 930 3698 medio
963 3653 1144 3702 esset,
1177 3649 1484 3694 extremum
1519 3648 1699 3692 autem
1739 3653 1928 3706 agmen
1977 3638 2308 3705 profundum

749 3744 802 3789 et
849 3733 988 3787 firmi
1043 3730 1326 3802 cujusdam
1369 3729 1712 3783 fundamenti
1775 3731 1947 3783 instar
1994 3727 2164 3793 foret;
2219 3746 2308 3784 ve-

751 3828 891 3880 ritus
913 3863 927 3888 ,
961 3839 1029 3877 ne
1058 3823 1573 3883 circumveniretur,
1620 3820 1804 3873 statim
1840 3821 2070 3873 consilio
2103 3833 2310 3877 mutato

755 3919 1027 3970 llomanas
1075 3913 1262 3982 cOpias
1307 3913 1360 3964 in
1395 3927 1556 3964 unam
1592 3911 1887 3979 ancipitem
1945 3914 2117 3964 aciem
2175 3928 2309 3967 con-

751 4006 954 4071 trahit,
989 4006 1128 4057 lunae
1161 4000 1559 4056 corniculantis
1589 4002 1828 4069 speciem
1862 4002 2130 4057 imitatus.

827 4199 918 4252 lli.
961 4199 1078 4267 Ipse
1110 4199 1163 4250 in
1199 4194 1436 4249 medium
1463 4209 1783 4264 progressus
1813 4209 1941 4249 suos
1974 4196 2230 4251 inclamat
2255 4209 2312 4252 et

752 4289 1059 4346 conﬁrmat.
1095 4308 1112 4338 ι
1145 4288 1388 4356 Cogitate
1416 4325 1430 4348 ,
1463 4287 1637 4354 inquit
1669 4328 1684 4352 ,
1729 4288 1873 4348 viri,
1909 4303 2007 4340 nos
2072 4290 2123 4341 in
2154 4304 2310 4356 pere-

752 4385 904 4454 grina
941 4393 994 4434 et
1039 4380 1222 4433 hostili
1263 4393 1505 4446 pugnare
1559 4387 1702 4430 terra
1749 4385 1804 4430 et
1853 4379 2008 4447 longe
2052 4395 2080 4432 a
2139 4382 2310 4442 patria

752 4476 1006 4529 exclusos
1037 4491 1050 4535 ;
1082 4487 1182 4525 nec
1214 4471 1388 4524 socias
1437 4470 1640 4523 habere
1687 4470 1936 4523 civitates
1964 4511 1976 4533 ,
2006 4488 2126 4539 qua:
2154 4473 2313 4528 nobis

2403 617 2647 685 είρήνηε,
2683 615 2784 666 οὐκ
2818 615 2966 678 ἄξιον
3002 611 3140 665 εἶναι
3170 613 3344 681 λέγων
3376 617 3726 685 Χριστιανοῖς
3750 617 3981 683 ἀπηνῶς

2403 709 2601 760 οὑτωσὶ
2632 707 2753 759 κατ’
2791 707 3036 775 ἀλλήλων
3067 709 3303 770 ἐπιέναι,
3339 709 3775 776 ἐνὸνδὸμοδοξείν
3813 710 3983 779 ἀλλή-

2402 803 2516 864 λοις
2545 803 2612 852 τὰ
2664 799 2800 870 πρὸς
2843 800 3072 870 εἰρήνην
3106 802 3198 850 καὶ
3253 800 3390 867 ὁμοῦ
3432 802 3574 854 κατὰ
3627 802 3735 853 τῶν
3764 803 3984 854 ἀσεὸὡν

2403 892 2996 960 ἁντιπαρατὰττεσθαι,
3045 889 3318 959 πολεμίων
3357 893 3527 944 ὄντων
3557 893 3788 958 ἀμφοῖν.
3835 893 3894 946 Ὀ
3924 894 3980 946 δὲ

2406 983 2660 1054 βασιλεὺς
2689 984 2898 1036 δίκαιον
2923 982 3061 1036 εἶναι
3090 985 3269 1051 φήσας
3301 983 3549 1034 ὑπείκειν
3589 985 3881 1051 Ῥωμαίοις
3914 986 3984 1037 τὰ

2404 1076 2569 1129 πάλαι
2630 1075 2782 1144 παρὰ
2847 1075 3137 1143 Ῥωμαίων
3187 1074 3684 1142 ἀνοικοδομηθέντα
3716 1074 3978 1142 φρούρια,

2402 1170 2529 1231 τοὺς
2578 1168 2839 1238 πρέσόεις
2893 1169 3207 1234 ἀπράκτους
3233 1167 3553 1234 ἀπέπεμψε.
3599 1166 3829 1218 Πλείονα
3867 1167 3982 1234 γὰρ

2403 1263 2436 1332 ἢ
2475 1262 2868 1317 πεντεκαίδεκα
2895 1258 2976 1329 [Ρ.
3005 1258 3134 1328 298]
3165 1259 3403 1330 φρούρια
3434 1260 3584 1326 περὶ
3615 1259 3713 1320 τὰς
3739 1259 3979 1327 ἀκρότη-

2401 1373 2499 1418 τας
2524 1356 2618 1407 καὶ
2651 1354 2934 1421 ἀποτομὰς
2979 1352 3072 1404 τοῦ
3130 1351 3303 1418 Αἵμου
3355 1356 3380 1404 ό
3415 1353 3634 1411 πάππος
3686 1350 3850 1402 αὐτοῦ
3884 1354 3980 1401 καὶ

2407 1449 2662 1519 βασιλεὺς
2709 1447 3069 1518 Ἀνδρόνικος,
3107 1452 3170 1497 τα
3207 1445 3307 1513 μὲν
3337 1447 3398 1495 ὲκ
3444 1445 3656 1514 βάθρων
3691 1446 3974 1514 ἀνήγειρε,

2402 1541 2474 1594 τὰ
2524 1543 2569 1594 δ’
2625 1538 3019 1606 ἐπῳκοδόμησε
3082 1537 3168 1589 ὃιά
3220 1535 3314 1587 τοῦ
3347 1538 3467 1588 τότε
3523 1536 3976 1603 ἐπιτροπεύοντος

2405 1635 2627 1706 Θρᾴκην
2649 1633 2835 1685 Γλαὸἄ
2861 1630 2955 1683 τοῦ
2983 1630 3488 1700 πρωτοστράτορος,
3509 1627 3576 1680 ἶν’
3605 1624 3713 1680 εἶεν
3747 1626 3979 1692 κώλυμα

2405 1728 2503 1782 καὶ
2558 1726 2879 1796 διάφραγμα
2933 1723 3032 1792 τῆς
3080 1723 3334 1792 συνεχοῦς
3378 1724 3484 1775 τῶν
3518 1723 3739 1774 Σκυθῶν
3787 1721 3978 1773 636:1-

2407 1839 2567 1883 σεως.

2480 1916 2551 1968 Γ’.
2589 1914 2755 1968 Ταῦθ’
2786 1912 2930 1966 οὕτω
2957 1912 3220 1982 λεχθέντα
3268 1912 3392 1965 καθ’
3445 1912 3676 1980 ἡσυχίαν
3733 1912 3981 1976 Ἀλέξαν-

2410 2009 2535 2079 δρος
2563 2007 2760 2076 ἥκιστα
2793 2007 2983 2074 φέρειν
3018 2006 3315 2072 δυνάμενος
3349 2005 3444 2067 τας
3493 2002 3660 2057 αὑτοῦ
3693 2005 3982 2073 συναθροί-

2411 2103 2493 2166 ζει
2521 2102 2780 2170 δυνάμεις
2816 2101 2976 2160 εὐθὺς
3028 2099 3082 2160 ἐς
3114 2100 3552 2167 ὀκτακισχιλίους
3598 2099 3688 2150 τὸν
3722 2098 3977 2167 ἀριθμόν.

2409 2195 2847 2261 Μεταπέμπεται
2878 2194 2931 2244 δὲ
2971 2195 3064 2244 καὶ
3106 2189 3406 2260 ’δισχιλίους
3436 2194 3498 2244 ὲκ
3530 2191 3754 2244 Σκυθῶν
3787 2192 3983 2258 μισθο-

2411 2291 2630 2359 φόρους.
2669 2291 2842 2356 Ἀρας
2891 2283 2982 2339 οῦν
3009 2289 3072 2338 ὲκ
3102 2286 3372 2356 Τερνόϐου
3416 2289 3723 2354 πεμπταῖος
3755 2287 3984 2354 ἀφίκετο

2411 2385 2504 2436 καὶ
2556 2382 3155 2450 κατεστρατοπέδευσεν
3215 2379 3388 2449 ἀγχοῦ
3443 2380 3536 2432 τοῦ
3589 2380 3849 2447 φρουρίου
3886 2379 3979 2430 τοῦ

2412 2475 2799 2542 ὲπιλεγομένου
2846 2474 3294 2542 Ῥουσοκὰστρου.
3354 2473 3496 2524 Ἑκεί
3550 2473 3655 2540 γὰρ
3705 2469 3980 2524 εἶναικαὶ

2410 2566 2756 2634 τὸνβασιλέα
2809 2565 3057 2617 ἐπύθετο.
3124 2565 3182 2616 ’0
3214 2565 3272 2617 δὲ
3324 2565 3575 2633 βασιλεὺς
3623 2565 3980 2632 καταπλαγὴς

2413 2659 2512 2728 μὲν
2543 2658 2788 2724 ἐγεγόνει
2825 2657 2960 2725 προς
3003 2656 3102 2726 τὴν
3148 2657 3414 2724 αἰφνίδιον
3449 2658 3639 2724 ἔφοδον
3670 2659 3778 2708 τῶν
3815 2659 3981 2708 πολε-

2413 2749 2550 2818 μίων
2577 2767 2588 2779 ·
2617 2749 2714 2817 τῆς
2742 2749 2798 2801 δὲ
2843 2748 3209 2816 περιστάσεως
3241 2748 3441 2817 ἥκιστα
3487 2752 3876 2818 συγχωρούσης
3923 2749 3982 2799 ἐν

2414 2840 2556 2910 μέσῃ
2583 2842 2648 2909 τῇ
2676 2841 2912 2909 πολεμίᾳ
2943 2839 3338 2908 βουλεύσασθαι
3364 2856 3415 2891 τι
3448 2840 3676 2908 βέλτιον,
3696 2843 3859 2908 ἐξῆγε
3884 2841 3982 2891 καὶ

2409 2931 2572 2993 αὐτὸς
2595 2931 2823 3005 ὡςέξῆν
2859 2931 2957 3000 τὴν
3000 2930 3316 3000 Ῥωμαϊκὴν
3345 2932 3596 3000 δύναμιν,
3624 2933 3722 2984 οὐκ
3753 2933 3982 2999 ἀξιόμα-

2409 3044 2504 3097 χον
2531 3026 2692 3079 οὖσαν
2721 3029 2832 3088 τοῖς
2858 3027 3196 3091 ἀντιπάλοις,
3222 3026 3357 3079 ἀλλὰ
3387 3026 3539 3094 μόλις
3568 3028 3621 3086 ὲς
3648 3027 3982 3096 τρισχιλίους

2408 3120 2500 3172 τὸν
2531 3119 2765 3188 ἀριθμὸν
2797 3117 3079 3184 ἀνιοὺσης,
3119 3119 3211 3170 καὶ
3236 3120 3293 3178 ἐς
3325 3121 3472 3187 τρεῖς
3496 3120 3664 3186 αὐτὴν
3694 3121 3983 3188 διανείμας

2331 3221 2377 3285 c
2409 3209 2593 3272 τάξεις
2620 3209 2679 3260 οὐ
2709 3209 2848 3261 πάνυ
2880 3209 3071 3278 πῦῤῥω
3100 3207 3192 3260 τοῦ
3216 3211 3477 3276 φρουρίου
3512 3210 3772 3277 προῆγεν.
3795 3212 3985 3278 Ἐχειν

2411 3301 2517 3369 γὰρ
2542 3300 2673 3352 αὐτὸ
2711 3297 3057 3371 μεμελέτηκε
3082 3300 3404 3368 καταφυγήν
3437 3315 3557 3350 τινα
3593 3301 3728 3367 πρὸς
3766 3299 3862 3368 τὴν
3890 3303 3984 3351 ἐπὶ

2413 3395 2547 3447 πόδα
2573 3391 2940 3462 ἀναχώρησιν.
2989 3393 3142 3443 Ἐπεὶ
3173 3392 3230 3442 δὲ
3263 3391 3390 3453 τοὺς
3413 3392 3698 3459 πολεμίους
3730 3394 3984 3454 ἐπιόντας

2411 3484 2556 3555 ἐώρα
2584 3485 2644 3536 τό
2667 3502 2724 3535 τε
2759 3483 2932 3546 δεξιὸν
2963 3484 3056 3534 καὶ
3105 3483 3254 3534 λαιὸν
3289 3483 3453 3550 κέρας
3488 3487 3561 3540 εἰς
3588 3486 3835 3553 ἐπιμήκη
3869 3485 3978 3536 στί-

2412 3597 2506 3648 χον
2535 3579 2876 3647 ὲκατέρωθευ
2934 3579 3307 3640 ἐκτείναντας,
3364 3578 3432 3628 τὲ(
3464 3578 3516 3627 δε
3567 3578 3841 3646 βαρύτερα
3876 3580 3982 3629 τῶν

2412 3669 2591 3720 ὅπλων
2619 3669 2695 3726 si;
2723 3665 2885 3734 μέσον
2918 3663 3140 3733 ἔχοντας
3167 3666 3257 3716 καὶ
3280 3667 3396 3733 ἅμα
3426 3666 3486 3716 το
3516 3668 3674 3732 βάθος
3698 3668 3793 3734 τῆς
3819 3669 3986 3736 οὖρα-

2412 3759 2535 3827 γίας
2590 3758 2777 3825 ὥσπερ
2833 3758 2952 3807 τινὰ
3008 3757 3235 3825 στερρὸν
3265 3756 3536 3825 θεμέλιον,
3593 3759 3850 3826 φοῆτοίιιὶς
3886 3761 3984 3826 τὴν

2413 3851 2687 3902 κύκλωσιν
2719 3848 3173 3917 μεταϐουλεύεται
3197 3848 3428 3916 τάχιστα
3459 3852 3548 3900 καὶ
3575 3851 3706 3918 πρὸς
3734 3853 3861 3917 μίαν
3885 3855 3983 3914 τὰς

2424 3938 2743 4008 Ῥωμαϊκὰς
2811 3939 3071 4004 δυνάμεις
3128 3939 3346 4006 ἤθροισε
3406 3940 3559 4004 τάξιν
3610 3941 3979 4009 ἀμφίστομον,

2414 4029 2600 4098 ὥσπερ
2637 4028 2967 4097 σεληνοειδὲς
3000 4029 3178 4096 σχῆμα
3204 4046 3401 4097 πεποιη
3417 4032 3540 4093 κὼς,
3565 4033 3722 4081 ὁπότε
3763 4049 3983 4100 μηνοε-

2413 4121 2508 4190 δὴς
2543 4122 2647 4187 εἴη.

2486 4216 2557 4266 Δ’.
2585 4213 2752 4273 Αὐτὸς
2780 4213 2824 4265 δ’
2853 4216 2908 4275 ἐς
2941 4230 3140 4279 μεσους
3171 4215 3596 4282 περιερχόμενος
3626 4215 3897 4280 ἐπεφώνει
3925 4237 3983 4270 τε

2416 4304 2510 4357 καὶ
2536 4303 2936 4373 παρεθάρρυνε,
2975 4325 2991 4355 ι
3042 4306 3233 4358 Σύνετε
3271 4307 3354 4374 δὴ,
3376 4306 3568 4372 λέγωθῐ,
3603 4301 3646 4360 ὦ
3677 4310 3984 4378 ᾶτιδρε;,ὠς

2415 4399 2472 4450 ὲν
2506 4398 2758 4466 ἀλλοτρίᾳ
2790 4399 2880 4448 καὶ
2937 4396 3176 4466 πολεμίᾳ
3229 4399 3511 4465 μαχόμεθα
3544 4403 3610 4466 γῇ
3651 4402 3740 4452 καὶ
3792 4403 3986 4469 πόρρω

2417 4505 2519 4538 που
2556 4490 2652 4554 τῆς
2687 4488 2941 4555 πατρίδος
2987 4486 3494 4554 ἁποκεκλείσμεθα·
3550 4492 3639 4539 καὶ
3687 4488 3808 4541 οὕτε
3845 4507 3987 4558 συμ-

753 4566 820 4618 ad
850 4566 1206 4633 improvisum
1243 4562 1347 4616 hoc
1388 4562 1631 4631 praelium
1665 4575 1825 4630 opem
1864 4561 2042 4615 ferant
2067 4602 2080 4626 ,
2130 4581 2308 4634 neque
2345 4565 2386 4619 D
2420 4598 2430 4648 ι

2345 4565 2386 4619 D
2420 4581 2648 4650 μαχίδας
2674 4579 2871 4648 ἔχομεν
2904 4580 3106 4642 πόλεις,
3143 4580 3196 4631 αἳ
3229 4581 3713 4650 παραϐοηθήστωσι
3742 4587 3802 4650 τῆ
3817 4601 3986 4653 μερον

757 4657 902 4711 unde
982 4655 1380 4710 mercenarium
1431 4654 1660 4707 militem
1722 4663 2084 4708 arcessamus.
2133 4658 2312 4722 Quare

757 4764 840 4804 διο
884 4761 1190 4820 pugnemus
1239 4746 1440 4810 hodie,
1480 4753 1540 4798 ut
1589 4746 1772 4799 statim
1808 4747 2058 4800 morituri
2099 4760 2153 4802 et
2206 4765 2311 4803 una

759 4854 884 4895 cum
937 4839 1042 4891 hoc
1094 4837 1208 4891 sole
1256 4837 1591 4890 occubituri.
1633 4837 1872 4890 Fortium
1914 4848 2227 4891 nostrorum
2257 4851 2312 4893 et

753 4943 1144 5000 generosarum
1179 4928 1426 4982 laborum
1457 4938 1622 4983 testes
1654 4930 2027 4997 relinquamus
2060 4931 2310 4985 hostilem

756 5021 900 5076 hanc
933 5032 1156 5084 terram,
1189 5022 1241 5074 in
1275 5036 1382 5089 qua
1430 5020 1594 5074 hodie
1629 5022 1694 5073 de
1724 5022 1830 5073 vita
1865 5021 2219 5084 dimicamus,
2258 5033 2312 5077 et

754 5113 994 5166 hostium
1049 5113 1143 5180 qui
1198 5121 1525 5180 supererunt
1578 5113 1787 5164 oculos.
1856 5111 2095 5176 Quorum
2144 5113 2313 5183 486

755 5218 854 5258 vos
888 5202 1182 5256 multitudo
1225 5219 1291 5255 ne
1325 5203 1628 5271 perturbet.
1653 5202 1871 5255 Scimus
1916 5205 2061 5257 enim
2111 5208 2313 5256 multos

759 5303 985 5363 magnos
1036 5294 1311 5347 exercitus
1357 5308 1386 5345 a
1439 5294 1618 5361 parvis
1668 5294 1925 5347 facillime
1953 5311 2072 5348 esse
2122 5311 2310 5349 cxsos.

760 5385 958 5438 Eadem
1014 5393 1070 5437 et
1107 5383 1209 5451 ipsi
1257 5399 1350 5451 spc
1395 5385 1654 5448 nitamur,
1707 5384 2041 5437 incﬂ‘abilem
2071 5386 2162 5438 Dei
2203 5388 2315 5440 cle-

752 5477 1014 5529 mentiam
1041 5479 1350 5539 intuentes,
1400 5491 1504 5543 qua
1541 5484 1653 5528 tum
1703 5477 1847 5539 alia,
1884 5487 1996 5529 tum
2055 5479 2188 5531 illud
2234 5479 2314 5532 ef—

747 5568 951 5624 fectum
1015 5576 1143 5632 est,
1207 5577 1266 5621 ut
1334 5567 1732 5621 Themistocles
1778 5568 2125 5624 Atheniensis
2184 5585 2308 5622 cum

748 5660 932 5730 parvis
977 5660 1171 5728 copiis,
1205 5660 1259 5713 in
1313 5661 1579 5728 angustiis
1609 5660 1675 5712 ad
1727 5659 2079 5725 Salaminetn,
2117 5678 2311 5716 omnes

751 5760 864 5808 tere
929 5753 1220 5808 Persarum
1274 5755 1420 5808 vires
1474 5754 1837 5817 demerserit;
1890 5763 2054 5822 atque
2093 5765 2148 5807 ut
2195 5766 2315 5823 post

754 5849 901 5903 hunc
943 5862 1129 5901 rursus
1166 5845 1464 5901 Thebanus
1496 5845 1902 5914 Epaminondas
1935 5846 2016 5902 bis
2045 5849 2311 5902 maximas

2415 4673 2546 4739 ἡμῖν
2569 4675 2625 4734 ἐς
2654 4673 2742 4723 τὸν
2770 4672 3049 4738 αὶφνιδίως
3104 4675 3454 4740 συμπεσόντα
3485 4676 3693 4725 τουτονὶ
3717 4677 3982 4743 πόλεμον,

2415 4761 2528 4814 οὗθ’
2557 4761 2751 4813 ὁπόθεν
2775 4762 2840 4813 ἂν
2874 4762 3263 4830 μισθοφορικὸν
3293 4764 3776 4831 μεταπεμψώμεθα
3812 4770 3983 4834 στρα-

2418 4865 2612 4916 τευμα.
2647 4847 2967 4915 Μαχώμεοα
3011 4849 3194 4899 τοίνυν
3227 4847 3302 4909 ὡς
3329 4849 3712 4916 τεθνηξόμενοι
3740 4855 3987 4920 τήμερον

2419 4941 2512 4992 καὶ
2540 4937 2934 5004 συγκαταδύειν
2957 4938 3245 5006 μέλλοντες
3270 4939 3346 5007 τῷ
3367 4942 3610 5008 τήμερον
3632 4944 3802 5006 τούτῳ
3825 4946 3984 5012 ἡλίῳ.

2417 5028 2761 5096 κτησώμεθα
2791 5030 3076 5097 μάρτυρας
3119 5029 3226 5079 τῶν
3261 5031 3544 5098 ἡμετέρων
3579 5031 3850 5100 ἀνδρικῶν
3885 5036 3986 5084 καὶ

2417 5117 2679 5185 γενναίων
2709 5118 2937 5184 ἀγώνων
2970 5121 3065 5184 τήν
3096 5133 3154 5167 τε
3187 5116 3452 5184 πολεμίαν
3477 5120 3703 5186 ταυτηνὶ
3733 5120 3859 5186 γῆν,
3897 5123 3985 5187 ἐφ’

2416 5211 2482 5277 ἣν
2504 5209 2593 5260 τὸν
2619 5209 2747 5276 περὶ
2781 5207 2957 5276 ψυχῆς
2986 5211 3224 5276 σήμερον
3248 5210 3516 5276 τρέχομεν
3545 5207 3728 5269 ἆθλον,
3763 5215 3857 5263 καὶ
3882 5217 3986 5276 τας

2418 5301 2526 5352 τῶν
2559 5300 3108 5367 ὑπολειφθησομένων
3141 5299 3413 5366 πολεμίων
3443 5299 3618 5367 ὄψεις.
3681 5303 3773 5371 Μὴ
3805 5304 3862 5355 δὲ
3893 5306 3988 5356 Θο-

2420 5389 2653 5459 ρυὸείτω
2682 5390 2783 5450 τὰς
2813 5388 3086 5456 ὑμετέρας
3108 5389 3336 5457 καρδίας
3367 5391 3426 5439 τὸ
3456 5390 3662 5455 πλῆθος
3695 5393 3806 5443 τῶν
3831 5395 3989 5445 πολε-

2422 5482 2591 5544 μίων·
2651 5480 2848 5540 πολλὰς
2904 5484 3012 5546 γὰρ
3069 5480 3228 5546 ῑσμεν
3281 5480 3538 5547 δυιὰμεις
3601 5484 3842 5548 μεγάλας
3877 5485 3986 5536 ὑπὸ

2421 5571 2668 5640 βραχέων
2695 5573 2866 5640 ῥᾷστα
2885 5571 3315 5632 κατακοπείσας.
3347 5571 3525 5622 Ἐστω
3552 5577 3645 5622 καὶ
3675 5575 3805 5640 ἡμῖν
3827 5576 3989 5638 ἐλπὶς

2417 5666 2576 5732 ὁμοία
2634 5664 2767 5732 πρὸς
2802 5663 3240 5732 τὴνᾛπόρῤητον
3275 5664 3519 5730 ἀφορῶσι
3569 5664 3988 5734 φιλανθρωπίαν

2419 5756 2573 5820 Θεοῦ,
2601 5755 2668 5806 δι’
2691 5756 2756 5824 ἣν
2784 5756 2852 5806 τα
2875 5771 2934 5806 τε
2967 5755 3102 5808 ἄλλα
3126 5755 3221 5807 καὶ
3247 5754 3621 5823 Θεμιστοκλῆς
3645 5760 3702 5822 ἐξ
3743 5757 3986 5826 Ἀθηνῶν

2421 5847 2535 5915 μετ’
2567 5848 2745 5914 ὀλίγου
2775 5847 3184 5916 στρατεύματος
3217 5848 3413 5918 μικροῦ
3447 5850 3699 5902 πᾶσανέν
3719 5855 3828 5912 τοῖς
3852 5853 3983 5920 περὶ
