  <div class='ocr_page' id='page_1' title='image "/cluster/home/n/w/nwhite01/storage/ocr_20150623/148/nnc1.0046980490/360.png"; bbox 0 0 4248 6442; ppageno 0'>
   <div class='ocr_carea' id='block_1_1' title="bbox 224 342 1118 420">
    <p class='ocr_par' dir='ltr' id='par_1_1' title="bbox 224 342 1118 420">
     <span class='ocr_line' id='line_1_1' title="bbox 224 342 1118 420; baseline -0.006 -17"><span class='ocrx_word' id='word_1_1' title='bbox 224 356 328 420; x_wconf 72' lang='grc'><strong>685</strong></span> <span class='ocrx_word' id='word_1_2' title='bbox 474 352 549 418; x_wconf 71' lang='grc' dir='ltr'><strong>ιι.</strong></span> <span class='ocrx_word' id='word_1_3' title='bbox 588 363 637 401; x_wconf 90' lang='lat' dir='ltr'><strong>c.</strong></span> <span class='ocrx_word' id='word_1_4' title='bbox 682 344 816 400; x_wconf 75' lang='lat' dir='ltr'><strong>l528</strong></span> <span class='ocrx_word' id='word_1_5' title='bbox 856 361 917 398; x_wconf 75' lang='grc' dir='ltr'><strong>,ω</strong></span> <span class='ocrx_word' id='word_1_6' title='bbox 965 342 1118 414; x_wconf 72' lang='lat' dir='ltr'><strong>isti]</strong></span> 
     </span>
    </p>
   </div>
   <div class='ocr_carea' id='block_1_2' title="bbox 1267 343 2443 406">
    <p class='ocr_par' dir='ltr' id='par_1_2' title="bbox 1267 343 2443 406">
     <span class='ocr_line' id='line_1_2' title="bbox 1267 343 2443 406; baseline -0.002 -2"><span class='ocrx_word' id='word_1_7' title='bbox 1267 344 1707 406; x_wconf 66' lang='lat' dir='ltr'><strong>BYZANTIN/E</strong></span> <span class='ocrx_word' id='word_1_8' title='bbox 1748 343 2135 403; x_wconf 76' lang='lat' dir='ltr'><strong>HISTOle</strong></span> <span class='ocrx_word' id='word_1_9' title='bbox 2180 345 2329 404; x_wconf 80' lang='lat' dir='ltr'><strong>LIB.</strong></span> <span class='ocrx_word' id='word_1_10' title='bbox 2376 345 2443 406; x_wconf 77' lang='grc' dir='ltr'><strong>Χ.</strong></span> 
     </span>
    </p>
   </div>
   <div class='ocr_carea' id='block_1_3' title="bbox 2573 333 3198 404">
    <p class='ocr_par' dir='ltr' id='par_1_3' title="bbox 2573 333 3198 404">
     <span class='ocr_line' id='line_1_3' title="bbox 2573 333 3198 404; baseline -0.006 -15"><span class='ocrx_word' id='word_1_11' title='bbox 2573 333 2704 404; x_wconf 71' lang='lat' dir='ltr'><strong>Itur.</strong></span> <span class='ocrx_word' id='word_1_12' title='bbox 2751 353 2811 388; x_wconf 65' lang='lat' dir='ltr'><strong>an</strong></span> <span class='ocrx_word' id='word_1_13' title='bbox 2823 346 3007 388; x_wconf 56' lang='lat' dir='ltr'><strong>onusti:</strong></span> <span class='ocrx_word' id='word_1_14' title='bbox 3058 335 3198 404; x_wconf 61' lang='grc' dir='ltr'><strong>δυ...]</strong></span> 
     </span>
    </p>
   </div>
   <div class='ocr_carea' id='block_1_4' title="bbox 3367 337 3471 402">
    <p class='ocr_par' dir='ltr' id='par_1_4' title="bbox 3367 337 3471 402">
     <span class='ocr_line' id='line_1_4' title="bbox 3367 337 3471 402; baseline 0.038 -4"><span class='ocrx_word' id='word_1_15' title='bbox 3367 337 3471 402; x_wconf 78' lang='grc'><strong>686</strong></span> 
     </span>
    </p>
   </div>
   <div class='ocr_carea' id='block_1_5' title="bbox 223 451 1900 536">
    <p class='ocr_par' dir='ltr' id='par_1_5' title="bbox 223 458 1873 536">
     <span class='ocr_line' id='line_1_5' title="bbox 223 458 1873 536; baseline -0.007 -17"><span class='ocrx_word' id='word_1_16' title='bbox 223 465 505 536; x_wconf 83' lang='grc' dir='ltr'><strong>Σαλαμῖνα</strong></span> <span class='ocrx_word' id='word_1_17' title='bbox 543 467 745 526; x_wconf 76' lang='grc' dir='ltr'><strong>στενοῖς</strong></span> <span class='ocrx_word' id='word_1_18' title='bbox 777 463 874 531; x_wconf 84' lang='grc' dir='ltr'><strong>τὴν</strong></span> <span class='ocrx_word' id='word_1_19' title='bbox 906 460 1014 515; x_wconf 71' lang='grc' dir='ltr'><strong>τῶν</strong></span> <span class='ocrx_word' id='word_1_20' title='bbox 1055 459 1282 528; x_wconf 82' lang='grc' dir='ltr'><strong>Περσῶν</strong></span> <span class='ocrx_word' id='word_1_21' title='bbox 1310 459 1685 514; x_wconf 76' lang='grc' dir='ltr'><strong>κατεδάπτισε</strong></span> <span class='ocrx_word' id='word_1_22' title='bbox 1706 458 1798 510; x_wconf 73' lang='grc' dir='ltr'><strong>δύο</strong></span> <span class='ocrx_word' id='word_1_23' title='bbox 1829 467 1873 516; x_wconf 75' lang='grc' dir='ltr'><strong>Α</strong></span> 
     </span>
    </p>
   </div>
   <div class='ocr_carea' id='block_1_6' title="bbox 1794 451 3471 536">
    <p class='ocr_par' dir='ltr' id='par_1_6' title="bbox 1794 451 3471 516">
     <span class='ocr_line' id='line_1_6' title="bbox 1794 451 3471 516; baseline -0.002 -7"><span class='ocrx_word' id='word_1_24' title='bbox 1794 486 1798 495; x_wconf 73' lang='grc' dir='ltr'><strong>ι</strong></span> <span class='ocrx_word' id='word_1_25' title='bbox 1829 467 1873 516; x_wconf 74' lang='grc' dir='ltr'><strong>Α</strong></span> <span class='ocrx_word' id='word_1_26' title='bbox 1907 457 2413 515; x_wconf 64' lang='lat' dir='ltr'><strong>Laceaimoniorunt</strong></span> <span class='ocrx_word' id='word_1_27' title='bbox 2453 460 2643 516; x_wconf 83' lang='lat' dir='ltr'><strong>conias</strong></span> <span class='ocrx_word' id='word_1_28' title='bbox 2677 460 2742 511; x_wconf 85' lang='lat' dir='ltr'><strong>ad</strong></span> <span class='ocrx_word' id='word_1_29' title='bbox 2777 459 3076 510; x_wconf 72' lang='lat' dir='ltr'><strong>Haliartum</strong></span> <span class='ocrx_word' id='word_1_30' title='bbox 3123 462 3180 506; x_wconf 85' lang='lat' dir='ltr'><strong>et</strong></span> <span class='ocrx_word' id='word_1_31' title='bbox 3227 454 3292 507; x_wconf 84' lang='lat' dir='ltr'><strong>ad</strong></span> <span class='ocrx_word' id='word_1_32' title='bbox 3333 451 3471 506; x_wconf 65' lang='lat' dir='ltr'><strong>Leu-</strong></span> 
     </span>
    </p>
   </div>
   <div class='ocr_carea' id='block_1_7' title="bbox 223 543 1795 624">
    <p class='ocr_par' dir='ltr' id='par_1_7' title="bbox 223 543 1795 624">
     <span class='ocr_line' id='line_1_7' title="bbox 223 543 1795 624; baseline -0.007 -15"><span class='ocrx_word' id='word_1_33' title='bbox 223 571 418 624; x_wconf 70' lang='grc' dir='ltr'><strong>ναμιν·</strong></span> <span class='ocrx_word' id='word_1_34' title='bbox 463 555 558 607; x_wconf 82' lang='grc' dir='ltr'><strong>καὶ</strong></span> <span class='ocrx_word' id='word_1_35' title='bbox 605 554 745 623; x_wconf 73' lang='grc' dir='ltr'><strong>μετὰ</strong></span> <span class='ocrx_word' id='word_1_36' title='bbox 792 552 983 604; x_wconf 74' lang='grc' dir='ltr'><strong>τοῐτον</strong></span> <span class='ocrx_word' id='word_1_37' title='bbox 1019 552 1046 603; x_wconf 99' lang='lat'><strong>6</strong></span> <span class='ocrx_word' id='word_1_38' title='bbox 1083 550 1318 618; x_wconf 76' lang='grc' dir='ltr'><strong>Θηϐαῖος</strong></span> <span class='ocrx_word' id='word_1_39' title='bbox 1353 544 1510 609; x_wconf 77' lang='grc' dir='ltr'><strong>αὖθις</strong></span> <span class='ocrx_word' id='word_1_40' title='bbox 1547 547 1634 618; x_wconf 83' lang='grc' dir='ltr'><strong>[Ρ.</strong></span> <span class='ocrx_word' id='word_1_41' title='bbox 1664 543 1795 614; x_wconf 68' lang='grc' dir='ltr'><strong>ἳ99]</strong></span> 
     </span>
    </p>
   </div>
   <div class='ocr_carea' id='block_1_8' title="bbox 233 636 1796 714">
    <p class='ocr_par' dir='ltr' id='par_1_8' title="bbox 233 636 1796 714">
     <span class='ocr_line' id='line_1_8' title="bbox 233 636 1796 714; baseline -0.011 -14"><span class='ocrx_word' id='word_1_42' title='bbox 233 645 678 714; x_wconf 75' lang='grc' dir='ltr'><strong>Ἐπαμεινώνδας</strong></span> <span class='ocrx_word' id='word_1_43' title='bbox 728 643 809 704; x_wconf 87' lang='grc' dir='ltr'><strong>δίς</strong></span> <span class='ocrx_word' id='word_1_44' title='bbox 834 642 931 711; x_wconf 82' lang='grc' dir='ltr'><strong>τὴν</strong></span> <span class='ocrx_word' id='word_1_45' title='bbox 970 640 1234 708; x_wconf 76' lang='grc' dir='ltr'><strong>μεγίστην</strong></span> <span class='ocrx_word' id='word_1_46' title='bbox 1283 638 1504 705; x_wconf 73' lang='grc' dir='ltr'><strong>ἐκείνην</strong></span> <span class='ocrx_word' id='word_1_47' title='bbox 1539 636 1796 702; x_wconf 75' lang='grc' dir='ltr'><strong>Σπάρτης</strong></span> 
     </span>
    </p>
   </div>
   <div class='ocr_carea' id='block_1_9' title="bbox 221 725 1792 806">
    <p class='ocr_par' dir='ltr' id='par_1_9' title="bbox 221 725 1792 806">
     <span class='ocr_line' id='line_1_9' title="bbox 221 725 1792 806; baseline -0.01 -14"><span class='ocrx_word' id='word_1_48' title='bbox 221 740 481 806; x_wconf 73' lang='grc' dir='ltr'><strong>νενίκηκε</strong></span> <span class='ocrx_word' id='word_1_49' title='bbox 511 736 746 804; x_wconf 88' lang='grc' dir='ltr'><strong>δύναμιν</strong></span> <span class='ocrx_word' id='word_1_50' title='bbox 806 733 946 802; x_wconf 71' lang='grc' dir='ltr'><strong>μετὰ</strong></span> <span class='ocrx_word' id='word_1_51' title='bbox 981 732 1327 802; x_wconf 81' lang='grc' dir='ltr'><strong>βραχυτέρας</strong></span> <span class='ocrx_word' id='word_1_52' title='bbox 1365 726 1547 798; x_wconf 82' lang='grc' dir='ltr'><strong>πολλῷ</strong></span> <span class='ocrx_word' id='word_1_53' title='bbox 1577 725 1703 796; x_wconf 80' lang='grc' dir='ltr'><strong>περί</strong></span> <span class='ocrx_word' id='word_1_54' title='bbox 1733 741 1792 776; x_wconf 86' lang='grc' dir='ltr'><strong>τε</strong></span> 
     </span>
    </p>
   </div>
   <div class='ocr_carea' id='block_1_10' title="bbox 229 819 1796 899">
    <p class='ocr_par' dir='ltr' id='par_1_10' title="bbox 229 819 1796 899">
     <span class='ocr_line' id='line_1_10' title="bbox 229 819 1796 899; baseline -0.01 -15"><span class='ocrx_word' id='word_1_55' title='bbox 229 830 521 899; x_wconf 78' lang='grc' dir='ltr'><strong>’Δλίαρτον</strong></span> <span class='ocrx_word' id='word_1_56' title='bbox 551 829 643 880; x_wconf 69' lang='grc' dir='ltr'><strong>καὶ</strong></span> <span class='ocrx_word' id='word_1_57' title='bbox 664 828 866 887; x_wconf 80' lang='grc' dir='ltr'><strong>τόπους</strong></span> <span class='ocrx_word' id='word_1_58' title='bbox 895 823 1272 893; x_wconf 87' lang='grc' dir='ltr'><strong>Λευκτρικούς</strong></span> <span class='ocrx_word' id='word_1_59' title='bbox 1292 838 1308 850; x_wconf 81' lang='lat'><strong>&#39;</strong></span> <span class='ocrx_word' id='word_1_60' title='bbox 1348 822 1438 874; x_wconf 84' lang='grc' dir='ltr'><strong>ὅτε</strong></span> <span class='ocrx_word' id='word_1_61' title='bbox 1467 819 1532 890; x_wconf 79' lang='grc' dir='ltr'><strong>δὴ</strong></span> <span class='ocrx_word' id='word_1_62' title='bbox 1563 822 1657 871; x_wconf 78' lang='grc' dir='ltr'><strong>καὶ</strong></span> <span class='ocrx_word' id='word_1_63' title='bbox 1688 819 1796 870; x_wconf 72' lang='grc' dir='ltr'><strong>Λύ-</strong></span> 
     </span>
    </p>
   </div>
   <div class='ocr_carea' id='block_1_11' title="bbox 224 909 1798 990">
    <p class='ocr_par' dir='ltr' id='par_1_11' title="bbox 224 909 1798 990">
     <span class='ocr_line' id='line_1_11' title="bbox 224 909 1798 990; baseline -0.008 -18"><span class='ocrx_word' id='word_1_64' title='bbox 224 921 452 990; x_wconf 77' lang='grc' dir='ltr'><strong>σανδρον</strong></span> <span class='ocrx_word' id='word_1_65' title='bbox 490 917 830 985; x_wconf 81' lang='grc' dir='ltr'><strong>ἀπώλεσενή</strong></span> <span class='ocrx_word' id='word_1_66' title='bbox 864 914 1095 984; x_wconf 80' lang='grc' dir='ltr'><strong>Σπάρτη</strong></span> <span class='ocrx_word' id='word_1_67' title='bbox 1123 913 1221 967; x_wconf 80' lang='grc' dir='ltr'><strong>καὶ</strong></span> <span class='ocrx_word' id='word_1_68' title='bbox 1268 912 1363 976; x_wconf 76' lang='grc' dir='ltr'><strong>ξὺν</strong></span> <span class='ocrx_word' id='word_1_69' title='bbox 1400 909 1640 980; x_wconf 81' lang='grc' dir='ltr'><strong>ἀκοσμίᾳ</strong></span> <span class='ocrx_word' id='word_1_70' title='bbox 1666 909 1798 976; x_wconf 82' lang='grc' dir='ltr'><strong>φεύ-</strong></span> 
     </span>
    </p>
   </div>
   <div class='ocr_carea' id='block_1_12' title="bbox 223 1003 1799 1081">
    <p class='ocr_par' dir='ltr' id='par_1_12' title="bbox 223 1003 1799 1081">
     <span class='ocr_line' id='line_1_12' title="bbox 223 1003 1799 1081; baseline -0.008 -16"><span class='ocrx_word' id='word_1_71' title='bbox 223 1031 390 1081; x_wconf 82' lang='grc' dir='ltr'><strong>γοντα</strong></span> <span class='ocrx_word' id='word_1_72' title='bbox 420 1013 510 1064; x_wconf 82' lang='grc' dir='ltr'><strong>τὸν</strong></span> <span class='ocrx_word' id='word_1_73' title='bbox 538 1011 706 1062; x_wconf 79' lang='grc' dir='ltr'><strong>πολὺν</strong></span> <span class='ocrx_word' id='word_1_74' title='bbox 735 1008 953 1072; x_wconf 73' lang='grc' dir='ltr'><strong>ἐδέξατο</strong></span> <span class='ocrx_word' id='word_1_75' title='bbox 991 1006 1318 1075; x_wconf 82' lang='grc' dir='ltr'><strong>Ἀγησίλαον</strong></span> <span class='ocrx_word' id='word_1_76' title='bbox 1343 1007 1438 1057; x_wconf 78' lang='grc' dir='ltr'><strong>καὶ</strong></span> <span class='ocrx_word' id='word_1_77' title='bbox 1457 1004 1667 1056; x_wconf 77' lang='grc' dir='ltr'><strong>καπνὸν</strong></span> <span class='ocrx_word' id='word_1_78' title='bbox 1697 1003 1799 1072; x_wconf 69' lang='grc' dir='ltr'><strong>ἤδη</strong></span> 
     </span>
    </p>
   </div>
   <div class='ocr_carea' id='block_1_13' title="bbox 224 1096 1793 1172">
    <p class='ocr_par' dir='ltr' id='par_1_13' title="bbox 224 1096 1793 1172">
     <span class='ocr_line' id='line_1_13' title="bbox 224 1096 1793 1172; baseline -0.007 -15"><span class='ocrx_word' id='word_1_79' title='bbox 224 1106 311 1156; x_wconf 74' lang='grc' dir='ltr'><strong>διὰ</strong></span> <span class='ocrx_word' id='word_1_80' title='bbox 349 1103 565 1172; x_wconf 78' lang='grc' dir='ltr'><strong>μακροῦ</strong></span> <span class='ocrx_word' id='word_1_81' title='bbox 595 1103 847 1155; x_wconf 77' lang='grc' dir='ltr'><strong>τεθέαται</strong></span> <span class='ocrx_word' id='word_1_82' title='bbox 888 1105 1045 1171; x_wconf 79' lang='grc' dir='ltr'><strong>παρᾶ</strong></span> <span class='ocrx_word' id='word_1_83' title='bbox 1066 1101 1160 1154; x_wconf 84' lang='grc' dir='ltr'><strong>τὸν</strong></span> <span class='ocrx_word' id='word_1_84' title='bbox 1193 1099 1455 1170; x_wconf 76' lang='grc' dir='ltr'><strong>Εὐρώταν</strong></span> <span class='ocrx_word' id='word_1_85' title='bbox 1480 1096 1793 1167; x_wconf 61' lang='grc' dir='ltr'><strong>πολέμια-ιδ</strong></span> 
     </span>
    </p>
   </div>
   <div class='ocr_carea' id='block_1_14' title="bbox 295 1190 1802 1264">
    <p class='ocr_par' dir='ltr' id='par_1_14' title="bbox 295 1190 1802 1264">
     <span class='ocr_line' id='line_1_14' title="bbox 295 1190 1802 1264; baseline -0.005 -17"><span class='ocrx_word' id='word_1_86' title='bbox 295 1196 375 1247; x_wconf 82' lang='lat' dir='ltr'><strong>E&#39;.</strong></span> <span class='ocrx_word' id='word_1_87' title='bbox 414 1197 618 1256; x_wconf 75' lang='grc' dir='ltr'><strong>Πάντες</strong></span> <span class='ocrx_word' id='word_1_88' title='bbox 655 1191 868 1264; x_wconf 70' lang='grc' dir='ltr'><strong>μὲνοῦν</strong></span> <span class='ocrx_word' id='word_1_89' title='bbox 905 1195 1174 1262; x_wconf 83' lang='grc' dir='ltr'><strong>γενναίως</strong></span> <span class='ocrx_word' id='word_1_90' title='bbox 1208 1193 1303 1244; x_wconf 77' lang='grc' dir='ltr'><strong>καὶ</strong></span> <span class='ocrx_word' id='word_1_91' title='bbox 1340 1190 1650 1259; x_wconf 76' lang='grc' dir='ltr'><strong>εὐρώστως,</strong></span> <span class='ocrx_word' id='word_1_92' title='bbox 1675 1191 1802 1240; x_wconf 75' lang='grc' dir='ltr'><strong>ὅσον</strong></span> 
     </span>
    </p>
   </div>
   <div class='ocr_carea' id='block_1_15' title="bbox 225 1280 1800 1354">
    <p class='ocr_par' dir='ltr' id='par_1_15' title="bbox 225 1280 1800 1354">
     <span class='ocr_line' id='line_1_15' title="bbox 225 1280 1800 1354; baseline -0.003 -17"><span class='ocrx_word' id='word_1_93' title='bbox 225 1287 376 1352; x_wconf 72' lang='grc' dir='ltr'><strong>ἐξῆν,</strong></span> <span class='ocrx_word' id='word_1_94' title='bbox 411 1287 504 1338; x_wconf 76' lang='grc' dir='ltr'><strong>καὶ</strong></span> <span class='ocrx_word' id='word_1_95' title='bbox 535 1286 883 1354; x_wconf 72' lang='grc' dir='ltr'><strong>παραϐόλους</strong></span> <span class='ocrx_word' id='word_1_96' title='bbox 911 1286 1130 1353; x_wconf 83' lang='grc' dir='ltr'><strong>ἀγῶνας</strong></span> <span class='ocrx_word' id='word_1_97' title='bbox 1160 1283 1555 1350; x_wconf 78' lang='grc' dir='ltr'><strong>ἀγωνιζόμενοι</strong></span> <span class='ocrx_word' id='word_1_98' title='bbox 1579 1280 1800 1351; x_wconf 75' lang='grc' dir='ltr'><strong>βαρείας</strong></span> 
     </span>
    </p>
   </div>
   <div class='ocr_carea' id='block_1_16' title="bbox 226 1373 1802 1446">
    <p class='ocr_par' dir='ltr' id='par_1_16' title="bbox 226 1373 1802 1446">
     <span class='ocr_line' id='line_1_16' title="bbox 226 1373 1802 1446; baseline -0.004 -16"><span class='ocrx_word' id='word_1_99' title='bbox 226 1385 321 1430; x_wconf 75' lang='grc' dir='ltr'><strong>καὶ</strong></span> <span class='ocrx_word' id='word_1_100' title='bbox 365 1378 610 1445; x_wconf 77' lang='grc' dir='ltr'><strong>ἀφειδεῖς</strong></span> <span class='ocrx_word' id='word_1_101' title='bbox 658 1378 984 1446; x_wconf 76' lang='grc' dir='ltr'><strong>φονευτρίας</strong></span> <span class='ocrx_word' id='word_1_102' title='bbox 1019 1379 1132 1438; x_wconf 91' lang='grc' dir='ltr'><strong>τοῖς</strong></span> <span class='ocrx_word' id='word_1_103' title='bbox 1177 1373 1462 1443; x_wconf 83' lang='grc' dir='ltr'><strong>πολεμίοις</strong></span> <span class='ocrx_word' id='word_1_104' title='bbox 1489 1373 1802 1441; x_wconf 74' lang='grc' dir='ltr'><strong>ἐπήνεγκαν</strong></span> 
     </span>
    </p>
   </div>
   <div class='ocr_carea' id='block_1_17' title="bbox 225 1464 1804 1540">
    <p class='ocr_par' dir='ltr' id='par_1_17' title="bbox 225 1464 1804 1540">
     <span class='ocr_line' id='line_1_17' title="bbox 225 1464 1804 1540; baseline -0.003 -20"><span class='ocrx_word' id='word_1_105' title='bbox 225 1473 451 1540; x_wconf 83' lang='grc' dir='ltr'><strong>χεῖρας·</strong></span> <span class='ocrx_word' id='word_1_106' title='bbox 485 1470 722 1538; x_wconf 87' lang='grc' dir='ltr'><strong>μάλιστα</strong></span> <span class='ocrx_word' id='word_1_107' title='bbox 771 1469 829 1520; x_wconf 83' lang='grc' dir='ltr'><strong>δὲ</strong></span> <span class='ocrx_word' id='word_1_108' title='bbox 883 1468 1102 1520; x_wconf 84' lang='grc' dir='ltr'><strong>πάντων</strong></span> <span class='ocrx_word' id='word_1_109' title='bbox 1152 1470 1179 1519; x_wconf 93' lang='lat'><strong>6</strong></span> <span class='ocrx_word' id='word_1_110' title='bbox 1208 1466 1382 1537; x_wconf 81' lang='grc' dir='ltr'><strong>μέγας</strong></span> <span class='ocrx_word' id='word_1_111' title='bbox 1429 1464 1804 1535; x_wconf 82' lang='grc' dir='ltr'><strong>δομὲστικοςό</strong></span> 
     </span>
    </p>
   </div>
   <div class='ocr_carea' id='block_1_18' title="bbox 230 1556 1804 1632">
    <p class='ocr_par' dir='ltr' id='par_1_18' title="bbox 230 1556 1804 1632">
     <span class='ocr_line' id='line_1_18' title="bbox 230 1556 1804 1632; baseline -0.004 -16"><span class='ocrx_word' id='word_1_112' title='bbox 230 1564 721 1632; x_wconf 73' lang='grc' dir='ltr'><strong>Καντακουζηνός’</strong></span> <span class='ocrx_word' id='word_1_113' title='bbox 776 1562 832 1625; x_wconf 85' lang='grc' dir='ltr'><strong>δς</strong></span> <span class='ocrx_word' id='word_1_114' title='bbox 885 1562 1056 1615; x_wconf 82' lang='grc' dir='ltr'><strong>πολλὰ</strong></span> <span class='ocrx_word' id='word_1_115' title='bbox 1086 1561 1185 1628; x_wconf 79' lang='grc' dir='ltr'><strong>μὲν</strong></span> <span class='ocrx_word' id='word_1_116' title='bbox 1237 1558 1531 1628; x_wconf 80' lang='grc' dir='ltr'><strong>δεξάμενος</strong></span> <span class='ocrx_word' id='word_1_117' title='bbox 1567 1556 1804 1628; x_wconf 80' lang='grc' dir='ltr'><strong>πολέμια</strong></span> 
     </span>
    </p>
   </div>
   <div class='ocr_carea' id='block_1_19' title="bbox 226 1651 1805 1728">
    <p class='ocr_par' dir='ltr' id='par_1_19' title="bbox 226 1651 1805 1728">
     <span class='ocr_line' id='line_1_19' title="bbox 226 1651 1805 1728; baseline -0.004 -18"><span class='ocrx_word' id='word_1_118' title='bbox 226 1659 379 1728; x_wconf 60' lang='grc' dir='ltr'><strong>ξίφη,</strong></span> <span class='ocrx_word' id='word_1_119' title='bbox 413 1659 612 1721; x_wconf 76' lang='grc' dir='ltr'><strong>πολλάς</strong></span> <span class='ocrx_word' id='word_1_120' title='bbox 640 1658 694 1711; x_wconf 77' lang='grc' dir='ltr'><strong>δὲ</strong></span> <span class='ocrx_word' id='word_1_121' title='bbox 750 1657 995 1726; x_wconf 75' lang='grc' dir='ltr'><strong>δοράτων</strong></span> <span class='ocrx_word' id='word_1_122' title='bbox 1035 1657 1194 1725; x_wconf 79' lang='grc' dir='ltr'><strong>βολὰς</strong></span> <span class='ocrx_word' id='word_1_123' title='bbox 1224 1655 1320 1708; x_wconf 82' lang='grc' dir='ltr'><strong>καὶ</strong></span> <span class='ocrx_word' id='word_1_124' title='bbox 1350 1653 1608 1724; x_wconf 84' lang='grc' dir='ltr'><strong>ὼθήσεις,</strong></span> <span class='ocrx_word' id='word_1_125' title='bbox 1640 1651 1805 1712; x_wconf 77' lang='grc' dir='ltr'><strong>αὐτὸς</strong></span> 
     </span>
    </p>
   </div>
   <div class='ocr_carea' id='block_1_20' title="bbox 230 1743 1803 1818">
    <p class='ocr_par' dir='ltr' id='par_1_20' title="bbox 230 1743 1803 1818">
     <span class='ocr_line' id='line_1_20' title="bbox 230 1743 1803 1818; baseline -0.006 -15"><span class='ocrx_word' id='word_1_126' title='bbox 230 1753 332 1812; x_wconf 76' lang='grc' dir='ltr'><strong>μὲν</strong></span> <span class='ocrx_word' id='word_1_127' title='bbox 365 1750 659 1812; x_wconf 72' lang='grc' dir='ltr'><strong>πλείστους</strong></span> <span class='ocrx_word' id='word_1_128' title='bbox 687 1751 795 1802; x_wconf 84' lang='grc' dir='ltr'><strong>τῶν</strong></span> <span class='ocrx_word' id='word_1_129' title='bbox 822 1749 1097 1817; x_wconf 76' lang='grc' dir='ltr'><strong>πολεμίων</strong></span> <span class='ocrx_word' id='word_1_130' title='bbox 1127 1747 1469 1818; x_wconf 78' lang='grc' dir='ltr'><strong>κατήνεγκεν</strong></span> <span class='ocrx_word' id='word_1_131' title='bbox 1490 1761 1506 1777; x_wconf 86' lang='grc'><strong>·</strong></span> <span class='ocrx_word' id='word_1_132' title='bbox 1530 1745 1560 1796; x_wconf 89' lang='lat'><strong>6</strong></span> <span class='ocrx_word' id='word_1_133' title='bbox 1586 1743 1645 1796; x_wconf 76' lang='grc' dir='ltr'><strong>δὲ</strong></span> <span class='ocrx_word' id='word_1_134' title='bbox 1673 1743 1803 1813; x_wconf 80' lang='grc' dir='ltr'><strong>μήτ’</strong></span> 
     </span>
    </p>
   </div>
   <div class='ocr_carea' id='block_1_21' title="bbox 225 1814 1884 1911">
    <p class='ocr_par' dir='ltr' id='par_1_21' title="bbox 225 1814 1884 1911">
     <span class='ocr_line' id='line_1_21' title="bbox 225 1814 1884 1911; baseline -0.004 -18"><span class='ocrx_word' id='word_1_135' title='bbox 225 1843 431 1894; x_wconf 83' lang='grc' dir='ltr'><strong>ἀσπίδα</strong></span> <span class='ocrx_word' id='word_1_136' title='bbox 497 1842 635 1911; x_wconf 80' lang='grc' dir='ltr'><strong>μήτε</strong></span> <span class='ocrx_word' id='word_1_137' title='bbox 691 1841 844 1908; x_wconf 59' lang='grc' dir='ltr'><strong>ξίφος</strong></span> <span class='ocrx_word' id='word_1_138' title='bbox 897 1814 1191 1894; x_wconf 73' lang='grc' dir='ltr'><strong>ἀποϐαλὼν</strong></span> <span class='ocrx_word' id='word_1_139' title='bbox 1238 1814 1461 1906; x_wconf 60' lang='grc' dir='ltr'><strong>ἀπαθὴς</strong></span> <span class='ocrx_word' id='word_1_140' title='bbox 1488 1837 1582 1888; x_wconf 76' lang='grc' dir='ltr'><strong>τὸν</strong></span> <span class='ocrx_word' id='word_1_141' title='bbox 1619 1835 1806 1903; x_wconf 80' lang='grc' dir='ltr'><strong>ἀγῶνα</strong></span> <span class='ocrx_word' id='word_1_142' title='bbox 1841 1814 1884 1873; x_wconf 77' lang='grc' dir='ltr'><strong><em>Β</em></strong></span> 
     </span>
    </p>
   </div>
   <div class='ocr_carea' id='block_1_22' title="bbox 225 1928 1807 2001">
    <p class='ocr_par' dir='ltr' id='par_1_22' title="bbox 225 1928 1807 2001">
     <span class='ocr_line' id='line_1_22' title="bbox 225 1928 1807 2001; baseline -0.004 -17"><span class='ocrx_word' id='word_1_143' title='bbox 225 1933 505 2001; x_wconf 82' lang='grc' dir='ltr'><strong>διήνυσεν,</strong></span> <span class='ocrx_word' id='word_1_144' title='bbox 541 1931 734 2001; x_wconf 82' lang='grc' dir='ltr'><strong>ὥσπερ</strong></span> <span class='ocrx_word' id='word_1_145' title='bbox 764 1931 1000 2000; x_wconf 82' lang='grc' dir='ltr'><strong>κεκολλη</strong></span> <span class='ocrx_word' id='word_1_146' title='bbox 1011 1931 1172 2000; x_wconf 81' lang='grc' dir='ltr'><strong>μένος</strong></span> <span class='ocrx_word' id='word_1_147' title='bbox 1197 1931 1294 1983; x_wconf 77' lang='grc' dir='ltr'><strong>καὶ</strong></span> <span class='ocrx_word' id='word_1_148' title='bbox 1314 1929 1594 1998; x_wconf 79' lang='grc' dir='ltr'><strong>ἁκλόνητα</strong></span> <span class='ocrx_word' id='word_1_149' title='bbox 1637 1928 1807 1996; x_wconf 76' lang='grc' dir='ltr'><strong>ἡδρα-</strong></span> 
     </span>
    </p>
   </div>
   <div class='ocr_carea' id='block_1_23' title="bbox 229 2019 1809 2094">
    <p class='ocr_par' dir='ltr' id='par_1_23' title="bbox 229 2019 1809 2094">
     <span class='ocr_line' id='line_1_23' title="bbox 229 2019 1809 2094; baseline -0.003 -17"><span class='ocrx_word' id='word_1_150' title='bbox 229 2026 430 2093; x_wconf 81' lang='grc' dir='ltr'><strong>σμένος</strong></span> <span class='ocrx_word' id='word_1_151' title='bbox 460 2029 527 2094; x_wconf 76' lang='grc' dir='ltr'><strong>τῇ</strong></span> <span class='ocrx_word' id='word_1_152' title='bbox 559 2023 815 2076; x_wconf 75' lang='grc' dir='ltr'><strong>ὲπιδάσει</strong></span> <span class='ocrx_word' id='word_1_153' title='bbox 873 2022 966 2076; x_wconf 74' lang='grc' dir='ltr'><strong>τοῦ</strong></span> <span class='ocrx_word' id='word_1_154' title='bbox 1022 2024 1215 2076; x_wconf 77' lang='grc' dir='ltr'><strong>ίππου.</strong></span> <span class='ocrx_word' id='word_1_155' title='bbox 1265 2023 1376 2075; x_wconf 76' lang='grc' dir='ltr'><strong>Καὶ</strong></span> <span class='ocrx_word' id='word_1_156' title='bbox 1399 2021 1651 2091; x_wconf 80' lang='grc' dir='ltr'><strong>δεύτερος</strong></span> <span class='ocrx_word' id='word_1_157' title='bbox 1689 2019 1809 2090; x_wconf 79' lang='grc' dir='ltr'><strong>μετ’</strong></span> 
     </span>
    </p>
   </div>
   <div class='ocr_carea' id='block_1_24' title="bbox 228 2112 1808 2186">
    <p class='ocr_par' dir='ltr' id='par_1_24' title="bbox 228 2112 1808 2186">
     <span class='ocr_line' id='line_1_24' title="bbox 228 2112 1808 2186; baseline -0.004 -17"><span class='ocrx_word' id='word_1_158' title='bbox 228 2117 394 2169; x_wconf 67' lang='grc' dir='ltr'><strong>αὐτον</strong></span> <span class='ocrx_word' id='word_1_159' title='bbox 439 2116 714 2186; x_wconf 81' lang='grc' dir='ltr'><strong>λαμπρῶς</strong></span> <span class='ocrx_word' id='word_1_160' title='bbox 764 2116 1076 2184; x_wconf 71' lang='grc' dir='ltr'><strong>ἠγωνίσατο</strong></span> <span class='ocrx_word' id='word_1_161' title='bbox 1125 2114 1589 2185; x_wconf 76' lang='grc' dir='ltr'><strong>Πρωτοσέὗαστος</strong></span> <span class='ocrx_word' id='word_1_162' title='bbox 1636 2115 1666 2166; x_wconf 87' lang='lat'><strong>6</strong></span> <span class='ocrx_word' id='word_1_163' title='bbox 1712 2112 1808 2164; x_wconf 69' lang='grc' dir='ltr'><strong>τοῦ</strong></span> 
     </span>
    </p>
   </div>
   <div class='ocr_carea' id='block_1_25' title="bbox 229 2206 1811 2278">
    <p class='ocr_par' dir='ltr' id='par_1_25' title="bbox 229 2206 1811 2278">
     <span class='ocr_line' id='line_1_25' title="bbox 229 2206 1811 2278; baseline -0.003 -17"><span class='ocrx_word' id='word_1_164' title='bbox 229 2209 518 2278; x_wconf 81' lang='grc' dir='ltr'><strong>Καίσαρος</strong></span> <span class='ocrx_word' id='word_1_165' title='bbox 555 2208 655 2276; x_wconf 83' lang='grc' dir='ltr'><strong>μὲν</strong></span> <span class='ocrx_word' id='word_1_166' title='bbox 713 2209 826 2269; x_wconf 49' lang='lat' dir='ltr'><strong>uit;</strong></span> <span class='ocrx_word' id='word_1_167' title='bbox 855 2208 996 2277; x_wconf 64' lang='lat'><strong>(6-5),</strong></span> <span class='ocrx_word' id='word_1_168' title='bbox 1034 2208 1256 2275; x_wconf 75' lang='grc' dir='ltr'><strong>ἔγγονος</strong></span> <span class='ocrx_word' id='word_1_169' title='bbox 1302 2207 1362 2260; x_wconf 74' lang='grc' dir='ltr'><strong>δὲ</strong></span> <span class='ocrx_word' id='word_1_170' title='bbox 1391 2206 1486 2258; x_wconf 80' lang='grc' dir='ltr'><strong>τοῦ</strong></span> <span class='ocrx_word' id='word_1_171' title='bbox 1526 2206 1811 2276; x_wconf 83' lang='grc' dir='ltr'><strong>Πορφυρο-</strong></span> 
     </span>
    </p>
   </div>
   <div class='ocr_carea' id='block_1_26' title="bbox 232 2292 1812 2370">
    <p class='ocr_par' dir='ltr' id='par_1_26' title="bbox 232 2292 1812 2370">
     <span class='ocr_line' id='line_1_26' title="bbox 232 2292 1812 2370; baseline -0.003 -17"><span class='ocrx_word' id='word_1_172' title='bbox 232 2304 521 2370; x_wconf 77' lang='grc' dir='ltr'><strong>γεννήτου.</strong></span> <span class='ocrx_word' id='word_1_173' title='bbox 552 2292 724 2362; x_wconf 72' lang='grc' dir='ltr'><strong>Οὗτός</strong></span> <span class='ocrx_word' id='word_1_174' title='bbox 774 2317 832 2352; x_wconf 86' lang='grc' dir='ltr'><strong>τε</strong></span> <span class='ocrx_word' id='word_1_175' title='bbox 879 2301 987 2368; x_wconf 78' lang='grc' dir='ltr'><strong>γὰρ</strong></span> <span class='ocrx_word' id='word_1_176' title='bbox 1015 2299 1229 2360; x_wconf 81' lang='grc' dir='ltr'><strong>πολλοῖς</strong></span> <span class='ocrx_word' id='word_1_177' title='bbox 1259 2299 1596 2367; x_wconf 73' lang='grc' dir='ltr'><strong>περιπαρεὶς</strong></span> <span class='ocrx_word' id='word_1_178' title='bbox 1630 2298 1812 2366; x_wconf 81' lang='grc' dir='ltr'><strong>βέλεσι</strong></span> 
     </span>
    </p>
   </div>
   <div class='ocr_carea' id='block_1_27' title="bbox 231 2391 1814 2462">
    <p class='ocr_par' dir='ltr' id='par_1_27' title="bbox 231 2391 1814 2462">
     <span class='ocr_line' id='line_1_27' title="bbox 231 2391 1814 2462; baseline -0.004 -14"><span class='ocrx_word' id='word_1_179' title='bbox 231 2396 324 2448; x_wconf 58' lang='grc' dir='ltr'><strong>καὶ⁵</strong></span> <span class='ocrx_word' id='word_1_180' title='bbox 359 2396 456 2445; x_wconf 76' lang='grc' dir='ltr'><strong>τον</strong></span> <span class='ocrx_word' id='word_1_181' title='bbox 487 2393 654 2445; x_wconf 77' lang='grc' dir='ltr'><strong>ἵππον</strong></span> <span class='ocrx_word' id='word_1_182' title='bbox 688 2392 834 2462; x_wconf 73' lang='grc' dir='ltr'><strong>ὀρῶν</strong></span> <span class='ocrx_word' id='word_1_183' title='bbox 869 2391 1219 2462; x_wconf 79' lang='grc' dir='ltr'><strong>πανταχόθεν</strong></span> <span class='ocrx_word' id='word_1_184' title='bbox 1252 2393 1367 2454; x_wconf 86' lang='grc' dir='ltr'><strong>τοῖς</strong></span> <span class='ocrx_word' id='word_1_185' title='bbox 1396 2391 1686 2459; x_wconf 85' lang='grc' dir='ltr'><strong>πολεμίοις</strong></span> <span class='ocrx_word' id='word_1_186' title='bbox 1714 2407 1814 2443; x_wconf 89' lang='grc' dir='ltr'><strong>κα-</strong></span> 
     </span>
    </p>
   </div>
   <div class='ocr_carea' id='block_1_28' title="bbox 232 2484 1814 2554">
    <p class='ocr_par' dir='ltr' id='par_1_28' title="bbox 232 2484 1814 2554">
     <span class='ocr_line' id='line_1_28' title="bbox 232 2484 1814 2554; baseline -0.003 -14"><span class='ocrx_word' id='word_1_187' title='bbox 232 2485 644 2554; x_wconf 78' lang='grc' dir='ltr'><strong>τακοπτόμενον</strong></span> <span class='ocrx_word' id='word_1_188' title='bbox 671 2486 906 2551; x_wconf 77' lang='grc' dir='ltr'><strong>ξίφεσιν,</strong></span> <span class='ocrx_word' id='word_1_189' title='bbox 935 2484 1010 2548; x_wconf 83' lang='grc' dir='ltr'><strong>ὡς</strong></span> <span class='ocrx_word' id='word_1_190' title='bbox 1043 2485 1248 2537; x_wconf 73' lang='grc' dir='ltr'><strong>καὶτὸν</strong></span> <span class='ocrx_word' id='word_1_191' title='bbox 1275 2485 1375 2553; x_wconf 81' lang='grc' dir='ltr'><strong>τῆς</strong></span> <span class='ocrx_word' id='word_1_192' title='bbox 1403 2484 1647 2552; x_wconf 77' lang='grc' dir='ltr'><strong>κεφαλῆς</strong></span> <span class='ocrx_word' id='word_1_193' title='bbox 1682 2500 1814 2554; x_wconf 69' lang='lat' dir='ltr'><strong>pus-</strong></span> 
     </span>
    </p>
   </div>
   <div class='ocr_carea' id='block_1_29' title="bbox 233 2574 1813 2647">
    <p class='ocr_par' dir='ltr' id='par_1_29' title="bbox 233 2574 1813 2647">
     <span class='ocr_line' id='line_1_29' title="bbox 233 2574 1813 2647; baseline -0.004 -17"><span class='ocrx_word' id='word_1_194' title='bbox 233 2580 323 2633; x_wconf 65' lang='grc' dir='ltr'><strong>λον</strong></span> <span class='ocrx_word' id='word_1_195' title='bbox 353 2577 451 2646; x_wconf 81' lang='grc' dir='ltr'><strong>(ὡς</strong></span> <span class='ocrx_word' id='word_1_196' title='bbox 474 2578 673 2647; x_wconf 88' lang='grc' dir='ltr'><strong>εἰπεῖν)</strong></span> <span class='ocrx_word' id='word_1_197' title='bbox 704 2580 816 2639; x_wconf 87' lang='grc' dir='ltr'><strong>τοῖς</strong></span> <span class='ocrx_word' id='word_1_198' title='bbox 847 2575 1049 2642; x_wconf 76' lang='grc' dir='ltr'><strong>ἔξωθεν</strong></span> <span class='ocrx_word' id='word_1_199' title='bbox 1086 2575 1344 2644; x_wconf 80' lang='grc' dir='ltr'><strong>βλέπουσι</strong></span> <span class='ocrx_word' id='word_1_200' title='bbox 1367 2574 1657 2643; x_wconf 88' lang='grc' dir='ltr'><strong>φαίνεσθαι</strong></span> <span class='ocrx_word' id='word_1_201' title='bbox 1687 2575 1813 2645; x_wconf 73' lang='grc' dir='ltr'><strong>ἠδη,</strong></span> 
     </span>
    </p>
   </div>
   <div class='ocr_carea' id='block_1_30' title="bbox 233 2665 1812 2741">
    <p class='ocr_par' dir='ltr' id='par_1_30' title="bbox 233 2665 1812 2741">
     <span class='ocr_line' id='line_1_30' title="bbox 233 2665 1812 2741; baseline -0.006 -16"><span class='ocrx_word' id='word_1_202' title='bbox 233 2674 377 2726; x_wconf 76' lang='grc' dir='ltr'><strong>νῶτα</strong></span> <span class='ocrx_word' id='word_1_203' title='bbox 407 2675 517 2734; x_wconf 89' lang='grc' dir='ltr'><strong>τοῖς</strong></span> <span class='ocrx_word' id='word_1_204' title='bbox 539 2672 753 2741; x_wconf 83' lang='grc' dir='ltr'><strong>ἐχθροῖς</strong></span> <span class='ocrx_word' id='word_1_205' title='bbox 779 2672 878 2722; x_wconf 75' lang='grc' dir='ltr'><strong>οὐκ</strong></span> <span class='ocrx_word' id='word_1_206' title='bbox 906 2669 1168 2738; x_wconf 73' lang='grc' dir='ltr'><strong>ἠνέσχετο</strong></span> <span class='ocrx_word' id='word_1_207' title='bbox 1209 2667 1416 2721; x_wconf 76' lang='grc' dir='ltr'><strong>δοῦναι.</strong></span> <span class='ocrx_word' id='word_1_208' title='bbox 1443 2666 1555 2718; x_wconf 76' lang='grc' dir='ltr'><strong>Καὶ</strong></span> <span class='ocrx_word' id='word_1_209' title='bbox 1579 2668 1608 2718; x_wconf 89' lang='lat'><strong>6</strong></span> <span class='ocrx_word' id='word_1_210' title='bbox 1642 2665 1812 2729; x_wconf 85' lang='grc' dir='ltr'><strong>ῖππος</strong></span> 
     </span>
    </p>
   </div>
   <div class='ocr_carea' id='block_1_31' title="bbox 234 2747 1818 2833">
    <p class='ocr_par' dir='ltr' id='par_1_31' title="bbox 234 2747 1818 2833">
     <span class='ocr_line' id='line_1_31' title="bbox 234 2747 1818 2833; baseline -0.005 -16"><span class='ocrx_word' id='word_1_211' title='bbox 234 2765 278 2816; x_wconf 86' lang='grc' dir='ltr'><strong>δ’</strong></span> <span class='ocrx_word' id='word_1_212' title='bbox 313 2760 404 2826; x_wconf 74' lang='grc' dir='ltr'><strong>αὖ,</strong></span> <span class='ocrx_word' id='word_1_213' title='bbox 432 2763 621 2833; x_wconf 79' lang='grc' dir='ltr'><strong>ὥσπερ</strong></span> <span class='ocrx_word' id='word_1_214' title='bbox 667 2759 1246 2829; x_wconf 79' lang='grc' dir='ltr'><strong>ἀντιφιλοτιμούμενος</strong></span> <span class='ocrx_word' id='word_1_215' title='bbox 1290 2758 1369 2829; x_wconf 80' lang='grc' dir='ltr'><strong>τῷ</strong></span> <span class='ocrx_word' id='word_1_216' title='bbox 1400 2758 1657 2828; x_wconf 78' lang='grc' dir='ltr'><strong>δεσπότῃ,</strong></span> <span class='ocrx_word' id='word_1_217' title='bbox 1704 2747 1818 2810; x_wconf 70' lang='grc' dir='ltr'><strong>οὐδ’</strong></span> 
     </span>
    </p>
   </div>
   <div class='ocr_carea' id='block_1_32' title="bbox 236 2848 1818 2923">
    <p class='ocr_par' dir='ltr' id='par_1_32' title="bbox 236 2848 1818 2923">
     <span class='ocr_line' id='line_1_32' title="bbox 236 2848 1818 2923; baseline -0.006 -13"><span class='ocrx_word' id='word_1_218' title='bbox 236 2856 397 2919; x_wconf 60' lang='grc' dir='ltr'><strong>αᾷτδς</strong></span> <span class='ocrx_word' id='word_1_219' title='bbox 431 2858 617 2906; x_wconf 84' lang='grc' dir='ltr'><strong>πεσεῖν</strong></span> <span class='ocrx_word' id='word_1_220' title='bbox 665 2855 925 2923; x_wconf 66' lang='grc' dir='ltr'><strong>ἠνέσχετο</strong></span> <span class='ocrx_word' id='word_1_221' title='bbox 960 2852 1249 2922; x_wconf 79' lang='grc' dir='ltr'><strong>πρότερον,</strong></span> <span class='ocrx_word' id='word_1_222' title='bbox 1302 2851 1433 2918; x_wconf 84' lang='grc' dir='ltr'><strong>πρὶν</strong></span> <span class='ocrx_word' id='word_1_223' title='bbox 1459 2848 1625 2904; x_wconf 81' lang='grc' dir='ltr'><strong>αὐτὸν</strong></span> <span class='ocrx_word' id='word_1_224' title='bbox 1650 2849 1818 2903; x_wconf 76' lang='grc' dir='ltr'><strong>ἐκδα-</strong></span> 
     </span>
    </p>
   </div>
   <div class='ocr_carea' id='block_1_33' title="bbox 237 2940 1819 3013">
    <p class='ocr_par' dir='ltr' id='par_1_33' title="bbox 237 2940 1819 3013">
     <span class='ocr_line' id='line_1_33' title="bbox 237 2940 1819 3013; baseline -0.004 -13"><span class='ocrx_word' id='word_1_225' title='bbox 237 2949 352 3000; x_wconf 85' lang='grc' dir='ltr'><strong>λεῖν</strong></span> <span class='ocrx_word' id='word_1_226' title='bbox 384 2945 481 2998; x_wconf 82' lang='grc' dir='ltr'><strong>τοῦ</strong></span> <span class='ocrx_word' id='word_1_227' title='bbox 516 2944 756 3013; x_wconf 79' lang='grc' dir='ltr'><strong>πολέμου</strong></span> <span class='ocrx_word' id='word_1_228' title='bbox 795 2945 888 2996; x_wconf 74' lang='lat' dir='ltr'><strong>xal.</strong></span> <span class='ocrx_word' id='word_1_229' title='bbox 930 2942 1112 2994; x_wconf 76' lang='grc' dir='ltr'><strong>οἴκαδε</strong></span> <span class='ocrx_word' id='word_1_230' title='bbox 1143 2940 1427 3006; x_wconf 85' lang='grc' dir='ltr'><strong>διασῶσαι,</strong></span> <span class='ocrx_word' id='word_1_231' title='bbox 1475 2941 1637 2994; x_wconf 81' lang='grc' dir='ltr'><strong>κάκεῖ</strong></span> <span class='ocrx_word' id='word_1_232' title='bbox 1666 2941 1819 3010; x_wconf 78' lang='grc' dir='ltr'><strong>παρὰ</strong></span> 
     </span>
    </p>
   </div>
   <div class='ocr_carea' id='block_1_34' title="bbox 235 3032 1538 3104">
    <p class='ocr_par' dir='ltr' id='par_1_34' title="bbox 235 3032 1538 3104">
     <span class='ocr_line' id='line_1_34' title="bbox 235 3032 1538 3104; baseline -0.006 -12"><span class='ocrx_word' id='word_1_233' title='bbox 235 3041 338 3102; x_wconf 78' lang='grc' dir='ltr'><strong>τας</strong></span> <span class='ocrx_word' id='word_1_234' title='bbox 361 3037 454 3091; x_wconf 81' lang='grc' dir='ltr'><strong>τοῦ</strong></span> <span class='ocrx_word' id='word_1_235' title='bbox 487 3037 747 3089; x_wconf 76' lang='grc' dir='ltr'><strong>δεσπότου</strong></span> <span class='ocrx_word' id='word_1_236' title='bbox 779 3034 949 3104; x_wconf 84' lang='grc' dir='ltr'><strong>θύρας</strong></span> <span class='ocrx_word' id='word_1_237' title='bbox 974 3033 1311 3104; x_wconf 75' lang='grc' dir='ltr'><strong>ἐκμετρῆσαι</strong></span> <span class='ocrx_word' id='word_1_238' title='bbox 1331 3033 1392 3085; x_wconf 78' lang='grc' dir='ltr'><strong>τὺ</strong></span> <span class='ocrx_word' id='word_1_239' title='bbox 1418 3032 1538 3104; x_wconf 79' lang='grc' dir='ltr'><strong>ζῇν.</strong></span> 
     </span>
    </p>
   </div>
   <div class='ocr_carea' id='block_1_35' title="bbox 1906 542 3470 613">
    <p class='ocr_par' dir='ltr' id='par_1_35' title="bbox 1906 542 3470 613">
     <span class='ocr_line' id='line_1_35' title="bbox 1906 542 3470 613; baseline -0.002 -15"><span class='ocrx_word' id='word_1_240' title='bbox 1906 557 2024 599; x_wconf 91' lang='lat' dir='ltr'><strong>etra</strong></span> <span class='ocrx_word' id='word_1_241' title='bbox 2057 549 2267 602; x_wconf 87' lang='lat' dir='ltr'><strong>viribus</strong></span> <span class='ocrx_word' id='word_1_242' title='bbox 2293 552 2465 604; x_wconf 79' lang='lat' dir='ltr'><strong>inulto</strong></span> <span class='ocrx_word' id='word_1_243' title='bbox 2494 549 2851 604; x_wconf 75' lang='lat' dir='ltr'><strong>inferioribus</strong></span> <span class='ocrx_word' id='word_1_244' title='bbox 2892 546 3115 613; x_wconf 83' lang='lat' dir='ltr'><strong>adjutus</strong></span> <span class='ocrx_word' id='word_1_245' title='bbox 3162 542 3429 595; x_wconf 81' lang='lat' dir='ltr'><strong>devicerit</strong></span> <span class='ocrx_word' id='word_1_246' title='bbox 3457 560 3470 595; x_wconf 92' lang='lat'>:</span> 
     </span>
    </p>
   </div>
   <div class='ocr_carea' id='block_1_36' title="bbox 1905 633 3477 710">
    <p class='ocr_par' dir='ltr' id='par_1_36' title="bbox 1905 633 3477 710">
     <span class='ocr_line' id='line_1_36' title="bbox 1905 633 3477 710; baseline -0.003 -20"><span class='ocrx_word' id='word_1_247' title='bbox 1905 652 2016 706; x_wconf 92' lang='lat' dir='ltr'><strong>quo</strong></span> <span class='ocrx_word' id='word_1_248' title='bbox 2050 647 2294 708; x_wconf 83' lang='lat' dir='ltr'><strong>tempore</strong></span> <span class='ocrx_word' id='word_1_249' title='bbox 2329 640 2672 710; x_wconf 81' lang='lat' dir='ltr'><strong>Lysandrum</strong></span> <span class='ocrx_word' id='word_1_250' title='bbox 2705 640 2870 692; x_wconf 88' lang='lat' dir='ltr'><strong>etiam</strong></span> <span class='ocrx_word' id='word_1_251' title='bbox 2925 637 3119 704; x_wconf 89' lang='lat' dir='ltr'><strong>Sparta</strong></span> <span class='ocrx_word' id='word_1_252' title='bbox 3155 633 3293 686; x_wconf 87' lang='lat' dir='ltr'><strong>amis</strong></span> <span class='ocrx_word' id='word_1_253' title='bbox 3321 643 3339 684; x_wconf 93' lang='lat' dir='ltr'><strong>t</strong></span> <span class='ocrx_word' id='word_1_254' title='bbox 3364 671 3377 691; x_wconf 90' lang='lat'><strong>.</strong></span> <span class='ocrx_word' id='word_1_255' title='bbox 3423 641 3477 685; x_wconf 84' lang='lat' dir='ltr'><strong>et</strong></span> 
     </span>
    </p>
   </div>
   <div class='ocr_carea' id='block_1_37' title="bbox 1909 724 3474 800">
    <p class='ocr_par' dir='ltr' id='par_1_37' title="bbox 1909 724 3474 800">
     <span class='ocr_line' id='line_1_37' title="bbox 1909 724 3474 800; baseline -0.004 -17"><span class='ocrx_word' id='word_1_256' title='bbox 1909 745 2036 783; x_wconf 91' lang='lat' dir='ltr'><strong>cum</strong></span> <span class='ocrx_word' id='word_1_257' title='bbox 2098 731 2339 783; x_wconf 80' lang='lat' dir='ltr'><strong>maxime</strong></span> <span class='ocrx_word' id='word_1_258' title='bbox 2399 732 2604 800; x_wconf 91' lang='lat' dir='ltr'><strong>probro</strong></span> <span class='ocrx_word' id='word_1_259' title='bbox 2658 744 2913 798; x_wconf 74' lang='lat' dir='ltr'><strong>maguum</strong></span> <span class='ocrx_word' id='word_1_260' title='bbox 2951 728 3102 781; x_wconf 84' lang='lat' dir='ltr'><strong>illum</strong></span> <span class='ocrx_word' id='word_1_261' title='bbox 3161 724 3474 793; x_wconf 71' lang='lat' dir='ltr'><strong>Agesilaum</strong></span> 
     </span>
    </p>
   </div>
   <div class='ocr_carea' id='block_1_38' title="bbox 1913 816 3476 891">
    <p class='ocr_par' dir='ltr' id='par_1_38' title="bbox 1913 816 3476 891">
     <span class='ocr_line' id='line_1_38' title="bbox 1913 816 3476 891; baseline -0.005 -15"><span class='ocrx_word' id='word_1_262' title='bbox 1913 820 2220 891; x_wconf 75' lang='lat' dir='ltr'><strong>fugientem</strong></span> <span class='ocrx_word' id='word_1_263' title='bbox 2249 823 2492 891; x_wconf 85' lang='lat' dir='ltr'><strong>recepit;</strong></span> <span class='ocrx_word' id='word_1_264' title='bbox 2548 837 2613 875; x_wconf 88' lang='lat' dir='ltr'><strong>ac</strong></span> <span class='ocrx_word' id='word_1_265' title='bbox 2639 821 2860 874; x_wconf 87' lang='lat' dir='ltr'><strong>tandem</strong></span> <span class='ocrx_word' id='word_1_266' title='bbox 2887 857 2903 880; x_wconf 92' lang='lat'><strong>,</strong></span> <span class='ocrx_word' id='word_1_267' title='bbox 2935 821 3080 886; x_wconf 86' lang='lat' dir='ltr'><strong>quod</strong></span> <span class='ocrx_word' id='word_1_268' title='bbox 3140 816 3330 870; x_wconf 90' lang='lat' dir='ltr'><strong>multis</strong></span> <span class='ocrx_word' id='word_1_269' title='bbox 3373 830 3476 868; x_wconf 61' lang='grc' dir='ltr'><strong>διιο-</strong></span> 
     </span>
    </p>
   </div>
   <div class='ocr_carea' id='block_1_39' title="bbox 1909 909 3476 979">
    <p class='ocr_par' dir='ltr' id='par_1_39' title="bbox 1909 909 3476 979">
     <span class='ocr_line' id='line_1_39' title="bbox 1909 909 3476 979; baseline -0.003 -13"><span class='ocrx_word' id='word_1_270' title='bbox 1909 913 2051 966; x_wconf 90' lang='lat' dir='ltr'><strong>culis</strong></span> <span class='ocrx_word' id='word_1_271' title='bbox 2083 913 2290 967; x_wconf 79' lang='lat' dir='ltr'><strong>factum</strong></span> <span class='ocrx_word' id='word_1_272' title='bbox 2351 929 2462 968; x_wconf 91' lang='lat' dir='ltr'><strong>non</strong></span> <span class='ocrx_word' id='word_1_273' title='bbox 2494 923 2637 979; x_wconf 88' lang='lat' dir='ltr'><strong>erat,</strong></span> <span class='ocrx_word' id='word_1_274' title='bbox 2669 913 2925 967; x_wconf 75' lang='lat' dir='ltr'><strong>hostilem</strong></span> <span class='ocrx_word' id='word_1_275' title='bbox 2951 911 3159 963; x_wconf 74' lang='lat' dir='ltr'><strong>[unum</strong></span> <span class='ocrx_word' id='word_1_276' title='bbox 3195 909 3262 964; x_wconf 88' lang='lat' dir='ltr'><strong>ad</strong></span> <span class='ocrx_word' id='word_1_277' title='bbox 3301 911 3476 963; x_wconf 73' lang='lat' dir='ltr'><strong>Euro-</strong></span> 
     </span>
    </p>
   </div>
   <div class='ocr_carea' id='block_1_40' title="bbox 1907 1003 2270 1057">
    <p class='ocr_par' dir='ltr' id='par_1_40' title="bbox 1907 1003 2270 1057">
     <span class='ocr_line' id='line_1_40' title="bbox 1907 1003 2270 1057; baseline 0 -1"><span class='ocrx_word' id='word_1_278' title='bbox 1907 1012 2018 1057; x_wconf 86' lang='lat' dir='ltr'><strong>tam</strong></span> <span class='ocrx_word' id='word_1_279' title='bbox 2049 1003 2205 1056; x_wconf 90' lang='lat' dir='ltr'><strong>vidit.</strong></span> <span class='ocrx_word' id='word_1_280' title='bbox 2249 1023 2270 1056; x_wconf 71' lang='grc' dir='ltr'><strong>ι</strong></span> 
     </span>
    </p>
   </div>
   <div class='ocr_carea' id='block_1_41' title="bbox 1984 1196 3478 1253">
    <p class='ocr_par' dir='ltr' id='par_1_41' title="bbox 1984 1196 3478 1253">
     <span class='ocr_line' id='line_1_41' title="bbox 1984 1196 3478 1253; baseline -0.001 -2"><span class='ocrx_word' id='word_1_281' title='bbox 1984 1196 2050 1251; x_wconf 71' lang='grc' dir='ltr'><strong>ν.</strong></span> <span class='ocrx_word' id='word_1_282' title='bbox 2105 1197 2220 1251; x_wconf 83' lang='lat' dir='ltr'><strong>llac</strong></span> <span class='ocrx_word' id='word_1_283' title='bbox 2276 1199 2525 1253; x_wconf 89' lang='lat' dir='ltr'><strong>oratione</strong></span> <span class='ocrx_word' id='word_1_284' title='bbox 2571 1198 2883 1252; x_wconf 78' lang='lat' dir='ltr'><strong>conﬁrmati</strong></span> <span class='ocrx_word' id='word_1_285' title='bbox 2921 1214 3114 1251; x_wconf 86' lang='lat' dir='ltr'><strong>omnes</strong></span> <span class='ocrx_word' id='word_1_286' title='bbox 3151 1208 3378 1250; x_wconf 75' lang='lat' dir='ltr'><strong>strenue</strong></span> <span class='ocrx_word' id='word_1_287' title='bbox 3416 1214 3478 1249; x_wconf 91' lang='lat' dir='ltr'><strong>ac</strong></span> 
     </span>
    </p>
   </div>
   <div class='ocr_carea' id='block_1_42' title="bbox 1919 1287 3476 1357">
    <p class='ocr_par' dir='ltr' id='par_1_42' title="bbox 1919 1287 3476 1357">
     <span class='ocr_line' id='line_1_42' title="bbox 1919 1287 3476 1357; baseline 0.001 -17"><span class='ocrx_word' id='word_1_288' title='bbox 1919 1287 2157 1346; x_wconf 79' lang='lat' dir='ltr'><strong>fortiter,</strong></span> <span class='ocrx_word' id='word_1_289' title='bbox 2219 1299 2483 1353; x_wconf 90' lang='lat' dir='ltr'><strong>quantum</strong></span> <span class='ocrx_word' id='word_1_290' title='bbox 2545 1287 2601 1342; x_wconf 92' lang='lat' dir='ltr'><strong>in</strong></span> <span class='ocrx_word' id='word_1_291' title='bbox 2646 1290 2779 1357; x_wconf 83' lang='lat' dir='ltr'><strong>ipsis</strong></span> <span class='ocrx_word' id='word_1_292' title='bbox 2808 1297 2953 1353; x_wconf 88' lang='lat' dir='ltr'><strong>erat,</strong></span> <span class='ocrx_word' id='word_1_293' title='bbox 3005 1302 3240 1357; x_wconf 79' lang='lat' dir='ltr'><strong>pugnam</strong></span> <span class='ocrx_word' id='word_1_294' title='bbox 3283 1288 3476 1341; x_wconf 87' lang='lat' dir='ltr'><strong>ineunt</strong></span> 
     </span>
    </p>
   </div>
   <div class='ocr_carea' id='block_1_43' title="bbox 1919 1379 3480 1453">
    <p class='ocr_par' dir='ltr' id='par_1_43' title="bbox 1919 1379 3480 1453">
     <span class='ocr_line' id='line_1_43' title="bbox 1919 1379 3480 1453; baseline -0.001 -21"><span class='ocrx_word' id='word_1_295' title='bbox 1919 1380 2161 1453; x_wconf 86' lang='lat' dir='ltr'><strong>projeeta</strong></span> <span class='ocrx_word' id='word_1_296' title='bbox 2226 1380 2456 1434; x_wconf 80' lang='lat' dir='ltr'><strong>audacia</strong></span> <span class='ocrx_word' id='word_1_297' title='bbox 2525 1390 2583 1434; x_wconf 89' lang='lat' dir='ltr'><strong>et</strong></span> <span class='ocrx_word' id='word_1_298' title='bbox 2639 1379 2898 1434; x_wconf 74' lang='lat' dir='ltr'><strong>hostibus</strong></span> <span class='ocrx_word' id='word_1_299' title='bbox 2945 1394 3142 1434; x_wconf 89' lang='lat' dir='ltr'><strong>manus</strong></span> <span class='ocrx_word' id='word_1_300' title='bbox 3204 1379 3480 1432; x_wconf 89' lang='lat' dir='ltr'><strong>incutiunt</strong></span> 
     </span>
    </p>
   </div>
   <div class='ocr_carea' id='block_1_44' title="bbox 1917 1469 3483 1541">
    <p class='ocr_par' dir='ltr' id='par_1_44' title="bbox 1917 1469 3483 1541">
     <span class='ocr_line' id='line_1_44' title="bbox 1917 1469 3483 1541; baseline -0.002 -17"><span class='ocrx_word' id='word_1_301' title='bbox 1917 1473 2346 1526; x_wconf 75' lang='lat' dir='ltr'><strong>violentissimas</strong></span> <span class='ocrx_word' id='word_1_302' title='bbox 2373 1510 2390 1534; x_wconf 93' lang='lat'><strong>,</strong></span> <span class='ocrx_word' id='word_1_303' title='bbox 2454 1473 2713 1541; x_wconf 76' lang='lat' dir='ltr'><strong>parcendi</strong></span> <span class='ocrx_word' id='word_1_304' title='bbox 2780 1471 3041 1526; x_wconf 91' lang='lat' dir='ltr'><strong>videlicet</strong></span> <span class='ocrx_word' id='word_1_305' title='bbox 3091 1472 3306 1525; x_wconf 85' lang='lat' dir='ltr'><strong>nescias</strong></span> <span class='ocrx_word' id='word_1_306' title='bbox 3337 1481 3392 1523; x_wconf 92' lang='lat' dir='ltr'><strong>et</strong></span> <span class='ocrx_word' id='word_1_307' title='bbox 3427 1469 3483 1522; x_wconf 94' lang='lat' dir='ltr'><strong>in</strong></span> 
     </span>
    </p>
   </div>
   <div class='ocr_carea' id='block_1_45' title="bbox 1916 1563 3481 1631">
    <p class='ocr_par' dir='ltr' id='par_1_45' title="bbox 1916 1563 3481 1631">
     <span class='ocr_line' id='line_1_45' title="bbox 1916 1563 3481 1631; baseline -0.001 -12"><span class='ocrx_word' id='word_1_308' title='bbox 1916 1563 2122 1619; x_wconf 62' lang='lat' dir='ltr'><strong>caedem</strong></span> <span class='ocrx_word' id='word_1_309' title='bbox 2149 1563 2358 1617; x_wconf 79' lang='lat' dir='ltr'><strong>eﬂ’usas</strong></span> <span class='ocrx_word' id='word_1_310' title='bbox 2387 1581 2400 1615; x_wconf 92' lang='lat'>:</span> <span class='ocrx_word' id='word_1_311' title='bbox 2435 1563 2488 1615; x_wconf 92' lang='lat' dir='ltr'><strong>in</strong></span> <span class='ocrx_word' id='word_1_312' title='bbox 2531 1564 2725 1631; x_wconf 85' lang='lat' dir='ltr'><strong>primis</strong></span> <span class='ocrx_word' id='word_1_313' title='bbox 2771 1578 2901 1617; x_wconf 84' lang='lat' dir='ltr'><strong>vero</strong></span> <span class='ocrx_word' id='word_1_314' title='bbox 2949 1579 3180 1630; x_wconf 81' lang='lat' dir='ltr'><strong>magnus</strong></span> <span class='ocrx_word' id='word_1_315' title='bbox 3212 1563 3481 1617; x_wconf 86' lang='lat' dir='ltr'><strong>domesti-</strong></span> 
     </span>
    </p>
   </div>
   <div class='ocr_carea' id='block_1_46' title="bbox 1915 1654 3480 1724">
    <p class='ocr_par' dir='ltr' id='par_1_46' title="bbox 1915 1654 3480 1724">
     <span class='ocr_line' id='line_1_46' title="bbox 1915 1654 3480 1724; baseline 0.003 -16"><span class='ocrx_word' id='word_1_316' title='bbox 1915 1669 2015 1708; x_wconf 91' lang='lat' dir='ltr'><strong>cus</strong></span> <span class='ocrx_word' id='word_1_317' title='bbox 2059 1654 2517 1720; x_wconf 82' lang='lat' dir='ltr'><strong>Cantacuzenus,</strong></span> <span class='ocrx_word' id='word_1_318' title='bbox 2566 1656 2660 1724; x_wconf 84' lang='lat' dir='ltr'><strong>qui</strong></span> <span class='ocrx_word' id='word_1_319' title='bbox 2718 1657 2906 1710; x_wconf 86' lang='lat' dir='ltr'><strong>multis</strong></span> <span class='ocrx_word' id='word_1_320' title='bbox 2961 1657 3233 1723; x_wconf 82' lang='lat' dir='ltr'><strong>ensibus,</strong></span> <span class='ocrx_word' id='word_1_321' title='bbox 3293 1656 3480 1712; x_wconf 82' lang='lat' dir='ltr'><strong>multis</strong></span> 
     </span>
    </p>
   </div>
   <div class='ocr_carea' id='block_1_47' title="bbox 1919 1747 3478 1818">
    <p class='ocr_par' dir='ltr' id='par_1_47' title="bbox 1919 1747 3478 1818">
     <span class='ocr_line' id='line_1_47' title="bbox 1919 1747 3478 1818; baseline 0.002 -19"><span class='ocrx_word' id='word_1_322' title='bbox 1919 1747 2044 1802; x_wconf 86' lang='lat' dir='ltr'><strong>telis</strong></span> <span class='ocrx_word' id='word_1_323' title='bbox 2072 1747 2311 1800; x_wconf 88' lang='lat' dir='ltr'><strong>hostium</strong></span> <span class='ocrx_word' id='word_1_324' title='bbox 2348 1748 2558 1816; x_wconf 90' lang='lat' dir='ltr'><strong>petitus</strong></span> <span class='ocrx_word' id='word_1_325' title='bbox 2590 1756 2754 1816; x_wconf 82' lang='lat' dir='ltr'><strong>atque</strong></span> <span class='ocrx_word' id='word_1_326' title='bbox 2790 1748 3063 1817; x_wconf 87' lang='lat' dir='ltr'><strong>impulsus</strong></span> <span class='ocrx_word' id='word_1_327' title='bbox 3108 1750 3227 1818; x_wconf 87' lang='lat' dir='ltr'><strong>ipse</strong></span> <span class='ocrx_word' id='word_1_328' title='bbox 3254 1748 3478 1818; x_wconf 82' lang='lat' dir='ltr'><strong>quidem</strong></span> 
     </span>
    </p>
   </div>
   <div class='ocr_carea' id='block_1_48' title="bbox 1913 1839 3477 1912">
    <p class='ocr_par' dir='ltr' id='par_1_48' title="bbox 1913 1839 3477 1912">
     <span class='ocr_line' id='line_1_48' title="bbox 1913 1839 3477 1912; baseline 0.003 -20"><span class='ocrx_word' id='word_1_329' title='bbox 1913 1839 2188 1909; x_wconf 87' lang='lat' dir='ltr'><strong>plurimos</strong></span> <span class='ocrx_word' id='word_1_330' title='bbox 2257 1839 2446 1892; x_wconf 82' lang='lat' dir='ltr'><strong>hostes</strong></span> <span class='ocrx_word' id='word_1_331' title='bbox 2495 1840 2827 1908; x_wconf 85' lang='lat' dir='ltr'><strong>prostravit;</strong></span> <span class='ocrx_word' id='word_1_332' title='bbox 2877 1841 2974 1894; x_wconf 83' lang='lat' dir='ltr'><strong>sed</strong></span> <span class='ocrx_word' id='word_1_333' title='bbox 3032 1857 3211 1910; x_wconf 86' lang='lat' dir='ltr'><strong>neque</strong></span> <span class='ocrx_word' id='word_1_334' title='bbox 3262 1842 3477 1912; x_wconf 76' lang='lat' dir='ltr'><strong>clypeo,</strong></span> 
     </span>
    </p>
   </div>
   <div class='ocr_carea' id='block_1_49' title="bbox 1911 1929 3473 2000">
    <p class='ocr_par' dir='ltr' id='par_1_49' title="bbox 1911 1929 3473 2000">
     <span class='ocr_line' id='line_1_49' title="bbox 1911 1929 3473 2000; baseline 0.001 -18"><span class='ocrx_word' id='word_1_335' title='bbox 1911 1944 2092 1999; x_wconf 88' lang='lat' dir='ltr'><strong>neque</strong></span> <span class='ocrx_word' id='word_1_336' title='bbox 2130 1929 2314 1999; x_wconf 74' lang='lat' dir='ltr'><strong>gladio</strong></span> <span class='ocrx_word' id='word_1_337' title='bbox 2381 1930 2583 1984; x_wconf 89' lang='lat' dir='ltr'><strong>amisso</strong></span> <span class='ocrx_word' id='word_1_338' title='bbox 2626 1930 2922 1984; x_wconf 90' lang='lat' dir='ltr'><strong>incolumis</strong></span> <span class='ocrx_word' id='word_1_339' title='bbox 2959 1945 2992 1985; x_wconf 89' lang='lat' dir='ltr'><strong>e</strong></span> <span class='ocrx_word' id='word_1_340' title='bbox 3044 1932 3235 2000; x_wconf 71' lang='lat' dir='ltr'><strong>praelio</strong></span> <span class='ocrx_word' id='word_1_341' title='bbox 3273 1931 3473 1993; x_wconf 84' lang='lat' dir='ltr'><strong>evasit,</strong></span> 
     </span>
    </p>
   </div>
   <div class='ocr_carea' id='block_1_50' title="bbox 1912 2022 3481 2092">
    <p class='ocr_par' dir='ltr' id='par_1_50' title="bbox 1912 2022 3481 2092">
     <span class='ocr_line' id='line_1_50' title="bbox 1912 2022 3481 2092; baseline 0 -15"><span class='ocrx_word' id='word_1_342' title='bbox 1912 2023 2068 2078; x_wconf 85' lang='lat' dir='ltr'><strong>velut</strong></span> <span class='ocrx_word' id='word_1_343' title='bbox 2106 2022 2478 2092; x_wconf 71' lang='lat' dir='ltr'><strong>agglutinatus</strong></span> <span class='ocrx_word' id='word_1_344' title='bbox 2517 2022 2646 2090; x_wconf 85' lang='lat' dir='ltr'><strong>equi</strong></span> <span class='ocrx_word' id='word_1_345' title='bbox 2706 2022 2872 2076; x_wconf 86' lang='lat' dir='ltr'><strong>dorso</strong></span> <span class='ocrx_word' id='word_1_346' title='bbox 2903 2033 2960 2076; x_wconf 90' lang='lat' dir='ltr'><strong>et</strong></span> <span class='ocrx_word' id='word_1_347' title='bbox 2998 2023 3295 2078; x_wconf 82' lang='lat' dir='ltr'><strong>immobilis</strong></span> <span class='ocrx_word' id='word_1_348' title='bbox 3349 2025 3481 2077; x_wconf 85' lang='lat' dir='ltr'><strong>insi-</strong></span> 
     </span>
    </p>
   </div>
   <div class='ocr_carea' id='block_1_51' title="bbox 1912 2114 3483 2170">
    <p class='ocr_par' dir='ltr' id='par_1_51' title="bbox 1912 2114 3483 2170">
     <span class='ocr_line' id='line_1_51' title="bbox 1912 2114 3483 2170; baseline 0 0"><span class='ocrx_word' id='word_1_349' title='bbox 1912 2115 2070 2170; x_wconf 82' lang='lat' dir='ltr'><strong>dens.</strong></span> <span class='ocrx_word' id='word_1_350' title='bbox 2119 2114 2409 2169; x_wconf 88' lang='lat' dir='ltr'><strong>Secundus</strong></span> <span class='ocrx_word' id='word_1_351' title='bbox 2447 2115 2522 2168; x_wconf 83' lang='lat' dir='ltr'><strong>illi</strong></span> <span class='ocrx_word' id='word_1_352' title='bbox 2567 2124 2794 2169; x_wconf 82' lang='lat' dir='ltr'><strong>strenue</strong></span> <span class='ocrx_word' id='word_1_353' title='bbox 2821 2116 3107 2170; x_wconf 72' lang='lat' dir='ltr'><strong>dimicavit</strong></span> <span class='ocrx_word' id='word_1_354' title='bbox 3152 2118 3483 2170; x_wconf 72' lang='lat' dir='ltr'><strong>Protuscba-</strong></span> 
     </span>
    </p>
   </div>
   <div class='ocr_carea' id='block_1_52' title="bbox 1917 2206 3486 2275">
    <p class='ocr_par' dir='ltr' id='par_1_52' title="bbox 1917 2206 3486 2275">
     <span class='ocr_line' id='line_1_52' title="bbox 1917 2206 3486 2275; baseline -0.001 -13"><span class='ocrx_word' id='word_1_355' title='bbox 1917 2219 2058 2270; x_wconf 85' lang='lat' dir='ltr'><strong>stus,</strong></span> <span class='ocrx_word' id='word_1_356' title='bbox 2089 2207 2320 2263; x_wconf 70' lang='lat' dir='ltr'><strong>Cazsaris</strong></span> <span class='ocrx_word' id='word_1_357' title='bbox 2339 2206 2504 2270; x_wconf 80' lang='lat' dir='ltr'><strong>ﬁlius,</strong></span> <span class='ocrx_word' id='word_1_358' title='bbox 2545 2207 3000 2275; x_wconf 73' lang='lat' dir='ltr'><strong>l‘orphyrogeniti</strong></span> <span class='ocrx_word' id='word_1_359' title='bbox 3029 2222 3217 2275; x_wconf 87' lang='lat' dir='ltr'><strong>nepos.</strong></span> <span class='ocrx_word' id='word_1_360' title='bbox 3256 2208 3387 2260; x_wconf 69' lang='lat' dir='ltr'><strong>Nam</strong></span> <span class='ocrx_word' id='word_1_361' title='bbox 3426 2218 3486 2260; x_wconf 89' lang='lat' dir='ltr'><strong>et</strong></span> 
     </span>
    </p>
   </div>
   <div class='ocr_carea' id='block_1_53' title="bbox 1916 2298 3481 2366">
    <p class='ocr_par' dir='ltr' id='par_1_53' title="bbox 1916 2298 3481 2366">
     <span class='ocr_line' id='line_1_53' title="bbox 1916 2298 3481 2366; baseline -0.002 -13"><span class='ocrx_word' id='word_1_362' title='bbox 1916 2300 2008 2353; x_wconf 91' lang='lat' dir='ltr'><strong>hic</strong></span> <span class='ocrx_word' id='word_1_363' title='bbox 2054 2298 2242 2351; x_wconf 89' lang='lat' dir='ltr'><strong>multis</strong></span> <span class='ocrx_word' id='word_1_364' title='bbox 2274 2298 2520 2366; x_wconf 85' lang='lat' dir='ltr'><strong>undique</strong></span> <span class='ocrx_word' id='word_1_365' title='bbox 2556 2298 2679 2350; x_wconf 84' lang='lat' dir='ltr'><strong>telis</strong></span> <span class='ocrx_word' id='word_1_366' title='bbox 2718 2300 2984 2360; x_wconf 74' lang='lat' dir='ltr'><strong>conlisus,</strong></span> <span class='ocrx_word' id='word_1_367' title='bbox 3026 2314 3170 2366; x_wconf 90' lang='lat' dir='ltr'><strong>equo</strong></span> <span class='ocrx_word' id='word_1_368' title='bbox 3217 2298 3385 2351; x_wconf 89' lang='lat' dir='ltr'><strong>etiam</strong></span> <span class='ocrx_word' id='word_1_369' title='bbox 3418 2314 3481 2350; x_wconf 77' lang='lat' dir='ltr'><strong>ex</strong></span> 
     </span>
    </p>
   </div>
   <div class='ocr_carea' id='block_1_54' title="bbox 1913 2388 3488 2458">
    <p class='ocr_par' dir='ltr' id='par_1_54' title="bbox 1913 2388 3488 2458">
     <span class='ocr_line' id='line_1_54' title="bbox 1913 2388 3488 2458; baseline -0.003 -14"><span class='ocrx_word' id='word_1_370' title='bbox 1913 2391 2065 2445; x_wconf 90' lang='lat' dir='ltr'><strong>omni</strong></span> <span class='ocrx_word' id='word_1_371' title='bbox 2119 2397 2274 2458; x_wconf 88' lang='lat' dir='ltr'><strong>parte</strong></span> <span class='ocrx_word' id='word_1_372' title='bbox 2331 2388 2627 2443; x_wconf 89' lang='lat' dir='ltr'><strong>hostilibus</strong></span> <span class='ocrx_word' id='word_1_373' title='bbox 2677 2389 2904 2442; x_wconf 70' lang='lat' dir='ltr'><strong>ensibus</strong></span> <span class='ocrx_word' id='word_1_374' title='bbox 2948 2391 3270 2452; x_wconf 87' lang='lat' dir='ltr'><strong>vulnerato,</strong></span> <span class='ocrx_word' id='word_1_375' title='bbox 3322 2399 3379 2441; x_wconf 91' lang='lat' dir='ltr'><strong>ut</strong></span> <span class='ocrx_word' id='word_1_376' title='bbox 3429 2402 3488 2440; x_wconf 79' lang='lat' dir='ltr'><strong>et</strong></span> 
     </span>
    </p>
   </div>
   <div class='ocr_carea' id='block_1_55' title="bbox 1914 2481 3488 2550">
    <p class='ocr_par' dir='ltr' id='par_1_55' title="bbox 1914 2481 3488 2550">
     <span class='ocr_line' id='line_1_55' title="bbox 1914 2481 3488 2550; baseline -0.001 -14"><span class='ocrx_word' id='word_1_377' title='bbox 1914 2482 2204 2536; x_wconf 87' lang='lat' dir='ltr'><strong>cerebrum</strong></span> <span class='ocrx_word' id='word_1_378' title='bbox 2253 2481 2374 2550; x_wconf 87' lang='lat' dir='ltr'><strong>ejus</strong></span> <span class='ocrx_word' id='word_1_379' title='bbox 2404 2489 2639 2550; x_wconf 82' lang='lat' dir='ltr'><strong>pateret,</strong></span> <span class='ocrx_word' id='word_1_380' title='bbox 2677 2481 2928 2535; x_wconf 89' lang='lat' dir='ltr'><strong>hostibus</strong></span> <span class='ocrx_word' id='word_1_381' title='bbox 2961 2492 3171 2550; x_wconf 76' lang='lat' dir='ltr'><strong>tergum</strong></span> <span class='ocrx_word' id='word_1_382' title='bbox 3205 2482 3338 2537; x_wconf 89' lang='lat' dir='ltr'><strong>dare</strong></span> <span class='ocrx_word' id='word_1_383' title='bbox 3387 2497 3488 2535; x_wconf 80' lang='lat' dir='ltr'><strong>no-</strong></span> 
     </span>
    </p>
   </div>
   <div class='ocr_carea' id='block_1_56' title="bbox 1917 2572 3485 2646">
    <p class='ocr_par' dir='ltr' id='par_1_56' title="bbox 1917 2572 3485 2646">
     <span class='ocr_line' id='line_1_56' title="bbox 1917 2572 3485 2646; baseline -0.001 -19"><span class='ocrx_word' id='word_1_384' title='bbox 1917 2573 2040 2627; x_wconf 89' lang='lat' dir='ltr'><strong>luit.</strong></span> <span class='ocrx_word' id='word_1_385' title='bbox 2085 2572 2251 2646; x_wconf 63' lang='grc'><strong>487</strong></span> <span class='ocrx_word' id='word_1_386' title='bbox 2300 2573 2492 2640; x_wconf 84' lang='lat' dir='ltr'><strong>Equus</strong></span> <span class='ocrx_word' id='word_1_387' title='bbox 2530 2573 2660 2626; x_wconf 86' lang='lat' dir='ltr'><strong>item</strong></span> <span class='ocrx_word' id='word_1_388' title='bbox 2699 2573 2842 2646; x_wconf 72' lang='lat' dir='ltr'><strong>eius,</strong></span> <span class='ocrx_word' id='word_1_389' title='bbox 2871 2573 3038 2626; x_wconf 88' lang='lat' dir='ltr'><strong>veluti</strong></span> <span class='ocrx_word' id='word_1_390' title='bbox 3089 2588 3215 2627; x_wconf 90' lang='lat' dir='ltr'><strong>cum</strong></span> <span class='ocrx_word' id='word_1_391' title='bbox 3268 2588 3485 2627; x_wconf 82' lang='lat' dir='ltr'><strong>sessore</strong></span> 
     </span>
    </p>
   </div>
   <div class='ocr_carea' id='block_1_57' title="bbox 1917 2663 3488 2732">
    <p class='ocr_par' dir='ltr' id='par_1_57' title="bbox 1917 2663 3488 2732">
     <span class='ocr_line' id='line_1_57' title="bbox 1917 2663 3488 2732; baseline -0.001 -14"><span class='ocrx_word' id='word_1_392' title='bbox 1917 2665 1986 2718; x_wconf 90' lang='lat' dir='ltr'><strong>de</strong></span> <span class='ocrx_word' id='word_1_393' title='bbox 2041 2665 2216 2732; x_wconf 67' lang='lat' dir='ltr'><strong>gloria</strong></span> <span class='ocrx_word' id='word_1_394' title='bbox 2265 2673 2527 2728; x_wconf 88' lang='lat' dir='ltr'><strong>certans,</strong></span> <span class='ocrx_word' id='word_1_395' title='bbox 2574 2679 2686 2716; x_wconf 89' lang='lat' dir='ltr'><strong>non</strong></span> <span class='ocrx_word' id='word_1_396' title='bbox 2743 2665 2895 2731; x_wconf 87' lang='lat' dir='ltr'><strong>prius</strong></span> <span class='ocrx_word' id='word_1_397' title='bbox 2945 2663 3143 2718; x_wconf 84' lang='lat' dir='ltr'><strong>cadere</strong></span> <span class='ocrx_word' id='word_1_398' title='bbox 3200 2665 3488 2724; x_wconf 80' lang='lat' dir='ltr'><strong>sustinuit,</strong></span> 
     </span>
    </p>
   </div>
   <div class='ocr_carea' id='block_1_58' title="bbox 1919 2755 3489 2826">
    <p class='ocr_par' dir='ltr' id='par_1_58' title="bbox 1919 2755 3489 2826">
     <span class='ocr_line' id='line_1_58' title="bbox 1919 2755 3489 2826; baseline 0.001 -18"><span class='ocrx_word' id='word_1_399' title='bbox 1919 2774 2083 2826; x_wconf 90' lang='lat' dir='ltr'><strong>quam</strong></span> <span class='ocrx_word' id='word_1_400' title='bbox 2117 2771 2246 2810; x_wconf 91' lang='lat' dir='ltr'><strong>eum</strong></span> <span class='ocrx_word' id='word_1_401' title='bbox 2281 2771 2312 2808; x_wconf 90' lang='lat' dir='ltr'><strong>e</strong></span> <span class='ocrx_word' id='word_1_402' title='bbox 2348 2771 2527 2824; x_wconf 79' lang='lat' dir='ltr'><strong>pugna</strong></span> <span class='ocrx_word' id='word_1_403' title='bbox 2576 2755 2866 2808; x_wconf 77' lang='lat' dir='ltr'><strong>extulisset</strong></span> <span class='ocrx_word' id='word_1_404' title='bbox 2903 2765 2963 2810; x_wconf 84' lang='lat' dir='ltr'><strong>et</strong></span> <span class='ocrx_word' id='word_1_405' title='bbox 3009 2756 3231 2809; x_wconf 89' lang='lat' dir='ltr'><strong>domum</strong></span> <span class='ocrx_word' id='word_1_406' title='bbox 3273 2756 3489 2810; x_wconf 85' lang='lat' dir='ltr'><strong>incolu-</strong></span> 
     </span>
    </p>
   </div>
   <div class='ocr_carea' id='block_1_59' title="bbox 1920 2847 3492 2917">
    <p class='ocr_par' dir='ltr' id='par_1_59' title="bbox 1920 2847 3492 2917">
     <span class='ocr_line' id='line_1_59' title="bbox 1920 2847 3492 2917; baseline 0.002 -14"><span class='ocrx_word' id='word_1_407' title='bbox 1920 2865 2064 2903; x_wconf 83' lang='lat' dir='ltr'><strong>mem</strong></span> <span class='ocrx_word' id='word_1_408' title='bbox 2121 2857 2478 2917; x_wconf 86' lang='lat' dir='ltr'><strong>reportasset.</strong></span> <span class='ocrx_word' id='word_1_409' title='bbox 2537 2847 2615 2900; x_wconf 92' lang='lat' dir='ltr'><strong>lbi</strong></span> <span class='ocrx_word' id='word_1_410' title='bbox 2667 2847 2888 2902; x_wconf 87' lang='lat' dir='ltr'><strong>demum</strong></span> <span class='ocrx_word' id='word_1_411' title='bbox 2937 2857 3064 2902; x_wconf 83' lang='lat' dir='ltr'><strong>ante</strong></span> <span class='ocrx_word' id='word_1_412' title='bbox 3095 2848 3301 2903; x_wconf 86' lang='lat' dir='ltr'><strong>domini</strong></span> <span class='ocrx_word' id='word_1_413' title='bbox 3347 2849 3492 2906; x_wconf 65' lang='lat' dir='ltr'><strong>fore!</strong></span> 
     </span>
    </p>
   </div>
   <div class='ocr_carea' id='block_1_60' title="bbox 1918 2942 2244 3011">
    <p class='ocr_par' dir='ltr' id='par_1_60' title="bbox 1918 2942 2244 3011">
     <span class='ocr_line' id='line_1_60' title="bbox 1918 2942 2244 3011; baseline 0 -16"><span class='ocrx_word' id='word_1_414' title='bbox 1918 2942 2244 3011; x_wconf 79' lang='lat' dir='ltr'><strong>exspiravit.</strong></span> 
     </span>
    </p>
   </div>
   <div class='ocr_carea' id='block_1_61' title="bbox 312 3124 1989 3210">
    <p class='ocr_par' dir='ltr' id='par_1_61' title="bbox 312 3124 1888 3210">
     <span class='ocr_line' id='line_1_61' title="bbox 312 3124 1888 3210; baseline -0.004 -25"><span class='ocrx_word' id='word_1_415' title='bbox 312 3133 404 3196; x_wconf 69' lang='grc' dir='ltr'><strong>ς’.</strong></span> <span class='ocrx_word' id='word_1_416' title='bbox 452 3130 604 3184; x_wconf 83' lang='grc' dir='ltr'><strong>Ἐπεί</strong></span> <span class='ocrx_word' id='word_1_417' title='bbox 637 3146 701 3197; x_wconf 87' lang='grc' dir='ltr'><strong>γε</strong></span> <span class='ocrx_word' id='word_1_418' title='bbox 744 3128 848 3197; x_wconf 79' lang='grc' dir='ltr'><strong>μὴν</strong></span> <span class='ocrx_word' id='word_1_419' title='bbox 873 3127 1010 3190; x_wconf 82' lang='grc' dir='ltr'><strong>τέως</strong></span> <span class='ocrx_word' id='word_1_420' title='bbox 1039 3128 1163 3188; x_wconf 72' lang='grc' dir='ltr'><strong>τοὺς</strong></span> <span class='ocrx_word' id='word_1_421' title='bbox 1194 3126 1490 3195; x_wconf 85' lang='grc' dir='ltr'><strong>πολεμίους</strong></span> <span class='ocrx_word' id='word_1_422' title='bbox 1521 3124 1822 3180; x_wconf 76' lang='grc' dir='ltr'><strong>ἐθεάσαντο</strong></span> <span class='ocrx_word' id='word_1_423' title='bbox 1844 3152 1888 3210; x_wconf 77' lang='lat' dir='ltr'><strong>c</strong></span> 
     </span>
    </p>
   </div>
   <div class='ocr_carea' id='block_1_62' title="bbox 1818 3124 3495 3210">
    <p class='ocr_par' dir='ltr' id='par_1_62' title="bbox 1818 3137 3495 3210">
     <span class='ocr_line' id='line_1_62' title="bbox 1818 3137 3495 3210; baseline 0.004 -19"><span class='ocrx_word' id='word_1_424' title='bbox 1818 3149 1888 3210; x_wconf 51' lang='lat' dir='ltr'><strong>lc</strong></span> <span class='ocrx_word' id='word_1_425' title='bbox 1990 3137 2079 3192; x_wconf 71' lang='lat' dir='ltr'><strong>VI.</strong></span> <span class='ocrx_word' id='word_1_426' title='bbox 2122 3137 2228 3192; x_wconf 91' lang='lat' dir='ltr'><strong>Sed</strong></span> <span class='ocrx_word' id='word_1_427' title='bbox 2257 3153 2381 3192; x_wconf 88' lang='lat' dir='ltr'><strong>cum</strong></span> <span class='ocrx_word' id='word_1_428' title='bbox 2421 3139 2634 3193; x_wconf 85' lang='lat' dir='ltr'><strong>hostem</strong></span> <span class='ocrx_word' id='word_1_429' title='bbox 2685 3149 2975 3194; x_wconf 87' lang='lat' dir='ltr'><strong>cernerent</strong></span> <span class='ocrx_word' id='word_1_430' title='bbox 3011 3143 3062 3194; x_wconf 92' lang='lat' dir='ltr'><strong>in</strong></span> <span class='ocrx_word' id='word_1_431' title='bbox 3100 3141 3152 3196; x_wconf 91' lang='lat' dir='ltr'><strong>id</strong></span> <span class='ocrx_word' id='word_1_432' title='bbox 3189 3143 3315 3198; x_wconf 90' lang='lat' dir='ltr'><strong>totis</strong></span> <span class='ocrx_word' id='word_1_433' title='bbox 3359 3144 3495 3198; x_wconf 81' lang='lat' dir='ltr'><strong>viri-</strong></span> 
     </span>
    </p>
   </div>
   <div class='ocr_carea' id='block_1_63' title="bbox 242 3215 1820 3294">
    <p class='ocr_par' dir='ltr' id='par_1_63' title="bbox 242 3215 1820 3294">
     <span class='ocr_line' id='line_1_63' title="bbox 242 3215 1820 3294; baseline -0.004 -18"><span class='ocrx_word' id='word_1_434' title='bbox 242 3223 600 3294; x_wconf 77' lang='grc' dir='ltr'><strong>βιαζομένους</strong></span> <span class='ocrx_word' id='word_1_435' title='bbox 638 3218 1198 3289; x_wconf 77' lang='grc' dir='ltr'><strong>προκαταλαμϐάνειν</strong></span> <span class='ocrx_word' id='word_1_436' title='bbox 1232 3218 1323 3270; x_wconf 82' lang='grc' dir='ltr'><strong>τὸν</strong></span> <span class='ocrx_word' id='word_1_437' title='bbox 1345 3218 1528 3285; x_wconf 82' lang='grc' dir='ltr'><strong>λόφον,</strong></span> <span class='ocrx_word' id='word_1_438' title='bbox 1559 3215 1702 3270; x_wconf 75' lang='grc' dir='ltr'><strong>ὥστε</strong></span> <span class='ocrx_word' id='word_1_439' title='bbox 1724 3218 1820 3271; x_wconf 79' lang='grc' dir='ltr'><strong>καὶ</strong></span> 
     </span>
    </p>
   </div>
   <div class='ocr_carea' id='block_1_64' title="bbox 240 3307 1823 3380">
    <p class='ocr_par' dir='ltr' id='par_1_64' title="bbox 240 3307 1823 3380">
     <span class='ocr_line' id='line_1_64' title="bbox 240 3307 1823 3380; baseline -0.003 -12"><span class='ocrx_word' id='word_1_440' title='bbox 240 3317 386 3368; x_wconf 71' lang='grc' dir='ltr'><strong>κατὰ</strong></span> <span class='ocrx_word' id='word_1_441' title='bbox 445 3313 616 3364; x_wconf 83' lang='grc' dir='ltr'><strong>νώτου</strong></span> <span class='ocrx_word' id='word_1_442' title='bbox 678 3310 950 3380; x_wconf 85' lang='grc' dir='ltr'><strong>μάχεσθαι</strong></span> <span class='ocrx_word' id='word_1_443' title='bbox 1005 3307 1393 3371; x_wconf 86' lang='grc' dir='ltr'><strong>κυκλώσαντας</strong></span> <span class='ocrx_word' id='word_1_444' title='bbox 1443 3308 1664 3372; x_wconf 67' lang='grc' dir='ltr'><strong>αὐτοὺς,</strong></span> <span class='ocrx_word' id='word_1_445' title='bbox 1691 3310 1823 3363; x_wconf 80' lang='grc' dir='ltr'><strong>ἁνα-</strong></span> 
     </span>
    </p>
   </div>
   <div class='ocr_carea' id='block_1_65' title="bbox 243 3399 1818 3477">
    <p class='ocr_par' dir='ltr' id='par_1_65' title="bbox 243 3399 1818 3477">
     <span class='ocr_line' id='line_1_65' title="bbox 243 3399 1818 3477; baseline -0.004 -17"><span class='ocrx_word' id='word_1_446' title='bbox 243 3406 577 3477; x_wconf 68' lang='grc' dir='ltr'><strong>στρέψαντες</strong></span> <span class='ocrx_word' id='word_1_447' title='bbox 637 3403 870 3470; x_wconf 79' lang='grc' dir='ltr'><strong>ἔφευγον</strong></span> <span class='ocrx_word' id='word_1_448' title='bbox 922 3401 1310 3471; x_wconf 76' lang='grc' dir='ltr'><strong>προτροπάδην</strong></span> <span class='ocrx_word' id='word_1_449' title='bbox 1342 3401 1400 3460; x_wconf 86' lang='grc' dir='ltr'><strong>ὲς</strong></span> <span class='ocrx_word' id='word_1_450' title='bbox 1432 3399 1492 3452; x_wconf 89' lang='grc' dir='ltr'><strong>τδ</strong></span> <span class='ocrx_word' id='word_1_451' title='bbox 1538 3399 1818 3470; x_wconf 87' lang='grc' dir='ltr'><strong>φρούριον.</strong></span> 
     </span>
    </p>
   </div>
   <div class='ocr_carea' id='block_1_66' title="bbox 243 3487 1820 3562">
    <p class='ocr_par' dir='ltr' id='par_1_66' title="bbox 243 3487 1820 3562">
     <span class='ocr_line' id='line_1_66' title="bbox 243 3487 1820 3562; baseline -0.004 -12"><span class='ocrx_word' id='word_1_452' title='bbox 243 3498 309 3550; x_wconf 75' lang='lat' dir='ltr'><strong>Oi</strong></span> <span class='ocrx_word' id='word_1_453' title='bbox 332 3498 378 3550; x_wconf 77' lang='grc' dir='ltr'><strong>δ’</strong></span> <span class='ocrx_word' id='word_1_454' title='bbox 408 3495 554 3547; x_wconf 79' lang='grc' dir='ltr'><strong>ἔνδον</strong></span> <span class='ocrx_word' id='word_1_455' title='bbox 579 3493 855 3555; x_wconf 72' lang='grc' dir='ltr'><strong>οἰκοῦντες</strong></span> <span class='ocrx_word' id='word_1_456' title='bbox 884 3493 982 3562; x_wconf 83' lang='grc' dir='ltr'><strong>τήν</strong></span> <span class='ocrx_word' id='word_1_457' title='bbox 1025 3510 1084 3544; x_wconf 90' lang='grc' dir='ltr'><strong>τε</strong></span> <span class='ocrx_word' id='word_1_458' title='bbox 1119 3487 1289 3561; x_wconf 82' lang='grc' dir='ltr'><strong>ἧτταν</strong></span> <span class='ocrx_word' id='word_1_459' title='bbox 1333 3491 1665 3561; x_wconf 81' lang='grc' dir='ltr'><strong>θεασάμενοι</strong></span> <span class='ocrx_word' id='word_1_460' title='bbox 1692 3492 1820 3545; x_wconf 78' lang='grc' dir='ltr'><strong>τούο</strong></span> 
     </span>
    </p>
   </div>
   <div class='ocr_carea' id='block_1_67' title="bbox 242 3584 1824 3654">
    <p class='ocr_par' dir='ltr' id='par_1_67' title="bbox 242 3584 1824 3654">
     <span class='ocr_line' id='line_1_67' title="bbox 242 3584 1824 3654; baseline -0.004 -12"><span class='ocrx_word' id='word_1_461' title='bbox 242 3607 355 3642; x_wconf 83' lang='grc' dir='ltr'><strong>των</strong></span> <span class='ocrx_word' id='word_1_462' title='bbox 383 3589 480 3640; x_wconf 77' lang='grc' dir='ltr'><strong>καὶ</strong></span> <span class='ocrx_word' id='word_1_463' title='bbox 511 3586 626 3654; x_wconf 86' lang='grc' dir='ltr'><strong>ἆμα</strong></span> <span class='ocrx_word' id='word_1_464' title='bbox 658 3585 891 3646; x_wconf 79' lang='grc' dir='ltr'><strong>δεδιότες</strong></span> <span class='ocrx_word' id='word_1_465' title='bbox 927 3584 1276 3654; x_wconf 78' lang='grc' dir='ltr'><strong>Ἀλέξανδρον</strong></span> <span class='ocrx_word' id='word_1_466' title='bbox 1308 3584 1644 3638; x_wconf 74' lang='grc' dir='ltr'><strong>ἀπέκλεισαν</strong></span> <span class='ocrx_word' id='word_1_467' title='bbox 1670 3601 1824 3652; x_wconf 85' lang='grc' dir='ltr'><strong>σφισι</strong></span> 
     </span>
    </p>
   </div>
   <div class='ocr_carea' id='block_1_68' title="bbox 245 3675 1826 3748">
    <p class='ocr_par' dir='ltr' id='par_1_68' title="bbox 245 3675 1826 3748">
     <span class='ocr_line' id='line_1_68' title="bbox 245 3675 1826 3748; baseline -0.026 12"><span class='ocrx_word' id='word_1_468' title='bbox 245 3684 348 3745; x_wconf 59' lang='grc' dir='ltr'><strong>τὰς</strong></span> <span class='ocrx_word' id='word_1_469' title='bbox 385 3679 579 3741; x_wconf 58' lang='grc' dir='ltr'><strong>πύλας·</strong></span> <span class='ocrx_word' id='word_1_470' title='bbox 608 3679 708 3748; x_wconf 64' lang='grc' dir='ltr'><strong>Βίᾳ</strong></span> <span class='ocrx_word' id='word_1_471' title='bbox 735 3677 828 3730; x_wconf 61' lang='grc' dir='ltr'><strong>οὖν</strong></span> <span class='ocrx_word' id='word_1_472' title='bbox 866 3679 1033 3739; x_wconf 64' lang='grc' dir='ltr'><strong>αὑτὰς</strong></span> <span class='ocrx_word' id='word_1_473' title='bbox 1069 3677 1334 3746; x_wconf 76' lang='grc' dir='ltr'><strong>ῥήξαντες</strong></span> <span class='ocrx_word' id='word_1_474' title='bbox 1361 3675 1694 3745; x_wconf 67' lang='grc' dir='ltr'><strong>εἰσεχέοντο*</strong></span> <span class='ocrx_word' id='word_1_475' title='bbox 1729 3678 1826 3727; x_wconf 68' lang='grc' dir='ltr'><strong>καὶ</strong></span> 
     </span>
    </p>
   </div>
   <div class='ocr_carea' id='block_1_69' title="bbox 247 3767 1826 3841">
    <p class='ocr_par' dir='ltr' id='par_1_69' title="bbox 247 3767 1826 3841">
     <span class='ocr_line' id='line_1_69' title="bbox 247 3767 1826 3841; baseline -0.006 -13"><span class='ocrx_word' id='word_1_476' title='bbox 247 3777 370 3837; x_wconf 73' lang='grc' dir='ltr'><strong>τοὺς</strong></span> <span class='ocrx_word' id='word_1_477' title='bbox 409 3773 510 3841; x_wconf 74' lang='grc' dir='ltr'><strong>μὲν</strong></span> <span class='ocrx_word' id='word_1_478' title='bbox 535 3773 643 3824; x_wconf 86' lang='grc' dir='ltr'><strong>τῶν</strong></span> <span class='ocrx_word' id='word_1_479' title='bbox 673 3770 1028 3823; x_wconf 73' lang='grc' dir='ltr'><strong>ἐνοικούντων</strong></span> <span class='ocrx_word' id='word_1_480' title='bbox 1059 3769 1404 3832; x_wconf 81' lang='grc' dir='ltr'><strong>ὲκόαλόντες,</strong></span> <span class='ocrx_word' id='word_1_481' title='bbox 1425 3770 1550 3830; x_wconf 78' lang='grc' dir='ltr'><strong>τοὺς</strong></span> <span class='ocrx_word' id='word_1_482' title='bbox 1579 3767 1636 3819; x_wconf 83' lang='grc' dir='ltr'><strong>δὲ</strong></span> <span class='ocrx_word' id='word_1_483' title='bbox 1659 3785 1826 3820; x_wconf 90' lang='grc' dir='ltr'><strong>κατα-</strong></span> 
     </span>
    </p>
   </div>
   <div class='ocr_carea' id='block_1_70' title="bbox 249 3860 1820 3934">
    <p class='ocr_par' dir='ltr' id='par_1_70' title="bbox 249 3860 1820 3934">
     <span class='ocr_line' id='line_1_70' title="bbox 249 3860 1820 3934; baseline -0.003 -16"><span class='ocrx_word' id='word_1_484' title='bbox 249 3865 561 3934; x_wconf 80' lang='grc' dir='ltr'><strong>σφάξαντες</strong></span> <span class='ocrx_word' id='word_1_485' title='bbox 588 3864 746 3932; x_wconf 77' lang='grc' dir='ltr'><strong>δίκην</strong></span> <span class='ocrx_word' id='word_1_486' title='bbox 764 3861 1043 3931; x_wconf 76' lang='grc' dir='ltr'><strong>πολεμίων</strong></span> <span class='ocrx_word' id='word_1_487' title='bbox 1073 3861 1442 3930; x_wconf 73' lang='grc' dir='ltr'><strong>ἠσφαλίσαντο</strong></span> <span class='ocrx_word' id='word_1_488' title='bbox 1459 3860 1521 3913; x_wconf 75' lang='grc' dir='ltr'><strong>τὸ</strong></span> <span class='ocrx_word' id='word_1_489' title='bbox 1541 3861 1820 3931; x_wconf 75' lang='grc' dir='ltr'><strong>φρούριον.</strong></span> 
     </span>
    </p>
   </div>
   <div class='ocr_carea' id='block_1_71' title="bbox 237 3951 1826 4026">
    <p class='ocr_par' dir='ltr' id='par_1_71' title="bbox 237 3951 1826 4026">
     <span class='ocr_line' id='line_1_71' title="bbox 237 3951 1826 4026; baseline -0.006 -14"><span class='ocrx_word' id='word_1_490' title='bbox 237 3959 364 4014; x_wconf 72' lang='grc' dir='ltr'><strong>Καὶ</strong></span> <span class='ocrx_word' id='word_1_491' title='bbox 395 3953 536 4026; x_wconf 74' lang='grc' dir='ltr'><strong>ἦσαν</strong></span> <span class='ocrx_word' id='word_1_492' title='bbox 560 3955 920 4024; x_wconf 83' lang='grc' dir='ltr'><strong>ἀσχάλλοντες</strong></span> <span class='ocrx_word' id='word_1_493' title='bbox 951 3957 1044 4006; x_wconf 68' lang='grc' dir='ltr'><strong>καὶ</strong></span> <span class='ocrx_word' id='word_1_494' title='bbox 1071 3953 1298 4004; x_wconf 88' lang='grc' dir='ltr'><strong>πλεῖστα</strong></span> <span class='ocrx_word' id='word_1_495' title='bbox 1333 3953 1708 4021; x_wconf 82' lang='grc' dir='ltr'><strong>ἀγωνιῶμενοι</strong></span> <span class='ocrx_word' id='word_1_496' title='bbox 1735 3951 1826 4004; x_wconf 84' lang='grc' dir='ltr'><strong>διὰ</strong></span> 
     </span>
    </p>
   </div>
   <div class='ocr_carea' id='block_1_72' title="bbox 247 4041 1826 4119">
    <p class='ocr_par' dir='ltr' id='par_1_72' title="bbox 247 4041 1826 4119">
     <span class='ocr_line' id='line_1_72' title="bbox 247 4041 1826 4119; baseline -0.007 -15"><span class='ocrx_word' id='word_1_497' title='bbox 247 4053 311 4103; x_wconf 87' lang='grc' dir='ltr'><strong>τὺ</strong></span> <span class='ocrx_word' id='word_1_498' title='bbox 351 4049 605 4119; x_wconf 70' lang='grc' dir='ltr'><strong>προφανῆ</strong></span> <span class='ocrx_word' id='word_1_499' title='bbox 634 4049 725 4099; x_wconf 87' lang='grc' dir='ltr'><strong>τὸν</strong></span> <span class='ocrx_word' id='word_1_500' title='bbox 750 4047 994 4098; x_wconf 87' lang='grc' dir='ltr'><strong>κίνδυνον</strong></span> <span class='ocrx_word' id='word_1_501' title='bbox 1041 4045 1183 4115; x_wconf 75' lang='grc' dir='ltr'><strong>ἔχειν</strong></span> <span class='ocrx_word' id='word_1_502' title='bbox 1223 4047 1280 4096; x_wconf 79' lang='grc' dir='ltr'><strong>ὲν</strong></span> <span class='ocrx_word' id='word_1_503' title='bbox 1314 4045 1634 4113; x_wconf 82' lang='grc' dir='ltr'><strong>ὀφθαλμοῖς.</strong></span> <span class='ocrx_word' id='word_1_504' title='bbox 1687 4041 1826 4095; x_wconf 74' lang='grc' dir='ltr'><strong>Οὔτε</strong></span> 
     </span>
    </p>
   </div>
   <div class='ocr_carea' id='block_1_73' title="bbox 247 4134 1826 4210">
    <p class='ocr_par' dir='ltr' id='par_1_73' title="bbox 247 4134 1826 4210">
     <span class='ocr_line' id='line_1_73' title="bbox 247 4134 1826 4210; baseline -0.005 -17"><span class='ocrx_word' id='word_1_505' title='bbox 247 4144 361 4210; x_wconf 78' lang='grc' dir='ltr'><strong>γὰρ</strong></span> <span class='ocrx_word' id='word_1_506' title='bbox 393 4143 506 4203; x_wconf 87' lang='grc' dir='ltr'><strong>τοῖς</strong></span> <span class='ocrx_word' id='word_1_507' title='bbox 572 4139 888 4206; x_wconf 76' lang='grc' dir='ltr'><strong>ὑποζυγίοις</strong></span> <span class='ocrx_word' id='word_1_508' title='bbox 933 4138 1080 4207; x_wconf 69' lang='grc' dir='ltr'><strong>χιλὸς</strong></span> <span class='ocrx_word' id='word_1_509' title='bbox 1110 4135 1178 4206; x_wconf 80' lang='grc' dir='ltr'><strong>ἦν</strong></span> <span class='ocrx_word' id='word_1_510' title='bbox 1211 4139 1358 4197; x_wconf 76' lang='grc' dir='ltr'><strong>ἐντὸς</strong></span> <span class='ocrx_word' id='word_1_511' title='bbox 1414 4136 1510 4188; x_wconf 77' lang='grc' dir='ltr'><strong>τοῦ</strong></span> <span class='ocrx_word' id='word_1_512' title='bbox 1544 4134 1826 4204; x_wconf 77' lang='grc' dir='ltr'><strong>φρουρίου,</strong></span> 
     </span>
    </p>
   </div>
   <div class='ocr_carea' id='block_1_74' title="bbox 248 4225 1827 4299">
    <p class='ocr_par' dir='ltr' id='par_1_74' title="bbox 248 4225 1827 4299">
     <span class='ocr_line' id='line_1_74' title="bbox 248 4225 1827 4299; baseline -0.006 -14"><span class='ocrx_word' id='word_1_513' title='bbox 248 4233 376 4285; x_wconf 75' lang='grc' dir='ltr'><strong>οὔτε</strong></span> <span class='ocrx_word' id='word_1_514' title='bbox 431 4231 629 4299; x_wconf 81' lang='grc' dir='ltr'><strong>φρέαρ,</strong></span> <span class='ocrx_word' id='word_1_515' title='bbox 684 4227 798 4282; x_wconf 74' lang='grc' dir='ltr'><strong>οὔτ’</strong></span> <span class='ocrx_word' id='word_1_516' title='bbox 854 4229 989 4298; x_wconf 79' lang='grc' dir='ltr'><strong>ἄλλη</strong></span> <span class='ocrx_word' id='word_1_517' title='bbox 1042 4245 1124 4290; x_wconf 87' lang='grc' dir='ltr'><strong>τις</strong></span> <span class='ocrx_word' id='word_1_518' title='bbox 1164 4227 1353 4287; x_wconf 82' lang='grc' dir='ltr'><strong>ὓδατος</strong></span> <span class='ocrx_word' id='word_1_519' title='bbox 1400 4227 1660 4296; x_wconf 73' lang='grc' dir='ltr'><strong>εὐπορία·</strong></span> <span class='ocrx_word' id='word_1_520' title='bbox 1689 4225 1743 4277; x_wconf 81' lang='grc' dir='ltr'><strong>οῖ</strong></span> <span class='ocrx_word' id='word_1_521' title='bbox 1767 4241 1827 4276; x_wconf 86' lang='grc' dir='ltr'><strong>τε</strong></span> 
     </span>
    </p>
   </div>
   <div class='ocr_carea' id='block_1_75' title="bbox 248 4318 1832 4397">
    <p class='ocr_par' dir='ltr' id='par_1_75' title="bbox 248 4318 1832 4397">
     <span class='ocr_line' id='line_1_75' title="bbox 248 4318 1832 4397; baseline -0.007 -18"><span class='ocrx_word' id='word_1_522' title='bbox 248 4325 590 4397; x_wconf 88' lang='grc' dir='ltr'><strong>τραυματίαι</strong></span> <span class='ocrx_word' id='word_1_523' title='bbox 623 4324 731 4378; x_wconf 84' lang='grc' dir='ltr'><strong>τῶν</strong></span> <span class='ocrx_word' id='word_1_524' title='bbox 767 4320 1119 4391; x_wconf 83' lang='grc' dir='ltr'><strong>στρατιωτῶν</strong></span> <span class='ocrx_word' id='word_1_525' title='bbox 1152 4323 1244 4372; x_wconf 81' lang='grc' dir='ltr'><strong>καί</strong></span> <span class='ocrx_word' id='word_1_526' title='bbox 1294 4318 1400 4372; x_wconf 74' lang='grc' dir='ltr'><strong>τῶν</strong></span> <span class='ocrx_word' id='word_1_527' title='bbox 1431 4320 1619 4370; x_wconf 78' lang='grc' dir='ltr'><strong>ἵππων</strong></span> <span class='ocrx_word' id='word_1_528' title='bbox 1660 4318 1832 4385; x_wconf 82' lang='grc' dir='ltr'><strong>ἀπρο-</strong></span> 
     </span>
    </p>
   </div>
   <div class='ocr_carea' id='block_1_76' title="bbox 254 4410 1831 4488">
    <p class='ocr_par' dir='ltr' id='par_1_76' title="bbox 254 4410 1831 4488">
     <span class='ocr_line' id='line_1_76' title="bbox 254 4410 1831 4488; baseline -0.006 -19"><span class='ocrx_word' id='word_1_529' title='bbox 254 4419 520 4488; x_wconf 76' lang='grc' dir='ltr'><strong>μήθευτοι</strong></span> <span class='ocrx_word' id='word_1_530' title='bbox 553 4415 886 4484; x_wconf 80' lang='grc' dir='ltr'><strong>λειπόμενοι,</strong></span> <span class='ocrx_word' id='word_1_531' title='bbox 949 4415 997 4465; x_wconf 89' lang='grc' dir='ltr'><strong>οἱ</strong></span> <span class='ocrx_word' id='word_1_532' title='bbox 1035 4413 1134 4482; x_wconf 82' lang='grc' dir='ltr'><strong>μὲν</strong></span> <span class='ocrx_word' id='word_1_533' title='bbox 1186 4411 1467 4479; x_wconf 73' lang='grc' dir='ltr'><strong>ἔθνησκον,</strong></span> <span class='ocrx_word' id='word_1_534' title='bbox 1498 4412 1549 4462; x_wconf 80' lang='lat' dir='ltr'><strong>ot</strong></span> <span class='ocrx_word' id='word_1_535' title='bbox 1583 4410 1628 4462; x_wconf 82' lang='grc' dir='ltr'><strong>δ’</strong></span> <span class='ocrx_word' id='word_1_536' title='bbox 1660 4412 1831 4477; x_wconf 74' lang='grc' dir='ltr'><strong>ἐγγὺς</strong></span> 
     </span>
    </p>
   </div>
   <div class='ocr_carea' id='block_1_77' title="bbox 1921 3219 3498 3307">
    <p class='ocr_par' dir='ltr' id='par_1_77' title="bbox 1921 3219 3498 3307">
     <span class='ocr_line' id='line_1_77' title="bbox 1921 3219 3498 3307; baseline 0.005 -22"><span class='ocrx_word' id='word_1_537' title='bbox 1921 3230 2024 3285; x_wconf 88' lang='lat' dir='ltr'><strong>bus</strong></span> <span class='ocrx_word' id='word_1_538' title='bbox 2051 3219 2394 3294; x_wconf 86' lang='lat' dir='ltr'><strong>incumbere,</strong></span> <span class='ocrx_word' id='word_1_539' title='bbox 2421 3240 2481 3284; x_wconf 92' lang='lat' dir='ltr'><strong>ut</strong></span> <span class='ocrx_word' id='word_1_540' title='bbox 2503 3233 2650 3300; x_wconf 92' lang='lat' dir='ltr'><strong>prior</strong></span> <span class='ocrx_word' id='word_1_541' title='bbox 2682 3235 2951 3287; x_wconf 88' lang='lat' dir='ltr'><strong>tumulum</strong></span> <span class='ocrx_word' id='word_1_542' title='bbox 2985 3248 3300 3306; x_wconf 88' lang='lat' dir='ltr'><strong>occuparet,</strong></span> <span class='ocrx_word' id='word_1_543' title='bbox 3332 3248 3498 3307; x_wconf 73' lang='lat' dir='ltr'><strong>atque</strong></span> 
     </span>
    </p>
   </div>
   <div class='ocr_carea' id='block_1_78' title="bbox 1921 3323 3494 3395">
    <p class='ocr_par' dir='ltr' id='par_1_78' title="bbox 1921 3323 3494 3395">
     <span class='ocr_line' id='line_1_78' title="bbox 1921 3323 3494 3395; baseline 0.007 -20"><span class='ocrx_word' id='word_1_544' title='bbox 1921 3323 2059 3376; x_wconf 89' lang='lat' dir='ltr'><strong>adeo</strong></span> <span class='ocrx_word' id='word_1_545' title='bbox 2117 3323 2265 3376; x_wconf 89' lang='lat' dir='ltr'><strong>hisce</strong></span> <span class='ocrx_word' id='word_1_546' title='bbox 2323 3323 2676 3378; x_wconf 87' lang='lat' dir='ltr'><strong>circumdatis</strong></span> <span class='ocrx_word' id='word_1_547' title='bbox 2725 3341 2753 3377; x_wconf 90' lang='lat' dir='ltr'><strong>a</strong></span> <span class='ocrx_word' id='word_1_548' title='bbox 2809 3335 2961 3395; x_wconf 70' lang='lat' dir='ltr'><strong>tergo</strong></span> <span class='ocrx_word' id='word_1_549' title='bbox 3021 3328 3184 3381; x_wconf 89' lang='lat' dir='ltr'><strong>etiam</strong></span> <span class='ocrx_word' id='word_1_550' title='bbox 3247 3330 3494 3386; x_wconf 66' lang='lat' dir='ltr'><strong>instaret.</strong></span> 
     </span>
    </p>
   </div>
   <div class='ocr_carea' id='block_1_79' title="bbox 1919 3415 3499 3487">
    <p class='ocr_par' dir='ltr' id='par_1_79' title="bbox 1919 3415 3499 3487">
     <span class='ocr_line' id='line_1_79' title="bbox 1919 3415 3499 3487; baseline 0.003 -18"><span class='ocrx_word' id='word_1_551' title='bbox 1919 3415 2095 3469; x_wconf 81' lang='lat' dir='ltr'><strong>cll‘usa</strong></span> <span class='ocrx_word' id='word_1_552' title='bbox 2146 3415 2270 3485; x_wconf 77' lang='lat' dir='ltr'><strong>iuga</strong></span> <span class='ocrx_word' id='word_1_553' title='bbox 2318 3424 2464 3468; x_wconf 88' lang='lat' dir='ltr'><strong>retro</strong></span> <span class='ocrx_word' id='word_1_554' title='bbox 2498 3431 2559 3469; x_wconf 90' lang='lat' dir='ltr'><strong>se</strong></span> <span class='ocrx_word' id='word_1_555' title='bbox 2592 3418 2646 3468; x_wconf 90' lang='lat' dir='ltr'><strong>in</strong></span> <span class='ocrx_word' id='word_1_556' title='bbox 2680 3417 2963 3470; x_wconf 83' lang='lat' dir='ltr'><strong>castellum</strong></span> <span class='ocrx_word' id='word_1_557' title='bbox 3013 3431 3360 3487; x_wconf 86' lang='lat' dir='ltr'><strong>receperunt.</strong></span> <span class='ocrx_word' id='word_1_558' title='bbox 3394 3421 3499 3486; x_wconf 87' lang='lat' dir='ltr'><strong>Qui</strong></span> 
     </span>
    </p>
   </div>
   <div class='ocr_carea' id='block_1_80' title="bbox 1922 3505 3501 3571">
    <p class='ocr_par' dir='ltr' id='par_1_80' title="bbox 1922 3505 3501 3571">
     <span class='ocr_line' id='line_1_80' title="bbox 1922 3505 3501 3571; baseline 0.006 -12"><span class='ocrx_word' id='word_1_559' title='bbox 1922 3521 2056 3559; x_wconf 86' lang='lat' dir='ltr'><strong>vero</strong></span> <span class='ocrx_word' id='word_1_560' title='bbox 2093 3506 2147 3558; x_wconf 93' lang='lat' dir='ltr'><strong>in</strong></span> <span class='ocrx_word' id='word_1_561' title='bbox 2185 3521 2253 3558; x_wconf 93' lang='lat' dir='ltr'><strong>eo</strong></span> <span class='ocrx_word' id='word_1_562' title='bbox 2304 3505 2668 3571; x_wconf 88' lang='lat' dir='ltr'><strong>habitabant,</strong></span> <span class='ocrx_word' id='word_1_563' title='bbox 2726 3522 2851 3560; x_wconf 93' lang='lat' dir='ltr'><strong>cum</strong></span> <span class='ocrx_word' id='word_1_564' title='bbox 2899 3518 2961 3561; x_wconf 88' lang='lat' dir='ltr'><strong>et</strong></span> <span class='ocrx_word' id='word_1_565' title='bbox 3012 3511 3110 3562; x_wconf 91' lang='lat' dir='ltr'><strong>hos</strong></span> <span class='ocrx_word' id='word_1_566' title='bbox 3156 3511 3327 3566; x_wconf 83' lang='lat' dir='ltr'><strong>victos</strong></span> <span class='ocrx_word' id='word_1_567' title='bbox 3379 3529 3501 3569; x_wconf 72' lang='lat' dir='ltr'><strong>esse</strong></span> 
     </span>
    </p>
   </div>
   <div class='ocr_carea' id='block_1_81' title="bbox 1923 3597 3502 3671">
    <p class='ocr_par' dir='ltr' id='par_1_81' title="bbox 1923 3597 3502 3671">
     <span class='ocr_line' id='line_1_81' title="bbox 1923 3597 3502 3671; baseline 0.005 -21"><span class='ocrx_word' id='word_1_568' title='bbox 1923 3606 2235 3658; x_wconf 90' lang='lat' dir='ltr'><strong>cernerent,</strong></span> <span class='ocrx_word' id='word_1_569' title='bbox 2282 3605 2337 3650; x_wconf 92' lang='lat' dir='ltr'><strong>ct</strong></span> <span class='ocrx_word' id='word_1_570' title='bbox 2369 3597 2528 3654; x_wconf 84' lang='lat' dir='ltr'><strong>simul</strong></span> <span class='ocrx_word' id='word_1_571' title='bbox 2570 3597 2938 3651; x_wconf 71' lang='lat' dir='ltr'><strong>Alexandrum</strong></span> <span class='ocrx_word' id='word_1_572' title='bbox 2991 3601 3267 3666; x_wconf 85' lang='lat' dir='ltr'><strong>timerent,</strong></span> <span class='ocrx_word' id='word_1_573' title='bbox 3318 3615 3502 3671; x_wconf 87' lang='lat' dir='ltr'><strong>portas</strong></span> 
     </span>
    </p>
   </div>
   <div class='ocr_carea' id='block_1_82' title="bbox 1925 3688 3499 3762">
    <p class='ocr_par' dir='ltr' id='par_1_82' title="bbox 1925 3688 3499 3762">
     <span class='ocr_line' id='line_1_82' title="bbox 1925 3688 3499 3762; baseline 0.003 -20"><span class='ocrx_word' id='word_1_574' title='bbox 1925 3689 2031 3742; x_wconf 93' lang='lat' dir='ltr'><strong>illis</strong></span> <span class='ocrx_word' id='word_1_575' title='bbox 2081 3689 2449 3742; x_wconf 91' lang='lat' dir='ltr'><strong>occluserunt.</strong></span> <span class='ocrx_word' id='word_1_576' title='bbox 2485 3688 2556 3742; x_wconf 90' lang='lat' dir='ltr'><strong>lis</strong></span> <span class='ocrx_word' id='word_1_577' title='bbox 2599 3688 2766 3757; x_wconf 83' lang='lat' dir='ltr'><strong>igitur</strong></span> <span class='ocrx_word' id='word_1_578' title='bbox 2812 3689 2862 3742; x_wconf 85' lang='lat' dir='ltr'><strong>vi</strong></span> <span class='ocrx_word' id='word_1_579' title='bbox 2892 3691 3134 3748; x_wconf 82' lang='lat' dir='ltr'><strong>eﬂractis</strong></span> <span class='ocrx_word' id='word_1_580' title='bbox 3185 3692 3499 3762; x_wconf 84' lang='lat' dir='ltr'><strong>introrupe-</strong></span> 
     </span>
    </p>
   </div>
   <div class='ocr_carea' id='block_1_83' title="bbox 1925 3777 3492 3848">
    <p class='ocr_par' dir='ltr' id='par_1_83' title="bbox 1925 3777 3492 3848">
     <span class='ocr_line' id='line_1_83' title="bbox 1925 3777 3492 3848; baseline 0.002 -18"><span class='ocrx_word' id='word_1_581' title='bbox 1925 3787 2075 3841; x_wconf 90' lang='lat' dir='ltr'><strong>runt,</strong></span> <span class='ocrx_word' id='word_1_582' title='bbox 2120 3786 2174 3831; x_wconf 93' lang='lat' dir='ltr'><strong>et</strong></span> <span class='ocrx_word' id='word_1_583' title='bbox 2217 3777 2616 3832; x_wconf 80' lang='lat' dir='ltr'><strong>habitatoribus</strong></span> <span class='ocrx_word' id='word_1_584' title='bbox 2668 3780 2863 3846; x_wconf 80' lang='lat' dir='ltr'><strong>partim</strong></span> <span class='ocrx_word' id='word_1_585' title='bbox 2906 3779 3111 3847; x_wconf 82' lang='lat' dir='ltr'><strong>pulsis,</strong></span> <span class='ocrx_word' id='word_1_586' title='bbox 3159 3781 3356 3848; x_wconf 87' lang='lat' dir='ltr'><strong>partim</strong></span> <span class='ocrx_word' id='word_1_587' title='bbox 3397 3789 3492 3833; x_wconf 67' lang='grc' dir='ltr'><strong>ειυς</strong></span> 
     </span>
    </p>
   </div>
   <div class='ocr_carea' id='block_1_84' title="bbox 1925 3869 3497 3942">
    <p class='ocr_par' dir='ltr' id='par_1_84' title="bbox 1925 3869 3497 3942">
     <span class='ocr_line' id='line_1_84' title="bbox 1925 3869 3497 3942; baseline 0.003 -20"><span class='ocrx_word' id='word_1_588' title='bbox 1925 3869 2089 3922; x_wconf 89' lang='lat' dir='ltr'><strong>stium</strong></span> <span class='ocrx_word' id='word_1_589' title='bbox 2131 3869 2251 3922; x_wconf 91' lang='lat' dir='ltr'><strong>loco</strong></span> <span class='ocrx_word' id='word_1_590' title='bbox 2298 3869 2531 3934; x_wconf 90' lang='lat' dir='ltr'><strong>occisis,</strong></span> <span class='ocrx_word' id='word_1_591' title='bbox 2577 3870 2876 3927; x_wconf 80' lang='lat' dir='ltr'><strong>castellum,</strong></span> <span class='ocrx_word' id='word_1_592' title='bbox 2906 3873 3242 3926; x_wconf 87' lang='lat' dir='ltr'><strong>munierunt.</strong></span> <span class='ocrx_word' id='word_1_593' title='bbox 3286 3873 3342 3926; x_wconf 91' lang='lat' dir='ltr'><strong>In</strong></span> <span class='ocrx_word' id='word_1_594' title='bbox 3387 3890 3497 3942; x_wconf 87' lang='lat' dir='ltr'><strong>quo</strong></span> 
     </span>
    </p>
   </div>
   <div class='ocr_carea' id='block_1_85' title="bbox 1926 3961 3494 4032">
    <p class='ocr_par' dir='ltr' id='par_1_85' title="bbox 1926 3961 3494 4032">
     <span class='ocr_line' id='line_1_85' title="bbox 1926 3961 3494 4032; baseline 0.004 -20"><span class='ocrx_word' id='word_1_595' title='bbox 1926 3961 2082 4012; x_wconf 84' lang='lat' dir='ltr'><strong>valde</strong></span> <span class='ocrx_word' id='word_1_596' title='bbox 2115 3961 2297 4014; x_wconf 88' lang='lat' dir='ltr'><strong>tristes</strong></span> <span class='ocrx_word' id='word_1_597' title='bbox 2331 3969 2385 4013; x_wconf 89' lang='lat' dir='ltr'><strong>et</strong></span> <span class='ocrx_word' id='word_1_598' title='bbox 2415 3961 2561 4014; x_wconf 80' lang='lat' dir='ltr'><strong>anxii</strong></span> <span class='ocrx_word' id='word_1_599' title='bbox 2597 3973 2775 4024; x_wconf 91' lang='lat' dir='ltr'><strong>erant,</strong></span> <span class='ocrx_word' id='word_1_600' title='bbox 2808 3973 3091 4032; x_wconf 87' lang='lat' dir='ltr'><strong>propterea</strong></span> <span class='ocrx_word' id='word_1_601' title='bbox 3123 3965 3270 4032; x_wconf 90' lang='lat' dir='ltr'><strong>quod</strong></span> <span class='ocrx_word' id='word_1_602' title='bbox 3305 3980 3494 4019; x_wconf 90' lang='lat' dir='ltr'><strong>eorum</strong></span> 
     </span>
    </p>
   </div>
   <div class='ocr_carea' id='block_1_86' title="bbox 1927 4051 3501 4124">
    <p class='ocr_par' dir='ltr' id='par_1_86' title="bbox 1927 4051 3501 4124">
     <span class='ocr_line' id='line_1_86' title="bbox 1927 4051 3501 4124; baseline 0.004 -21"><span class='ocrx_word' id='word_1_603' title='bbox 1927 4052 2102 4104; x_wconf 86' lang='lat' dir='ltr'><strong>oculis</strong></span> <span class='ocrx_word' id='word_1_604' title='bbox 2162 4051 2466 4118; x_wconf 89' lang='lat' dir='ltr'><strong>periculum</strong></span> <span class='ocrx_word' id='word_1_605' title='bbox 2543 4068 2780 4121; x_wconf 75' lang='lat' dir='ltr'><strong>pnesens</strong></span> <span class='ocrx_word' id='word_1_606' title='bbox 2850 4055 3260 4109; x_wconf 87' lang='lat' dir='ltr'><strong>obversabatur.</strong></span> <span class='ocrx_word' id='word_1_607' title='bbox 3313 4057 3501 4124; x_wconf 71' lang='lat' dir='ltr'><strong>Neque</strong></span> 
     </span>
    </p>
   </div>
   <div class='ocr_carea' id='block_1_87' title="bbox 1925 4141 3504 4216">
    <p class='ocr_par' dir='ltr' id='par_1_87' title="bbox 1925 4141 3504 4216">
     <span class='ocr_line' id='line_1_87' title="bbox 1925 4141 3504 4216; baseline 0.006 -23"><span class='ocrx_word' id='word_1_608' title='bbox 1925 4141 2072 4193; x_wconf 90' lang='lat' dir='ltr'><strong>enim</strong></span> <span class='ocrx_word' id='word_1_609' title='bbox 2125 4143 2381 4210; x_wconf 84' lang='lat' dir='ltr'><strong>pabulum</strong></span> <span class='ocrx_word' id='word_1_610' title='bbox 2431 4142 2694 4211; x_wconf 86' lang='lat' dir='ltr'><strong>jumentis</strong></span> <span class='ocrx_word' id='word_1_611' title='bbox 2743 4144 2892 4198; x_wconf 82' lang='lat' dir='ltr'><strong>intus</strong></span> <span class='ocrx_word' id='word_1_612' title='bbox 2941 4146 3289 4214; x_wconf 84' lang='lat' dir='ltr'><strong>suppetebat,</strong></span> <span class='ocrx_word' id='word_1_613' title='bbox 3326 4162 3504 4216; x_wconf 69' lang='lat' dir='ltr'><strong>neque</strong></span> 
     </span>
    </p>
   </div>
   <div class='ocr_carea' id='block_1_88' title="bbox 1929 4235 3505 4305">
    <p class='ocr_par' dir='ltr' id='par_1_88' title="bbox 1929 4235 3505 4305">
     <span class='ocr_line' id='line_1_88' title="bbox 1929 4235 3505 4305; baseline 0.006 -21"><span class='ocrx_word' id='word_1_614' title='bbox 1929 4243 2150 4300; x_wconf 91' lang='lat' dir='ltr'><strong>puteus,</strong></span> <span class='ocrx_word' id='word_1_615' title='bbox 2200 4249 2301 4286; x_wconf 85' lang='lat' dir='ltr'><strong>nec</strong></span> <span class='ocrx_word' id='word_1_616' title='bbox 2348 4249 2502 4303; x_wconf 72' lang='lat' dir='ltr'><strong>aqua:</strong></span> <span class='ocrx_word' id='word_1_617' title='bbox 2533 4235 2639 4289; x_wconf 88' lang='lat' dir='ltr'><strong>ulla</strong></span> <span class='ocrx_word' id='word_1_618' title='bbox 2669 4236 2826 4305; x_wconf 88' lang='lat' dir='ltr'><strong>copia</strong></span> <span class='ocrx_word' id='word_1_619' title='bbox 2856 4254 2868 4289; x_wconf 89' lang='lat'>:</span> <span class='ocrx_word' id='word_1_620' title='bbox 2901 4247 2956 4290; x_wconf 90' lang='lat' dir='ltr'><strong>et</strong></span> <span class='ocrx_word' id='word_1_621' title='bbox 2990 4239 3259 4292; x_wconf 84' lang='lat' dir='ltr'><strong>vulnerati</strong></span> <span class='ocrx_word' id='word_1_622' title='bbox 3303 4240 3505 4294; x_wconf 89' lang='lat' dir='ltr'><strong>milites</strong></span> 
     </span>
    </p>
   </div>
   <div class='ocr_carea' id='block_1_89' title="bbox 1929 4325 3506 4398">
    <p class='ocr_par' dir='ltr' id='par_1_89' title="bbox 1929 4325 3506 4398">
     <span class='ocr_line' id='line_1_89' title="bbox 1929 4325 3506 4398; baseline 0.006 -22"><span class='ocrx_word' id='word_1_623' title='bbox 1929 4333 2093 4392; x_wconf 87' lang='lat' dir='ltr'><strong>atque</strong></span> <span class='ocrx_word' id='word_1_624' title='bbox 2119 4325 2246 4393; x_wconf 89' lang='lat' dir='ltr'><strong>equi</strong></span> <span class='ocrx_word' id='word_1_625' title='bbox 2277 4326 2505 4394; x_wconf 81' lang='lat' dir='ltr'><strong>neglecti</strong></span> <span class='ocrx_word' id='word_1_626' title='bbox 2537 4329 2733 4395; x_wconf 90' lang='lat' dir='ltr'><strong>partim</strong></span> <span class='ocrx_word' id='word_1_627' title='bbox 2768 4329 3296 4398; x_wconf 86' lang='lat' dir='ltr'><strong>iuteribant,partun</strong></span> <span class='ocrx_word' id='word_1_628' title='bbox 3331 4334 3506 4386; x_wconf 87' lang='lat' dir='ltr'><strong>inter-</strong></span> 
     </span>
    </p>
   </div>
   <div class='ocr_carea' id='block_1_90' title="bbox 1934 4414 3504 4491">
    <p class='ocr_par' dir='ltr' id='par_1_90' title="bbox 1934 4414 3504 4491">
     <span class='ocr_line' id='line_1_90' title="bbox 1934 4414 3504 4491; baseline 0.008 -25"><span class='ocrx_word' id='word_1_629' title='bbox 1934 4414 2035 4467; x_wconf 90' lang='lat' dir='ltr'><strong>itui</strong></span> <span class='ocrx_word' id='word_1_630' title='bbox 2099 4416 2329 4484; x_wconf 79' lang='lat' dir='ltr'><strong>proximi</strong></span> <span class='ocrx_word' id='word_1_631' title='bbox 2381 4425 2570 4478; x_wconf 84' lang='lat' dir='ltr'><strong>erant;</strong></span> <span class='ocrx_word' id='word_1_632' title='bbox 2605 4427 2660 4470; x_wconf 93' lang='lat' dir='ltr'><strong>et</strong></span> <span class='ocrx_word' id='word_1_633' title='bbox 2686 4419 2774 4470; x_wconf 84' lang='lat' dir='ltr'><strong>vix</strong></span> <span class='ocrx_word' id='word_1_634' title='bbox 2812 4420 3007 4474; x_wconf 86' lang='lat' dir='ltr'><strong>licebat</strong></span> <span class='ocrx_word' id='word_1_635' title='bbox 3055 4434 3237 4489; x_wconf 85' lang='lat' dir='ltr'><strong>portas</strong></span> <span class='ocrx_word' id='word_1_636' title='bbox 3267 4427 3504 4491; x_wconf 87' lang='lat' dir='ltr'><strong>aperire,</strong></span> 
     </span>
    </p>
   </div>
   <div class='ocr_carea' id='block_1_91' title="bbox 250 4489 1927 4580">
    <p class='ocr_par' dir='ltr' id='par_1_91' title="bbox 250 4489 1906 4574">
     <span class='ocr_line' id='line_1_91' title="bbox 250 4489 1906 4574; baseline -0.007 -12"><span class='ocrx_word' id='word_1_637' title='bbox 250 4508 352 4562; x_wconf 84' lang='grc' dir='ltr'><strong>τοῦ</strong></span> <span class='ocrx_word' id='word_1_638' title='bbox 392 4508 647 4560; x_wconf 82' lang='grc' dir='ltr'><strong>τεθνάναι</strong></span> <span class='ocrx_word' id='word_1_639' title='bbox 706 4507 953 4574; x_wconf 74' lang='grc' dir='ltr'><strong>ἐγένοντο</strong></span> <span class='ocrx_word' id='word_1_640' title='bbox 980 4522 993 4536; x_wconf 89' lang='grc'><strong>·</strong></span> <span class='ocrx_word' id='word_1_641' title='bbox 1051 4504 1148 4566; x_wconf 86' lang='grc' dir='ltr'><strong>τάς</strong></span> <span class='ocrx_word' id='word_1_642' title='bbox 1177 4520 1235 4554; x_wconf 91' lang='grc' dir='ltr'><strong>τε</strong></span> <span class='ocrx_word' id='word_1_643' title='bbox 1274 4503 1449 4564; x_wconf 84' lang='grc' dir='ltr'><strong>πύλας</strong></span> <span class='ocrx_word' id='word_1_644' title='bbox 1503 4501 1743 4568; x_wconf 83' lang='grc' dir='ltr'><strong>ἀνοίγειν</strong></span> <span class='ocrx_word' id='word_1_645' title='bbox 1767 4502 1829 4552; x_wconf 82' lang='grc' dir='ltr'><strong>οὐ</strong></span> <span class='ocrx_word' id='word_1_646' title='bbox 1866 4489 1906 4541; x_wconf 78' lang='grc' dir='ltr'><strong>Ῑ)</strong></span> 
     </span>
    </p>
   </div>
   <div class='ocr_carea' id='block_1_92' title="bbox 1827 4489 3504 4580">
    <p class='ocr_par' dir='ltr' id='par_1_92' title="bbox 1827 4489 3504 4580">
     <span class='ocr_line' id='line_1_92' title="bbox 1827 4489 3504 4580; baseline 0.007 -23"><span class='ocrx_word' id='word_1_647' title='bbox 1827 4526 1829 4544; x_wconf 68' lang='grc' dir='ltr'><strong>ι</strong></span> <span class='ocrx_word' id='word_1_648' title='bbox 1866 4489 1906 4541; x_wconf 74' lang='grc' dir='ltr'><strong>θ</strong></span> <span class='ocrx_word' id='word_1_649' title='bbox 1932 4505 2283 4560; x_wconf 87' lang='lat' dir='ltr'><strong>multitudine</strong></span> <span class='ocrx_word' id='word_1_650' title='bbox 2313 4506 2549 4561; x_wconf 90' lang='lat' dir='ltr'><strong>hostium</strong></span> <span class='ocrx_word' id='word_1_651' title='bbox 2577 4509 2974 4578; x_wconf 72' lang='lat' dir='ltr'><strong>circumdatas,</strong></span> <span class='ocrx_word' id='word_1_652' title='bbox 3006 4522 3062 4566; x_wconf 91' lang='lat' dir='ltr'><strong>ct</strong></span> <span class='ocrx_word' id='word_1_653' title='bbox 3091 4514 3279 4580; x_wconf 86' lang='lat' dir='ltr'><strong>procul</strong></span> <span class='ocrx_word' id='word_1_654' title='bbox 3302 4489 3504 4569; x_wconf 37' lang='lat' dir='ltr'><strong>llomas</strong></span> 
     </span>
    </p>
   </div>
   <div class='ocr_carea' id='block_1_93' title="bbox 257 4597 1835 4673">
    <p class='ocr_par' dir='ltr' id='par_1_93' title="bbox 257 4597 1835 4673">
     <span class='ocr_line' id='line_1_93' title="bbox 257 4597 1835 4673; baseline -0.006 -15"><span class='ocrx_word' id='word_1_655' title='bbox 257 4605 409 4673; x_wconf 82' lang='grc' dir='ltr'><strong>μάλα</strong></span> <span class='ocrx_word' id='word_1_656' title='bbox 458 4604 604 4673; x_wconf 80' lang='grc' dir='ltr'><strong>ἐνῆν,</strong></span> <span class='ocrx_word' id='word_1_657' title='bbox 640 4601 1307 4670; x_wconf 82' lang='grc' dir='ltr'><strong>περιστρατοπεδευόντων</strong></span> <span class='ocrx_word' id='word_1_658' title='bbox 1331 4597 1472 4650; x_wconf 84' lang='grc' dir='ltr'><strong>κατὰ</strong></span> <span class='ocrx_word' id='word_1_659' title='bbox 1518 4597 1698 4665; x_wconf 77' lang='grc' dir='ltr'><strong>πλήθη</strong></span> <span class='ocrx_word' id='word_1_660' title='bbox 1724 4597 1835 4648; x_wconf 86' lang='grc' dir='ltr'><strong>τῶν</strong></span> 
     </span>
    </p>
   </div>
   <div class='ocr_carea' id='block_1_94' title="bbox 256 4686 1839 4764">
    <p class='ocr_par' dir='ltr' id='par_1_94' title="bbox 256 4686 1839 4764">
     <span class='ocr_line' id='line_1_94' title="bbox 256 4686 1839 4764; baseline -0.006 -19"><span class='ocrx_word' id='word_1_661' title='bbox 256 4694 542 4764; x_wconf 80' lang='grc' dir='ltr'><strong>πολεμίων</strong></span> <span class='ocrx_word' id='word_1_662' title='bbox 561 4708 577 4722; x_wconf 79' lang='grc' dir='ltr'><strong>ο</strong></span> <span class='ocrx_word' id='word_1_663' title='bbox 601 4693 670 4745; x_wconf 83' lang='grc' dir='ltr'><strong>τά</strong></span> <span class='ocrx_word' id='word_1_664' title='bbox 701 4707 761 4742; x_wconf 86' lang='grc' dir='ltr'><strong>τε</strong></span> <span class='ocrx_word' id='word_1_665' title='bbox 822 4689 1110 4758; x_wconf 86' lang='grc' dir='ltr'><strong>Ῥωμαίων</strong></span> <span class='ocrx_word' id='word_1_666' title='bbox 1141 4687 1422 4757; x_wconf 73' lang='grc' dir='ltr'><strong>ἀπῴκιστο</strong></span> <span class='ocrx_word' id='word_1_667' title='bbox 1458 4688 1585 4756; x_wconf 87' lang='grc' dir='ltr'><strong>ὅρια</strong></span> <span class='ocrx_word' id='word_1_668' title='bbox 1608 4703 1623 4716; x_wconf 76' lang='grc' dir='ltr'><strong>ο</strong></span> <span class='ocrx_word' id='word_1_669' title='bbox 1651 4686 1839 4738; x_wconf 85' lang='grc' dir='ltr'><strong>διακυ-</strong></span> 
     </span>
    </p>
   </div>
   <div class='ocr_carea' id='block_1_95' title="bbox 257 4777 1838 4848">
    <p class='ocr_par' dir='ltr' id='par_1_95' title="bbox 257 4777 1838 4848">
     <span class='ocr_line' id='line_1_95' title="bbox 257 4777 1838 4848; baseline -0.007 -10"><span class='ocrx_word' id='word_1_670' title='bbox 257 4783 562 4845; x_wconf 84' lang='grc' dir='ltr'><strong>6εύσαντάς</strong></span> <span class='ocrx_word' id='word_1_671' title='bbox 590 4800 649 4833; x_wconf 87' lang='grc' dir='ltr'><strong>τε</strong></span> <span class='ocrx_word' id='word_1_672' title='bbox 671 4783 762 4834; x_wconf 87' lang='grc' dir='ltr'><strong>τὸν</strong></span> <span class='ocrx_word' id='word_1_673' title='bbox 789 4782 1036 4833; x_wconf 85' lang='grc' dir='ltr'><strong>κίνδυνον</strong></span> <span class='ocrx_word' id='word_1_674' title='bbox 1067 4779 1308 4848; x_wconf 80' lang='grc' dir='ltr'><strong>οἴχεσθαι</strong></span> <span class='ocrx_word' id='word_1_675' title='bbox 1336 4777 1510 4848; x_wconf 85' lang='grc' dir='ltr'><strong>λάθρα</strong></span> <span class='ocrx_word' id='word_1_676' title='bbox 1529 4778 1665 4847; x_wconf 80' lang='grc' dir='ltr'><strong>πρὸς</strong></span> <span class='ocrx_word' id='word_1_677' title='bbox 1696 4794 1838 4841; x_wconf 77' lang='grc' dir='ltr'><strong>συμσ</strong></span> 
     </span>
    </p>
   </div>
   <div class='ocr_carea' id='block_1_96' title="bbox 260 4870 1837 4946">
    <p class='ocr_par' dir='ltr' id='par_1_96' title="bbox 260 4870 1837 4946">
     <span class='ocr_line' id='line_1_96' title="bbox 260 4870 1837 4946; baseline -0.003 -20"><span class='ocrx_word' id='word_1_678' title='bbox 260 4874 471 4946; x_wconf 77' lang='grc' dir='ltr'><strong>μαχίδα</strong></span> <span class='ocrx_word' id='word_1_679' title='bbox 523 4873 677 4924; x_wconf 79' lang='grc' dir='ltr'><strong>πόλιν</strong></span> <span class='ocrx_word' id='word_1_680' title='bbox 729 4872 1054 4939; x_wconf 77' lang='grc' dir='ltr'><strong>ἐγγίζουσαν</strong></span> <span class='ocrx_word' id='word_1_681' title='bbox 1100 4874 1194 4922; x_wconf 76' lang='grc' dir='ltr'><strong>καὶ</strong></span> <span class='ocrx_word' id='word_1_682' title='bbox 1224 4870 1488 4938; x_wconf 87' lang='grc' dir='ltr'><strong>παράλιον</strong></span> <span class='ocrx_word' id='word_1_683' title='bbox 1517 4870 1837 4936; x_wconf 81' lang='grc' dir='ltr'><strong>ἀπέγνωστό</strong></span> 
     </span>
    </p>
   </div>
   <div class='ocr_carea' id='block_1_97' title="bbox 259 4948 1834 5036">
    <p class='ocr_par' dir='ltr' id='par_1_97' title="bbox 259 4948 1834 5036">
     <span class='ocr_line' id='line_1_97' title="bbox 259 4948 1834 5036; baseline -0.005 -18"><span class='ocrx_word' id='word_1_684' title='bbox 259 4984 418 5036; x_wconf 80' lang='grc' dir='ltr'><strong>σφισι</strong></span> <span class='ocrx_word' id='word_1_685' title='bbox 445 4968 536 5018; x_wconf 75' lang='grc' dir='ltr'><strong>καὶ</strong></span> <span class='ocrx_word' id='word_1_686' title='bbox 566 4948 843 5017; x_wconf 72' lang='grc' dir='ltr'><strong>τοῦτο.”Η</strong></span> <span class='ocrx_word' id='word_1_687' title='bbox 869 4966 976 5034; x_wconf 74' lang='grc' dir='ltr'><strong>γὰρ</strong></span> <span class='ocrx_word' id='word_1_688' title='bbox 1001 4965 1149 5024; x_wconf 79' lang='grc' dir='ltr'><strong>πόλις</strong></span> <span class='ocrx_word' id='word_1_689' title='bbox 1182 4962 1462 5031; x_wconf 80' lang='grc' dir='ltr'><strong>Ἀγχίαλος</strong></span> <span class='ocrx_word' id='word_1_690' title='bbox 1486 4961 1718 5026; x_wconf 86' lang='grc' dir='ltr'><strong>πολεμία</strong></span> <span class='ocrx_word' id='word_1_691' title='bbox 1742 4957 1834 5030; x_wconf 80' lang='grc' dir='ltr'><strong>ἦν,</strong></span> 
     </span>
    </p>
   </div>
   <div class='ocr_carea' id='block_1_98' title="bbox 259 5049 1840 5129">
    <p class='ocr_par' dir='ltr' id='par_1_98' title="bbox 259 5049 1840 5129">
     <span class='ocr_line' id='line_1_98' title="bbox 259 5049 1840 5129; baseline -0.004 -20"><span class='ocrx_word' id='word_1_692' title='bbox 259 5060 296 5129; x_wconf 84' lang='grc' dir='ltr'>ἦ</span> <span class='ocrx_word' id='word_1_693' title='bbox 331 5075 392 5109; x_wconf 83' lang='grc' dir='ltr'><strong>τε</strong></span> <span class='ocrx_word' id='word_1_694' title='bbox 427 5056 764 5127; x_wconf 75' lang='grc' dir='ltr'><strong>Μεσημϐρία</strong></span> <span class='ocrx_word' id='word_1_695' title='bbox 817 5055 1126 5124; x_wconf 84' lang='grc' dir='ltr'><strong>καλουμένη</strong></span> <span class='ocrx_word' id='word_1_696' title='bbox 1153 5054 1250 5122; x_wconf 82' lang='grc' dir='ltr'><strong>τὴν</strong></span> <span class='ocrx_word' id='word_1_697' title='bbox 1299 5049 1468 5123; x_wconf 79' lang='grc' dir='ltr'><strong>ἧτταν</strong></span> <span class='ocrx_word' id='word_1_698' title='bbox 1520 5053 1678 5114; x_wconf 81' lang='grc' dir='ltr'><strong>εὐθὺς</strong></span> <span class='ocrx_word' id='word_1_699' title='bbox 1704 5054 1840 5123; x_wconf 81' lang='grc' dir='ltr'><strong>ἀκη-</strong></span> 
     </span>
    </p>
   </div>
   <div class='ocr_carea' id='block_1_99' title="bbox 261 5144 1838 5218">
    <p class='ocr_par' dir='ltr' id='par_1_99' title="bbox 261 5144 1838 5218">
     <span class='ocr_line' id='line_1_99' title="bbox 261 5144 1838 5218; baseline -0.004 -17"><span class='ocrx_word' id='word_1_700' title='bbox 261 5151 423 5201; x_wconf 87' lang='grc' dir='ltr'><strong>κουῖα</strong></span> <span class='ocrx_word' id='word_1_701' title='bbox 471 5149 758 5218; x_wconf 82' lang='grc' dir='ltr'><strong>Ῥωμαίων</strong></span> <span class='ocrx_word' id='word_1_702' title='bbox 791 5147 1046 5217; x_wconf 76' lang='grc' dir='ltr'><strong>μετέθετο</strong></span> <span class='ocrx_word' id='word_1_703' title='bbox 1072 5147 1164 5198; x_wconf 72' lang='grc' dir='ltr'><strong>καὶ</strong></span> <span class='ocrx_word' id='word_1_704' title='bbox 1193 5147 1288 5215; x_wconf 81' lang='grc' dir='ltr'><strong>τὴν</strong></span> <span class='ocrx_word' id='word_1_705' title='bbox 1323 5148 1501 5197; x_wconf 78' lang='grc' dir='ltr'><strong>ἐκεῖσε</strong></span> <span class='ocrx_word' id='word_1_706' title='bbox 1547 5144 1838 5212; x_wconf 83' lang='grc' dir='ltr'><strong>Ῥωμαίων</strong></span> 
     </span>
    </p>
   </div>
   <div class='ocr_carea' id='block_1_100' title="bbox 263 5234 1840 5309">
    <p class='ocr_par' dir='ltr' id='par_1_100' title="bbox 263 5234 1840 5309">
     <span class='ocr_line' id='line_1_100' title="bbox 263 5234 1840 5309; baseline -0.004 -19"><span class='ocrx_word' id='word_1_707' title='bbox 263 5239 514 5309; x_wconf 74' lang='grc' dir='ltr'><strong>φρουρὰν</strong></span> <span class='ocrx_word' id='word_1_708' title='bbox 544 5239 906 5306; x_wconf 67' lang='grc' dir='ltr'><strong>ἀποσφάξασα</strong></span> <span class='ocrx_word' id='word_1_709' title='bbox 939 5236 1161 5306; x_wconf 62' lang='grc' dir='ltr'><strong>ἔρριψεν</strong></span> <span class='ocrx_word' id='word_1_710' title='bbox 1185 5237 1246 5286; x_wconf 78' lang='grc' dir='ltr'><strong>ἐκ</strong></span> <span class='ocrx_word' id='word_1_711' title='bbox 1271 5234 1368 5287; x_wconf 79' lang='grc' dir='ltr'><strong>τοῦ</strong></span> <span class='ocrx_word' id='word_1_712' title='bbox 1403 5234 1632 5302; x_wconf 77' lang='grc' dir='ltr'><strong>τείχους,</strong></span> <span class='ocrx_word' id='word_1_713' title='bbox 1663 5234 1840 5301; x_wconf 65' lang='grc' dir='ltr'><strong>ὁπόση</strong></span> 
     </span>
    </p>
   </div>
   <div class='ocr_carea' id='block_1_101' title="bbox 267 5327 1839 5400">
    <p class='ocr_par' dir='ltr' id='par_1_101' title="bbox 267 5327 1839 5400">
     <span class='ocr_line' id='line_1_101' title="bbox 267 5327 1839 5400; baseline -0.004 -17"><span class='ocrx_word' id='word_1_714' title='bbox 267 5333 349 5400; x_wconf 83' lang='grc' dir='ltr'><strong>μὴ</strong></span> <span class='ocrx_word' id='word_1_715' title='bbox 397 5330 535 5400; x_wconf 75' lang='grc' dir='ltr'><strong>ἔφθη</strong></span> <span class='ocrx_word' id='word_1_716' title='bbox 590 5329 859 5399; x_wconf 82' lang='grc' dir='ltr'><strong>φυγοῦσα.</strong></span> <span class='ocrx_word' id='word_1_717' title='bbox 905 5331 968 5381; x_wconf 85' lang='grc' dir='ltr'><strong>Ὀ</strong></span> <span class='ocrx_word' id='word_1_718' title='bbox 1026 5330 1091 5396; x_wconf 70' lang='grc' dir='ltr'><strong>δὴ</strong></span> <span class='ocrx_word' id='word_1_719' title='bbox 1127 5328 1498 5396; x_wconf 80' lang='grc' dir='ltr'><strong>πεποιήκεσαν</strong></span> <span class='ocrx_word' id='word_1_720' title='bbox 1549 5328 1646 5378; x_wconf 80' lang='grc' dir='ltr'><strong>καὶ</strong></span> <span class='ocrx_word' id='word_1_721' title='bbox 1669 5327 1839 5377; x_wconf 80' lang='grc' dir='ltr'><strong>ὁπόσα</strong></span> 
     </span>
    </p>
   </div>
   <div class='ocr_carea' id='block_1_102' title="bbox 265 5417 1842 5494">
    <p class='ocr_par' dir='ltr' id='par_1_102' title="bbox 265 5417 1842 5494">
     <span class='ocr_line' id='line_1_102' title="bbox 265 5417 1842 5494; baseline -0.004 -18"><span class='ocrx_word' id='word_1_722' title='bbox 265 5425 402 5494; x_wconf 71' lang='grc' dir='ltr'><strong>περ).</strong></span> <span class='ocrx_word' id='word_1_723' title='bbox 454 5424 544 5478; x_wconf 80' lang='grc' dir='ltr'><strong>τὸν</strong></span> <span class='ocrx_word' id='word_1_724' title='bbox 591 5417 764 5492; x_wconf 81' lang='grc' dir='ltr'><strong>Αἷμον</strong></span> <span class='ocrx_word' id='word_1_725' title='bbox 823 5419 1062 5490; x_wconf 82' lang='grc' dir='ltr'><strong>φρούρια</strong></span> <span class='ocrx_word' id='word_1_726' title='bbox 1122 5420 1336 5473; x_wconf 72' lang='grc' dir='ltr'><strong>πάντα⁸</strong></span> <span class='ocrx_word' id='word_1_727' title='bbox 1393 5417 1616 5488; x_wconf 63' lang='grc' dir='ltr'><strong>θαρρεῖν</strong></span> <span class='ocrx_word' id='word_1_728' title='bbox 1651 5434 1706 5468; x_wconf 78' lang='grc' dir='ltr'><strong>τε</strong></span> <span class='ocrx_word' id='word_1_729' title='bbox 1739 5418 1842 5470; x_wconf 67' lang='grc' dir='ltr'><strong>οὐκ</strong></span> 
     </span>
    </p>
   </div>
   <div class='ocr_carea' id='block_1_103' title="bbox 1931 4598 3503 4674">
    <p class='ocr_par' dir='ltr' id='par_1_103' title="bbox 1931 4598 3503 4674">
     <span class='ocr_line' id='line_1_103' title="bbox 1931 4598 3503 4674; baseline 0.006 -23"><span class='ocrx_word' id='word_1_730' title='bbox 1931 4613 2127 4651; x_wconf 91' lang='lat' dir='ltr'><strong>norum</strong></span> <span class='ocrx_word' id='word_1_731' title='bbox 2175 4598 2310 4652; x_wconf 88' lang='lat' dir='ltr'><strong>lines</strong></span> <span class='ocrx_word' id='word_1_732' title='bbox 2356 4599 2626 4661; x_wconf 89' lang='lat' dir='ltr'><strong>aberant,</strong></span> <span class='ocrx_word' id='word_1_733' title='bbox 2658 4615 2721 4654; x_wconf 87' lang='lat' dir='ltr'><strong>ac</strong></span> <span class='ocrx_word' id='word_1_734' title='bbox 2751 4616 2818 4654; x_wconf 90' lang='lat' dir='ltr'><strong>ne</strong></span> <span class='ocrx_word' id='word_1_735' title='bbox 2848 4618 2972 4669; x_wconf 84' lang='lat' dir='ltr'><strong>spes</strong></span> <span class='ocrx_word' id='word_1_736' title='bbox 3002 4604 3221 4674; x_wconf 87' lang='lat' dir='ltr'><strong>quidem</strong></span> <span class='ocrx_word' id='word_1_737' title='bbox 3264 4606 3503 4671; x_wconf 84' lang='lat' dir='ltr'><strong>suberat,</strong></span> 
     </span>
    </p>
   </div>
   <div class='ocr_carea' id='block_1_104' title="bbox 1933 4690 3508 4754">
    <p class='ocr_par' dir='ltr' id='par_1_104' title="bbox 1933 4690 3508 4754">
     <span class='ocr_line' id='line_1_104' title="bbox 1933 4690 3508 4754; baseline 0.006 -12"><span class='ocrx_word' id='word_1_738' title='bbox 1933 4699 2139 4743; x_wconf 86' lang='lat' dir='ltr'><strong>tentata</strong></span> <span class='ocrx_word' id='word_1_739' title='bbox 2185 4690 2424 4754; x_wconf 80' lang='lat' dir='ltr'><strong>fortuna,</strong></span> <span class='ocrx_word' id='word_1_740' title='bbox 2457 4691 2592 4745; x_wconf 75' lang='lat' dir='ltr'><strong>clam</strong></span> <span class='ocrx_word' id='word_1_741' title='bbox 2624 4692 2690 4744; x_wconf 91' lang='lat' dir='ltr'><strong>ad</strong></span> <span class='ocrx_word' id='word_1_742' title='bbox 2725 4693 3011 4747; x_wconf 81' lang='lat' dir='ltr'><strong>ﬁnitimam</strong></span> <span class='ocrx_word' id='word_1_743' title='bbox 3074 4697 3263 4750; x_wconf 91' lang='lat' dir='ltr'><strong>urbem</strong></span> <span class='ocrx_word' id='word_1_744' title='bbox 3304 4699 3508 4752; x_wconf 87' lang='lat' dir='ltr'><strong>sociam</strong></span> 
     </span>
    </p>
   </div>
   <div class='ocr_carea' id='block_1_105' title="bbox 1930 4783 3508 4850">
    <p class='ocr_par' dir='ltr' id='par_1_105' title="bbox 1930 4783 3508 4850">
     <span class='ocr_line' id='line_1_105' title="bbox 1930 4783 3508 4850; baseline 0.003 -14"><span class='ocrx_word' id='word_1_745' title='bbox 1930 4797 2165 4850; x_wconf 89' lang='lat' dir='ltr'><strong>eamque</strong></span> <span class='ocrx_word' id='word_1_746' title='bbox 2243 4783 2570 4836; x_wconf 87' lang='lat' dir='ltr'><strong>maritimam</strong></span> <span class='ocrx_word' id='word_1_747' title='bbox 2645 4783 2934 4837; x_wconf 87' lang='lat' dir='ltr'><strong>evadendi.</strong></span> <span class='ocrx_word' id='word_1_748' title='bbox 3008 4785 3140 4838; x_wconf 77' lang='lat' dir='ltr'><strong>Nam</strong></span> <span class='ocrx_word' id='word_1_749' title='bbox 3209 4787 3508 4841; x_wconf 73' lang='lat' dir='ltr'><strong>Anchialos</strong></span> 
     </span>
    </p>
   </div>
   <div class='ocr_carea' id='block_1_106' title="bbox 1944 4873 3512 4937">
    <p class='ocr_par' dir='ltr' id='par_1_106' title="bbox 1944 4873 3512 4937">
     <span class='ocr_line' id='line_1_106' title="bbox 1944 4873 3512 4937; baseline 0.006 -13"><span class='ocrx_word' id='word_1_750' title='bbox 1944 4873 2161 4926; x_wconf 87' lang='lat' dir='ltr'><strong>hostilis</strong></span> <span class='ocrx_word' id='word_1_751' title='bbox 2217 4882 2371 4937; x_wconf 86' lang='lat' dir='ltr'><strong>erat;</strong></span> <span class='ocrx_word' id='word_1_752' title='bbox 2429 4885 2485 4927; x_wconf 86' lang='lat' dir='ltr'><strong>et</strong></span> <span class='ocrx_word' id='word_1_753' title='bbox 2536 4873 2859 4929; x_wconf 80' lang='lat' dir='ltr'><strong>Mesembria</strong></span> <span class='ocrx_word' id='word_1_754' title='bbox 2929 4876 3298 4930; x_wconf 76' lang='lat' dir='ltr'><strong>Roiiianorum</strong></span> <span class='ocrx_word' id='word_1_755' title='bbox 3355 4879 3512 4934; x_wconf 86' lang='lat' dir='ltr'><strong>clade</strong></span> 
     </span>
    </p>
   </div>
   <div class='ocr_carea' id='block_1_107' title="bbox 1941 4965 3513 5036">
    <p class='ocr_par' dir='ltr' id='par_1_107' title="bbox 1941 4965 3513 5036">
     <span class='ocr_line' id='line_1_107' title="bbox 1941 4965 3513 5036; baseline 0.004 -19"><span class='ocrx_word' id='word_1_756' title='bbox 1941 4965 2128 5018; x_wconf 88' lang='lat' dir='ltr'><strong>audita</strong></span> <span class='ocrx_word' id='word_1_757' title='bbox 2185 4968 2369 5019; x_wconf 88' lang='lat' dir='ltr'><strong>statim</strong></span> <span class='ocrx_word' id='word_1_758' title='bbox 2426 4965 2741 5026; x_wconf 80' lang='lat' dir='ltr'><strong>defecerat.</strong></span> <span class='ocrx_word' id='word_1_759' title='bbox 2804 4976 2859 5019; x_wconf 84' lang='lat' dir='ltr'><strong>et</strong></span> <span class='ocrx_word' id='word_1_760' title='bbox 2906 4969 3175 5036; x_wconf 60' lang='lat' dir='ltr'><strong>pra‘sidiis</strong></span> <span class='ocrx_word' id='word_1_761' title='bbox 3256 4971 3513 5024; x_wconf 77' lang='lat' dir='ltr'><strong>Romanis</strong></span> 
     </span>
    </p>
   </div>
   <div class='ocr_carea' id='block_1_108' title="bbox 1935 5056 3510 5128">
    <p class='ocr_par' dir='ltr' id='par_1_108' title="bbox 1935 5056 3510 5128">
     <span class='ocr_line' id='line_1_108' title="bbox 1935 5056 3510 5128; baseline 0.001 -19"><span class='ocrx_word' id='word_1_762' title='bbox 1935 5056 2092 5111; x_wconf 72' lang='lat' dir='ltr'><strong>czesis</strong></span> <span class='ocrx_word' id='word_1_763' title='bbox 2125 5071 2318 5111; x_wconf 87' lang='lat' dir='ltr'><strong>omnes</strong></span> <span class='ocrx_word' id='word_1_764' title='bbox 2343 5073 2460 5122; x_wconf 81' lang='lat' dir='ltr'><strong>eos,</strong></span> <span class='ocrx_word' id='word_1_765' title='bbox 2485 5059 2576 5126; x_wconf 91' lang='lat' dir='ltr'><strong>qui</strong></span> <span class='ocrx_word' id='word_1_766' title='bbox 2606 5058 2730 5128; x_wconf 72' lang='lat' dir='ltr'><strong>fuga</strong></span> <span class='ocrx_word' id='word_1_767' title='bbox 2761 5060 2993 5112; x_wconf 80' lang='lat' dir='ltr'><strong>salutent</strong></span> <span class='ocrx_word' id='word_1_768' title='bbox 3029 5077 3135 5113; x_wconf 73' lang='lat' dir='ltr'><strong>non</strong></span> <span class='ocrx_word' id='word_1_769' title='bbox 3160 5065 3510 5128; x_wconf 71' lang='lat' dir='ltr'><strong>(|llil‘Slt&#39;l&quot;.llll,</strong></span> 
     </span>
    </p>
   </div>
   <div class='ocr_carea' id='block_1_109' title="bbox 1933 5149 3510 5221">
    <p class='ocr_par' dir='ltr' id='par_1_109' title="bbox 1933 5149 3510 5221">
     <span class='ocr_line' id='line_1_109' title="bbox 1933 5149 3510 5221; baseline 0.003 -18"><span class='ocrx_word' id='word_1_770' title='bbox 1933 5161 1968 5203; x_wconf 88' lang='lat' dir='ltr'><strong>e</strong></span> <span class='ocrx_word' id='word_1_771' title='bbox 2014 5149 2285 5202; x_wconf 68' lang='lat' dir='ltr'><strong>iuuenibus</strong></span> <span class='ocrx_word' id='word_1_772' title='bbox 2343 5149 2638 5221; x_wconf 71' lang='lat' dir='ltr'><strong>deiecerat.</strong></span> <span class='ocrx_word' id='word_1_773' title='bbox 2701 5151 2844 5204; x_wconf 86' lang='lat' dir='ltr'><strong>Idem</strong></span> <span class='ocrx_word' id='word_1_774' title='bbox 2905 5162 3098 5205; x_wconf 71' lang='lat' dir='ltr'><strong>ca&#39;tera</strong></span> <span class='ocrx_word' id='word_1_775' title='bbox 3149 5154 3216 5206; x_wconf 87' lang='lat' dir='ltr'><strong>ad</strong></span> <span class='ocrx_word' id='word_1_776' title='bbox 3268 5153 3510 5208; x_wconf 81' lang='lat' dir='ltr'><strong>“.L‘llllllll</strong></span> 
     </span>
    </p>
   </div>
   <div class='ocr_carea' id='block_1_110' title="bbox 1937 5240 3516 5314">
    <p class='ocr_par' dir='ltr' id='par_1_110' title="bbox 1937 5240 3516 5314">
     <span class='ocr_line' id='line_1_110' title="bbox 1937 5240 3516 5314; baseline 0.004 -21"><span class='ocrx_word' id='word_1_777' title='bbox 1937 5240 2161 5293; x_wconf 88' lang='lat' dir='ltr'><strong>castella</strong></span> <span class='ocrx_word' id='word_1_778' title='bbox 2198 5241 2441 5293; x_wconf 80' lang='lat' dir='ltr'><strong>fecerant</strong></span> <span class='ocrx_word' id='word_1_779' title='bbox 2473 5244 2678 5296; x_wconf 89' lang='lat' dir='ltr'><strong>omnia.</strong></span> <span class='ocrx_word' id='word_1_780' title='bbox 2732 5244 2842 5296; x_wconf 74' lang='lat' dir='ltr'><strong>Nec</strong></span> <span class='ocrx_word' id='word_1_781' title='bbox 2886 5243 3054 5314; x_wconf 61' lang='lat'><strong>433</strong></span> <span class='ocrx_word' id='word_1_782' title='bbox 3085 5246 3151 5297; x_wconf 93' lang='lat' dir='ltr'><strong>de</strong></span> <span class='ocrx_word' id='word_1_783' title='bbox 3178 5246 3431 5298; x_wconf 75' lang='lat' dir='ltr'><strong>libertate</strong></span> <span class='ocrx_word' id='word_1_784' title='bbox 3461 5258 3516 5299; x_wconf 79' lang='lat' dir='ltr'><strong>et</strong></span> 
     </span>
    </p>
   </div>
   <div class='ocr_carea' id='block_1_111' title="bbox 1941 5330 3511 5400">
    <p class='ocr_par' dir='ltr' id='par_1_111' title="bbox 1941 5330 3511 5400">
     <span class='ocr_line' id='line_1_111' title="bbox 1941 5330 3511 5400; baseline 0.006 -20"><span class='ocrx_word' id='word_1_785' title='bbox 1941 5330 2273 5383; x_wconf 81' lang='lat' dir='ltr'><strong>redimendis</strong></span> <span class='ocrx_word' id='word_1_786' title='bbox 2301 5331 2530 5398; x_wconf 86' lang='lat' dir='ltr'><strong>captivis</strong></span> <span class='ocrx_word' id='word_1_787' title='bbox 2560 5331 2768 5400; x_wconf 76' lang='lat' dir='ltr'><strong>legatos</strong></span> <span class='ocrx_word' id='word_1_788' title='bbox 2796 5334 2862 5386; x_wconf 89' lang='lat' dir='ltr'><strong>ad</strong></span> <span class='ocrx_word' id='word_1_789' title='bbox 2896 5335 3260 5387; x_wconf 79' lang='lat' dir='ltr'><strong>Alexandrum</strong></span> <span class='ocrx_word' id='word_1_790' title='bbox 3293 5338 3511 5389; x_wconf 71' lang='lat' dir='ltr'><strong>mittue</strong></span> 
     </span>
    </p>
   </div>
   <div class='ocr_carea' id='block_1_112' title="bbox 1941 5422 3514 5494">
    <p class='ocr_par' dir='ltr' id='par_1_112' title="bbox 1941 5422 3514 5494">
     <span class='ocr_line' id='line_1_112' title="bbox 1941 5422 3514 5494; baseline 0.004 -20"><span class='ocrx_word' id='word_1_791' title='bbox 1941 5422 2237 5486; x_wconf 89' lang='lat' dir='ltr'><strong>audebant,</strong></span> <span class='ocrx_word' id='word_1_792' title='bbox 2282 5438 2404 5475; x_wconf 90' lang='lat' dir='ltr'><strong>cum</strong></span> <span class='ocrx_word' id='word_1_793' title='bbox 2453 5424 2526 5476; x_wconf 77' lang='lat' dir='ltr'><strong>ita</strong></span> <span class='ocrx_word' id='word_1_794' title='bbox 2574 5439 2632 5478; x_wconf 90' lang='lat' dir='ltr'><strong>se</strong></span> <span class='ocrx_word' id='word_1_795' title='bbox 2679 5441 2745 5494; x_wconf 76' lang='lat' dir='ltr'><strong>ge</strong></span> <span class='ocrx_word' id='word_1_796' title='bbox 2777 5427 2998 5490; x_wconf 88' lang='lat' dir='ltr'><strong>sissent,</strong></span> <span class='ocrx_word' id='word_1_797' title='bbox 3040 5441 3098 5479; x_wconf 87' lang='lat' dir='ltr'><strong>ut</strong></span> <span class='ocrx_word' id='word_1_798' title='bbox 3145 5429 3291 5480; x_wconf 88' lang='lat' dir='ltr'><strong>nulla</strong></span> <span class='ocrx_word' id='word_1_799' title='bbox 3343 5431 3514 5481; x_wconf 65' lang='lat' dir='ltr'><strong>venia:</strong></span> 
     </span>
    </p>
   </div>
   <div class='ocr_carea' id='block_1_113' title="bbox 1620 5548 2174 5612">
    <p class='ocr_par' dir='ltr' id='par_1_113' title="bbox 1620 5548 2174 5612">
     <span class='ocr_line' id='line_1_113' title="bbox 1620 5548 2174 5612; baseline 0.013 -7"><span class='ocrx_word' id='word_1_800' title='bbox 1620 5548 1953 5610; x_wconf 88' lang='lat' dir='ltr'><strong>Variorum</strong></span> <span class='ocrx_word' id='word_1_801' title='bbox 1987 5559 2174 5612; x_wconf 64' lang='lat' dir='ltr'><strong>nota}.</strong></span> 
     </span>
    </p>
   </div>
   <div class='ocr_carea' id='block_1_114' title="bbox 345 5678 1830 5753">
    <p class='ocr_par' dir='ltr' id='par_1_114' title="bbox 345 5678 1830 5753">
     <span class='ocr_line' id='line_1_114' title="bbox 345 5678 1830 5753; baseline -0.003 -16"><span class='ocrx_word' id='word_1_802' title='bbox 345 5684 456 5753; x_wconf 73' lang='lat' dir='ltr'><strong>(Gl)</strong></span> <span class='ocrx_word' id='word_1_803' title='bbox 487 5682 714 5737; x_wconf 83' lang='lat' dir='ltr'><strong>Joannis</strong></span> <span class='ocrx_word' id='word_1_804' title='bbox 742 5680 1049 5750; x_wconf 58' lang='lat' dir='ltr'><strong>Palarol03i,</strong></span> <span class='ocrx_word' id='word_1_805' title='bbox 1081 5682 1237 5753; x_wconf 75' lang='lat' dir='ltr'><strong>cuius</strong></span> <span class='ocrx_word' id='word_1_806' title='bbox 1261 5696 1422 5753; x_wconf 70' lang='lat' dir='ltr'><strong>supra</strong></span> <span class='ocrx_word' id='word_1_807' title='bbox 1456 5678 1702 5732; x_wconf 88' lang='lat' dir='ltr'><strong>meminit</strong></span> <span class='ocrx_word' id='word_1_808' title='bbox 1733 5679 1830 5753; x_wconf 84' lang='lat' dir='ltr'><strong>lib.</strong></span> 
     </span>
    </p>
   </div>
   <div class='ocr_carea' id='block_1_115' title="bbox 269 5750 1832 5826">
    <p class='ocr_par' dir='ltr' id='par_1_115' title="bbox 269 5750 1832 5826">
     <span class='ocr_line' id='line_1_115' title="bbox 269 5750 1832 5826; baseline -0.003 -18"><span class='ocrx_word' id='word_1_809' title='bbox 269 5750 363 5818; x_wconf 69' lang='lat' dir='ltr'><strong>Ix,</strong></span> <span class='ocrx_word' id='word_1_810' title='bbox 413 5771 533 5826; x_wconf 80' lang='lat' dir='ltr'><strong>cap.</strong></span> <span class='ocrx_word' id='word_1_811' title='bbox 592 5753 685 5810; x_wconf 76' lang='grc'><strong>56.</strong></span> <span class='ocrx_word' id='word_1_812' title='bbox 740 5753 904 5814; x_wconf 87' lang='lat' dir='ltr'><strong>lilius,</strong></span> <span class='ocrx_word' id='word_1_813' title='bbox 956 5750 1324 5816; x_wconf 58' lang='lat' dir='ltr'><strong>Constantini,</strong></span> <span class='ocrx_word' id='word_1_814' title='bbox 1384 5750 1832 5821; x_wconf 67' lang='lat' dir='ltr'><strong>l‘orpliyrogeniti</strong></span> 
     </span>
    </p>
   </div>
   <div class='ocr_carea' id='block_1_116' title="bbox 1943 5680 3486 5758">
    <p class='ocr_par' dir='ltr' id='par_1_116' title="bbox 1943 5680 3486 5758">
     <span class='ocr_line' id='line_1_116' title="bbox 1943 5680 3486 5758; baseline 0.005 -25"><span class='ocrx_word' id='word_1_815' title='bbox 1943 5680 2219 5758; x_wconf 77' lang='lat' dir='ltr'><strong>Michaelis</strong></span> <span class='ocrx_word' id='word_1_816' title='bbox 2248 5684 2374 5749; x_wconf 88' lang='lat' dir='ltr'><strong>imp.</strong></span> <span class='ocrx_word' id='word_1_817' title='bbox 2413 5683 2506 5738; x_wconf 88' lang='lat' dir='ltr'><strong>lilii</strong></span> <span class='ocrx_word' id='word_1_818' title='bbox 2541 5701 2728 5756; x_wconf 88' lang='lat' dir='ltr'><strong>nepos.</strong></span> <span class='ocrx_word' id='word_1_819' title='bbox 2763 5686 2893 5741; x_wconf 72' lang='lat' dir='ltr'><strong>Vide</strong></span> <span class='ocrx_word' id='word_1_820' title='bbox 2921 5697 3147 5741; x_wconf 58' lang='lat' dir='ltr'><strong>stemma</strong></span> <span class='ocrx_word' id='word_1_821' title='bbox 3185 5689 3486 5758; x_wconf 60' lang='lat' dir='ltr'><strong>I’Mleolugo</strong></span> 
     </span>
    </p>
   </div>
   <div class='ocr_carea' id='block_1_117' title="bbox 1947 5754 2364 5812">
    <p class='ocr_par' dir='ltr' id='par_1_117' title="bbox 1947 5754 2364 5812">
     <span class='ocr_line' id='line_1_117' title="bbox 1947 5754 2364 5812; baseline 0.007 -8"><span class='ocrx_word' id='word_1_822' title='bbox 1947 5767 2088 5806; x_wconf 91' lang='lat' dir='ltr'><strong>rum.</strong></span> <span class='ocrx_word' id='word_1_823' title='bbox 2132 5754 2364 5812; x_wconf 67' lang='lat' dir='ltr'><strong>Ducam.</strong></span> 
     </span>
    </p>
   </div>
  </div>
