4248 6442
3103 404 3236 475 ίιιιιν.
3271 420 3510 460 annnam.

734 416 834 482 6'87
989 417 1062 481 ιλ.
1096 425 1150 462 ιι-
1185 406 1320 460 6836
1351 424 1413 459 λι»
1456 407 1615 477 68491
1942 412 2351 472 NICEPHOR]

2399 411 2780 473 GREgORA;
3103 406 3236 475 {:ur.
3271 420 3510 460 annnam
3590 423 3678 459 δικ
3717 408 3732 478 j
3888 417 3998 476 ί)δῄ

735 545 860 598 spes
891 528 1311 595 relinqueretur.
1345 524 1478 576 Nam
1508 532 1562 576 et
1583 524 1702 590 ejus
1735 523 1938 592 legatos
1967 522 2311 575 conlidenter
2343 559 2351 584 ε

2376 517 2564 589 ,εἷχον
2612 517 3098 588 διαπρεσϐεύεσθαι
3153 518 3281 590 περὶ
3329 520 3641 592 ἐλευθερίας
3674 523 3767 575 καὶ
3789 521 4001 592 λύτρωε

735 621 1043 675 deriseraut
1072 633 1135 670 ac
1178 631 1274 684 per
1309 616 1658 686 ignominiam
1709 614 2051 678 dimiserant,
2084 624 2138 668 et
2180 615 2308 667 Bul-

2416 618 2551 681 πρὸς
2619 611 2983 681 Ἀλέξανδρον.
3041 613 3116 664 Ou
3145 612 3254 681 γὰρ
3312 612 3664 667 ὑπελείποντὸ
3700 631 3820 667 τινα
3869 633 4004 683 συγ-

733 729 987 782 garorum
1031 727 1190 781 agros
1233 727 1356 765 cum
1393 708 1670 778 segetibus
1719 706 2100 771 incenderant,
2133 717 2187 760 et
2215 722 2311 759 ca-

2418 704 2641 775 γνὼμης
2697 705 2950 776 ἀφορμὴν
3002 706 3065 756 ὲκ
3116 705 3224 755 τῶν
3254 703 3600 770 φθασάντων.
3664 707 3775 774 Τήν
3799 724 3857 758 τε
3890 708 3999 778 γὰρ

734 819 953 876 ptorum
988 805 1336 860 castellorum
1375 803 1712 856 habitatores
1749 800 1889 853 male
1919 807 2236 853 tractarant.

2421 799 2629 849 ἐκείνου
2679 797 2809 868 περῖΙ
2862 797 3089 868 εἰρήνης
3146 793 3448 865 πρεσϐείαν
3500 796 3747 868 θρασέως
3786 815 3848 850 τε
3905 799 4001 853 καὶ

733 905 995 968 ἀκόσμως
1032 897 1270 971 [Ρ.5θθ]
1304 901 1638 966 ἀπέπεμψαν
1661 896 1790 958 τούς
1829 913 1890 948 τε
1944 895 2054 947 τῶν
2091 893 2418 964 Βουλγάρων
2471 895 2676 965 ἀγροὺς
2745 893 2884 964 μετὰ
2950 893 3060 946 τῶν
3111 893 3401 964 ἀσταχύων
3451 893 3584 963 πυρὶ
3649 893 3998 964 παρέδοσανο

3590 423 3678 459 Jt‘V

736 996 830 1049 καὶ
857 996 991 1063 πρὸς
1016 1011 1078 1060 γε
1106 994 1217 1055 τοῖς
1235 994 1303 1045 τὰ
1333 991 1568 1060 φρούρια
1591 989 1833 1042 οίκοῦσιν
1858 989 1918 1041 ού
1942 987 2123 1050 καλῶς
2147 990 2452 1058 ἐχρήσαντο
2491 988 2769 1051 λαϐόντες.

811 1089 921 1142 Vll.
958 1088 1145 1154 Itaque
1181 1087 1249 1139 ab
1286 1085 1433 1139 omni
1473 1094 1627 1152 parte
1663 1085 1820 1151 ineps
1866 1084 2076 1137 consilii
2109 1094 2314 1137 aestua-

736 1178 830 1232 bat
883 1179 1204 1246 imperator.
1242 1177 1447 1229 Tamen
1503 1175 1655 1228 firma
1684 1175 1737 1228 in
1769 1175 1936 1227 Deum
1990 1174 2183 1229 fiducia
2215 1189 2317 1229 nec

737 1271 792 1322 in
831 1269 1108 1338 prioribus
1155 1268 1419 1338 periculis
1467 1282 1567 1320 nec
1613 1265 1666 1317 in
1709 1266 1962 1332 prazsenti
2000 1267 2316 1320 discrimine

635 1378 646 1387 '
737 1378 861 1416 eum
895 1361 1176 1425 destituit;
1209 1361 1462 1428 quamvis
1494 1357 1824 1412 conscientia
1855 1358 1974 1427 ejus
1999 1373 2105 1411 non
2137 1357 2316 1412 omnis
2351 1429 2357 1435 ι

734 1469 933 1523 expers
963 1463 1112 1506 esset
1145 1453 1391 1515 maculas,
1436 1462 1547 1504 tum
1576 1461 1799 1520 propter
1825 1465 1985 1503 avum
2019 1451 2313 1518 imperato-

735 1561 850 1599 rem
893 1553 1134 1597 extrema
1180 1552 1340 1596 aetate
1375 1531 1793 1604 contristatum;
1829 1549 1942 1593 tum
1973 1540 2041 1592 ob
2069 1556 2156 1604 ea,
2191 1554 2313 1607 qua!

732 1635 989 1706 juvenilis
1040 1635 1259 1688 licentia
1291 1648 1414 1686 cum
1447 1633 1686 1702 imperio
1731 1633 2022 1702 conjuncta
2073 1632 2314 1700 plerum-

699 1763 712 1788 ;
736 1743 843 1796 que
877 1727 1015 1781 solet
1049 1725 1361 1795 designare.
1409 1726 1610 1779 Verum
1643 1725 1718 1778 illi
1752 1723 2063 1792 hujusmodi
2095 1731 2312 1791 peccata

738 1830 995 1888 tauquam
1026 1823 1272 1873 minutos
1305 1818 1597 1888 pisciculos
1625 1833 1878 1886 magnum
1919 1816 2118 1871 divinae
2148 1816 2314 1870 mise-

737 1911 992 1965 ricordia:
1037 1912 1263 1980 pelagus
1305 1910 1605 1963 subeuntes
1643 1908 1948 1977 judicabat.
1995 1908 2228 1962 l’roinJe
2257 1916 2314 1961 et
2345 1893 2384 1946 Β

738 2015 843 2056 nuc
883 2017 1160 2056 summum
1215 2001 1512 2056 discrimen
1545 2016 1652 2054 non
1685 2001 1868 2054 minus
1908 2015 2069 2068 quam
2120 2009 2312 2052 caetera

738 2095 1063 2148 mirabiliter
1110 2095 1324 2160 evasit,
1373 2108 1569 2147 arcana
1619 2092 1713 2146 Dei
1765 2099 1962 2146 cuncta
2013 2092 2314 2147 clementer

738 2190 1103 2258 gubernantis
1133 2187 1496 2258 providentia.
1529 2186 1667 2240 Nam
1705 2185 2012 2240 Alexander
2047 2186 2314 2254 postridie

738 2283 883 2335 ultro
915 2282 1063 2334 illius
1106 2263 1364 2334 misertus
1391 2289 1445 2333 et
1470 2277 1826 2333 humanitatis
1874 2293 2036 2333 sensu
2076 2279 2313 2348 quodam

740 2373 1032 2426 instinctus
1081 2385 1267 2440 pacem
1305 2369 1380 2423 illi
1420 2369 1620 2422 obtulit
1662 2377 1719 2423 et
1754 2383 1877 2422 cum
1926 2369 2169 2421 exercitu
2218 2370 2316 2421 do-

743 2477 893 2516 mum
933 2461 1132 2520 redire,
1172 2461 1310 2513 facta
1356 2458 1775 2526 compositione,
1809 2473 2001 2527 passus
2040 2469 2143 2523 est,
2183 2457 2316 2512 hor-

743 2563 930 2618 tatus,
983 2562 1042 2606 ut
1091 2550 1426 2604 moderatior
1480 2560 1626 2605 esset
1679 2551 1732 2605 in
1780 2561 2086 2620 posterum.
2149 2549 2324 2604 Unius

740 2643 890 2697 enim
939 2641 1069 2694 anni
1117 2652 1354 2710 quatuor
1403 2655 1524 2694 esse
1577 2649 1844 2710 tempora,
1895 2649 1950 2694 et
1996 2640 2158 2709 paulo
2201 2653 2319 2692 mo-

743 2743 929 2788 mento
961 2735 1224 2787 maximas
1259 2732 1502 2786 incidere
1527 2747 1710 2787 rerum
1757 2733 2108 2787 mutationes.
2141 2730 2320 2786 later-

702 2821 708 2826 ’
744 2840 807 2880 ea
843 2825 932 2878 illa
967 2840 1184 2894 quoque
1214 2834 1373 2879 testas
1411 2834 1596 2878 exacta
1631 2833 1734 2877 est.

2486 1084 2556 1136 Z'.
2592 1085 2682 1136 Διὸ
2709 1082 3048 1153 πανταχόθεν
3076 1085 3264 1137 στενόν
3288 1101 3348 1136 τε
3370 1083 3466 1136 καὶ
3496 1084 3701 1152 ἄπορον
3733 1083 3809 1153 τῷ
3842 1084 4001 1154 βασι-

2413 1174 2493 1227 λεῖ
2527 1175 2587 1227 τὸ
2633 1177 2870 1244 πρᾶγμα
2907 1173 3172 1241 ἐγίγνετο,
3215 1174 3288 1225 Τό
3325 1190 3388 1241 γε
3425 1173 3530 1242 μὴν
3551 1174 3630 1235 είς
3659 1172 3794 1224 Θεὸν
3820 1175 3999 1244 appa-

2412 1269 2683 1337 γεστάτην
2733 1267 2878 1336 ἔχειν
2931 1264 3142 1329 ἐλπίδα,
3197 1265 3358 1318 τοῦτο
3391 1264 3438 1316 δ’
3464 1264 3563 1317 οὐκ
3607 1265 3928 1330 ὰπέγνωστό
3949 1265 3999 1316 οἱ

2413 1357 2524 1411 οῡτ⁹
2555 1357 2612 1408 ὲν
2644 1359 2763 1418 ταῖς
2795 1356 3062 1426 πρότερον
3097 1355 3506 1424 περιστάσεσιν,
3538 1354 3660 1408 οὕτε
3694 1357 3805 1426 μὴν
3838 1357 3896 1407 ἐν
3926 1357 3994 1424 τῇ

2416 1448 2688 1519 παρούσῃ,
2743 1451 2920 1501 καίτοι
2961 1448 3022 1500 τὸ
3072 1447 3313 1508 συνειδὸς
3369 1447 3470 1499 ούκ
3503 1447 3829 1512 ἀνέὶεγκτον
3860 1448 3998 1515 ἔχων

2412 1541 2500 1595 δά
2529 1559 2586 1594 τε
2615 1543 2713 1610 τὴν
2739 1542 3148 1611 παραλύπ-ησιν.
3184 1541 3251 1610 ἢν
3297 1539 3376 1608 τῷ
3405 1540 3619 1609 βασιλεῖ
3659 1541 3754 1592 καὶ
3787 1540 3999 1607 πάππῳ

2413 1635 2469 1684 ὲν
2493 1634 2570 1703 τῷ
2599 1635 2745 1704 γήρᾳ
2779 1635 3071 1703 ἐπήνεγκε,
3133 1634 3228 1686 καὶ
3275 1627 3344 1685 αὖ
3376 1633 3447 1686 δι’
3495 1634 3597 1685 ὅσα
3650 1633 3840 1703 νεότης
3879 1633 3998 1702 μετ’

2412 1726 2660 1792 ἐξουσίας
2693 1727 2767 1788 ὼς
2823 1726 2892 1779 τὰ
2927 1725 3099 1778 πολλὰ
3157 1725 3302 1794 φιλεῖ
3332 1725 3770 1794 διαπράττεσθαι
3797 1741 3810 1754 ο
3847 1725 3999 1792 ὅμως

2417 1818 2625 1886 ίχθύδιά
2661 1836 2783 1872 τινα
2819 1819 3025 1890 βραχέα
3060 1818 3128 1871 τὰ
3173 1820 3400 1872 τοιαῦτα
3459 1817 3711 1888 ἐνόμιζεν
3742 1817 4006 1887 ἀμαρτὴ-

2423 1928 2567 1980 ματα
2595 1911 2649 1972 ἐς
2672 1910 2731 1963 τὸ
2766 1912 2906 1980 μέγα
2950 1912 3185 1978 πέλαγος
3245 1910 3575 1980 βυθιζόμενα
3611 1913 3708 1979 τῆς
3740 1909 3830 1962 τοῦ
3862 1907 4000 1961 Θεοῦ

2422 2004 2856 2074 φιλανθρωπίας.
2887 2003 2976 2056 Διὸ
3005 2003 3098 2056 καὶ
3123 2004 3321 2073 ὁμοίως
3347 2007 3469 2066 ταῖς
3504 2003 3692 2065 ἄλλαις
3730 2003 3997 2071 περιστα-

2423 2112 2542 2148 σεσι
2577 2096 2674 2147 καὶ
2707 2093 2805 2164 τὴν
2857 2093 3238 2162 ἀπαράμιλλον
3265 2093 3472 2161 ταύτην
3507 2091 3823 2160 παραδόξως
3859 2093 3997 2142 ἀπε-

2422 2189 2714 2260 κρούσατο,
2749 2188 3048 2258 ἀπορρήτῳ
3091 2184 3401 2256 προμηθείᾳ
3454 2180 3548 2235 τοῦ
3585 2183 3760 2235 πάντα
3810 2182 4002 2247 φιλαν-

2422 2283 2657 2353 θρώπως
2689 2281 3098 2349 οίκονομοῦντος
3119 2278 3276 2332 Θεοῦ.
3314 2279 3540 2332 Οἷκοθεν
3567 2279 3675 2349 γὰρ
3709 2279 3804 2332 καὶ
3850 2277 4002 2332 Ἀλέ-

2425 2374 2646 2444 ξανδρος
2678 2375 2735 2434 ὲς
2766 2374 2863 2442 τὴν
2895 2373 3191 2440 ὑστεραίαν
3219 2372 3301 2433 είς
3329 2368 3511 2424 οἶκτον
3535 2372 3631 2424 ίὼν
3661 2373 3752 2426 καὶ
3783 2371 4002 2441 συμπά-

2424 2465 2595 2530 θειαν,
2628 2465 2851 2534 πέμψας
2879 2464 2956 2534 τῷ
2989 2465 3201 2533 βασιλεῖ
3234 2463 3437 2528 δεξιὰν,
3488 2465 3702 2532 ἀφῆκεν
3725 2465 4001 2516 ὑπόσπον-

2419 2556 2507 2610 δον
2531 2557 2707 2609 οἴκαδε
2734 2557 3060 2626 πορεύεσθαι
3086 2556 3179 2622 ξύν
3204 2575 3266 2626 γε
3283 2557 3361 2624 τῷ
3387 2556 3757 2625 στρατοπέδῳ,
3779 2573 4000 2624 παραγ·

2421 2647 2607 2714 γείλας
2663 2649 3033 2718 μετριώτερον
3095 2645 3234 2699 εἶναι
3282 2645 3378 2698 τοῦ
3427 2644 3636 2697 λοιποῦ.
3678 2663 3695 2695 ι
3740 2640 3833 2706 Εἷς
3870 2647 3998 2712 γὰρ,

2421 2741 2609 2810 φησιν,
2648 2742 2896 2801 ἐνιαυτὸς
2922 2740 3193 2810 τέσσαρας
3225 2739 3373 2809 ὧρας
3392 2740 3547 2808 φέρει
3566 2739 3661 2791 καὶ
3682 2739 3780 2808 μία
3807 2738 3999 2806 κατροῦ

2376 2908 2382 2914 .
2424 2834 2563 2906 ῥοπὴ
2588 2834 2787 2896 πολλὰς
2811 2833 3153 2902 πραγμάτων
3175 2832 3498 2902 μετασολὰς.
3528 2851 3546 2885 ι
3587 2833 3674 2884 Ἐν
3703 2833 3758 2884 δὲ
3793 2834 4000 2894 τούτοις

2422 2926 2514 2978 καὶ
2549 2925 2606 2978 τὸ
2634 2927 2807 2995 παρὸν
2831 2924 3090 2979 ἐτελεύτα
3119 2925 3295 2995 θέρος.

2202 3057 2429 3113 CAPUT
2477 3057 2537 3112 V.

745 3181 1198 3253 Syrgianuescur
1229 3189 1522 3253 suspectus.
1568 3179 1726 3253 Lagsa:
1784 3177 2108 3253 majestatis
2136 3189 2419 3253 accusatur
2448 3179 2892 3253 apZamplacone.
2953 3179 3075 3234 Non
3135 3183 3480 3235 convincitur.
3525 3180 3692 3234 Vade;
3724 3183 3852 3234 dare
3899 3199 4002 3235 non

819 3249 1005 3321 potest.
1048 3249 1232 3320 Fugit.
1267 3250 1479 3303 Litteris
1511 3267 1573 3302 ea:
1603 3249 1798 3302 Euboea
1828 3251 2202 3321 datis‘veniam
2251 3252 2376 3320 petit
2401 3260 2449 3302 et
2485 3249 2678 3314 locum,
2710 3253 2898 3321 in‘quo
2929 3269 3046 3304 cum
3092 3255 3201 3306 suis
3230 3255 3501 3307 camismt.
3561 3253 3700 3305 Aula
3730 3255 3775 3307 ei
3826 3255 4002 3304 ntinus

821 3319 956 3376 tuta.
990 3319 1382 3389 Jusjurandum
1429 3321 1493 3372 ab
1525 3336 1583 3372 eo
1630 3321 1887 3372 oblatum.
1949 3319 2068 3372 Non
2114 3319 2401 3388 impetrata
2452 3324 2606 3374 venia
2649 3325 2716 3373 ad
2750 3319 2966 3375 Cratem
3019 3326 3232 3377 transit.
3296 3324 3358 3375 Εἰ
3412 3324 3738 3390 gratissimus
3769 3325 4002 3375 advenit.

820 3393 1021 3461 Magna
1057 3391 1360 3458 pollicetur.

820 3509 860 3561 l.
912 3507 1244 3576 Syrgiannes
1303 3515 1485 3558 autem
1516 3542 1531 3568 ,
1581 3503 1734 3572 prius
1781 3503 1942 3557 etiam
1989 3505 2060 3558 ob
2103 3505 2351 3559 adactost

2376 3511 2394 3572 ζ
2498 3507 2576 3560 A'.
2617 3506 2673 3560 '0
2706 3506 2760 3559 δέ
2797 3524 2858 3573 γε
2918 3507 3257 3576 Συργιάννης
3319 3506 3451 3573 (65),
3515 3505 3752 3568 ὕποπτος
3798 3507 3872 3557 ὧι
3912 3510 4004 3558 καὶ

749 3610 1091 3654 sacramento
1119 3596 1638 3650 Thessalonicenses
1666 3594 1833 3664 ἥδε
1865 3596 2199 3663 primoribus
2229 3613 2323 3649 su-

749 3701 1012 3760 spectus,
1059 3697 1112 3741 et
1157 3694 1284 3756 quia
1336 3701 1362 3738 a
1418 3697 1592 3739 matre
1650 3686 1996 3754 imperatoris
2038 3687 2326 3752 adoptatus

750 3786 947 3844 fuerat,
993 3796 1116 3833 cum
1165 3781 1463 3845 imperator
1493 3777 1605 3841 illo,
1637 3787 1798 3845 quem
1843 3779 2101 3839 diximus,
2136 3778 2326 3845 despe-

749 3886 868 3928 rato
900 3875 1093 3941 capitis
1139 3873 1329 3924 morbo
1363 3865 1727 3940 Didymotichi
1781 3871 2073 3932 laboraret,
2106 3870 2324 3924 demum

751 3981 778 4016 a
816 3965 1175 4032 Zamplaeone
1211 3965 1348 4015 laesae
1409 3962 1709 4031 majestatis
1755 3977 1880 4014 reus
1920 3971 2074 4014 actus
2107 3962 2191 4016 sui
2225 3962 2323 4015 de-

752 4055 1007 4108 fendendi
1060 4068 1222 4106 causa
1267 4053 1585 4121 Byzantium
1615 4052 1682 4104 ad
1717 4049 2102 4118 imperatorem
2147 4065 2328 4105 arces-

751 4150 891 4201 situs
928 4147 1098 4209 vcnit,
1131 4156 1186 4198 et
1216 4143 1384 4198 semel
1429 4153 1592 4212 atque
1639 4144 1835 4196 iterum
1866 4153 1920 4196 et
1954 4143 2112 4196 tertio
2163 4158 2326 4196 causa

753 4240 895 4308 apud
942 4254 1132 4291 omnes
1175 4236 1389 4303 judices
1435 4235 1580 4288 dicta
1627 4234 1786 4302 plane
1827 4250 1953 4287 reus
1997 4236 2183 4304 peragi
2219 4251 2327 4290 non

752 4333 948 4400 potuit,
995 4331 1130 4383 adeo
1176 4338 1233 4382 ut
1259 4329 1369 4396 jam
1401 4343 1430 4380 a
1461 4326 1734 4396 plerisque
1770 4326 2048 4395 judicibus
2082 4327 2327 4381 absolve-

754 4431 926 4474 retur.
969 4419 1088 4472 Lite
1114 4427 1295 4472 autem
1332 4418 1512 4470 adhuc
1535 4417 1809 4484 pendente
1840 4416 2004 4470 vades
2030 4417 2328 4485 imperator

755 4515 823 4567 ab
853 4529 920 4567 eo
951 4513 1127 4582 petiit,
1155 4526 1222 4563 ne
1247 4511 1383 4564 clam
1421 4509 1759 4577 profugeret,
1797 4509 2110 4576 priusquam
2139 4524 2330 4563 omines

750 4605 963 4674 judices
997 4603 1321 4658 sententiam
1360 4601 1426 4654 de
1477 4616 1544 4654 eo
1594 4601 1839 4654 ultimam
1877 4600 2148 4654 tulissent.
2199 4601 2330 4665 Quae

757 4711 845 4748 res
878 4695 999 4762 ejus
1047 4694 1288 4746 animum
1323 4691 1475 4745 valde
1506 4692 1747 4746 turbavit
1780 4701 1835 4746 et
1865 4694 1916 4744 in
1946 4693 2182 4747 carceris
2213 4709 2327 4747 tne-

759 4801 873 4839 tum
905 4785 1158 4852 conjecit,
1201 4785 1522 4853 gravissima
1573 4783 1662 4837 illa
1691 4791 1747 4837 et
1783 4783 2169 4849 intolerabilia,
2207 4800 2329 4853 qua:

2431 3601 2696 3667 πρότερον
2722 3601 2834 3659 τοῖς
2867 3600 3098 3668 ἄρχουσι
3124 3600 3210 3651 διὰ
3228 3600 3352 3659 τοὺς
3387 3599 3602 3668 ὅρκους,
3633 3598 3722 3660 οὓς
3754 3598 4002 3667 ἀπῄτησα

2432 3691 2581 3757 παρὰ
2603 3690 2710 3741 τῶν
2733 3690 3193 3751 Θεσσαλονικέων,
3248 3688 3581 3758 εἰσποιηθεὶς
3611 3692 3680 3758 τῇ
3713 3690 3882 3757 μητρὶ
3911 3687 4002 3740 τοῦ

2432 3781 2693 3848 βασιλέως
2739 3781 3020 3851 δεσποίνῃ,
3050 3781 3212 3834 όπότε
3248 3781 3344 3842 τὰς
3376 3781 3469 3832 τοῦ
3507 3779 3772 3849 βασιλέως
3808 3778 4005 3831 £3566-

2431 3889 2592 3923 σκετο
2617 3874 2822 3940 φρένας
2859 3874 2891 3941 ἡ
2931 3873 3354 3942 ἀπηγορευμένη
3390 3872 3543 3932 νόσος
3574 3871 3753 3939 ἐκείνη
3782 3870 3911 3938 περὶ
3946 3870 4005 3922 τὸ

2430 3964 2833 4033 Διδυμότειχον,
2865 3965 2958 4017 νῦν
2993 3965 3090 4034 ἤδη
3120 3966 3213 4017 καὶ⁸
3249 3965 3385 4034 πρὸς
3413 3966 3482 4016 τὰ
3513 3967 3665 4032 παρὰ
3685 3963 3778 4015 τοῦ
3813 3963 4003 4031 Τζαμ·

2430 4055 2711 4118 πλὰκωνος
2731 4057 2842 4125 (66)
2863 4073 3024 4124 προτε
3037 4057 3259 4124 ινὸμενα
3287 4055 3664 4118 καθοσιώσεως
3683 4055 4005 4125 ἐγκλήματα

2430 4148 2510 4208 είς
2539 4146 2830 4208 Βυζάντιον
2856 4133 3330 4215 ἀπολογησόμενος
3359 4147 3483 4216 ἣκει
3513 4151 3906 4215 μετάπεμπτος
3927 4147 4004 4214 τῷ

2433 4236 2678 4306 βασιλεῖ’
2715 4238 2809 4288 καὶ
2838 4238 3046 4306 κριθεὶς
3079 4239 3185 4290 ὑπὸ
3217 4239 3355 4289 πᾶσι
3383 4239 3604 4306 κριταῖς
3651 4237 3731 4298 δὶς
3763 4239 3857 4287 καὶ
3884 4253 4004 4303 τρῖς

2429 4333 2490 4382 ού
2518 4330 2775 4399 καθαρῶς
2808 4329 3009 4384 ἁλῶναι
3044 4333 3157 4394 τοῖς
3186 4332 3430 4399 ἐλέγχοις
3465 4330 3718 4399 ἡδύνατο,
3753 4329 3882 4381 ὥστ’
3907 4331 4005 4398 ἠδη

2431 4424 2523 4473 καὶ
2564 4423 2697 4492 πρὸς
2725 4422 2832 4473 τῶν
2864 4423 3126 4475 πλειόνων
3173 4422 3418 4491 ἡθωυῦτο
3468 4422 3700 4490 κριτῶν.
3735 4419 3820 4491 [ιδ.
3874 4418 4002 4490 50!]

2431 4514 2723 4583 Μετεώρου
2750 4514 2793 4566 δ’
2823 4516 2899 4564 ἔτι
2932 4515 3028 4583 τῆς
3061 4515 3215 4583 δίκης
3248 4513 3413 4584 οὔσης
3449 4515 3654 4585 ᾔτησεν
3675 4517 3702 4566 ό
3750 4515 4006 4584 βασιλευς

2431 4608 2705 4674 ἐγγυητὰς
2741 4608 2880 4675 ὑπὲρ
2914 4607 3006 4658 τοῦ
3050 4609 3125 4676 μὴ
3156 4611 3347 4674 φυγεῖν
3396 4608 3563 4660 αὑτὸν
3589 4607 3842 4670 λαθόντα,
3877 4607 4006 4676 πρὶν

2433 4699 2500 4750 ἂν
2535 4698 2712 4749 τελεία
2755 4699 2978 4766 γένηται
3031 4701 3064 4769 ἡ
3103 4703 3233 4768 περὶ
3275 4699 3438 4752 αὑτοῦ
3472 4703 3584 4762 τοῖς
3621 4699 3761 4762 ὅλοις
3792 4703 4007 4770 κριταῖς

2433 4790 2757 4856 ἀπόφανσις.
2833 4793 2895 4843 Ὃ
2922 4791 2985 4860 δὴ
3024 4791 3190 4842 πολὺν
3240 4791 3526 4858 ἐνέσπειρε
3583 4792 3672 4844 τὸν
3707 4792 3870 4857 φόῦον
3913 4793 4008 4842 καὶ

755 4879 910 4945 prius
957 4891 1250 4945 perpessus
1295 4885 1432 4939 erat,
1476 4875 1691 4929 vincula
1739 4876 2143 4939 recordantem,
2192 4890 2329 4944 quo-

2376 4885 2403 4937 [)
2433 4880 2530 4945 τὴν
2562 4878 2659 4945 τῆς
2691 4878 2912 4945 εἱρκτῆς
2943 4878 3178 4946 ὑποψίαν
3211 4882 3265 4942 ἐς
3308 4884 3405 4948 τὴν
3438 4880 3629 4933 τούτου
3661 4881 3840 4948 ψυχήν
3867 4899 3881 4912 ’
3916 4883 4008 4932 καὶ

758 4985 879 5022 rum
925 4970 1151 5038 vestigia
1199 4972 1439 5021 recentia
1485 4968 1665 5021 adhuc
1694 4977 1750 5022 et
1779 4984 2033 5036 expressa
2064 4970 2117 5021 in
2147 4970 2330 5021 animo

756 5059 1200 5114 circumferebat.
1247 5060 1384 5113 Cum
1421 5069 1602 5113 autem
1637 5060 1799 5112 vades
1828 5060 2004 5112 minus
2051 5069 2332 5128 promptos

758 5154 860 5206 sibi
904 5152 1074 5206 atl'ore
1119 5152 1366 5215 videret,
1420 5152 1604 5220 plures
1644 5169 1706 5207 ac
1737 5153 2175 5206 vehementiores
2205 5169 2328 5205 eum

759 5254 998 5297 terrores
1041 5251 1337 5296 concutere
1385 5254 1690 5310 cmpcrunt.
1736 5242 1879 5307 Quas
1910 5245 1978 5294 ob
2022 5257 2107 5295 res
2152 5242 2330 5310 fugam

757 5345 980 5389 coactus
1013 5337 1274 5404 arripere,
1312 5351 1433 5387 eum
1465 5338 1644 5388 statim
1694 5336 1924 5388 sollicite
1969 5347 2328 5403 quaereretur,

761 5443 1026 5495 nusquam
1058 5438 1143 5482 est
1179 5429 1448 5480 inventus.

2431 4973 2486 5032 ἐς
2513 4971 2820 5038 ἀνάμνησιν
2866 4971 3065 5039 ἤρχετο
3121 4967 3278 5034 αὖθις
3305 4973 3414 5025 τῶν
3472 4975 3754 5041 προτέρων
3785 4975 4008 5024 ἐκείνων

2432 5065 2526 5114 καὶ
2577 5062 3027 5131 ἁπαρσμυθήτων
3076 5063 3312 5132 δεσμῶι,
3373 5058 3448 5117 ὦν
3480 5067 3548 5116 τὰ
3583 5067 3703 5133 ἴχνη
3751 5065 3879 5132 περὶ
3909 5065 4005 5129 τὴν

2431 5153 2658 5222 καρδίαν
2707 5154 2786 5205 ἔτι
2846 5153 3070 5222 κείμενα
3124 5150 3266 5224 ἦσαν
3311 5157 3581 5224 ἐναργῶς.
3638 5156 3787 5206 Ἐπε·.
3822 5157 3878 5206 δὲ
3916 5159 4009 5206 καὶ

2429 5247 2823 5316 όινηροτέρους
2861 5247 3055 5298 ἐόλεπε
3092 5249 3215 5308 τοὺς
3257 5249 3722 5318 ἑγγυησομενους,
3753 5245 4007 5317 συχνυτέὀ

2438 5355 2549 5404 ροις
2589 5341 2680 5390 καὶ
2729 5340 3072 5407 δριμυτέροις
3130 5339 3504 5408 ἐπολιορκεῖτο
3540 5341 3740 5408 μᾶλλον
3774 5342 3882 5399 τοῖς
3918 5343 4008 5406 (ρό-

2437 5432 2573 5491 6οις.
2605 5432 2697 5482 Διὸ
2732 5434 2824 5482 καὶ
2856 5432 3224 5498 ἀναγκασθεὶς
3278 5431 3451 5502 ᾤχετο
3485 5433 3660 5501 λάθρα
3693 5429 3883 5500 ςυγὼν
3914 5433 4008 5484 καὶ

2439 5526 2666 5574 πλεῖστα
2704 5524 3034 5591 ζητούμενος
3066 5524 3225 5588 εὐθὺς
3253 5526 3348 5594 ούχ
3378 5525 3597 5595 εὑρέθη.

2109 5633 2210 5689 ναι
2236 5632 2437 5691 iurum
2481 5646 2663 5693 nota).

829 5756 945 5898 (65g
969 5756 1404 5820 Cantacuzenus,
1443 5757 1540 5810 lib.
1575 5773 1631 5820 ιι,
1669 5773 1786 5826 cap.
1821 5757 1910 5810 ει.
1949 5756 2179 5810 ιηἐικυ.

829 5828 922 5896 166
973 5829 1077 5894 Qui
1108 5829 1287 5898 magni
1343 5828 1518 5896 Papia:
1554 5829 1819 5897 dignitate
1854 5831 2089 5880 donatus
2125 5831 2176 5879 di

973 5829 1077 5894 Qui
1108 5829 1287 5898 magni
1343 5828 1518 5896 Papia:
1554 5829 1819 5897 dignitate
1854 5831 2089 5880 donatas
2125 5831 2326 5884 dicitur
2366 5829 2708 5883 Cantacnzen
2766 5829 2859 5882 lib.
2900 5845 2957 5891 ll,
2995 5843 3112 5898 cap.
3145 5829 3234 5884 27.
3273 5832 3509 5884 UL'CLNG.
