  <div class='ocr_page' id='page_1' title='image "/cluster/home/n/w/nwhite01/storage/ocr_20150623/148/nnc1.0046980490/363.png"; bbox 0 0 4248 6442; ppageno 0'>
   <div class='ocr_carea' id='block_1_1' title="bbox 751 352 1654 424">
    <p class='ocr_par' dir='ltr' id='par_1_1' title="bbox 751 352 1654 424">
     <span class='ocr_line' id='line_1_1' title="bbox 751 352 1654 424; baseline 0.003 -19"><span class='ocrx_word' id='word_1_1' title='bbox 751 360 813 423; x_wconf 58' lang='grc' dir='ltr'>ςί</span> <span class='ocrx_word' id='word_1_2' title='bbox 1003 355 1079 424; x_wconf 58' lang='grc' dir='ltr'><strong>ζμ..</strong></span> <span class='ocrx_word' id='word_1_3' title='bbox 1123 371 1174 409; x_wconf 70' lang='lat' dir='ltr'><strong>at.</strong></span> <span class='ocrx_word' id='word_1_4' title='bbox 1215 353 1350 409; x_wconf 81' lang='lat'><strong>6856</strong></span> <span class='ocrx_word' id='word_1_5' title='bbox 1390 371 1452 406; x_wconf 79' lang='grc' dir='ltr'>Αι)</span> <span class='ocrx_word' id='word_1_6' title='bbox 1493 352 1654 423; x_wconf 58' lang='grc'><strong>6849]</strong></span> 
     </span>
    </p>
   </div>
   <div class='ocr_carea' id='block_1_2' title="bbox 710 358 743 548">
    <p class='ocr_par' dir='ltr' id='par_1_2' title="bbox 710 358 743 548">
     <span class='ocr_line' id='line_1_2' title="bbox 710 358 743 421; baseline 0 0"><span class='ocrx_word' id='word_1_7' title='bbox 710 358 743 421; x_wconf 60' lang='grc' dir='ltr'>ξε</span> 
     </span>
     <span class='ocr_line' id='line_1_3' title="bbox 710 493 736 548; baseline 0 -4"><span class='ocrx_word' id='word_1_8' title='bbox 710 493 736 548; x_wconf 71' lang='grc' dir='ltr'><strong>Ξ</strong></span> 
     </span>
    </p>
   </div>
   <div class='ocr_carea' id='block_1_3' title="bbox 714 537 720 544">
    <p class='ocr_par' dir='ltr' id='par_1_3' title="bbox 714 537 720 544">
     <span class='ocr_line' id='line_1_4' title="bbox 714 537 720 544; baseline 0 0"><span class='ocrx_word' id='word_1_9' title='bbox 714 537 720 544; x_wconf 64' lang='grc' dir='ltr'><strong>ι</strong></span> 
     </span>
    </p>
   </div>
   <div class='ocr_carea' id='block_1_4' title="bbox 705 564 2277 635">
    <p class='ocr_par' dir='ltr' id='par_1_4' title="bbox 705 564 2277 635">
     <span class='ocr_line' id='line_1_5' title="bbox 705 564 2277 635; baseline -0.003 -16"><span class='ocrx_word' id='word_1_10' title='bbox 705 568 967 635; x_wconf 62' lang='grc' dir='ltr'>ξυιὶὶοὶιιηι</span> <span class='ocrx_word' id='word_1_11' title='bbox 1010 582 1150 634; x_wconf 66' lang='grc' dir='ltr'>δαιρο</span> <span class='ocrx_word' id='word_1_12' title='bbox 1180 574 1566 634; x_wconf 69' lang='lat' dir='ltr'><strong>prmoccnpant</strong></span> <span class='ocrx_word' id='word_1_13' title='bbox 1596 575 1650 618; x_wconf 88' lang='lat' dir='ltr'><strong>et</strong></span> <span class='ocrx_word' id='word_1_14' title='bbox 1679 566 1790 618; x_wconf 91' lang='lat' dir='ltr'><strong>veri</strong></span> <span class='ocrx_word' id='word_1_15' title='bbox 1826 566 2024 618; x_wconf 91' lang='lat' dir='ltr'><strong>indicia</strong></span> <span class='ocrx_word' id='word_1_16' title='bbox 2049 564 2277 618; x_wconf 80' lang='lat' dir='ltr'><strong>confun-</strong></span> 
     </span>
    </p>
   </div>
   <div class='ocr_carea' id='block_1_5' title="bbox 708 657 2281 725">
    <p class='ocr_par' dir='ltr' id='par_1_5' title="bbox 708 657 2281 725">
     <span class='ocr_line' id='line_1_6' title="bbox 708 657 2281 725; baseline -0.001 -15"><span class='ocrx_word' id='word_1_17' title='bbox 708 660 866 717; x_wconf 77' lang='lat' dir='ltr'><strong>dunt,</strong></span> <span class='ocrx_word' id='word_1_18' title='bbox 899 669 959 711; x_wconf 94' lang='lat' dir='ltr'><strong>ut</strong></span> <span class='ocrx_word' id='word_1_19' title='bbox 990 658 1162 723; x_wconf 86' lang='lat' dir='ltr'><strong>ipsius</strong></span> <span class='ocrx_word' id='word_1_20' title='bbox 1189 671 1385 710; x_wconf 92' lang='lat' dir='ltr'><strong>manus</strong></span> <span class='ocrx_word' id='word_1_21' title='bbox 1422 666 1599 710; x_wconf 89' lang='lat' dir='ltr'><strong>errata</strong></span> <span class='ocrx_word' id='word_1_22' title='bbox 1619 657 1918 724; x_wconf 88' lang='lat' dir='ltr'><strong>:profundis</strong></span> <span class='ocrx_word' id='word_1_23' title='bbox 1942 657 2094 725; x_wconf 87' lang='lat' dir='ltr'><strong>quasi</strong></span> <span class='ocrx_word' id='word_1_24' title='bbox 2130 666 2281 709; x_wconf 86' lang='lat' dir='ltr'><strong>tene-</strong></span> 
     </span>
    </p>
   </div>
   <div class='ocr_carea' id='block_1_6' title="bbox 709 747 2282 804">
    <p class='ocr_par' dir='ltr' id='par_1_6' title="bbox 709 747 2282 804">
     <span class='ocr_line' id='line_1_7' title="bbox 709 747 2282 804; baseline -0.003 -1"><span class='ocrx_word' id='word_1_25' title='bbox 709 751 822 804; x_wconf 80' lang='lat' dir='ltr'><strong>l-ris</strong></span> <span class='ocrx_word' id='word_1_26' title='bbox 847 766 1023 803; x_wconf 87' lang='lat' dir='ltr'><strong>mersa</strong></span> <span class='ocrx_word' id='word_1_27' title='bbox 1061 749 1361 802; x_wconf 87' lang='lat' dir='ltr'><strong>involvant.</strong></span> <span class='ocrx_word' id='word_1_28' title='bbox 1380 749 1435 802; x_wconf 90' lang='lat' dir='ltr'><strong>In</strong></span> <span class='ocrx_word' id='word_1_29' title='bbox 1455 749 1764 802; x_wconf 86' lang='lat' dir='ltr'><strong>calamitate</strong></span> <span class='ocrx_word' id='word_1_30' title='bbox 1785 763 1919 801; x_wconf 76' lang='lat' dir='ltr'><strong>vero</strong></span> <span class='ocrx_word' id='word_1_31' title='bbox 1939 748 2104 801; x_wconf 90' lang='lat' dir='ltr'><strong>animi</strong></span> <span class='ocrx_word' id='word_1_32' title='bbox 2129 747 2282 801; x_wconf 87' lang='lat' dir='ltr'><strong>forti-</strong></span> 
     </span>
    </p>
   </div>
   <div class='ocr_carea' id='block_1_7' title="bbox 710 838 2281 908">
    <p class='ocr_par' dir='ltr' id='par_1_7' title="bbox 710 838 2281 908">
     <span class='ocr_line' id='line_1_8' title="bbox 710 838 2281 908; baseline 0 -16"><span class='ocrx_word' id='word_1_33' title='bbox 710 841 841 894; x_wconf 90' lang='lat' dir='ltr'><strong>tudo</strong></span> <span class='ocrx_word' id='word_1_34' title='bbox 871 841 984 893; x_wconf 87' lang='lat' dir='ltr'><strong>sola</strong></span> <span class='ocrx_word' id='word_1_35' title='bbox 1018 840 1073 893; x_wconf 90' lang='lat' dir='ltr'><strong>in</strong></span> <span class='ocrx_word' id='word_1_36' title='bbox 1109 849 1382 893; x_wconf 81' lang='lat' dir='ltr'><strong>certamen</strong></span> <span class='ocrx_word' id='word_1_37' title='bbox 1404 838 1709 903; x_wconf 71' lang='lat' dir='ltr'><strong>descendit,</strong></span> <span class='ocrx_word' id='word_1_38' title='bbox 1732 839 2014 908; x_wconf 86' lang='lat' dir='ltr'><strong>nudosque</strong></span> <span class='ocrx_word' id='word_1_39' title='bbox 2052 849 2105 893; x_wconf 90' lang='lat' dir='ltr'><strong>et</strong></span> <span class='ocrx_word' id='word_1_40' title='bbox 2138 840 2281 892; x_wconf 89' lang='lat' dir='ltr'><strong>iner-</strong></span> 
     </span>
    </p>
   </div>
   <div class='ocr_carea' id='block_1_8' title="bbox 708 930 2279 999">
    <p class='ocr_par' dir='ltr' id='par_1_8' title="bbox 708 930 2279 999">
     <span class='ocr_line' id='line_1_9' title="bbox 708 930 2279 999; baseline 0 -16"><span class='ocrx_word' id='word_1_41' title='bbox 708 947 823 984; x_wconf 86' lang='lat' dir='ltr'><strong>mes</strong></span> <span class='ocrx_word' id='word_1_42' title='bbox 852 932 1038 999; x_wconf 87' lang='lat' dir='ltr'><strong>pedes,</strong></span> <span class='ocrx_word' id='word_1_43' title='bbox 1063 931 1291 985; x_wconf 83' lang='lat' dir='ltr'><strong>consilio</strong></span> <span class='ocrx_word' id='word_1_44' title='bbox 1313 939 1369 984; x_wconf 89' lang='lat' dir='ltr'><strong>et</strong></span> <span class='ocrx_word' id='word_1_45' title='bbox 1392 930 1678 999; x_wconf 77' lang='lat' dir='ltr'><strong>prudentia</strong></span> <span class='ocrx_word' id='word_1_46' title='bbox 1717 930 1883 986; x_wconf 92' lang='lat' dir='ltr'><strong>veluti</strong></span> <span class='ocrx_word' id='word_1_47' title='bbox 1909 931 2065 984; x_wconf 84' lang='lat' dir='ltr'><strong>firmo</strong></span> <span class='ocrx_word' id='word_1_48' title='bbox 2087 931 2279 984; x_wconf 86' lang='lat' dir='ltr'><strong>funda-</strong></span> 
     </span>
    </p>
   </div>
   <div class='ocr_carea' id='block_1_9' title="bbox 708 1022 2279 1091">
    <p class='ocr_par' dir='ltr' id='par_1_9' title="bbox 708 1022 2279 1091">
     <span class='ocr_line' id='line_1_10' title="bbox 708 1022 2279 1091; baseline 0.001 -17"><span class='ocrx_word' id='word_1_49' title='bbox 708 1033 893 1076; x_wconf 80' lang='lat' dir='ltr'><strong>mento</strong></span> <span class='ocrx_word' id='word_1_50' title='bbox 928 1023 1083 1076; x_wconf 80' lang='lat' dir='ltr'><strong>nixos</strong></span> <span class='ocrx_word' id='word_1_51' title='bbox 1113 1023 1412 1076; x_wconf 81' lang='lat' dir='ltr'><strong>ol-ftrmans</strong></span> <span class='ocrx_word' id='word_1_52' title='bbox 1433 1064 1448 1087; x_wconf 95' lang='lat'><strong>,</strong></span> <span class='ocrx_word' id='word_1_53' title='bbox 1500 1022 1792 1077; x_wconf 75' lang='lat' dir='ltr'><strong>fortissime</strong></span> <span class='ocrx_word' id='word_1_54' title='bbox 1828 1024 2086 1078; x_wconf 88' lang='lat' dir='ltr'><strong>resistere</strong></span> <span class='ocrx_word' id='word_1_55' title='bbox 2117 1034 2279 1091; x_wconf 88' lang='lat' dir='ltr'><strong>atque</strong></span> 
     </span>
    </p>
   </div>
   <div class='ocr_carea' id='block_1_10' title="bbox 705 1115 2277 1183">
    <p class='ocr_par' dir='ltr' id='par_1_10' title="bbox 705 1115 2277 1183">
     <span class='ocr_line' id='line_1_11' title="bbox 705 1115 2277 1183; baseline -0.001 -15"><span class='ocrx_word' id='word_1_56' title='bbox 705 1116 877 1168; x_wconf 86' lang='lat' dir='ltr'><strong>obniti</strong></span> <span class='ocrx_word' id='word_1_57' title='bbox 904 1125 1080 1183; x_wconf 65' lang='lat' dir='ltr'><strong>potest</strong></span> <span class='ocrx_word' id='word_1_58' title='bbox 1103 1117 1280 1170; x_wconf 79' lang='lat' dir='ltr'><strong>cuivis</strong></span> <span class='ocrx_word' id='word_1_59' title='bbox 1301 1115 1506 1170; x_wconf 90' lang='lat' dir='ltr'><strong>doloris</strong></span> <span class='ocrx_word' id='word_1_60' title='bbox 1533 1115 1720 1169; x_wconf 86' lang='lat' dir='ltr'><strong>fluctui</strong></span> <span class='ocrx_word' id='word_1_61' title='bbox 1747 1131 1810 1170; x_wconf 89' lang='lat' dir='ltr'><strong>ac</strong></span> <span class='ocrx_word' id='word_1_62' title='bbox 1833 1115 2070 1170; x_wconf 87' lang='lat' dir='ltr'><strong>violento</strong></span> <span class='ocrx_word' id='word_1_63' title='bbox 2099 1115 2277 1180; x_wconf 70' lang='lat' dir='ltr'><strong>aestui,</strong></span> 
     </span>
    </p>
   </div>
   <div class='ocr_carea' id='block_1_11' title="bbox 705 1206 2280 1276">
    <p class='ocr_par' dir='ltr' id='par_1_11' title="bbox 705 1206 2280 1276">
     <span class='ocr_line' id='line_1_12' title="bbox 705 1206 2280 1276; baseline 0 -15"><span class='ocrx_word' id='word_1_64' title='bbox 705 1208 855 1262; x_wconf 73' lang='lat' dir='ltr'><strong>Velut</strong></span> <span class='ocrx_word' id='word_1_65' title='bbox 884 1207 1271 1261; x_wconf 89' lang='lat' dir='ltr'><strong>inconcussum</strong></span> <span class='ocrx_word' id='word_1_66' title='bbox 1305 1209 1736 1276; x_wconf 86' lang='lat' dir='ltr'><strong>promontorium</strong></span> <span class='ocrx_word' id='word_1_67' title='bbox 1773 1207 2065 1261; x_wconf 81' lang='lat' dir='ltr'><strong>insanienti</strong></span> <span class='ocrx_word' id='word_1_68' title='bbox 2089 1206 2280 1276; x_wconf 82' lang='lat' dir='ltr'><strong>pelago</strong></span> 
     </span>
    </p>
   </div>
   <div class='ocr_carea' id='block_1_12' title="bbox 705 1297 2281 1367">
    <p class='ocr_par' dir='ltr' id='par_1_12' title="bbox 705 1297 2281 1367">
     <span class='ocr_line' id='line_1_13' title="bbox 705 1297 2281 1367; baseline -0.001 -15"><span class='ocrx_word' id='word_1_69' title='bbox 705 1300 1004 1367; x_wconf 85' lang='lat' dir='ltr'><strong>ohjeetum.</strong></span> <span class='ocrx_word' id='word_1_70' title='bbox 1059 1300 1136 1353; x_wconf 83' lang='lat' dir='ltr'><strong>Ac</strong></span> <span class='ocrx_word' id='word_1_71' title='bbox 1185 1301 1482 1354; x_wconf 86' lang='lat' dir='ltr'><strong>vehemens</strong></span> <span class='ocrx_word' id='word_1_72' title='bbox 1526 1300 1746 1366; x_wconf 84' lang='lat' dir='ltr'><strong>quidem</strong></span> <span class='ocrx_word' id='word_1_73' title='bbox 1795 1299 1946 1354; x_wconf 92' lang='lat' dir='ltr'><strong>illius</strong></span> <span class='ocrx_word' id='word_1_74' title='bbox 2001 1297 2281 1366; x_wconf 68' lang='lat' dir='ltr'><strong>tragoediae</strong></span> 
     </span>
    </p>
   </div>
   <div class='ocr_carea' id='block_1_13' title="bbox 705 1387 2280 1458">
    <p class='ocr_par' dir='ltr' id='par_1_13' title="bbox 705 1387 2280 1458">
     <span class='ocr_line' id='line_1_14' title="bbox 705 1387 2280 1458; baseline 0 -17"><span class='ocrx_word' id='word_1_75' title='bbox 705 1398 1000 1458; x_wconf 82' lang='lat' dir='ltr'><strong>tempestas</strong></span> <span class='ocrx_word' id='word_1_76' title='bbox 1029 1389 1150 1450; x_wconf 91' lang='lat' dir='ltr'><strong>fuit,</strong></span> <span class='ocrx_word' id='word_1_77' title='bbox 1184 1405 1346 1457; x_wconf 80' lang='lat' dir='ltr'><strong>quam</strong></span> <span class='ocrx_word' id='word_1_78' title='bbox 1380 1389 1476 1443; x_wconf 90' lang='lat' dir='ltr'><strong>tibi</strong></span> <span class='ocrx_word' id='word_1_79' title='bbox 1509 1390 1678 1458; x_wconf 87' lang='lat' dir='ltr'><strong>patris</strong></span> <span class='ocrx_word' id='word_1_80' title='bbox 1716 1388 2067 1458; x_wconf 84' lang='lat' dir='ltr'><strong>imperatoris</strong></span> <span class='ocrx_word' id='word_1_81' title='bbox 2096 1387 2280 1441; x_wconf 87' lang='lat' dir='ltr'><strong>obitus</strong></span> 
     </span>
    </p>
   </div>
   <div class='ocr_carea' id='block_1_14' title="bbox 705 1479 2282 1549">
    <p class='ocr_par' dir='ltr' id='par_1_14' title="bbox 705 1479 2282 1549">
     <span class='ocr_line' id='line_1_15' title="bbox 705 1479 2282 1549; baseline -0.001 -17"><span class='ocrx_word' id='word_1_82' title='bbox 705 1481 1028 1542; x_wconf 75' lang='lat' dir='ltr'><strong>suscitavit;</strong></span> <span class='ocrx_word' id='word_1_83' title='bbox 1062 1481 1356 1534; x_wconf 78' lang='lat' dir='ltr'><strong>vehemens</strong></span> <span class='ocrx_word' id='word_1_84' title='bbox 1391 1482 1522 1533; x_wconf 90' lang='lat' dir='ltr'><strong>item</strong></span> <span class='ocrx_word' id='word_1_85' title='bbox 1553 1496 1638 1544; x_wconf 92' lang='lat' dir='ltr'><strong>ea,</strong></span> <span class='ocrx_word' id='word_1_86' title='bbox 1672 1497 1833 1549; x_wconf 88' lang='lat' dir='ltr'><strong>quam</strong></span> <span class='ocrx_word' id='word_1_87' title='bbox 1867 1479 1952 1534; x_wconf 87' lang='lat' dir='ltr'><strong>avi</strong></span> <span class='ocrx_word' id='word_1_88' title='bbox 1987 1481 2282 1548; x_wconf 90' lang='lat' dir='ltr'><strong>imperato-</strong></span> 
     </span>
    </p>
   </div>
   <div class='ocr_carea' id='block_1_15' title="bbox 703 1570 2278 1641">
    <p class='ocr_par' dir='ltr' id='par_1_15' title="bbox 703 1570 2278 1641">
     <span class='ocr_line' id='line_1_16' title="bbox 703 1570 2278 1641; baseline 0 -18"><span class='ocrx_word' id='word_1_89' title='bbox 703 1571 782 1624; x_wconf 84' lang='lat' dir='ltr'><strong>ris</strong></span> <span class='ocrx_word' id='word_1_90' title='bbox 832 1572 1107 1625; x_wconf 82' lang='lat' dir='ltr'><strong>interitus.</strong></span> <span class='ocrx_word' id='word_1_91' title='bbox 1147 1571 1250 1626; x_wconf 86' lang='lat' dir='ltr'><strong>Sed</strong></span> <span class='ocrx_word' id='word_1_92' title='bbox 1303 1580 1482 1626; x_wconf 89' lang='lat' dir='ltr'><strong>tamen</strong></span> <span class='ocrx_word' id='word_1_93' title='bbox 1534 1582 1708 1626; x_wconf 84' lang='lat' dir='ltr'><strong>matre</strong></span> <span class='ocrx_word' id='word_1_94' title='bbox 1765 1573 2056 1641; x_wconf 81' lang='lat' dir='ltr'><strong>superstite</strong></span> <span class='ocrx_word' id='word_1_95' title='bbox 2098 1570 2278 1624; x_wconf 82' lang='lat' dir='ltr'><strong>solatii</strong></span> 
     </span>
    </p>
   </div>
   <div class='ocr_carea' id='block_1_16' title="bbox 705 1663 2277 1733">
    <p class='ocr_par' dir='ltr' id='par_1_16' title="bbox 705 1663 2277 1733">
     <span class='ocr_line' id='line_1_17' title="bbox 705 1663 2277 1733; baseline 0.001 -18"><span class='ocrx_word' id='word_1_96' title='bbox 705 1664 938 1716; x_wconf 87' lang='lat' dir='ltr'><strong>multum</strong></span> <span class='ocrx_word' id='word_1_97' title='bbox 975 1664 1265 1733; x_wconf 79' lang='lat' dir='ltr'><strong>superfuit,</strong></span> <span class='ocrx_word' id='word_1_98' title='bbox 1300 1680 1407 1732; x_wconf 88' lang='lat' dir='ltr'><strong>quo</strong></span> <span class='ocrx_word' id='word_1_99' title='bbox 1445 1666 1622 1718; x_wconf 92' lang='lat' dir='ltr'><strong>luctus</strong></span> <span class='ocrx_word' id='word_1_100' title='bbox 1654 1666 1745 1718; x_wconf 89' lang='lat' dir='ltr'><strong>ille</strong></span> <span class='ocrx_word' id='word_1_101' title='bbox 1776 1666 2052 1719; x_wconf 81' lang='lat' dir='ltr'><strong>levaretur</strong></span> <span class='ocrx_word' id='word_1_102' title='bbox 2081 1671 2136 1718; x_wconf 87' lang='lat' dir='ltr'><strong>et</strong></span> <span class='ocrx_word' id='word_1_103' title='bbox 2162 1663 2277 1716; x_wconf 73' lang='lat' dir='ltr'><strong>eili-</strong></span> 
     </span>
    </p>
   </div>
   <div class='ocr_carea' id='block_1_17' title="bbox 706 1754 2274 1824">
    <p class='ocr_par' dir='ltr' id='par_1_17' title="bbox 706 1754 2274 1824">
     <span class='ocr_line' id='line_1_18' title="bbox 706 1754 2274 1824; baseline 0 -17"><span class='ocrx_word' id='word_1_104' title='bbox 706 1756 818 1808; x_wconf 88' lang='lat' dir='ltr'><strong>eaci</strong></span> <span class='ocrx_word' id='word_1_105' title='bbox 857 1756 1141 1808; x_wconf 80' lang='lat' dir='ltr'><strong>hilaritatis</strong></span> <span class='ocrx_word' id='word_1_106' title='bbox 1172 1757 1410 1809; x_wconf 88' lang='lat' dir='ltr'><strong>remedio</strong></span> <span class='ocrx_word' id='word_1_107' title='bbox 1430 1756 1593 1810; x_wconf 84' lang='lat' dir='ltr'><strong>veluti</strong></span> <span class='ocrx_word' id='word_1_108' title='bbox 1620 1756 1958 1810; x_wconf 89' lang='lat' dir='ltr'><strong>condiretur.</strong></span> <span class='ocrx_word' id='word_1_109' title='bbox 1983 1756 2051 1810; x_wconf 84' lang='lat' dir='ltr'><strong>At</strong></span> <span class='ocrx_word' id='word_1_110' title='bbox 2075 1756 2163 1808; x_wconf 91' lang='lat' dir='ltr'><strong>hic</strong></span> <span class='ocrx_word' id='word_1_111' title='bbox 2180 1754 2274 1824; x_wconf 87' lang='lat' dir='ltr'><strong>qui</strong></span> 
     </span>
    </p>
   </div>
   <div class='ocr_carea' id='block_1_18' title="bbox 1908 353 2748 416">
    <p class='ocr_par' dir='ltr' id='par_1_18' title="bbox 1908 353 2748 416">
     <span class='ocr_line' id='line_1_19' title="bbox 1908 353 2748 416; baseline -0.005 -2"><span class='ocrx_word' id='word_1_112' title='bbox 1908 356 2324 416; x_wconf 81' lang='lat' dir='ltr'><strong>NlCEPlIORI</strong></span> <span class='ocrx_word' id='word_1_113' title='bbox 2366 353 2680 413; x_wconf 68' lang='grc' dir='ltr'><strong>(ΞΒΕοοΒ</strong></span> <span class='ocrx_word' id='word_1_114' title='bbox 2704 353 2748 410; x_wconf 74' lang='grc' dir='ltr'>Ε</span> 
     </span>
    </p>
   </div>
   <div class='ocr_carea' id='block_1_19' title="bbox 751 467 2283 544">
    <p class='ocr_par' dir='ltr' id='par_1_19' title="bbox 751 472 2272 544">
     <span class='ocr_line' id='line_1_20' title="bbox 751 472 2272 544; baseline -0.003 -16"><span class='ocrx_word' id='word_1_115' title='bbox 751 481 858 528; x_wconf 64' lang='lat' dir='ltr'><strong>mea</strong></span> <span class='ocrx_word' id='word_1_116' title='bbox 890 484 943 527; x_wconf 73' lang='lat' dir='ltr'><strong>et</strong></span> <span class='ocrx_word' id='word_1_117' title='bbox 975 475 1132 528; x_wconf 83' lang='lat' dir='ltr'><strong>hasta</strong></span> <span class='ocrx_word' id='word_1_118' title='bbox 1159 474 1237 529; x_wconf 92' lang='lat' dir='ltr'><strong>sic</strong></span> <span class='ocrx_word' id='word_1_119' title='bbox 1260 489 1470 538; x_wconf 92' lang='lat' dir='ltr'><strong>eorum,</strong></span> <span class='ocrx_word' id='word_1_120' title='bbox 1493 474 1584 542; x_wconf 90' lang='lat' dir='ltr'><strong>qui</strong></span> <span class='ocrx_word' id='word_1_121' title='bbox 1614 490 1806 544; x_wconf 68' lang='lat' dir='ltr'><strong>pugnae</strong></span> <span class='ocrx_word' id='word_1_122' title='bbox 1835 475 2027 527; x_wconf 81' lang='lat' dir='ltr'><strong>arbitri</strong></span> <span class='ocrx_word' id='word_1_123' title='bbox 2061 472 2272 535; x_wconf 76' lang='lat' dir='ltr'><strong>sedent,</strong></span> 
     </span>
    </p>
   </div>
   <div class='ocr_carea' id='block_1_20' title="bbox 2327 467 3960 544">
    <p class='ocr_par' dir='ltr' id='par_1_20' title="bbox 2327 467 3960 540">
     <span class='ocr_line' id='line_1_21' title="bbox 2327 467 3960 540; baseline -0.002 -18"><span class='ocrx_word' id='word_1_124' title='bbox 2327 475 2348 528; x_wconf 60' lang='grc' dir='ltr'><strong>λ</strong></span> <span class='ocrx_word' id='word_1_125' title='bbox 2381 471 2669 540; x_wconf 78' lang='grc' dir='ltr'><strong>συμμαχία</strong></span> <span class='ocrx_word' id='word_1_126' title='bbox 2701 467 3101 540; x_wconf 83' lang='grc' dir='ltr'>ἐπιτηδεύεται.</span> <span class='ocrx_word' id='word_1_127' title='bbox 3177 472 3369 531; x_wconf 84' lang='grc' dir='ltr'>Ἀσπ’ς</span> <span class='ocrx_word' id='word_1_128' title='bbox 3401 468 3505 538; x_wconf 73' lang='grc' dir='ltr'><strong>γὰρ</strong></span> <span class='ocrx_word' id='word_1_129' title='bbox 3554 469 3646 521; x_wconf 68' lang='grc' dir='ltr'><strong>καὶ</strong></span> <span class='ocrx_word' id='word_1_130' title='bbox 3698 468 3824 535; x_wconf 79' lang='grc' dir='ltr'>δόρυ</span> <span class='ocrx_word' id='word_1_131' title='bbox 3861 469 3960 520; x_wconf 71' lang='grc' dir='ltr'><strong>καὶ</strong></span> 
     </span>
    </p>
   </div>
   <div class='ocr_carea' id='block_1_21' title="bbox 3027 347 3670 418">
    <p class='ocr_par' dir='ltr' id='par_1_21' title="bbox 3027 347 3670 418">
     <span class='ocr_line' id='line_1_22' title="bbox 3027 347 3670 418; baseline -0.003 -17"><span class='ocrx_word' id='word_1_132' title='bbox 3027 347 3163 418; x_wconf 71' lang='grc' dir='ltr'><strong>[ηιμ.</strong></span> <span class='ocrx_word' id='word_1_133' title='bbox 3209 362 3484 402; x_wconf 63' lang='grc' dir='ltr'>Ακωιοκιε-</span> <span class='ocrx_word' id='word_1_134' title='bbox 3532 347 3670 418; x_wconf 58' lang='lat' dir='ltr'><strong>wax]</strong></span> 
     </span>
    </p>
   </div>
   <div class='ocr_carea' id='block_1_22' title="bbox 3852 352 3985 413">
    <p class='ocr_par' dir='ltr' id='par_1_22' title="bbox 3852 352 3985 413">
     <span class='ocr_line' id='line_1_23' title="bbox 3852 352 3985 413; baseline -0.008 0"><span class='ocrx_word' id='word_1_135' title='bbox 3852 352 3985 413; x_wconf 57' lang='lat'><strong>692‘</strong></span> 
     </span>
    </p>
   </div>
   <div class='ocr_carea' id='block_1_23' title="bbox 2387 561 3962 632">
    <p class='ocr_par' dir='ltr' id='par_1_23' title="bbox 2387 561 3962 632">
     <span class='ocr_line' id='line_1_24' title="bbox 2387 561 3962 632; baseline -0.002 -17"><span class='ocrx_word' id='word_1_136' title='bbox 2387 562 2588 630; x_wconf 80' lang='grc' dir='ltr'>κράνος</span> <span class='ocrx_word' id='word_1_137' title='bbox 2604 562 2701 632; x_wconf 82' lang='grc' dir='ltr'>τὴν</span> <span class='ocrx_word' id='word_1_138' title='bbox 2727 562 2835 614; x_wconf 84' lang='grc' dir='ltr'>τῶν</span> <span class='ocrx_word' id='word_1_139' title='bbox 2858 561 3336 628; x_wconf 86' lang='grc' dir='ltr'>άγωνοθετούντων</span> <span class='ocrx_word' id='word_1_140' title='bbox 3354 561 3611 622; x_wconf 73' lang='grc' dir='ltr'><strong>πολλάκις</strong></span> <span class='ocrx_word' id='word_1_141' title='bbox 3633 561 3962 628; x_wconf 67' lang='grc' dir='ltr'>ἁρπάσαντα</span> 
     </span>
    </p>
   </div>
   <div class='ocr_carea' id='block_1_24' title="bbox 2388 651 3962 723">
    <p class='ocr_par' dir='ltr' id='par_1_24' title="bbox 2388 651 3962 723">
     <span class='ocr_line' id='line_1_25' title="bbox 2388 651 3962 723; baseline -0.002 -18"><span class='ocrx_word' id='word_1_142' title='bbox 2388 654 2572 721; x_wconf 78' lang='grc' dir='ltr'><strong>κρίσιν</strong></span> <span class='ocrx_word' id='word_1_143' title='bbox 2601 653 2693 707; x_wconf 79' lang='grc' dir='ltr'><strong>καὶ</strong></span> <span class='ocrx_word' id='word_1_144' title='bbox 2736 653 3163 723; x_wconf 79' lang='grc' dir='ltr'>συγκυκήσαντα</span> <span class='ocrx_word' id='word_1_145' title='bbox 3195 655 3319 714; x_wconf 84' lang='grc' dir='ltr'>τοὺς</span> <span class='ocrx_word' id='word_1_146' title='bbox 3370 653 3617 722; x_wconf 72' lang='grc' dir='ltr'><strong>ἐλέγχους</strong></span> <span class='ocrx_word' id='word_1_147' title='bbox 3654 653 3709 703; x_wconf 81' lang='grc' dir='ltr'><strong>ἐν</strong></span> <span class='ocrx_word' id='word_1_148' title='bbox 3740 651 3962 721; x_wconf 81' lang='grc' dir='ltr'>ἀδήλοις</span> 
     </span>
    </p>
   </div>
   <div class='ocr_carea' id='block_1_25' title="bbox 2387 744 3964 813">
    <p class='ocr_par' dir='ltr' id='par_1_25' title="bbox 2387 744 3964 813">
     <span class='ocr_line' id='line_1_26' title="bbox 2387 744 3964 813; baseline -0.002 -16"><span class='ocrx_word' id='word_1_149' title='bbox 2387 745 2500 798; x_wconf 78' lang='grc' dir='ltr'>ἐσθ’</span> <span class='ocrx_word' id='word_1_150' title='bbox 2534 746 2621 798; x_wconf 79' lang='grc' dir='ltr'>ὅτε</span> <span class='ocrx_word' id='word_1_151' title='bbox 2655 745 2839 813; x_wconf 82' lang='grc' dir='ltr'>βυθοῖς</span> <span class='ocrx_word' id='word_1_152' title='bbox 2869 745 2970 813; x_wconf 84' lang='grc' dir='ltr'>τῆς</span> <span class='ocrx_word' id='word_1_153' title='bbox 3003 746 3264 813; x_wconf 87' lang='grc' dir='ltr'>παλάμης</span> <span class='ocrx_word' id='word_1_154' title='bbox 3320 744 3686 812; x_wconf 75' lang='grc' dir='ltr'>τάγκλήματα</span> <span class='ocrx_word' id='word_1_155' title='bbox 3733 744 3964 795; x_wconf 80' lang='grc' dir='ltr'>συνεκά-</span> 
     </span>
    </p>
   </div>
   <div class='ocr_carea' id='block_1_26' title="bbox 2385 832 3964 908">
    <p class='ocr_par' dir='ltr' id='par_1_26' title="bbox 2385 832 3964 908">
     <span class='ocr_line' id='line_1_27' title="bbox 2385 832 3964 908; baseline -0.005 -19"><span class='ocrx_word' id='word_1_156' title='bbox 2385 837 2586 906; x_wconf 73' lang='grc' dir='ltr'>λυψαν.</span> <span class='ocrx_word' id='word_1_157' title='bbox 2652 835 2918 891; x_wconf 79' lang='grc' dir='ltr'><strong>Ἐνταῦθα</strong></span> <span class='ocrx_word' id='word_1_158' title='bbox 2971 835 3076 904; x_wconf 84' lang='grc' dir='ltr'><strong>δ’ή</strong></span> <span class='ocrx_word' id='word_1_159' title='bbox 3131 836 3228 905; x_wconf 84' lang='grc' dir='ltr'><strong>τῆς</strong></span> <span class='ocrx_word' id='word_1_160' title='bbox 3278 835 3454 904; x_wconf 79' lang='grc' dir='ltr'>ψυχῆς</span> <span class='ocrx_word' id='word_1_161' title='bbox 3486 834 3676 908; x_wconf 77' lang='grc' dir='ltr'><strong>ἀνδρία</strong></span> <span class='ocrx_word' id='word_1_162' title='bbox 3704 832 3964 901; x_wconf 73' lang='grc' dir='ltr'>καθαρῶς</span> 
     </span>
    </p>
   </div>
   <div class='ocr_carea' id='block_1_27' title="bbox 2387 923 3966 998">
    <p class='ocr_par' dir='ltr' id='par_1_27' title="bbox 2387 923 3966 998">
     <span class='ocr_line' id='line_1_28' title="bbox 2387 923 3966 998; baseline -0.005 -16"><span class='ocrx_word' id='word_1_163' title='bbox 2387 927 2729 998; x_wconf 85' lang='grc' dir='ltr'>ἁποδυομένη</span> <span class='ocrx_word' id='word_1_164' title='bbox 2787 928 2924 995; x_wconf 83' lang='grc' dir='ltr'>πρὸς</span> <span class='ocrx_word' id='word_1_165' title='bbox 2985 929 3112 990; x_wconf 75' lang='grc' dir='ltr'>τοὺς</span> <span class='ocrx_word' id='word_1_166' title='bbox 3147 927 3367 994; x_wconf 83' lang='grc' dir='ltr'>ἀγῶνας</span> <span class='ocrx_word' id='word_1_167' title='bbox 3416 925 3530 995; x_wconf 80' lang='grc' dir='ltr'>ἔχει</span> <span class='ocrx_word' id='word_1_168' title='bbox 3580 924 3836 992; x_wconf 83' lang='grc' dir='ltr'>καθάπερ</span> <span class='ocrx_word' id='word_1_169' title='bbox 3871 923 3966 974; x_wconf 71' lang='grc' dir='ltr'><strong>ἐπὶ</strong></span> 
     </span>
    </p>
   </div>
   <div class='ocr_carea' id='block_1_28' title="bbox 2387 1017 3963 1093">
    <p class='ocr_par' dir='ltr' id='par_1_28' title="bbox 2387 1017 3963 1093">
     <span class='ocr_line' id='line_1_29' title="bbox 2387 1017 3963 1093; baseline -0.005 -19"><span class='ocrx_word' id='word_1_170' title='bbox 2387 1023 2622 1093; x_wconf 64' lang='grc' dir='ltr'>στερρᾶς</span> <span class='ocrx_word' id='word_1_171' title='bbox 2645 1021 2912 1090; x_wconf 79' lang='grc' dir='ltr'>κρηπῖδος</span> <span class='ocrx_word' id='word_1_172' title='bbox 2939 1017 3076 1088; x_wconf 81' lang='lat'><strong>(70),</strong></span> <span class='ocrx_word' id='word_1_173' title='bbox 3095 1019 3196 1088; x_wconf 79' lang='grc' dir='ltr'>τῆς</span> <span class='ocrx_word' id='word_1_174' title='bbox 3218 1020 3443 1087; x_wconf 78' lang='grc' dir='ltr'><strong>γνώμης</strong></span> <span class='ocrx_word' id='word_1_175' title='bbox 3475 1036 3530 1070; x_wconf 88' lang='grc' dir='ltr'><strong>τε</strong></span> <span class='ocrx_word' id='word_1_176' title='bbox 3557 1022 3650 1070; x_wconf 82' lang='grc' dir='ltr'><strong>καὶ</strong></span> <span class='ocrx_word' id='word_1_177' title='bbox 3671 1018 3963 1079; x_wconf 76' lang='grc' dir='ltr'>συνέσεως,</span> 
     </span>
    </p>
   </div>
   <div class='ocr_carea' id='block_1_29' title="bbox 2386 1107 3966 1181">
    <p class='ocr_par' dir='ltr' id='par_1_29' title="bbox 2386 1107 3966 1181">
     <span class='ocr_line' id='line_1_30' title="bbox 2386 1107 3966 1181; baseline -0.004 -17"><span class='ocrx_word' id='word_1_178' title='bbox 2386 1112 2626 1181; x_wconf 79' lang='grc' dir='ltr'>γυμνοὺς</span> <span class='ocrx_word' id='word_1_179' title='bbox 2679 1113 2776 1164; x_wconf 80' lang='grc' dir='ltr'>καὶ</span> <span class='ocrx_word' id='word_1_180' title='bbox 2826 1110 3066 1174; x_wconf 81' lang='grc' dir='ltr'><strong>ἀόπλους</strong></span> <span class='ocrx_word' id='word_1_181' title='bbox 3119 1112 3244 1172; x_wconf 77' lang='grc' dir='ltr'>τοὺς</span> <span class='ocrx_word' id='word_1_182' title='bbox 3301 1109 3467 1171; x_wconf 83' lang='grc' dir='ltr'><strong>πόδας</strong></span> <span class='ocrx_word' id='word_1_183' title='bbox 3497 1109 3758 1173; x_wconf 87' lang='grc' dir='ltr'>ἐρείσασα</span> <span class='ocrx_word' id='word_1_184' title='bbox 3818 1107 3966 1176; x_wconf 84' lang='grc' dir='ltr'>μάλα</span> 
     </span>
    </p>
   </div>
   <div class='ocr_carea' id='block_1_30' title="bbox 2385 1201 3966 1273">
    <p class='ocr_par' dir='ltr' id='par_1_30' title="bbox 2385 1201 3966 1273">
     <span class='ocr_line' id='line_1_31' title="bbox 2385 1201 3966 1273; baseline -0.004 -16"><span class='ocrx_word' id='word_1_185' title='bbox 2385 1205 2650 1273; x_wconf 76' lang='grc' dir='ltr'><strong>γενναίως</strong></span> <span class='ocrx_word' id='word_1_186' title='bbox 2673 1202 3029 1256; x_wconf 82' lang='grc' dir='ltr'>ἀνθίστασθαι</span> <span class='ocrx_word' id='word_1_187' title='bbox 3054 1206 3150 1255; x_wconf 73' lang='grc' dir='ltr'><strong>καὶ</strong></span> <span class='ocrx_word' id='word_1_188' title='bbox 3176 1203 3426 1272; x_wconf 83' lang='grc' dir='ltr'><strong>ἀντέχειν</strong></span> <span class='ocrx_word' id='word_1_189' title='bbox 3450 1202 3586 1271; x_wconf 81' lang='grc' dir='ltr'>πρὸς</span> <span class='ocrx_word' id='word_1_190' title='bbox 3616 1202 3767 1254; x_wconf 72' lang='grc' dir='ltr'>ἅπαν</span> <span class='ocrx_word' id='word_1_191' title='bbox 3785 1201 3966 1264; x_wconf 83' lang='grc' dir='ltr'>λύπης</span> 
     </span>
    </p>
   </div>
   <div class='ocr_carea' id='block_1_31' title="bbox 2385 1293 3965 1364">
    <p class='ocr_par' dir='ltr' id='par_1_31' title="bbox 2385 1293 3965 1364">
     <span class='ocr_line' id='line_1_32' title="bbox 2385 1293 3965 1364; baseline -0.005 -15"><span class='ocrx_word' id='word_1_192' title='bbox 2385 1295 2537 1364; x_wconf 80' lang='grc' dir='ltr'>κῦμα</span> <span class='ocrx_word' id='word_1_193' title='bbox 2568 1295 2663 1348; x_wconf 74' lang='grc' dir='ltr'>καὶ</span> <span class='ocrx_word' id='word_1_194' title='bbox 2682 1295 2882 1363; x_wconf 76' lang='grc' dir='ltr'>ῥόθιον,</span> <span class='ocrx_word' id='word_1_195' title='bbox 2901 1293 3153 1364; x_wconf 88' lang='grc' dir='ltr'>καθάπερ</span> <span class='ocrx_word' id='word_1_196' title='bbox 3170 1295 3417 1364; x_wconf 78' lang='grc' dir='ltr'>προὸλὴς</span> <span class='ocrx_word' id='word_1_197' title='bbox 3441 1294 3730 1354; x_wconf 84' lang='grc' dir='ltr'>ἀτίνακτος</span> <span class='ocrx_word' id='word_1_198' title='bbox 3750 1293 3965 1344; x_wconf 85' lang='grc' dir='ltr'>ἐστῶσα</span> 
     </span>
    </p>
   </div>
   <div class='ocr_carea' id='block_1_32' title="bbox 2390 1377 3968 1458">
    <p class='ocr_par' dir='ltr' id='par_1_32' title="bbox 2390 1377 3968 1458">
     <span class='ocr_line' id='line_1_33' title="bbox 2390 1377 3968 1458; baseline -0.006 -18"><span class='ocrx_word' id='word_1_199' title='bbox 2390 1389 2525 1458; x_wconf 67' lang='grc' dir='ltr'>πρδς</span> <span class='ocrx_word' id='word_1_200' title='bbox 2555 1385 2887 1455; x_wconf 77' lang='grc' dir='ltr'>ὑϐρίζουσαν</span> <span class='ocrx_word' id='word_1_201' title='bbox 2917 1385 3220 1440; x_wconf 87' lang='grc' dir='ltr'>θάλασσαν.</span> <span class='ocrx_word' id='word_1_202' title='bbox 3269 1384 3512 1454; x_wconf 79' lang='grc' dir='ltr'>Σφοδρδς</span> <span class='ocrx_word' id='word_1_203' title='bbox 3550 1386 3649 1453; x_wconf 73' lang='grc' dir='ltr'><strong>μὲν</strong></span> <span class='ocrx_word' id='word_1_204' title='bbox 3695 1378 3790 1436; x_wconf 71' lang='grc' dir='ltr'><strong>οὖν</strong></span> <span class='ocrx_word' id='word_1_205' title='bbox 3822 1377 3889 1451; x_wconf 73' lang='grc' dir='ltr'><strong>ἦν</strong></span> <span class='ocrx_word' id='word_1_206' title='bbox 3943 1385 3968 1432; x_wconf 75' lang='grc' dir='ltr'>ὁ</span> 
     </span>
    </p>
   </div>
   <div class='ocr_carea' id='block_1_33' title="bbox 2387 1477 3968 1552">
    <p class='ocr_par' dir='ltr' id='par_1_33' title="bbox 2387 1477 3968 1552">
     <span class='ocr_line' id='line_1_34' title="bbox 2387 1477 3968 1552; baseline -0.015 -3"><span class='ocrx_word' id='word_1_207' title='bbox 2387 1479 2595 1549; x_wconf 80' lang='grc' dir='ltr'>χειμὼν</span> <span class='ocrx_word' id='word_1_208' title='bbox 2639 1482 2857 1549; x_wconf 76' lang='grc' dir='ltr'><strong>ἐκείνης</strong></span> <span class='ocrx_word' id='word_1_209' title='bbox 2913 1483 3011 1550; x_wconf 82' lang='grc' dir='ltr'>τῆς</span> <span class='ocrx_word' id='word_1_210' title='bbox 3047 1480 3384 1552; x_wconf 83' lang='grc' dir='ltr'><strong>τραγῳδίας,</strong></span> <span class='ocrx_word' id='word_1_211' title='bbox 3417 1481 3484 1549; x_wconf 79' lang='grc' dir='ltr'><strong>ἢν</strong></span> <span class='ocrx_word' id='word_1_212' title='bbox 3513 1481 3539 1532; x_wconf 90' lang='grc' dir='ltr'><strong>ό</strong></span> <span class='ocrx_word' id='word_1_213' title='bbox 3570 1477 3665 1531; x_wconf 74' lang='grc' dir='ltr'>τοῦ</span> <span class='ocrx_word' id='word_1_214' title='bbox 3703 1477 3968 1547; x_wconf 83' lang='grc' dir='ltr'>βασιλέως</span> 
     </span>
    </p>
   </div>
   <div class='ocr_carea' id='block_1_34' title="bbox 2387 1562 3964 1645">
    <p class='ocr_par' dir='ltr' id='par_1_34' title="bbox 2387 1562 3964 1645">
     <span class='ocr_line' id='line_1_35' title="bbox 2387 1562 3964 1645; baseline -0.006 -17"><span class='ocrx_word' id='word_1_215' title='bbox 2387 1571 2480 1628; x_wconf 66' lang='grc' dir='ltr'><strong>καὶ</strong></span> <span class='ocrx_word' id='word_1_216' title='bbox 2538 1574 2745 1644; x_wconf 83' lang='grc' dir='ltr'>πατρὸς</span> <span class='ocrx_word' id='word_1_217' title='bbox 2803 1575 3078 1645; x_wconf 82' lang='grc' dir='ltr'>ἐπήνεγκέ</span> <span class='ocrx_word' id='word_1_218' title='bbox 3115 1592 3196 1626; x_wconf 89' lang='grc' dir='ltr'><strong>σοι</strong></span> <span class='ocrx_word' id='word_1_219' title='bbox 3234 1573 3467 1635; x_wconf 81' lang='grc' dir='ltr'><strong>Θάνατος</strong></span> <span class='ocrx_word' id='word_1_220' title='bbox 3488 1592 3502 1607; x_wconf 75' lang='grc' dir='ltr'><strong>ο</strong></span> <span class='ocrx_word' id='word_1_221' title='bbox 3535 1570 3788 1640; x_wconf 77' lang='grc' dir='ltr'>’σφοδρὸς</span> <span class='ocrx_word' id='word_1_222' title='bbox 3821 1568 3867 1622; x_wconf 79' lang='grc' dir='ltr'>δ’</span> <span class='ocrx_word' id='word_1_223' title='bbox 3898 1562 3964 1619; x_wconf 72' lang='grc' dir='ltr'><strong>αὖ</strong></span> 
     </span>
    </p>
   </div>
   <div class='ocr_carea' id='block_1_35' title="bbox 2387 1657 3969 1733">
    <p class='ocr_par' dir='ltr' id='par_1_35' title="bbox 2387 1657 3969 1733">
     <span class='ocr_line' id='line_1_36' title="bbox 2387 1657 3969 1733; baseline -0.005 -15"><span class='ocrx_word' id='word_1_224' title='bbox 2387 1665 2485 1718; x_wconf 72' lang='grc' dir='ltr'>καὶ</span> <span class='ocrx_word' id='word_1_225' title='bbox 2515 1665 2544 1718; x_wconf 82' lang='grc' dir='ltr'><strong>ό</strong></span> <span class='ocrx_word' id='word_1_226' title='bbox 2575 1664 2670 1718; x_wconf 85' lang='grc' dir='ltr'>τοῦ</span> <span class='ocrx_word' id='word_1_227' title='bbox 2707 1665 2974 1733; x_wconf 80' lang='grc' dir='ltr'>βασιλέως</span> <span class='ocrx_word' id='word_1_228' title='bbox 3001 1665 3094 1719; x_wconf 80' lang='grc' dir='ltr'>καὶ</span> <span class='ocrx_word' id='word_1_229' title='bbox 3126 1664 3379 1725; x_wconf 82' lang='grc' dir='ltr'><strong>πάππου,</strong></span> <span class='ocrx_word' id='word_1_230' title='bbox 3416 1664 3464 1715; x_wconf 83' lang='grc' dir='ltr'><strong>εί</strong></span> <span class='ocrx_word' id='word_1_231' title='bbox 3497 1662 3570 1731; x_wconf 82' lang='grc' dir='ltr'>μὴ</span> <span class='ocrx_word' id='word_1_232' title='bbox 3612 1663 3708 1714; x_wconf 70' lang='grc' dir='ltr'><strong>καὶ</strong></span> <span class='ocrx_word' id='word_1_233' title='bbox 3743 1657 3969 1728; x_wconf 72' lang='grc' dir='ltr'>μείζονα</span> 
     </span>
    </p>
   </div>
   <div class='ocr_carea' id='block_1_36' title="bbox 2391 1750 3968 1823">
    <p class='ocr_par' dir='ltr' id='par_1_36' title="bbox 2391 1750 3968 1823">
     <span class='ocr_line' id='line_1_37' title="bbox 2391 1750 3968 1823; baseline -0.004 -16"><span class='ocrx_word' id='word_1_234' title='bbox 2391 1753 2523 1823; x_wconf 84' lang='grc' dir='ltr'>φαίη</span> <span class='ocrx_word' id='word_1_235' title='bbox 2551 1771 2634 1818; x_wconf 88' lang='grc' dir='ltr'>τις</span> <span class='ocrx_word' id='word_1_236' title='bbox 2659 1754 2746 1819; x_wconf 83' lang='grc' dir='ltr'><strong>ἂν,</strong></span> <span class='ocrx_word' id='word_1_237' title='bbox 2770 1756 2852 1807; x_wconf 86' lang='grc' dir='ltr'><strong>ὅτι</strong></span> <span class='ocrx_word' id='word_1_238' title='bbox 2884 1755 2992 1818; x_wconf 76' lang='grc' dir='ltr'><strong>ζῶν</strong></span> <span class='ocrx_word' id='word_1_239' title='bbox 3022 1755 3116 1806; x_wconf 75' lang='grc' dir='ltr'>καὶ</span> <span class='ocrx_word' id='word_1_240' title='bbox 3145 1755 3463 1822; x_wconf 87' lang='grc' dir='ltr'>κινούμενον</span> <span class='ocrx_word' id='word_1_241' title='bbox 3504 1753 3665 1814; x_wconf 79' lang='grc' dir='ltr'>αὑτὸς</span> <span class='ocrx_word' id='word_1_242' title='bbox 3690 1750 3968 1803; x_wconf 76' lang='grc' dir='ltr'><strong>ἐλέλειπτο</strong></span> 
     </span>
    </p>
   </div>
   <div class='ocr_carea' id='block_1_37' title="bbox 718 1840 2283 1918">
    <p class='ocr_par' dir='ltr' id='par_1_37' title="bbox 718 1847 2283 1918">
     <span class='ocr_line' id='line_1_38' title="bbox 718 1847 2283 1918; baseline 0 -18"><span class='ocrx_word' id='word_1_243' title='bbox 718 1857 768 1900; x_wconf 88' lang='lat' dir='ltr'><strong>te</strong></span> <span class='ocrx_word' id='word_1_244' title='bbox 804 1865 947 1900; x_wconf 79' lang='lat' dir='ltr'><strong>nune.</strong></span> <span class='ocrx_word' id='word_1_245' title='bbox 987 1847 1222 1902; x_wconf 65' lang='lat' dir='ltr'><strong>dominre</strong></span> <span class='ocrx_word' id='word_1_246' title='bbox 1261 1849 1449 1903; x_wconf 84' lang='lat' dir='ltr'><strong>matris</strong></span> <span class='ocrx_word' id='word_1_247' title='bbox 1475 1865 1634 1903; x_wconf 83' lang='lat' dir='ltr'><strong>casus</strong></span> <span class='ocrx_word' id='word_1_248' title='bbox 1670 1851 1940 1918; x_wconf 84' lang='lat' dir='ltr'><strong>oppressit</strong></span> <span class='ocrx_word' id='word_1_249' title='bbox 1975 1850 2134 1917; x_wconf 77' lang='lat' dir='ltr'><strong>longe</strong></span> <span class='ocrx_word' id='word_1_250' title='bbox 2163 1864 2283 1916; x_wconf 70' lang='lat' dir='ltr'><strong>gra-</strong></span> 
     </span>
    </p>
   </div>
   <div class='ocr_carea' id='block_1_38' title="bbox 2327 1840 3970 1918">
    <p class='ocr_par' dir='ltr' id='par_1_38' title="bbox 2327 1840 3970 1916">
     <span class='ocr_line' id='line_1_39' title="bbox 2327 1840 3970 1916; baseline -0.005 -17"><span class='ocrx_word' id='word_1_251' title='bbox 2327 1853 2359 1908; x_wconf 86' lang='lat' dir='ltr'><strong>B</strong></span> <span class='ocrx_word' id='word_1_252' title='bbox 2391 1845 2707 1916; x_wconf 77' lang='grc' dir='ltr'>φάρμακον,</span> <span class='ocrx_word' id='word_1_253' title='bbox 2743 1846 2937 1915; x_wconf 83' lang='grc' dir='ltr'>ἡδονὴν</span> <span class='ocrx_word' id='word_1_254' title='bbox 2987 1845 3207 1916; x_wconf 79' lang='grc' dir='ltr'><strong>ὁμαλῶς</strong></span> <span class='ocrx_word' id='word_1_255' title='bbox 3259 1842 3457 1896; x_wconf 82' lang='grc' dir='ltr'>οὑτωσί</span> <span class='ocrx_word' id='word_1_256' title='bbox 3488 1860 3605 1905; x_wconf 87' lang='grc' dir='ltr'><strong>πως</strong></span> <span class='ocrx_word' id='word_1_257' title='bbox 3636 1840 3970 1908; x_wconf 81' lang='grc' dir='ltr'>ἀντιτεχνώ-</span> 
     </span>
    </p>
   </div>
   <div class='ocr_carea' id='block_1_39' title="bbox 706 1936 2283 2008">
    <p class='ocr_par' dir='ltr' id='par_1_39' title="bbox 706 1936 2283 2008">
     <span class='ocr_line' id='line_1_40' title="bbox 706 1936 2283 2008; baseline 0.001 -20"><span class='ocrx_word' id='word_1_258' title='bbox 706 1936 964 1990; x_wconf 82' lang='lat' dir='ltr'><strong>vissimus</strong></span> <span class='ocrx_word' id='word_1_259' title='bbox 1031 1953 1246 1992; x_wconf 90' lang='lat' dir='ltr'><strong>omnem</strong></span> <span class='ocrx_word' id='word_1_260' title='bbox 1303 1939 1510 1993; x_wconf 90' lang='lat' dir='ltr'><strong>doloris</strong></span> <span class='ocrx_word' id='word_1_261' title='bbox 1587 1941 1943 1994; x_wconf 83' lang='lat' dir='ltr'><strong>acerbitatem</strong></span> <span class='ocrx_word' id='word_1_262' title='bbox 2027 1947 2283 2008; x_wconf 88' lang='lat' dir='ltr'><strong>superat,</strong></span> 
     </span>
    </p>
   </div>
   <div class='ocr_carea' id='block_1_40' title="bbox 704 2022 2287 2096">
    <p class='ocr_par' dir='ltr' id='par_1_40' title="bbox 704 2022 2287 2096">
     <span class='ocr_line' id='line_1_41' title="bbox 704 2022 2287 2096; baseline 0.001 -16"><span class='ocrx_word' id='word_1_263' title='bbox 704 2022 866 2092; x_wconf 59' lang='lat'><strong>6,92</strong></span> <span class='ocrx_word' id='word_1_264' title='bbox 899 2041 1020 2080; x_wconf 90' lang='lat' dir='ltr'><strong>cum</strong></span> <span class='ocrx_word' id='word_1_265' title='bbox 1050 2026 1118 2080; x_wconf 90' lang='lat' dir='ltr'><strong>ob</strong></span> <span class='ocrx_word' id='word_1_266' title='bbox 1153 2028 1413 2096; x_wconf 91' lang='lat' dir='ltr'><strong>majorem</strong></span> <span class='ocrx_word' id='word_1_267' title='bbox 1464 2030 1747 2095; x_wconf 73' lang='lat' dir='ltr'><strong>sanguinis</strong></span> <span class='ocrx_word' id='word_1_268' title='bbox 1790 2029 2132 2089; x_wconf 85' lang='lat' dir='ltr'><strong>affinitatem,</strong></span> <span class='ocrx_word' id='word_1_269' title='bbox 2172 2040 2287 2082; x_wconf 89' lang='lat' dir='ltr'><strong>tum</strong></span> 
     </span>
    </p>
   </div>
   <div class='ocr_carea' id='block_1_41' title="bbox 705 2117 2289 2180">
    <p class='ocr_par' dir='ltr' id='par_1_41' title="bbox 705 2117 2289 2180">
     <span class='ocr_line' id='line_1_42' title="bbox 705 2117 2289 2180; baseline 0.005 -16"><span class='ocrx_word' id='word_1_270' title='bbox 705 2117 848 2180; x_wconf 88' lang='lat' dir='ltr'><strong>quod</strong></span> <span class='ocrx_word' id='word_1_271' title='bbox 895 2132 957 2169; x_wconf 86' lang='lat' dir='ltr'><strong>ea</strong></span> <span class='ocrx_word' id='word_1_272' title='bbox 989 2119 1100 2170; x_wconf 89' lang='lat' dir='ltr'><strong>sola</strong></span> <span class='ocrx_word' id='word_1_273' title='bbox 1134 2127 1373 2170; x_wconf 84' lang='lat' dir='ltr'><strong>extrema</strong></span> <span class='ocrx_word' id='word_1_274' title='bbox 1405 2119 1621 2172; x_wconf 63' lang='lat' dir='ltr'><strong>familiae</strong></span> <span class='ocrx_word' id='word_1_275' title='bbox 1649 2131 1846 2173; x_wconf 83' lang='lat' dir='ltr'><strong>ancora</strong></span> <span class='ocrx_word' id='word_1_276' title='bbox 1871 2131 1922 2173; x_wconf 90' lang='lat' dir='ltr'><strong>et</strong></span> <span class='ocrx_word' id='word_1_277' title='bbox 1949 2136 2160 2174; x_wconf 88' lang='lat' dir='ltr'><strong>summa</strong></span> <span class='ocrx_word' id='word_1_278' title='bbox 2193 2119 2289 2173; x_wconf 90' lang='lat' dir='ltr'><strong>ob-</strong></span> 
     </span>
    </p>
   </div>
   <div class='ocr_carea' id='block_1_42' title="bbox 703 2204 2289 2277">
    <p class='ocr_par' dir='ltr' id='par_1_42' title="bbox 703 2204 2289 2277">
     <span class='ocr_line' id='line_1_43' title="bbox 703 2204 2289 2277; baseline 0.004 -20"><span class='ocrx_word' id='word_1_279' title='bbox 703 2204 925 2258; x_wconf 77' lang='lat' dir='ltr'><strong>lectatio</strong></span> <span class='ocrx_word' id='word_1_280' title='bbox 965 2206 1171 2276; x_wconf 84' lang='lat' dir='ltr'><strong>reliqua</strong></span> <span class='ocrx_word' id='word_1_281' title='bbox 1210 2208 1331 2261; x_wconf 87' lang='lat' dir='ltr'><strong>fuit.</strong></span> <span class='ocrx_word' id='word_1_282' title='bbox 1366 2208 1498 2261; x_wconf 82' lang='lat' dir='ltr'><strong>Nam</strong></span> <span class='ocrx_word' id='word_1_283' title='bbox 1531 2209 1597 2262; x_wconf 87' lang='lat' dir='ltr'><strong>ad</strong></span> <span class='ocrx_word' id='word_1_284' title='bbox 1639 2209 1783 2277; x_wconf 86' lang='lat' dir='ltr'><strong>ipsas</strong></span> <span class='ocrx_word' id='word_1_285' title='bbox 1812 2224 1985 2276; x_wconf 86' lang='lat' dir='ltr'><strong>usque</strong></span> <span class='ocrx_word' id='word_1_286' title='bbox 2023 2210 2289 2264; x_wconf 83' lang='lat' dir='ltr'><strong>medulias</strong></span> 
     </span>
    </p>
   </div>
   <div class='ocr_carea' id='block_1_43' title="bbox 706 2299 2290 2370">
    <p class='ocr_par' dir='ltr' id='par_1_43' title="bbox 706 2299 2290 2370">
     <span class='ocr_line' id='line_1_44' title="bbox 706 2299 2290 2370; baseline 0.006 -25"><span class='ocrx_word' id='word_1_287' title='bbox 706 2306 950 2364; x_wconf 83' lang='lat' dir='ltr'><strong>penetral</strong></span> <span class='ocrx_word' id='word_1_288' title='bbox 976 2299 1064 2352; x_wconf 92' lang='lat' dir='ltr'><strong>hic</strong></span> <span class='ocrx_word' id='word_1_289' title='bbox 1081 2301 1257 2361; x_wconf 87' lang='lat' dir='ltr'><strong>dolor,</strong></span> <span class='ocrx_word' id='word_1_290' title='bbox 1286 2311 1340 2355; x_wconf 85' lang='lat' dir='ltr'><strong>et</strong></span> <span class='ocrx_word' id='word_1_291' title='bbox 1368 2302 1481 2370; x_wconf 84' lang='lat' dir='ltr'><strong>ipsa</strong></span> <span class='ocrx_word' id='word_1_292' title='bbox 1509 2317 1629 2355; x_wconf 88' lang='lat' dir='ltr'><strong>ossa</strong></span> <span class='ocrx_word' id='word_1_293' title='bbox 1655 2311 1764 2363; x_wconf 84' lang='lat' dir='ltr'><strong>tua.</strong></span> <span class='ocrx_word' id='word_1_294' title='bbox 1791 2301 2086 2356; x_wconf 80' lang='lat' dir='ltr'><strong>fortissime</strong></span> <span class='ocrx_word' id='word_1_295' title='bbox 2118 2303 2290 2370; x_wconf 87' lang='lat' dir='ltr'><strong>impe-</strong></span> 
     </span>
    </p>
   </div>
   <div class='ocr_carea' id='block_1_44' title="bbox 708 2376 2289 2460">
    <p class='ocr_par' dir='ltr' id='par_1_44' title="bbox 708 2376 2289 2460">
     <span class='ocr_line' id='line_1_45' title="bbox 708 2376 2289 2460; baseline 0.009 -22"><span class='ocrx_word' id='word_1_296' title='bbox 708 2398 879 2450; x_wconf 87' lang='lat' dir='ltr'><strong>rator,</strong></span> <span class='ocrx_word' id='word_1_297' title='bbox 902 2399 1158 2459; x_wconf 82' lang='lat' dir='ltr'><strong>tanquam</strong></span> <span class='ocrx_word' id='word_1_298' title='bbox 1181 2393 1379 2458; x_wconf 84' lang='lat' dir='ltr'><strong>aliquis</strong></span> <span class='ocrx_word' id='word_1_299' title='bbox 1398 2395 1596 2447; x_wconf 85' lang='lat' dir='ltr'><strong>vermis</strong></span> <span class='ocrx_word' id='word_1_300' title='bbox 1629 2395 1856 2448; x_wconf 83' lang='lat' dir='ltr'><strong>arrodit.</strong></span> <span class='ocrx_word' id='word_1_301' title='bbox 1889 2395 2089 2460; x_wconf 87' lang='lat' dir='ltr'><strong>Quidni</strong></span> <span class='ocrx_word' id='word_1_302' title='bbox 2122 2376 2289 2452; x_wconf 83' lang='lat' dir='ltr'><strong>vero?</strong></span> 
     </span>
    </p>
   </div>
   <div class='ocr_carea' id='block_1_45' title="bbox 708 2482 2283 2555">
    <p class='ocr_par' dir='ltr' id='par_1_45' title="bbox 708 2482 2283 2555">
     <span class='ocr_line' id='line_1_46' title="bbox 708 2482 2283 2555; baseline 0.004 -23"><span class='ocrx_word' id='word_1_303' title='bbox 708 2495 832 2532; x_wconf 85' lang='lat' dir='ltr'><strong>cum</strong></span> <span class='ocrx_word' id='word_1_304' title='bbox 864 2496 924 2532; x_wconf 86' lang='lat' dir='ltr'><strong>ea</strong></span> <span class='ocrx_word' id='word_1_305' title='bbox 962 2490 1134 2534; x_wconf 89' lang='lat' dir='ltr'><strong>mater</strong></span> <span class='ocrx_word' id='word_1_306' title='bbox 1163 2482 1347 2545; x_wconf 89' lang='lat' dir='ltr'><strong>fuerit,</strong></span> <span class='ocrx_word' id='word_1_307' title='bbox 1376 2493 1568 2546; x_wconf 80' lang='lat' dir='ltr'><strong>mater,</strong></span> <span class='ocrx_word' id='word_1_308' title='bbox 1601 2487 1844 2553; x_wconf 85' lang='lat' dir='ltr'><strong>inquam,</strong></span> <span class='ocrx_word' id='word_1_309' title='bbox 1877 2487 2283 2555; x_wconf 81' lang='lat' dir='ltr'><strong>augustissima,</strong></span> 
     </span>
    </p>
   </div>
   <div class='ocr_carea' id='block_1_46' title="bbox 711 2568 2287 2636">
    <p class='ocr_par' dir='ltr' id='par_1_46' title="bbox 711 2568 2287 2636">
     <span class='ocr_line' id='line_1_47' title="bbox 711 2568 2287 2636; baseline 0.008 -22"><span class='ocrx_word' id='word_1_310' title='bbox 711 2568 1009 2636; x_wconf 63' lang='lat' dir='ltr'><strong>eademque</strong></span> <span class='ocrx_word' id='word_1_311' title='bbox 1047 2568 1394 2630; x_wconf 72' lang='lat' dir='ltr'><strong>suavissima,</strong></span> <span class='ocrx_word' id='word_1_312' title='bbox 1440 2580 1495 2623; x_wconf 91' lang='lat' dir='ltr'><strong>et</strong></span> <span class='ocrx_word' id='word_1_313' title='bbox 1528 2570 1698 2623; x_wconf 83' lang='lat' dir='ltr'><strong>firmis</strong></span> <span class='ocrx_word' id='word_1_314' title='bbox 1724 2587 1785 2623; x_wconf 85' lang='lat' dir='ltr'><strong>ac</strong></span> <span class='ocrx_word' id='word_1_315' title='bbox 1817 2571 2287 2627; x_wconf 89' lang='lat' dir='ltr'><strong>indissolubilibns</strong></span> 
     </span>
    </p>
   </div>
   <div class='ocr_carea' id='block_1_47' title="bbox 709 2661 2284 2735">
    <p class='ocr_par' dir='ltr' id='par_1_47' title="bbox 709 2661 2284 2735">
     <span class='ocr_line' id='line_1_48' title="bbox 709 2661 2284 2735; baseline 0.005 -25"><span class='ocrx_word' id='word_1_316' title='bbox 709 2670 920 2712; x_wconf 69' lang='lat' dir='ltr'><strong>natura:</strong></span> <span class='ocrx_word' id='word_1_317' title='bbox 967 2661 1200 2714; x_wconf 87' lang='lat' dir='ltr'><strong>vinculis</strong></span> <span class='ocrx_word' id='word_1_318' title='bbox 1249 2662 1345 2714; x_wconf 91' lang='lat' dir='ltr'><strong>tibi</strong></span> <span class='ocrx_word' id='word_1_319' title='bbox 1401 2664 1620 2716; x_wconf 87' lang='lat' dir='ltr'><strong>astricta</strong></span> <span class='ocrx_word' id='word_1_320' title='bbox 1651 2680 1665 2716; x_wconf 89' lang='lat'><strong>:</strong></span> <span class='ocrx_word' id='word_1_321' title='bbox 1694 2672 1749 2716; x_wconf 88' lang='lat' dir='ltr'><strong>et</strong></span> <span class='ocrx_word' id='word_1_322' title='bbox 1777 2665 1919 2732; x_wconf 89' lang='lat' dir='ltr'><strong>quod</strong></span> <span class='ocrx_word' id='word_1_323' title='bbox 1972 2667 2144 2735; x_wconf 81' lang='lat' dir='ltr'><strong>majus</strong></span> <span class='ocrx_word' id='word_1_324' title='bbox 2182 2675 2284 2731; x_wconf 90' lang='lat' dir='ltr'><strong>est,</strong></span> 
     </span>
    </p>
   </div>
   <div class='ocr_carea' id='block_1_48' title="bbox 710 2753 2284 2826">
    <p class='ocr_par' dir='ltr' id='par_1_48' title="bbox 710 2753 2284 2826">
     <span class='ocr_line' id='line_1_49' title="bbox 710 2753 2284 2826; baseline 0.006 -24"><span class='ocrx_word' id='word_1_325' title='bbox 710 2753 958 2805; x_wconf 71' lang='lat' dir='ltr'><strong>tilttrimis</strong></span> <span class='ocrx_word' id='word_1_326' title='bbox 979 2764 1067 2804; x_wconf 84' lang='lat' dir='ltr'><strong>tua</strong></span> <span class='ocrx_word' id='word_1_327' title='bbox 1097 2768 1262 2806; x_wconf 82' lang='lat' dir='ltr'><strong>causa</strong></span> <span class='ocrx_word' id='word_1_328' title='bbox 1289 2753 1568 2809; x_wconf 85' lang='lat' dir='ltr'><strong>laboribus</strong></span> <span class='ocrx_word' id='word_1_329' title='bbox 1606 2759 1919 2811; x_wconf 80' lang='lat' dir='ltr'><strong>exercitata.</strong></span> <span class='ocrx_word' id='word_1_330' title='bbox 1944 2757 2129 2826; x_wconf 83' lang='lat' dir='ltr'><strong>Neque</strong></span> <span class='ocrx_word' id='word_1_331' title='bbox 2155 2775 2284 2812; x_wconf 88' lang='lat' dir='ltr'><strong>vero</strong></span> 
     </span>
    </p>
   </div>
   <div class='ocr_carea' id='block_1_49' title="bbox 712 2844 2282 2914">
    <p class='ocr_par' dir='ltr' id='par_1_49' title="bbox 712 2844 2282 2914">
     <span class='ocr_line' id='line_1_50' title="bbox 712 2844 2282 2914; baseline 0.006 -20"><span class='ocrx_word' id='word_1_332' title='bbox 712 2852 758 2895; x_wconf 74' lang='lat' dir='ltr'><strong>te</strong></span> <span class='ocrx_word' id='word_1_333' title='bbox 788 2844 959 2896; x_wconf 79' lang='lat' dir='ltr'><strong>solum</strong></span> <span class='ocrx_word' id='word_1_334' title='bbox 985 2861 1077 2897; x_wconf 87' lang='lat' dir='ltr'><strong>sua</strong></span> <span class='ocrx_word' id='word_1_335' title='bbox 1104 2857 1274 2898; x_wconf 90' lang='lat' dir='ltr'><strong>morte</strong></span> <span class='ocrx_word' id='word_1_336' title='bbox 1297 2846 1348 2898; x_wconf 91' lang='lat' dir='ltr'><strong>in</strong></span> <span class='ocrx_word' id='word_1_337' title='bbox 1384 2856 1586 2901; x_wconf 83' lang='lat' dir='ltr'><strong>tantam</strong></span> <span class='ocrx_word' id='word_1_338' title='bbox 1606 2849 1883 2902; x_wconf 85' lang='lat' dir='ltr'><strong>tristitiam</strong></span> <span class='ocrx_word' id='word_1_339' title='bbox 1909 2851 2167 2914; x_wconf 74' lang='lat' dir='ltr'><strong>coniecit,</strong></span> <span class='ocrx_word' id='word_1_340' title='bbox 2190 2851 2282 2904; x_wconf 87' lang='lat' dir='ltr'><strong>sed</strong></span> 
     </span>
    </p>
   </div>
   <div class='ocr_carea' id='block_1_50' title="bbox 709 2935 2285 3008">
    <p class='ocr_par' dir='ltr' id='par_1_50' title="bbox 709 2935 2285 3008">
     <span class='ocr_line' id='line_1_51' title="bbox 709 2935 2285 3008; baseline 0.004 -21"><span class='ocrx_word' id='word_1_341' title='bbox 709 2935 869 2987; x_wconf 59' lang='lat' dir='ltr'><strong>etiam</strong></span> <span class='ocrx_word' id='word_1_342' title='bbox 925 2952 1022 2988; x_wconf 83' lang='lat' dir='ltr'><strong>nos</strong></span> <span class='ocrx_word' id='word_1_343' title='bbox 1073 2954 1285 3001; x_wconf 86' lang='lat' dir='ltr'><strong>omnes,</strong></span> <span class='ocrx_word' id='word_1_344' title='bbox 1321 2939 1412 3006; x_wconf 88' lang='lat' dir='ltr'><strong>qui</strong></span> <span class='ocrx_word' id='word_1_345' title='bbox 1444 2939 1597 2993; x_wconf 83' lang='lat' dir='ltr'><strong>vobis</strong></span> <span class='ocrx_word' id='word_1_346' title='bbox 1645 2957 1917 3008; x_wconf 85' lang='lat' dir='ltr'><strong>paremus.</strong></span> <span class='ocrx_word' id='word_1_347' title='bbox 1963 2941 2075 2994; x_wconf 88' lang='lat' dir='ltr'><strong>lmo</strong></span> <span class='ocrx_word' id='word_1_348' title='bbox 2108 2945 2285 2995; x_wconf 82' lang='lat' dir='ltr'><strong>luctus</strong></span> 
     </span>
    </p>
   </div>
   <div class='ocr_carea' id='block_1_51' title="bbox 677 3025 2283 3100">
    <p class='ocr_par' dir='ltr' id='par_1_51' title="bbox 677 3025 2283 3100">
     <span class='ocr_line' id='line_1_52' title="bbox 677 3025 2283 3100; baseline 0.006 -26"><span class='ocrx_word' id='word_1_349' title='bbox 677 3040 681 3044; x_wconf 90' lang='grc'><strong>·</strong></span> <span class='ocrx_word' id='word_1_350' title='bbox 712 3025 810 3076; x_wconf 63' lang='lat' dir='ltr'><strong>is&#39;e</strong></span> <span class='ocrx_word' id='word_1_351' title='bbox 854 3037 1038 3079; x_wconf 70' lang='lat' dir='ltr'><strong>noster</strong></span> <span class='ocrx_word' id='word_1_352' title='bbox 1090 3029 1288 3096; x_wconf 75' lang='lat' dir='ltr'><strong>duplex</strong></span> <span class='ocrx_word' id='word_1_353' title='bbox 1321 3041 1422 3082; x_wconf 92' lang='lat' dir='ltr'><strong>cst.</strong></span> <span class='ocrx_word' id='word_1_354' title='bbox 1455 3031 1586 3083; x_wconf 84' lang='lat' dir='ltr'><strong>Nam</strong></span> <span class='ocrx_word' id='word_1_355' title='bbox 1621 3042 1673 3083; x_wconf 91' lang='lat' dir='ltr'><strong>et</strong></span> <span class='ocrx_word' id='word_1_356' title='bbox 1704 3047 1801 3084; x_wconf 88' lang='lat' dir='ltr'><strong>nos</strong></span> <span class='ocrx_word' id='word_1_357' title='bbox 1842 3047 2058 3100; x_wconf 70' lang='lat' dir='ltr'><strong>gravem</strong></span> <span class='ocrx_word' id='word_1_358' title='bbox 2103 3034 2283 3100; x_wconf 77' lang='lat' dir='ltr'><strong>jactu-</strong></span> 
     </span>
    </p>
   </div>
   <div class='ocr_carea' id='block_1_52' title="bbox 712 3117 2281 3190">
    <p class='ocr_par' dir='ltr' id='par_1_52' title="bbox 712 3117 2281 3190">
     <span class='ocr_line' id='line_1_53' title="bbox 712 3117 2281 3190; baseline 0.006 -25"><span class='ocrx_word' id='word_1_359' title='bbox 712 3132 825 3166; x_wconf 62' lang='lat' dir='ltr'><strong>ratn</strong></span> <span class='ocrx_word' id='word_1_360' title='bbox 879 3117 1129 3181; x_wconf 82' lang='lat' dir='ltr'><strong>fecimus,</strong></span> <span class='ocrx_word' id='word_1_361' title='bbox 1179 3134 1350 3187; x_wconf 80' lang='lat' dir='ltr'><strong>eoque</strong></span> <span class='ocrx_word' id='word_1_362' title='bbox 1385 3121 1669 3190; x_wconf 81' lang='lat' dir='ltr'><strong>majorem,</strong></span> <span class='ocrx_word' id='word_1_363' title='bbox 1715 3123 1861 3188; x_wconf 90' lang='lat' dir='ltr'><strong>quod</strong></span> <span class='ocrx_word' id='word_1_364' title='bbox 1907 3130 1962 3175; x_wconf 87' lang='lat' dir='ltr'><strong>et</strong></span> <span class='ocrx_word' id='word_1_365' title='bbox 2003 3121 2114 3184; x_wconf 88' lang='lat' dir='ltr'><strong>illa,</strong></span> <span class='ocrx_word' id='word_1_366' title='bbox 2154 3121 2281 3174; x_wconf 86' lang='lat' dir='ltr'><strong>dum</strong></span> 
     </span>
    </p>
   </div>
   <div class='ocr_carea' id='block_1_53' title="bbox 2400 1932 3971 2009">
    <p class='ocr_par' dir='ltr' id='par_1_53' title="bbox 2400 1932 3971 2009">
     <span class='ocr_line' id='line_1_54' title="bbox 2400 1932 3971 2009; baseline -0.004 -19"><span class='ocrx_word' id='word_1_367' title='bbox 2400 1956 2558 2008; x_wconf 88' lang='grc' dir='ltr'>μενον</span> <span class='ocrx_word' id='word_1_368' title='bbox 2589 1939 2690 2007; x_wconf 85' lang='grc' dir='ltr'><strong>τῆς</strong></span> <span class='ocrx_word' id='word_1_369' title='bbox 2721 1939 2924 2009; x_wconf 80' lang='grc' dir='ltr'>σφόδρα</span> <span class='ocrx_word' id='word_1_370' title='bbox 2953 1939 3184 2007; x_wconf 82' lang='grc' dir='ltr'>ζεούσης</span> <span class='ocrx_word' id='word_1_371' title='bbox 3218 1937 3432 2006; x_wconf 79' lang='grc' dir='ltr'>ἐκείνης</span> <span class='ocrx_word' id='word_1_372' title='bbox 3473 1939 3568 1990; x_wconf 79' lang='grc' dir='ltr'>καὶ</span> <span class='ocrx_word' id='word_1_373' title='bbox 3601 1932 3971 2004; x_wconf 79' lang='grc' dir='ltr'>φλεγμαινού-</span> 
     </span>
    </p>
   </div>
   <div class='ocr_carea' id='block_1_54' title="bbox 2400 2027 3970 2101">
    <p class='ocr_par' dir='ltr' id='par_1_54' title="bbox 2400 2027 3970 2101">
     <span class='ocr_line' id='line_1_55' title="bbox 2400 2027 3970 2101; baseline -0.004 -18"><span class='ocrx_word' id='word_1_374' title='bbox 2400 2048 2499 2101; x_wconf 83' lang='grc' dir='ltr'><strong>σης</strong></span> <span class='ocrx_word' id='word_1_375' title='bbox 2533 2030 2770 2100; x_wconf 79' lang='grc' dir='ltr'>πληγῆς.</span> <span class='ocrx_word' id='word_1_376' title='bbox 2817 2031 2956 2084; x_wconf 81' lang='grc' dir='ltr'>Ἀλλ’</span> <span class='ocrx_word' id='word_1_377' title='bbox 2983 2033 3016 2101; x_wconf 79' lang='grc' dir='ltr'>ἡ</span> <span class='ocrx_word' id='word_1_378' title='bbox 3052 2029 3148 2083; x_wconf 79' lang='grc' dir='ltr'><strong>νῦν</strong></span> <span class='ocrx_word' id='word_1_379' title='bbox 3184 2029 3489 2082; x_wconf 79' lang='grc' dir='ltr'>ἐπελθούσά</span> <span class='ocrx_word' id='word_1_380' title='bbox 3523 2046 3606 2080; x_wconf 84' lang='grc' dir='ltr'><strong>σοι</strong></span> <span class='ocrx_word' id='word_1_381' title='bbox 3635 2027 3736 2098; x_wconf 79' lang='grc' dir='ltr'>τῆς</span> <span class='ocrx_word' id='word_1_382' title='bbox 3765 2028 3970 2095; x_wconf 68' lang='grc' dir='ltr'>μητρὶς</span> 
     </span>
    </p>
   </div>
   <div class='ocr_carea' id='block_1_55' title="bbox 2398 2119 3969 2196">
    <p class='ocr_par' dir='ltr' id='par_1_55' title="bbox 2398 2119 3969 2196">
     <span class='ocr_line' id='line_1_56' title="bbox 2398 2119 3969 2196; baseline -0.004 -20"><span class='ocrx_word' id='word_1_383' title='bbox 2398 2124 2494 2176; x_wconf 78' lang='grc' dir='ltr'>καὶ</span> <span class='ocrx_word' id='word_1_384' title='bbox 2527 2124 2814 2196; x_wconf 78' lang='grc' dir='ltr'><strong>δεσποίνης</strong></span> <span class='ocrx_word' id='word_1_385' title='bbox 2865 2125 3126 2195; x_wconf 73' lang='grc' dir='ltr'>συμφορά</span> <span class='ocrx_word' id='word_1_386' title='bbox 3165 2123 3345 2192; x_wconf 86' lang='grc' dir='ltr'>πολλῷ</span> <span class='ocrx_word' id='word_1_387' title='bbox 3403 2121 3858 2191; x_wconf 75' lang='grc' dir='ltr'>στρατηγουμένη</span> <span class='ocrx_word' id='word_1_388' title='bbox 3890 2119 3969 2188; x_wconf 85' lang='grc' dir='ltr'>τῷ</span> 
     </span>
    </p>
   </div>
   <div class='ocr_carea' id='block_1_56' title="bbox 2395 2213 3971 2288">
    <p class='ocr_par' dir='ltr' id='par_1_56' title="bbox 2395 2213 3971 2288">
     <span class='ocr_line' id='line_1_57' title="bbox 2395 2213 3971 2288; baseline -0.006 -17"><span class='ocrx_word' id='word_1_389' title='bbox 2395 2219 2794 2288; x_wconf 77' lang='grc' dir='ltr'>ὑπερϐάλλοντι</span> <span class='ocrx_word' id='word_1_390' title='bbox 2821 2219 3002 2271; x_wconf 81' lang='grc' dir='ltr'>πᾶσαν</span> <span class='ocrx_word' id='word_1_391' title='bbox 3035 2219 3420 2287; x_wconf 79' lang='grc' dir='ltr'>ὑπερπέπαικε</span> <span class='ocrx_word' id='word_1_392' title='bbox 3456 2215 3637 2284; x_wconf 82' lang='grc' dir='ltr'>λύπης</span> <span class='ocrx_word' id='word_1_393' title='bbox 3661 2213 3971 2280; x_wconf 72' lang='grc' dir='ltr'>ὑπερεολὴν</span> 
     </span>
    </p>
   </div>
   <div class='ocr_carea' id='block_1_57' title="bbox 2397 2304 3972 2379">
    <p class='ocr_par' dir='ltr' id='par_1_57' title="bbox 2397 2304 3972 2379">
     <span class='ocr_line' id='line_1_58' title="bbox 2397 2304 3972 2379; baseline -0.006 -16"><span class='ocrx_word' id='word_1_394' title='bbox 2397 2311 2484 2363; x_wconf 87' lang='grc' dir='ltr'><strong>διά</strong></span> <span class='ocrx_word' id='word_1_395' title='bbox 2516 2328 2573 2362; x_wconf 91' lang='grc' dir='ltr'><strong>τε</strong></span> <span class='ocrx_word' id='word_1_396' title='bbox 2603 2311 2661 2363; x_wconf 77' lang='grc' dir='ltr'><strong>τὸ</strong></span> <span class='ocrx_word' id='word_1_397' title='bbox 2685 2312 2786 2379; x_wconf 75' lang='grc' dir='ltr'>τῆς</span> <span class='ocrx_word' id='word_1_398' title='bbox 2808 2310 3021 2378; x_wconf 80' lang='grc' dir='ltr'>φύσεως</span> <span class='ocrx_word' id='word_1_399' title='bbox 3047 2310 3475 2379; x_wconf 78' lang='grc' dir='ltr'><strong>συγγενέστερον</strong></span> <span class='ocrx_word' id='word_1_400' title='bbox 3501 2307 3592 2360; x_wconf 77' lang='grc' dir='ltr'>καὶ</span> <span class='ocrx_word' id='word_1_401' title='bbox 3620 2304 3799 2373; x_wconf 84' lang='grc' dir='ltr'>πολλῷ</span> <span class='ocrx_word' id='word_1_402' title='bbox 3836 2306 3972 2373; x_wconf 76' lang='grc' dir='ltr'>μᾶλ-</span> 
     </span>
    </p>
   </div>
   <div class='ocr_carea' id='block_1_58' title="bbox 2396 2399 3970 2472">
    <p class='ocr_par' dir='ltr' id='par_1_58' title="bbox 2396 2399 3970 2472">
     <span class='ocr_line' id='line_1_59' title="bbox 2396 2399 3970 2472; baseline -0.002 -19"><span class='ocrx_word' id='word_1_403' title='bbox 2396 2404 2486 2455; x_wconf 91' lang='grc' dir='ltr'><strong>λον</strong></span> <span class='ocrx_word' id='word_1_404' title='bbox 2517 2403 2603 2455; x_wconf 72' lang='grc' dir='ltr'>διὰ</span> <span class='ocrx_word' id='word_1_405' title='bbox 2631 2405 2694 2455; x_wconf 83' lang='grc' dir='ltr'>τὸ</span> <span class='ocrx_word' id='word_1_406' title='bbox 2726 2406 2895 2471; x_wconf 80' lang='grc' dir='ltr'>μόνην</span> <span class='ocrx_word' id='word_1_407' title='bbox 2925 2403 3132 2472; x_wconf 88' lang='grc' dir='ltr'>ταύτην</span> <span class='ocrx_word' id='word_1_408' title='bbox 3186 2403 3279 2456; x_wconf 84' lang='grc' dir='ltr'>τοῦ</span> <span class='ocrx_word' id='word_1_409' title='bbox 3323 2403 3513 2468; x_wconf 79' lang='grc' dir='ltr'>γένους</span> <span class='ocrx_word' id='word_1_410' title='bbox 3543 2399 3970 2466; x_wconf 65' lang='grc' dir='ltr'>καταλελεῖςιθαι</span> 
     </span>
    </p>
   </div>
   <div class='ocr_carea' id='block_1_59' title="bbox 2397 2496 3970 2566">
    <p class='ocr_par' dir='ltr' id='par_1_59' title="bbox 2397 2496 3970 2566">
     <span class='ocr_line' id='line_1_60' title="bbox 2397 2496 3970 2566; baseline -0.001 -18"><span class='ocrx_word' id='word_1_411' title='bbox 2397 2497 2716 2548; x_wconf 78' lang='grc' dir='ltr'>τελευταίαν</span> <span class='ocrx_word' id='word_1_412' title='bbox 2739 2498 2990 2566; x_wconf 79' lang='grc' dir='ltr'>ἄγκυραν</span> <span class='ocrx_word' id='word_1_413' title='bbox 3017 2498 3112 2549; x_wconf 74' lang='grc' dir='ltr'>καὶ</span> <span class='ocrx_word' id='word_1_414' title='bbox 3133 2498 3403 2566; x_wconf 77' lang='grc' dir='ltr'>θυμηδίας</span> <span class='ocrx_word' id='word_1_415' title='bbox 3425 2497 3746 2566; x_wconf 81' lang='grc' dir='ltr'>ἀκρόπολιν.</span> <span class='ocrx_word' id='word_1_416' title='bbox 3765 2496 3970 2548; x_wconf 73' lang='grc' dir='ltr'>’Ἄπτε-</span> 
     </span>
    </p>
   </div>
   <div class='ocr_carea' id='block_1_60' title="bbox 2399 2586 3972 2657">
    <p class='ocr_par' dir='ltr' id='par_1_60' title="bbox 2399 2586 3972 2657">
     <span class='ocr_line' id='line_1_61' title="bbox 2399 2586 3972 2657; baseline -0.001 -20"><span class='ocrx_word' id='word_1_417' title='bbox 2399 2604 2487 2638; x_wconf 89' lang='grc' dir='ltr'><strong>ται</strong></span> <span class='ocrx_word' id='word_1_418' title='bbox 2516 2587 2622 2655; x_wconf 70' lang='grc' dir='ltr'><strong>γὰρ</strong></span> <span class='ocrx_word' id='word_1_419' title='bbox 2662 2589 2752 2638; x_wconf 81' lang='grc' dir='ltr'><strong>καὶ</strong></span> <span class='ocrx_word' id='word_1_420' title='bbox 2810 2586 3009 2651; x_wconf 63' lang='grc' dir='ltr'>αὐτῶν,</span> <span class='ocrx_word' id='word_1_421' title='bbox 3067 2588 3142 2648; x_wconf 84' lang='grc' dir='ltr'><strong>ὼς</strong></span> <span class='ocrx_word' id='word_1_422' title='bbox 3176 2591 3372 2649; x_wconf 76' lang='grc' dir='ltr'>εἰπεῖν,</span> <span class='ocrx_word' id='word_1_423' title='bbox 3415 2589 3628 2657; x_wconf 84' lang='grc' dir='ltr'>μυελῶν</span> <span class='ocrx_word' id='word_1_424' title='bbox 3659 2591 3756 2655; x_wconf 77' lang='grc' dir='ltr'><strong>τῆς</strong></span> <span class='ocrx_word' id='word_1_425' title='bbox 3790 2587 3972 2654; x_wconf 71' lang='grc' dir='ltr'>ψυχῆς</span> 
     </span>
    </p>
   </div>
   <div class='ocr_carea' id='block_1_61' title="bbox 2397 2678 3966 2749">
    <p class='ocr_par' dir='ltr' id='par_1_61' title="bbox 2397 2678 3966 2749">
     <span class='ocr_line' id='line_1_62' title="bbox 2397 2678 3966 2749; baseline 0.001 -20"><span class='ocrx_word' id='word_1_426' title='bbox 2397 2680 2490 2730; x_wconf 78' lang='grc' dir='ltr'>καὶ</span> <span class='ocrx_word' id='word_1_427' title='bbox 2525 2679 2618 2746; x_wconf 76' lang='grc' dir='ltr'>σὴς</span> <span class='ocrx_word' id='word_1_428' title='bbox 2652 2678 2851 2730; x_wconf 82' lang='grc' dir='ltr'><strong>ὀστέων</strong></span> <span class='ocrx_word' id='word_1_429' title='bbox 2900 2678 3227 2732; x_wconf 81' lang='grc' dir='ltr'>καθίσταταὶ</span> <span class='ocrx_word' id='word_1_430' title='bbox 3262 2698 3345 2732; x_wconf 85' lang='grc' dir='ltr'><strong>σοι</strong></span> <span class='ocrx_word' id='word_1_431' title='bbox 3373 2679 3452 2749; x_wconf 86' lang='grc' dir='ltr'>τῷ</span> <span class='ocrx_word' id='word_1_432' title='bbox 3500 2680 3674 2733; x_wconf 88' lang='grc' dir='ltr'>πάντα</span> <span class='ocrx_word' id='word_1_433' title='bbox 3709 2680 3966 2746; x_wconf 84' lang='grc' dir='ltr'>γενναίῳ,</span> 
     </span>
    </p>
   </div>
   <div class='ocr_carea' id='block_1_62' title="bbox 2395 2770 3972 2841">
    <p class='ocr_par' dir='ltr' id='par_1_62' title="bbox 2395 2770 3972 2841">
     <span class='ocr_line' id='line_1_63' title="bbox 2395 2770 3972 2841; baseline 0 -20"><span class='ocrx_word' id='word_1_434' title='bbox 2395 2770 2504 2822; x_wconf 73' lang='grc' dir='ltr'><strong>Καὶ</strong></span> <span class='ocrx_word' id='word_1_435' title='bbox 2533 2770 2648 2832; x_wconf 79' lang='grc' dir='ltr'><strong>πῶς</strong></span> <span class='ocrx_word' id='word_1_436' title='bbox 2679 2770 2787 2840; x_wconf 80' lang='grc' dir='ltr'>γὰρ</span> <span class='ocrx_word' id='word_1_437' title='bbox 2819 2770 2915 2835; x_wconf 83' lang='grc' dir='ltr'>οὑ;</span> <span class='ocrx_word' id='word_1_438' title='bbox 2949 2772 3147 2841; x_wconf 81' lang='grc' dir='ltr'><strong>Μήτηρ</strong></span> <span class='ocrx_word' id='word_1_439' title='bbox 3167 2789 3226 2824; x_wconf 90' lang='grc' dir='ltr'><strong>τε</strong></span> <span class='ocrx_word' id='word_1_440' title='bbox 3255 2771 3390 2825; x_wconf 78' lang='grc' dir='ltr'>οὖσα</span> <span class='ocrx_word' id='word_1_441' title='bbox 3425 2773 3515 2824; x_wconf 79' lang='grc' dir='ltr'><strong>καὶ</strong></span> <span class='ocrx_word' id='word_1_442' title='bbox 3549 2775 3730 2841; x_wconf 76' lang='grc' dir='ltr'>μήτηρ</span> <span class='ocrx_word' id='word_1_443' title='bbox 3763 2771 3972 2839; x_wconf 73' lang='grc' dir='ltr'>βασιλι-</span> 
     </span>
    </p>
   </div>
   <div class='ocr_carea' id='block_1_63' title="bbox 2395 2862 3975 2933">
    <p class='ocr_par' dir='ltr' id='par_1_63' title="bbox 2395 2862 3975 2933">
     <span class='ocr_line' id='line_1_64' title="bbox 2395 2862 3975 2933; baseline -0.001 -21"><span class='ocrx_word' id='word_1_444' title='bbox 2395 2862 2611 2930; x_wconf 87' lang='grc' dir='ltr'>κωτάτη</span> <span class='ocrx_word' id='word_1_445' title='bbox 2630 2877 2690 2914; x_wconf 87' lang='grc' dir='ltr'>τε</span> <span class='ocrx_word' id='word_1_446' title='bbox 2713 2863 2806 2914; x_wconf 76' lang='grc' dir='ltr'>καὶ</span> <span class='ocrx_word' id='word_1_447' title='bbox 2829 2862 3143 2932; x_wconf 84' lang='grc' dir='ltr'>γλυκυτάτη</span> <span class='ocrx_word' id='word_1_448' title='bbox 3172 2864 3266 2915; x_wconf 65' lang='grc' dir='ltr'><strong>καὶ⁸</strong></span> <span class='ocrx_word' id='word_1_449' title='bbox 3288 2865 3531 2933; x_wconf 66' lang='grc' dir='ltr'>στερροῖς</span> <span class='ocrx_word' id='word_1_450' title='bbox 3561 2865 3653 2916; x_wconf 76' lang='grc' dir='ltr'><strong>καὶ</strong></span> <span class='ocrx_word' id='word_1_451' title='bbox 3678 2864 3975 2932; x_wconf 71' lang='grc' dir='ltr'>ἀρρήκτοις</span> 
     </span>
    </p>
   </div>
   <div class='ocr_carea' id='block_1_64' title="bbox 2392 2955 3974 3027">
    <p class='ocr_par' dir='ltr' id='par_1_64' title="bbox 2392 2955 3974 3027">
     <span class='ocr_line' id='line_1_65' title="bbox 2392 2955 3974 3027; baseline 0.001 -22"><span class='ocrx_word' id='word_1_452' title='bbox 2392 2955 2489 3023; x_wconf 77' lang='grc' dir='ltr'><strong>τῆς</strong></span> <span class='ocrx_word' id='word_1_453' title='bbox 2513 2955 2726 3022; x_wconf 65' lang='grc' dir='ltr'>φύσεώς</span> <span class='ocrx_word' id='word_1_454' title='bbox 2758 2973 2839 3007; x_wconf 88' lang='grc' dir='ltr'><strong>σοι</strong></span> <span class='ocrx_word' id='word_1_455' title='bbox 2866 2957 3223 3027; x_wconf 82' lang='grc' dir='ltr'>συνδεδεμένη</span> <span class='ocrx_word' id='word_1_456' title='bbox 3253 2961 3364 3020; x_wconf 81' lang='grc' dir='ltr'>τοῖς</span> <span class='ocrx_word' id='word_1_457' title='bbox 3393 2959 3722 3026; x_wconf 80' lang='grc' dir='ltr'>σπλάγχνοις</span> <span class='ocrx_word' id='word_1_458' title='bbox 3753 2973 3765 2985; x_wconf 89' lang='lat'><strong>&#39;</strong></span> <span class='ocrx_word' id='word_1_459' title='bbox 3799 2959 3887 3009; x_wconf 67' lang='grc' dir='ltr'><strong>καὶ</strong></span> <span class='ocrx_word' id='word_1_460' title='bbox 3915 2956 3974 3007; x_wconf 81' lang='grc' dir='ltr'><strong>τό</strong></span> 
     </span>
    </p>
   </div>
   <div class='ocr_carea' id='block_1_65' title="bbox 2391 3047 3971 3120">
    <p class='ocr_par' dir='ltr' id='par_1_65' title="bbox 2391 3047 3971 3120">
     <span class='ocr_line' id='line_1_66' title="bbox 2391 3047 3971 3120; baseline 0.001 -21"><span class='ocrx_word' id='word_1_461' title='bbox 2391 3065 2453 3114; x_wconf 90' lang='grc' dir='ltr'><strong>γε</strong></span> <span class='ocrx_word' id='word_1_462' title='bbox 2477 3048 2683 3115; x_wconf 80' lang='grc' dir='ltr'>μεῖζον,</span> <span class='ocrx_word' id='word_1_463' title='bbox 2708 3047 2998 3112; x_wconf 76' lang='grc' dir='ltr'>πλείστους</span> <span class='ocrx_word' id='word_1_464' title='bbox 3026 3050 3167 3120; x_wconf 79' lang='grc' dir='ltr'>ὑπὲρ</span> <span class='ocrx_word' id='word_1_465' title='bbox 3191 3050 3284 3102; x_wconf 79' lang='grc' dir='ltr'><strong>σού</strong></span> <span class='ocrx_word' id='word_1_466' title='bbox 3306 3051 3430 3112; x_wconf 70' lang='grc' dir='ltr'>τοὺς</span> <span class='ocrx_word' id='word_1_467' title='bbox 3457 3050 3650 3109; x_wconf 79' lang='grc' dir='ltr'>πόνους</span> <span class='ocrx_word' id='word_1_468' title='bbox 3674 3048 3971 3101; x_wconf 72' lang='grc' dir='ltr'>ἀνατλᾶσα.</span> 
     </span>
    </p>
   </div>
   <div class='ocr_carea' id='block_1_66' title="bbox 2388 3140 3966 3211">
    <p class='ocr_par' dir='ltr' id='par_1_66' title="bbox 2388 3140 3966 3211">
     <span class='ocr_line' id='line_1_67' title="bbox 2388 3140 3966 3211; baseline 0 -21"><span class='ocrx_word' id='word_1_469' title='bbox 2388 3140 2462 3191; x_wconf 84' lang='grc' dir='ltr'><strong>Οὐ</strong></span> <span class='ocrx_word' id='word_1_470' title='bbox 2489 3140 2546 3191; x_wconf 85' lang='grc' dir='ltr'>σὲ</span> <span class='ocrx_word' id='word_1_471' title='bbox 2574 3141 2630 3192; x_wconf 81' lang='grc' dir='ltr'><strong>δὲ</strong></span> <span class='ocrx_word' id='word_1_472' title='bbox 2666 3141 2826 3208; x_wconf 86' lang='grc' dir='ltr'>μόνον</span> <span class='ocrx_word' id='word_1_473' title='bbox 2858 3142 2915 3203; x_wconf 81' lang='grc' dir='ltr'>ἐς</span> <span class='ocrx_word' id='word_1_474' title='bbox 2944 3142 3062 3193; x_wconf 85' lang='grc' dir='ltr'>τόδε</span> <span class='ocrx_word' id='word_1_475' title='bbox 3097 3142 3273 3211; x_wconf 82' lang='grc' dir='ltr'>λύπης</span> <span class='ocrx_word' id='word_1_476' title='bbox 3309 3143 3494 3208; x_wconf 85' lang='grc' dir='ltr'>ἐκείνη</span> <span class='ocrx_word' id='word_1_477' title='bbox 3528 3140 3764 3194; x_wconf 73' lang='grc' dir='ltr'>θανοῦσα</span> <span class='ocrx_word' id='word_1_478' title='bbox 3799 3140 3966 3204; x_wconf 78' lang='grc' dir='ltr'>ξυνώ·</span> 
     </span>
    </p>
   </div>
   <div class='ocr_carea' id='block_1_67' title="bbox 710 3195 2283 3299">
    <p class='ocr_par' dir='ltr' id='par_1_67' title="bbox 710 3208 2280 3277">
     <span class='ocr_line' id='line_1_68' title="bbox 710 3208 2280 3277; baseline 0.003 -17"><span class='ocrx_word' id='word_1_479' title='bbox 710 3209 940 3270; x_wconf 59' lang='grc' dir='ltr'>ἰξγθινί,</span> <span class='ocrx_word' id='word_1_480' title='bbox 976 3209 1230 3263; x_wconf 86' lang='lat' dir='ltr'><strong>salutaris</strong></span> <span class='ocrx_word' id='word_1_481' title='bbox 1272 3221 1458 3277; x_wconf 84' lang='lat' dir='ltr'><strong>portus</strong></span> <span class='ocrx_word' id='word_1_482' title='bbox 1497 3208 1741 3263; x_wconf 86' lang='lat' dir='ltr'><strong>omnium</strong></span> <span class='ocrx_word' id='word_1_483' title='bbox 1775 3211 1876 3264; x_wconf 89' lang='lat' dir='ltr'><strong>fuit</strong></span> <span class='ocrx_word' id='word_1_484' title='bbox 1904 3222 1959 3264; x_wconf 90' lang='lat' dir='ltr'><strong>et</strong></span> <span class='ocrx_word' id='word_1_485' title='bbox 1992 3227 2280 3265; x_wconf 87' lang='lat' dir='ltr'><strong>commune</strong></span> 
     </span>
    </p>
   </div>
   <div class='ocr_carea' id='block_1_68' title="bbox 2327 3195 3976 3299">
    <p class='ocr_par' dir='ltr' id='par_1_68' title="bbox 2327 3195 3976 3299">
     <span class='ocr_line' id='line_1_69' title="bbox 2327 3195 3820 3216; baseline -0.003 -7"><span class='ocrx_word' id='word_1_486' title='bbox 2327 3195 2351 3216; x_wconf 59' lang='grc' dir='ltr'><strong>η</strong></span> <span class='ocrx_word' id='word_1_487' title='bbox 2666 3195 2677 3208; x_wconf 89' lang='grc'><strong>.</strong></span> <span class='ocrx_word' id='word_1_488' title='bbox 2897 3195 2911 3203; x_wconf 88' lang='grc'>.</span> <span class='ocrx_word' id='word_1_489' title='bbox 3231 3195 3270 3211; x_wconf 89' lang='grc'><strong>..</strong></span> <span class='ocrx_word' id='word_1_490' title='bbox 3485 3195 3494 3208; x_wconf 93' lang='grc'>.</span> <span class='ocrx_word' id='word_1_491' title='bbox 3809 3195 3820 3204; x_wconf 91' lang='grc'>.</span> 
     </span>
     <span class='ocr_line' id='line_1_70' title="bbox 2327 3229 3976 3299; baseline -0.001 -18"><span class='ocrx_word' id='word_1_492' title='bbox 2327 3236 2351 3255; x_wconf 81' lang='grc'><strong>’⁸</strong></span> <span class='ocrx_word' id='word_1_493' title='bbox 2386 3230 2571 3297; x_wconf 84' lang='grc' dir='ltr'>θησεν,</span> <span class='ocrx_word' id='word_1_494' title='bbox 2602 3230 2735 3282; x_wconf 73' lang='grc' dir='ltr'>ἀλλὰ</span> <span class='ocrx_word' id='word_1_495' title='bbox 2786 3231 2879 3282; x_wconf 77' lang='grc' dir='ltr'><strong>καὶ</strong></span> <span class='ocrx_word' id='word_1_496' title='bbox 2934 3231 3144 3292; x_wconf 82' lang='grc' dir='ltr'>πάντας</span> <span class='ocrx_word' id='word_1_497' title='bbox 3176 3233 3303 3294; x_wconf 75' lang='grc' dir='ltr'>τοὺς</span> <span class='ocrx_word' id='word_1_498' title='bbox 3336 3232 3608 3299; x_wconf 66' lang='grc' dir='ltr'>ὑπηκόους</span> <span class='ocrx_word' id='word_1_499' title='bbox 3658 3231 3841 3299; x_wconf 78' lang='grc' dir='ltr'>ἡμᾶς·</span> <span class='ocrx_word' id='word_1_500' title='bbox 3881 3229 3976 3281; x_wconf 82' lang='grc' dir='ltr'><strong>καὶ</strong></span> 
     </span>
    </p>
   </div>
   <div class='ocr_carea' id='block_1_69' title="bbox 710 3302 2283 3374">
    <p class='ocr_par' dir='ltr' id='par_1_69' title="bbox 710 3302 2283 3374">
     <span class='ocr_line' id='line_1_71' title="bbox 710 3302 2283 3374; baseline 0.004 -22"><span class='ocrx_word' id='word_1_501' title='bbox 710 3302 999 3366; x_wconf 73' lang='lat' dir='ltr'><strong>solatium;</strong></span> <span class='ocrx_word' id='word_1_502' title='bbox 1029 3313 1082 3356; x_wconf 90' lang='lat' dir='ltr'><strong>et</strong></span> <span class='ocrx_word' id='word_1_503' title='bbox 1118 3319 1263 3356; x_wconf 90' lang='lat' dir='ltr'><strong>nunc</strong></span> <span class='ocrx_word' id='word_1_504' title='bbox 1300 3312 1445 3356; x_wconf 88' lang='lat' dir='ltr'><strong>tuam</strong></span> <span class='ocrx_word' id='word_1_505' title='bbox 1486 3305 1924 3373; x_wconf 80' lang='lat' dir='ltr'><strong>augustissimam</strong></span> <span class='ocrx_word' id='word_1_506' title='bbox 1954 3314 2009 3359; x_wconf 88' lang='lat' dir='ltr'><strong>et</strong></span> <span class='ocrx_word' id='word_1_507' title='bbox 2039 3306 2283 3374; x_wconf 85' lang='lat' dir='ltr'><strong>publica-</strong></span> 
     </span>
    </p>
   </div>
   <div class='ocr_carea' id='block_1_70' title="bbox 712 3394 2284 3460">
    <p class='ocr_par' dir='ltr' id='par_1_70' title="bbox 712 3394 2284 3460">
     <span class='ocr_line' id='line_1_72' title="bbox 712 3394 2284 3460; baseline 0.004 -17"><span class='ocrx_word' id='word_1_508' title='bbox 712 3409 830 3444; x_wconf 87' lang='lat' dir='ltr'><strong>rum</strong></span> <span class='ocrx_word' id='word_1_509' title='bbox 881 3409 1063 3445; x_wconf 84' lang='lat' dir='ltr'><strong>rerum</strong></span> <span class='ocrx_word' id='word_1_510' title='bbox 1118 3394 1496 3460; x_wconf 86' lang='lat' dir='ltr'><strong>inspectricem</strong></span> <span class='ocrx_word' id='word_1_511' title='bbox 1529 3408 1583 3449; x_wconf 92' lang='lat' dir='ltr'><strong>et</strong></span> <span class='ocrx_word' id='word_1_512' title='bbox 1613 3396 1939 3449; x_wconf 78' lang='lat' dir='ltr'><strong>curatricem</strong></span> <span class='ocrx_word' id='word_1_513' title='bbox 1991 3412 2226 3450; x_wconf 90' lang='lat' dir='ltr'><strong>mentem</strong></span> <span class='ocrx_word' id='word_1_514' title='bbox 2255 3412 2284 3450; x_wconf 92' lang='lat' dir='ltr'><strong>a</strong></span> 
     </span>
    </p>
   </div>
   <div class='ocr_carea' id='block_1_71' title="bbox 713 3486 2287 3557">
    <p class='ocr_par' dir='ltr' id='par_1_71' title="bbox 713 3486 2287 3557">
     <span class='ocr_line' id='line_1_73' title="bbox 713 3486 2287 3557; baseline 0.003 -19"><span class='ocrx_word' id='word_1_515' title='bbox 713 3486 1038 3540; x_wconf 80' lang='lat' dir='ltr'><strong>necessariis</strong></span> <span class='ocrx_word' id='word_1_516' title='bbox 1084 3487 1230 3539; x_wconf 90' lang='lat' dir='ltr'><strong>curis</strong></span> <span class='ocrx_word' id='word_1_517' title='bbox 1262 3496 1467 3541; x_wconf 80' lang='lat' dir='ltr'><strong>avocat.</strong></span> <span class='ocrx_word' id='word_1_518' title='bbox 1501 3488 1655 3552; x_wconf 83' lang='lat' dir='ltr'><strong>Quod</strong></span> <span class='ocrx_word' id='word_1_519' title='bbox 1687 3491 1730 3541; x_wconf 91' lang='lat' dir='ltr'><strong>si</strong></span> <span class='ocrx_word' id='word_1_520' title='bbox 1756 3505 1872 3541; x_wconf 88' lang='lat' dir='ltr'><strong>eam</strong></span> <span class='ocrx_word' id='word_1_521' title='bbox 1918 3505 2025 3542; x_wconf 92' lang='lat' dir='ltr'><strong>non</strong></span> <span class='ocrx_word' id='word_1_522' title='bbox 2063 3504 2287 3557; x_wconf 87' lang='lat' dir='ltr'><strong>prorsus</strong></span> 
     </span>
    </p>
   </div>
   <div class='ocr_carea' id='block_1_72' title="bbox 713 3577 2286 3645">
    <p class='ocr_par' dir='ltr' id='par_1_72' title="bbox 713 3577 2286 3645">
     <span class='ocr_line' id='line_1_74' title="bbox 713 3577 2286 3645; baseline 0.003 -15"><span class='ocrx_word' id='word_1_523' title='bbox 713 3588 875 3645; x_wconf 71' lang='lat' dir='ltr'><strong>atque</strong></span> <span class='ocrx_word' id='word_1_524' title='bbox 923 3577 1149 3632; x_wconf 91' lang='lat' dir='ltr'><strong>omnino</strong></span> <span class='ocrx_word' id='word_1_525' title='bbox 1193 3579 1496 3642; x_wconf 82' lang='lat' dir='ltr'><strong>abstrahit,</strong></span> <span class='ocrx_word' id='word_1_526' title='bbox 1540 3593 1717 3634; x_wconf 83' lang='lat' dir='ltr'><strong>tamen</strong></span> <span class='ocrx_word' id='word_1_527' title='bbox 1753 3582 1804 3634; x_wconf 90' lang='lat' dir='ltr'><strong>in</strong></span> <span class='ocrx_word' id='word_1_528' title='bbox 1837 3590 1986 3636; x_wconf 89' lang='lat' dir='ltr'><strong>tanto</strong></span> <span class='ocrx_word' id='word_1_529' title='bbox 2030 3596 2286 3635; x_wconf 86' lang='lat' dir='ltr'><strong>curarum</strong></span> 
     </span>
    </p>
   </div>
   <div class='ocr_carea' id='block_1_73' title="bbox 710 3670 2288 3742">
    <p class='ocr_par' dir='ltr' id='par_1_73' title="bbox 710 3670 2288 3742">
     <span class='ocr_line' id='line_1_75' title="bbox 710 3670 2288 3742; baseline 0.002 -20"><span class='ocrx_word' id='word_1_530' title='bbox 710 3678 843 3722; x_wconf 68' lang='lat' dir='ltr'><strong>arstu</strong></span> <span class='ocrx_word' id='word_1_531' title='bbox 893 3670 1059 3724; x_wconf 88' lang='lat' dir='ltr'><strong>etiam</strong></span> <span class='ocrx_word' id='word_1_532' title='bbox 1111 3687 1336 3739; x_wconf 86' lang='lat' dir='ltr'><strong>parvum</strong></span> <span class='ocrx_word' id='word_1_533' title='bbox 1375 3673 1825 3742; x_wconf 81' lang='lat' dir='ltr'><strong>impedimentum</strong></span> <span class='ocrx_word' id='word_1_534' title='bbox 1860 3674 2090 3725; x_wconf 83' lang='lat' dir='ltr'><strong>maxima</strong></span> <span class='ocrx_word' id='word_1_535' title='bbox 2129 3673 2288 3725; x_wconf 78' lang='lat' dir='ltr'><strong>affert</strong></span> 
     </span>
    </p>
   </div>
   <div class='ocr_carea' id='block_1_74' title="bbox 713 3761 2288 3833">
    <p class='ocr_par' dir='ltr' id='par_1_74' title="bbox 713 3761 2288 3833">
     <span class='ocr_line' id='line_1_76' title="bbox 713 3761 2288 3833; baseline 0.002 -20"><span class='ocrx_word' id='word_1_536' title='bbox 713 3761 1042 3815; x_wconf 89' lang='lat' dir='ltr'><strong>detrimenta</strong></span> <span class='ocrx_word' id='word_1_537' title='bbox 1101 3762 1414 3830; x_wconf 71' lang='lat' dir='ltr'><strong>reipublica:</strong></span> <span class='ocrx_word' id='word_1_538' title='bbox 1472 3765 1706 3833; x_wconf 72' lang='lat' dir='ltr'><strong>navigio,</strong></span> <span class='ocrx_word' id='word_1_539' title='bbox 1765 3781 1868 3816; x_wconf 92' lang='lat' dir='ltr'><strong>non</strong></span> <span class='ocrx_word' id='word_1_540' title='bbox 1923 3779 2079 3817; x_wconf 83' lang='lat' dir='ltr'><strong>secus</strong></span> <span class='ocrx_word' id='word_1_541' title='bbox 2134 3779 2196 3816; x_wconf 91' lang='lat' dir='ltr'><strong>ac</strong></span> <span class='ocrx_word' id='word_1_542' title='bbox 2243 3763 2288 3817; x_wconf 90' lang='lat' dir='ltr'><strong>si</strong></span> 
     </span>
    </p>
   </div>
   <div class='ocr_carea' id='block_1_75' title="bbox 713 3854 2285 3925">
    <p class='ocr_par' dir='ltr' id='par_1_75' title="bbox 713 3854 2285 3925">
     <span class='ocr_line' id='line_1_77' title="bbox 713 3854 2285 3925; baseline 0.002 -21"><span class='ocrx_word' id='word_1_543' title='bbox 713 3854 1049 3922; x_wconf 72' lang='lat' dir='ltr'><strong>gubernator</strong></span> <span class='ocrx_word' id='word_1_544' title='bbox 1087 3857 1136 3907; x_wconf 91' lang='lat' dir='ltr'><strong>in</strong></span> <span class='ocrx_word' id='word_1_545' title='bbox 1167 3856 1344 3908; x_wconf 80' lang='lat' dir='ltr'><strong>medio</strong></span> <span class='ocrx_word' id='word_1_546' title='bbox 1376 3856 1564 3925; x_wconf 77' lang='lat' dir='ltr'><strong>pelago</strong></span> <span class='ocrx_word' id='word_1_547' title='bbox 1597 3864 1915 3925; x_wconf 80' lang='lat' dir='ltr'><strong>tempestate</strong></span> <span class='ocrx_word' id='word_1_548' title='bbox 1944 3855 2285 3918; x_wconf 79' lang='lat' dir='ltr'><strong>conflictans,</strong></span> 
     </span>
    </p>
   </div>
   <div class='ocr_carea' id='block_1_76' title="bbox 715 3946 2290 4016">
    <p class='ocr_par' dir='ltr' id='par_1_76' title="bbox 715 3946 2290 4016">
     <span class='ocr_line' id='line_1_78' title="bbox 715 3946 2290 4016; baseline 0.001 -16"><span class='ocrx_word' id='word_1_549' title='bbox 715 3950 925 4000; x_wconf 76' lang='lat' dir='ltr'><strong>inleruc</strong></span> <span class='ocrx_word' id='word_1_550' title='bbox 953 3946 1206 4000; x_wconf 78' lang='lat' dir='ltr'><strong>fluetibus</strong></span> <span class='ocrx_word' id='word_1_551' title='bbox 1238 3947 1673 4016; x_wconf 81' lang='lat' dir='ltr'><strong>insurgentibus,</strong></span> <span class='ocrx_word' id='word_1_552' title='bbox 1701 3963 1935 4016; x_wconf 91' lang='lat' dir='ltr'><strong>superne</strong></span> <span class='ocrx_word' id='word_1_553' title='bbox 1958 3964 2085 4002; x_wconf 88' lang='lat' dir='ltr'><strong>vero</strong></span> <span class='ocrx_word' id='word_1_554' title='bbox 2112 3948 2290 4001; x_wconf 90' lang='lat' dir='ltr'><strong>ventis</strong></span> 
     </span>
    </p>
   </div>
   <div class='ocr_carea' id='block_1_77' title="bbox 716 4038 2291 4108">
    <p class='ocr_par' dir='ltr' id='par_1_77' title="bbox 716 4038 2291 4108">
     <span class='ocr_line' id='line_1_79' title="bbox 716 4038 2291 4108; baseline -0.001 -16"><span class='ocrx_word' id='word_1_555' title='bbox 716 4042 834 4092; x_wconf 80' lang='lat' dir='ltr'><strong>vela</strong></span> <span class='ocrx_word' id='word_1_556' title='bbox 878 4040 1250 4099; x_wconf 85' lang='lat' dir='ltr'><strong>turbantibus,</strong></span> <span class='ocrx_word' id='word_1_557' title='bbox 1288 4040 1505 4092; x_wconf 89' lang='lat' dir='ltr'><strong>interim</strong></span> <span class='ocrx_word' id='word_1_558' title='bbox 1539 4051 1591 4093; x_wconf 88' lang='lat' dir='ltr'><strong>et</strong></span> <span class='ocrx_word' id='word_1_559' title='bbox 1625 4040 1739 4108; x_wconf 86' lang='lat' dir='ltr'><strong>ipse</strong></span> <span class='ocrx_word' id='word_1_560' title='bbox 1770 4041 1851 4093; x_wconf 88' lang='lat' dir='ltr'><strong>sui</strong></span> <span class='ocrx_word' id='word_1_561' title='bbox 1883 4040 2126 4092; x_wconf 83' lang='lat' dir='ltr'><strong>muneris</strong></span> <span class='ocrx_word' id='word_1_562' title='bbox 2155 4038 2291 4091; x_wconf 89' lang='lat' dir='ltr'><strong>obli-</strong></span> 
     </span>
    </p>
   </div>
   <div class='ocr_carea' id='block_1_78' title="bbox 717 4129 2290 4200">
    <p class='ocr_par' dir='ltr' id='par_1_78' title="bbox 717 4129 2290 4200">
     <span class='ocr_line' id='line_1_80' title="bbox 717 4129 2290 4200; baseline 0 -19"><span class='ocrx_word' id='word_1_563' title='bbox 717 4141 805 4184; x_wconf 88' lang='lat' dir='ltr'><strong>tus</strong></span> <span class='ocrx_word' id='word_1_564' title='bbox 836 4131 1115 4195; x_wconf 83' lang='lat' dir='ltr'><strong>dormitet,</strong></span> <span class='ocrx_word' id='word_1_565' title='bbox 1152 4139 1211 4183; x_wconf 86' lang='lat' dir='ltr'><strong>ut</strong></span> <span class='ocrx_word' id='word_1_566' title='bbox 1245 4131 1376 4183; x_wconf 79' lang='lat' dir='ltr'><strong>nihil</strong></span> <span class='ocrx_word' id='word_1_567' title='bbox 1404 4133 1513 4200; x_wconf 86' lang='lat' dir='ltr'><strong>jam</strong></span> <span class='ocrx_word' id='word_1_568' title='bbox 1545 4130 1614 4183; x_wconf 87' lang='lat' dir='ltr'><strong>sit</strong></span> <span class='ocrx_word' id='word_1_569' title='bbox 1645 4129 1914 4198; x_wconf 89' lang='lat' dir='ltr'><strong>reliquum</strong></span> <span class='ocrx_word' id='word_1_570' title='bbox 1965 4129 2112 4199; x_wconf 86' lang='lat' dir='ltr'><strong>quod</strong></span> <span class='ocrx_word' id='word_1_571' title='bbox 2162 4145 2290 4197; x_wconf 87' lang='lat' dir='ltr'><strong>pro-</strong></span> 
     </span>
    </p>
   </div>
   <div class='ocr_carea' id='block_1_79' title="bbox 715 4221 2288 4290">
    <p class='ocr_par' dir='ltr' id='par_1_79' title="bbox 715 4221 2288 4290">
     <span class='ocr_line' id='line_1_81' title="bbox 715 4221 2288 4290; baseline -0.001 -15"><span class='ocrx_word' id='word_1_572' title='bbox 715 4225 924 4285; x_wconf 80' lang='lat' dir='ltr'><strong>hibeat,</strong></span> <span class='ocrx_word' id='word_1_573' title='bbox 971 4223 1265 4290; x_wconf 88' lang='lat' dir='ltr'><strong>quominus</strong></span> <span class='ocrx_word' id='word_1_574' title='bbox 1305 4222 1458 4274; x_wconf 79' lang='lat' dir='ltr'><strong>navis</strong></span> <span class='ocrx_word' id='word_1_575' title='bbox 1486 4222 1537 4274; x_wconf 92' lang='lat' dir='ltr'><strong>in</strong></span> <span class='ocrx_word' id='word_1_576' title='bbox 1573 4221 1797 4274; x_wconf 78' lang='lat' dir='ltr'><strong>fundum</strong></span> <span class='ocrx_word' id='word_1_577' title='bbox 1834 4223 1998 4274; x_wconf 90' lang='lat' dir='ltr'><strong>maris</strong></span> <span class='ocrx_word' id='word_1_578' title='bbox 2023 4222 2139 4274; x_wconf 89' lang='lat' dir='ltr'><strong>suis</strong></span> <span class='ocrx_word' id='word_1_579' title='bbox 2166 4236 2288 4273; x_wconf 84' lang='lat' dir='ltr'><strong>cum</strong></span> 
     </span>
    </p>
   </div>
   <div class='ocr_carea' id='block_1_80' title="bbox 715 4313 2288 4382">
    <p class='ocr_par' dir='ltr' id='par_1_80' title="bbox 715 4313 2288 4382">
     <span class='ocr_line' id='line_1_82' title="bbox 715 4313 2288 4382; baseline 0 -16"><span class='ocrx_word' id='word_1_580' title='bbox 715 4316 1030 4369; x_wconf 80' lang='lat' dir='ltr'><strong>vectoribus</strong></span> <span class='ocrx_word' id='word_1_581' title='bbox 1061 4316 1244 4368; x_wconf 90' lang='lat' dir='ltr'><strong>subito</strong></span> <span class='ocrx_word' id='word_1_582' title='bbox 1267 4314 1629 4382; x_wconf 80' lang='lat' dir='ltr'><strong>demergatur.</strong></span> <span class='ocrx_word' id='word_1_583' title='bbox 1662 4313 2049 4378; x_wconf 84' lang='lat' dir='ltr'><strong>Quamobrem,</strong></span> <span class='ocrx_word' id='word_1_584' title='bbox 2077 4327 2134 4367; x_wconf 93' lang='lat' dir='ltr'><strong>ut</strong></span> <span class='ocrx_word' id='word_1_585' title='bbox 2155 4314 2288 4366; x_wconf 73' lang='lat' dir='ltr'><strong>nihil</strong></span> 
     </span>
    </p>
   </div>
   <div class='ocr_carea' id='block_1_81' title="bbox 715 4405 2290 4474">
    <p class='ocr_par' dir='ltr' id='par_1_81' title="bbox 715 4405 2290 4474">
     <span class='ocr_line' id='line_1_83' title="bbox 715 4405 2290 4474; baseline -0.003 -14"><span class='ocrx_word' id='word_1_586' title='bbox 715 4409 862 4461; x_wconf 77' lang='lat' dir='ltr'><strong>aliud</strong></span> <span class='ocrx_word' id='word_1_587' title='bbox 923 4417 973 4461; x_wconf 89' lang='lat' dir='ltr'><strong>te</strong></span> <span class='ocrx_word' id='word_1_588' title='bbox 1029 4417 1284 4467; x_wconf 67' lang='lat' dir='ltr'><strong>mereat,</strong></span> <span class='ocrx_word' id='word_1_589' title='bbox 1349 4407 1538 4459; x_wconf 85' lang='lat' dir='ltr'><strong>saltem</strong></span> <span class='ocrx_word' id='word_1_590' title='bbox 1598 4414 1822 4474; x_wconf 77' lang='lat' dir='ltr'><strong>prepter</strong></span> <span class='ocrx_word' id='word_1_591' title='bbox 1869 4405 2143 4473; x_wconf 82' lang='lat' dir='ltr'><strong>subjectas</strong></span> <span class='ocrx_word' id='word_1_592' title='bbox 2197 4405 2290 4456; x_wconf 87' lang='lat' dir='ltr'><strong>tibi</strong></span> 
     </span>
    </p>
   </div>
   <div class='ocr_carea' id='block_1_82' title="bbox 716 4495 2290 4566">
    <p class='ocr_par' dir='ltr' id='par_1_82' title="bbox 716 4495 2290 4566">
     <span class='ocr_line' id='line_1_84' title="bbox 716 4495 2290 4566; baseline -0.003 -13"><span class='ocrx_word' id='word_1_593' title='bbox 716 4500 902 4563; x_wconf 90' lang='lat' dir='ltr'><strong>urbes,</strong></span> <span class='ocrx_word' id='word_1_594' title='bbox 939 4515 1175 4553; x_wconf 72' lang='lat' dir='ltr'><strong>mmrore</strong></span> <span class='ocrx_word' id='word_1_595' title='bbox 1209 4499 1329 4552; x_wconf 90' lang='lat' dir='ltr'><strong>aliis</strong></span> <span class='ocrx_word' id='word_1_596' title='bbox 1360 4499 1639 4556; x_wconf 88' lang='lat' dir='ltr'><strong>mandato.</strong></span> <span class='ocrx_word' id='word_1_597' title='bbox 1679 4497 1892 4550; x_wconf 89' lang='lat' dir='ltr'><strong>solitam</strong></span> <span class='ocrx_word' id='word_1_598' title='bbox 1924 4497 2017 4550; x_wconf 91' lang='lat' dir='ltr'><strong>tibi</strong></span> <span class='ocrx_word' id='word_1_599' title='bbox 2045 4506 2098 4549; x_wconf 89' lang='lat' dir='ltr'><strong>et</strong></span> <span class='ocrx_word' id='word_1_600' title='bbox 2127 4495 2290 4566; x_wconf 65' lang='grc'><strong>493</strong></span> 
     </span>
    </p>
   </div>
   <div class='ocr_carea' id='block_1_83' title="bbox 716 4588 2295 4662">
    <p class='ocr_par' dir='ltr' id='par_1_83' title="bbox 716 4588 2295 4662">
     <span class='ocr_line' id='line_1_85' title="bbox 716 4588 2295 4662; baseline -0.003 -17"><span class='ocrx_word' id='word_1_601' title='bbox 716 4592 1126 4662; x_wconf 84' lang='lat' dir='ltr'><strong>imperatoriam</strong></span> <span class='ocrx_word' id='word_1_602' title='bbox 1175 4591 1627 4660; x_wconf 75' lang='lat' dir='ltr'><strong>magnificentiam</strong></span> <span class='ocrx_word' id='word_1_603' title='bbox 1664 4591 1914 4642; x_wconf 86' lang='lat' dir='ltr'><strong>retineto.</strong></span> <span class='ocrx_word' id='word_1_604' title='bbox 1951 4589 2169 4642; x_wconf 89' lang='lat' dir='ltr'><strong>Imitare</strong></span> <span class='ocrx_word' id='word_1_605' title='bbox 2197 4588 2295 4641; x_wconf 88' lang='lat' dir='ltr'><strong>de-</strong></span> 
     </span>
    </p>
   </div>
   <div class='ocr_carea' id='block_1_84' title="bbox 717 4683 2299 4753">
    <p class='ocr_par' dir='ltr' id='par_1_84' title="bbox 717 4683 2299 4753">
     <span class='ocr_line' id='line_1_86' title="bbox 717 4683 2299 4753; baseline -0.002 -15"><span class='ocrx_word' id='word_1_606' title='bbox 717 4686 920 4738; x_wconf 69' lang='lat' dir='ltr'><strong>functa:</strong></span> <span class='ocrx_word' id='word_1_607' title='bbox 975 4685 1123 4738; x_wconf 89' lang='lat' dir='ltr'><strong>illius</strong></span> <span class='ocrx_word' id='word_1_608' title='bbox 1178 4684 1428 4753; x_wconf 83' lang='lat' dir='ltr'><strong>generosi</strong></span> <span class='ocrx_word' id='word_1_609' title='bbox 1494 4683 1659 4735; x_wconf 92' lang='lat' dir='ltr'><strong>animi</strong></span> <span class='ocrx_word' id='word_1_610' title='bbox 1714 4683 2076 4736; x_wconf 87' lang='lat' dir='ltr'><strong>constantiam</strong></span> <span class='ocrx_word' id='word_1_611' title='bbox 2109 4721 2123 4745; x_wconf 93' lang='lat'><strong>,</strong></span> <span class='ocrx_word' id='word_1_612' title='bbox 2178 4698 2299 4750; x_wconf 73' lang='lat' dir='ltr'><strong>qua:</strong></span> 
     </span>
    </p>
   </div>
   <div class='ocr_carea' id='block_1_85' title="bbox 719 4775 2297 4847">
    <p class='ocr_par' dir='ltr' id='par_1_85' title="bbox 719 4775 2297 4847">
     <span class='ocr_line' id='line_1_87' title="bbox 719 4775 2297 4847; baseline -0.003 -16"><span class='ocrx_word' id='word_1_613' title='bbox 719 4789 942 4847; x_wconf 66' lang='grc' dir='ltr'>[πονιοΓ</span> <span class='ocrx_word' id='word_1_614' title='bbox 995 4779 1275 4831; x_wconf 85' lang='lat' dir='ltr'><strong>ardentem</strong></span> <span class='ocrx_word' id='word_1_615' title='bbox 1323 4778 1413 4830; x_wconf 86' lang='lat' dir='ltr'><strong>Dei</strong></span> <span class='ocrx_word' id='word_1_616' title='bbox 1458 4793 1702 4831; x_wconf 89' lang='lat' dir='ltr'><strong>amorem</strong></span> <span class='ocrx_word' id='word_1_617' title='bbox 1750 4777 1934 4846; x_wconf 83' lang='lat' dir='ltr'><strong>(quem</strong></span> <span class='ocrx_word' id='word_1_618' title='bbox 1985 4776 2149 4845; x_wconf 79' lang='lat' dir='ltr'><strong>longo</strong></span> <span class='ocrx_word' id='word_1_619' title='bbox 2191 4775 2297 4842; x_wconf 87' lang='lat' dir='ltr'><strong>jam</strong></span> 
     </span>
    </p>
   </div>
   <div class='ocr_carea' id='block_1_86' title="bbox 720 4870 2298 4941">
    <p class='ocr_par' dir='ltr' id='par_1_86' title="bbox 720 4870 2298 4941">
     <span class='ocr_line' id='line_1_88' title="bbox 720 4870 2298 4941; baseline -0.004 -14"><span class='ocrx_word' id='word_1_620' title='bbox 720 4883 989 4940; x_wconf 84' lang='lat' dir='ltr'><strong>tempore,</strong></span> <span class='ocrx_word' id='word_1_621' title='bbox 1021 4889 1086 4926; x_wconf 79' lang='lat' dir='ltr'><strong>ex</strong></span> <span class='ocrx_word' id='word_1_622' title='bbox 1115 4887 1225 4941; x_wconf 90' lang='lat' dir='ltr'><strong>quo</strong></span> <span class='ocrx_word' id='word_1_623' title='bbox 1258 4871 1620 4941; x_wconf 77' lang='lat' dir='ltr'><strong>perniciosam</strong></span> <span class='ocrx_word' id='word_1_624' title='bbox 1657 4880 1942 4939; x_wconf 88' lang='lat' dir='ltr'><strong>parentum</strong></span> <span class='ocrx_word' id='word_1_625' title='bbox 1986 4870 2298 4938; x_wconf 82' lang='lat' dir='ltr'><strong>Opinionem</strong></span> 
     </span>
    </p>
   </div>
   <div class='ocr_carea' id='block_1_87' title="bbox 721 4961 2294 5031">
    <p class='ocr_par' dir='ltr' id='par_1_87' title="bbox 721 4961 2294 5031">
     <span class='ocr_line' id='line_1_89' title="bbox 721 4961 2294 5031; baseline -0.004 -12"><span class='ocrx_word' id='word_1_626' title='bbox 721 4974 986 5025; x_wconf 84' lang='lat' dir='ltr'><strong>evaserat.</strong></span> <span class='ocrx_word' id='word_1_627' title='bbox 1017 4965 1209 5019; x_wconf 91' lang='lat' dir='ltr'><strong>intimo</strong></span> <span class='ocrx_word' id='word_1_628' title='bbox 1237 4965 1400 5018; x_wconf 89' lang='lat' dir='ltr'><strong>corde</strong></span> <span class='ocrx_word' id='word_1_629' title='bbox 1425 4964 1587 5017; x_wconf 92' lang='lat' dir='ltr'><strong>tacite</strong></span> <span class='ocrx_word' id='word_1_630' title='bbox 1614 4964 1816 5028; x_wconf 88' lang='lat' dir='ltr'><strong>alebat)</strong></span> <span class='ocrx_word' id='word_1_631' title='bbox 1842 4965 2084 5031; x_wconf 87' lang='lat' dir='ltr'><strong>corporis</strong></span> <span class='ocrx_word' id='word_1_632' title='bbox 2105 4961 2294 5023; x_wconf 82' lang='lat' dir='ltr'><strong>oblita,</strong></span> 
     </span>
    </p>
   </div>
   <div class='ocr_carea' id='block_1_88' title="bbox 723 5053 2301 5131">
    <p class='ocr_par' dir='ltr' id='par_1_88' title="bbox 723 5053 2301 5131">
     <span class='ocr_line' id='line_1_90' title="bbox 723 5053 2301 5131; baseline -0.006 -17"><span class='ocrx_word' id='word_1_633' title='bbox 723 5062 889 5115; x_wconf 85' lang='lat' dir='ltr'><strong>oblita</strong></span> <span class='ocrx_word' id='word_1_634' title='bbox 935 5062 1120 5131; x_wconf 70' lang='lat' dir='ltr'><strong>gloriae</strong></span> <span class='ocrx_word' id='word_1_635' title='bbox 1162 5071 1216 5114; x_wconf 90' lang='lat' dir='ltr'><strong>et</strong></span> <span class='ocrx_word' id='word_1_636' title='bbox 1261 5058 1597 5125; x_wconf 88' lang='lat' dir='ltr'><strong>imperatorii</strong></span> <span class='ocrx_word' id='word_1_637' title='bbox 1643 5056 1987 5126; x_wconf 88' lang='lat' dir='ltr'><strong>splendoris;</strong></span> <span class='ocrx_word' id='word_1_638' title='bbox 2028 5055 2103 5106; x_wconf 91' lang='lat' dir='ltr'><strong>tui</strong></span> <span class='ocrx_word' id='word_1_639' title='bbox 2143 5053 2301 5106; x_wconf 86' lang='lat' dir='ltr'><strong>deni-</strong></span> 
     </span>
    </p>
   </div>
   <div class='ocr_carea' id='block_1_89' title="bbox 725 5143 2302 5222">
    <p class='ocr_par' dir='ltr' id='par_1_89' title="bbox 725 5143 2302 5222">
     <span class='ocr_line' id='line_1_91' title="bbox 725 5143 2302 5222; baseline -0.007 -17"><span class='ocrx_word' id='word_1_640' title='bbox 725 5170 855 5222; x_wconf 86' lang='lat' dir='ltr'><strong>que,</strong></span> <span class='ocrx_word' id='word_1_641' title='bbox 889 5153 1032 5221; x_wconf 91' lang='lat' dir='ltr'><strong>quod</strong></span> <span class='ocrx_word' id='word_1_642' title='bbox 1081 5153 1240 5220; x_wconf 82' lang='lat' dir='ltr'><strong>longe</strong></span> <span class='ocrx_word' id='word_1_643' title='bbox 1277 5152 1450 5220; x_wconf 88' lang='lat' dir='ltr'><strong>majus</strong></span> <span class='ocrx_word' id='word_1_644' title='bbox 1494 5156 1597 5209; x_wconf 88' lang='lat' dir='ltr'><strong>est,</strong></span> <span class='ocrx_word' id='word_1_645' title='bbox 1631 5148 1706 5201; x_wconf 91' lang='lat' dir='ltr'><strong>tui</strong></span> <span class='ocrx_word' id='word_1_646' title='bbox 1741 5147 1960 5214; x_wconf 87' lang='lat' dir='ltr'><strong>inquam</strong></span> <span class='ocrx_word' id='word_1_647' title='bbox 2010 5143 2302 5207; x_wconf 81' lang='lat' dir='ltr'><strong>carissimi,</strong></span> 
     </span>
    </p>
   </div>
   <div class='ocr_carea' id='block_1_90' title="bbox 729 5235 2302 5313">
    <p class='ocr_par' dir='ltr' id='par_1_90' title="bbox 729 5235 2302 5313">
     <span class='ocr_line' id='line_1_92' title="bbox 729 5235 2302 5313; baseline -0.006 -16"><span class='ocrx_word' id='word_1_648' title='bbox 729 5262 893 5313; x_wconf 88' lang='lat' dir='ltr'><strong>quem</strong></span> <span class='ocrx_word' id='word_1_649' title='bbox 929 5247 1010 5299; x_wconf 88' lang='lat' dir='ltr'><strong>vel</strong></span> <span class='ocrx_word' id='word_1_650' title='bbox 1043 5245 1139 5298; x_wconf 75' lang='lat' dir='ltr'><strong>tati</strong></span> <span class='ocrx_word' id='word_1_651' title='bbox 1172 5254 1440 5296; x_wconf 88' lang='lat' dir='ltr'><strong>terrarum</strong></span> <span class='ocrx_word' id='word_1_652' title='bbox 1477 5241 1596 5294; x_wconf 91' lang='lat' dir='ltr'><strong>orbi</strong></span> <span class='ocrx_word' id='word_1_653' title='bbox 1631 5239 1976 5307; x_wconf 72' lang='lat' dir='ltr'><strong>prmtulisset,</strong></span> <span class='ocrx_word' id='word_1_654' title='bbox 2018 5236 2206 5295; x_wconf 89' lang='lat' dir='ltr'><strong>oblita,</strong></span> <span class='ocrx_word' id='word_1_655' title='bbox 2237 5235 2302 5287; x_wconf 89' lang='lat' dir='ltr'><strong>ad</strong></span> 
     </span>
    </p>
   </div>
   <div class='ocr_carea' id='block_1_91' title="bbox 728 5327 2305 5402">
    <p class='ocr_par' dir='ltr' id='par_1_91' title="bbox 728 5327 2305 5402">
     <span class='ocr_line' id='line_1_93' title="bbox 728 5327 2305 5402; baseline -0.009 -11"><span class='ocrx_word' id='word_1_656' title='bbox 728 5339 897 5394; x_wconf 86' lang='lat' dir='ltr'><strong>Deum</strong></span> <span class='ocrx_word' id='word_1_657' title='bbox 920 5338 1178 5400; x_wconf 86' lang='lat' dir='ltr'><strong>accurrit,</strong></span> <span class='ocrx_word' id='word_1_658' title='bbox 1200 5336 1265 5389; x_wconf 90' lang='lat' dir='ltr'><strong>ad</strong></span> <span class='ocrx_word' id='word_1_659' title='bbox 1289 5337 1670 5402; x_wconf 85' lang='lat' dir='ltr'><strong>imperatorem</strong></span> <span class='ocrx_word' id='word_1_660' title='bbox 1690 5340 1741 5383; x_wconf 90' lang='lat' dir='ltr'><strong>et</strong></span> <span class='ocrx_word' id='word_1_661' title='bbox 1767 5329 2018 5381; x_wconf 89' lang='lat' dir='ltr'><strong>maritum</strong></span> <span class='ocrx_word' id='word_1_662' title='bbox 2035 5327 2305 5380; x_wconf 88' lang='lat' dir='ltr'><strong>accurrit:</strong></span> 
     </span>
    </p>
   </div>
   <div class='ocr_carea' id='block_1_92' title="bbox 728 5418 2307 5500">
    <p class='ocr_par' dir='ltr' id='par_1_92' title="bbox 728 5418 2307 5500">
     <span class='ocr_line' id='line_1_94' title="bbox 728 5418 2307 5500; baseline -0.009 -16"><span class='ocrx_word' id='word_1_663' title='bbox 728 5448 836 5484; x_wconf 82' lang='lat' dir='ltr'><strong>nrn</strong></span> <span class='ocrx_word' id='word_1_664' title='bbox 867 5431 994 5500; x_wconf 88' lang='lat' dir='ltr'><strong>quia</strong></span> <span class='ocrx_word' id='word_1_665' title='bbox 1028 5429 1261 5482; x_wconf 85' lang='lat' dir='ltr'><strong>maritus</strong></span> <span class='ocrx_word' id='word_1_666' title='bbox 1290 5426 1412 5488; x_wconf 90' lang='lat' dir='ltr'><strong>fuit,</strong></span> <span class='ocrx_word' id='word_1_667' title='bbox 1446 5424 1539 5477; x_wconf 89' lang='lat' dir='ltr'><strong>sed</strong></span> <span class='ocrx_word' id='word_1_668' title='bbox 1568 5422 1695 5491; x_wconf 88' lang='lat' dir='ltr'><strong>quia</strong></span> <span class='ocrx_word' id='word_1_669' title='bbox 1729 5435 1823 5488; x_wconf 83' lang='lat' dir='ltr'><strong>per</strong></span> <span class='ocrx_word' id='word_1_670' title='bbox 1859 5420 2006 5471; x_wconf 88' lang='lat' dir='ltr'><strong>i&#39;lutn</strong></span> <span class='ocrx_word' id='word_1_671' title='bbox 2035 5418 2100 5469; x_wconf 90' lang='lat' dir='ltr'><strong>ad</strong></span> <span class='ocrx_word' id='word_1_672' title='bbox 2127 5420 2307 5470; x_wconf 86' lang='lat' dir='ltr'><strong>since-</strong></span> 
     </span>
    </p>
   </div>
   <div class='ocr_carea' id='block_1_93' title="bbox 728 5504 2306 5587">
    <p class='ocr_par' dir='ltr' id='par_1_93' title="bbox 728 5504 2306 5587">
     <span class='ocr_line' id='line_1_95' title="bbox 728 5504 2306 5587; baseline -0.013 -12"><span class='ocrx_word' id='word_1_673' title='bbox 728 5535 819 5577; x_wconf 83' lang='lat' dir='ltr'><strong>ros</strong></span> <span class='ocrx_word' id='word_1_674' title='bbox 853 5520 1090 5577; x_wconf 88' lang='lat' dir='ltr'><strong>sanioris</strong></span> <span class='ocrx_word' id='word_1_675' title='bbox 1121 5516 1390 5587; x_wconf 81' lang='lat' dir='ltr'><strong>dogmatis</strong></span> <span class='ocrx_word' id='word_1_676' title='bbox 1420 5514 1600 5567; x_wconf 83' lang='lat' dir='ltr'><strong>fontes</strong></span> <span class='ocrx_word' id='word_1_677' title='bbox 1629 5510 1890 5580; x_wconf 78' lang='lat' dir='ltr'><strong>perducta</strong></span> <span class='ocrx_word' id='word_1_678' title='bbox 1923 5506 2120 5561; x_wconf 86' lang='lat' dir='ltr'><strong>fuerat.</strong></span> <span class='ocrx_word' id='word_1_679' title='bbox 2150 5504 2306 5570; x_wconf 83' lang='lat' dir='ltr'><strong>Quod</strong></span> 
     </span>
    </p>
   </div>
   <div class='ocr_carea' id='block_1_94' title="bbox 2385 3321 3975 3393">
    <p class='ocr_par' dir='ltr' id='par_1_94' title="bbox 2385 3321 3975 3393">
     <span class='ocr_line' id='line_1_96' title="bbox 2385 3321 3975 3393; baseline 0 -21"><span class='ocrx_word' id='word_1_680' title='bbox 2385 3321 2544 3389; x_wconf 87' lang='grc' dir='ltr'>διπλῆ</span> <span class='ocrx_word' id='word_1_681' title='bbox 2575 3339 2638 3388; x_wconf 85' lang='grc' dir='ltr'><strong>γε</strong></span> <span class='ocrx_word' id='word_1_682' title='bbox 2675 3322 2896 3388; x_wconf 82' lang='grc' dir='ltr'>μᾶλλον.</span> <span class='ocrx_word' id='word_1_683' title='bbox 2936 3323 3114 3392; x_wconf 83' lang='grc' dir='ltr'>Ζημία</span> <span class='ocrx_word' id='word_1_684' title='bbox 3154 3324 3253 3391; x_wconf 85' lang='grc' dir='ltr'><strong>μὲν</strong></span> <span class='ocrx_word' id='word_1_685' title='bbox 3283 3324 3390 3393; x_wconf 77' lang='grc' dir='ltr'>γὰρ</span> <span class='ocrx_word' id='word_1_686' title='bbox 3425 3324 3520 3374; x_wconf 77' lang='grc' dir='ltr'><strong>καὶ</strong></span> <span class='ocrx_word' id='word_1_687' title='bbox 3547 3325 3681 3391; x_wconf 75' lang='grc' dir='ltr'>ἡμῖν</span> <span class='ocrx_word' id='word_1_688' title='bbox 3725 3324 3975 3389; x_wconf 69' lang='grc' dir='ltr'>ἐγεγόνει</span> 
     </span>
    </p>
   </div>
   <div class='ocr_carea' id='block_1_95' title="bbox 2390 3412 3976 3485">
    <p class='ocr_par' dir='ltr' id='par_1_95' title="bbox 2390 3412 3976 3485">
     <span class='ocr_line' id='line_1_97' title="bbox 2390 3412 3976 3485; baseline -0.003 -21"><span class='ocrx_word' id='word_1_689' title='bbox 2390 3413 2645 3483; x_wconf 86' lang='grc' dir='ltr'>μεγίστη,</span> <span class='ocrx_word' id='word_1_690' title='bbox 2706 3412 2789 3485; x_wconf 86' lang='grc' dir='ltr'><strong>[Ρ.</strong></span> <span class='ocrx_word' id='word_1_691' title='bbox 2838 3412 2966 3484; x_wconf 75' lang='grc'>505]</span> <span class='ocrx_word' id='word_1_692' title='bbox 3024 3417 3114 3466; x_wconf 75' lang='grc' dir='ltr'><strong>καὶ</strong></span> <span class='ocrx_word' id='word_1_693' title='bbox 3161 3414 3388 3465; x_wconf 78' lang='grc' dir='ltr'>τοσοῦτο</span> <span class='ocrx_word' id='word_1_694' title='bbox 3421 3415 3676 3482; x_wconf 84' lang='grc' dir='ltr'>μεγίστη.</span> <span class='ocrx_word' id='word_1_695' title='bbox 3732 3413 3854 3462; x_wconf 78' lang='grc' dir='ltr'>ὅσον</span> <span class='ocrx_word' id='word_1_696' title='bbox 3881 3412 3976 3461; x_wconf 73' lang='grc' dir='ltr'>καὶ</span> 
     </span>
    </p>
   </div>
   <div class='ocr_carea' id='block_1_96' title="bbox 2388 3501 3977 3574">
    <p class='ocr_par' dir='ltr' id='par_1_96' title="bbox 2388 3501 3977 3574">
     <span class='ocr_line' id='line_1_98' title="bbox 2388 3501 3977 3574; baseline -0.001 -21"><span class='ocrx_word' id='word_1_697' title='bbox 2388 3503 2657 3570; x_wconf 78' lang='grc' dir='ltr'>περιοῦσα</span> <span class='ocrx_word' id='word_1_698' title='bbox 2688 3504 2854 3572; x_wconf 86' lang='grc' dir='ltr'>λιμήν</span> <span class='ocrx_word' id='word_1_699' title='bbox 2884 3521 2967 3566; x_wconf 84' lang='grc' dir='ltr'>τις</span> <span class='ocrx_word' id='word_1_700' title='bbox 3000 3505 3214 3574; x_wconf 84' lang='grc' dir='ltr'>ὑπῆρχε</span> <span class='ocrx_word' id='word_1_701' title='bbox 3243 3506 3354 3566; x_wconf 81' lang='grc' dir='ltr'>τοῖς</span> <span class='ocrx_word' id='word_1_702' title='bbox 3400 3504 3542 3564; x_wconf 74' lang='grc' dir='ltr'>ὅλοις</span> <span class='ocrx_word' id='word_1_703' title='bbox 3590 3505 3773 3571; x_wconf 83' lang='grc' dir='ltr'>ἐκείνη</span> <span class='ocrx_word' id='word_1_704' title='bbox 3808 3501 3977 3568; x_wconf 79' lang='grc' dir='ltr'>σωτή·</span> 
     </span>
    </p>
   </div>
   <div class='ocr_carea' id='block_1_97' title="bbox 2391 3594 3978 3665">
    <p class='ocr_par' dir='ltr' id='par_1_97' title="bbox 2391 3594 3978 3665">
     <span class='ocr_line' id='line_1_99' title="bbox 2391 3594 3978 3665; baseline 0 -20"><span class='ocrx_word' id='word_1_705' title='bbox 2391 3612 2503 3665; x_wconf 90' lang='grc' dir='ltr'>ριος</span> <span class='ocrx_word' id='word_1_706' title='bbox 2539 3597 2632 3646; x_wconf 78' lang='grc' dir='ltr'><strong>καὶ</strong></span> <span class='ocrx_word' id='word_1_707' title='bbox 2662 3597 2972 3664; x_wconf 86' lang='grc' dir='ltr'>πανήγυρις</span> <span class='ocrx_word' id='word_1_708' title='bbox 3005 3596 3274 3664; x_wconf 72' lang='grc' dir='ltr'>εὐθυμίας</span> <span class='ocrx_word' id='word_1_709' title='bbox 3297 3614 3308 3625; x_wconf 90' lang='grc'>·</span> <span class='ocrx_word' id='word_1_710' title='bbox 3348 3597 3406 3646; x_wconf 79' lang='grc' dir='ltr'><strong>το</strong></span> <span class='ocrx_word' id='word_1_711' title='bbox 3437 3596 3491 3647; x_wconf 74' lang='grc' dir='ltr'>δὲ</span> <span class='ocrx_word' id='word_1_712' title='bbox 3529 3596 3736 3664; x_wconf 74' lang='grc' dir='ltr'>μεῖζον,</span> <span class='ocrx_word' id='word_1_713' title='bbox 3770 3595 3847 3646; x_wconf 83' lang='grc' dir='ltr'><strong>ὃτι</strong></span> <span class='ocrx_word' id='word_1_714' title='bbox 3879 3594 3978 3646; x_wconf 74' lang='grc' dir='ltr'>καὶ</span> 
     </span>
    </p>
   </div>
   <div class='ocr_carea' id='block_1_98' title="bbox 2391 3683 3977 3754">
    <p class='ocr_par' dir='ltr' id='par_1_98' title="bbox 2391 3683 3977 3754">
     <span class='ocr_line' id='line_1_100' title="bbox 2391 3683 3977 3754; baseline 0 -20"><span class='ocrx_word' id='word_1_715' title='bbox 2391 3683 2485 3735; x_wconf 82' lang='grc' dir='ltr'><strong>σού</strong></span> <span class='ocrx_word' id='word_1_716' title='bbox 2517 3685 2607 3736; x_wconf 78' lang='grc' dir='ltr'>τὸν</span> <span class='ocrx_word' id='word_1_717' title='bbox 2641 3684 3071 3753; x_wconf 71' lang='grc' dir='ltr'>βασιλικώτατον</span> <span class='ocrx_word' id='word_1_718' title='bbox 3117 3687 3212 3737; x_wconf 76' lang='grc' dir='ltr'><strong>καὶ</strong></span> <span class='ocrx_word' id='word_1_719' title='bbox 3263 3685 3371 3737; x_wconf 79' lang='grc' dir='ltr'>τῶν</span> <span class='ocrx_word' id='word_1_720' title='bbox 3403 3686 3600 3737; x_wconf 68' lang='grc' dir='ltr'>κἰινὼν</span> <span class='ocrx_word' id='word_1_721' title='bbox 3629 3687 3977 3754; x_wconf 74' lang='grc' dir='ltr'>πραγμάτων</span> 
     </span>
    </p>
   </div>
   <div class='ocr_carea' id='block_1_99' title="bbox 2392 3780 3979 3852">
    <p class='ocr_par' dir='ltr' id='par_1_99' title="bbox 2392 3780 3979 3852">
     <span class='ocr_line' id='line_1_101' title="bbox 2392 3780 3979 3852; baseline -0.001 -19"><span class='ocrx_word' id='word_1_722' title='bbox 2392 3785 2634 3852; x_wconf 77' lang='grc' dir='ltr'>ἡγεμόνα</span> <span class='ocrx_word' id='word_1_723' title='bbox 2657 3799 2714 3834; x_wconf 83' lang='grc' dir='ltr'>τε</span> <span class='ocrx_word' id='word_1_724' title='bbox 2737 3783 2829 3834; x_wconf 73' lang='grc' dir='ltr'>καὶ</span> <span class='ocrx_word' id='word_1_725' title='bbox 2860 3781 3105 3848; x_wconf 77' lang='grc' dir='ltr'>ἐπόπτην</span> <span class='ocrx_word' id='word_1_726' title='bbox 3128 3781 3250 3833; x_wconf 74' lang='grc' dir='ltr'>νοῦν</span> <span class='ocrx_word' id='word_1_727' title='bbox 3275 3781 3384 3834; x_wconf 84' lang='grc' dir='ltr'><strong>τῶν</strong></span> <span class='ocrx_word' id='word_1_728' title='bbox 3415 3782 3654 3832; x_wconf 84' lang='grc' dir='ltr'>δεουσῶν</span> <span class='ocrx_word' id='word_1_729' title='bbox 3678 3780 3979 3846; x_wconf 75' lang='grc' dir='ltr'>άπασχολεῖ</span> 
     </span>
    </p>
   </div>
   <div class='ocr_carea' id='block_1_100' title="bbox 2391 3872 3980 3943">
    <p class='ocr_par' dir='ltr' id='par_1_100' title="bbox 2391 3872 3980 3943">
     <span class='ocr_line' id='line_1_102' title="bbox 2391 3872 3980 3943; baseline -0.004 -16"><span class='ocrx_word' id='word_1_730' title='bbox 2391 3876 2690 3943; x_wconf 78' lang='grc' dir='ltr'>φροντίδων</span> <span class='ocrx_word' id='word_1_731' title='bbox 2712 3890 2723 3902; x_wconf 96' lang='grc'><strong>·</strong></span> <span class='ocrx_word' id='word_1_732' title='bbox 2758 3875 2805 3925; x_wconf 85' lang='grc' dir='ltr'><strong>εί</strong></span> <span class='ocrx_word' id='word_1_733' title='bbox 2841 3874 2896 3926; x_wconf 81' lang='grc' dir='ltr'>δὲ</span> <span class='ocrx_word' id='word_1_734' title='bbox 2931 3875 3004 3943; x_wconf 82' lang='grc' dir='ltr'>μὴ</span> <span class='ocrx_word' id='word_1_735' title='bbox 3037 3873 3292 3939; x_wconf 79' lang='grc' dir='ltr'>καθάπαξ</span> <span class='ocrx_word' id='word_1_736' title='bbox 3327 3875 3417 3924; x_wconf 76' lang='grc' dir='ltr'><strong>καὶ</strong></span> <span class='ocrx_word' id='word_1_737' title='bbox 3448 3874 3522 3934; x_wconf 85' lang='grc' dir='ltr'><strong>ὡς</strong></span> <span class='ocrx_word' id='word_1_738' title='bbox 3559 3872 3764 3924; x_wconf 81' lang='grc' dir='ltr'>ἐπίπαν</span> <span class='ocrx_word' id='word_1_739' title='bbox 3798 3873 3980 3940; x_wconf 83' lang='grc' dir='ltr'>ἀπηρ-</span> 
     </span>
    </p>
   </div>
   <div class='ocr_carea' id='block_1_101' title="bbox 2392 3962 3977 4036">
    <p class='ocr_par' dir='ltr' id='par_1_101' title="bbox 2392 3962 3977 4036">
     <span class='ocr_line' id='line_1_103' title="bbox 2392 3962 3977 4036; baseline -0.003 -17"><span class='ocrx_word' id='word_1_740' title='bbox 2392 3968 2684 4036; x_wconf 84' lang='grc' dir='ltr'>τισμένως,</span> <span class='ocrx_word' id='word_1_741' title='bbox 2709 3967 2824 4018; x_wconf 79' lang='grc' dir='ltr'>ἀλλ’</span> <span class='ocrx_word' id='word_1_742' title='bbox 2856 3962 2947 4018; x_wconf 76' lang='grc' dir='ltr'><strong>οὖν</strong></span> <span class='ocrx_word' id='word_1_743' title='bbox 2975 3968 3032 4017; x_wconf 90' lang='grc' dir='ltr'>ἐν</span> <span class='ocrx_word' id='word_1_744' title='bbox 3061 3967 3301 4034; x_wconf 81' lang='grc' dir='ltr'>τοσούτῳ</span> <span class='ocrx_word' id='word_1_745' title='bbox 3333 3966 3711 4034; x_wconf 74' lang='grc' dir='ltr'>περιστάσεων</span> <span class='ocrx_word' id='word_1_746' title='bbox 3745 3965 3977 4016; x_wconf 79' lang='grc' dir='ltr'>κλύδωνι</span> 
     </span>
    </p>
   </div>
   <div class='ocr_carea' id='block_1_102' title="bbox 2395 4057 3975 4127">
    <p class='ocr_par' dir='ltr' id='par_1_102' title="bbox 2395 4057 3975 4127">
     <span class='ocr_line' id='line_1_104' title="bbox 2395 4057 3975 4127; baseline -0.003 -17"><span class='ocrx_word' id='word_1_747' title='bbox 2395 4060 2486 4111; x_wconf 75' lang='grc' dir='ltr'><strong>καὶ</strong></span> <span class='ocrx_word' id='word_1_748' title='bbox 2511 4060 2568 4110; x_wconf 75' lang='grc' dir='ltr'>τὸ</span> <span class='ocrx_word' id='word_1_749' title='bbox 2597 4059 2829 4127; x_wconf 66' lang='grc' dir='ltr'>σμικρὸν</span> <span class='ocrx_word' id='word_1_750' title='bbox 2858 4058 3116 4124; x_wconf 84' lang='grc' dir='ltr'>ἐμπόδιον</span> <span class='ocrx_word' id='word_1_751' title='bbox 3143 4058 3396 4123; x_wconf 76' lang='grc' dir='ltr'>μέγιστον</span> <span class='ocrx_word' id='word_1_752' title='bbox 3417 4059 3479 4122; x_wconf 77' lang='grc' dir='ltr'><strong>τῇ</strong></span> <span class='ocrx_word' id='word_1_753' title='bbox 3501 4057 3609 4108; x_wconf 81' lang='grc' dir='ltr'><strong>τῶν</strong></span> <span class='ocrx_word' id='word_1_754' title='bbox 3637 4057 3975 4124; x_wconf 76' lang='grc' dir='ltr'>πραγμάτων</span> 
     </span>
    </p>
   </div>
   <div class='ocr_carea' id='block_1_103' title="bbox 2394 4146 3978 4216">
    <p class='ocr_par' dir='ltr' id='par_1_103' title="bbox 2394 4146 3978 4216">
     <span class='ocr_line' id='line_1_105' title="bbox 2394 4146 3978 4216; baseline -0.003 -14"><span class='ocrx_word' id='word_1_755' title='bbox 2394 4150 2580 4202; x_wconf 81' lang='grc' dir='ltr'>ὁλκάδι</span> <span class='ocrx_word' id='word_1_756' title='bbox 2612 4151 2856 4216; x_wconf 85' lang='grc' dir='ltr'>γίγνεται</span> <span class='ocrx_word' id='word_1_757' title='bbox 2915 4147 3132 4214; x_wconf 71' lang='grc' dir='ltr'>βλάϐος,</span> <span class='ocrx_word' id='word_1_758' title='bbox 3190 4149 3282 4198; x_wconf 69' lang='grc' dir='ltr'><strong>καὶ</strong></span> <span class='ocrx_word' id='word_1_759' title='bbox 3335 4147 3745 4214; x_wconf 81' lang='grc' dir='ltr'>παραπλήσιον,</span> <span class='ocrx_word' id='word_1_760' title='bbox 3786 4146 3978 4214; x_wconf 78' lang='grc' dir='ltr'>ὥσπερ</span> 
     </span>
    </p>
   </div>
   <div class='ocr_carea' id='block_1_104' title="bbox 2399 4235 3981 4308">
    <p class='ocr_par' dir='ltr' id='par_1_104' title="bbox 2399 4235 3981 4308">
     <span class='ocr_line' id='line_1_106' title="bbox 2399 4235 3981 4308; baseline -0.005 -14"><span class='ocrx_word' id='word_1_761' title='bbox 2399 4241 2466 4294; x_wconf 84' lang='grc' dir='ltr'><strong>ἂν</strong></span> <span class='ocrx_word' id='word_1_762' title='bbox 2500 4242 2654 4303; x_wconf 81' lang='grc' dir='ltr'>εἴτις</span> <span class='ocrx_word' id='word_1_763' title='bbox 2685 4239 3026 4308; x_wconf 76' lang='grc' dir='ltr'>κυϐερνήτης</span> <span class='ocrx_word' id='word_1_764' title='bbox 3061 4237 3327 4306; x_wconf 80' lang='grc' dir='ltr'>χειμῶνος</span> <span class='ocrx_word' id='word_1_765' title='bbox 3354 4239 3408 4288; x_wconf 89' lang='grc' dir='ltr'><strong>ἐν</strong></span> <span class='ocrx_word' id='word_1_766' title='bbox 3438 4237 3586 4304; x_wconf 81' lang='grc' dir='ltr'>μέσῳ</span> <span class='ocrx_word' id='word_1_767' title='bbox 3619 4235 3846 4302; x_wconf 73' lang='grc' dir='ltr'>πελάγει</span> <span class='ocrx_word' id='word_1_768' title='bbox 3891 4253 3981 4286; x_wconf 85' lang='grc' dir='ltr'>τυ-</span> 
     </span>
    </p>
   </div>
   <div class='ocr_carea' id='block_1_105' title="bbox 2395 4326 3979 4401">
    <p class='ocr_par' dir='ltr' id='par_1_105' title="bbox 2395 4326 3979 4401">
     <span class='ocr_line' id='line_1_107' title="bbox 2395 4326 3979 4401; baseline -0.004 -19"><span class='ocrx_word' id='word_1_769' title='bbox 2395 4333 2524 4401; x_wconf 83' lang='grc' dir='ltr'>χὼν,</span> <span class='ocrx_word' id='word_1_770' title='bbox 2551 4331 2791 4382; x_wconf 81' lang='grc' dir='ltr'>κάτωθεν</span> <span class='ocrx_word' id='word_1_771' title='bbox 2820 4331 2916 4398; x_wconf 84' lang='grc' dir='ltr'><strong>μὲν</strong></span> <span class='ocrx_word' id='word_1_772' title='bbox 2945 4330 3054 4381; x_wconf 84' lang='grc' dir='ltr'>τῶν</span> <span class='ocrx_word' id='word_1_773' title='bbox 3085 4329 3342 4394; x_wconf 73' lang='grc' dir='ltr'>κυμάτων</span> <span class='ocrx_word' id='word_1_774' title='bbox 3365 4326 3507 4389; x_wconf 71' lang='grc' dir='ltr'>κατὰ</span> <span class='ocrx_word' id='word_1_775' title='bbox 3533 4328 3630 4395; x_wconf 80' lang='grc' dir='ltr'>τῆς</span> <span class='ocrx_word' id='word_1_776' title='bbox 3658 4328 3782 4394; x_wconf 74' lang='grc' dir='ltr'>νηὸς</span> <span class='ocrx_word' id='word_1_777' title='bbox 3806 4328 3979 4377; x_wconf 76' lang='grc' dir='ltr'>ἐπανο</span> 
     </span>
    </p>
   </div>
   <div class='ocr_carea' id='block_1_106' title="bbox 2399 4416 3980 4490">
    <p class='ocr_par' dir='ltr' id='par_1_106' title="bbox 2399 4416 3980 4490">
     <span class='ocr_line' id='line_1_108' title="bbox 2399 4416 3980 4490; baseline -0.005 -15"><span class='ocrx_word' id='word_1_778' title='bbox 2399 4423 2740 4490; x_wconf 85' lang='grc' dir='ltr'>ισταμένων,</span> <span class='ocrx_word' id='word_1_779' title='bbox 2777 4421 2982 4474; x_wconf 73' lang='grc' dir='ltr'>άιωθεν</span> <span class='ocrx_word' id='word_1_780' title='bbox 3013 4420 3066 4470; x_wconf 85' lang='grc' dir='ltr'>δὲ</span> <span class='ocrx_word' id='word_1_781' title='bbox 3117 4418 3225 4470; x_wconf 82' lang='grc' dir='ltr'><strong>τῶν</strong></span> <span class='ocrx_word' id='word_1_782' title='bbox 3284 4418 3610 4484; x_wconf 80' lang='grc' dir='ltr'>πνευμάτων</span> <span class='ocrx_word' id='word_1_783' title='bbox 3654 4417 3750 4483; x_wconf 80' lang='grc' dir='ltr'>τῆς</span> <span class='ocrx_word' id='word_1_784' title='bbox 3787 4416 3980 4482; x_wconf 82' lang='grc' dir='ltr'>ὀθόνης</span> 
     </span>
    </p>
   </div>
   <div class='ocr_carea' id='block_1_107' title="bbox 2327 4511 3977 4594">
    <p class='ocr_par' dir='ltr' id='par_1_107' title="bbox 2327 4511 3977 4594">
     <span class='ocr_line' id='line_1_109' title="bbox 2327 4511 3977 4594; baseline -0.007 -24"><span class='ocrx_word' id='word_1_785' title='bbox 2327 4539 2370 4594; x_wconf 79' lang='lat' dir='ltr'><strong>D</strong></span> <span class='ocrx_word' id='word_1_786' title='bbox 2400 4517 2874 4585; x_wconf 80' lang='grc' dir='ltr'>κατορχουμένων,</span> <span class='ocrx_word' id='word_1_787' title='bbox 2912 4513 3117 4583; x_wconf 75' lang='grc' dir='ltr'>μεταξῦ</span> <span class='ocrx_word' id='word_1_788' title='bbox 3155 4514 3248 4563; x_wconf 69' lang='grc' dir='ltr'>καὶ</span> <span class='ocrx_word' id='word_1_789' title='bbox 3281 4511 3443 4572; x_wconf 65' lang='grc' dir='ltr'>αὑτὶς</span> <span class='ocrx_word' id='word_1_790' title='bbox 3461 4512 3557 4580; x_wconf 81' lang='grc' dir='ltr'><strong>τῆς</strong></span> <span class='ocrx_word' id='word_1_791' title='bbox 3584 4511 3977 4580; x_wconf 61' lang='grc' dir='ltr'>πηδάλιουχίις</span> 
     </span>
    </p>
   </div>
   <div class='ocr_carea' id='block_1_108' title="bbox 2399 4603 3978 4678">
    <p class='ocr_par' dir='ltr' id='par_1_108' title="bbox 2399 4603 3978 4678">
     <span class='ocr_line' id='line_1_110' title="bbox 2399 4603 3978 4678; baseline -0.003 -17"><span class='ocrx_word' id='word_1_792' title='bbox 2399 4610 2760 4678; x_wconf 82' lang='grc' dir='ltr'>ἐκλαθόμενος</span> <span class='ocrx_word' id='word_1_793' title='bbox 2784 4609 3212 4673; x_wconf 82' lang='grc' dir='ltr'>ἐπινυστάξειεν,</span> <span class='ocrx_word' id='word_1_794' title='bbox 3239 4609 3313 4669; x_wconf 78' lang='grc' dir='ltr'><strong>ὡς</strong></span> <span class='ocrx_word' id='word_1_795' title='bbox 3351 4608 3518 4676; x_wconf 83' lang='grc' dir='ltr'>μηδὲν</span> <span class='ocrx_word' id='word_1_796' title='bbox 3539 4603 3676 4658; x_wconf 76' lang='grc' dir='ltr'>εἶναι</span> <span class='ocrx_word' id='word_1_797' title='bbox 3701 4605 3887 4657; x_wconf 74' lang='grc' dir='ltr'>λοιπὸν</span> <span class='ocrx_word' id='word_1_798' title='bbox 3919 4605 3978 4656; x_wconf 78' lang='grc' dir='ltr'><strong>τὸ</strong></span> 
     </span>
    </p>
   </div>
   <div class='ocr_carea' id='block_1_109' title="bbox 2398 4696 3982 4768">
    <p class='ocr_par' dir='ltr' id='par_1_109' title="bbox 2398 4696 3982 4768">
     <span class='ocr_line' id='line_1_111' title="bbox 2398 4696 3982 4768; baseline -0.006 -13"><span class='ocrx_word' id='word_1_799' title='bbox 2398 4702 2626 4764; x_wconf 83' lang='grc' dir='ltr'>κωλύον,</span> <span class='ocrx_word' id='word_1_800' title='bbox 2658 4700 2955 4768; x_wconf 79' lang='grc' dir='ltr'>αὑτανδρον</span> <span class='ocrx_word' id='word_1_801' title='bbox 2996 4699 3096 4768; x_wconf 80' lang='grc' dir='ltr'>τὴν</span> <span class='ocrx_word' id='word_1_802' title='bbox 3125 4698 3257 4749; x_wconf 79' lang='grc' dir='ltr'>ναῦν</span> <span class='ocrx_word' id='word_1_803' title='bbox 3314 4699 3513 4751; x_wconf 77' lang='grc' dir='ltr'>αὐτίκα</span> <span class='ocrx_word' id='word_1_804' title='bbox 3547 4698 3690 4766; x_wconf 86' lang='grc' dir='ltr'>μάλα</span> <span class='ocrx_word' id='word_1_805' title='bbox 3729 4696 3982 4764; x_wconf 76' lang='grc' dir='ltr'>βυθοόρο-</span> 
     </span>
    </p>
   </div>
   <div class='ocr_carea' id='block_1_110' title="bbox 2401 4788 3976 4863">
    <p class='ocr_par' dir='ltr' id='par_1_110' title="bbox 2401 4788 3976 4863">
     <span class='ocr_line' id='line_1_112' title="bbox 2401 4788 3976 4863; baseline -0.004 -18"><span class='ocrx_word' id='word_1_806' title='bbox 2401 4795 2653 4863; x_wconf 83' lang='grc' dir='ltr'>μήσασαν</span> <span class='ocrx_word' id='word_1_807' title='bbox 2681 4794 2735 4854; x_wconf 79' lang='grc' dir='ltr'>ἐς</span> <span class='ocrx_word' id='word_1_808' title='bbox 2766 4791 3046 4858; x_wconf 78' lang='grc' dir='ltr'>πυθμένας</span> <span class='ocrx_word' id='word_1_809' title='bbox 3080 4791 3357 4856; x_wconf 79' lang='grc' dir='ltr'>θαλάσσης</span> <span class='ocrx_word' id='word_1_810' title='bbox 3390 4789 3707 4843; x_wconf 76' lang='grc' dir='ltr'>καταδῦναι.</span> <span class='ocrx_word' id='word_1_811' title='bbox 3739 4791 3901 4838; x_wconf 85' lang='grc' dir='ltr'>Ὀθεν</span> <span class='ocrx_word' id='word_1_812' title='bbox 3929 4788 3976 4838; x_wconf 77' lang='grc' dir='ltr'>εἰ</span> 
     </span>
    </p>
   </div>
   <div class='ocr_carea' id='block_1_111' title="bbox 2403 4879 3981 4956">
    <p class='ocr_par' dir='ltr' id='par_1_111' title="bbox 2403 4879 3981 4956">
     <span class='ocr_line' id='line_1_113' title="bbox 2403 4879 3981 4956; baseline -0.004 -19"><span class='ocrx_word' id='word_1_813' title='bbox 2403 4888 2475 4956; x_wconf 85' lang='grc' dir='ltr'><strong>μή</strong></span> <span class='ocrx_word' id='word_1_814' title='bbox 2509 4904 2562 4936; x_wconf 90' lang='grc' dir='ltr'><strong>τι</strong></span> <span class='ocrx_word' id='word_1_815' title='bbox 2616 4885 2763 4947; x_wconf 80' lang='grc' dir='ltr'>ἄλλο,</span> <span class='ocrx_word' id='word_1_816' title='bbox 2801 4885 2914 4934; x_wconf 82' lang='grc' dir='ltr'>ἀλλ’</span> <span class='ocrx_word' id='word_1_817' title='bbox 2945 4879 3038 4934; x_wconf 72' lang='grc' dir='ltr'><strong>οὖν</strong></span> <span class='ocrx_word' id='word_1_818' title='bbox 3097 4882 3184 4934; x_wconf 83' lang='grc' dir='ltr'><strong>διά</strong></span> <span class='ocrx_word' id='word_1_819' title='bbox 3215 4899 3276 4949; x_wconf 89' lang='grc' dir='ltr'><strong>γε</strong></span> <span class='ocrx_word' id='word_1_820' title='bbox 3312 4883 3406 4943; x_wconf 77' lang='grc' dir='ltr'>τὰς</span> <span class='ocrx_word' id='word_1_821' title='bbox 3446 4881 3722 4950; x_wconf 83' lang='grc' dir='ltr'>ὑπηκόους</span> <span class='ocrx_word' id='word_1_822' title='bbox 3753 4879 3856 4930; x_wconf 85' lang='grc' dir='ltr'>τῶν</span> <span class='ocrx_word' id='word_1_823' title='bbox 3887 4880 3981 4930; x_wconf 84' lang='grc' dir='ltr'>πό-</span> 
     </span>
    </p>
   </div>
   <div class='ocr_carea' id='block_1_112' title="bbox 2401 4973 3982 5043">
    <p class='ocr_par' dir='ltr' id='par_1_112' title="bbox 2401 4973 3982 5043">
     <span class='ocr_line' id='line_1_114' title="bbox 2401 4973 3982 5043; baseline -0.014 -10"><span class='ocrx_word' id='word_1_824' title='bbox 2401 4978 2558 5039; x_wconf 81' lang='grc' dir='ltr'>λεων,</span> <span class='ocrx_word' id='word_1_825' title='bbox 2589 4975 2623 5028; x_wconf 81' lang='grc' dir='ltr'>ἂ</span> <span class='ocrx_word' id='word_1_826' title='bbox 2657 4976 2754 5043; x_wconf 74' lang='grc' dir='ltr'><strong>τῆς</strong></span> <span class='ocrx_word' id='word_1_827' title='bbox 2785 4974 2959 5041; x_wconf 86' lang='grc' dir='ltr'>λύπης</span> <span class='ocrx_word' id='word_1_828' title='bbox 2990 4975 3124 5042; x_wconf 75' lang='grc' dir='ltr'>ἔργα</span> <span class='ocrx_word' id='word_1_829' title='bbox 3155 4974 3469 5039; x_wconf 79' lang='grc' dir='ltr'>πεφύκασιν</span> <span class='ocrx_word' id='word_1_830' title='bbox 3505 4973 3686 5032; x_wconf 80' lang='grc' dir='ltr'>ἄλλοις</span> <span class='ocrx_word' id='word_1_831' title='bbox 3719 4988 3982 5040; x_wconf 69' lang='grc' dir='ltr'>παραχω-</span> 
     </span>
    </p>
   </div>
   <div class='ocr_carea' id='block_1_113' title="bbox 2404 5061 3983 5137">
    <p class='ocr_par' dir='ltr' id='par_1_113' title="bbox 2404 5061 3983 5137">
     <span class='ocr_line' id='line_1_115' title="bbox 2404 5061 3983 5137; baseline -0.005 -18"><span class='ocrx_word' id='word_1_832' title='bbox 2404 5069 2576 5137; x_wconf 81' lang='grc' dir='ltr'>ρήσας</span> <span class='ocrx_word' id='word_1_833' title='bbox 2601 5064 2783 5133; x_wconf 78' lang='grc' dir='ltr'>σαυτῴ</span> <span class='ocrx_word' id='word_1_834' title='bbox 2814 5065 2874 5116; x_wconf 85' lang='grc' dir='ltr'>τὸ</span> <span class='ocrx_word' id='word_1_835' title='bbox 2903 5065 3130 5132; x_wconf 84' lang='grc' dir='ltr'>σύνηθες</span> <span class='ocrx_word' id='word_1_836' title='bbox 3173 5067 3265 5115; x_wconf 74' lang='grc' dir='ltr'><strong>καὶ</strong></span> <span class='ocrx_word' id='word_1_837' title='bbox 3320 5062 3590 5132; x_wconf 75' lang='grc' dir='ltr'>βασίλειον</span> <span class='ocrx_word' id='word_1_838' title='bbox 3645 5061 3983 5130; x_wconf 82' lang='grc' dir='ltr'>μεγαλοπρε-</span> 
     </span>
    </p>
   </div>
   <div class='ocr_carea' id='block_1_114' title="bbox 2405 5153 3981 5226">
    <p class='ocr_par' dir='ltr' id='par_1_114' title="bbox 2405 5153 3981 5226">
     <span class='ocr_line' id='line_1_116' title="bbox 2405 5153 3981 5226; baseline -0.006 -14"><span class='ocrx_word' id='word_1_839' title='bbox 2405 5161 2502 5222; x_wconf 84' lang='grc' dir='ltr'>πὲς</span> <span class='ocrx_word' id='word_1_840' title='bbox 2533 5160 2879 5226; x_wconf 77' lang='grc' dir='ltr'>διατήρησον.</span> <span class='ocrx_word' id='word_1_841' title='bbox 2941 5156 3193 5224; x_wconf 84' lang='grc' dir='ltr'>Μίμησαι</span> <span class='ocrx_word' id='word_1_842' title='bbox 3242 5156 3341 5223; x_wconf 70' lang='grc' dir='ltr'>τῆς</span> <span class='ocrx_word' id='word_1_843' title='bbox 3373 5155 3720 5223; x_wconf 79' lang='grc' dir='ltr'>ἀπελθούσης</span> <span class='ocrx_word' id='word_1_844' title='bbox 3767 5153 3981 5220; x_wconf 82' lang='grc' dir='ltr'>ἐκείνης</span> 
     </span>
    </p>
   </div>
   <div class='ocr_carea' id='block_1_115' title="bbox 2405 5245 3980 5319">
    <p class='ocr_par' dir='ltr' id='par_1_115' title="bbox 2405 5245 3980 5319">
     <span class='ocr_line' id='line_1_117' title="bbox 2405 5245 3980 5319; baseline -0.022 7"><span class='ocrx_word' id='word_1_845' title='bbox 2405 5253 2660 5319; x_wconf 72' lang='grc' dir='ltr'>γενναίαὶ</span> <span class='ocrx_word' id='word_1_846' title='bbox 2711 5249 2892 5318; x_wconf 62' lang='grc' dir='ltr'>ψυχῆς</span> <span class='ocrx_word' id='word_1_847' title='bbox 2936 5249 3034 5318; x_wconf 67' lang='grc' dir='ltr'><strong>τὴν</strong></span> <span class='ocrx_word' id='word_1_848' title='bbox 3083 5250 3440 5316; x_wconf 62' lang='grc' dir='ltr'>στεῤῥόῖῇτα,</span> <span class='ocrx_word' id='word_1_849' title='bbox 3500 5247 3654 5316; x_wconf 82' lang='grc' dir='ltr'>ἣδιά</span> <span class='ocrx_word' id='word_1_850' title='bbox 3688 5247 3812 5307; x_wconf 64' lang='grc' dir='ltr'>τοὺς</span> <span class='ocrx_word' id='word_1_851' title='bbox 3847 5245 3980 5312; x_wconf 53' lang='lat' dir='ltr'><strong>rgo;</strong></span> 
     </span>
    </p>
   </div>
   <div class='ocr_carea' id='block_1_116' title="bbox 2402 5337 3982 5411">
    <p class='ocr_par' dir='ltr' id='par_1_116' title="bbox 2402 5337 3982 5411">
     <span class='ocr_line' id='line_1_118' title="bbox 2402 5337 3982 5411; baseline -0.007 -14"><span class='ocrx_word' id='word_1_852' title='bbox 2402 5348 2495 5398; x_wconf 70' lang='grc' dir='ltr'><strong>τὸν</strong></span> <span class='ocrx_word' id='word_1_853' title='bbox 2524 5346 2655 5397; x_wconf 74' lang='grc' dir='ltr'>Θεὸν</span> <span class='ocrx_word' id='word_1_854' title='bbox 2689 5343 3037 5411; x_wconf 75' lang='grc' dir='ltr'>ἀκμάζοντας</span> <span class='ocrx_word' id='word_1_855' title='bbox 3091 5341 3318 5409; x_wconf 71' lang='grc' dir='ltr'>ἔρωτας,</span> <span class='ocrx_word' id='word_1_856' title='bbox 3357 5339 3448 5400; x_wconf 78' lang='grc' dir='ltr'>οὒς</span> <span class='ocrx_word' id='word_1_857' title='bbox 3485 5340 3815 5409; x_wconf 76' lang='grc' dir='ltr'>ἁπορρἡως</span> <span class='ocrx_word' id='word_1_858' title='bbox 3863 5337 3982 5387; x_wconf 66' lang='lat' dir='ltr'><strong>Eiic-</strong></span> 
     </span>
    </p>
   </div>
   <div class='ocr_carea' id='block_1_117' title="bbox 2404 5419 3981 5504">
    <p class='ocr_par' dir='ltr' id='par_1_117' title="bbox 2404 5419 3981 5504">
     <span class='ocr_line' id='line_1_119' title="bbox 2404 5419 3981 5504; baseline -0.008 -14"><span class='ocrx_word' id='word_1_859' title='bbox 2404 5455 2536 5490; x_wconf 89' lang='grc' dir='ltr'>σκεν</span> <span class='ocrx_word' id='word_1_860' title='bbox 2564 5440 2621 5489; x_wconf 84' lang='grc' dir='ltr'><strong>ἐν</strong></span> <span class='ocrx_word' id='word_1_861' title='bbox 2669 5435 2866 5504; x_wconf 80' lang='grc' dir='ltr'>καρδία</span> <span class='ocrx_word' id='word_1_862' title='bbox 2916 5434 3079 5484; x_wconf 84' lang='grc' dir='ltr'>πάλαι</span> <span class='ocrx_word' id='word_1_863' title='bbox 3107 5433 3274 5484; x_wconf 72' lang='grc' dir='ltr'>πολὺν</span> <span class='ocrx_word' id='word_1_864' title='bbox 3321 5431 3418 5499; x_wconf 75' lang='grc' dir='ltr'>ἤδη</span> <span class='ocrx_word' id='word_1_865' title='bbox 3444 5431 3535 5482; x_wconf 66' lang='grc' dir='ltr'><strong>τὸν</strong></span> <span class='ocrx_word' id='word_1_866' title='bbox 3565 5431 3775 5500; x_wconf 82' lang='grc' dir='ltr'>χρόνον,</span> <span class='ocrx_word' id='word_1_867' title='bbox 3802 5427 3894 5492; x_wconf 69' lang='grc' dir='ltr'><strong>ἀφ’</strong></span> <span class='ocrx_word' id='word_1_868' title='bbox 3922 5419 3981 5478; x_wconf 70' lang='grc' dir='ltr'><strong>εὑ</strong></span> 
     </span>
    </p>
   </div>
   <div class='ocr_carea' id='block_1_118' title="bbox 2403 5519 3980 5599">
    <p class='ocr_par' dir='ltr' id='par_1_118' title="bbox 2403 5519 3980 5599">
     <span class='ocr_line' id='line_1_120' title="bbox 2403 5519 3980 5599; baseline -0.008 -18"><span class='ocrx_word' id='word_1_869' title='bbox 2403 5531 2505 5599; x_wconf 78' lang='grc' dir='ltr'>τῆς</span> <span class='ocrx_word' id='word_1_870' title='bbox 2528 5529 2637 5581; x_wconf 82' lang='grc' dir='ltr'>τῶν</span> <span class='ocrx_word' id='word_1_871' title='bbox 2658 5525 2945 5597; x_wconf 82' lang='grc' dir='ltr'>φυσάντων</span> <span class='ocrx_word' id='word_1_872' title='bbox 2969 5524 3194 5575; x_wconf 80' lang='grc' dir='ltr'>διέσωσε</span> <span class='ocrx_word' id='word_1_873' title='bbox 3221 5524 3377 5592; x_wconf 72' lang='grc' dir='ltr'>δόξης</span> <span class='ocrx_word' id='word_1_874' title='bbox 3400 5523 3591 5592; x_wconf 77' lang='grc' dir='ltr'>αὑτὴν,</span> <span class='ocrx_word' id='word_1_875' title='bbox 3612 5519 3980 5589; x_wconf 78' lang='grc' dir='ltr'>ἐπιλαϐομένη</span> 
     </span>
    </p>
   </div>
   <div class='ocr_carea' id='block_1_119' title="bbox 2094 5667 2648 5732">
    <p class='ocr_par' dir='ltr' id='par_1_119' title="bbox 2094 5667 2648 5732">
     <span class='ocr_line' id='line_1_121' title="bbox 2094 5667 2648 5732; baseline 0.002 -4"><span class='ocrx_word' id='word_1_876' title='bbox 2094 5667 2431 5732; x_wconf 78' lang='lat' dir='ltr'><strong>\‘ariorum</strong></span> <span class='ocrx_word' id='word_1_877' title='bbox 2466 5677 2648 5729; x_wconf 73' lang='lat' dir='ltr'><strong>noue.</strong></span> 
     </span>
    </p>
   </div>
   <div class='ocr_carea' id='block_1_120' title="bbox 803 5785 3279 5884">
    <p class='ocr_par' dir='ltr' id='par_1_120' title="bbox 803 5785 3279 5884">
     <span class='ocr_line' id='line_1_122' title="bbox 803 5785 3279 5884; baseline -0.006 -26"><span class='ocrx_word' id='word_1_878' title='bbox 803 5807 905 5876; x_wconf 31' lang='grc' dir='ltr'><strong>ΠΟ,</strong></span> <span class='ocrx_word' id='word_1_879' title='bbox 947 5806 1141 5862; x_wconf 78' lang='lat' dir='ltr'><strong>Wolﬁo</strong></span> <span class='ocrx_word' id='word_1_880' title='bbox 1172 5805 1376 5884; x_wconf 73' lang='grc' dir='ltr'>κρηπίς</span> <span class='ocrx_word' id='word_1_881' title='bbox 1412 5814 1486 5859; x_wconf 71' lang='lat' dir='ltr'><strong>es!</strong></span> <span class='ocrx_word' id='word_1_882' title='bbox 1523 5785 1749 5871; x_wconf 66' lang='lat' dir='ltr'><strong>crepido.</strong></span> <span class='ocrx_word' id='word_1_883' title='bbox 1791 5799 1892 5853; x_wconf 87' lang='lat' dir='ltr'><strong>Sed</strong></span> <span class='ocrx_word' id='word_1_884' title='bbox 1939 5795 2144 5864; x_wconf 74' lang='lat' dir='ltr'><strong>crepido</strong></span> <span class='ocrx_word' id='word_1_885' title='bbox 2178 5793 2383 5848; x_wconf 75' lang='lat' dir='ltr'><strong>consilii</strong></span> <span class='ocrx_word' id='word_1_886' title='bbox 2414 5795 2546 5864; x_wconf 86' lang='lat' dir='ltr'><strong>quid</strong></span> <span class='ocrx_word' id='word_1_887' title='bbox 2577 5795 2669 5863; x_wconf 83' lang='lat' dir='ltr'><strong>sit,</strong></span> <span class='ocrx_word' id='word_1_888' title='bbox 2705 5811 2812 5851; x_wconf 86' lang='lat' dir='ltr'><strong>non</strong></span> <span class='ocrx_word' id='word_1_889' title='bbox 2844 5793 3026 5851; x_wconf 79' lang='lat' dir='ltr'><strong>video.</strong></span> <span class='ocrx_word' id='word_1_890' title='bbox 3072 5792 3279 5846; x_wconf 67' lang='lat' dir='ltr'><strong>Bowtx.</strong></span> 
     </span>
    </p>
   </div>
  </div>
