4248 6442
214 398 314 459 697
477 392 554 462 lii.
593 407 644 446 c.
692 392 828 446 15ἰὸ
870 407 935 445 AD
979 391 1140 463 15H]

1287 399 1727 460 BYZANTIN/E
1771 398 2157 462 HISTORLE
2205 406 2342 470 LIB.
2395 409 2463 466 Χ.

2593 401 2724 472 (tur.
2772 418 3047 460 manente.
3075 404 3214 460 sum

3357 411 3461 474 698

213 507 512 574 τηνικαῦτα
547 507 640 558 τοῦ
678 507 960 575 βασιλικοῦ
1001 508 1206 578 κλήρου
1235 511 1598 578 τυγχάνοντα.
1623 507 1694 582 ’ῼ
1724 511 1786 576 δὴ

1824 513 1860 566 Α
1893 511 1990 578 git.
2021 511 2191 581 Cujus
2232 518 2374 580 lidei,
2409 519 2576 570 Deum
2610 527 2860 584 testatus,
2901 521 2952 573 iu
2980 523 3217 574 maximo
3250 523 3461 576 Sancta:

213 601 306 651 καὶ
336 601 441 652 ὑπὸ
469 599 588 665 Θεῷ
621 601 875 668 μάρτυρα
907 601 1242 669 παραδίδωσι
1280 606 1462 673 φέρων
1493 606 1582 655 ἐπὶ
1619 605 1787 672 μέσου

210 693 307 743 τοῦ
339 694 602 758 μεγίστου
631 691 734 743 νεὼ
759 695 857 760 τῆς
885 692 980 745 τοῦ
1010 693 1144 745 Θεοῦ
1177 695 1376 761 Σηφὶας
1409 696 1510 762 τήν
1539 712 1596 746 τε
1627 695 1790 757 σύζυ-

211 799 304 850 γον
344 784 637 835 δέσποιναν
691 785 783 834 καὶ
835 783 901 836 τὰ
957 785 1143 848 τέκνα,
1195 787 1493 854 ιπίτροπον
1543 786 1658 854 ἅμα
1698 787 1788 838 καὶ

212 875 429 941 φύλακα
453 876 642 926 τοῦτον
673 870 812 927 εἶναι
849 876 986 943 μετά
1034 893 1096 943 γε
1136 877 1270 928 Θεὸν
1300 877 1792 945 παρακελευσάμε-

209 985 296 1026 νος
328 969 416 1018 ἐπ’
447 969 652 1030 αὐτοῖς,
681 969 733 1020 ετ
765 968 818 1020 τί
848 985 952 1020 που
983 968 1092 1022 τῶν
1126 969 1406 1039 ἀδοκήτων
1447 973 1558 1032 τοῖς
1589 972 1788 1033 κοινοῖς

209 1059 548 1126 ἑπισυμϐαξη
591 1061 909 1128 πράγμασι.

278 1152 355 1204 Δ⁹.
393 1151 580 1204 Ταῦτα
607 1152 1048 1221 διαπραξάμενος
1083 1153 1179 1224 ὅλῃ
1210 1154 1415 1223 σπουδῇ
1446 1153 1546 1224 τὴν
1579 1155 1634 1215 ἐς
1674 1154 1793 1206 Μα-

209 1242 456 1296 κεδονίαν
480 1245 702 1313 ἤλαυνε,
741 1244 950 1314 μηδένα
987 1247 1220 1314 στρατὸν
1251 1247 1792 1313 ἑπαγόμενος.”Υπο-

208 1349 334 1388 πτοι
376 1334 486 1403 γὰρ
518 1335 670 1403 αὑτῷ
695 1337 900 1397 πάντες
929 1337 1028 1406 ήδη
1055 1337 1404 1400 καθίσταντο,
1435 1335 1576 1406 πλὴν
1609 1337 1791 1404 μόνων

209 1426 318 1478 τῶν
345 1425 684 1479 πιστοτάτων
707 1427 1002 1481 οίκειακῶν
1029 1428 1123 1480 καὶ
1151 1426 1247 1480 τοῦ
1276 1429 1514 1495 μεγάλου
1539 1429 1792 1497 δομεστί-

211 1536 306 1572 κου
348 1519 446 1572 τοῦ
492 1520 976 1587 Καντακουζηνοῦ,
1027 1520 1087 1572 ὃν
1126 1521 1185 1572 ὲν
1230 1522 1343 1582 τοῖς
1378 1520 1610 1589 μάλιστα
1652 1521 1791 1590 σύμο

210 1627 379 1662 πνουν
412 1627 472 1662 τε
501 1613 613 1662 καὶ
652 1611 938 1679 ὁμόφρονα
968 1610 1118 1680 αὐτῷ
1170 1628 1229 1664 τε
1264 1612 1468 1678 ἔφηνεν
1517 1613 1546 1664 ό
1599 1613 1792 1680 χρόνος

209 1702 300 1754 καὶ
330 1704 446 1763 τοῖς
478 1702 660 1763 ἄλλοις
702 1702 912 1756 ἆπασιν
941 1703 1125 1772 ἱλαρὸν
1168 1703 1266 1756 καὶ
1305 1704 1592 1774 χαρίεντα.
1637 1705 1792 1757 Ἐπεί

210 1810 273 1860 γε
320 1795 429 1862 μὴν
457 1794 816 1863 ἐφευρετικὸν
841 1796 872 1863 ή
910 1794 1125 1864 ἀνάγκη
1151 1795 1301 1848 δοκεῖ
1327 1795 1590 1864 πολλαχῆ,
1615 1796 1790 1867 εἰσῄει

208 1889 263 1948 ες
294 1887 523 1955 γνώμην
546 1886 642 1954 ὀψὲ
678 1887 771 1938 καὶ
803 1886 880 1955 τῷ
912 1886 1126 1955 βασιλεῖ
1158 1887 1247 1940 διὰ
1293 1887 1500 1940 πολλῶν
1523 1887 1792 1958 δραμόντι

205 1980 314 2033 τῶν
354 1978 635 2047 λογισμῶν
665 1977 741 2040 ὡς
786 1979 1107 2048 οἰκονομίας
1147 1980 1340 2047 τρόποι
1389 1981 1485 2034 καὶ
1510 1981 1662 2035 δόλον
1703 1983 1796 2051 ἐγ-

205 2072 549 2140 κυμονοῦσαι
593 2071 809 2140 μὲθοδοι
857 2071 1038 2140 πολλῷ
1068 2087 1132 2140 γε
1164 2073 1265 2141 τῆς
1307 2072 1418 2126 τῶν
1464 2072 1645 2126 ὅπλων
1670 2073 1794 2144 βίας

205 2165 616 2235 ἀνυσιμώτεροι
643 2166 1049 2234 καθεστήκασιν
1078 2168 1136 2231 ἐς
1194 2168 1263 2219 τά
1294 2168 1528 2220 πλεῖστα
1551 2169 1657 2221 τῶν
1705 2167 1796 2241 Ep-

205 2276 342 2326 γων,
373 2259 468 2311 καὶ
502 2257 736 2327 μάλιστα
773 2259 831 2319 ἐς
861 2260 1038 2312 ὁπόσα
1059 2249 1341 2330 ’θορύϐους
1362 2260 1658 2315 πλουτοῦσι
1691 2278 1793 2315 aro-

205 2351 408 2421 λὲμων.
443 2352 556 2404 Καὶ
579 2351 696 2419 ἅμα
737 2351 791 2412 ἒς
824 2350 921 2413 τὰς
949 2351 1061 2403 τῶν
1087 2351 1340 2407 ⁴ινσιλαιῶν
1385 2353 1594 2422 ἀνδρῶν
1628 2355 1777 2424 πρά-

207 2448 319 2512 Εεις
361 2448 534 2515 ἀνῆγε
565 2448 658 2500 τὸν
689 2446 970 2516 λογισμὸν,
1011 2447 1161 2509 ὅπως
1198 2463 1258 2500 τε
1294 2449 1520 2518 Δαρεῖος
1547 2451 1576 2502 ό
1599 2449 1786 2520 Μῆδος

204 2540 294 2592 διὰ
333 2539 598 2608 Ζωπύρου
621 2541 792 2610 ῥᾷστα
821 2537 924 2609 τὴν
940 2539 1154 2610 ἄμαχον
1187 2533 1298 2592 εἷλε
1332 2539 1628 2594 Βαϐυλῶνα
1654 2557 1668 2571 ·
1697 2543 1793 2594 καὶ

217 2631 549 2698 Ἀντίγονος,
580 2631 692 2683 τῶν
735 2632 1089 2703 Ἀλεξάνδρου
1115 2632 1380 2702 διαδόχων
1407 2633 1436 2686 ό
1465 2633 1785 2702 κράτιστος,

206 2725 472 2788 πολλάκις
520 2725 1076 2796 καταστρατηγηθεὶς
1117 2727 1214 2778 ὑπ’
1259 2724 1566 2796 Εὐμένους,
1600 2726 1659 2790 δς
1693 2727 1794 2798 τῆς

217 2819 579 2888 Ἀλεξάνδρου
617 2820 962 2890 παλαίστρας
1017 2815 1087 2891 ἦν
1120 2820 1215 2873 καὶ
1245 2819 1428 2884 αὐτὸς,
1465 2821 1656 2891 γέμων
1705 2824 1794 2891 όρ-

207 2915 315 2982 μῆς
347 2911 457 2966 ἀπὸ
489 2912 792 2982 γυμνασίου
821 2913 1182 2983 περιφανοῦς,
1216 2913 1338 2985 τάχ’
1373 2914 1438 2967 ἂν
1470 2914 1662 2978 αὐταῖς
1691 2914 1784 2967 δυ-

206 3012 409 3080 νάμεσι
440 3011 534 3062 καὶ
567 3010 628 3062 τὸ
679 3011 778 3080 ζῇν
808 3009 1215 3078 ἀπελίμπανεν,
1248 3010 1298 3063 εί
1351 3011 1426 3079 μὴ
1459 3009 1632 3072 δόλοις
1661 3009 1794 3080 πόρο

208 3102 385 3171 poesy
423 3103 517 3153 καὶ
561 3100 853 3171 λαθραίαις
906 3102 1222 3165 ἐπιϐουλαῖς
1254 3100 1350 3154 τὸν
1393 3101 1560 3171 ἄνδρα
1597 3100 1792 3169 διεχειο

1894 606 2111 672 Sophia;
2149 611 2350 676 templo
2390 613 2676 680 coniugem
2734 613 3141 677 imperatricem
3172 627 3224 668 et
3260 616 3459 669 liberos

1891 716 2023 753 suos
2083 703 2535 769 commendavit,
2581 713 2638 756 ut
2675 718 2864 755 eorum
2901 713 3120 757 curator
3179 716 3232 757 et
3277 718 3462 760 custos

1892 799 2014 858 post
2040 789 2210 844 Deum
2242 804 2410 854 esset,
2479 796 2524 848 si
2569 793 2700 862 quid
2761 793 2900 848 forte
2947 797 3256 863 respublica
3289 799 3460 850 detri-

1892 886 2060 937 menti
2095 885 2350 953 cepisset.

1965 1163 2054 1218 IV.
2089 1164 2182 1218 His
2214 1166 2350 1218 actis
2380 1180 2612 1234 propere
2662 1167 2715 1220 in
2750 1168 3121 1223 Macedoniam
3157 1173 3462 1238 contendit,

1893 1255 2045 1307 nullo
2076 1269 2262 1307 secum
2283 1255 2521 1308 adducto
2573 1257 2844 1313 exercitu.
2909 1257 3027 1312 Jatn
3083 1260 3232 1313 enim
3275 1277 3468 1317 omnes

1892 1355 2180 1413 suspectos
2199 1346 2463 1410 habebat,
2525 1358 2728 1417 praeter
2781 1350 3135 1408 ﬁdelissimos
3166 1353 3329 1425 597
3368 1354 3468 1408 do-

1893 1437 2152 1490 mcsticos
2180 1452 2310 1492 suos
2346 1448 2401 1491 et
2439 1455 2693 1508 magnum
2728 1442 3096 1497 domesticum
3131 1443 3468 1500 Cantacuze-

1891 1543 2022 1581 num
2054 1547 2068 1582 :
2097 1545 2258 1598 quem
2298 1546 2467 1584 unum
2502 1534 2749 1587 omnium
2777 1537 3013 1591 maxime
3070 1537 3214 1591 idem
3246 1553 3371 1592 cum
3400 1554 3468 1593 eo

1892 1619 2054 1683 velle,
2085 1619 2227 1674 idem
2252 1606 2479 1690 ‘spirare
2513 1632 2566 1676 et
2588 1639 2714 1693 erga
2745 1636 2974 1680 czeteros
3038 1643 3229 1682 omnes
3257 1645 3466 1682 comem

1892 1722 1948 1767 et
1981 1714 2207 1768 hilarem
2237 1730 2358 1769 esse
2383 1727 2598 1785 tempus
2635 1718 3040 1774 declaraverat.
3088 1721 3192 1776 Sed
3217 1739 3339 1778 cum
3375 1740 3468 1777 ne-

1824 1848 1866 1899 Β
1893 1805 2122 1859 cessitas
2151 1806 2431 1874 ingenium
2465 1824 2664 1863 acuere
2689 1811 3019 1880 plerumque
3044 1814 3320 1878 videatur,
3350 1826 3470 1882 post

1894 1897 2096 1950 multas
2125 1897 2523 1968 cogitationum
2550 1901 2808 1971 ambages
2835 1903 3054 1957 tandem
3089 1905 3254 1958 etiam
3294 1908 3470 1975 impe-

1895 1988 2065 2042 ratori
2099 1989 2152 2041 in
2173 1999 2412 2043 mentem
2434 1990 2603 2054 venit,
2627 1993 2932 2060 prudentiae
2954 1995 3181 2048 consilia
3207 2005 3262 2049 et
3285 1994 3468 2048 laetam

1893 2080 2037 2136 dolis
2071 2081 2352 2135 solertiam
2421 2084 2594 2138 multo
2639 2085 2762 2153 plus
2796 2101 2956 2154 posse
2993 2103 3154 2154 quam
3187 2103 3468 2141 armorum

1893 2175 2028 2241 vim,
2058 2189 2182 2228 cum
2209 2174 2276 2228 ad
2309 2175 2412 2229 alia
2444 2176 2677 2245 plurima
2700 2177 3066 2247 expedienda,
3100 2190 3213 2233 tum
3233 2182 3471 2235 maxime

1892 2268 1959 2323 ad
1991 2284 2056 2323 ea
2091 2285 2213 2339 quae
2254 2269 2468 2324 bellicis
2508 2272 2838 2326 tumultibus
2870 2274 3040 2327 variis
3091 2273 3468 2343 implicantur.

1894 2357 2181 2428 Simulque
2209 2360 2275 2415 ad
2312 2373 2564 2416 veterum
2601 2377 2690 2417 res
2733 2370 2913 2433 gestas
2948 2365 3193 2418 animum
3250 2366 3463 2429 retulit,

1893 2452 2358 2521 quemadmodum
2395 2454 2592 2508 Darius
2622 2470 2718 2524 per
2743 2455 3016 2526 Zopyrum
3077 2456 3336 2510 invictam
3370 2457 3470 2510 Ba-

1893 2542 2153 2613 bylonem
2183 2541 2340 2597 facile
2377 2543 2634 2612 cepisset,
2693 2553 2750 2598 et
2802 2544 3131 2613 Antigonus,
3174 2543 3467 2598 Alexandri

1890 2649 2276 2690 successorum
2317 2636 2758 2704 potentissimus,
2789 2653 2932 2705 saape
2964 2638 3176 2691 artihus
3198 2637 3463 2691 Eumenis

1895 2727 2095 2792 victus,
2127 2729 2223 2799 qui
2259 2737 2314 2784 et
2339 2729 2454 2799 ipse
2485 2745 2553 2784 ex
2589 2729 2889 2784 Alexandri
2930 2729 3220 2799 disciplina
3249 2730 3474 2800 prodie-

1901 2828 1989 2876 rat
2020 2829 2077 2875 et
2122 2821 2385 2889 praclara
2436 2822 2834 2875 exercitatione
2890 2825 3198 2876 acerrimus
3232 2823 3474 2877 bellator

1892 2920 2164 2976 evaserat,
2197 2911 2266 2966 ab
2305 2911 2500 2966 eodem
2535 2912 2763 2966 forsitan
2797 2927 2904 2966 non
2929 2914 3092 2967 modo
3120 2913 3349 2977 viribus,
3375 2911 3469 2966 sed

1893 3004 2005 3059 vita
2036 3005 2206 3058 etiarn
2239 3004 2504 3074 spoliatus
2556 3015 2724 3067 esset,
2792 3005 2895 3059 nisi
2956 3007 3173 3059 eminus
3226 3004 3368 3058 dolis
3418 3013 3474 3059 et

1893 3095 2251 3150 clandestinis
2308 3095 2813 3149 machinationibus
2877 3096 3052 3148 virum
3120 3095 3471 3152 sustulisset:

211 3197 416 3266 ρίζετο.
455 3199 564 3249 Καὶ
597 3197 702 3266 πρό
731 3215 793 3264 γε
824 3198 1030 3250 τούτων
1056 3197 1381 3266 όἋΘηναῖος
1410 3195 1791 3266 Θεμιστοκλῆς

1824 3201 1862 3262 α
1896 3195 2010 3241 tum
2040 3195 2102 3241 ut
2131 3197 2257 3240 ante
2292 3186 2392 3241 hos
2413 3187 2770 3241 Atheniensis
2791 3186 3189 3241 Themistocles
3221 3201 3470 3256 magnam

205 3292 298 3342 τόν
332 3289 506 3342 πολὺν
547 3291 754 3341 ἐκεῖνον
787 3291 974 3342 στόλον
1008 3290 1119 3342 τῶν
1149 3290 1348 3358 Μήδων
1375 3288 1557 3357 λόγοις
1582 3291 1792 3342 οίκονο-

211 3383 396 3450 μικοῖς
451 3382 547 3433 καὶ
586 3381 761 3443 δόλοις
815 3379 1302 3450 κατετροπώσατο,
1365 3381 1441 3450 μή
1492 3380 1794 3452 δυνάμενος

203 3477 409 3536 ἄλλως.

277 3567 353 3620 Ε’.
388 3567 479 3637 Τῷ
509 3567 608 3635 μὲν
631 3566 694 3636 δὴ
726 3565 936 3635 βασιλεῖ
978 3567 1343 3638 σκεπτομένῳ
1375 3565 1598 3618 τοιαῦτα
1629 3564 1795 3634 πρόσ-

203 3659 314 3712 εισί
365 3675 451 3718 τις
485 3657 595 3710 τῶν
651 3657 748 3726 τῆς
796 3656 1107 3724 συγκλήτου
1142 3658 1463 3727 Σφραντζῆς
1499 3658 1527 3709 ό
1556 3656 1793 3710 Παλαιο-

203 3751 363 3817 λόγος
389 3750 507 3820 (74)
543 3749 636 3802 καὶ
669 3749 965 3802 ἀπολαϐὼν
1008 3749 1184 3819 λάορα
1229 3750 1624 3816 κοινολογεῖται
1665 3748 1794 3816 περὶ

199 3841 316 3893 τῶν
345 3840 726 3909 προκειμένων
755 3839 1054 3910 φροντίδων
1073 3856 1086 3869 °
1132 3840 1229 3892 καὶ
1268 3839 1686 3908 ὑπισχνουμένῳ
1717 3838 1794 3906 τῷ

204 3933 423 4001 βασιλεί
450 3930 681 3983 πλοῦτον
733 3932 830 3983 καὶ
885 3929 1046 3995 δόξαν
1090 3931 1559 4001 άνθυπισχνεῖται,
1615 3930 1792 3999 φυγὴν

202 4023 556 4093 ὑποκριθεὶς,
611 4025 897 4092 φονεύσειν
930 4024 1023 4076 τὸν
1069 4025 1432 4110 Συργιάννην.
1473 4024 1547 4075 Οὐ
1593 4021 1792 4075 πολλαὶ

206 4115 496 4185 παρῆλθον
544 4114 759 4167 ἐκεῖθεν
811 4114 1039 4184 ἡμέραι,
1071 4117 1164 4167 καὶ
1199 4116 1356 4183 φήμη
1413 4113 1790 4167 διασκίδναται

207 4210 341 4276 περὶ
371 4205 801 4274 Θεσσαλονίκην,
837 4205 963 4257 ἔνθα
998 4205 1293 4275 διατρίϐων
1321 4201 1389 4275 ἦν
1435 4205 1739 4274 τηνικαῦτα
1766 4206 1793 4257 ό

205 4299 483 4369 βασιλεὺς,
519 4298 593 4358 ὡς
635 4297 959 4368 Σφραντζῆς
1007 4299 1037 4351 ό
1090 4297 1474 4366 Παλαιολόγος,
1504 4298 1794 4368 ἐξαργυρι-

204 4393 445 4458 σάμενος
485 4390 643 4442 πάνθ’
676 4391 779 4442 ὅσα
814 4390 1060 4460 ὑπῆρχεν
1100 4390 1250 4460 αὑτῷ
1284 4390 1628 4458 βοσκήματα,
1675 4389 1792 4460 βρι-

1900 3280 2052 3334 illam
2117 3280 2398 3335 Medorum
2457 3280 2711 3340 classem,
2771 3279 2974 3346 alioqui
3020 3279 3471 3349 insuperabilcm,

1897 3372 2114 3427 callidis
2150 3371 2335 3426 verbis
2365 3380 2416 3426 et
2451 3371 2595 3425 dolis
2625 3369 2989 3440 proﬂigasset.

1971 3562 2034 3614 γ.
2077 3564 2463 3631 Imperatorem
2491 3572 2674 3615 autem
2718 3562 2772 3615 in
2802 3561 2942 3615 hanc
2967 3577 3155 3615 curam
3199 3563 3470 3615 intentum

1893 3665 2118 3712 senator
2144 3654 2368 3723 quidam
2390 3653 2727 3721 Sphrantzes
2755 3653 3098 3722 Palaaologus
3123 3653 3234 3706 adit
3274 3665 3328 3707 et
3356 3654 3472 3705 sim

1895 3748 2119 3803 arbitris
2159 3747 2499 3815 alloquitur;
2553 3747 2618 3800 de
2657 3747 3027 3815 praesentibus
3081 3749 3314 3814 negotiis
3349 3763 3471 3799 cun.

1895 3858 1962 3896 eo
1996 3842 2134 3895 clam
2178 3839 2488 3900 deliberat;
2532 3853 2664 3906 opes
2697 3846 2752 3890 et
2799 3837 3040 3890 honores
3075 3837 3354 3906 pollicenti
3392 3841 3472 3889 vi-

1895 3933 2085 3987 cissim
2128 3931 2331 3985 emdem
2369 3930 2693 4000 Syrgiannis
2753 3929 3067 3996 pollicetur,
3129 3943 3293 3996 quam
3352 3928 3474 3995 fuga

1893 4024 2149 4079 simulata
2185 4032 2601 4090 perpetraturus
2633 4020 2726 4072 sit.
2783 4020 2901 4072 Non
2949 4019 3137 4071 multis
3187 4020 3382 4073 dielms
3410 4037 3473 4072 (υς

1893 4134 1961 4173 eo
1999 4117 2202 4185 elapsrs
2235 4115 2372 4167 fama
2427 4116 2572 4166 circa
2616 4113 3059 4166 Thessalonicam
3123 4112 3290 4183 498
3320 4130 3473 4181 Spar—

1895 4211 2066 4279 gitur,
2095 4207 2187 4260 ubi
2224 4215 2335 4258 tum
2371 4205 2564 4270 agebat
2595 4204 2920 4272 imperator,
2966 4203 3326 4270 Sphrautzvm
3378 4205 3478 4279 Pa-

1899 4301 2185 4368 lmologum
2209 4313 2322 4350 rem
2349 4311 2566 4350 omnem
2593 4310 2746 4349 suam
2784 4297 3097 4364 pecuariam
3134 4298 3473 4360 vendidisse,

1896 4393 2228 4459 redactaque
2271 4391 2396 4443 inde
2458 4390 2690 4458 pecunia
2765 4388 2830 4440 ad
2890 4389 3249 4458 Syrgiauuem
3301 4389 3475 4456 plenis

202 4481 432 4541 υούτταις
483 4481 673 4547 χερσὶν
714 4479 1012 4547 αὐτόμολος
1046 4478 1254 4546 οἴχεται
1290 4478 1534 4546 ἀποδρὰς
1587 4480 1643 4540 ἐς
1698 4480 1788 4530 τὸν

1828 4547 1841 4548 γ
1897 4484 2158 4537 manibus
2185 4481 2556 4548 transfugere.
2591 4479 2710 4544 Quo
2738 4481 3039 4548 imperator
3075 4477 3288 4541 audito,
3324 4480 3478 4548 igno-

203 4571 756 4642 Συργιάννην.’οπερ
780 4571 1036 4639 ἀκηκοὼς
1062 4573 1090 4622 ό
1116 4570 1392 4640 βασιλεὺς,
1423 4571 1508 4641 [Ρ.
1550 4570 1677 4641 50-7]
1697 4573 1790 4622 καὶ

1824 4547 1866 4601 D
1894 4577 2110 4629 ratione
2141 4547 2423 4632 simulata,
2451 4580 2508 4624 et
2533 4572 2677 4625 ardes
2713 4547 2835 4639 ejus
2878 4571 3199 4638 pltblicavit,
3259 4581 3314 4624 et
3347 4547 3480 4623 uxo-

201 4667 296 4718 τὸν
328 4662 627 4730 ἀγνοοῦντα
654 4663 998 4733 ὑποκριθεὶς,
1026 4663 1250 4732 πέμψας
1274 4663 1366 4714 τόν
1389 4680 1446 4715 τε
1487 4659 1636 4715 οἷκον
1669 4665 1790 4732 ἐδη-

209 4756 436 4826 μοσίευε
485 4757 582 4807 καὶ
647 4757 748 4824 τήν
783 4755 1019 4824 σύζυγον
1052 4757 1418 4823 περιαγαγεῖν
1457 4755 1667 4824 ἀτίμως
1705 4756 1792 4809 διὰ

199 4849 305 4918 τῆς
349 4848 556 4917 ἀγοράς
613 4848 921 4903 ἐκέλευσεν.
958 4849 1025 4900 ‘0
1074 4847 1140 4917 δὴ
1179 4848 1247 4900 τὰ
1305 4848 1544 4917 μάλιστα
1602 4848 1789 4901 ἔπεισε

201 4941 544 5011 Συργιάννην
589 4941 917 5003 ἀνυπόπτως
947 4941 1261 5009 διατεθῆναι
1293 4940 1424 5009 πρὸς
1461 4941 1550 4992 τὸν
1574 4941 1792 5010 Σφραν-

201 5033 341 5100 τζῆν
393 5037 486 5086 καὶ
513 5031 820 5101 σύμϐουλον
853 5032 1077 5099 ἄριστον
1137 5025 1278 5083 εἶναι
1314 5032 1556 5099 νομίζειν
1603 5033 1790 5089 αὐτόν.

202 5122 362 5175 Ὥστ’
424 5122 667 5190 ἔγραφον
723 5121 818 5174 καὶ
865 5121 976 5173 τῶν
1010 5120 1264 5190 συνήθων
1297 5121 1474 5192 λάθρα
1527 5121 1790 5188 πολλάκις

1893 4681 2007 4719 rem
2076 4663 2440 4732 ignominiose
2496 4678 2594 4731 per
2650 4660 2827 4714 forum
2871 4661 3080 4715 traduci
3119 4661 3299 4728 jussit.
3348 4661 3478 4726 Qua:

1890 4772 1978 4810 res
2023 4755 2374 4825 potissimum
2400 4753 2587 4808 eﬂ‘ecit
2615 4797 2628 4821 ,
2674 4763 2733 4807 ut
2786 4753 3080 4823 Spbiantzi
3140 4752 3479 4823 Syrgianncs

1890 4846 2147 4900 crederet
2207 4855 2263 4899 et
2321 4843 2700 4899 ﬁdelissimum
2748 4844 3122 4898 consiliarium
3166 4843 3477 4913 judicaret;

1897 4941 2034 4995 adeo
2062 4950 2122 4993 ut
2151 4954 2273 4991 cum
2311 4937 2607 4991 familiares
2637 4952 2782 5006 saepe
2820 4937 3210 4990 Thessalonica
3263 4947 3318 4989 et
3351 4936 3482 4988 Ber-

1900 5033 2055 5088 rhcea
2081 5031 2146 5085 ad
2177 5045 2300 5083 eum
2331 5030 2658 5090 seriberent,
2697 5039 2918 5082 caveret
2955 5027 3342 5096 Sphrantzem,
3383 5027 3476 5094 qui

1899 5126 2042 5180 malo
2067 5124 2251 5178 animo
2277 5131 2333 5176 e-t
2357 5123 2475 5193 ejus
2499 5121 2790 5177 occidendi
2833 5135 2996 5174 causa
3038 5119 3292 5183 adesset,
3341 5119 3476 5181 nihil

1561 5262 1904 5326 Variorum
1944 5274 2132 5325 notua.

206 5387 349 5443 Hist.
382 5383 478 5437 lib.
500 5398 616 5447 xw,
645 5383 844 5450 capJ,
862 5381 1135 5437 Joannem
1154 5382 1232 5436 ait
1261 5382 1486 5437 circiter
1503 5397 1678 5438 annos
1728 5386 1795 5440 14

204 5452 826 5524 patriarcltant_l‘uisse.
878 5452 1017 5524 Cum
1046 5452 1290 5524 Gregora
1347 5454 1784 5524 consentitrcod.

203 5521 343 5595 Reg.
379 5523 566 5595 5058⁵,
593 5521 689 5576 fol.
735 5523 824 5595 98,
859 5523 957 5595 ubi
1007 5523 1525 5595 legitur,_’lwdwqc
1575 5523 1788 5588 ἔνδοξος

202 5615 240 5650 κ
278 5591 314 5647 ῐ
355 5595 519 5658 σοφὸς
549 5594 669 5644 λίαν
706 5595 733 5645 ό
772 5592 1025 5656 Καλέκας
1073 5592 1169 5661 ἐτη
1213 5591 1293 5646 ιδ’.
1350 5594 1420 5646 ΑΙ.
1469 5602 1688 5648 constat
1718 5610 1784 5649 ex

1903 5403 2010 5454 que
2039 5387 2300 5441 Joannem
2356 5395 2600 5439 creatum
2633 5400 2754 5439 esse
2789 5385 3161 5453 patriarchum
3215 5399 3304 5436 an.
3341 5383 3472 5439 Chr.

1895 5457 2055 5520 1535,
2099 5471 2223 5509 curn
2257 5458 2324 5510 ab
2367 5472 2457 5509 an.
2495 5457 2650 5518 l535,
2683 5457 2748 5508 ad
2783 5471 2989 5508 annum
3029 5454 3182 5518 l5”,
3217 5454 3344 5506 anni
3377 5470 3478 5507 uu-

1890 5534 2178 5580 mereutur
2211 5526 2656 5593 quatuordecim.
2696 5525 2937 5590 Βοινικ..

1963 5597 2080 5665 (74)
2114 5591 2480 5650 Cantacuzen.
2533 5612 2655 5660 cap.
2703 5596 2793 5649 25.
2831 5596 2949 5649 Non
2987 5593 3185 5647 desunt
3221 5591 3474 5665 qui_hoc

205 5663 529 5743 testimonio
563 5665 885 5743 _non_solum
919 5663 1320 5743 Gri-gor£,_sed
1356 5662 1529 5743 ipsius
1563 5679 1784 5732 quoque
1886 5661 2226 5743 Ego'paivrCﬁe
2259 5666 2524 5743 vocabulo
2554 5666 2817 5743 Qallicum
2851 5661 3345 5743 Francoisexprimi
3368 5677 3480 5743 pu:

202 5732 600 5794 Cantaeuzeni,
649 5732 971 5800 abrogatum
1026 5747 1148 5786 esse
1199 5732 1394 5786 Joanni
1427 5732 1637 5787 Calecaa
1687 5749 1784 5802 pa-
1885 5732 2025 5800 tant,
2079 5735 2227 5803 quod
2285 5736 2520 5803 G--orgio
2568 5736 2863 5803 Sphranzae
2911 5734 3166 5790 Historia:
3209 5732 3481 5801 scriptori

205 5804 570 5860 triareliatuin
607 5817 750 5861 anno
779 5803 910 5860 Chr.
951 5803 1086 5858 1547
1142 5805 1388 5859 ineunte.
1417 5803 1649 5874 Oportet
1676 5805 1778 5861 ita-

1881 5820 1980 5877 pro
2018 5817 2380 5877 cognomento
2407 5817 2508 5861 est.
2551 5806 2786 5861 Dvcssc.
