4248 6442
751 401 854 460 703
1005 397 1078 467 ιι.
1128 413 1182 449 u.
1226 394 1362 449 6836
1404 410 1464 448 Αῐ)
1508 394 1668 466 68ί9]

1945 401 1987 457 Ν
2007 397 2359 458 lCEPllnltI
2403 398 2445 456 G
2463 398 2785 459 REGOR/E

3891 397 4002 460 704

3095 396 3228 467 Itur.
3275 408 3556 448 ANDRONIC.
3587 405 3728 466 tum]

749 522 877 570 dum
906 517 1212 578 scientiam,
1243 531 1305 568 ac
1333 517 1640 570 temerariis
1687 525 1740 569 et
1794 514 2132 568 immodestis
2165 514 2312 566 voci—
2344 525 2388 572 Α
2418 531 2426 544 σ

2344 525 2388 572 Α
2418 515 2525 565 τῶν
2565 515 2658 566 τοῦ
2711 516 2885 584 δήμου
2935 515 3094 584 ζῆλον
3147 515 3249 582 μὲν
3300 515 3698 583 λαμϐάνοντας,
3759 513 3821 567 οὐ
3874 516 4004 568 κατ’

753 614 854 663 lins
874 610 1087 661 emissis
1116 610 1290 676 ipsum
1325 610 1486 662 etiam
1523 608 1888 677 patriarcbam
1924 608 1988 659 ad
2017 607 2308 674 disputan-

751 705 877 754 dum
910 717 1120 767 urgere.
1180 701 1228 752 ls
1256 716 1387 752 vero
1411 717 1534 753 cum
1560 716 1660 754 nec
1690 700 1928 768 linguam
1959 697 2175 751 dicendi
2211 711 2310 749 usu

745 796 1098 848 exercitatam
1138 793 1442 846 haberetet
1493 807 1624 846 suos
1660 794 1970 860 episcopos
2018 792 2310 844 maximam

747 894 957 952 partem
983 883 1384 937 indoctissimos
1404 898 1526 936 esse
1549 892 1822 942 cerneret,
1853 881 2314 950 tergiversabatur

746 977 993 1046 quidem,
1041 976 1135 1028 sed
1172 976 1452 1043 quomodo
1488 976 1676 1045 populi
1739 977 2033 1028 tumultum
2095 975 2314 1028 sedaret

748 1067 1050 1122 nesciebat.
1082 1067 1263 1132 Quare
1292 1077 1347 1120 et
1378 1082 1478 1121 nos
1517 1066 1584 1120 ad
1612 1067 1662 1120 id
1689 1075 1973 1120 certamen
2003 1065 2314 1134 suscipien-

748 1158 878 1209 dum
909 1157 1280 1210 colimtandus
1306 1158 1554 1225 putabat,
1581 1158 1673 1226 qui
1706 1157 1948 1225 linguam
1977 1157 2159 1226 aliquo
2190 1172 2309 1210 ora-

748 1248 916 1303 tionis
955 1257 1218 1317 apparatu
1267 1249 1588 1304 instructam
1652 1248 2006 1312 haberemus,
2057 1250 2318 1318 quamvis

751 1341 807 1394 in
837 1356 1054 1394 sacrum
1109 1342 1416 1408 catalogum
1452 1356 1559 1394 non
1603 1340 1853 1408 inscripti
1907 1355 2173 1396 essemus.
2208 1340 2318 1410 Ego

748 1447 884 1486 vero
931 1434 1168 1502 primum
1213 1433 1566 1486 vehementer
1597 1432 1861 1501 urgebam
1910 1446 1975 1486 ac
2000 1432 2314 1494 monebam,

751 1526 909 1596 502
942 1539 999 1579 ut
1025 1533 1227 1580 taceret
1257 1533 1312 1576 et
1347 1539 1474 1578 eum
1508 1523 1757 1577 habitum
1797 1538 1908 1592 prae.
1945 1538 2004 1576 se
2039 1522 2230 1586 ferret,
2260 1523 2316 1574 in

749 1634 859 1682 quo
894 1619 1094 1668 inesset
1116 1616 1371 1682 maiestas
1402 1615 1652 1682 quzedatn
1707 1623 1763 1668 ct
1811 1614 2094 1682 prudentis
2150 1612 2317 1666 animi

749 1723 961 1774 Species
996 1717 1309 1773 appareret,
1357 1706 1676 1759 Latinorum
1704 1705 1961 1759 videlicet
1995 1705 2320 1773 postulatio-

751 1810 872 1845 ιιι-ιιι
913 1795 1358 1856 contemnentis;
1387 1808 1564 1860 neque
1600 1793 1746 1846 enim
1792 1793 2164 1861 disputatione
2197 1807 2320 1847 esse

2415 611 2711 675 ἐπίγνωσιν
2749 612 2825 674 δὲ,
2859 616 2955 664 καὶ
3006 613 3296 681 πρόχειρόν
3332 629 3452 664 τινα
3507 611 3601 664 καὶ
3661 610 3998 680 ἀταμίευτον

2415 701 2797 768 προτείνοντας
2827 702 3075 762 γλῶσσαν
3107 704 3200 753 καὶ
3236 703 3370 769 πρός
3399 717 3460 766 γε
3498 701 3577 751 ἐτι
3605 698 3990 757 συνωθοῦντας

2416 792 2510 842 καὶ
2537 791 2697 842 αὐτόν
2721 809 2782 857 γε
2814 792 2904 843 τὸν
2937 793 3280 861 πατριάρχην
3304 793 3361 852 ἐς
3387 790 3673 853 διαλέξεις.
3709 790 3769 841 '0
3797 789 3839 840 δ’
3864 787 3993 840 οὐτε

2415 883 2516 950 τὴν
2555 882 2809 949 γλῶσσαν
2852 882 2991 950 ἔχων
3023 882 3372 951 ὴκονημένην
3408 886 3470 934 ἑκ
3519 883 3619 947 τῆς
3659 882 3766 932 τῶν
3805 882 3986 945 λόγων

2414 972 2723 1040 ἀσκήσεως,
2768 972 2860 1023 καὶ
2895 972 3010 1039 ἅμα
3041 972 3169 1033 τοὺς
3217 971 3501 1032 πλείστους
3529 970 3640 1022 τῶν
3671 972 3798 1038 περὶ
3831 971 3996 1021 αὐτὸν

2415 1061 2955 1132 ὲπισκόπωνξάμαοίᾳ
2984 1060 3255 1124 συζῶντας
3305 1061 3532 1132 πλείστῃ
3574 1061 3853 1113 κατανοῶν
3885 1061 3993 1112 ὐπ-

2416 1152 2695 1205 εστέλλετο
2745 1152 2865 1221 μὲν,
2927 1153 3026 1205 οὐκ
3072 1147 3186 1219 εἶχε
3233 1153 3279 1205 δ’
3330 1153 3478 1214 ὅπως
3528 1153 3858 1221 ἀναχαιτίςῃ
3895 1149 3993 1201 τοῦ

2417 1243 2591 1312 δήμου
2619 1245 2710 1297 τὸν
2745 1243 2997 1312 Θόρυῦον.
3040 1243 3508 1311 Δι’),παρακαλεῖν
3548 1243 3752 1308 ἔγνωκε
3795 1242 3903 1294 δεῖν
3937 1244 3996 1304 ἐς

2417 1337 2517 1407 τὴν
2543 1335 2804 1406 τοιαύτην
2829 1336 3135 1405 παράταξιν
3168 1338 3261 1388 καὶ
3293 1338 3465 1405 ἡμᾶς,
3487 1337 3613 1398 τοὺς
3639 1335 3996 1404 ὡπλισμένην

2423 1428 2523 1498 μὲν
2549 1429 2772 1498 ἔχοντας
2796 1425 3044 1495 γλῶτταν
3067 1429 3132 1480 ἐκ
3164 1427 3264 1495 τῆς
3295 1427 3388 1479 τοῦ
3421 1428 3579 1494 λόγου
3611 1427 3996 1496 παρασκευῆς,

2419 1522 2527 1586 ἔξω
2566 1522 2622 1574 δὲ
2664 1521 2757 1574 τοῦ
2793 1520 2942 1589 ίεροῦ
2975 1521 3280 1588 καταλόγου
3324 1520 3717 1589 τυγχάνοντας.
3763 1519 3904 1584 Ἐγὼ
3935 1520 3995 1572 δὲ

2419 1613 2487 1665 τὰ
2530 1611 2630 1681 μὲν
2685 1612 2874 1681 πρῶτα
2922 1611 3090 1674 πολὺς
3129 1606 3200 1679 ἦν
3232 1611 3554 1679 ἐγκείμενος
3579 1611 3676 1664 καὶ
3705 1612 3998 1678 παραινῶν

2423 1703 2638 1772 σιωπᾷν
2669 1705 2762 1756 καὶ
2796 1705 3032 1771 σχήματι
3063 1701 3299 1771 χρῆσθαι
3330 1700 3743 1769 μεγαλοπρεπεῖ
3761 1718 3868 1752 τινι
3899 1705 3997 1754 καὶ

2421 1794 2544 1849 νοῦν
2573 1794 3052 1863 ἐπαγγελλομένῳ,
3098 1793 3324 1862 μηδενὸς
3363 1794 3520 1856 ἀξίαν
3561 1793 3722 1860 λόγου
3755 1794 3855 1861 τὴν
3887 1794 3998 1848 τῶν

749 1904 886 1950 0|V|s
918 1903 967 1937 ni
1004 1895 1280 1950 priesenti.
1322 1887 1388 1937 At
1442 1901 1564 1938 cum
1599 1901 1788 1938 rursus
1819 1885 2118 1954 cogitarem
2151 1885 2317 1939 silen-
2355 1862 2395 1916 Β
2425 1932 2426 1937 η

2355 1862 2395 1916 Β
2425 1885 2668 1938 Λατίνων
2723 1862 3013 1952 νομίζοντα
3062 1884 3385 1953 πρόκλησιν,
3425 1882 3620 1947 λόγους
3675 1883 3771 1949 τῆς
3807 1886 3999 1952 χρείας

751 1985 883 2026 ι.ιιιη
917 1974 1029 2027 fere
1064 1978 1373 2041 suspicione
1410 1989 1515 2026 non
1549 1988 1762 2036 carere,
1797 1974 1890 2028 sed
1924 1974 1976 2026 in
2006 1990 2196 2027 eorum
2221 1974 2317 2042 qui

750 2072 885 2120 foris
917 2085 1283 2130 versarentur,
1315 2073 1514 2124 animis
1540 2071 1721 2125 varias
1763 2081 1818 2125 et
1865 2072 2197 2140 multiplices
2226 2087 2321 2126 co-

750 2168 1044 2230 gitationes
1083 2167 1320 2216 excitare
1354 2179 1416 2216 ac
1443 2178 1725 2232 Spargere,
1756 2178 1945 2216 eorum
1990 2165 2320 2231 prmsertim,

751 2257 840 2316 qui
872 2258 1188 2318 nvi-linguii'
1249 2271 1353 2308 nee
1403 2257 1587 2308 animo
1649 2255 1918 2324 imperare
1972 2255 2315 2318 didicissent,

751 2351 1114 2411 pniriai'i'liam
1147 2363 1195 2398 et
1230 2348 1519 2413 episcopos
1573 2346 1838 2414 quosdam
1875 2346 2109 2401 selectos
2137 2349 2320 2415 priva-

748 2437 846 2488 tim
872 2452 1099 2488 conveni
1130 2444 1185 2488 et
1207 2451 1380 2488 meam
1412 2435 1740 2490 sententiam
1765 2437 1833 2489 ad
1871 2437 2017 2491 hunc
2049 2435 2161 2490 fere
2197 2451 2315 2489 m0-

752 2525 882 2576 dum
914 2527 1056 2592 apud
1083 2541 1177 2580 eos
1211 2528 1442 2593 exposui
1478 2545 1492 2579 :

820 2792 883 2846 ll.
921 2814 937 2843 ι
972 2793 1234 2860 Equidem
1269 2792 1340 2845 ita
1369 2807 1488 2846 sum
1518 2791 1817 2856 animatus,
1848 2791 1921 2845 ita
1952 2790 2019 2846 ad
2055 2791 2159 2846 hoc
2191 2806 2312 2849 cer-

749 2895 929 2938 tamen
963 2886 1095 2936 nihil
1135 2883 1267 2937 milii
1300 2882 1603 2936 alacritatis
1631 2883 1823 2938 deesse
1852 2884 2050 2948 sentio,
2107 2891 2166 2939 ut
2203 2901 2312 2939 non

751 2977 911 3028 modo
974 2977 1237 3042 linguam,
1300 2975 1392 3028 sed
1462 2975 1704 3027 animum
1763 2974 1950 3036 etiam,
1993 2975 2231 3031 radicem
2261 2989 2316 3030 et

747 3066 949 3119 fontem
999 3067 1221 3133 eloquii,
1262 3064 1535 3132 simulque
1597 3064 1908 3133 largitorem
1939 3072 1994 3118 et
2034 3065 2317 3134 dispensa-

747 3169 921 3210 torem
957 3172 1138 3208 rerum
1169 3157 1543 3219 dicendarum,
1603 3166 1825 3224 paratus
1883 3155 1986 3209 sim
2020 3171 2308 3210 exacuere.

746 3249 881 3299 (lum
919 3258 1098 3299 utilem
1163 3246 1484 3311 plerosque,
1535 3244 1853 3313 priusquam
1924 3259 2010 3298 res
2053 3245 2309 3313 postulet,

747 3337 1004 3390 audacter
1032 3346 1086 3388 et
1113 3335 1398 3400 magniﬁce
1428 3334 1578 3402 loqui
1610 3344 1664 3388 et
1717 3335 1768 3387 in
1817 3349 1880 3388 ea
1907 3350 2028 3390 esse
2055 3337 2314 3404 opinione

745 3437 978 3490 videam,
1012 3437 1068 3478 ut
1102 3437 1152 3478 et
1194 3437 1434 3493 tempora
1489 3434 1545 3479 et
1599 3440 1687 3479 res
1733 3426 1879 3495 ipsas
1909 3427 2175 3480 voluntati
2203 3443 2316 3481 suae

747 3529 929 3571 statim
962 3519 1139 3573 socias
1191 3533 1545 3579 concurrere,
1597 3517 1708 3570 imo
1765 3517 1981 3570 obviam
2024 3532 2314 3572 occurrere

746 3628 795 3663 ai
815 3612 1110 3674 liitientnr,
1144 3611 1318 3662 vereri
1344 3609 1474 3661 inibi
1505 3608 1674 3672 subit,
1703 3625 1770 3661 ne
1791 3611 1881 3662 ubi
1918 3623 2005 3662 res
2024 3618 2077 3662 et
2102 3618 2314 3679 tempus

753 3705 1058 3768 postularit,
1133 3717 1282 3753 arma
1319 3701 1460 3754 ultro
1490 3700 1822 3755 adversariis
1872 3701 2109 3764 tradant,
2153 3711 2315 3770 atque

749 3800 938 3847 eadem
979 3810 1133 3860 Ittl‘lla
1165 3793 1432 3845 multandi
1466 3793 1595 3857 sint,
1640 3809 1745 3861 qua
1781 3792 2116 3847 desertores.
2180 3791 2313 3846 Nam

755 3888 842 3939 tibi
869 3890 1095 3938 ambitio
1124 3885 1411 3952 imperitiae
1447 3885 1691 3946 alumna,
1719 3884 1865 3936 omni
1889 3883 2316 3952 Opportunitatis

752 3985 959 4034 ratiOI-t-
995 3983 1260 4047 neglectu,
1289 3981 1570 4033 modestia:
1593 3980 1796 4033 limites
1819 3981 2115 4034 insolenter
2141 3990 2317 4035 trans-

750 4073 880 4134 silat,
911 4073 982 4123 itii
1025 4079 1189 4122 etiam
1221 4087 1346 4122 eum
1376 4087 1526 4137 sequi
1571 4069 1776 4122 exitum
1805 4111 1818 4133 ,
1853 4069 1947 4139 qui
2000 4071 2190 4139 primis
2234 4075 2318 4127 in-

748 4173 920 4229 copiis
953 4172 1243 4231 rupugllt'l,
1278 4170 1489 4214 nonest
1519 4161 1850 4214 mirandum.
1907 4163 2206 4218 Enimvero
2235 4165 2314 4219 illi

749 4256 891 4308 haud
918 4266 1177 4321 i-ngllalll.
1204 4270 1311 4305 non
1349 4254 1588 4322 linguam
1621 4254 1982 4321 temporibus.
2028 4255 2123 4309 sed
2173 4265 2315 4310 tem-

750 4362 882 4415 pora
918 4347 1075 4414 503
1110 4347 1222 4412 ipsa
1255 4345 1452 4413 linguae
1489 4343 1763 4398 moderari
1791 4353 1845 4397 et
1879 4345 2173 4400 efﬁcaciam
2203 4347 2316 4401 lar-

747 4457 884 4507 giri,
922 4458 984 4491 ac
1028 4439 1304 4490 neminem
1339 4436 1565 4505 quidem
1597 4436 1728 4490 tuba
1758 4436 2044 4506 Tyrrhena
2073 4439 2317 4493 vocalio-

750 4543 862 4582 iem
893 4544 1014 4580 esse
1041 4545 1053 4578 :
1089 4536 1270 4580 tamen
1306 4527 1451 4580 illam
1481 4541 1702 4594 quoque
1728 4542 1834 4580 una
1871 4542 1998 4582 cum
2024 4529 2169 4584 aeris
2204 4529 2315 4584 ictu

748 4636 1070 4672 conisumere
1103 4628 1156 4671 et
1184 4616 1437 4670 amittere
1463 4619 1571 4670 vim
1606 4633 1824 4673 omnem
1856 4617 2194 4682 oblectandi,
2219 4633 2319 4675 nec

748 4710 919 4763 ullum
938 4713 1018 4762 sui
1046 4711 1284 4761 fructum
1309 4710 1627 4777 relinquere
1653 4723 1791 4763 sono
1817 4709 1918 4778 ipsi
1945 4710 2317 4778 superstitem.

748 4803 864 4855 Non
893 4813 1073 4853 autem
1135 4800 1595 4853 committendum
1660 4816 1782 4855 esse
1829 4801 2215 4869 prudentibus,
2261 4811 2322 4856 ut

749 4893 934 4943 subito
969 4901 1118 4942 motu
1149 4905 1209 4943 ac
1233 4891 1526 4944 temerario
1557 4891 1766 4944 incitati
1801 4892 1944 4944 ultro
1975 4892 2077 4946 sibi
2103 4893 2320 4960 pericu-

751 4995 861 5035 lum
888 4991 1191 5044 arcessant,
1217 4983 1361 5034 inter
1385 4997 1575 5034 omnes
1600 4993 1854 5036 constare
1881 4982 2112 5048 abitror,
2143 4993 2198 5037 et
2221 5000 2321 5039 nos

750 5077 1020 5128 orationis
1055 5091 1350 5143 progressu
1386 5075 1808 5130 declarabimus.
1836 5077 1989 5137 Sicut
2013 5077 2159 5131 enim
2186 5077 2322 5131 duo-

754 5172 852 5221 tius
882 5169 1213 5220 i-xei-citibus
1246 5167 1310 5220 ad
1343 5182 1577 5236 pugnam
1608 5169 1894 5222 instructis
1941 5170 2168 5223 alterius
2193 5186 2323 5224 con-

753 5263 933 5314 silium
969 5260 1199 5313 alterius
1231 5258 1439 5313 viribus
1467 5259 1547 5313 sic
1574 5271 1811 5328 praestat,
1846 5268 1903 5312 ut
1939 5275 2032 5314 eas
2061 5261 2163 5314 sibi
2190 5262 2322 5330 ipsis

751 5359 998 5405 i‘nnesms
1024 5351 1244 5410 eﬂiciat.
1271 5350 1459 5403 etvice
1482 5365 1678 5415 versa;
1710 5352 1782 5404 ita
1815 5352 1979 5404 etiam
2019 5351 2106 5405 bic
2136 5352 2212 5406 ﬁt.
2263 5351 2320 5406 Si

753 5444 904 5513 prius
942 5459 1102 5509 quam
1139 5444 1307 5510 probe
1334 5457 1397 5495 ac
1441 5443 1734 5512 diligenter
1773 5443 2177 5514 disputationes
2211 5461 2325 5500 me-

749 5537 910 5589 ditati
946 5538 1233 5600 lucriiuns,
1257 5535 1588 5590 adversariis
1610 5551 1984 5600 occurramus,
2017 5552 2141 5590 cum
2171 5539 2325 5607 igno-

751 5628 926 5680 minia
959 5625 1178 5679 tandem
1214 5627 1586 5683 discedemus.
1619 5628 1807 5697 Neque
1837 5644 1965 5682 vero
2006 5629 2139 5682 mibi
2172 5629 2319 5698 quis-

749 5734 914 5787 quam
941 5719 1104 5784 dicat,
1136 5720 1340 5776 inultos
1391 5737 1532 5790 saepe
1567 5722 1856 5790 repentino
1892 5722 2096 5790 impetu
2149 5721 2323 5775 elatos

747 5824 948 5882 etanr
978 5816 1034 5869 in
1079 5827 1316 5872 mentem
1355 5817 1631 5872 venissent
1683 5815 1876 5873 etl'aitos
1910 5813 2191 5871 victoriam
2227 5815 2317 5870 ωιλ-

2423 1978 2524 2030 ούκ
2566 1977 2884 2041 ἀναγκαίως
2912 1974 3250 2043 ἀπαιτούσης
3293 1973 3549 2028 ἐνταῦθα.
3596 1974 3738 2026 Ἀλλ’
3772 1977 3998 2045 ἐπειδή-

2423 2084 2531 2133 πςρ
2572 2067 2669 2118 οὐκ
2717 2068 3029 2118 ἀνύποπτον
3064 2064 3217 2126 αὖθις
3255 2064 3440 2134 ἑώρων
3481 2067 3556 2128 ὡς
3578 2066 3646 2122 τά
3678 2067 3849 2120 πολλὰ
3882 2070 4001 2120 δια-

2422 2160 2608 2214 τελοῦν
2639 2160 2700 2211 τὸ
2726 2159 2825 2226 τῆς
2856 2160 3085 2224 σιωπῆς,
3121 2159 3255 2209 ἀλλά
3289 2158 3627 2222 πολλαπλοῦς
3689 2163 3784 2214 καὶ
3832 2163 3999 2214 πολυο

2423 2253 2624 2321 σχιδεῖς
2667 2251 2966 2320 βλαστάνον
3007 2252 3100 2302 καὶ
3127 2251 3380 2316 διανέμον
3406 2255 3512 2314 τοῖς
3547 2251 3650 2315 ἔξω
3693 2256 3815 2315 τοὺς
3847 2255 4000 2320 λογι-

2422 2345 2610 2413 σμοὺς,
2651 2343 2747 2397 καὶ
2785 2343 3016 2411 μάλιστα
3047 2345 3159 2406 τοῖς
3197 2342 3476 2407 τοιούτοις,
3506 2343 3586 2414 [Ρ.
3623 2344 3748 2415 510]
3770 2347 3816 2397 οἳ
3859 2347 4004 2411 γνὼ-

2423 2453 2532 2504 μην
2579 2437 2673 2489 καὶ
2721 2434 2970 2503 γλῶσσαν
3023 2436 3273 2504 ἤσκησαν
3307 2436 3660 2498 ἀταμίευτον,
3701 2438 4001 2490 ἀπολαϐὼν

2423 2528 2528 2596 ίδίᾳ
2551 2527 2639 2578 τόν
2660 2544 2716 2578 τε
2748 2526 3090 2595 πατριάρχην
3113 2526 3204 2578 καί
3237 2544 3387 2590 τινας
3407 2527 3514 2580 τῶν
3544 2527 3845 2595 ἐλλογίμων
3878 2531 4002 2582 ἐπι-

2422 2621 2637 2671 σκόπων
2681 2618 2776 2685 τὴν
2801 2618 3039 2687 ἐμαυτοῦ
3083 2619 3310 2687 γνώμην
3361 2618 3996 2690 ὲπεδειξάμην,τοιαύτά

2417 2728 2541 2764 τινα
2569 2710 2850 2775 διεξελθὼν
2873 2712 2961 2762 ἐπ’
2989 2713 3168 2764 αὐτων

2491 2801 2566 2859 B'.
2623 2823 2639 2855 ι
2686 2805 2837 2871 Ἐμοὶ
2871 2806 2970 2872 μὲν
3007 2804 3178 2866 οὔτως
3232 2804 3378 2872 ἔχειν
3435 2807 3570 2873 πρὸς
3629 2808 3726 2876 τὴν
3782 2810 4004 2877 napo-3.

2421 2912 2518 2949 σαν
2563 2896 2795 2964 ἅμιλλαν
2844 2899 2938 2950 καὶ
2991 2894 3134 2946 οὕτω
3194 2896 3504 2964 προθυμίας
3578 2898 3731 2950 οὐδὲν
3783 2899 3999 2967 οὐδαμῆ

2431 3005 2493 3055 γε
2554 2988 2824 3041 ἐλλείπειν
2892 2990 3146 3055 ἔπεισιν,
3213 2989 3342 3042 ὥστ’
3407 2990 3465 3040 οὐ
3533 2989 3782 3055 γλῶτταν
3836 2993 4000 3057 μόνον

2416 3079 2656 3144 ὁπλίζειν
2696 3080 2972 3150 περίεστιν
2997 3121 3011 3142 ,
3053 3082 3192 3135 ά).λά
3226 3081 3332 3151 πρό
3365 3099 3428 3148 γε
3481 3081 3687 3149 ταύτης
3721 3082 3815 3133 καὶ
3857 3082 4006 3148 γνὼο

2421 3188 2529 3238 μην
2562 3170 2773 3237 αὐτὴν,
2822 3170 2979 3238 ῥίζαν
3037 3171 3240 3241 ταύτην
3301 3170 3466 3222 οὖσαν
3522 3172 3615 3222 καὶ
3673 3170 3854 3240 πηγὴν
3894 3172 4000 3238 τῆς

2417 3261 2661 3330 γλώττης
2740 3267 2832 3314 καὶ
2905 3262 3021 3330 ἅμα
3093 3263 3327 3333 χορηγὸν
3384 3264 3479 3315 καὶ
3535 3264 3802 3332 πρύτανιν
3883 3264 3999 3316 τῶν

2413 3353 2738 3422 λεγομένων.
2780 3355 3010 3423 Ὀρῶντι
3056 3355 3113 3408 δὲ
3148 3359 3273 3416 τοὺς
3326 3356 3555 3416 πολλοὺς
3599 3356 3706 3425 πρὸ
3738 3356 3832 3408 τοῦ
3877 3374 4005 3409 και-

2418 3447 2512 3514 ροῦ
2566 3449 2658 3500 καὶ
2714 3449 2811 3516 τῆς
2873 3448 3066 3518 χρείας
3133 3448 3375 3519 μεγάλην
3424 3442 3549 3502 τινα
3615 3451 3706 3502 καὶ
3764 3449 4000 3517 Θρασεῖα

2415 3538 2772 3608 προϊεμένους
2834 3541 2933 3607 τὴν
2993 3539 3244 3608 γλῶτταν
3278 3581 3292 3606 ,
3334 3541 3431 3593 καὶ
3475 3541 3552 3610 τῷ
3619 3540 3768 3609 σφῶν
3810 3543 3998 3594 αὐτῶν

2417 3629 2728 3701 βουλομένῳ
2789 3633 2907 3700 ἄμα
2954 3633 3221 3696 καὶτοὺς
3279 3634 3505 3703 καιροὺς
3553 3633 3714 3699 εὐθὺς
3773 3635 3866 3686 καὶ
3929 3636 4001 3686 τα

2417 3725 2720 3794 πράγματα
2782 3725 3058 3795 σύνδρομα
3125 3741 3187 3778 τε
3243 3727 3336 3778 καὶ
3393 3726 3680 3795 πρόῗρομα
3747 3726 4000 3792 γίνεσθαι

2415 3815 2734 3883 οἰομένους,
2779 3815 3009 3868 δεδιέναι
3071 3835 3160 3886 μοι
3218 3815 3445 3884 ἐπειτι,
3506 3819 3580 3887 μὴ
3649 3819 3745 3885 τῆς
3804 3821 4001 3888 χρείας

2417 3905 2651 3959 καὶτοῦ
2705 3907 2897 3976 καιροῦ
2977 3910 3356 3976 παραστάντος
3424 3910 3768 3976 λειποταξίου
3837 3913 4002 3979 δίκην

2416 3993 2721 4062 ὀφλήσωσι,
2777 3994 2882 4047 τῶν
2933 3995 3115 4046 ὅπλων
3149 3996 3368 4056 ἑκόντες
3434 4000 3546 4059 τοῖς
3589 3999 3852 4061 ἐναντίοις
3887 4017 4001 4051 πα-

2417 4087 2862 4156 ραχωρήσαντες.
2913 4087 3083 4140 Ἔνθα
3141 4088 3249 4157 γὰρ
3297 4090 3580 4158 φιλοτιμία
3635 4091 3897 4159 τρόφιμο;
3937 4094 4004 4144 ἀ-

2416 4177 2639 4246 πειρίας
2689 4178 2819 4246 ὃλην
2860 4179 3197 4249 ἐνδυσαμένη
3227 4181 3325 4250 τὴν
3351 4181 3559 4250 ἀωρίαν
3593 4182 3700 4234 τῶν
3731 4184 3875 4251 ὅρων
3902 4202 4003 4234 κα-

2415 4269 2703 4338 ταχορεύει
2726 4269 2825 4339 τῆς
2863 4269 3139 4334 εὐταξίας,
3175 4273 3290 4324 ἐκεῖ
3317 4272 3414 4324 καὶ
3458 4273 3629 4341 πέρας
3660 4275 3986 4326 ἀκολουθεῖν

2417 4363 2531 4422 τοῖς
2569 4360 2879 4430 προοιμίοις
2927 4361 3182 4423 ἐκπιεικῶς
3212 4362 3791 4432 ἀντιστρατευόμενον,
3833 4366 3998 4418 οὐδὲν

2420 4450 2674 4513 ἀπεικός.
2721 4450 2858 4502 Οὐδὲ
2888 4450 3017 4518 γὰρ,
3070 4452 3145 4511 ὡς
3199 4451 3398 4517 ἔοικεν,
3428 4454 3624 4505 εἰδέναι
3658 4453 3837 4506 ἔπεισι
3886 4460 4002 4518 τοῖς

2349 4559 2394 4614 D
2421 4543 2706 4608 τοιούτοις,
2737 4542 2812 4610 μὴ
2859 4543 2958 4613 τὴν
2989 4545 3238 4610 γλῶτταν
3271 4544 3532 4599 δύνασθαι
3576 4547 3843 4616 καθιστᾷν
3871 4550 4002 4610 τούς

2427 4634 2651 4702 καιροὺς
2691 4635 3014 4703 ἀνυσίμους,
3053 4634 3175 4694 τοὺς
3204 4636 3260 4686 δὲ
3303 4637 3530 4703 καιροὺς
3562 4639 3660 4706 τὴν
3706 4637 3953 4704 γλῶτταν
3985 4652 3997 4663 ·

2420 4729 2529 4780 οὐδ’
2559 4730 2638 4781 ὅτι
2686 4729 3031 4798 Τυρσηνικῆς
3080 4732 3380 4797 σάλπιγγος
3411 4731 3586 4794 οὐδεὶς
3628 4731 3840 4799 ἀνδρῶν
3903 4750 4004 4800 με-

2423 4815 2857 4888 γαλοφωνότερος
2887 4820 3020 4888 ὁμοῦ
3061 4820 3104 4871 δ’
3148 4820 3295 4887 ὅμως
3327 4821 3404 4888 τῷ
3451 4821 3713 4890 πληγέντι
3740 4822 3865 4888 ἀέρι
3902 4823 4003 4874 καὶ

2422 4909 2562 4975 αὕτη
2623 4911 2838 4981 δαπανᾷ
2878 4912 2972 4964 καὶ
3029 4911 3146 4963 λύει
3188 4912 3244 4964 τὸ
3307 4914 3507 4980 κράτος
3561 4910 3659 4980 τῆς
3725 4913 3999 4983 τέρψεως.

2421 5005 2611 5057 οὐδένα
2641 5008 2850 5073 καρπὸν
2876 5007 2987 5068 τοῖς
3017 5005 3209 5057 ἔπειτα
3255 5006 3663 5058 καταλείπουσα
3699 5006 3798 5070 τῆς
3828 5006 4000 5074 ἠχοῦς

2426 5092 2951 5162 μονιμώτερον.”οτι
2978 5093 3022 5144 δ’
3048 5093 3108 5144 οὐ
3137 5091 3315 5161 χρεὼν
3341 5093 3478 5160 ὁμοῦ
3505 5094 3601 5144 καὶ
3633 5094 3757 5154 τούς
3790 5095 3907 5144 ὅσοι
3933 5112 3997 5160 γε

2424 5181 2642 5248 βαθεῖαν
2674 5180 2883 5234 αὐλακα
2912 5181 2997 5234 διὰ
3038 5181 3233 5250 φρενὸς
3264 5181 3622 5249 καρποῦνται,
3655 5181 4001 5249 παραλόγοις

2424 5269 2724 5336 ἑπομένους
2763 5270 2962 5338 ὁρμαῖς
3012 5269 3066 5328 ὲς
3105 5267 3464 5332 αὐθαιρέτους
3512 5268 3648 5320 ἰέναι
3692 5269 4000 5333 κινδύνους,

2422 5359 2578 5427 δῆλον
2622 5355 2774 5428 οἶμαι
2820 5361 2928 5421 τοῖς
2960 5359 3164 5412 ἅπασιν
3220 5354 3362 5413 εἶναι
3387 5377 3400 5391 ·
3439 5359 3750 5430 δηλώσομεν
3793 5362 3847 5413 δὲ
3901 5364 4003 5415 καὶ

2422 5450 2576 5501 αὐτοὶ
2632 5449 2935 5518 προῖόντες.
2985 5449 3196 5520 Ὥσπερ
3257 5450 3365 5519 γὰρ
3392 5468 3400 5477 ·
3427 5449 3572 5503 δυοῖν
3613 5452 4002 5518 στρατοπέδοιν

2422 5543 2480 5600 ἐς
2538 5542 2716 5610 μάχην
2767 5539 3176 5610 ἀποκριθέντων
3216 5542 3246 5610 ή
3281 5541 3374 5594 τοῦ
3409 5543 3529 5604 ἑνὸς
3581 5543 3832 5596 εὐϐουλία
3867 5543 4001 5609 φθο-

2427 5631 2644 5700 ροπνιιόν
2709 5647 2829 5682 τινα
2888 5630 3104 5698 Θατέρῳ
3156 5633 3383 5699 χορηγεῖ
3437 5632 3538 5700 τὴν
3596 5631 3829 5700 δύναμιν
3871 5633 4000 5700 Bou-

2424 5721 2696 5789 ie-Jopéwp
2741 5721 2922 5781 κακῶς
2958 5722 3051 5771 καὶ
3103 5720 3415 5773 τούναντίον
3460 5720 3634 5783 αὖθις,
3681 5720 3824 5772 οὕτω
3863 5724 3998 5773 κάν-

2426 5812 2622 5868 ταῦθα·
2672 5813 2716 5865 εἰ
2753 5813 2879 5882 πρῖν
2915 5812 3090 5876 καλῶς
3130 5810 3263 5883 ὁμοῦ
3318 5813 3408 5866 καὶ
3451 5814 3683 5876 συνετῶς
3730 5812 4000 5879 ἐπκέφθαι
