  <div class='ocr_page' id='page_1' title='image "/cluster/home/n/w/nwhite01/storage/ocr_20150623/148/nnc1.0046980490/370.png"; bbox 0 0 4248 6442; ppageno 0'>
   <div class='ocr_carea' id='block_1_1' title="bbox 194 417 1102 490">
    <p class='ocr_par' dir='ltr' id='par_1_1' title="bbox 194 417 1102 490">
     <span class='ocr_line' id='line_1_1' title="bbox 194 417 1102 490; baseline -0.019 -6"><span class='ocrx_word' id='word_1_1' title='bbox 194 427 298 487; x_wconf 78' lang='grc' dir='ltr'><strong>ἸΟὸ</strong></span> <span class='ocrx_word' id='word_1_2' title='bbox 450 417 523 488; x_wconf 75' lang='grc' dir='ltr'><strong>[Δ-</strong></span> <span class='ocrx_word' id='word_1_3' title='bbox 568 439 616 472; x_wconf 72' lang='lat' dir='ltr'><strong>ti.</strong></span> <span class='ocrx_word' id='word_1_4' title='bbox 662 419 797 473; x_wconf 53' lang='lat'><strong>1328</strong></span> <span class='ocrx_word' id='word_1_5' title='bbox 841 436 904 473; x_wconf 75' lang='grc' dir='ltr'><strong>Αυ</strong></span> <span class='ocrx_word' id='word_1_6' title='bbox 949 419 1102 490; x_wconf 53' lang='lat' dir='ltr'><strong>iiii]</strong></span> 
     </span>
    </p>
   </div>
   <div class='ocr_carea' id='block_1_2' title="bbox 1255 414 2422 486">
    <p class='ocr_par' dir='ltr' id='par_1_2' title="bbox 1255 414 2422 486">
     <span class='ocr_line' id='line_1_2' title="bbox 1255 414 2422 486; baseline 0.002 -2"><span class='ocrx_word' id='word_1_7' title='bbox 1255 426 1695 486; x_wconf 68' lang='lat' dir='ltr'><strong>BYZANTINE</strong></span> <span class='ocrx_word' id='word_1_8' title='bbox 1735 424 2116 484; x_wconf 56' lang='lat' dir='ltr'><strong>msrome</strong></span> <span class='ocrx_word' id='word_1_9' title='bbox 2159 425 2296 486; x_wconf 63' lang='grc' dir='ltr'>ιλιι.</span> <span class='ocrx_word' id='word_1_10' title='bbox 2345 414 2422 486; x_wconf 68' lang='lat' dir='ltr'><strong>x.‘</strong></span> 
     </span>
    </p>
   </div>
   <div class='ocr_carea' id='block_1_3' title="bbox 3329 412 3436 483">
    <p class='ocr_par' dir='ltr' id='par_1_3' title="bbox 3329 412 3436 483">
     <span class='ocr_line' id='line_1_3' title="bbox 3329 412 3436 483; baseline -0.009 -2"><span class='ocrx_word' id='word_1_11' title='bbox 3329 412 3436 483; x_wconf 67' lang='lat'><strong>106</strong></span> 
     </span>
    </p>
   </div>
   <div class='ocr_carea' id='block_1_4' title="bbox 2529 417 3154 492">
    <p class='ocr_par' dir='ltr' id='par_1_4' title="bbox 2529 417 3154 492">
     <span class='ocr_line' id='line_1_4' title="bbox 2529 417 3154 492; baseline -0.008 -17"><span class='ocrx_word' id='word_1_12' title='bbox 2529 421 2659 492; x_wconf 64' lang='lat' dir='ltr'><strong>[tum</strong></span> <span class='ocrx_word' id='word_1_13' title='bbox 2705 436 2980 474; x_wconf 38' lang='lat' dir='ltr'><strong>axononac.</strong></span> <span class='ocrx_word' id='word_1_14' title='bbox 3008 435 3095 473; x_wconf 64' lang='lat' dir='ltr'><strong>tux</strong></span> <span class='ocrx_word' id='word_1_15' title='bbox 3123 417 3154 488; x_wconf 68' lang='grc' dir='ltr'><strong>Ῑ</strong></span> 
     </span>
    </p>
   </div>
   <div class='ocr_carea' id='block_1_5' title="bbox 191 537 1798 608">
    <p class='ocr_par' dir='ltr' id='par_1_5' title="bbox 191 538 1769 608">
     <span class='ocr_line' id='line_1_5' title="bbox 191 538 1769 608; baseline 0.001 -20"><span class='ocrx_word' id='word_1_16' title='bbox 191 538 327 605; x_wconf 80' lang='grc' dir='ltr'>πρὸς</span> <span class='ocrx_word' id='word_1_17' title='bbox 356 538 624 602; x_wconf 74' lang='grc' dir='ltr'><strong>διαλέξεις</strong></span> <span class='ocrx_word' id='word_1_18' title='bbox 656 540 750 588; x_wconf 81' lang='grc' dir='ltr'>καὶ</span> <span class='ocrx_word' id='word_1_19' title='bbox 771 538 933 606; x_wconf 80' lang='grc' dir='ltr'><strong>ἡμεῖς</strong></span> <span class='ocrx_word' id='word_1_20' title='bbox 961 540 1330 608; x_wconf 71' lang='grc' dir='ltr'>ἁπαντῴημεν</span> <span class='ocrx_word' id='word_1_21' title='bbox 1353 542 1463 592; x_wconf 78' lang='grc' dir='ltr'><strong>τῶν</strong></span> <span class='ocrx_word' id='word_1_22' title='bbox 1487 539 1769 604; x_wconf 75' lang='grc' dir='ltr'><strong>ἐναντίων,</strong></span> 
     </span>
    </p>
   </div>
   <div class='ocr_carea' id='block_1_6' title="bbox 1876 537 3440 608">
    <p class='ocr_par' dir='ltr' id='par_1_6' title="bbox 1879 537 3440 604">
     <span class='ocr_line' id='line_1_6' title="bbox 1879 537 3440 604; baseline 0 -15"><span class='ocrx_word' id='word_1_23' title='bbox 1879 538 2134 592; x_wconf 88' lang='lat' dir='ltr'><strong>tinuisse.</strong></span> <span class='ocrx_word' id='word_1_24' title='bbox 2176 537 2419 592; x_wconf 87' lang='lat' dir='ltr'><strong>Primum</strong></span> <span class='ocrx_word' id='word_1_25' title='bbox 2445 538 2592 590; x_wconf 84' lang='lat' dir='ltr'><strong>enim</strong></span> <span class='ocrx_word' id='word_1_26' title='bbox 2619 553 2681 591; x_wconf 88' lang='lat' dir='ltr'><strong>ca</strong></span> <span class='ocrx_word' id='word_1_27' title='bbox 2712 553 2819 598; x_wconf 81' lang='lat' dir='ltr'><strong>res,</strong></span> <span class='ocrx_word' id='word_1_28' title='bbox 2865 550 2983 604; x_wconf 58' lang='lat' dir='ltr'><strong>qua</strong></span> <span class='ocrx_word' id='word_1_29' title='bbox 3014 550 3188 601; x_wconf 88' lang='lat' dir='ltr'><strong>neque</strong></span> <span class='ocrx_word' id='word_1_30' title='bbox 3222 545 3440 590; x_wconf 69' lang='lat' dir='ltr'><strong>modum</strong></span> 
     </span>
    </p>
   </div>
   <div class='ocr_carea' id='block_1_7' title="bbox 189 628 1770 698">
    <p class='ocr_par' dir='ltr' id='par_1_7' title="bbox 189 628 1770 698">
     <span class='ocr_line' id='line_1_7' title="bbox 189 628 1770 698; baseline 0.002 -17"><span class='ocrx_word' id='word_1_31' title='bbox 189 629 386 694; x_wconf 75' lang='grc' dir='ltr'>ῑψεται</span> <span class='ocrx_word' id='word_1_32' title='bbox 419 630 555 696; x_wconf 70' lang='grc' dir='ltr'>πρὸς</span> <span class='ocrx_word' id='word_1_33' title='bbox 587 628 850 697; x_wconf 77' lang='grc' dir='ltr'><strong>αἰσχύνην</strong></span> <span class='ocrx_word' id='word_1_34' title='bbox 878 629 1046 698; x_wconf 83' lang='grc' dir='ltr'>δρῶσι</span> <span class='ocrx_word' id='word_1_35' title='bbox 1097 631 1333 698; x_wconf 82' lang='grc' dir='ltr'>χρῆσθαι</span> <span class='ocrx_word' id='word_1_36' title='bbox 1378 633 1492 693; x_wconf 87' lang='grc' dir='ltr'>τοῖς</span> <span class='ocrx_word' id='word_1_37' title='bbox 1523 633 1629 683; x_wconf 82' lang='grc' dir='ltr'><strong>τῶν</strong></span> <span class='ocrx_word' id='word_1_38' title='bbox 1669 650 1770 684; x_wconf 87' lang='grc' dir='ltr'>κα-</span> 
     </span>
    </p>
   </div>
   <div class='ocr_carea' id='block_1_8' title="bbox 193 720 1768 791">
    <p class='ocr_par' dir='ltr' id='par_1_8' title="bbox 193 720 1768 791">
     <span class='ocr_line' id='line_1_8' title="bbox 193 720 1768 791; baseline 0.002 -19"><span class='ocrx_word' id='word_1_39' title='bbox 193 720 310 782; x_wconf 83' lang='grc' dir='ltr'><strong>κῶς</strong></span> <span class='ocrx_word' id='word_1_40' title='bbox 361 721 703 785; x_wconf 78' lang='grc' dir='ltr'><strong>δεδογμένων</strong></span> <span class='ocrx_word' id='word_1_41' title='bbox 744 723 967 790; x_wconf 88' lang='grc' dir='ltr'>πέρασι.</span> <span class='ocrx_word' id='word_1_42' title='bbox 1003 723 1107 775; x_wconf 75' lang='grc' dir='ltr'><strong>Καὶ</strong></span> <span class='ocrx_word' id='word_1_43' title='bbox 1159 725 1232 791; x_wconf 87' lang='grc' dir='ltr'>μή</span> <span class='ocrx_word' id='word_1_44' title='bbox 1280 740 1366 791; x_wconf 90' lang='grc' dir='ltr'><strong>μοι</strong></span> <span class='ocrx_word' id='word_1_45' title='bbox 1402 722 1606 790; x_wconf 78' lang='grc' dir='ltr'>λεγέτω</span> <span class='ocrx_word' id='word_1_46' title='bbox 1659 741 1768 788; x_wconf 78' lang='grc' dir='ltr'>τις,</span> 
     </span>
    </p>
   </div>
   <div class='ocr_carea' id='block_1_9' title="bbox 189 811 1771 883">
    <p class='ocr_par' dir='ltr' id='par_1_9' title="bbox 189 811 1771 883">
     <span class='ocr_line' id='line_1_9' title="bbox 189 811 1771 883; baseline 0.002 -20"><span class='ocrx_word' id='word_1_47' title='bbox 189 812 267 874; x_wconf 82' lang='grc' dir='ltr'><strong>ὡς</strong></span> <span class='ocrx_word' id='word_1_48' title='bbox 300 811 492 864; x_wconf 69' lang='grc' dir='ltr'>πολλοὶ</span> <span class='ocrx_word' id='word_1_49' title='bbox 531 813 792 874; x_wconf 74' lang='grc' dir='ltr'><strong>πολλάκις</strong></span> <span class='ocrx_word' id='word_1_50' title='bbox 841 815 1041 881; x_wconf 79' lang='grc' dir='ltr'><strong>ὁρμαῖς</strong></span> <span class='ocrx_word' id='word_1_51' title='bbox 1095 813 1382 883; x_wconf 75' lang='grc' dir='ltr'>ὀξυτέραις</span> <span class='ocrx_word' id='word_1_52' title='bbox 1428 813 1520 865; x_wconf 82' lang='grc' dir='ltr'><strong>τοῦ</strong></span> <span class='ocrx_word' id='word_1_53' title='bbox 1561 814 1771 878; x_wconf 75' lang='grc' dir='ltr'><strong>δέοντος</strong></span> 
     </span>
    </p>
   </div>
   <div class='ocr_carea' id='block_1_10' title="bbox 189 905 1771 975">
    <p class='ocr_par' dir='ltr' id='par_1_10' title="bbox 189 905 1771 975">
     <span class='ocr_line' id='line_1_10' title="bbox 189 905 1771 975; baseline 0.002 -19"><span class='ocrx_word' id='word_1_54' title='bbox 189 905 288 974; x_wconf 79' lang='grc' dir='ltr'><strong>τὴν</strong></span> <span class='ocrx_word' id='word_1_55' title='bbox 341 906 644 975; x_wconf 69' lang='grc' dir='ltr'>ἠγεμονίαν</span> <span class='ocrx_word' id='word_1_56' title='bbox 683 905 785 974; x_wconf 85' lang='grc' dir='ltr'><strong>τῆς</strong></span> <span class='ocrx_word' id='word_1_57' title='bbox 841 905 1086 975; x_wconf 83' lang='grc' dir='ltr'>γλώττης</span> <span class='ocrx_word' id='word_1_58' title='bbox 1140 907 1576 975; x_wconf 74' lang='grc' dir='ltr'><strong>ἐγκεχειρικότες</strong></span> <span class='ocrx_word' id='word_1_59' title='bbox 1616 907 1771 974; x_wconf 81' lang='grc' dir='ltr'><strong>νίκης</strong></span> 
     </span>
    </p>
   </div>
   <div class='ocr_carea' id='block_1_11' title="bbox 190 997 1771 1068">
    <p class='ocr_par' dir='ltr' id='par_1_11' title="bbox 190 997 1771 1068">
     <span class='ocr_line' id='line_1_11' title="bbox 190 997 1771 1068; baseline 0.001 -19"><span class='ocrx_word' id='word_1_60' title='bbox 190 1001 287 1051; x_wconf 77' lang='grc' dir='ltr'>καὶ</span> <span class='ocrx_word' id='word_1_61' title='bbox 341 997 622 1068; x_wconf 76' lang='grc' dir='ltr'><strong>τροπαίων</strong></span> <span class='ocrx_word' id='word_1_62' title='bbox 657 998 987 1066; x_wconf 78' lang='grc' dir='ltr'><strong>κληρονόμοι</strong></span> <span class='ocrx_word' id='word_1_63' title='bbox 1040 1000 1386 1068; x_wconf 88' lang='grc' dir='ltr'>γεγένηνται.</span> <span class='ocrx_word' id='word_1_64' title='bbox 1420 999 1643 1065; x_wconf 84' lang='grc' dir='ltr'>Πρῶτον</span> <span class='ocrx_word' id='word_1_65' title='bbox 1674 1000 1771 1066; x_wconf 84' lang='grc' dir='ltr'>μὲν</span> 
     </span>
    </p>
   </div>
   <div class='ocr_carea' id='block_1_12' title="bbox 189 1089 1771 1159">
    <p class='ocr_par' dir='ltr' id='par_1_12' title="bbox 189 1089 1771 1159">
     <span class='ocr_line' id='line_1_12' title="bbox 189 1089 1771 1159; baseline -0.001 -19"><span class='ocrx_word' id='word_1_66' title='bbox 189 1089 301 1157; x_wconf 80' lang='grc' dir='ltr'><strong>γὰρ</strong></span> <span class='ocrx_word' id='word_1_67' title='bbox 323 1091 384 1140; x_wconf 75' lang='grc' dir='ltr'>οὖ</span> <span class='ocrx_word' id='word_1_68' title='bbox 417 1093 615 1141; x_wconf 81' lang='grc' dir='ltr'><strong>κανόνα</strong></span> <span class='ocrx_word' id='word_1_69' title='bbox 639 1089 731 1140; x_wconf 81' lang='grc' dir='ltr'><strong>καὶ</strong></span> <span class='ocrx_word' id='word_1_70' title='bbox 756 1089 1005 1159; x_wconf 83' lang='grc' dir='ltr'>στάθμην</span> <span class='ocrx_word' id='word_1_71' title='bbox 1033 1090 1291 1158; x_wconf 79' lang='grc' dir='ltr'><strong>εὐνομίας</strong></span> <span class='ocrx_word' id='word_1_72' title='bbox 1320 1090 1570 1159; x_wconf 73' lang='grc' dir='ltr'>ἡγεῖσθαι</span> <span class='ocrx_word' id='word_1_73' title='bbox 1596 1090 1771 1158; x_wconf 80' lang='grc' dir='ltr'>χρεὼν</span> 
     </span>
    </p>
   </div>
   <div class='ocr_carea' id='block_1_13' title="bbox 189 1176 1772 1245">
    <p class='ocr_par' dir='ltr' id='par_1_13' title="bbox 189 1176 1772 1245">
     <span class='ocr_line' id='line_1_13' title="bbox 189 1176 1772 1245; baseline -0.001 -15"><span class='ocrx_word' id='word_1_74' title='bbox 189 1177 545 1244; x_wconf 81' lang='grc' dir='ltr'>ἀστάθμητον</span> <span class='ocrx_word' id='word_1_75' title='bbox 580 1179 813 1245; x_wconf 81' lang='grc' dir='ltr'>πρᾶγμα</span> <span class='ocrx_word' id='word_1_76' title='bbox 833 1192 848 1207; x_wconf 83' lang='grc'><strong><em>⁸</em></strong></span> <span class='ocrx_word' id='word_1_77' title='bbox 874 1176 1066 1229; x_wconf 65' lang='grc' dir='ltr'>ἔπειτα</span> <span class='ocrx_word' id='word_1_78' title='bbox 1095 1177 1212 1229; x_wconf 81' lang='grc' dir='ltr'><strong>οὐδέ</strong></span> <span class='ocrx_word' id='word_1_79' title='bbox 1241 1177 1338 1245; x_wconf 80' lang='grc' dir='ltr'>τὴν</span> <span class='ocrx_word' id='word_1_80' title='bbox 1357 1177 1772 1245; x_wconf 71' lang='grc' dir='ltr'><strong>ἀπερίσκεπτον</strong></span> 
     </span>
    </p>
   </div>
   <div class='ocr_carea' id='block_1_14' title="bbox 191 1267 1772 1338">
    <p class='ocr_par' dir='ltr' id='par_1_14' title="bbox 191 1267 1772 1338">
     <span class='ocr_line' id='line_1_14' title="bbox 191 1267 1772 1338; baseline 0.002 -19"><span class='ocrx_word' id='word_1_81' title='bbox 191 1269 354 1336; x_wconf 71' lang='grc' dir='ltr'>ἴσμεν</span> <span class='ocrx_word' id='word_1_82' title='bbox 413 1269 588 1338; x_wconf 79' lang='grc' dir='ltr'>ὁρμὴν</span> <span class='ocrx_word' id='word_1_83' title='bbox 643 1267 857 1320; x_wconf 78' lang='grc' dir='ltr'>οίκοθεν</span> <span class='ocrx_word' id='word_1_84' title='bbox 897 1269 1170 1338; x_wconf 72' lang='grc' dir='ltr'>φέρουσαν</span> <span class='ocrx_word' id='word_1_85' title='bbox 1203 1285 1332 1323; x_wconf 78' lang='grc' dir='ltr'>ποτε</span> <span class='ocrx_word' id='word_1_86' title='bbox 1363 1271 1431 1322; x_wconf 78' lang='grc' dir='ltr'><strong>τὰ</strong></span> <span class='ocrx_word' id='word_1_87' title='bbox 1478 1271 1575 1338; x_wconf 82' lang='grc' dir='ltr'><strong>τῆς</strong></span> <span class='ocrx_word' id='word_1_88' title='bbox 1615 1270 1772 1337; x_wconf 80' lang='grc' dir='ltr'>νίκης</span> 
     </span>
    </p>
   </div>
   <div class='ocr_carea' id='block_1_15' title="bbox 141 1357 1771 1428">
    <p class='ocr_par' dir='ltr' id='par_1_15' title="bbox 141 1357 1771 1428">
     <span class='ocr_line' id='line_1_15' title="bbox 141 1357 1771 1428; baseline 0.001 -20"><span class='ocrx_word' id='word_1_89' title='bbox 141 1357 144 1360; x_wconf 73' lang='grc'><strong>’</strong></span> <span class='ocrx_word' id='word_1_90' title='bbox 189 1359 380 1423; x_wconf 64' lang='grc' dir='ltr'>ἐφόδια</span> <span class='ocrx_word' id='word_1_91' title='bbox 403 1373 418 1387; x_wconf 77' lang='grc'><strong>⁸</strong></span> <span class='ocrx_word' id='word_1_92' title='bbox 458 1359 596 1410; x_wconf 81' lang='grc' dir='ltr'>ἀλλὰ</span> <span class='ocrx_word' id='word_1_93' title='bbox 627 1357 726 1427; x_wconf 82' lang='grc' dir='ltr'>τῆς</span> <span class='ocrx_word' id='word_1_94' title='bbox 749 1358 856 1409; x_wconf 83' lang='grc' dir='ltr'>τῶν</span> <span class='ocrx_word' id='word_1_95' title='bbox 901 1360 1493 1428; x_wconf 66' lang='grc' dir='ltr'>ἀντιπαραταξαμένων</span> <span class='ocrx_word' id='word_1_96' title='bbox 1528 1358 1771 1428; x_wconf 76' lang='grc' dir='ltr'>μείζονος</span> 
     </span>
    </p>
   </div>
   <div class='ocr_carea' id='block_1_16' title="bbox 191 1449 1773 1522">
    <p class='ocr_par' dir='ltr' id='par_1_16' title="bbox 191 1449 1773 1522">
     <span class='ocr_line' id='line_1_16' title="bbox 191 1449 1773 1522; baseline 0 -20"><span class='ocrx_word' id='word_1_97' title='bbox 191 1449 556 1511; x_wconf 75' lang='grc' dir='ltr'>κακοϐουλίας</span> <span class='ocrx_word' id='word_1_98' title='bbox 587 1449 719 1518; x_wconf 81' lang='grc' dir='ltr'>ὓλην</span> <span class='ocrx_word' id='word_1_99' title='bbox 745 1450 1059 1519; x_wconf 85' lang='grc' dir='ltr'>παράδοξον</span> <span class='ocrx_word' id='word_1_100' title='bbox 1093 1452 1482 1522; x_wconf 77' lang='grc' dir='ltr'>χορηγησάσης</span> <span class='ocrx_word' id='word_1_101' title='bbox 1508 1450 1773 1513; x_wconf 78' lang='grc' dir='ltr'>πολλάκις</span> 
     </span>
    </p>
   </div>
   <div class='ocr_carea' id='block_1_17' title="bbox 189 1541 1772 1618">
    <p class='ocr_par' dir='ltr' id='par_1_17' title="bbox 189 1541 1772 1618">
     <span class='ocr_line' id='line_1_17' title="bbox 189 1541 1772 1618; baseline 0 -24"><span class='ocrx_word' id='word_1_102' title='bbox 189 1543 250 1605; x_wconf 87' lang='grc' dir='ltr'><strong>ἐς</strong></span> <span class='ocrx_word' id='word_1_103' title='bbox 301 1541 374 1618; x_wconf 11' lang='grc' dir='ltr'><strong>»τὺ</strong></span> <span class='ocrx_word' id='word_1_104' title='bbox 431 1541 732 1610; x_wconf 82' lang='grc' dir='ltr'>κοτορθούν</span> <span class='ocrx_word' id='word_1_105' title='bbox 771 1546 837 1610; x_wconf 82' lang='grc' dir='ltr'><strong>τῇ</strong></span> <span class='ocrx_word' id='word_1_106' title='bbox 880 1543 1297 1612; x_wconf 81' lang='grc' dir='ltr'>ἀντιστρατήγῳ</span> <span class='ocrx_word' id='word_1_107' title='bbox 1337 1543 1663 1611; x_wconf 77' lang='grc' dir='ltr'>Θρασύτητι,</span> <span class='ocrx_word' id='word_1_108' title='bbox 1715 1544 1772 1605; x_wconf 81' lang='grc' dir='ltr'><strong>ἐς</strong></span> 
     </span>
    </p>
   </div>
   <div class='ocr_carea' id='block_1_18' title="bbox 189 1633 1772 1704">
    <p class='ocr_par' dir='ltr' id='par_1_18' title="bbox 189 1633 1772 1704">
     <span class='ocr_line' id='line_1_18' title="bbox 189 1633 1772 1704; baseline 0.001 -18"><span class='ocrx_word' id='word_1_109' title='bbox 189 1633 292 1703; x_wconf 81' lang='grc' dir='ltr'><strong>τὴν</strong></span> <span class='ocrx_word' id='word_1_110' title='bbox 331 1633 427 1685; x_wconf 84' lang='grc' dir='ltr'>τοῦ</span> <span class='ocrx_word' id='word_1_111' title='bbox 457 1633 729 1701; x_wconf 89' lang='grc' dir='ltr'>βελτίονος</span> <span class='ocrx_word' id='word_1_112' title='bbox 768 1637 962 1704; x_wconf 89' lang='grc' dir='ltr'>μοῖραν</span> <span class='ocrx_word' id='word_1_113' title='bbox 990 1634 1360 1704; x_wconf 83' lang='grc' dir='ltr'>άπενηνέχθαι</span> <span class='ocrx_word' id='word_1_114' title='bbox 1387 1634 1533 1699; x_wconf 74' lang='grc' dir='ltr'>εδοξε</span> <span class='ocrx_word' id='word_1_115' title='bbox 1572 1636 1664 1686; x_wconf 75' lang='grc' dir='ltr'>καὶ</span> <span class='ocrx_word' id='word_1_116' title='bbox 1703 1635 1772 1687; x_wconf 71' lang='grc' dir='ltr'><strong>τὰ</strong></span> 
     </span>
    </p>
   </div>
   <div class='ocr_carea' id='block_1_19' title="bbox 191 1725 1775 1795">
    <p class='ocr_par' dir='ltr' id='par_1_19' title="bbox 191 1725 1775 1795">
     <span class='ocr_line' id='line_1_19' title="bbox 191 1725 1775 1795; baseline 0 -17"><span class='ocrx_word' id='word_1_117' title='bbox 191 1726 377 1793; x_wconf 80' lang='grc' dir='ltr'>φαῦλα</span> <span class='ocrx_word' id='word_1_118' title='bbox 402 1742 418 1757; x_wconf 78' lang='grc' dir='ltr'><strong>ο</strong></span> <span class='ocrx_word' id='word_1_119' title='bbox 455 1726 641 1795; x_wconf 80' lang='grc' dir='ltr'>ὥσπερ</span> <span class='ocrx_word' id='word_1_120' title='bbox 687 1725 754 1779; x_wconf 83' lang='grc' dir='ltr'>αὖ</span> <span class='ocrx_word' id='word_1_121' title='bbox 786 1727 1048 1790; x_wconf 81' lang='grc' dir='ltr'>πολλάκις</span> <span class='ocrx_word' id='word_1_122' title='bbox 1078 1728 1138 1779; x_wconf 78' lang='grc' dir='ltr'><strong>τὸ</strong></span> <span class='ocrx_word' id='word_1_123' title='bbox 1163 1729 1270 1779; x_wconf 83' lang='grc' dir='ltr'>τῶν</span> <span class='ocrx_word' id='word_1_124' title='bbox 1309 1728 1622 1781; x_wconf 81' lang='grc' dir='ltr'>ἀντιπάλων</span> <span class='ocrx_word' id='word_1_125' title='bbox 1650 1744 1775 1779; x_wconf 90' lang='grc' dir='ltr'>συν-</span> 
     </span>
    </p>
   </div>
   <div class='ocr_carea' id='block_1_20' title="bbox 194 1816 1769 1889">
    <p class='ocr_par' dir='ltr' id='par_1_20' title="bbox 194 1816 1769 1889">
     <span class='ocr_line' id='line_1_20' title="bbox 194 1816 1769 1889; baseline 0.001 -20"><span class='ocrx_word' id='word_1_126' title='bbox 194 1818 461 1886; x_wconf 85' lang='grc' dir='ltr'>ετώτερον</span> <span class='ocrx_word' id='word_1_127' title='bbox 486 1816 568 1887; x_wconf 87' lang='grc' dir='ltr'><strong>[Ρ.</strong></span> <span class='ocrx_word' id='word_1_128' title='bbox 602 1816 727 1887; x_wconf 74' lang='grc'><strong>511]</strong></span> <span class='ocrx_word' id='word_1_129' title='bbox 753 1817 1026 1886; x_wconf 75' lang='grc' dir='ltr'>βούλευμα</span> <span class='ocrx_word' id='word_1_130' title='bbox 1057 1818 1338 1889; x_wconf 76' lang='grc' dir='ltr'>παρήλασε</span> <span class='ocrx_word' id='word_1_131' title='bbox 1379 1819 1473 1872; x_wconf 77' lang='grc' dir='ltr'>καὶ</span> <span class='ocrx_word' id='word_1_132' title='bbox 1507 1821 1631 1882; x_wconf 83' lang='grc' dir='ltr'>τοὺς</span> <span class='ocrx_word' id='word_1_133' title='bbox 1674 1820 1769 1889; x_wconf 81' lang='grc' dir='ltr'><strong>ὀρο</strong></span> 
     </span>
    </p>
   </div>
   <div class='ocr_carea' id='block_1_21' title="bbox 196 1910 1773 1983">
    <p class='ocr_par' dir='ltr' id='par_1_21' title="bbox 196 1910 1773 1983">
     <span class='ocr_line' id='line_1_21' title="bbox 196 1910 1773 1983; baseline 0.002 -20"><span class='ocrx_word' id='word_1_134' title='bbox 196 1910 305 1972; x_wconf 83' lang='grc' dir='ltr'>θῶς</span> <span class='ocrx_word' id='word_1_135' title='bbox 355 1910 736 1978; x_wconf 75' lang='grc' dir='ltr'>βεϐουλεῦσθαι</span> <span class='ocrx_word' id='word_1_136' title='bbox 787 1911 1062 1974; x_wconf 82' lang='grc' dir='ltr'>δόξαντας.</span> <span class='ocrx_word' id='word_1_137' title='bbox 1107 1913 1327 1983; x_wconf 79' lang='grc' dir='ltr'>Ἀδήλου</span> <span class='ocrx_word' id='word_1_138' title='bbox 1359 1915 1466 1982; x_wconf 75' lang='grc' dir='ltr'>γὰρ</span> <span class='ocrx_word' id='word_1_139' title='bbox 1489 1913 1642 1975; x_wconf 76' lang='grc' dir='ltr'>ὄντος</span> <span class='ocrx_word' id='word_1_140' title='bbox 1678 1911 1773 1966; x_wconf 79' lang='grc' dir='ltr'>τοῦ</span> 
     </span>
    </p>
   </div>
   <div class='ocr_carea' id='block_1_22' title="bbox 201 2001 1769 2074">
    <p class='ocr_par' dir='ltr' id='par_1_22' title="bbox 201 2001 1769 2074">
     <span class='ocr_line' id='line_1_22' title="bbox 201 2001 1769 2074; baseline 0.003 -22"><span class='ocrx_word' id='word_1_141' title='bbox 201 2001 488 2069; x_wconf 75' lang='grc' dir='ltr'>μέλλοντος</span> <span class='ocrx_word' id='word_1_142' title='bbox 545 2005 780 2074; x_wconf 84' lang='grc' dir='ltr'>ἐγχωρεῖ</span> <span class='ocrx_word' id='word_1_143' title='bbox 806 2006 900 2056; x_wconf 77' lang='grc' dir='ltr'>καὶ</span> <span class='ocrx_word' id='word_1_144' title='bbox 931 2003 1159 2057; x_wconf 78' lang='grc' dir='ltr'>τοιαῦτα</span> <span class='ocrx_word' id='word_1_145' title='bbox 1213 2005 1532 2073; x_wconf 78' lang='grc' dir='ltr'>συμδαίνειν</span> <span class='ocrx_word' id='word_1_146' title='bbox 1579 2005 1769 2059; x_wconf 81' lang='grc' dir='ltr'>ἐνίοτε.</span> 
     </span>
    </p>
   </div>
   <div class='ocr_carea' id='block_1_23' title="bbox 125 2090 1774 2165">
    <p class='ocr_par' dir='ltr' id='par_1_23' title="bbox 125 2090 1774 2165">
     <span class='ocr_line' id='line_1_23' title="bbox 125 2090 1774 2165; baseline 0.004 -23"><span class='ocrx_word' id='word_1_147' title='bbox 125 2149 132 2153; x_wconf 96' lang='lat'><em>_</em></span> <span class='ocrx_word' id='word_1_148' title='bbox 212 2090 356 2143; x_wconf 81' lang='grc' dir='ltr'>Ἀλλ’</span> <span class='ocrx_word' id='word_1_149' title='bbox 375 2093 508 2160; x_wconf 84' lang='grc' dir='ltr'>ήμῖν</span> <span class='ocrx_word' id='word_1_150' title='bbox 543 2110 604 2159; x_wconf 91' lang='grc' dir='ltr'><strong>γε</strong></span> <span class='ocrx_word' id='word_1_151' title='bbox 635 2093 696 2144; x_wconf 90' lang='grc' dir='ltr'><strong>οὐ</strong></span> <span class='ocrx_word' id='word_1_152' title='bbox 721 2093 883 2162; x_wconf 89' lang='grc' dir='ltr'>νόμον</span> <span class='ocrx_word' id='word_1_153' title='bbox 906 2092 1175 2146; x_wconf 79' lang='grc' dir='ltr'>ποιεῖσθαι</span> <span class='ocrx_word' id='word_1_154' title='bbox 1199 2095 1368 2165; x_wconf 85' lang='grc' dir='ltr'>δήπου</span> <span class='ocrx_word' id='word_1_155' title='bbox 1390 2094 1564 2165; x_wconf 85' lang='grc' dir='ltr'>χρεὼν</span> <span class='ocrx_word' id='word_1_156' title='bbox 1597 2111 1774 2165; x_wconf 86' lang='grc' dir='ltr'>παρα-</span> 
     </span>
    </p>
   </div>
   <div class='ocr_carea' id='block_1_24' title="bbox 201 2181 1770 2256">
    <p class='ocr_par' dir='ltr' id='par_1_24' title="bbox 201 2181 1770 2256">
     <span class='ocr_line' id='line_1_24' title="bbox 201 2181 1770 2256; baseline 0.004 -24"><span class='ocrx_word' id='word_1_157' title='bbox 201 2181 384 2249; x_wconf 74' lang='grc' dir='ltr'>λόγων</span> <span class='ocrx_word' id='word_1_158' title='bbox 413 2184 859 2254; x_wconf 84' lang='grc' dir='ltr'>κατορθωμάτων</span> <span class='ocrx_word' id='word_1_159' title='bbox 895 2185 1196 2254; x_wconf 87' lang='grc' dir='ltr'>κατάλογον</span> <span class='ocrx_word' id='word_1_160' title='bbox 1216 2202 1229 2216; x_wconf 77' lang='grc'><strong><em>⁸</em></strong></span> <span class='ocrx_word' id='word_1_161' title='bbox 1250 2187 1344 2238; x_wconf 71' lang='grc' dir='ltr'>καὶ</span> <span class='ocrx_word' id='word_1_162' title='bbox 1380 2185 1616 2256; x_wconf 89' lang='grc' dir='ltr'>μάλιστα</span> <span class='ocrx_word' id='word_1_163' title='bbox 1656 2186 1770 2249; x_wconf 85' lang='grc' dir='ltr'>νῦν,</span> 
     </span>
    </p>
   </div>
   <div class='ocr_carea' id='block_1_25' title="bbox 194 2274 1776 2347">
    <p class='ocr_par' dir='ltr' id='par_1_25' title="bbox 194 2274 1776 2347">
     <span class='ocr_line' id='line_1_25' title="bbox 194 2274 1776 2347; baseline 0.003 -21"><span class='ocrx_word' id='word_1_164' title='bbox 194 2274 360 2327; x_wconf 81' lang='grc' dir='ltr'>ὁπότε</span> <span class='ocrx_word' id='word_1_165' title='bbox 389 2276 515 2342; x_wconf 83' lang='grc' dir='ltr'>περὶ</span> <span class='ocrx_word' id='word_1_166' title='bbox 537 2274 630 2327; x_wconf 84' lang='grc' dir='ltr'>τοῦ</span> <span class='ocrx_word' id='word_1_167' title='bbox 651 2276 748 2345; x_wconf 77' lang='grc' dir='ltr'>τῆς</span> <span class='ocrx_word' id='word_1_168' title='bbox 772 2276 1051 2339; x_wconf 75' lang='grc' dir='ltr'>εὐσεϐείας</span> <span class='ocrx_word' id='word_1_169' title='bbox 1076 2277 1312 2347; x_wconf 85' lang='grc' dir='ltr'>κράτους</span> <span class='ocrx_word' id='word_1_170' title='bbox 1332 2277 1398 2331; x_wconf 77' lang='grc' dir='ltr'><strong>τὰ</strong></span> <span class='ocrx_word' id='word_1_171' title='bbox 1417 2277 1776 2347; x_wconf 78' lang='grc' dir='ltr'>παλαίσματα</span> 
     </span>
    </p>
   </div>
   <div class='ocr_carea' id='block_1_26' title="bbox 194 2366 1770 2440">
    <p class='ocr_par' dir='ltr' id='par_1_26' title="bbox 194 2366 1770 2440">
     <span class='ocr_line' id='line_1_26' title="bbox 194 2366 1770 2440; baseline 0.004 -23"><span class='ocrx_word' id='word_1_172' title='bbox 194 2366 685 2420; x_wconf 85' lang='grc' dir='ltr'>διακινδυνεύεται.</span> <span class='ocrx_word' id='word_1_173' title='bbox 734 2368 953 2422; x_wconf 86' lang='grc' dir='ltr'>Τούτων</span> <span class='ocrx_word' id='word_1_174' title='bbox 985 2369 1092 2439; x_wconf 79' lang='grc' dir='ltr'>γὰρ</span> <span class='ocrx_word' id='word_1_175' title='bbox 1141 2371 1322 2422; x_wconf 78' lang='grc' dir='ltr'>εἵνεκα</span> <span class='ocrx_word' id='word_1_176' title='bbox 1375 2368 1770 2440; x_wconf 68' lang='grc' dir='ltr'>παρελήλυθαθ</span> 
     </span>
    </p>
   </div>
   <div class='ocr_carea' id='block_1_27' title="bbox 201 2457 1777 2534">
    <p class='ocr_par' dir='ltr' id='par_1_27' title="bbox 201 2457 1777 2534">
     <span class='ocr_line' id='line_1_27' title="bbox 201 2457 1777 2534; baseline 0.003 -25"><span class='ocrx_word' id='word_1_177' title='bbox 201 2457 629 2526; x_wconf 82' lang='grc' dir='ltr'>συμϐουλεύσων</span> <span class='ocrx_word' id='word_1_178' title='bbox 663 2459 698 2512; x_wconf 79' lang='grc' dir='ltr'>ἃ.</span> <span class='ocrx_word' id='word_1_179' title='bbox 724 2461 994 2530; x_wconf 80' lang='grc' dir='ltr'>συμφέρει</span> <span class='ocrx_word' id='word_1_180' title='bbox 1030 2461 1255 2530; x_wconf 76' lang='grc' dir='ltr'>ἐνόμισα</span> <span class='ocrx_word' id='word_1_181' title='bbox 1301 2462 1396 2514; x_wconf 71' lang='grc' dir='ltr'>καὶ</span> <span class='ocrx_word' id='word_1_182' title='bbox 1427 2464 1491 2532; x_wconf 79' lang='grc' dir='ltr'>τῇ</span> <span class='ocrx_word' id='word_1_183' title='bbox 1524 2461 1777 2534; x_wconf 80' lang='grc' dir='ltr'>παρούσῃ</span> 
     </span>
    </p>
   </div>
   <div class='ocr_carea' id='block_1_28' title="bbox 198 2547 1774 2618">
    <p class='ocr_par' dir='ltr' id='par_1_28' title="bbox 198 2547 1774 2618">
     <span class='ocr_line' id='line_1_28' title="bbox 198 2547 1774 2618; baseline 0.004 -21"><span class='ocrx_word' id='word_1_184' title='bbox 198 2548 358 2617; x_wconf 76' lang='grc' dir='ltr'>χρείᾳ</span> <span class='ocrx_word' id='word_1_185' title='bbox 393 2548 518 2599; x_wconf 80' lang='grc' dir='ltr'>ὅσον</span> <span class='ocrx_word' id='word_1_186' title='bbox 563 2547 743 2611; x_wconf 70' lang='grc' dir='ltr'>ἔξεστι</span> <span class='ocrx_word' id='word_1_187' title='bbox 791 2549 885 2601; x_wconf 71' lang='grc' dir='ltr'>καὶ</span> <span class='ocrx_word' id='word_1_188' title='bbox 917 2549 1078 2612; x_wconf 79' lang='grc' dir='ltr'>αὐτὸς</span> <span class='ocrx_word' id='word_1_189' title='bbox 1129 2552 1585 2618; x_wconf 83' lang='grc' dir='ltr'>συνεισενεγκεῖν.</span> <span class='ocrx_word' id='word_1_190' title='bbox 1629 2552 1691 2604; x_wconf 83' lang='lat' dir='ltr'><strong>Ei</strong></span> <span class='ocrx_word' id='word_1_191' title='bbox 1730 2551 1774 2603; x_wconf 80' lang='grc' dir='ltr'>δ’</span> 
     </span>
    </p>
   </div>
   <div class='ocr_carea' id='block_1_29' title="bbox 193 2635 1776 2710">
    <p class='ocr_par' dir='ltr' id='par_1_29' title="bbox 193 2635 1776 2710">
     <span class='ocr_line' id='line_1_29' title="bbox 193 2635 1776 2710; baseline 0.004 -24"><span class='ocrx_word' id='word_1_192' title='bbox 193 2635 424 2705; x_wconf 74' lang='grc' dir='ltr'>ὀροὼςῆ</span> <span class='ocrx_word' id='word_1_193' title='bbox 459 2635 558 2705; x_wconf 80' lang='grc' dir='ltr'>μὴ,</span> <span class='ocrx_word' id='word_1_194' title='bbox 594 2638 818 2689; x_wconf 79' lang='grc' dir='ltr'>σκοπεῖν</span> <span class='ocrx_word' id='word_1_195' title='bbox 851 2636 1119 2692; x_wconf 84' lang='grc' dir='ltr'>λείπεται.</span> <span class='ocrx_word' id='word_1_196' title='bbox 1152 2637 1286 2690; x_wconf 85' lang='grc' dir='ltr'>Οὐδέ</span> <span class='ocrx_word' id='word_1_197' title='bbox 1332 2639 1440 2707; x_wconf 85' lang='grc' dir='ltr'>γὰρ</span> <span class='ocrx_word' id='word_1_198' title='bbox 1479 2639 1776 2710; x_wconf 76' lang='grc' dir='ltr'>νομοθετή-</span> 
     </span>
    </p>
   </div>
   <div class='ocr_carea' id='block_1_30' title="bbox 197 2723 1777 2796">
    <p class='ocr_par' dir='ltr' id='par_1_30' title="bbox 197 2723 1777 2796">
     <span class='ocr_line' id='line_1_30' title="bbox 197 2723 1777 2796; baseline 0.004 -22"><span class='ocrx_word' id='word_1_199' title='bbox 197 2741 384 2786; x_wconf 89' lang='grc' dir='ltr'>οοντες</span> <span class='ocrx_word' id='word_1_200' title='bbox 407 2725 637 2793; x_wconf 75' lang='grc' dir='ltr'>ἥκομεν,</span> <span class='ocrx_word' id='word_1_201' title='bbox 671 2723 782 2777; x_wconf 82' lang='grc' dir='ltr'>οὐδ’</span> <span class='ocrx_word' id='word_1_202' title='bbox 813 2726 1205 2792; x_wconf 76' lang='grc' dir='ltr'>άποφαντικῶς</span> <span class='ocrx_word' id='word_1_203' title='bbox 1229 2728 1297 2780; x_wconf 72' lang='grc' dir='ltr'>τά</span> <span class='ocrx_word' id='word_1_204' title='bbox 1325 2727 1570 2796; x_wconf 75' lang='grc' dir='ltr'>ἡμέτερα</span> <span class='ocrx_word' id='word_1_205' title='bbox 1601 2727 1777 2792; x_wconf 82' lang='grc' dir='ltr'>λέξειν</span> 
     </span>
    </p>
   </div>
   <div class='ocr_carea' id='block_1_31' title="bbox 195 2809 1778 2884">
    <p class='ocr_par' dir='ltr' id='par_1_31' title="bbox 195 2809 1778 2884">
     <span class='ocr_line' id='line_1_31' title="bbox 195 2809 1778 2884; baseline 0.006 -24"><span class='ocrx_word' id='word_1_206' title='bbox 195 2809 462 2879; x_wconf 86' lang='grc' dir='ltr'>δόγματα.</span> <span class='ocrx_word' id='word_1_207' title='bbox 507 2811 649 2863; x_wconf 84' lang='grc' dir='ltr'>Ἀλλ’</span> <span class='ocrx_word' id='word_1_208' title='bbox 687 2811 885 2880; x_wconf 75' lang='grc' dir='ltr'>ὥσπερ</span> <span class='ocrx_word' id='word_1_209' title='bbox 917 2813 1086 2866; x_wconf 82' lang='grc' dir='ltr'>πάλαι</span> <span class='ocrx_word' id='word_1_210' title='bbox 1119 2817 1241 2876; x_wconf 83' lang='grc' dir='ltr'>ταῖς</span> <span class='ocrx_word' id='word_1_211' title='bbox 1279 2816 1778 2884; x_wconf 78' lang='grc' dir='ltr'>ἀριστοκρατουμέ-</span> 
     </span>
    </p>
   </div>
   <div class='ocr_carea' id='block_1_32' title="bbox 199 2904 1774 2978">
    <p class='ocr_par' dir='ltr' id='par_1_32' title="bbox 199 2904 1774 2978">
     <span class='ocr_line' id='line_1_32' title="bbox 199 2904 1774 2978; baseline 0.005 -24"><span class='ocrx_word' id='word_1_212' title='bbox 199 2918 316 2965; x_wconf 83' lang='grc' dir='ltr'>ναις</span> <span class='ocrx_word' id='word_1_213' title='bbox 350 2904 601 2970; x_wconf 74' lang='grc' dir='ltr'>ἐγίγνετο</span> <span class='ocrx_word' id='word_1_214' title='bbox 636 2904 876 2966; x_wconf 78' lang='grc' dir='ltr'>πόλεσιν,</span> <span class='ocrx_word' id='word_1_215' title='bbox 917 2905 1062 2958; x_wconf 78' lang='grc' dir='ltr'>οὕτω</span> <span class='ocrx_word' id='word_1_216' title='bbox 1092 2908 1186 2958; x_wconf 75' lang='grc' dir='ltr'>καὶ</span> <span class='ocrx_word' id='word_1_217' title='bbox 1213 2909 1346 2976; x_wconf 79' lang='grc' dir='ltr'>ἡμῖν</span> <span class='ocrx_word' id='word_1_218' title='bbox 1386 2909 1581 2977; x_wconf 82' lang='grc' dir='ltr'>ἐράνου</span> <span class='ocrx_word' id='word_1_219' title='bbox 1614 2909 1774 2978; x_wconf 86' lang='grc' dir='ltr'>δίκην</span> 
     </span>
    </p>
   </div>
   <div class='ocr_carea' id='block_1_33' title="bbox 199 2994 1775 3068">
    <p class='ocr_par' dir='ltr' id='par_1_33' title="bbox 199 2994 1775 3068">
     <span class='ocr_line' id='line_1_33' title="bbox 199 2994 1775 3068; baseline 0.003 -21"><span class='ocrx_word' id='word_1_220' title='bbox 199 2994 270 3048; x_wconf 85' lang='grc' dir='ltr'>τὰ</span> <span class='ocrx_word' id='word_1_221' title='bbox 297 2997 365 3064; x_wconf 77' lang='grc' dir='ltr'>τῇ</span> <span class='ocrx_word' id='word_1_222' title='bbox 396 2995 607 3064; x_wconf 75' lang='grc' dir='ltr'>διανοίᾳ</span> <span class='ocrx_word' id='word_1_223' title='bbox 637 2996 773 3064; x_wconf 83' lang='grc' dir='ltr'>πρὸς</span> <span class='ocrx_word' id='word_1_224' title='bbox 801 2997 863 3049; x_wconf 78' lang='grc' dir='ltr'><strong>τὸ</strong></span> <span class='ocrx_word' id='word_1_225' title='bbox 899 2997 1072 3067; x_wconf 79' lang='grc' dir='ltr'>παρὸν</span> <span class='ocrx_word' id='word_1_226' title='bbox 1101 2998 1455 3068; x_wconf 77' lang='grc' dir='ltr'>ἐπιτρέχοντα</span> <span class='ocrx_word' id='word_1_227' title='bbox 1487 3000 1775 3067; x_wconf 82' lang='grc' dir='ltr'>συνεισφέ-</span> 
     </span>
    </p>
   </div>
   <div class='ocr_carea' id='block_1_34' title="bbox 203 3086 1777 3161">
    <p class='ocr_par' dir='ltr' id='par_1_34' title="bbox 203 3086 1777 3161">
     <span class='ocr_line' id='line_1_34' title="bbox 203 3086 1777 3161; baseline 0.003 -22"><span class='ocrx_word' id='word_1_228' title='bbox 203 3104 315 3156; x_wconf 85' lang='grc' dir='ltr'>ρειν</span> <span class='ocrx_word' id='word_1_229' title='bbox 347 3086 494 3151; x_wconf 72' lang='grc' dir='ltr'>εδοξε</span> <span class='ocrx_word' id='word_1_230' title='bbox 528 3086 756 3140; x_wconf 86' lang='grc' dir='ltr'>δίκαιον.</span> <span class='ocrx_word' id='word_1_231' title='bbox 788 3090 854 3141; x_wconf 78' lang='grc' dir='ltr'><strong>Ἀ</strong></span> <span class='ocrx_word' id='word_1_232' title='bbox 896 3091 1076 3143; x_wconf 86' lang='grc' dir='ltr'>τοίνυν</span> <span class='ocrx_word' id='word_1_233' title='bbox 1106 3089 1284 3158; x_wconf 85' lang='grc' dir='ltr'>λέγειν</span> <span class='ocrx_word' id='word_1_234' title='bbox 1333 3091 1659 3160; x_wconf 82' lang='grc' dir='ltr'>προήγμεθα</span> <span class='ocrx_word' id='word_1_235' title='bbox 1684 3093 1777 3161; x_wconf 85' lang='grc' dir='ltr'><strong>τὴ-</strong></span> 
     </span>
    </p>
   </div>
   <div class='ocr_carea' id='block_1_35' title="bbox 202 3179 1850 3275">
    <p class='ocr_par' dir='ltr' id='par_1_35' title="bbox 202 3179 1850 3275">
     <span class='ocr_line' id='line_1_35' title="bbox 202 3179 1850 3275; baseline 0.004 -45"><span class='ocrx_word' id='word_1_236' title='bbox 202 3195 391 3247; x_wconf 84' lang='grc' dir='ltr'>μερον,</span> <span class='ocrx_word' id='word_1_237' title='bbox 419 3179 794 3248; x_wconf 83' lang='grc' dir='ltr'>ἀπαγόρευσίς</span> <span class='ocrx_word' id='word_1_238' title='bbox 827 3182 940 3233; x_wconf 87' lang='grc' dir='ltr'>ἐστι</span> <span class='ocrx_word' id='word_1_239' title='bbox 985 3183 1058 3250; x_wconf 82' lang='grc' dir='ltr'>μὴ</span> <span class='ocrx_word' id='word_1_240' title='bbox 1105 3182 1309 3243; x_wconf 85' lang='grc' dir='ltr'>πάντας</span> <span class='ocrx_word' id='word_1_241' title='bbox 1339 3183 1633 3253; x_wconf 74' lang='grc' dir='ltr'>αὐτονομίᾳ</span> <span class='ocrx_word' id='word_1_242' title='bbox 1658 3184 1780 3254; x_wconf 89' lang='grc' dir='ltr'>βου-</span> <span class='ocrx_word' id='word_1_243' title='bbox 1805 3214 1850 3275; x_wconf 78' lang='lat' dir='ltr'><strong><em>C</em></strong></span> 
     </span>
    </p>
   </div>
   <div class='ocr_carea' id='block_1_36' title="bbox 199 3269 1773 3342">
    <p class='ocr_par' dir='ltr' id='par_1_36' title="bbox 199 3269 1773 3342">
     <span class='ocr_line' id='line_1_36' title="bbox 199 3269 1773 3342; baseline 0.006 -22"><span class='ocrx_word' id='word_1_244' title='bbox 199 3269 410 3339; x_wconf 77' lang='grc' dir='ltr'>λήσεως</span> <span class='ocrx_word' id='word_1_245' title='bbox 462 3271 685 3339; x_wconf 75' lang='grc' dir='ltr'>ῥέοντας</span> <span class='ocrx_word' id='word_1_246' title='bbox 738 3271 903 3339; x_wconf 72' lang='grc' dir='ltr'>ὁμόσε</span> <span class='ocrx_word' id='word_1_247' title='bbox 935 3273 1131 3342; x_wconf 77' lang='grc' dir='ltr'>χωρεῖν</span> <span class='ocrx_word' id='word_1_248' title='bbox 1159 3274 1214 3334; x_wconf 88' lang='grc' dir='ltr'><strong>ἐς</strong></span> <span class='ocrx_word' id='word_1_249' title='bbox 1247 3272 1507 3336; x_wconf 78' lang='grc' dir='ltr'>διαλέξεις</span> <span class='ocrx_word' id='word_1_250' title='bbox 1547 3278 1640 3328; x_wconf 76' lang='grc' dir='ltr'>καὶ</span> <span class='ocrx_word' id='word_1_251' title='bbox 1672 3277 1773 3329; x_wconf 86' lang='grc' dir='ltr'><strong>ἀπ-</strong></span> 
     </span>
    </p>
   </div>
   <div class='ocr_carea' id='block_1_37' title="bbox 202 3363 1772 3436">
    <p class='ocr_par' dir='ltr' id='par_1_37' title="bbox 202 3363 1772 3436">
     <span class='ocr_line' id='line_1_37' title="bbox 202 3363 1772 3436; baseline 0.004 -22"><span class='ocrx_word' id='word_1_252' title='bbox 202 3365 464 3433; x_wconf 77' lang='grc' dir='ltr'>αντήσεις</span> <span class='ocrx_word' id='word_1_253' title='bbox 518 3363 624 3414; x_wconf 85' lang='grc' dir='ltr'>τῶν</span> <span class='ocrx_word' id='word_1_254' title='bbox 679 3364 738 3428; x_wconf 88' lang='grc' dir='ltr'><strong>ἐξ</strong></span> <span class='ocrx_word' id='word_1_255' title='bbox 795 3363 1025 3425; x_wconf 85' lang='grc' dir='ltr'>Ἰταλίας</span> <span class='ocrx_word' id='word_1_256' title='bbox 1083 3363 1270 3417; x_wconf 82' lang='grc' dir='ltr'>ἰόντων</span> <span class='ocrx_word' id='word_1_257' title='bbox 1302 3383 1313 3394; x_wconf 85' lang='grc'>·</span> <span class='ocrx_word' id='word_1_258' title='bbox 1349 3366 1483 3418; x_wconf 76' lang='grc' dir='ltr'>ὅπου</span> <span class='ocrx_word' id='word_1_259' title='bbox 1526 3383 1587 3434; x_wconf 91' lang='grc' dir='ltr'><strong>γε</strong></span> <span class='ocrx_word' id='word_1_260' title='bbox 1636 3367 1772 3436; x_wconf 68' lang='grc' dir='ltr'>μηδὲ</span> 
     </span>
    </p>
   </div>
   <div class='ocr_carea' id='block_1_38' title="bbox 200 3453 1769 3526">
    <p class='ocr_par' dir='ltr' id='par_1_38' title="bbox 200 3453 1769 3526">
     <span class='ocr_line' id='line_1_38' title="bbox 200 3453 1769 3526; baseline 0.001 -20"><span class='ocrx_word' id='word_1_261' title='bbox 200 3457 311 3515; x_wconf 81' lang='grc' dir='ltr'>τοῖς</span> <span class='ocrx_word' id='word_1_262' title='bbox 350 3453 743 3523; x_wconf 80' lang='grc' dir='ltr'>προεδρεύουσι</span> <span class='ocrx_word' id='word_1_263' title='bbox 782 3458 875 3506; x_wconf 80' lang='grc' dir='ltr'>καὶ</span> <span class='ocrx_word' id='word_1_264' title='bbox 921 3455 1089 3524; x_wconf 77' lang='grc' dir='ltr'>τιμῆς</span> <span class='ocrx_word' id='word_1_265' title='bbox 1121 3456 1379 3526; x_wconf 84' lang='grc' dir='ltr'>τοιαύτης</span> <span class='ocrx_word' id='word_1_266' title='bbox 1424 3457 1769 3526; x_wconf 77' lang='grc' dir='ltr'>ἠξιωμένοις,</span> 
     </span>
    </p>
   </div>
   <div class='ocr_carea' id='block_1_39' title="bbox 202 3545 1772 3618">
    <p class='ocr_par' dir='ltr' id='par_1_39' title="bbox 202 3545 1772 3618">
     <span class='ocr_line' id='line_1_39' title="bbox 202 3545 1772 3618; baseline 0.001 -18"><span class='ocrx_word' id='word_1_267' title='bbox 202 3550 334 3616; x_wconf 68' lang='grc' dir='ltr'>πρὶν</span> <span class='ocrx_word' id='word_1_268' title='bbox 365 3545 485 3614; x_wconf 79' lang='grc' dir='ltr'>μετ’</span> <span class='ocrx_word' id='word_1_269' title='bbox 511 3547 755 3615; x_wconf 81' lang='grc' dir='ltr'>ἀλλήλων</span> <span class='ocrx_word' id='word_1_270' title='bbox 784 3547 876 3598; x_wconf 83' lang='grc' dir='ltr'><strong>τὸν</strong></span> <span class='ocrx_word' id='word_1_271' title='bbox 904 3548 1002 3617; x_wconf 78' lang='grc' dir='ltr'>τῆς</span> <span class='ocrx_word' id='word_1_272' title='bbox 1033 3548 1323 3612; x_wconf 80' lang='grc' dir='ltr'>διαλέξεως</span> <span class='ocrx_word' id='word_1_273' title='bbox 1356 3550 1618 3618; x_wconf 77' lang='grc' dir='ltr'>ἐσκέφθαι</span> <span class='ocrx_word' id='word_1_274' title='bbox 1650 3565 1772 3601; x_wconf 88' lang='grc' dir='ltr'>σκο-</span> 
     </span>
    </p>
   </div>
   <div class='ocr_carea' id='block_1_40' title="bbox 203 3637 1772 3708">
    <p class='ocr_par' dir='ltr' id='par_1_40' title="bbox 203 3637 1772 3708">
     <span class='ocr_line' id='line_1_40' title="bbox 203 3637 1772 3708; baseline 0.001 -17"><span class='ocrx_word' id='word_1_275' title='bbox 203 3640 324 3700; x_wconf 83' lang='grc' dir='ltr'>πὸν,</span> <span class='ocrx_word' id='word_1_276' title='bbox 366 3637 544 3707; x_wconf 79' lang='grc' dir='ltr'>χρεὼν</span> <span class='ocrx_word' id='word_1_277' title='bbox 575 3639 848 3708; x_wconf 73' lang='grc' dir='ltr'>άπαντᾷν·</span> <span class='ocrx_word' id='word_1_278' title='bbox 884 3639 1112 3704; x_wconf 72' lang='grc' dir='ltr'>εἰδότας,</span> <span class='ocrx_word' id='word_1_279' title='bbox 1145 3641 1226 3692; x_wconf 82' lang='grc' dir='ltr'><strong>δτι</strong></span> <span class='ocrx_word' id='word_1_280' title='bbox 1267 3641 1465 3708; x_wconf 73' lang='grc' dir='ltr'>πρᾶξις</span> <span class='ocrx_word' id='word_1_281' title='bbox 1502 3643 1651 3694; x_wconf 79' lang='grc' dir='ltr'>πᾶσα</span> <span class='ocrx_word' id='word_1_282' title='bbox 1681 3643 1772 3694; x_wconf 75' lang='grc' dir='ltr'>καὶ</span> 
     </span>
    </p>
   </div>
   <div class='ocr_carea' id='block_1_41' title="bbox 202 3728 1772 3800">
    <p class='ocr_par' dir='ltr' id='par_1_41' title="bbox 202 3728 1772 3800">
     <span class='ocr_line' id='line_1_41' title="bbox 202 3728 1772 3800; baseline 0.002 -20"><span class='ocrx_word' id='word_1_283' title='bbox 202 3729 360 3796; x_wconf 82' lang='grc' dir='ltr'>λόγος</span> <span class='ocrx_word' id='word_1_284' title='bbox 395 3729 537 3791; x_wconf 76' lang='grc' dir='ltr'>ἆπας</span> <span class='ocrx_word' id='word_1_285' title='bbox 566 3728 677 3797; x_wconf 79' lang='grc' dir='ltr'>ἔχει</span> <span class='ocrx_word' id='word_1_286' title='bbox 707 3730 907 3781; x_wconf 64' lang='grc' dir='ltr'>σκοπὴν</span> <span class='ocrx_word' id='word_1_287' title='bbox 940 3731 1033 3782; x_wconf 78' lang='grc' dir='ltr'><strong>καὶ</strong></span> <span class='ocrx_word' id='word_1_288' title='bbox 1056 3731 1228 3795; x_wconf 83' lang='grc' dir='ltr'>τέλος,</span> <span class='ocrx_word' id='word_1_289' title='bbox 1258 3734 1388 3799; x_wconf 83' lang='grc' dir='ltr'>πρὸς</span> <span class='ocrx_word' id='word_1_290' title='bbox 1419 3732 1447 3783; x_wconf 85' lang='grc' dir='ltr'><strong>ὂ</strong></span> <span class='ocrx_word' id='word_1_291' title='bbox 1478 3732 1772 3800; x_wconf 75' lang='grc' dir='ltr'>βλέποντας</span> 
     </span>
    </p>
   </div>
   <div class='ocr_carea' id='block_1_42' title="bbox 201 3818 1771 3890">
    <p class='ocr_par' dir='ltr' id='par_1_42' title="bbox 201 3818 1771 3890">
     <span class='ocr_line' id='line_1_42' title="bbox 201 3818 1771 3890; baseline 0.003 -21"><span class='ocrx_word' id='word_1_292' title='bbox 201 3819 293 3870; x_wconf 86' lang='grc' dir='ltr'><strong>τόν</strong></span> <span class='ocrx_word' id='word_1_293' title='bbox 321 3834 380 3869; x_wconf 88' lang='grc' dir='ltr'><strong>τε</strong></span> <span class='ocrx_word' id='word_1_294' title='bbox 415 3818 720 3884; x_wconf 71' lang='grc' dir='ltr'>πράττοντα</span> <span class='ocrx_word' id='word_1_295' title='bbox 757 3820 848 3871; x_wconf 81' lang='grc' dir='ltr'>καὶ</span> <span class='ocrx_word' id='word_1_296' title='bbox 893 3820 1117 3884; x_wconf 81' lang='grc' dir='ltr'>λέγοντα</span> <span class='ocrx_word' id='word_1_297' title='bbox 1152 3821 1251 3888; x_wconf 85' lang='grc' dir='ltr'>τήν</span> <span class='ocrx_word' id='word_1_298' title='bbox 1298 3837 1355 3871; x_wconf 90' lang='grc' dir='ltr'><strong>τε</strong></span> <span class='ocrx_word' id='word_1_299' title='bbox 1393 3821 1590 3890; x_wconf 76' lang='grc' dir='ltr'>πρᾶξιν</span> <span class='ocrx_word' id='word_1_300' title='bbox 1638 3821 1771 3890; x_wconf 78' lang='grc' dir='ltr'>ὁμοῦ</span> 
     </span>
    </p>
   </div>
   <div class='ocr_carea' id='block_1_43' title="bbox 204 3910 1771 3979">
    <p class='ocr_par' dir='ltr' id='par_1_43' title="bbox 204 3910 1771 3979">
     <span class='ocr_line' id='line_1_43' title="bbox 204 3910 1771 3979; baseline 0.003 -18"><span class='ocrx_word' id='word_1_301' title='bbox 204 3912 296 3961; x_wconf 76' lang='grc' dir='ltr'>καὶ</span> <span class='ocrx_word' id='word_1_302' title='bbox 333 3911 422 3962; x_wconf 72' lang='grc' dir='ltr'>τὸν</span> <span class='ocrx_word' id='word_1_303' title='bbox 451 3910 607 3975; x_wconf 74' lang='grc' dir='ltr'>λόγον</span> <span class='ocrx_word' id='word_1_304' title='bbox 641 3910 884 3962; x_wconf 82' lang='grc' dir='ltr'>εὐθύνειν</span> <span class='ocrx_word' id='word_1_305' title='bbox 915 3915 1199 3979; x_wconf 76' lang='grc' dir='ltr'>προσήκει.</span> <span class='ocrx_word' id='word_1_306' title='bbox 1237 3911 1438 3964; x_wconf 83' lang='grc' dir='ltr'>Τούτου</span> <span class='ocrx_word' id='word_1_307' title='bbox 1468 3913 1511 3964; x_wconf 89' lang='grc' dir='ltr'>δ’</span> <span class='ocrx_word' id='word_1_308' title='bbox 1540 3915 1771 3976; x_wconf 79' lang='grc' dir='ltr'>ἀπόντος</span> 
     </span>
    </p>
   </div>
   <div class='ocr_carea' id='block_1_44' title="bbox 204 3997 1774 4070">
    <p class='ocr_par' dir='ltr' id='par_1_44' title="bbox 204 3997 1774 4070">
     <span class='ocr_line' id='line_1_44' title="bbox 204 3997 1774 4070; baseline 0.003 -20"><span class='ocrx_word' id='word_1_309' title='bbox 204 3999 446 4050; x_wconf 74' lang='grc' dir='ltr'>κίνξυνον</span> <span class='ocrx_word' id='word_1_310' title='bbox 479 3997 636 4061; x_wconf 75' lang='grc' dir='ltr'>εἶναι,</span> <span class='ocrx_word' id='word_1_311' title='bbox 665 4000 895 4066; x_wconf 85' lang='grc' dir='ltr'>μάταιον</span> <span class='ocrx_word' id='word_1_312' title='bbox 925 4001 1160 4070; x_wconf 84' lang='grc' dir='ltr'>σπουδήν</span> <span class='ocrx_word' id='word_1_313' title='bbox 1190 4017 1246 4052; x_wconf 91' lang='grc' dir='ltr'>τε</span> <span class='ocrx_word' id='word_1_314' title='bbox 1283 4004 1460 4052; x_wconf 76' lang='grc' dir='ltr'>πᾶσαν</span> <span class='ocrx_word' id='word_1_315' title='bbox 1499 4005 1590 4053; x_wconf 78' lang='grc' dir='ltr'>καὶ</span> <span class='ocrx_word' id='word_1_316' title='bbox 1613 4004 1774 4056; x_wconf 82' lang='grc' dir='ltr'>πόνον</span> 
     </span>
    </p>
   </div>
   <div class='ocr_carea' id='block_1_45' title="bbox 205 4087 1773 4160">
    <p class='ocr_par' dir='ltr' id='par_1_45' title="bbox 205 4087 1773 4160">
     <span class='ocr_line' id='line_1_45' title="bbox 205 4087 1773 4160; baseline 0.001 -16"><span class='ocrx_word' id='word_1_317' title='bbox 205 4091 423 4144; x_wconf 76' lang='grc' dir='ltr'>ἅπαντα</span> <span class='ocrx_word' id='word_1_318' title='bbox 453 4091 790 4158; x_wconf 76' lang='grc' dir='ltr'>νομίζεσθαι.</span> <span class='ocrx_word' id='word_1_319' title='bbox 823 4087 947 4142; x_wconf 82' lang='grc' dir='ltr'>Οἷον</span> <span class='ocrx_word' id='word_1_320' title='bbox 981 4094 1007 4143; x_wconf 85' lang='grc' dir='ltr'>ὁ</span> <span class='ocrx_word' id='word_1_321' title='bbox 1045 4091 1220 4143; x_wconf 86' lang='grc' dir='ltr'>πλέων</span> <span class='ocrx_word' id='word_1_322' title='bbox 1246 4091 1304 4142; x_wconf 93' lang='grc' dir='ltr'><strong>οὐ</strong></span> <span class='ocrx_word' id='word_1_323' title='bbox 1337 4093 1495 4144; x_wconf 84' lang='grc' dir='ltr'>τοῦτο</span> <span class='ocrx_word' id='word_1_324' title='bbox 1525 4092 1773 4160; x_wconf 68' lang='grc' dir='ltr'>βεύλεται</span> 
     </span>
    </p>
   </div>
   <div class='ocr_carea' id='block_1_46' title="bbox 205 4183 1775 4252">
    <p class='ocr_par' dir='ltr' id='par_1_46' title="bbox 205 4183 1775 4252">
     <span class='ocr_line' id='line_1_46' title="bbox 205 4183 1775 4252; baseline 0.001 -14"><span class='ocrx_word' id='word_1_325' title='bbox 205 4187 302 4238; x_wconf 73' lang='grc' dir='ltr'>καὶ</span> <span class='ocrx_word' id='word_1_326' title='bbox 337 4183 483 4235; x_wconf 74' lang='grc' dir='ltr'>τοῦτ’</span> <span class='ocrx_word' id='word_1_327' title='bbox 529 4183 641 4252; x_wconf 78' lang='grc' dir='ltr'>ἔχει</span> <span class='ocrx_word' id='word_1_328' title='bbox 681 4184 903 4244; x_wconf 67' lang='grc' dir='ltr'>σκοπὸν,</span> <span class='ocrx_word' id='word_1_329' title='bbox 950 4185 1083 4251; x_wconf 77' lang='grc' dir='ltr'>ὅπερ</span> <span class='ocrx_word' id='word_1_330' title='bbox 1117 4183 1428 4252; x_wconf 80' lang='grc' dir='ltr'>ἐργάζεται.</span> <span class='ocrx_word' id='word_1_331' title='bbox 1453 4185 1568 4236; x_wconf 80' lang='grc' dir='ltr'>ἀλλ’</span> <span class='ocrx_word' id='word_1_332' title='bbox 1600 4187 1775 4239; x_wconf 82' lang='grc' dir='ltr'>ἐκεῖνο</span> 
     </span>
    </p>
   </div>
   <div class='ocr_carea' id='block_1_47' title="bbox 207 4267 1775 4344">
    <p class='ocr_par' dir='ltr' id='par_1_47' title="bbox 207 4267 1775 4344">
     <span class='ocr_line' id='line_1_47' title="bbox 207 4267 1775 4344; baseline -0.001 -16"><span class='ocrx_word' id='word_1_333' title='bbox 207 4276 432 4344; x_wconf 79' lang='grc' dir='ltr'>μᾶλλον,</span> <span class='ocrx_word' id='word_1_334' title='bbox 459 4267 518 4326; x_wconf 64' lang='grc' dir='ltr'><strong>οὐ</strong></span> <span class='ocrx_word' id='word_1_335' title='bbox 535 4274 716 4325; x_wconf 74' lang='grc' dir='ltr'>ἕνεκεν</span> <span class='ocrx_word' id='word_1_336' title='bbox 737 4275 1030 4343; x_wconf 73' lang='grc' dir='ltr'>ἐργάζεται</span> <span class='ocrx_word' id='word_1_337' title='bbox 1053 4277 1186 4344; x_wconf 76' lang='grc' dir='ltr'>ὅπερ</span> <span class='ocrx_word' id='word_1_338' title='bbox 1207 4273 1514 4344; x_wconf 80' lang='grc' dir='ltr'>ἐργάζεται.</span> <span class='ocrx_word' id='word_1_339' title='bbox 1540 4275 1775 4344; x_wconf 77' lang='grc' dir='ltr'>Κέρδους</span> 
     </span>
    </p>
   </div>
   <div class='ocr_carea' id='block_1_48' title="bbox 204 4364 1774 4436">
    <p class='ocr_par' dir='ltr' id='par_1_48' title="bbox 204 4364 1774 4436">
     <span class='ocr_line' id='line_1_48' title="bbox 204 4364 1774 4436; baseline -0.001 -17"><span class='ocrx_word' id='word_1_340' title='bbox 204 4368 316 4436; x_wconf 83' lang='grc' dir='ltr'>γὰρ</span> <span class='ocrx_word' id='word_1_341' title='bbox 344 4366 528 4430; x_wconf 73' lang='grc' dir='ltr'>ἕνεκα,</span> <span class='ocrx_word' id='word_1_342' title='bbox 564 4367 658 4418; x_wconf 75' lang='grc' dir='ltr'>καὶ</span> <span class='ocrx_word' id='word_1_343' title='bbox 687 4367 747 4417; x_wconf 85' lang='grc' dir='ltr'><strong>οὐ</strong></span> <span class='ocrx_word' id='word_1_344' title='bbox 780 4365 872 4418; x_wconf 81' lang='grc' dir='ltr'><strong>τοῦ</strong></span> <span class='ocrx_word' id='word_1_345' title='bbox 901 4364 1109 4434; x_wconf 85' lang='grc' dir='ltr'>κύμασι</span> <span class='ocrx_word' id='word_1_346' title='bbox 1141 4366 1233 4416; x_wconf 70' lang='grc' dir='ltr'>καὶ</span> <span class='ocrx_word' id='word_1_347' title='bbox 1279 4366 1607 4433; x_wconf 88' lang='grc' dir='ltr'>πνευμάτων</span> <span class='ocrx_word' id='word_1_348' title='bbox 1632 4367 1774 4434; x_wconf 87' lang='grc' dir='ltr'>βίαις</span> 
     </span>
    </p>
   </div>
   <div class='ocr_carea' id='block_1_49' title="bbox 200 4455 1770 4526">
    <p class='ocr_par' dir='ltr' id='par_1_49' title="bbox 200 4455 1770 4526">
     <span class='ocr_line' id='line_1_49' title="bbox 200 4455 1770 4526; baseline 0 -17"><span class='ocrx_word' id='word_1_349' title='bbox 200 4457 548 4510; x_wconf 79' lang='grc' dir='ltr'>διακυόεύειν</span> <span class='ocrx_word' id='word_1_350' title='bbox 579 4458 637 4509; x_wconf 83' lang='grc' dir='ltr'><strong>τὸ</strong></span> <span class='ocrx_word' id='word_1_351' title='bbox 671 4455 791 4526; x_wconf 80' lang='grc' dir='ltr'>ζῇν,</span> <span class='ocrx_word' id='word_1_352' title='bbox 821 4458 1010 4522; x_wconf 80' lang='grc' dir='ltr'>ἀνάγει</span> <span class='ocrx_word' id='word_1_353' title='bbox 1036 4457 1136 4526; x_wconf 80' lang='grc' dir='ltr'><strong>την</strong></span> <span class='ocrx_word' id='word_1_354' title='bbox 1174 4455 1324 4508; x_wconf 81' lang='grc' dir='ltr'>ναῦν.</span> <span class='ocrx_word' id='word_1_355' title='bbox 1359 4458 1468 4509; x_wconf 79' lang='grc' dir='ltr'><strong>Καὶ</strong></span> <span class='ocrx_word' id='word_1_356' title='bbox 1501 4457 1528 4508; x_wconf 83' lang='grc' dir='ltr'>ὁ</span> <span class='ocrx_word' id='word_1_357' title='bbox 1549 4458 1770 4526; x_wconf 75' lang='grc' dir='ltr'>τοξότης</span> 
     </span>
    </p>
   </div>
   <div class='ocr_carea' id='block_1_50' title="bbox 1877 625 3440 692">
    <p class='ocr_par' dir='ltr' id='par_1_50' title="bbox 1877 625 3440 692">
     <span class='ocr_line' id='line_1_50' title="bbox 1877 625 3440 692; baseline -0.001 -16"><span class='ocrx_word' id='word_1_358' title='bbox 1877 639 2054 692; x_wconf 90' lang='lat' dir='ltr'><strong>neque</strong></span> <span class='ocrx_word' id='word_1_359' title='bbox 2088 626 2358 679; x_wconf 82' lang='lat' dir='ltr'><strong>rationem</strong></span> <span class='ocrx_word' id='word_1_360' title='bbox 2393 626 2446 679; x_wconf 86' lang='lat' dir='ltr'><strong>in</strong></span> <span class='ocrx_word' id='word_1_361' title='bbox 2471 641 2528 680; x_wconf 90' lang='lat' dir='ltr'><strong>se</strong></span> <span class='ocrx_word' id='word_1_362' title='bbox 2558 627 2722 679; x_wconf 86' lang='lat' dir='ltr'><strong>ullam</strong></span> <span class='ocrx_word' id='word_1_363' title='bbox 2757 626 2946 686; x_wconf 81' lang='lat' dir='ltr'><strong>habet,</strong></span> <span class='ocrx_word' id='word_1_364' title='bbox 2980 625 3174 677; x_wconf 89' lang='lat' dir='ltr'><strong>modus</strong></span> <span class='ocrx_word' id='word_1_365' title='bbox 3218 634 3271 677; x_wconf 88' lang='lat' dir='ltr'><strong>et</strong></span> <span class='ocrx_word' id='word_1_366' title='bbox 3305 625 3440 676; x_wconf 64' lang='lat' dir='ltr'><strong>ratio</strong></span> 
     </span>
    </p>
   </div>
   <div class='ocr_carea' id='block_1_51' title="bbox 1873 716 3443 785">
    <p class='ocr_par' dir='ltr' id='par_1_51' title="bbox 1873 716 3443 785">
     <span class='ocr_line' id='line_1_51' title="bbox 1873 716 3443 785; baseline -0.002 -16"><span class='ocrx_word' id='word_1_367' title='bbox 1873 716 2145 785; x_wconf 78' lang='lat' dir='ltr'><strong>:equitatis</strong></span> <span class='ocrx_word' id='word_1_368' title='bbox 2180 718 2429 771; x_wconf 88' lang='lat' dir='ltr'><strong>ducenda</strong></span> <span class='ocrx_word' id='word_1_369' title='bbox 2456 733 2563 771; x_wconf 89' lang='lat' dir='ltr'><strong>non</strong></span> <span class='ocrx_word' id='word_1_370' title='bbox 2592 727 2695 772; x_wconf 88' lang='lat' dir='ltr'><strong>est.</strong></span> <span class='ocrx_word' id='word_1_371' title='bbox 2722 717 2932 771; x_wconf 80' lang='lat' dir='ltr'><strong>Deinde</strong></span> <span class='ocrx_word' id='word_1_372' title='bbox 2959 719 3096 770; x_wconf 87' lang='lat' dir='ltr'><strong>satis</strong></span> <span class='ocrx_word' id='word_1_373' title='bbox 3137 716 3329 775; x_wconf 86' lang='lat' dir='ltr'><strong>scitur.</strong></span> <span class='ocrx_word' id='word_1_374' title='bbox 3364 718 3443 766; x_wconf 88' lang='lat' dir='ltr'><strong>in-</strong></span> 
     </span>
    </p>
   </div>
   <div class='ocr_carea' id='block_1_52' title="bbox 1873 811 3438 880">
    <p class='ocr_par' dir='ltr' id='par_1_52' title="bbox 1873 811 3438 880">
     <span class='ocr_line' id='line_1_52' title="bbox 1873 811 3438 880; baseline -0.003 -16"><span class='ocrx_word' id='word_1_375' title='bbox 1873 811 2278 864; x_wconf 88' lang='lat' dir='ltr'><strong>consideratum</strong></span> <span class='ocrx_word' id='word_1_376' title='bbox 2316 812 2580 880; x_wconf 87' lang='lat' dir='ltr'><strong>impetum</strong></span> <span class='ocrx_word' id='word_1_377' title='bbox 2614 827 2720 864; x_wconf 89' lang='lat' dir='ltr'><strong>non</strong></span> <span class='ocrx_word' id='word_1_378' title='bbox 2782 818 2973 880; x_wconf 86' lang='lat' dir='ltr'><strong>suapte</strong></span> <span class='ocrx_word' id='word_1_379' title='bbox 3017 822 3210 863; x_wconf 89' lang='lat' dir='ltr'><strong>natura</strong></span> <span class='ocrx_word' id='word_1_380' title='bbox 3244 823 3438 879; x_wconf 89' lang='lat' dir='ltr'><strong>parere</strong></span> 
     </span>
    </p>
   </div>
   <div class='ocr_carea' id='block_1_53' title="bbox 1876 901 3438 971">
    <p class='ocr_par' dir='ltr' id='par_1_53' title="bbox 1876 901 3438 971">
     <span class='ocr_line' id='line_1_53' title="bbox 1876 901 3438 971; baseline -0.003 -14"><span class='ocrx_word' id='word_1_381' title='bbox 1876 904 2167 957; x_wconf 77' lang='lat' dir='ltr'><strong>victoriam</strong></span> <span class='ocrx_word' id='word_1_382' title='bbox 2209 923 2220 957; x_wconf 90' lang='lat'><strong>:</strong></span> <span class='ocrx_word' id='word_1_383' title='bbox 2256 905 2373 968; x_wconf 89' lang='lat' dir='ltr'><strong>sed,</strong></span> <span class='ocrx_word' id='word_1_384' title='bbox 2411 907 2453 958; x_wconf 89' lang='lat' dir='ltr'><strong>si</strong></span> <span class='ocrx_word' id='word_1_385' title='bbox 2492 903 2935 958; x_wconf 79' lang='lat' dir='ltr'><strong>adversariorum</strong></span> <span class='ocrx_word' id='word_1_386' title='bbox 2973 904 3144 971; x_wconf 84' lang='lat' dir='ltr'><strong>major</strong></span> <span class='ocrx_word' id='word_1_387' title='bbox 3203 901 3438 955; x_wconf 91' lang='lat' dir='ltr'><strong>stultitia</strong></span> 
     </span>
    </p>
   </div>
   <div class='ocr_carea' id='block_1_54' title="bbox 1874 992 3437 1064">
    <p class='ocr_par' dir='ltr' id='par_1_54' title="bbox 1874 992 3437 1064">
     <span class='ocr_line' id='line_1_54' title="bbox 1874 992 3437 1064; baseline -0.004 -16"><span class='ocrx_word' id='word_1_388' title='bbox 1874 997 2224 1048; x_wconf 85' lang='lat' dir='ltr'><strong>occasionem</strong></span> <span class='ocrx_word' id='word_1_389' title='bbox 2259 997 2336 1048; x_wconf 82' lang='lat' dir='ltr'><strong>rei</strong></span> <span class='ocrx_word' id='word_1_390' title='bbox 2392 996 2530 1050; x_wconf 84' lang='lat' dir='ltr'><strong>bene</strong></span> <span class='ocrx_word' id='word_1_391' title='bbox 2580 994 2830 1064; x_wconf 76' lang='lat' dir='ltr'><strong>gerenda:</strong></span> <span class='ocrx_word' id='word_1_392' title='bbox 2884 1003 3084 1063; x_wconf 63' lang='lat' dir='ltr'><strong>preter</strong></span> <span class='ocrx_word' id='word_1_393' title='bbox 3145 992 3437 1060; x_wconf 89' lang='lat' dir='ltr'><strong>opinonem</strong></span> 
     </span>
    </p>
   </div>
   <div class='ocr_carea' id='block_1_55' title="bbox 1876 1070 3501 1153">
    <p class='ocr_par' dir='ltr' id='par_1_55' title="bbox 1876 1070 3501 1153">
     <span class='ocr_line' id='line_1_55' title="bbox 1876 1070 3501 1153; baseline -0.004 -15"><span class='ocrx_word' id='word_1_394' title='bbox 1876 1085 2112 1153; x_wconf 73' lang='lat' dir='ltr'><strong>praebeat</strong></span> <span class='ocrx_word' id='word_1_395' title='bbox 2141 1087 2431 1138; x_wconf 63' lang='lat' dir='ltr'><strong>contraria:</strong></span> <span class='ocrx_word' id='word_1_396' title='bbox 2456 1086 2718 1148; x_wconf 63' lang='lat' dir='ltr'><strong>audaciae,</strong></span> <span class='ocrx_word' id='word_1_397' title='bbox 2750 1101 2815 1139; x_wconf 89' lang='lat' dir='ltr'><strong>eo</strong></span> <span class='ocrx_word' id='word_1_398' title='bbox 2865 1100 2991 1138; x_wconf 83' lang='lat' dir='ltr'><strong>casu</strong></span> <span class='ocrx_word' id='word_1_399' title='bbox 3023 1085 3194 1137; x_wconf 89' lang='lat' dir='ltr'><strong>malas</strong></span> <span class='ocrx_word' id='word_1_400' title='bbox 3220 1093 3441 1150; x_wconf 87' lang='lat' dir='ltr'><strong>quoque</strong></span> <span class='ocrx_word' id='word_1_401' title='bbox 3494 1070 3501 1079; x_wconf 53' lang='grc'><strong>”</strong></span> 
     </span>
    </p>
   </div>
   <div class='ocr_carea' id='block_1_56' title="bbox 1876 1171 3441 1243">
    <p class='ocr_par' dir='ltr' id='par_1_56' title="bbox 1876 1171 3441 1243">
     <span class='ocr_line' id='line_1_56' title="bbox 1876 1171 3441 1243; baseline -0.003 -16"><span class='ocrx_word' id='word_1_402' title='bbox 1876 1190 1962 1227; x_wconf 85' lang='lat' dir='ltr'><strong>res</strong></span> <span class='ocrx_word' id='word_1_403' title='bbox 1996 1175 2260 1227; x_wconf 89' lang='lat' dir='ltr'><strong>bonarum</strong></span> <span class='ocrx_word' id='word_1_404' title='bbox 2290 1191 2476 1229; x_wconf 89' lang='lat' dir='ltr'><strong>rerum</strong></span> <span class='ocrx_word' id='word_1_405' title='bbox 2511 1175 2691 1228; x_wconf 86' lang='lat' dir='ltr'><strong>locum</strong></span> <span class='ocrx_word' id='word_1_406' title='bbox 2732 1189 3047 1243; x_wconf 89' lang='lat' dir='ltr'><strong>occupare;</strong></span> <span class='ocrx_word' id='word_1_407' title='bbox 3106 1173 3250 1227; x_wconf 86' lang='lat' dir='ltr'><strong>sicut</strong></span> <span class='ocrx_word' id='word_1_408' title='bbox 3275 1171 3441 1224; x_wconf 83' lang='lat' dir='ltr'><strong>vicis-</strong></span> 
     </span>
    </p>
   </div>
   <div class='ocr_carea' id='block_1_57' title="bbox 1874 1264 3438 1336">
    <p class='ocr_par' dir='ltr' id='par_1_57' title="bbox 1874 1264 3438 1336">
     <span class='ocr_line' id='line_1_57' title="bbox 1874 1264 3438 1336; baseline -0.004 -17"><span class='ocrx_word' id='word_1_409' title='bbox 1874 1265 1974 1319; x_wconf 84' lang='lat' dir='ltr'><strong>sim</strong></span> <span class='ocrx_word' id='word_1_410' title='bbox 2006 1268 2175 1335; x_wconf 88' lang='lat' dir='ltr'><strong>major</strong></span> <span class='ocrx_word' id='word_1_411' title='bbox 2206 1282 2349 1336; x_wconf 60' lang='lat' dir='ltr'><strong>sape</strong></span> <span class='ocrx_word' id='word_1_412' title='bbox 2370 1266 2810 1320; x_wconf 80' lang='lat' dir='ltr'><strong>adversariorum</strong></span> <span class='ocrx_word' id='word_1_413' title='bbox 2830 1266 3113 1334; x_wconf 85' lang='lat' dir='ltr'><strong>prudentia</strong></span> <span class='ocrx_word' id='word_1_414' title='bbox 3134 1279 3230 1319; x_wconf 91' lang='lat' dir='ltr'><strong>eos</strong></span> <span class='ocrx_word' id='word_1_415' title='bbox 3249 1264 3438 1321; x_wconf 87' lang='lat' dir='ltr'><strong>etiam.</strong></span> 
     </span>
    </p>
   </div>
   <div class='ocr_carea' id='block_1_58' title="bbox 1875 1355 3440 1427">
    <p class='ocr_par' dir='ltr' id='par_1_58' title="bbox 1875 1355 3440 1427">
     <span class='ocr_line' id='line_1_58' title="bbox 1875 1355 3440 1427; baseline -0.003 -17"><span class='ocrx_word' id='word_1_416' title='bbox 1875 1359 1967 1426; x_wconf 92' lang='lat' dir='ltr'><strong>qui</strong></span> <span class='ocrx_word' id='word_1_417' title='bbox 2006 1358 2145 1412; x_wconf 84' lang='lat' dir='ltr'><strong>bene</strong></span> <span class='ocrx_word' id='word_1_418' title='bbox 2206 1359 2321 1412; x_wconf 88' lang='lat' dir='ltr'><strong>suis</strong></span> <span class='ocrx_word' id='word_1_419' title='bbox 2384 1359 2547 1412; x_wconf 82' lang='lat' dir='ltr'><strong>rebus</strong></span> <span class='ocrx_word' id='word_1_420' title='bbox 2587 1358 2936 1412; x_wconf 84' lang='lat' dir='ltr'><strong>consuluisse</strong></span> <span class='ocrx_word' id='word_1_421' title='bbox 2968 1355 3128 1427; x_wconf 62' lang='lat'><strong>505</strong></span> <span class='ocrx_word' id='word_1_422' title='bbox 3163 1355 3440 1418; x_wconf 79' lang='lat' dir='ltr'><strong>videmur,</strong></span> 
     </span>
    </p>
   </div>
   <div class='ocr_carea' id='block_1_59' title="bbox 1875 1445 3442 1516">
    <p class='ocr_par' dir='ltr' id='par_1_59' title="bbox 1875 1445 3442 1516">
     <span class='ocr_line' id='line_1_59' title="bbox 1875 1445 3442 1516; baseline -0.001 -16"><span class='ocrx_word' id='word_1_423' title='bbox 1875 1458 2122 1516; x_wconf 87' lang='lat' dir='ltr'><strong>superat.</strong></span> <span class='ocrx_word' id='word_1_424' title='bbox 2159 1449 2290 1503; x_wconf 88' lang='lat' dir='ltr'><strong>Nam</strong></span> <span class='ocrx_word' id='word_1_425' title='bbox 2323 1464 2447 1502; x_wconf 89' lang='lat' dir='ltr'><strong>cum</strong></span> <span class='ocrx_word' id='word_1_426' title='bbox 2479 1464 2566 1503; x_wconf 89' lang='lat' dir='ltr'><strong>res</strong></span> <span class='ocrx_word' id='word_1_427' title='bbox 2617 1449 2817 1505; x_wconf 62' lang='lat' dir='ltr'><strong>futura:</strong></span> <span class='ocrx_word' id='word_1_428' title='bbox 2869 1448 3092 1501; x_wconf 73' lang='lat' dir='ltr'><strong>incerta:</strong></span> <span class='ocrx_word' id='word_1_429' title='bbox 3132 1446 3265 1511; x_wconf 90' lang='lat' dir='ltr'><strong>sint,</strong></span> <span class='ocrx_word' id='word_1_430' title='bbox 3301 1445 3442 1498; x_wconf 84' lang='lat' dir='ltr'><strong>nihil</strong></span> 
     </span>
    </p>
   </div>
   <div class='ocr_carea' id='block_1_60' title="bbox 1875 1537 3440 1609">
    <p class='ocr_par' dir='ltr' id='par_1_60' title="bbox 1875 1537 3440 1609">
     <span class='ocr_line' id='line_1_60' title="bbox 1875 1537 3440 1609; baseline -0.003 -16"><span class='ocrx_word' id='word_1_431' title='bbox 1875 1541 2075 1599; x_wconf 82' lang='lat' dir='ltr'><strong>obstat.</strong></span> <span class='ocrx_word' id='word_1_432' title='bbox 2118 1555 2226 1609; x_wconf 93' lang='lat' dir='ltr'><strong>quo</strong></span> <span class='ocrx_word' id='word_1_433' title='bbox 2257 1541 2441 1594; x_wconf 90' lang='lat' dir='ltr'><strong>minus</strong></span> <span class='ocrx_word' id='word_1_434' title='bbox 2468 1540 2741 1593; x_wconf 89' lang='lat' dir='ltr'><strong>interdum</strong></span> <span class='ocrx_word' id='word_1_435' title='bbox 2772 1541 2936 1592; x_wconf 79' lang='lat' dir='ltr'><strong>etiam</strong></span> <span class='ocrx_word' id='word_1_436' title='bbox 2963 1540 3067 1593; x_wconf 90' lang='lat' dir='ltr'><strong>tale</strong></span> <span class='ocrx_word' id='word_1_437' title='bbox 3097 1537 3301 1606; x_wconf 85' lang='lat' dir='ltr'><strong>aliquid</strong></span> <span class='ocrx_word' id='word_1_438' title='bbox 3335 1552 3440 1589; x_wconf 89' lang='lat' dir='ltr'><strong>usu</strong></span> 
     </span>
    </p>
   </div>
   <div class='ocr_carea' id='block_1_61' title="bbox 1876 1627 3446 1686">
    <p class='ocr_par' dir='ltr' id='par_1_61' title="bbox 1876 1627 3446 1686">
     <span class='ocr_line' id='line_1_61' title="bbox 1876 1627 3446 1686; baseline -0.003 -3"><span class='ocrx_word' id='word_1_439' title='bbox 1876 1633 2080 1684; x_wconf 81' lang='lat' dir='ltr'><strong>veniat.</strong></span> <span class='ocrx_word' id='word_1_440' title='bbox 2134 1631 2239 1686; x_wconf 85' lang='lat' dir='ltr'><strong>Sed</strong></span> <span class='ocrx_word' id='word_1_441' title='bbox 2303 1631 2657 1685; x_wconf 80' lang='lat' dir='ltr'><strong>fortuitorum</strong></span> <span class='ocrx_word' id='word_1_442' title='bbox 2700 1646 3052 1684; x_wconf 90' lang='lat' dir='ltr'><strong>succcssuum</strong></span> <span class='ocrx_word' id='word_1_443' title='bbox 3101 1627 3446 1683; x_wconf 87' lang='lat' dir='ltr'><strong>enumeratio</strong></span> 
     </span>
    </p>
   </div>
   <div class='ocr_carea' id='block_1_62' title="bbox 1875 1722 3447 1790">
    <p class='ocr_par' dir='ltr' id='par_1_62' title="bbox 1875 1722 3447 1790">
     <span class='ocr_line' id='line_1_62' title="bbox 1875 1722 3447 1790; baseline -0.002 -15"><span class='ocrx_word' id='word_1_444' title='bbox 1875 1736 1984 1775; x_wconf 88' lang='lat' dir='ltr'><strong>non</strong></span> <span class='ocrx_word' id='word_1_445' title='bbox 2011 1723 2172 1775; x_wconf 79' lang='lat' dir='ltr'><strong>debet</strong></span> <span class='ocrx_word' id='word_1_446' title='bbox 2197 1723 2342 1790; x_wconf 87' lang='lat' dir='ltr'><strong>apud</strong></span> <span class='ocrx_word' id='word_1_447' title='bbox 2375 1738 2475 1777; x_wconf 89' lang='lat' dir='ltr'><strong>nos</strong></span> <span class='ocrx_word' id='word_1_448' title='bbox 2502 1723 2638 1790; x_wconf 78' lang='lat' dir='ltr'><strong>legis</strong></span> <span class='ocrx_word' id='word_1_449' title='bbox 2669 1722 2790 1775; x_wconf 91' lang='lat' dir='ltr'><strong>loco</strong></span> <span class='ocrx_word' id='word_1_450' title='bbox 2817 1736 2962 1783; x_wconf 88' lang='lat' dir='ltr'><strong>esse,</strong></span> <span class='ocrx_word' id='word_1_451' title='bbox 3037 1735 3183 1774; x_wconf 69' lang='lat' dir='ltr'><strong>nunc</strong></span> <span class='ocrx_word' id='word_1_452' title='bbox 3217 1733 3447 1788; x_wconf 70' lang='lat' dir='ltr'><strong>praeser-</strong></span> 
     </span>
    </p>
   </div>
   <div class='ocr_carea' id='block_1_63' title="bbox 1880 1811 3442 1884">
    <p class='ocr_par' dir='ltr' id='par_1_63' title="bbox 1880 1811 3442 1884">
     <span class='ocr_line' id='line_1_63' title="bbox 1880 1811 3442 1884; baseline -0.002 -16"><span class='ocrx_word' id='word_1_453' title='bbox 1880 1817 1998 1879; x_wconf 87' lang='lat' dir='ltr'><strong>tim,</strong></span> <span class='ocrx_word' id='word_1_454' title='bbox 2062 1832 2188 1870; x_wconf 91' lang='lat' dir='ltr'><strong>cum</strong></span> <span class='ocrx_word' id='word_1_455' title='bbox 2245 1816 2312 1870; x_wconf 91' lang='lat' dir='ltr'><strong>de</strong></span> <span class='ocrx_word' id='word_1_456' title='bbox 2377 1815 2656 1884; x_wconf 71' lang='lat' dir='ltr'><strong>religionis</strong></span> <span class='ocrx_word' id='word_1_457' title='bbox 2714 1814 2944 1869; x_wconf 84' lang='lat' dir='ltr'><strong>victoria</strong></span> <span class='ocrx_word' id='word_1_458' title='bbox 2990 1813 3063 1866; x_wconf 92' lang='lat' dir='ltr'><strong>sit</strong></span> <span class='ocrx_word' id='word_1_459' title='bbox 3095 1811 3442 1866; x_wconf 90' lang='lat' dir='ltr'><strong>certandum.</strong></span> 
     </span>
    </p>
   </div>
   <div class='ocr_carea' id='block_1_64' title="bbox 1878 1906 3441 1976">
    <p class='ocr_par' dir='ltr' id='par_1_64' title="bbox 1878 1906 3441 1976">
     <span class='ocr_line' id='line_1_64' title="bbox 1878 1906 3441 1976; baseline -0.004 -13"><span class='ocrx_word' id='word_1_460' title='bbox 1878 1909 2171 1963; x_wconf 82' lang='lat' dir='ltr'><strong>Enimvero</strong></span> <span class='ocrx_word' id='word_1_461' title='bbox 2209 1909 2308 1962; x_wconf 89' lang='lat' dir='ltr'><strong>hac</strong></span> <span class='ocrx_word' id='word_1_462' title='bbox 2339 1908 2406 1962; x_wconf 89' lang='lat' dir='ltr'><strong>de</strong></span> <span class='ocrx_word' id='word_1_463' title='bbox 2440 1923 2601 1961; x_wconf 85' lang='lat' dir='ltr'><strong>causa</strong></span> <span class='ocrx_word' id='word_1_464' title='bbox 2626 1907 2825 1976; x_wconf 90' lang='lat' dir='ltr'><strong>prodii,</strong></span> <span class='ocrx_word' id='word_1_465' title='bbox 2874 1906 3017 1975; x_wconf 89' lang='lat' dir='ltr'><strong>quod</strong></span> <span class='ocrx_word' id='word_1_466' title='bbox 3062 1915 3117 1960; x_wconf 91' lang='lat' dir='ltr'><strong>et</strong></span> <span class='ocrx_word' id='word_1_467' title='bbox 3151 1921 3234 1958; x_wconf 90' lang='lat' dir='ltr'><strong>me</strong></span> <span class='ocrx_word' id='word_1_468' title='bbox 3264 1906 3441 1972; x_wconf 89' lang='lat' dir='ltr'><strong>ipsum</strong></span> 
     </span>
    </p>
   </div>
   <div class='ocr_carea' id='block_1_65' title="bbox 1877 1994 3444 2068">
    <p class='ocr_par' dir='ltr' id='par_1_65' title="bbox 1877 1994 3444 2068">
     <span class='ocr_line' id='line_1_65' title="bbox 1877 1994 3444 2068; baseline -0.001 -17"><span class='ocrx_word' id='word_1_469' title='bbox 1877 2000 2206 2068; x_wconf 86' lang='lat' dir='ltr'><strong>putaverim,</strong></span> <span class='ocrx_word' id='word_1_470' title='bbox 2265 1999 2311 2052; x_wconf 92' lang='lat' dir='ltr'><strong>si</strong></span> <span class='ocrx_word' id='word_1_471' title='bbox 2351 1999 2482 2052; x_wconf 90' lang='lat' dir='ltr'><strong>utile</strong></span> <span class='ocrx_word' id='word_1_472' title='bbox 2508 1997 2795 2053; x_wconf 86' lang='lat' dir='ltr'><strong>consilium</strong></span> <span class='ocrx_word' id='word_1_473' title='bbox 2825 1995 3038 2060; x_wconf 88' lang='lat' dir='ltr'><strong>darem,</strong></span> <span class='ocrx_word' id='word_1_474' title='bbox 3088 1995 3356 2065; x_wconf 87' lang='lat' dir='ltr'><strong>quidquid</strong></span> <span class='ocrx_word' id='word_1_475' title='bbox 3389 1994 3444 2050; x_wconf 91' lang='lat' dir='ltr'><strong>in</strong></span> 
     </span>
    </p>
   </div>
   <div class='ocr_carea' id='block_1_66' title="bbox 1877 2087 3448 2158">
    <p class='ocr_par' dir='ltr' id='par_1_66' title="bbox 1877 2087 3448 2158">
     <span class='ocr_line' id='line_1_66' title="bbox 1877 2087 3448 2158; baseline -0.001 -16"><span class='ocrx_word' id='word_1_476' title='bbox 1877 2104 1962 2143; x_wconf 88' lang='lat' dir='ltr'><strong>me</strong></span> <span class='ocrx_word' id='word_1_477' title='bbox 1988 2090 2108 2158; x_wconf 90' lang='lat' dir='ltr'><strong>opis</strong></span> <span class='ocrx_word' id='word_1_478' title='bbox 2143 2089 2285 2144; x_wconf 83' lang='lat' dir='ltr'><strong>foret</strong></span> <span class='ocrx_word' id='word_1_479' title='bbox 2317 2090 2370 2142; x_wconf 91' lang='lat' dir='ltr'><strong>in</strong></span> <span class='ocrx_word' id='word_1_480' title='bbox 2405 2105 2517 2143; x_wconf 90' lang='lat' dir='ltr'><strong>rem</strong></span> <span class='ocrx_word' id='word_1_481' title='bbox 2572 2099 2897 2158; x_wconf 62' lang='lat' dir='ltr'><strong>prasentem</strong></span> <span class='ocrx_word' id='word_1_482' title='bbox 2933 2102 3055 2142; x_wconf 90' lang='lat' dir='ltr'><strong>esse</strong></span> <span class='ocrx_word' id='word_1_483' title='bbox 3102 2087 3448 2142; x_wconf 81' lang='lat' dir='ltr'><strong>contributu-</strong></span> 
     </span>
    </p>
   </div>
   <div class='ocr_carea' id='block_1_67' title="bbox 1879 2179 3446 2244">
    <p class='ocr_par' dir='ltr' id='par_1_67' title="bbox 1879 2179 3446 2244">
     <span class='ocr_line' id='line_1_67' title="bbox 1879 2179 3446 2244; baseline -0.003 -9"><span class='ocrx_word' id='word_1_484' title='bbox 1879 2197 2023 2235; x_wconf 88' lang='lat' dir='ltr'><strong>rum.</strong></span> <span class='ocrx_word' id='word_1_485' title='bbox 2090 2181 2146 2236; x_wconf 91' lang='lat' dir='ltr'><strong>ld</strong></span> <span class='ocrx_word' id='word_1_486' title='bbox 2199 2190 2380 2235; x_wconf 73' lang='lat' dir='ltr'><strong>autem</strong></span> <span class='ocrx_word' id='word_1_487' title='bbox 2447 2191 2667 2235; x_wconf 90' lang='lat' dir='ltr'><strong>rectene</strong></span> <span class='ocrx_word' id='word_1_488' title='bbox 2716 2196 2783 2234; x_wconf 85' lang='lat' dir='ltr'><strong>an</strong></span> <span class='ocrx_word' id='word_1_489' title='bbox 2838 2194 3001 2235; x_wconf 78' lang='lat' dir='ltr'><strong>secns</strong></span> <span class='ocrx_word' id='word_1_490' title='bbox 3032 2179 3276 2235; x_wconf 78' lang='lat' dir='ltr'><strong>facturus</strong></span> <span class='ocrx_word' id='word_1_491' title='bbox 3318 2179 3446 2244; x_wconf 85' lang='lat' dir='ltr'><strong>sim,</strong></span> 
     </span>
    </p>
   </div>
   <div class='ocr_carea' id='block_1_68' title="bbox 1876 2270 3444 2341">
    <p class='ocr_par' dir='ltr' id='par_1_68' title="bbox 1876 2270 3444 2341">
     <span class='ocr_line' id='line_1_68' title="bbox 1876 2270 3444 2341; baseline -0.002 -14"><span class='ocrx_word' id='word_1_492' title='bbox 1876 2273 2275 2327; x_wconf 88' lang='lat' dir='ltr'><strong>consideretur.</strong></span> <span class='ocrx_word' id='word_1_493' title='bbox 2306 2270 2490 2341; x_wconf 81' lang='lat' dir='ltr'><strong>Neque</strong></span> <span class='ocrx_word' id='word_1_494' title='bbox 2512 2272 2657 2327; x_wconf 89' lang='lat' dir='ltr'><strong>enim</strong></span> <span class='ocrx_word' id='word_1_495' title='bbox 2681 2273 2861 2340; x_wconf 76' lang='lat' dir='ltr'><strong>legum</strong></span> <span class='ocrx_word' id='word_1_496' title='bbox 2889 2270 3238 2325; x_wconf 79' lang='lat' dir='ltr'><strong>ferendarum</strong></span> <span class='ocrx_word' id='word_1_497' title='bbox 3269 2270 3444 2340; x_wconf 78' lang='lat' dir='ltr'><strong>gratia</strong></span> 
     </span>
    </p>
   </div>
   <div class='ocr_carea' id='block_1_69' title="bbox 1879 2362 3446 2428">
    <p class='ocr_par' dir='ltr' id='par_1_69' title="bbox 1879 2362 3446 2428">
     <span class='ocr_line' id='line_1_69' title="bbox 1879 2362 3446 2428; baseline 0 -10"><span class='ocrx_word' id='word_1_498' title='bbox 1879 2366 2159 2428; x_wconf 88' lang='lat' dir='ltr'><strong>adsumus,</strong></span> <span class='ocrx_word' id='word_1_499' title='bbox 2188 2374 2284 2418; x_wconf 92' lang='lat' dir='ltr'><strong>aut</strong></span> <span class='ocrx_word' id='word_1_500' title='bbox 2324 2373 2383 2417; x_wconf 94' lang='lat' dir='ltr'><strong>ut</strong></span> <span class='ocrx_word' id='word_1_501' title='bbox 2415 2375 2600 2418; x_wconf 89' lang='lat' dir='ltr'><strong>nostra</strong></span> <span class='ocrx_word' id='word_1_502' title='bbox 2623 2365 2841 2419; x_wconf 90' lang='lat' dir='ltr'><strong>decreta</strong></span> <span class='ocrx_word' id='word_1_503' title='bbox 2862 2362 3017 2417; x_wconf 82' lang='lat' dir='ltr'><strong>ﬁrma</strong></span> <span class='ocrx_word' id='word_1_504' title='bbox 3040 2374 3093 2417; x_wconf 92' lang='lat' dir='ltr'><strong>et</strong></span> <span class='ocrx_word' id='word_1_505' title='bbox 3119 2363 3446 2418; x_wconf 85' lang='lat' dir='ltr'><strong>inconcussa</strong></span> 
     </span>
    </p>
   </div>
   <div class='ocr_carea' id='block_1_70' title="bbox 1877 2454 3448 2518">
    <p class='ocr_par' dir='ltr' id='par_1_70' title="bbox 1877 2454 3448 2518">
     <span class='ocr_line' id='line_1_70' title="bbox 1877 2454 3448 2518; baseline 0 -10"><span class='ocrx_word' id='word_1_506' title='bbox 1877 2455 2069 2509; x_wconf 86' lang='lat' dir='ltr'><strong>haberi</strong></span> <span class='ocrx_word' id='word_1_507' title='bbox 2101 2455 2335 2508; x_wconf 83' lang='lat' dir='ltr'><strong>velimus</strong></span> <span class='ocrx_word' id='word_1_508' title='bbox 2366 2473 2377 2518; x_wconf 93' lang='lat'><strong>;</strong></span> <span class='ocrx_word' id='word_1_509' title='bbox 2413 2455 2509 2508; x_wconf 91' lang='lat' dir='ltr'><strong>sed</strong></span> <span class='ocrx_word' id='word_1_510' title='bbox 2542 2465 2602 2510; x_wconf 91' lang='lat' dir='ltr'><strong>ut</strong></span> <span class='ocrx_word' id='word_1_511' title='bbox 2632 2455 2760 2510; x_wconf 93' lang='lat' dir='ltr'><strong>olim</strong></span> <span class='ocrx_word' id='word_1_512' title='bbox 2820 2456 2872 2510; x_wconf 90' lang='lat' dir='ltr'><strong>in</strong></span> <span class='ocrx_word' id='word_1_513' title='bbox 2908 2455 3098 2510; x_wconf 87' lang='lat' dir='ltr'><strong>liberis</strong></span> <span class='ocrx_word' id='word_1_514' title='bbox 3132 2454 3448 2508; x_wconf 87' lang='lat' dir='ltr'><strong>civitatibus</strong></span> 
     </span>
    </p>
   </div>
   <div class='ocr_carea' id='block_1_71' title="bbox 1879 2546 3449 2616">
    <p class='ocr_par' dir='ltr' id='par_1_71' title="bbox 1879 2546 3449 2616">
     <span class='ocr_line' id='line_1_71' title="bbox 1879 2546 3449 2616; baseline -0.001 -15"><span class='ocrx_word' id='word_1_515' title='bbox 1879 2549 2063 2612; x_wconf 82' lang='lat' dir='ltr'><strong>ﬁebat,</strong></span> <span class='ocrx_word' id='word_1_516' title='bbox 2105 2549 2176 2601; x_wconf 90' lang='lat' dir='ltr'><strong>ita</strong></span> <span class='ocrx_word' id='word_1_517' title='bbox 2209 2556 2263 2601; x_wconf 89' lang='lat' dir='ltr'><strong>et</strong></span> <span class='ocrx_word' id='word_1_518' title='bbox 2297 2546 2455 2602; x_wconf 88' lang='lat' dir='ltr'><strong>nobis</strong></span> <span class='ocrx_word' id='word_1_519' title='bbox 2488 2562 2607 2616; x_wconf 71' lang='lat' dir='ltr'><strong>quae</strong></span> <span class='ocrx_word' id='word_1_520' title='bbox 2668 2547 2726 2601; x_wconf 90' lang='lat' dir='ltr'><strong>in</strong></span> <span class='ocrx_word' id='word_1_521' title='bbox 2759 2557 2995 2601; x_wconf 87' lang='lat' dir='ltr'><strong>mentem</strong></span> <span class='ocrx_word' id='word_1_522' title='bbox 3053 2561 3152 2616; x_wconf 92' lang='lat' dir='ltr'><strong>pro</strong></span> <span class='ocrx_word' id='word_1_523' title='bbox 3206 2555 3449 2616; x_wconf 87' lang='lat' dir='ltr'><strong>tempore</strong></span> 
     </span>
    </p>
   </div>
   <div class='ocr_carea' id='block_1_72' title="bbox 1877 2637 3448 2708">
    <p class='ocr_par' dir='ltr' id='par_1_72' title="bbox 1877 2637 3448 2708">
     <span class='ocr_line' id='line_1_72' title="bbox 1877 2637 3448 2708; baseline 0 -16"><span class='ocrx_word' id='word_1_524' title='bbox 1877 2643 2160 2695; x_wconf 84' lang='lat' dir='ltr'><strong>venissent</strong></span> <span class='ocrx_word' id='word_1_525' title='bbox 2182 2641 2334 2693; x_wconf 90' lang='lat' dir='ltr'><strong>velut</strong></span> <span class='ocrx_word' id='word_1_526' title='bbox 2361 2639 2556 2708; x_wconf 86' lang='lat' dir='ltr'><strong>stipem</strong></span> <span class='ocrx_word' id='word_1_527' title='bbox 2589 2637 2841 2693; x_wconf 81' lang='lat' dir='ltr'><strong>conferre</strong></span> <span class='ocrx_word' id='word_1_528' title='bbox 2887 2639 3065 2693; x_wconf 89' lang='lat' dir='ltr'><strong>visum</strong></span> <span class='ocrx_word' id='word_1_529' title='bbox 3096 2648 3198 2693; x_wconf 92' lang='lat' dir='ltr'><strong>est.</strong></span> <span class='ocrx_word' id='word_1_530' title='bbox 3239 2638 3287 2692; x_wconf 92' lang='lat' dir='ltr'><strong>Is</strong></span> <span class='ocrx_word' id='word_1_531' title='bbox 3313 2653 3448 2693; x_wconf 89' lang='lat' dir='ltr'><strong>vero</strong></span> 
     </span>
    </p>
   </div>
   <div class='ocr_carea' id='block_1_73' title="bbox 1882 2729 3446 2802">
    <p class='ocr_par' dir='ltr' id='par_1_73' title="bbox 1882 2729 3446 2802">
     <span class='ocr_line' id='line_1_73' title="bbox 1882 2729 3446 2802; baseline -0.003 -15"><span class='ocrx_word' id='word_1_532' title='bbox 1882 2733 2047 2802; x_wconf 82' lang='lat' dir='ltr'><strong>bujus</strong></span> <span class='ocrx_word' id='word_1_533' title='bbox 2070 2741 2271 2786; x_wconf 70' lang='lat' dir='ltr'><strong>nostra:</strong></span> <span class='ocrx_word' id='word_1_534' title='bbox 2300 2731 2565 2784; x_wconf 88' lang='lat' dir='ltr'><strong>orationis</strong></span> <span class='ocrx_word' id='word_1_535' title='bbox 2599 2745 2798 2798; x_wconf 87' lang='lat' dir='ltr'><strong>scopus</strong></span> <span class='ocrx_word' id='word_1_536' title='bbox 2825 2739 2930 2792; x_wconf 90' lang='lat' dir='ltr'><strong>est,</strong></span> <span class='ocrx_word' id='word_1_537' title='bbox 2973 2741 3031 2784; x_wconf 90' lang='lat' dir='ltr'><strong>ut</strong></span> <span class='ocrx_word' id='word_1_538' title='bbox 3064 2729 3446 2794; x_wconf 90' lang='lat' dir='ltr'><strong>dehortemur,</strong></span> 
     </span>
    </p>
   </div>
   <div class='ocr_carea' id='block_1_74' title="bbox 1881 2821 3446 2893">
    <p class='ocr_par' dir='ltr' id='par_1_74' title="bbox 1881 2821 3446 2893">
     <span class='ocr_line' id='line_1_74' title="bbox 1881 2821 3446 2893; baseline -0.004 -13"><span class='ocrx_word' id='word_1_539' title='bbox 1881 2841 1947 2880; x_wconf 91' lang='lat' dir='ltr'><strong>ne</strong></span> <span class='ocrx_word' id='word_1_540' title='bbox 1976 2824 2157 2893; x_wconf 88' lang='lat' dir='ltr'><strong>quivis</strong></span> <span class='ocrx_word' id='word_1_541' title='bbox 2188 2837 2288 2892; x_wconf 91' lang='lat' dir='ltr'><strong>pro</strong></span> <span class='ocrx_word' id='word_1_542' title='bbox 2318 2837 2418 2876; x_wconf 92' lang='lat' dir='ltr'><strong>suo</strong></span> <span class='ocrx_word' id='word_1_543' title='bbox 2449 2822 2605 2876; x_wconf 89' lang='lat' dir='ltr'><strong>libito</strong></span> <span class='ocrx_word' id='word_1_544' title='bbox 2627 2836 2749 2875; x_wconf 92' lang='lat' dir='ltr'><strong>cum</strong></span> <span class='ocrx_word' id='word_1_545' title='bbox 2778 2822 2846 2875; x_wconf 91' lang='lat' dir='ltr'><strong>iis</strong></span> <span class='ocrx_word' id='word_1_546' title='bbox 2882 2821 2976 2890; x_wconf 92' lang='lat' dir='ltr'><strong>qui</strong></span> <span class='ocrx_word' id='word_1_547' title='bbox 3003 2837 3067 2875; x_wconf 83' lang='lat' dir='ltr'><strong>ex</strong></span> <span class='ocrx_word' id='word_1_548' title='bbox 3098 2821 3250 2875; x_wconf 90' lang='lat' dir='ltr'><strong>Italia</strong></span> <span class='ocrx_word' id='word_1_549' title='bbox 3277 2834 3446 2876; x_wconf 84' lang='lat' dir='ltr'><strong>vene-</strong></span> 
     </span>
    </p>
   </div>
   <div class='ocr_carea' id='block_1_75' title="bbox 1862 2910 3450 2981">
    <p class='ocr_par' dir='ltr' id='par_1_75' title="bbox 1862 2910 3450 2981">
     <span class='ocr_line' id='line_1_75' title="bbox 1862 2910 3450 2981; baseline -0.003 -13"><span class='ocrx_word' id='word_1_550' title='bbox 1862 2924 2006 2981; x_wconf 27' lang='lat' dir='ltr'><strong>‘runt</strong></span> <span class='ocrx_word' id='word_1_551' title='bbox 2035 2923 2242 2967; x_wconf 89' lang='lat' dir='ltr'><strong>temere</strong></span> <span class='ocrx_word' id='word_1_552' title='bbox 2273 2911 2658 2980; x_wconf 72' lang='lat' dir='ltr'><strong>congredimur</strong></span> <span class='ocrx_word' id='word_1_553' title='bbox 2681 2920 2736 2965; x_wconf 90' lang='lat' dir='ltr'><strong>et</strong></span> <span class='ocrx_word' id='word_1_554' title='bbox 2767 2911 3052 2979; x_wconf 84' lang='lat' dir='ltr'><strong>disputet;</strong></span> <span class='ocrx_word' id='word_1_555' title='bbox 3109 2924 3231 2964; x_wconf 88' lang='lat' dir='ltr'><strong>cum</strong></span> <span class='ocrx_word' id='word_1_556' title='bbox 3284 2910 3335 2964; x_wconf 94' lang='lat' dir='ltr'><strong>id</strong></span> <span class='ocrx_word' id='word_1_557' title='bbox 3383 2927 3450 2964; x_wconf 88' lang='lat' dir='ltr'><strong>ne</strong></span> 
     </span>
    </p>
   </div>
   <div class='ocr_carea' id='block_1_76' title="bbox 1880 3000 3449 3074">
    <p class='ocr_par' dir='ltr' id='par_1_76' title="bbox 1880 3000 3449 3074">
     <span class='ocr_line' id='line_1_76' title="bbox 1880 3000 3449 3074; baseline -0.001 -16"><span class='ocrx_word' id='word_1_558' title='bbox 1880 3004 2212 3074; x_wconf 69' lang='lat' dir='ltr'><strong>praesulibus</strong></span> <span class='ocrx_word' id='word_1_559' title='bbox 2237 3002 2459 3071; x_wconf 86' lang='lat' dir='ltr'><strong>quidem</strong></span> <span class='ocrx_word' id='word_1_560' title='bbox 2486 3012 2540 3056; x_wconf 90' lang='lat' dir='ltr'><strong>et</strong></span> <span class='ocrx_word' id='word_1_561' title='bbox 2574 3003 2706 3056; x_wconf 85' lang='lat' dir='ltr'><strong>viris</strong></span> <span class='ocrx_word' id='word_1_562' title='bbox 2750 3017 2813 3056; x_wconf 89' lang='lat' dir='ltr'><strong>ea</strong></span> <span class='ocrx_word' id='word_1_563' title='bbox 2845 3000 3170 3056; x_wconf 87' lang='lat' dir='ltr'><strong>auctoritate</strong></span> <span class='ocrx_word' id='word_1_564' title='bbox 3207 3000 3449 3070; x_wconf 65' lang='lat' dir='ltr'><strong>praeditis</strong></span> 
     </span>
    </p>
   </div>
   <div class='ocr_carea' id='block_1_77' title="bbox 1879 3092 3447 3162">
    <p class='ocr_par' dir='ltr' id='par_1_77' title="bbox 1879 3092 3447 3162">
     <span class='ocr_line' id='line_1_77' title="bbox 1879 3092 3447 3162; baseline -0.002 -13"><span class='ocrx_word' id='word_1_565' title='bbox 1879 3092 2297 3149; x_wconf 90' lang='lat' dir='ltr'><strong>concedendum</strong></span> <span class='ocrx_word' id='word_1_566' title='bbox 2323 3107 2445 3148; x_wconf 89' lang='lat' dir='ltr'><strong>esse</strong></span> <span class='ocrx_word' id='word_1_567' title='bbox 2479 3092 2749 3155; x_wconf 89' lang='lat' dir='ltr'><strong>videatur,</strong></span> <span class='ocrx_word' id='word_1_568' title='bbox 2795 3093 3114 3162; x_wconf 75' lang='lat' dir='ltr'><strong>priusquam</strong></span> <span class='ocrx_word' id='word_1_569' title='bbox 3153 3092 3296 3146; x_wconf 91' lang='lat' dir='ltr'><strong>inter</strong></span> <span class='ocrx_word' id='word_1_570' title='bbox 3327 3106 3447 3146; x_wconf 86' lang='lat' dir='ltr'><strong>sese</strong></span> 
     </span>
    </p>
   </div>
   <div class='ocr_carea' id='block_1_78' title="bbox 1880 3183 3445 3256">
    <p class='ocr_par' dir='ltr' id='par_1_78' title="bbox 1880 3183 3445 3256">
     <span class='ocr_line' id='line_1_78' title="bbox 1880 3183 3445 3256; baseline -0.003 -15"><span class='ocrx_word' id='word_1_571' title='bbox 1880 3186 2268 3256; x_wconf 88' lang='lat' dir='ltr'><strong>disputationis</strong></span> <span class='ocrx_word' id='word_1_572' title='bbox 2281 3200 2502 3255; x_wconf 89' lang='lat' dir='ltr'><strong>sc0pum</strong></span> <span class='ocrx_word' id='word_1_573' title='bbox 2521 3196 2576 3238; x_wconf 86' lang='lat' dir='ltr'><strong>et</strong></span> <span class='ocrx_word' id='word_1_574' title='bbox 2598 3183 2759 3238; x_wconf 82' lang='lat' dir='ltr'><strong>[luem</strong></span> <span class='ocrx_word' id='word_1_575' title='bbox 2779 3184 3182 3238; x_wconf 76' lang='lat' dir='ltr'><strong>considerarint</strong></span> <span class='ocrx_word' id='word_1_576' title='bbox 3206 3201 3219 3246; x_wconf 91' lang='lat'><strong>;</strong></span> <span class='ocrx_word' id='word_1_577' title='bbox 3244 3184 3445 3254; x_wconf 84' lang='lat' dir='ltr'><strong>quippe</strong></span> 
     </span>
    </p>
   </div>
   <div class='ocr_carea' id='block_1_79' title="bbox 1882 3276 3446 3350">
    <p class='ocr_par' dir='ltr' id='par_1_79' title="bbox 1882 3276 3446 3350">
     <span class='ocr_line' id='line_1_79' title="bbox 1882 3276 3446 3350; baseline -0.005 -17"><span class='ocrx_word' id='word_1_578' title='bbox 1882 3280 1976 3350; x_wconf 91' lang='lat' dir='ltr'><strong>qui</strong></span> <span class='ocrx_word' id='word_1_579' title='bbox 2018 3279 2214 3342; x_wconf 86' lang='lat' dir='ltr'><strong>sciant,</strong></span> <span class='ocrx_word' id='word_1_580' title='bbox 2276 3277 2423 3332; x_wconf 89' lang='lat' dir='ltr'><strong>onmi</strong></span> <span class='ocrx_word' id='word_1_581' title='bbox 2475 3277 2589 3330; x_wconf 86' lang='lat' dir='ltr'><strong>sive</strong></span> <span class='ocrx_word' id='word_1_582' title='bbox 2636 3278 2834 3330; x_wconf 85' lang='lat' dir='ltr'><strong>actioni</strong></span> <span class='ocrx_word' id='word_1_583' title='bbox 2870 3277 2984 3331; x_wconf 83' lang='lat' dir='ltr'><strong>sive</strong></span> <span class='ocrx_word' id='word_1_584' title='bbox 3031 3276 3265 3330; x_wconf 87' lang='lat' dir='ltr'><strong>orationi</strong></span> <span class='ocrx_word' id='word_1_585' title='bbox 3317 3291 3446 3331; x_wconf 82' lang='lat' dir='ltr'><strong>8Co-</strong></span> 
     </span>
    </p>
   </div>
   <div class='ocr_carea' id='block_1_80' title="bbox 1882 3365 3448 3439">
    <p class='ocr_par' dir='ltr' id='par_1_80' title="bbox 1882 3365 3448 3439">
     <span class='ocr_line' id='line_1_80' title="bbox 1882 3365 3448 3439; baseline -0.003 -17"><span class='ocrx_word' id='word_1_586' title='bbox 1882 3386 2006 3439; x_wconf 86' lang='lat' dir='ltr'><strong>putn</strong></span> <span class='ocrx_word' id='word_1_587' title='bbox 2033 3384 2096 3422; x_wconf 89' lang='lat' dir='ltr'><strong>ac</strong></span> <span class='ocrx_word' id='word_1_588' title='bbox 2123 3369 2285 3421; x_wconf 83' lang='lat' dir='ltr'><strong>linetr.</strong></span> <span class='ocrx_word' id='word_1_589' title='bbox 2310 3367 2544 3435; x_wconf 85' lang='lat' dir='ltr'><strong>aliquem</strong></span> <span class='ocrx_word' id='word_1_590' title='bbox 2575 3383 2692 3421; x_wconf 76' lang='lat' dir='ltr'><strong>esse</strong></span> <span class='ocrx_word' id='word_1_591' title='bbox 2727 3366 3088 3436; x_wconf 88' lang='lat' dir='ltr'><strong>propositum,</strong></span> <span class='ocrx_word' id='word_1_592' title='bbox 3125 3366 3190 3419; x_wconf 87' lang='lat' dir='ltr'><strong>ad</strong></span> <span class='ocrx_word' id='word_1_593' title='bbox 3211 3382 3372 3434; x_wconf 83' lang='lat' dir='ltr'><strong>quem</strong></span> <span class='ocrx_word' id='word_1_594' title='bbox 3401 3365 3448 3418; x_wconf 81' lang='lat' dir='ltr'><strong>is</strong></span> 
     </span>
    </p>
   </div>
   <div class='ocr_carea' id='block_1_81' title="bbox 1881 3456 3445 3528">
    <p class='ocr_par' dir='ltr' id='par_1_81' title="bbox 1881 3456 3445 3528">
     <span class='ocr_line' id='line_1_81' title="bbox 1881 3456 3445 3528; baseline -0.001 -19"><span class='ocrx_word' id='word_1_595' title='bbox 1881 3459 1973 3528; x_wconf 89' lang='lat' dir='ltr'><strong>qui</strong></span> <span class='ocrx_word' id='word_1_596' title='bbox 1997 3460 2082 3511; x_wconf 91' lang='lat' dir='ltr'><strong>vel</strong></span> <span class='ocrx_word' id='word_1_597' title='bbox 2113 3457 2221 3526; x_wconf 82' lang='lat' dir='ltr'><strong>agit</strong></span> <span class='ocrx_word' id='word_1_598' title='bbox 2244 3456 2323 3509; x_wconf 86' lang='lat' dir='ltr'><strong>vel</strong></span> <span class='ocrx_word' id='word_1_599' title='bbox 2350 3456 2569 3509; x_wconf 87' lang='lat' dir='ltr'><strong>disserit</strong></span> <span class='ocrx_word' id='word_1_600' title='bbox 2595 3456 2873 3510; x_wconf 84' lang='lat' dir='ltr'><strong>collimare</strong></span> <span class='ocrx_word' id='word_1_601' title='bbox 2893 3468 3111 3510; x_wconf 84' lang='lat' dir='ltr'><strong>etsnam</strong></span> <span class='ocrx_word' id='word_1_602' title='bbox 3141 3459 3445 3508; x_wconf 77' lang='lat' dir='ltr'><strong>tum-actio-</strong></span> 
     </span>
    </p>
   </div>
   <div class='ocr_carea' id='block_1_82' title="bbox 1881 3547 3440 3617">
    <p class='ocr_par' dir='ltr' id='par_1_82' title="bbox 1881 3547 3440 3617">
     <span class='ocr_line' id='line_1_82' title="bbox 1881 3547 3440 3617; baseline -0.001 -13"><span class='ocrx_word' id='word_1_603' title='bbox 1881 3566 2005 3604; x_wconf 89' lang='lat' dir='ltr'><strong>nem</strong></span> <span class='ocrx_word' id='word_1_604' title='bbox 2029 3560 2142 3601; x_wconf 88' lang='lat' dir='ltr'><strong>tmn</strong></span> <span class='ocrx_word' id='word_1_605' title='bbox 2171 3548 2479 3602; x_wconf 86' lang='lat' dir='ltr'><strong>orationem</strong></span> <span class='ocrx_word' id='word_1_606' title='bbox 2510 3548 2742 3617; x_wconf 82' lang='lat' dir='ltr'><strong>dirigere</strong></span> <span class='ocrx_word' id='word_1_607' title='bbox 2764 3548 2982 3602; x_wconf 85' lang='lat' dir='ltr'><strong>debeat.</strong></span> <span class='ocrx_word' id='word_1_608' title='bbox 3008 3547 3162 3613; x_wconf 85' lang='lat' dir='ltr'><strong>Quod</strong></span> <span class='ocrx_word' id='word_1_609' title='bbox 3199 3548 3301 3600; x_wconf 76' lang='lat' dir='ltr'><strong>nisi</strong></span> <span class='ocrx_word' id='word_1_610' title='bbox 3328 3547 3440 3604; x_wconf 83' lang='lat' dir='ltr'><strong>ﬁat.</strong></span> 
     </span>
    </p>
   </div>
   <div class='ocr_carea' id='block_1_83' title="bbox 1880 3639 3443 3709">
    <p class='ocr_par' dir='ltr' id='par_1_83' title="bbox 1880 3639 3443 3709">
     <span class='ocr_line' id='line_1_83' title="bbox 1880 3639 3443 3709; baseline -0.001 -16"><span class='ocrx_word' id='word_1_611' title='bbox 1880 3640 2180 3709; x_wconf 87' lang='lat' dir='ltr'><strong>periculum</strong></span> <span class='ocrx_word' id='word_1_612' title='bbox 2201 3653 2384 3701; x_wconf 83' lang='lat' dir='ltr'><strong>cSt,ne</strong></span> <span class='ocrx_word' id='word_1_613' title='bbox 2412 3655 2572 3692; x_wconf 88' lang='lat' dir='ltr'><strong>omne</strong></span> <span class='ocrx_word' id='word_1_614' title='bbox 2589 3639 2855 3702; x_wconf 87' lang='lat' dir='ltr'><strong>studium,</strong></span> <span class='ocrx_word' id='word_1_615' title='bbox 2881 3640 3058 3693; x_wconf 88' lang='lat' dir='ltr'><strong>omnis</strong></span> <span class='ocrx_word' id='word_1_616' title='bbox 3084 3641 3237 3692; x_wconf 83' lang='lat' dir='ltr'><strong>labor</strong></span> <span class='ocrx_word' id='word_1_617' title='bbox 3266 3641 3443 3692; x_wconf 87' lang='lat' dir='ltr'><strong>inanis</strong></span> 
     </span>
    </p>
   </div>
   <div class='ocr_carea' id='block_1_84' title="bbox 1879 3730 3444 3801">
    <p class='ocr_par' dir='ltr' id='par_1_84' title="bbox 1879 3730 3444 3801">
     <span class='ocr_line' id='line_1_84' title="bbox 1879 3730 3444 3801; baseline -0.001 -16"><span class='ocrx_word' id='word_1_618' title='bbox 1879 3745 1931 3785; x_wconf 91' lang='lat' dir='ltr'><strong>et</strong></span> <span class='ocrx_word' id='word_1_619' title='bbox 1953 3731 2142 3784; x_wconf 91' lang='lat' dir='ltr'><strong>irritus</strong></span> <span class='ocrx_word' id='word_1_620' title='bbox 2159 3730 2445 3784; x_wconf 91' lang='lat' dir='ltr'><strong>habeatur.</strong></span> <span class='ocrx_word' id='word_1_621' title='bbox 2467 3731 2646 3784; x_wconf 84' lang='lat' dir='ltr'><strong>Veluti</strong></span> <span class='ocrx_word' id='word_1_622' title='bbox 2671 3731 2714 3784; x_wconf 91' lang='lat' dir='ltr'><strong>is</strong></span> <span class='ocrx_word' id='word_1_623' title='bbox 2751 3731 3074 3801; x_wconf 80' lang='lat' dir='ltr'><strong>quinavigat</strong></span> <span class='ocrx_word' id='word_1_624' title='bbox 3107 3748 3212 3783; x_wconf 86' lang='lat' dir='ltr'><strong>non</strong></span> <span class='ocrx_word' id='word_1_625' title='bbox 3235 3731 3444 3794; x_wconf 86' lang='lat' dir='ltr'><strong>idvult,</strong></span> 
     </span>
    </p>
   </div>
   <div class='ocr_carea' id='block_1_85' title="bbox 1880 3820 3447 3890">
    <p class='ocr_par' dir='ltr' id='par_1_85' title="bbox 1880 3820 3447 3890">
     <span class='ocr_line' id='line_1_85' title="bbox 1880 3820 3447 3890; baseline -0.001 -14"><span class='ocrx_word' id='word_1_626' title='bbox 1880 3837 1984 3876; x_wconf 84' lang='lat' dir='ltr'><strong>nec</strong></span> <span class='ocrx_word' id='word_1_627' title='bbox 2004 3837 2228 3890; x_wconf 88' lang='lat' dir='ltr'><strong>scopum</strong></span> <span class='ocrx_word' id='word_1_628' title='bbox 2262 3821 2363 3874; x_wconf 91' lang='lat' dir='ltr'><strong>sibi</strong></span> <span class='ocrx_word' id='word_1_629' title='bbox 2382 3822 2643 3889; x_wconf 78' lang='lat' dir='ltr'><strong>proponit</strong></span> <span class='ocrx_word' id='word_1_630' title='bbox 2664 3821 2712 3874; x_wconf 89' lang='lat' dir='ltr'><strong>id</strong></span> <span class='ocrx_word' id='word_1_631' title='bbox 2731 3820 2875 3889; x_wconf 89' lang='lat' dir='ltr'><strong>quod</strong></span> <span class='ocrx_word' id='word_1_632' title='bbox 2898 3821 3040 3890; x_wconf 82' lang='lat' dir='ltr'><strong>agit;</strong></span> <span class='ocrx_word' id='word_1_633' title='bbox 3065 3821 3157 3872; x_wconf 83' lang='lat' dir='ltr'><strong>sed</strong></span> <span class='ocrx_word' id='word_1_634' title='bbox 3193 3821 3326 3873; x_wconf 89' lang='lat' dir='ltr'><strong>illud</strong></span> <span class='ocrx_word' id='word_1_635' title='bbox 3353 3837 3447 3889; x_wconf 83' lang='lat' dir='ltr'><strong>po-</strong></span> 
     </span>
    </p>
   </div>
   <div class='ocr_carea' id='block_1_86' title="bbox 1881 3909 3444 3979">
    <p class='ocr_par' dir='ltr' id='par_1_86' title="bbox 1881 3909 3444 3979">
     <span class='ocr_line' id='line_1_86' title="bbox 1881 3909 3444 3979; baseline -0.002 -14"><span class='ocrx_word' id='word_1_636' title='bbox 1881 3913 2012 3970; x_wconf 89' lang='lat' dir='ltr'><strong>tius.</strong></span> <span class='ocrx_word' id='word_1_637' title='bbox 2029 3913 2358 3979; x_wconf 86' lang='lat' dir='ltr'><strong>cujuscausa</strong></span> <span class='ocrx_word' id='word_1_638' title='bbox 2387 3910 2436 3963; x_wconf 94' lang='lat' dir='ltr'><strong>id</strong></span> <span class='ocrx_word' id='word_1_639' title='bbox 2457 3912 2632 3978; x_wconf 88' lang='lat' dir='ltr'><strong>ipsum</strong></span> <span class='ocrx_word' id='word_1_640' title='bbox 2649 3911 2779 3979; x_wconf 78' lang='lat' dir='ltr'><strong>agit.</strong></span> <span class='ocrx_word' id='word_1_641' title='bbox 2800 3909 2960 3963; x_wconf 88' lang='lat' dir='ltr'><strong>Lucri</strong></span> <span class='ocrx_word' id='word_1_642' title='bbox 2982 3911 3237 3962; x_wconf 82' lang='lat' dir='ltr'><strong>nimirum</strong></span> <span class='ocrx_word' id='word_1_643' title='bbox 3262 3932 3271 3959; x_wconf 80' lang='grc' dir='ltr'><strong>ι</strong></span> <span class='ocrx_word' id='word_1_644' title='bbox 3293 3926 3444 3972; x_wconf 79' lang='lat' dir='ltr'><strong>ausa,</strong></span> 
     </span>
    </p>
   </div>
   <div class='ocr_carea' id='block_1_87' title="bbox 1881 3999 3445 4054">
    <p class='ocr_par' dir='ltr' id='par_1_87' title="bbox 1881 3999 3445 4054">
     <span class='ocr_line' id='line_1_87' title="bbox 1881 3999 3445 4054; baseline -0.001 0"><span class='ocrx_word' id='word_1_645' title='bbox 1881 4017 1988 4054; x_wconf 89' lang='lat' dir='ltr'><strong>non</strong></span> <span class='ocrx_word' id='word_1_646' title='bbox 2017 4013 2197 4053; x_wconf 81' lang='lat' dir='ltr'><strong>autem</strong></span> <span class='ocrx_word' id='word_1_647' title='bbox 2221 4011 2277 4053; x_wconf 92' lang='lat' dir='ltr'><strong>ut</strong></span> <span class='ocrx_word' id='word_1_648' title='bbox 2307 4010 2593 4053; x_wconf 83' lang='lat' dir='ltr'><strong>ventorum</strong></span> <span class='ocrx_word' id='word_1_649' title='bbox 2617 4012 2670 4054; x_wconf 90' lang='lat' dir='ltr'><strong>et</strong></span> <span class='ocrx_word' id='word_1_650' title='bbox 2699 3999 2962 4052; x_wconf 82' lang='lat' dir='ltr'><strong>ﬂuctuum</strong></span> <span class='ocrx_word' id='word_1_651' title='bbox 2998 4001 3224 4054; x_wconf 90' lang='lat' dir='ltr'><strong>arbitrio</strong></span> <span class='ocrx_word' id='word_1_652' title='bbox 3243 4000 3308 4053; x_wconf 89' lang='lat' dir='ltr'><strong>de</strong></span> <span class='ocrx_word' id='word_1_653' title='bbox 3337 4002 3445 4052; x_wconf 81' lang='lat' dir='ltr'><strong>vita</strong></span> 
     </span>
    </p>
   </div>
   <div class='ocr_carea' id='block_1_88' title="bbox 1883 4089 3442 4162">
    <p class='ocr_par' dir='ltr' id='par_1_88' title="bbox 1883 4089 3442 4162">
     <span class='ocr_line' id='line_1_88' title="bbox 1883 4089 3442 4162; baseline -0.003 -19"><span class='ocrx_word' id='word_1_654' title='bbox 1883 4091 2041 4162; x_wconf 79' lang='lat'><strong>505</strong></span> <span class='ocrx_word' id='word_1_655' title='bbox 2083 4091 2326 4153; x_wconf 85' lang='lat' dir='ltr'><strong>dimicet,</strong></span> <span class='ocrx_word' id='word_1_656' title='bbox 2357 4105 2386 4144; x_wconf 91' lang='lat' dir='ltr'><strong>c</strong></span> <span class='ocrx_word' id='word_1_657' title='bbox 2417 4102 2573 4160; x_wconf 90' lang='lat' dir='ltr'><strong>portu</strong></span> <span class='ocrx_word' id='word_1_658' title='bbox 2622 4090 2802 4143; x_wconf 88' lang='lat' dir='ltr'><strong>solvit.</strong></span> <span class='ocrx_word' id='word_1_659' title='bbox 2839 4089 3037 4144; x_wconf 86' lang='lat' dir='ltr'><strong>Eodem</strong></span> <span class='ocrx_word' id='word_1_660' title='bbox 3079 4092 3238 4144; x_wconf 86' lang='lat' dir='ltr'><strong>modo</strong></span> <span class='ocrx_word' id='word_1_661' title='bbox 3287 4091 3442 4160; x_wconf 80' lang='lat' dir='ltr'><strong>sagit-</strong></span> 
     </span>
    </p>
   </div>
   <div class='ocr_carea' id='block_1_89' title="bbox 1885 4182 3448 4251">
    <p class='ocr_par' dir='ltr' id='par_1_89' title="bbox 1885 4182 3448 4251">
     <span class='ocr_line' id='line_1_89' title="bbox 1885 4182 3448 4251; baseline -0.001 -14"><span class='ocrx_word' id='word_1_662' title='bbox 1885 4185 2055 4238; x_wconf 87' lang='lat' dir='ltr'><strong>tarius</strong></span> <span class='ocrx_word' id='word_1_663' title='bbox 2082 4201 2189 4238; x_wconf 89' lang='lat' dir='ltr'><strong>non</strong></span> <span class='ocrx_word' id='word_1_664' title='bbox 2226 4185 2348 4237; x_wconf 89' lang='lat' dir='ltr'><strong>ideo</strong></span> <span class='ocrx_word' id='word_1_665' title='bbox 2381 4191 2604 4251; x_wconf 79' lang='lat' dir='ltr'><strong>sagittas</strong></span> <span class='ocrx_word' id='word_1_666' title='bbox 2650 4182 2868 4245; x_wconf 89' lang='lat' dir='ltr'><strong>emittit,</strong></span> <span class='ocrx_word' id='word_1_667' title='bbox 2904 4191 2962 4237; x_wconf 88' lang='lat' dir='ltr'><strong>ut</strong></span> <span class='ocrx_word' id='word_1_668' title='bbox 2987 4193 3208 4235; x_wconf 90' lang='lat' dir='ltr'><strong>ventum</strong></span> <span class='ocrx_word' id='word_1_669' title='bbox 3255 4182 3448 4236; x_wconf 86' lang='lat' dir='ltr'><strong>verbe-</strong></span> 
     </span>
    </p>
   </div>
   <div class='ocr_carea' id='block_1_90' title="bbox 1883 4271 3446 4340">
    <p class='ocr_par' dir='ltr' id='par_1_90' title="bbox 1883 4271 3446 4340">
     <span class='ocr_line' id='line_1_90' title="bbox 1883 4271 3446 4340; baseline -0.002 -11"><span class='ocrx_word' id='word_1_670' title='bbox 1883 4284 1999 4340; x_wconf 86' lang='lat' dir='ltr'><strong>ret;</strong></span> <span class='ocrx_word' id='word_1_671' title='bbox 2029 4276 2122 4328; x_wconf 90' lang='lat' dir='ltr'><strong>sed</strong></span> <span class='ocrx_word' id='word_1_672' title='bbox 2153 4284 2212 4329; x_wconf 93' lang='lat' dir='ltr'><strong>ut</strong></span> <span class='ocrx_word' id='word_1_673' title='bbox 2243 4275 2454 4329; x_wconf 83' lang='lat' dir='ltr'><strong>hostem</strong></span> <span class='ocrx_word' id='word_1_674' title='bbox 2488 4283 2716 4339; x_wconf 83' lang='lat' dir='ltr'><strong>sternat,</strong></span> <span class='ocrx_word' id='word_1_675' title='bbox 2750 4274 2800 4326; x_wconf 95' lang='lat' dir='ltr'><strong>id</strong></span> <span class='ocrx_word' id='word_1_676' title='bbox 2829 4273 2978 4327; x_wconf 81' lang='lat' dir='ltr'><strong>facit.</strong></span> <span class='ocrx_word' id='word_1_677' title='bbox 3010 4271 3107 4327; x_wconf 86' lang='lat' dir='ltr'><strong>Hic</strong></span> <span class='ocrx_word' id='word_1_678' title='bbox 3131 4289 3257 4326; x_wconf 89' lang='lat' dir='ltr'><strong>vero</strong></span> <span class='ocrx_word' id='word_1_679' title='bbox 3289 4276 3446 4339; x_wconf 71' lang='lat' dir='ltr'><strong>cujus</strong></span> 
     </span>
    </p>
   </div>
   <div class='ocr_carea' id='block_1_91' title="bbox 1881 4365 3445 4436">
    <p class='ocr_par' dir='ltr' id='par_1_91' title="bbox 1881 4365 3445 4436">
     <span class='ocr_line' id='line_1_91' title="bbox 1881 4365 3445 4436; baseline -0.003 -14"><span class='ocrx_word' id='word_1_680' title='bbox 1881 4367 2233 4422; x_wconf 84' lang='lat' dir='ltr'><strong>emolumenti</strong></span> <span class='ocrx_word' id='word_1_681' title='bbox 2268 4382 2384 4436; x_wconf 88' lang='lat' dir='ltr'><strong>spe,</strong></span> <span class='ocrx_word' id='word_1_682' title='bbox 2413 4381 2519 4435; x_wconf 93' lang='lat' dir='ltr'><strong>qno</strong></span> <span class='ocrx_word' id='word_1_683' title='bbox 2547 4365 2652 4418; x_wconf 77' lang='lat' dir='ltr'><strong>fine</strong></span> <span class='ocrx_word' id='word_1_684' title='bbox 2682 4365 2980 4434; x_wconf 91' lang='lat' dir='ltr'><strong>proposito,</strong></span> <span class='ocrx_word' id='word_1_685' title='bbox 3009 4366 3296 4434; x_wconf 86' lang='lat' dir='ltr'><strong>quisquam</strong></span> <span class='ocrx_word' id='word_1_686' title='bbox 3328 4366 3445 4418; x_wconf 88' lang='lat' dir='ltr'><strong>d.s-</strong></span> 
     </span>
    </p>
   </div>
   <div class='ocr_carea' id='block_1_92' title="bbox 1883 4455 3445 4527">
    <p class='ocr_par' dir='ltr' id='par_1_92' title="bbox 1883 4455 3445 4527">
     <span class='ocr_line' id='line_1_92' title="bbox 1883 4455 3445 4527; baseline -0.003 -16"><span class='ocrx_word' id='word_1_687' title='bbox 1883 4469 2076 4527; x_wconf 86' lang='lat' dir='ltr'><strong>putare</strong></span> <span class='ocrx_word' id='word_1_688' title='bbox 2120 4473 2243 4512; x_wconf 92' lang='lat' dir='ltr'><strong>cum</strong></span> <span class='ocrx_word' id='word_1_689' title='bbox 2281 4458 2492 4512; x_wconf 87' lang='lat' dir='ltr'><strong>Latinis</strong></span> <span class='ocrx_word' id='word_1_690' title='bbox 2557 4457 2709 4523; x_wconf 88' lang='lat' dir='ltr'><strong>velit,</strong></span> <span class='ocrx_word' id='word_1_691' title='bbox 2745 4455 2999 4526; x_wconf 89' lang='lat' dir='ltr'><strong>equidem</strong></span> <span class='ocrx_word' id='word_1_692' title='bbox 3048 4473 3155 4509; x_wconf 90' lang='lat' dir='ltr'><strong>non</strong></span> <span class='ocrx_word' id='word_1_693' title='bbox 3190 4456 3366 4515; x_wconf 78' lang='lat' dir='ltr'><strong>video.</strong></span> <span class='ocrx_word' id='word_1_694' title='bbox 3400 4456 3445 4507; x_wconf 88' lang='lat' dir='ltr'><strong>si</strong></span> 
     </span>
    </p>
   </div>
   <div class='ocr_carea' id='block_1_93' title="bbox 204 4544 1798 4622">
    <p class='ocr_par' dir='ltr' id='par_1_93' title="bbox 204 4544 1772 4616">
     <span class='ocr_line' id='line_1_93' title="bbox 204 4544 1772 4616; baseline 0.001 -18"><span class='ocrx_word' id='word_1_695' title='bbox 204 4549 247 4598; x_wconf 81' lang='grc' dir='ltr'>δ’</span> <span class='ocrx_word' id='word_1_696' title='bbox 281 4548 485 4616; x_wconf 78' lang='grc' dir='ltr'>ὁμοίως</span> <span class='ocrx_word' id='word_1_697' title='bbox 530 4547 627 4598; x_wconf 88' lang='grc' dir='ltr'><strong>οὐκ</strong></span> <span class='ocrx_word' id='word_1_698' title='bbox 656 4549 786 4598; x_wconf 76' lang='grc' dir='ltr'>αὐτὸ</span> <span class='ocrx_word' id='word_1_699' title='bbox 825 4548 944 4597; x_wconf 76' lang='grc' dir='ltr'>καθ’</span> <span class='ocrx_word' id='word_1_700' title='bbox 975 4547 1107 4598; x_wconf 77' lang='grc' dir='ltr'>αὐτὸ</span> <span class='ocrx_word' id='word_1_701' title='bbox 1135 4548 1194 4598; x_wconf 83' lang='grc' dir='ltr'>τὸ</span> <span class='ocrx_word' id='word_1_702' title='bbox 1230 4544 1489 4610; x_wconf 87' lang='grc' dir='ltr'>τοξεύειν,</span> <span class='ocrx_word' id='word_1_703' title='bbox 1517 4547 1653 4600; x_wconf 80' lang='grc' dir='ltr'>ἀλλὰ</span> <span class='ocrx_word' id='word_1_704' title='bbox 1680 4549 1772 4600; x_wconf 75' lang='grc' dir='ltr'>τοῦ</span> 
     </span>
    </p>
   </div>
   <div class='ocr_carea' id='block_1_94' title="bbox 1876 4544 3441 4622">
    <p class='ocr_par' dir='ltr' id='par_1_94' title="bbox 1882 4548 3441 4619">
     <span class='ocr_line' id='line_1_94' title="bbox 1882 4548 3441 4619; baseline -0.002 -16"><span class='ocrx_word' id='word_1_705' title='bbox 1882 4565 1983 4603; x_wconf 90' lang='lat' dir='ltr'><strong>nec</strong></span> <span class='ocrx_word' id='word_1_706' title='bbox 2023 4549 2123 4619; x_wconf 86' lang='lat' dir='ltr'><strong>ipsi</strong></span> <span class='ocrx_word' id='word_1_707' title='bbox 2161 4550 2383 4615; x_wconf 90' lang='lat' dir='ltr'><strong>nostris,</strong></span> <span class='ocrx_word' id='word_1_708' title='bbox 2413 4565 2514 4603; x_wconf 79' lang='lat' dir='ltr'><strong>nec</strong></span> <span class='ocrx_word' id='word_1_709' title='bbox 2540 4564 2640 4602; x_wconf 88' lang='lat' dir='ltr'><strong>nos</strong></span> <span class='ocrx_word' id='word_1_710' title='bbox 2670 4549 2886 4602; x_wconf 90' lang='lat' dir='ltr'><strong>illorum</strong></span> <span class='ocrx_word' id='word_1_711' title='bbox 2918 4549 3153 4602; x_wconf 90' lang='lat' dir='ltr'><strong>decretis</strong></span> <span class='ocrx_word' id='word_1_712' title='bbox 3183 4548 3441 4602; x_wconf 83' lang='lat' dir='ltr'><strong>assentiri</strong></span> 
     </span>
    </p>
   </div>
   <div class='ocr_carea' id='block_1_95' title="bbox 208 4633 1780 4705">
    <p class='ocr_par' dir='ltr' id='par_1_95' title="bbox 208 4633 1780 4705">
     <span class='ocr_line' id='line_1_95' title="bbox 208 4633 1780 4705; baseline 0.002 -20"><span class='ocrx_word' id='word_1_713' title='bbox 208 4636 390 4702; x_wconf 79' lang='grc' dir='ltr'>βαλεῖν</span> <span class='ocrx_word' id='word_1_714' title='bbox 413 4635 504 4685; x_wconf 81' lang='grc' dir='ltr'>τὸν</span> <span class='ocrx_word' id='word_1_715' title='bbox 532 4633 788 4701; x_wconf 56' lang='grc' dir='ltr'>πολέμιον</span> <span class='ocrx_word' id='word_1_716' title='bbox 818 4635 999 4685; x_wconf 74' lang='grc' dir='ltr'>εἵνεκα</span> <span class='ocrx_word' id='word_1_717' title='bbox 1029 4634 1183 4686; x_wconf 83' lang='grc' dir='ltr'>τοῦτο</span> <span class='ocrx_word' id='word_1_718' title='bbox 1213 4635 1538 4705; x_wconf 82' lang='grc' dir='ltr'>προῄρηται.</span> <span class='ocrx_word' id='word_1_719' title='bbox 1558 4637 1780 4689; x_wconf 71' lang='grc' dir='ltr'>Ἐνταυο</span> 
     </span>
    </p>
   </div>
   <div class='ocr_carea' id='block_1_96' title="bbox 208 4727 1780 4799">
    <p class='ocr_par' dir='ltr' id='par_1_96' title="bbox 208 4727 1780 4799">
     <span class='ocr_line' id='line_1_96' title="bbox 208 4727 1780 4799; baseline 0.002 -21"><span class='ocrx_word' id='word_1_720' title='bbox 208 4728 293 4778; x_wconf 66' lang='lat' dir='ltr'><strong>(tot</strong></span> <span class='ocrx_word' id='word_1_721' title='bbox 321 4727 364 4778; x_wconf 85' lang='grc' dir='ltr'>δ’</span> <span class='ocrx_word' id='word_1_722' title='bbox 399 4727 496 4795; x_wconf 87' lang='grc' dir='ltr'>οὐχ</span> <span class='ocrx_word' id='word_1_723' title='bbox 523 4727 653 4794; x_wconf 82' lang='grc' dir='ltr'>ὁρῶ,</span> <span class='ocrx_word' id='word_1_724' title='bbox 691 4727 836 4788; x_wconf 88' lang='grc' dir='ltr'>τίνος</span> <span class='ocrx_word' id='word_1_725' title='bbox 877 4727 1063 4778; x_wconf 78' lang='grc' dir='ltr'>εἵνεκα</span> <span class='ocrx_word' id='word_1_726' title='bbox 1094 4727 1316 4797; x_wconf 82' lang='grc' dir='ltr'>κέρδους</span> <span class='ocrx_word' id='word_1_727' title='bbox 1363 4732 1455 4780; x_wconf 79' lang='grc' dir='ltr'>καὶ</span> <span class='ocrx_word' id='word_1_728' title='bbox 1487 4730 1620 4799; x_wconf 83' lang='grc' dir='ltr'>πρὸς</span> <span class='ocrx_word' id='word_1_729' title='bbox 1657 4729 1780 4782; x_wconf 86' lang='grc' dir='ltr'>τίνα</span> 
     </span>
    </p>
   </div>
   <div class='ocr_carea' id='block_1_97' title="bbox 209 4815 1778 4888">
    <p class='ocr_par' dir='ltr' id='par_1_97' title="bbox 209 4815 1778 4888">
     <span class='ocr_line' id='line_1_97' title="bbox 209 4815 1778 4888; baseline 0.003 -22"><span class='ocrx_word' id='word_1_730' title='bbox 209 4817 426 4886; x_wconf 79' lang='grc' dir='ltr'>βλέπων</span> <span class='ocrx_word' id='word_1_731' title='bbox 463 4817 662 4867; x_wconf 69' lang='grc' dir='ltr'>σκοπὸν</span> <span class='ocrx_word' id='word_1_732' title='bbox 707 4815 1051 4883; x_wconf 83' lang='grc' dir='ltr'>διαλέγεσθαι</span> <span class='ocrx_word' id='word_1_733' title='bbox 1083 4817 1148 4869; x_wconf 85' lang='grc' dir='ltr'>ἄν</span> <span class='ocrx_word' id='word_1_734' title='bbox 1200 4834 1281 4880; x_wconf 89' lang='grc' dir='ltr'><strong>τις</strong></span> <span class='ocrx_word' id='word_1_735' title='bbox 1329 4818 1522 4883; x_wconf 80' lang='grc' dir='ltr'>ἕλοιτο,</span> <span class='ocrx_word' id='word_1_736' title='bbox 1566 4821 1613 4869; x_wconf 87' lang='grc' dir='ltr'>εἰ</span> <span class='ocrx_word' id='word_1_737' title='bbox 1655 4821 1778 4888; x_wconf 83' lang='grc' dir='ltr'>μήτ’</span> 
     </span>
    </p>
   </div>
   <div class='ocr_carea' id='block_1_98' title="bbox 205 4906 1777 4976">
    <p class='ocr_par' dir='ltr' id='par_1_98' title="bbox 205 4906 1777 4976">
     <span class='ocr_line' id='line_1_98' title="bbox 205 4906 1777 4976; baseline 0.001 -15"><span class='ocrx_word' id='word_1_738' title='bbox 205 4909 360 4961; x_wconf 62' lang='grc' dir='ltr'>αὐτοὶ</span> <span class='ocrx_word' id='word_1_739' title='bbox 389 4908 499 4968; x_wconf 82' lang='grc' dir='ltr'>τοῖς</span> <span class='ocrx_word' id='word_1_740' title='bbox 529 4906 704 4975; x_wconf 77' lang='grc' dir='ltr'>ἡμῶν,</span> <span class='ocrx_word' id='word_1_741' title='bbox 757 4908 884 4976; x_wconf 80' lang='grc' dir='ltr'>μήθ’</span> <span class='ocrx_word' id='word_1_742' title='bbox 921 4909 1085 4975; x_wconf 76' lang='grc' dir='ltr'>ἡμεῖς</span> <span class='ocrx_word' id='word_1_743' title='bbox 1115 4910 1226 4970; x_wconf 89' lang='grc' dir='ltr'>τοῖς</span> <span class='ocrx_word' id='word_1_744' title='bbox 1254 4909 1432 4960; x_wconf 84' lang='grc' dir='ltr'>αὐτῶν</span> <span class='ocrx_word' id='word_1_745' title='bbox 1485 4911 1777 4963; x_wconf 77' lang='grc' dir='ltr'>συνθέσθαι</span> 
     </span>
    </p>
   </div>
   <div class='ocr_carea' id='block_1_99' title="bbox 211 4998 1780 5071">
    <p class='ocr_par' dir='ltr' id='par_1_99' title="bbox 211 4998 1780 5071">
     <span class='ocr_line' id='line_1_99' title="bbox 211 4998 1780 5071; baseline -0.001 -17"><span class='ocrx_word' id='word_1_746' title='bbox 211 5000 549 5071; x_wconf 68' lang='grc' dir='ltr'>βουλήμασιν</span> <span class='ocrx_word' id='word_1_747' title='bbox 584 4998 827 5068; x_wconf 85' lang='grc' dir='ltr'>ἐγνωμεν</span> <span class='ocrx_word' id='word_1_748' title='bbox 858 4999 1099 5065; x_wconf 83' lang='grc' dir='ltr'>πώποτε,</span> <span class='ocrx_word' id='word_1_749' title='bbox 1147 4999 1249 5052; x_wconf 85' lang='grc' dir='ltr'>κᾶν</span> <span class='ocrx_word' id='word_1_750' title='bbox 1279 5003 1476 5062; x_wconf 82' lang='grc' dir='ltr'>πάντες</span> <span class='ocrx_word' id='word_1_751' title='bbox 1513 5003 1653 5068; x_wconf 78' lang='grc' dir='ltr'>φῶσι</span> <span class='ocrx_word' id='word_1_752' title='bbox 1699 5003 1780 5053; x_wconf 78' lang='grc' dir='ltr'>λίο</span> 
     </span>
    </p>
   </div>
   <div class='ocr_carea' id='block_1_100' title="bbox 209 5091 1778 5162">
    <p class='ocr_par' dir='ltr' id='par_1_100' title="bbox 209 5091 1778 5162">
     <span class='ocr_line' id='line_1_100' title="bbox 209 5091 1778 5162; baseline -0.001 -16"><span class='ocrx_word' id='word_1_753' title='bbox 209 5098 316 5158; x_wconf 69' lang='grc' dir='ltr'>θοι,</span> <span class='ocrx_word' id='word_1_754' title='bbox 353 5092 456 5144; x_wconf 81' lang='grc' dir='ltr'>κᾶν</span> <span class='ocrx_word' id='word_1_755' title='bbox 508 5091 683 5144; x_wconf 87' lang='grc' dir='ltr'>πάντα</span> <span class='ocrx_word' id='word_1_756' title='bbox 721 5094 885 5158; x_wconf 78' lang='grc' dir='ltr'>φυτά.</span> <span class='ocrx_word' id='word_1_757' title='bbox 918 5093 1038 5145; x_wconf 86' lang='grc' dir='ltr'><strong>Ἐτι</strong></span> <span class='ocrx_word' id='word_1_758' title='bbox 1081 5095 1190 5162; x_wconf 82' lang='grc' dir='ltr'>μὴν</span> <span class='ocrx_word' id='word_1_759' title='bbox 1224 5095 1315 5146; x_wconf 76' lang='grc' dir='ltr'><strong>καὶ</strong></span> <span class='ocrx_word' id='word_1_760' title='bbox 1356 5096 1463 5146; x_wconf 81' lang='grc' dir='ltr'>τῶν</span> <span class='ocrx_word' id='word_1_761' title='bbox 1493 5096 1778 5145; x_wconf 78' lang='grc' dir='ltr'>ἀτοπωτάο</span> 
     </span>
    </p>
   </div>
   <div class='ocr_carea' id='block_1_101' title="bbox 208 5181 1780 5252">
    <p class='ocr_par' dir='ltr' id='par_1_101' title="bbox 208 5181 1780 5252">
     <span class='ocr_line' id='line_1_101' title="bbox 208 5181 1780 5252; baseline -0.001 -18"><span class='ocrx_word' id='word_1_762' title='bbox 208 5200 318 5235; x_wconf 70' lang='grc' dir='ltr'><strong>των</strong></span> <span class='ocrx_word' id='word_1_763' title='bbox 348 5183 414 5233; x_wconf 77' lang='grc' dir='ltr'>ἂν</span> <span class='ocrx_word' id='word_1_764' title='bbox 441 5183 526 5248; x_wconf 74' lang='grc' dir='ltr'>εἴη</span> <span class='ocrx_word' id='word_1_765' title='bbox 560 5181 652 5231; x_wconf 74' lang='grc' dir='ltr'>καὶ</span> <span class='ocrx_word' id='word_1_766' title='bbox 685 5181 870 5250; x_wconf 66' lang='grc' dir='ltr'>πόρρω</span> <span class='ocrx_word' id='word_1_767' title='bbox 905 5196 1003 5231; x_wconf 90' lang='grc' dir='ltr'><strong>που</strong></span> <span class='ocrx_word' id='word_1_768' title='bbox 1035 5181 1130 5231; x_wconf 80' lang='grc' dir='ltr'>τοῦ</span> <span class='ocrx_word' id='word_1_769' title='bbox 1160 5183 1525 5250; x_wconf 81' lang='grc' dir='ltr'>προσήκοντος</span> <span class='ocrx_word' id='word_1_770' title='bbox 1557 5184 1780 5252; x_wconf 82' lang='grc' dir='ltr'>πορευό-</span> 
     </span>
    </p>
   </div>
   <div class='ocr_carea' id='block_1_102' title="bbox 213 5272 1778 5344">
    <p class='ocr_par' dir='ltr' id='par_1_102' title="bbox 213 5272 1778 5344">
     <span class='ocr_line' id='line_1_102' title="bbox 213 5272 1778 5344; baseline -0.001 -19"><span class='ocrx_word' id='word_1_771' title='bbox 213 5291 377 5344; x_wconf 89' lang='grc' dir='ltr'>μενον</span> <span class='ocrx_word' id='word_1_772' title='bbox 412 5272 593 5339; x_wconf 86' lang='grc' dir='ltr'>λόγου,</span> <span class='ocrx_word' id='word_1_773' title='bbox 621 5274 746 5334; x_wconf 80' lang='grc' dir='ltr'>τοὺς</span> <span class='ocrx_word' id='word_1_774' title='bbox 781 5278 882 5340; x_wconf 86' lang='grc' dir='ltr'>μὲν</span> <span class='ocrx_word' id='word_1_775' title='bbox 930 5273 1282 5340; x_wconf 73' lang='grc' dir='ltr'>Ὀλυμπιάσιν</span> <span class='ocrx_word' id='word_1_776' title='bbox 1325 5275 1655 5338; x_wconf 70' lang='grc' dir='ltr'>ἀγωνιστὰς,</span> <span class='ocrx_word' id='word_1_777' title='bbox 1687 5277 1778 5325; x_wconf 73' lang='grc' dir='ltr'><strong>καὶ</strong></span> 
     </span>
    </p>
   </div>
   <div class='ocr_carea' id='block_1_103' title="bbox 209 5364 1776 5434">
    <p class='ocr_par' dir='ltr' id='par_1_103' title="bbox 209 5364 1776 5434">
     <span class='ocr_line' id='line_1_103' title="bbox 209 5364 1776 5434; baseline -0.001 -16"><span class='ocrx_word' id='word_1_778' title='bbox 209 5367 327 5418; x_wconf 83' lang='grc' dir='ltr'>ὅσοι</span> <span class='ocrx_word' id='word_1_779' title='bbox 359 5366 461 5434; x_wconf 80' lang='grc' dir='ltr'>γῆς</span> <span class='ocrx_word' id='word_1_780' title='bbox 492 5365 652 5416; x_wconf 77' lang='grc' dir='ltr'>ἕνεκα</span> <span class='ocrx_word' id='word_1_781' title='bbox 699 5364 973 5426; x_wconf 87' lang='grc' dir='ltr'>σταδιαίας</span> <span class='ocrx_word' id='word_1_782' title='bbox 1007 5364 1440 5433; x_wconf 72' lang='grc' dir='ltr'>άμφισὸητοῦσι,</span> <span class='ocrx_word' id='word_1_783' title='bbox 1489 5367 1582 5418; x_wconf 77' lang='grc' dir='ltr'>καὶ</span> <span class='ocrx_word' id='word_1_784' title='bbox 1618 5365 1776 5428; x_wconf 81' lang='grc' dir='ltr'>εἴτις</span> 
     </span>
    </p>
   </div>
   <div class='ocr_carea' id='block_1_104' title="bbox 207 5455 1777 5521">
    <p class='ocr_par' dir='ltr' id='par_1_104' title="bbox 207 5455 1777 5521">
     <span class='ocr_line' id='line_1_104' title="bbox 207 5455 1777 5521; baseline 0.002 -13"><span class='ocrx_word' id='word_1_785' title='bbox 207 5457 571 5517; x_wconf 86' lang='grc' dir='ltr'>λωποδυσίαις</span> <span class='ocrx_word' id='word_1_786' title='bbox 605 5455 898 5520; x_wconf 85' lang='grc' dir='ltr'>ἁλίσκοιτο,</span> <span class='ocrx_word' id='word_1_787' title='bbox 936 5456 1143 5517; x_wconf 86' lang='grc' dir='ltr'>τούτοις</span> <span class='ocrx_word' id='word_1_788' title='bbox 1168 5459 1368 5521; x_wconf 70' lang='grc' dir='ltr'>ἐξεῖναι</span> <span class='ocrx_word' id='word_1_789' title='bbox 1404 5458 1568 5508; x_wconf 82' lang='grc' dir='ltr'>πᾶσιν</span> <span class='ocrx_word' id='word_1_790' title='bbox 1593 5459 1777 5511; x_wconf 79' lang='grc' dir='ltr'>Ἑλλα-</span> 
     </span>
    </p>
   </div>
   <div class='ocr_carea' id='block_1_105' title="bbox 212 5544 1778 5614">
    <p class='ocr_par' dir='ltr' id='par_1_105' title="bbox 212 5544 1778 5614">
     <span class='ocr_line' id='line_1_105' title="bbox 212 5544 1778 5614; baseline -0.002 -14"><span class='ocrx_word' id='word_1_791' title='bbox 212 5546 431 5607; x_wconf 84' lang='grc' dir='ltr'>νοδίκας</span> <span class='ocrx_word' id='word_1_792' title='bbox 460 5547 612 5606; x_wconf 72' lang='grc' dir='ltr'>τινὰς</span> <span class='ocrx_word' id='word_1_793' title='bbox 639 5547 731 5596; x_wconf 73' lang='grc' dir='ltr'>καὶ</span> <span class='ocrx_word' id='word_1_794' title='bbox 771 5544 965 5612; x_wconf 82' lang='grc' dir='ltr'>κριτὰς</span> <span class='ocrx_word' id='word_1_795' title='bbox 987 5545 1252 5612; x_wconf 75' lang='grc' dir='ltr'>ἀρῤεπεῖς</span> <span class='ocrx_word' id='word_1_796' title='bbox 1293 5545 1662 5614; x_wconf 78' lang='grc' dir='ltr'>προκαθίζειν,</span> <span class='ocrx_word' id='word_1_797' title='bbox 1703 5545 1778 5609; x_wconf 85' lang='grc' dir='ltr'>ὡς</span> 
     </span>
    </p>
   </div>
   <div class='ocr_carea' id='block_1_106' title="bbox 215 5635 1777 5709">
    <p class='ocr_par' dir='ltr' id='par_1_106' title="bbox 215 5635 1777 5709">
     <span class='ocr_line' id='line_1_106' title="bbox 215 5635 1777 5709; baseline 0 -19"><span class='ocrx_word' id='word_1_798' title='bbox 215 5641 294 5709; x_wconf 80' lang='grc' dir='ltr'>μὴ</span> <span class='ocrx_word' id='word_1_799' title='bbox 321 5638 456 5708; x_wconf 77' lang='grc' dir='ltr'>λάϐῃ</span> <span class='ocrx_word' id='word_1_800' title='bbox 493 5638 828 5708; x_wconf 74' lang='grc' dir='ltr'>παρσρῤυεὶς</span> <span class='ocrx_word' id='word_1_801' title='bbox 875 5637 902 5687; x_wconf 79' lang='grc' dir='ltr'><strong><em>ὁ</em></strong></span> <span class='ocrx_word' id='word_1_802' title='bbox 940 5635 1033 5688; x_wconf 80' lang='grc' dir='ltr'><strong>τοῦ</strong></span> <span class='ocrx_word' id='word_1_803' title='bbox 1081 5636 1289 5688; x_wconf 85' lang='grc' dir='ltr'>δικαίου</span> <span class='ocrx_word' id='word_1_804' title='bbox 1342 5637 1541 5700; x_wconf 85' lang='grc' dir='ltr'>κανὼν,</span> <span class='ocrx_word' id='word_1_805' title='bbox 1579 5641 1777 5705; x_wconf 84' lang='grc' dir='ltr'>μᾶλλον</span> 
     </span>
    </p>
   </div>
   <div class='ocr_carea' id='block_1_107' title="bbox 212 5723 1779 5795">
    <p class='ocr_par' dir='ltr' id='par_1_107' title="bbox 212 5723 1779 5795">
     <span class='ocr_line' id='line_1_107' title="bbox 212 5723 1779 5795; baseline 0 -17"><span class='ocrx_word' id='word_1_806' title='bbox 212 5729 258 5778; x_wconf 81' lang='grc' dir='ltr'>δ’</span> <span class='ocrx_word' id='word_1_807' title='bbox 297 5728 383 5780; x_wconf 87' lang='grc' dir='ltr'><strong>ῐνα</strong></span> <span class='ocrx_word' id='word_1_808' title='bbox 417 5730 493 5794; x_wconf 80' lang='grc' dir='ltr'><strong>μη</strong></span> <span class='ocrx_word' id='word_1_809' title='bbox 524 5726 788 5794; x_wconf 77' lang='grc' dir='ltr'>ἀνήνυτον</span> <span class='ocrx_word' id='word_1_810' title='bbox 815 5724 914 5793; x_wconf 76' lang='grc' dir='ltr'><strong>ἔχῃ</strong></span> <span class='ocrx_word' id='word_1_811' title='bbox 945 5725 1036 5776; x_wconf 73' lang='grc' dir='ltr'><strong>τὸν</strong></span> <span class='ocrx_word' id='word_1_812' title='bbox 1090 5723 1290 5792; x_wconf 87' lang='grc' dir='ltr'>δρόμον</span> <span class='ocrx_word' id='word_1_813' title='bbox 1319 5726 1350 5792; x_wconf 80' lang='grc' dir='ltr'>ἡ</span> <span class='ocrx_word' id='word_1_814' title='bbox 1382 5727 1476 5793; x_wconf 77' lang='grc' dir='ltr'>τῆς</span> <span class='ocrx_word' id='word_1_815' title='bbox 1502 5727 1779 5795; x_wconf 68' lang='grc' dir='ltr'>ἀμφιοὸη-</span> 
     </span>
    </p>
   </div>
   <div class='ocr_carea' id='block_1_108' title="bbox 211 5815 1779 5887">
    <p class='ocr_par' dir='ltr' id='par_1_108' title="bbox 211 5815 1779 5887">
     <span class='ocr_line' id='line_1_108' title="bbox 211 5815 1779 5887; baseline 0.001 -18"><span class='ocrx_word' id='word_1_816' title='bbox 211 5820 425 5887; x_wconf 71' lang='grc' dir='ltr'>τῄσεως</span> <span class='ocrx_word' id='word_1_817' title='bbox 460 5817 598 5885; x_wconf 75' lang='grc' dir='ltr'>ἔρις,</span> <span class='ocrx_word' id='word_1_818' title='bbox 628 5816 853 5885; x_wconf 82' lang='grc' dir='ltr'>μηδενὸς</span> <span class='ocrx_word' id='word_1_819' title='bbox 879 5816 1241 5885; x_wconf 85' lang='grc' dir='ltr'>προκειμένου</span> <span class='ocrx_word' id='word_1_820' title='bbox 1279 5815 1499 5877; x_wconf 78' lang='grc' dir='ltr'>κανόνος</span> <span class='ocrx_word' id='word_1_821' title='bbox 1538 5818 1628 5870; x_wconf 84' lang='grc' dir='ltr'>καὶ</span> <span class='ocrx_word' id='word_1_822' title='bbox 1657 5818 1779 5871; x_wconf 79' lang='grc' dir='ltr'>στά-</span> 
     </span>
    </p>
   </div>
   <div class='ocr_carea' id='block_1_109' title="bbox 1884 4639 3444 4710">
    <p class='ocr_par' dir='ltr' id='par_1_109' title="bbox 1884 4639 3444 4710">
     <span class='ocr_line' id='line_1_109' title="bbox 1884 4639 3444 4710; baseline -0.003 -15"><span class='ocrx_word' id='word_1_823' title='bbox 1884 4656 2120 4710; x_wconf 88' lang='lat' dir='ltr'><strong>unquam</strong></span> <span class='ocrx_word' id='word_1_824' title='bbox 2146 4640 2514 4706; x_wconf 86' lang='lat' dir='ltr'><strong>decrevimus,</strong></span> <span class='ocrx_word' id='word_1_825' title='bbox 2545 4641 2628 4693; x_wconf 89' lang='lat' dir='ltr'><strong>vel</strong></span> <span class='ocrx_word' id='word_1_826' title='bbox 2655 4641 2696 4694; x_wconf 93' lang='lat' dir='ltr'><strong>si</strong></span> <span class='ocrx_word' id='word_1_827' title='bbox 2729 4654 2920 4693; x_wconf 88' lang='lat' dir='ltr'><strong>omnes</strong></span> <span class='ocrx_word' id='word_1_828' title='bbox 2947 4639 3049 4694; x_wconf 90' lang='lat' dir='ltr'><strong>hoc</strong></span> <span class='ocrx_word' id='word_1_829' title='bbox 3072 4639 3298 4708; x_wconf 88' lang='lat' dir='ltr'><strong>lapides,</strong></span> <span class='ocrx_word' id='word_1_830' title='bbox 3327 4656 3444 4693; x_wconf 86' lang='lat' dir='ltr'><strong>Olll-</strong></span> 
     </span>
    </p>
   </div>
   <div class='ocr_carea' id='block_1_110' title="bbox 1883 4729 3440 4800">
    <p class='ocr_par' dir='ltr' id='par_1_110' title="bbox 1883 4729 3440 4800">
     <span class='ocr_line' id='line_1_110' title="bbox 1883 4729 3440 4800; baseline -0.001 -14"><span class='ocrx_word' id='word_1_831' title='bbox 1883 4749 1978 4787; x_wconf 90' lang='lat' dir='ltr'><strong>nes</strong></span> <span class='ocrx_word' id='word_1_832' title='bbox 2021 4733 2240 4800; x_wconf 83' lang='lat' dir='ltr'><strong>stipites</strong></span> <span class='ocrx_word' id='word_1_833' title='bbox 2269 4732 2499 4786; x_wconf 89' lang='lat' dir='ltr'><strong>dictent.</strong></span> <span class='ocrx_word' id='word_1_834' title='bbox 2535 4731 2740 4785; x_wconf 85' lang='lat' dir='ltr'><strong>Deinde</strong></span> <span class='ocrx_word' id='word_1_835' title='bbox 2784 4729 3241 4786; x_wconf 85' lang='lat' dir='ltr'><strong>absurdissimum</strong></span> <span class='ocrx_word' id='word_1_836' title='bbox 3288 4731 3440 4785; x_wconf 89' lang='lat' dir='ltr'><strong>etab</strong></span> 
     </span>
    </p>
   </div>
   <div class='ocr_carea' id='block_1_111' title="bbox 1882 4820 3444 4893">
    <p class='ocr_par' dir='ltr' id='par_1_111' title="bbox 1882 4820 3444 4893">
     <span class='ocr_line' id='line_1_111' title="bbox 1882 4820 3444 4893; baseline -0.001 -17"><span class='ocrx_word' id='word_1_837' title='bbox 1882 4825 2029 4878; x_wconf 87' lang='lat' dir='ltr'><strong>onmi</strong></span> <span class='ocrx_word' id='word_1_838' title='bbox 2067 4825 2276 4878; x_wconf 86' lang='lat' dir='ltr'><strong>ratione</strong></span> <span class='ocrx_word' id='word_1_839' title='bbox 2302 4822 2700 4878; x_wconf 76' lang='lat' dir='ltr'><strong>alienissimum</strong></span> <span class='ocrx_word' id='word_1_840' title='bbox 2738 4823 2922 4888; x_wconf 79' lang='lat' dir='ltr'><strong>fuerit,</strong></span> <span class='ocrx_word' id='word_1_841' title='bbox 2962 4822 3027 4876; x_wconf 93' lang='lat' dir='ltr'><strong>iis</strong></span> <span class='ocrx_word' id='word_1_842' title='bbox 3063 4821 3154 4891; x_wconf 91' lang='lat' dir='ltr'><strong>qui</strong></span> <span class='ocrx_word' id='word_1_843' title='bbox 3181 4822 3232 4875; x_wconf 90' lang='lat' dir='ltr'><strong>in</strong></span> <span class='ocrx_word' id='word_1_844' title='bbox 3259 4820 3444 4893; x_wconf 84' lang='lat' dir='ltr'><strong>Olym-</strong></span> 
     </span>
    </p>
   </div>
   <div class='ocr_carea' id='block_1_112' title="bbox 1882 4914 3446 4984">
    <p class='ocr_par' dir='ltr' id='par_1_112' title="bbox 1882 4914 3446 4984">
     <span class='ocr_line' id='line_1_112' title="bbox 1882 4914 3446 4984; baseline 0.001 -18"><span class='ocrx_word' id='word_1_845' title='bbox 1882 4915 1982 4984; x_wconf 91' lang='lat' dir='ltr'><strong>piis</strong></span> <span class='ocrx_word' id='word_1_846' title='bbox 2022 4923 2234 4968; x_wconf 88' lang='lat' dir='ltr'><strong>certant</strong></span> <span class='ocrx_word' id='word_1_847' title='bbox 2263 4923 2319 4969; x_wconf 91' lang='lat' dir='ltr'><strong>et</strong></span> <span class='ocrx_word' id='word_1_848' title='bbox 2361 4914 2413 4968; x_wconf 90' lang='lat' dir='ltr'><strong>in</strong></span> <span class='ocrx_word' id='word_1_849' title='bbox 2456 4915 2632 4968; x_wconf 74' lang='lat' dir='ltr'><strong>stadio</strong></span> <span class='ocrx_word' id='word_1_850' title='bbox 2665 4915 2984 4974; x_wconf 89' lang='lat' dir='ltr'><strong>decurrunt,</strong></span> <span class='ocrx_word' id='word_1_851' title='bbox 3038 4922 3130 4967; x_wconf 88' lang='lat' dir='ltr'><strong>aut</strong></span> <span class='ocrx_word' id='word_1_852' title='bbox 3172 4914 3262 4983; x_wconf 91' lang='lat' dir='ltr'><strong>qui</strong></span> <span class='ocrx_word' id='word_1_853' title='bbox 3315 4914 3446 4967; x_wconf 79' lang='lat' dir='ltr'><strong>furti</strong></span> 
     </span>
    </p>
   </div>
   <div class='ocr_carea' id='block_1_113' title="bbox 1881 5004 3446 5075">
    <p class='ocr_par' dir='ltr' id='par_1_113' title="bbox 1881 5004 3446 5075">
     <span class='ocr_line' id='line_1_113' title="bbox 1881 5004 3446 5075; baseline -0.003 -18"><span class='ocrx_word' id='word_1_854' title='bbox 1881 5015 2206 5075; x_wconf 79' lang='lat' dir='ltr'><strong>arguuntur,</strong></span> <span class='ocrx_word' id='word_1_855' title='bbox 2245 5006 2311 5059; x_wconf 90' lang='lat' dir='ltr'><strong>ad</strong></span> <span class='ocrx_word' id='word_1_856' title='bbox 2354 5005 2732 5059; x_wconf 83' lang='lat' dir='ltr'><strong>llellanodicas</strong></span> <span class='ocrx_word' id='word_1_857' title='bbox 2762 5016 2815 5058; x_wconf 91' lang='lat' dir='ltr'><strong>ct</strong></span> <span class='ocrx_word' id='word_1_858' title='bbox 2856 5005 3202 5072; x_wconf 86' lang='lat' dir='ltr'><strong>incorruptos</strong></span> <span class='ocrx_word' id='word_1_859' title='bbox 3232 5004 3446 5073; x_wconf 70' lang='lat' dir='ltr'><strong>judiccs</strong></span> 
     </span>
    </p>
   </div>
   <div class='ocr_carea' id='block_1_114' title="bbox 1880 5095 3413 5166">
    <p class='ocr_par' dir='ltr' id='par_1_114' title="bbox 1880 5095 3413 5166">
     <span class='ocr_line' id='line_1_114' title="bbox 1880 5095 3413 5166; baseline -0.001 -17"><span class='ocrx_word' id='word_1_860' title='bbox 1880 5111 2000 5149; x_wconf 82' lang='lat' dir='ltr'><strong>esse</strong></span> <span class='ocrx_word' id='word_1_861' title='bbox 2029 5096 2495 5163; x_wconf 81' lang='lat' dir='ltr'><strong>provocationem,</strong></span> <span class='ocrx_word' id='word_1_862' title='bbox 2529 5112 2593 5149; x_wconf 90' lang='lat' dir='ltr'><strong>ne</strong></span> <span class='ocrx_word' id='word_1_863' title='bbox 2621 5097 2849 5166; x_wconf 69' lang='lat' dir='ltr'><strong>justitite</strong></span> <span class='ocrx_word' id='word_1_864' title='bbox 2888 5095 3070 5163; x_wconf 75' lang='lat' dir='ltr'><strong>regula</strong></span> <span class='ocrx_word' id='word_1_865' title='bbox 3117 5095 3300 5146; x_wconf 89' lang='lat' dir='ltr'><strong>lurtim</strong></span> <span class='ocrx_word' id='word_1_866' title='bbox 3348 5095 3413 5147; x_wconf 91' lang='lat' dir='ltr'><strong>de</strong></span> 
     </span>
    </p>
   </div>
   <div class='ocr_carea' id='block_1_115' title="bbox 1882 5184 3441 5255">
    <p class='ocr_par' dir='ltr' id='par_1_115' title="bbox 1882 5184 3441 5255">
     <span class='ocr_line' id='line_1_115' title="bbox 1882 5184 3441 5255; baseline -0.002 -15"><span class='ocrx_word' id='word_1_867' title='bbox 1882 5187 2050 5240; x_wconf 82' lang='lat' dir='ltr'><strong>clinct</strong></span> <span class='ocrx_word' id='word_1_868' title='bbox 2097 5202 2158 5239; x_wconf 88' lang='lat' dir='ltr'><strong>ac</strong></span> <span class='ocrx_word' id='word_1_869' title='bbox 2195 5187 2365 5250; x_wconf 80' lang='lat' dir='ltr'><strong>fallat,</strong></span> <span class='ocrx_word' id='word_1_870' title='bbox 2417 5199 2509 5240; x_wconf 89' lang='lat' dir='ltr'><strong>aut</strong></span> <span class='ocrx_word' id='word_1_871' title='bbox 2563 5188 2677 5240; x_wconf 87' lang='lat' dir='ltr'><strong>litis</strong></span> <span class='ocrx_word' id='word_1_872' title='bbox 2729 5184 3054 5255; x_wconf 80' lang='lat' dir='ltr'><strong>disceptatio</strong></span> <span class='ocrx_word' id='word_1_873' title='bbox 3087 5185 3286 5239; x_wconf 82' lang='lat' dir='ltr'><strong>frustra</strong></span> <span class='ocrx_word' id='word_1_874' title='bbox 3319 5202 3441 5252; x_wconf 86' lang='lat' dir='ltr'><strong>pro-</strong></span> 
     </span>
    </p>
   </div>
   <div class='ocr_carea' id='block_1_116' title="bbox 1881 5277 3440 5348">
    <p class='ocr_par' dir='ltr' id='par_1_116' title="bbox 1881 5277 3440 5348">
     <span class='ocr_line' id='line_1_116' title="bbox 1881 5277 3440 5348; baseline -0.002 -17"><span class='ocrx_word' id='word_1_875' title='bbox 1881 5280 2059 5341; x_wconf 79' lang='lat' dir='ltr'><strong>cedat,</strong></span> <span class='ocrx_word' id='word_1_876' title='bbox 2111 5279 2254 5331; x_wconf 88' lang='lat' dir='ltr'><strong>nulla</strong></span> <span class='ocrx_word' id='word_1_877' title='bbox 2311 5279 2495 5348; x_wconf 77' lang='lat' dir='ltr'><strong>regula</strong></span> <span class='ocrx_word' id='word_1_878' title='bbox 2535 5288 2629 5331; x_wconf 88' lang='lat' dir='ltr'><strong>aut</strong></span> <span class='ocrx_word' id='word_1_879' title='bbox 2661 5294 2847 5330; x_wconf 86' lang='lat' dir='ltr'><strong>norma</strong></span> <span class='ocrx_word' id='word_1_880' title='bbox 2883 5277 3147 5337; x_wconf 80' lang='lat' dir='ltr'><strong>adhibita,</strong></span> <span class='ocrx_word' id='word_1_881' title='bbox 3181 5277 3245 5329; x_wconf 87' lang='lat' dir='ltr'><strong>ad</strong></span> <span class='ocrx_word' id='word_1_882' title='bbox 3280 5293 3440 5345; x_wconf 82' lang='lat' dir='ltr'><strong>quam</strong></span> 
     </span>
    </p>
   </div>
   <div class='ocr_carea' id='block_1_117' title="bbox 1881 5364 3444 5433">
    <p class='ocr_par' dir='ltr' id='par_1_117' title="bbox 1881 5364 3444 5433">
     <span class='ocr_line' id='line_1_117' title="bbox 1881 5364 3444 5433; baseline 0 -16"><span class='ocrx_word' id='word_1_883' title='bbox 1881 5364 2300 5433; x_wconf 80' lang='lat' dir='ltr'><strong>disceptantium</strong></span> <span class='ocrx_word' id='word_1_884' title='bbox 2359 5365 2599 5418; x_wconf 89' lang='lat' dir='ltr'><strong>rationes</strong></span> <span class='ocrx_word' id='word_1_885' title='bbox 2643 5375 2846 5418; x_wconf 71' lang='lat' dir='ltr'><strong>exacue</strong></span> <span class='ocrx_word' id='word_1_886' title='bbox 2874 5365 3022 5418; x_wconf 86' lang='lat' dir='ltr'><strong>litem</strong></span> <span class='ocrx_word' id='word_1_887' title='bbox 3079 5365 3302 5417; x_wconf 78' lang='lat' dir='ltr'><strong>tiniant:</strong></span> <span class='ocrx_word' id='word_1_888' title='bbox 3353 5381 3444 5417; x_wconf 67' lang='lat' dir='ltr'><strong>eos</strong></span> 
     </span>
    </p>
   </div>
   <div class='ocr_carea' id='block_1_118' title="bbox 1882 5455 3438 5525">
    <p class='ocr_par' dir='ltr' id='par_1_118' title="bbox 1882 5455 3438 5525">
     <span class='ocr_line' id='line_1_118' title="bbox 1882 5455 3438 5525; baseline 0.001 -17"><span class='ocrx_word' id='word_1_889' title='bbox 1882 5473 2032 5518; x_wconf 83' lang='lat' dir='ltr'><strong>vero,</strong></span> <span class='ocrx_word' id='word_1_890' title='bbox 2066 5456 2159 5525; x_wconf 88' lang='lat' dir='ltr'><strong>qui</strong></span> <span class='ocrx_word' id='word_1_891' title='bbox 2194 5456 2262 5509; x_wconf 91' lang='lat' dir='ltr'><strong>de</strong></span> <span class='ocrx_word' id='word_1_892' title='bbox 2299 5456 2464 5509; x_wconf 89' lang='lat' dir='ltr'><strong>rebus</strong></span> <span class='ocrx_word' id='word_1_893' title='bbox 2489 5456 2691 5509; x_wconf 89' lang='lat' dir='ltr'><strong>divinis</strong></span> <span class='ocrx_word' id='word_1_894' title='bbox 2724 5456 3052 5524; x_wconf 88' lang='lat' dir='ltr'><strong>disputaturi</strong></span> <span class='ocrx_word' id='word_1_895' title='bbox 3078 5465 3130 5508; x_wconf 90' lang='lat' dir='ltr'><strong>et</strong></span> <span class='ocrx_word' id='word_1_896' title='bbox 3159 5455 3213 5508; x_wconf 92' lang='lat' dir='ltr'><strong>in</strong></span> <span class='ocrx_word' id='word_1_897' title='bbox 3235 5455 3438 5524; x_wconf 82' lang='lat' dir='ltr'><strong>longis-</strong></span> 
     </span>
    </p>
   </div>
   <div class='ocr_carea' id='block_1_119' title="bbox 1881 5548 3439 5602">
    <p class='ocr_par' dir='ltr' id='par_1_119' title="bbox 1881 5548 3439 5602">
     <span class='ocr_line' id='line_1_119' title="bbox 1881 5548 3439 5602; baseline -0.001 0"><span class='ocrx_word' id='word_1_898' title='bbox 1881 5553 2020 5602; x_wconf 88' lang='lat' dir='ltr'><strong>simo</strong></span> <span class='ocrx_word' id='word_1_899' title='bbox 2059 5549 2151 5602; x_wconf 93' lang='lat' dir='ltr'><strong>illo</strong></span> <span class='ocrx_word' id='word_1_900' title='bbox 2197 5548 2373 5602; x_wconf 87' lang='lat' dir='ltr'><strong>stadio</strong></span> <span class='ocrx_word' id='word_1_901' title='bbox 2409 5549 2694 5601; x_wconf 82' lang='lat' dir='ltr'><strong>litaximam</strong></span> <span class='ocrx_word' id='word_1_902' title='bbox 2740 5549 2948 5602; x_wconf 81' lang='lat' dir='ltr'><strong>cladem</strong></span> <span class='ocrx_word' id='word_1_903' title='bbox 2988 5549 3182 5601; x_wconf 86' lang='lat' dir='ltr'><strong>animis</strong></span> <span class='ocrx_word' id='word_1_904' title='bbox 3215 5559 3270 5600; x_wconf 91' lang='lat' dir='ltr'><strong>et</strong></span> <span class='ocrx_word' id='word_1_905' title='bbox 3318 5564 3439 5600; x_wconf 90' lang='lat' dir='ltr'><strong>cor-</strong></span> 
     </span>
    </p>
   </div>
   <div class='ocr_carea' id='block_1_120' title="bbox 1885 5640 3422 5708">
    <p class='ocr_par' dir='ltr' id='par_1_120' title="bbox 1885 5640 3422 5708">
     <span class='ocr_line' id='line_1_120' title="bbox 1885 5640 3422 5708; baseline -0.003 -15"><span class='ocrx_word' id='word_1_906' title='bbox 1885 5641 2110 5708; x_wconf 86' lang='lat' dir='ltr'><strong>poribus</strong></span> <span class='ocrx_word' id='word_1_907' title='bbox 2145 5641 2432 5696; x_wconf 87' lang='lat' dir='ltr'><strong>minitante</strong></span> <span class='ocrx_word' id='word_1_908' title='bbox 2463 5643 2750 5696; x_wconf 83' lang='lat' dir='ltr'><strong>dccnrsnrt</strong></span> <span class='ocrx_word' id='word_1_909' title='bbox 2802 5654 2948 5698; x_wconf 81' lang='lat' dir='ltr'><strong>sunt.</strong></span> <span class='ocrx_word' id='word_1_910' title='bbox 2983 5644 3191 5693; x_wconf 88' lang='lat' dir='ltr'><strong>nullum</strong></span> <span class='ocrx_word' id='word_1_911' title='bbox 3241 5640 3422 5693; x_wconf 71' lang='lat' dir='ltr'><strong>liabet.</strong></span> 
     </span>
    </p>
   </div>
   <div class='ocr_carea' id='block_1_121' title="bbox 1880 5734 3424 5803">
    <p class='ocr_par' dir='ltr' id='par_1_121' title="bbox 1880 5734 3424 5803">
     <span class='ocr_line' id='line_1_121' title="bbox 1880 5734 3424 5803; baseline -0.001 -19"><span class='ocrx_word' id='word_1_912' title='bbox 1880 5734 2140 5801; x_wconf 77' lang='lat' dir='ltr'><strong>judicent,</strong></span> <span class='ocrx_word' id='word_1_913' title='bbox 2177 5735 2269 5802; x_wconf 85' lang='lat' dir='ltr'><strong>qui</strong></span> <span class='ocrx_word' id='word_1_914' title='bbox 2326 5737 2612 5803; x_wconf 87' lang='lat' dir='ltr'><strong>utriusque</strong></span> <span class='ocrx_word' id='word_1_915' title='bbox 2649 5744 2816 5801; x_wconf 78' lang='lat' dir='ltr'><strong>partis</strong></span> <span class='ocrx_word' id='word_1_916' title='bbox 2852 5735 3014 5786; x_wconf 76' lang='lat' dir='ltr'><strong>verba</strong></span> <span class='ocrx_word' id='word_1_917' title='bbox 3047 5737 3335 5801; x_wconf 67' lang='lat' dir='ltr'><strong>t-\p~~ndat.</strong></span> <span class='ocrx_word' id='word_1_918' title='bbox 3387 5748 3424 5783; x_wconf 35' lang='lat' dir='ltr'><strong>at</strong></span> 
     </span>
    </p>
   </div>
   <div class='ocr_carea' id='block_1_122' title="bbox 1886 5823 3443 5896">
    <p class='ocr_par' dir='ltr' id='par_1_122' title="bbox 1886 5823 3443 5896">
     <span class='ocr_line' id='line_1_122' title="bbox 1886 5823 3443 5896; baseline 0 -21"><span class='ocrx_word' id='word_1_919' title='bbox 1886 5823 1974 5875; x_wconf 85' lang='lat' dir='ltr'><strong>illa</strong></span> <span class='ocrx_word' id='word_1_920' title='bbox 2003 5824 2223 5893; x_wconf 85' lang='lat' dir='ltr'><strong>quidem</strong></span> <span class='ocrx_word' id='word_1_921' title='bbox 2261 5825 2504 5881; x_wconf 82' lang='lat' dir='ltr'><strong>victricia</strong></span> <span class='ocrx_word' id='word_1_922' title='bbox 2531 5829 2872 5896; x_wconf 85' lang='lat' dir='ltr'><strong>pronuntiet,</strong></span> <span class='ocrx_word' id='word_1_923' title='bbox 2908 5827 2995 5880; x_wconf 36' lang='lat' dir='ltr'><strong>iiltt</strong></span> <span class='ocrx_word' id='word_1_924' title='bbox 3029 5842 3152 5880; x_wconf 64' lang='grc' dir='ltr'>ιρι-υ</span> <span class='ocrx_word' id='word_1_925' title='bbox 3184 5836 3238 5879; x_wconf 68' lang='grc' dir='ltr'>υἱ</span> <span class='ocrx_word' id='word_1_926' title='bbox 3266 5826 3443 5878; x_wconf 61' lang='grc' dir='ltr'>ιιξξιιξίιο</span> 
     </span>
    </p>
   </div>
  </div>
