4248 6442
807 412 902 478 τιι
1087 406 1164 479 [Α.
1207 420 1260 460 ιι.
1304 403 1441 459 6856
1480 418 1544 456 an
1583 397 1745 470 6849]

1995 396 2414 459 NICEPHORI
2454 396 2836 456 GREGOR/E

3105 387 3238 460 [tum
3283 401 3544 441 ANDRONIC
3588 387 3726 458 tum]

3931 393 4045 456 712

803 540 923 579 rum
958 521 1242 586 doctrinae,
1293 534 1391 589 pro
1441 516 1589 572 virili
1641 513 1809 570 verba
1860 511 2147 573 faciemus,
2201 521 2366 579 atque
2396 518 2480 573 Αέ

2396 518 2439 573 Α
2469 507 2719 579 γιστικῆς
2753 525 2810 561 τε
2852 508 2946 560 καὶ
2978 506 3308 574 ἀναλυτικῆς
3344 505 3655 572 ἐπιστήμης
3695 502 4045 571 βεϐαιοῦσθαι

803 615 906 668 ista
933 613 1346 684 explicabimus.
1383 607 1537 675 Quod
1571 606 1616 662 si
1647 604 1894 662 eLnobis
1924 610 2241 657 sanctorum
2268 603 2366 655 Pa-

803 712 947 758 trum
980 700 1198 771 scriptis
1222 699 1318 753 niti
1354 706 1411 752 et
1443 697 1528 751 bis
1561 695 1731 750 armis
1755 707 1878 748 cum
1906 690 2238 746 adversariis
2264 705 2366 758 pu-

802 808 969 863 gnare
992 791 1361 846 necessarium
1387 798 1569 855 esset;
1613 784 1920 854 simplicem
1950 792 2006 838 et
2054 782 2158 852 ipsi
2188 782 2365 836 secuti

803 882 1070 936 rationem
1120 880 1543 934 dilucidioribus
1587 876 1878 948 scripturis
1928 883 2247 938 uteremur;
2301 875 2367 929 iis

803 988 1038 1042 nempe,
1095 988 1218 1042 quae
1275 972 1588 1027 evidentem
1643 978 1700 1024 et
1751 965 2180 1036 irrefragabilem
2239 981 2367 1019 sen-

803 1080 926 1118 sum
973 1064 1273 1118 lectoribus
1318 1062 1694 1124 ostenderent,
1732 1074 1843 1113 non
1875 1066 2057 1113 autem
2091 1056 2364 1120 obscuris,

803 1173 902 1212 nec
918 1156 986 1211 iis
1004 1171 1123 1225 quae
1142 1162 1364 1224 propter
1385 1153 1548 1223 510
1570 1151 1923 1220 multiplicem
1943 1163 2136 1202 vocum
2154 1149 2366 1219 signiti-

802 1249 1071 1303 cationem
1095 1243 1461 1313 dictionisque
1485 1259 1548 1298 ac
1577 1241 1870 1297 verborum
1901 1239 2155 1294 tenebras
2173 1250 2229 1294 et
2248 1255 2367 1294 am-

802 1340 1144 1410 biguitatem,
1206 1338 1260 1391 in
1315 1338 1500 1407 plures
1552 1335 1854 1391 sententias
1892 1334 2067 1404 accipi
2121 1343 2366 1404 possent.

801 1431 954 1500 Smpe
980 1429 1126 1485 enim
1161 1429 1214 1483 in
1253 1443 1405 1483 sacra
1448 1427 1732 1498 Scriptura
1761 1427 1948 1481 verbis
1978 1425 2226 1496 quaedam
2269 1427 2366 1482 ob-

799 1523 978 1577 scuris
1000 1523 1242 1577 involuta
1278 1529 1616 1584 occurrunt;
1664 1518 1810 1588 quod
1853 1528 1908 1573 et
1937 1529 2366 1574 consentaneum

796 1623 899 1670 est.
936 1613 1008 1670 Ut
1037 1615 1183 1669 enim
1217 1627 1408 1680 regum
1439 1611 1686 1676 thalami,
1713 1611 1926 1680 aliaque
1951 1626 2072 1680 qum
2099 1622 2285 1666 sancta
2312 1619 2368 1667 et

797 1720 996 1776 magno
1040 1703 1094 1758 in
1126 1702 1306 1772 pretio
1342 1701 1410 1754 ab
1443 1699 1758 1754 hominibus
1787 1699 2079 1763 habentur,
2120 1700 2242 1754 aliis
2281 1709 2367 1754 at-

800 1811 908 1864 que
941 1796 1066 1849 aliis
1095 1793 1232 1848 velis
1281 1791 1646 1854 occultantur,
1692 1805 1761 1844 ne
1791 1800 1886 1844 aut
1930 1789 2162 1860 profano
2205 1792 2368 1862 vulgo

797 1887 1044 1954 exposita
1070 1885 1536 1946 contaminentur,
1569 1890 1664 1935 aut
1708 1882 1839 1950 quia
1870 1881 2128 1936 omnibus
2157 1881 2366 1952 absque

799 1978 983 2032 labore
1017 1985 1237 2045 pateant
1278 1973 1614 2042 contemptui
1650 1973 1794 2038 sint;
1833 1972 1912 2028 sic
1937 1974 2102 2028 etiam
2139 1974 2364 2044 plurimi

798 2085 967 2125 sacrae
998 2067 1294 2138 Scriptura:
1322 2066 1450 2130 loci,
1492 2065 1797 2135 prmsertim
1850 2063 1903 2118 in
1935 2066 2136 2134 quibus
2165 2080 2366 2121 arcana

797 2159 1063 2228 qua'piam
1097 2157 1342 2212 doctrina
1369 2156 1707 2221 continetur,
1769 2164 2026 2224 tanquam
2061 2156 2199 2210 velis
2239 2157 2365 2224 qui-

799 2250 1054 2316 busdam,
1081 2247 1500 2308 abseonduntur
1527 2247 1795 2316 ejusmodi
1827 2246 2032 2310 verbis,
2071 2263 2192 2317 qua:
2221 2249 2364 2303 mul~

799 2350 906 2396 tam
937 2343 1223 2410 caliginem
1271 2354 1456 2394 secum
1492 2339 1735 2403 trahunt,
1767 2347 1822 2393 et
1855 2339 2110 2394 tenebras
2151 2340 2256 2394 sibi
2284 2340 2366 2394 la-

799 2434 1029 2487 tibulum
1055 2434 1071 2463 ¹
1101 2442 1308 2502 ponunt
1340 2431 1480 2486 etin
1525 2431 1762 2484 circuitu
1815 2445 1916 2485 suo
1947 2431 2363 2485 tabernaculum

796 2524 901 2577 sibi
937 2522 1087 2592 ipsis.
1125 2517 1346 2574 Monerit
1371 2531 1426 2574 et
1453 2520 1628 2574 sancti
1659 2520 1871 2586 Patres,
1901 2519 2159 2584 Basilius,
2194 2520 2366 2590 Cliry-

796 2629 1095 2678 sostonius,
1121 2607 1385 2666 Maximus
1403 2611 1727 2682 etCyrillus,
1754 2626 1860 2666 non
1882 2625 1946 2665 ea
1967 2611 2150 2665 omnia
2174 2612 2362 2675 verba,

796 2721 919 2776 quae
951 2707 1006 2759 in
1044 2705 1192 2758 omni
1239 2703 1470 2758 materia
1500 2702 1757 2758 eumdem
1791 2717 1986 2758 sonum
2018 2703 2210 2768 edunt,
2249 2713 2364 2758 sta-

797 2800 895 2854 tim
938 2799 1131 2854 eodem
1169 2800 1334 2854 modo
1361 2800 1680 2870 accipienda
1709 2815 1866 2866 esse;
1919 2817 2098 2871 neque
2126 2812 2364 2857 mentem

797 2893 854 2946 in
889 2894 1074 2948 verbis
1103 2909 1335 2963 prorsus
1382 2893 1746 2963 deligendam,
1776 2895 1870 2949 sed
1910 2894 2175 2965 propositi
2207 2910 2338 2964 argu

799 2985 969 3038 menti
1005 2986 1312 3040 sententias
1343 2984 1662 3050 intuendas,
1695 2994 1752 3040 et
1775 3001 2003 3056 scopum
2033 2997 2200 3057 atque
2235 3002 2364 3057 pro-

795 3076 1035 3144 positum
1067 3075 1362 3146 Scriptura:
1393 3077 1511 3146 ejus
1543 3077 1596 3130 in
1620 3093 1724 3146 qua
1752 3087 2043 3132 versentur
2067 3079 2364 3148 exquiren-

2469 602 2562 656 καὶ
2587 601 2654 654 τά
2681 600 2928 668 ἡμέτερα
2951 598 3219 668 δόγματα,
3248 595 3324 659 ὡς
3358 595 3562 663 σαθῴν
3592 611 3651 647 τε
3675 595 3768 646 καὶ
3799 594 4047 646 ὕποπτον

2466 693 2546 755 είς
2583 690 2856 754 ἀπόδειξιν
2889 689 3170 757 ἀληθείας,
3211 689 3271 741 τὸ
3303 687 3550 742 τοιοῦτον
3585 683 3727 750 εἶδος
3759 686 3852 740 τοῦ
3884 687 4048 753 λόγου

2467 781 2952 854 παραιτησόμεθα.
2980 782 3124 834 Πᾶσι
3144 782 3253 851 γάρ
3277 783 3394 833 ἑστι
3419 780 3711 849 πρόδηλον,
3737 780 3796 833 τὸ
3817 780 3918 849 τὴν
3934 779 4052 832 δια-

2467 875 2723 946 λεκτικὴν
2745 873 3068 945 περιεργίαν
3087 873 3210 944 ῐσην
3229 874 3314 941 ἐφ’
3333 874 3570 942 ἑκάτερα
3585 871 3684 941 τὴν
3707 871 3860 940 ίσχὺν
3877 870 4046 940 ἔχειν,

2469 971 2604 1037 πρός
2631 985 2690 1021 τε
2719 967 2819 1038 τὴν
2855 967 2954 1036 τῆς
2993 964 3250 1035 ἀληθείας
3287 965 3605 1035 ἀνατροπὴν
3642 964 3737 1016 καὶ
3773 963 3908 1033 πρὸς
3946 963 4048 1030 τὴν

2468 1059 2808 1129 κατηγορίαν
2841 1058 2936 1112 τοὺ
2968 1058 3220 1127 ψεύδους.
3256 1059 3421 1111 Ὀθεν
3462 1058 3559 1110 καὶ
3587 1057 3758 1128 αὑτὴν
3789 1057 3887 1126 τὴν
3914 1056 4050 1125 ἀλή-

2470 1153 2644 1218 θειαν,
2673 1152 2804 1206 ὁταν
2835 1153 2977 1222 μετά
3000 1168 3147 1215 τινος
3167 1151 3426 1218 τοιαύτης
3447 1150 3640 1220 τέχνης
3675 1149 4048 1219 προσάγηται,

2467 1245 2534 1299 δι’
2582 1244 2816 1315 ὑποψίας
2853 1245 3111 1308 πολλάκις
3159 1245 3486 1312 ποιούμεθα,
3537 1245 3610 1305 ὡς
3653 1243 3752 1311 τῆς
3806 1250 3936 1310 περὶ
3978 1241 4050 1292 τά

2467 1333 2691 1389 τοιαῦτα
2723 1334 3026 1406 δεινότητος
3064 1333 3560 1404 παρακρουομένης
3598 1335 3755 1402 ἡμῶν
3793 1333 3894 1402 τὴν
3931 1330 4052 1384 διά·-

2470 1443 2619 1480 νοιαν
2642 1425 2735 1478 καὶ
2757 1424 2856 1494 τῆς
2881 1423 3139 1492 ἀληθείας
3161 1424 3640 1492 ἀποαφαλλούσης.
3670 1423 3728 1474 ΕΞ
3759 1422 3815 1474 δέ
3841 1439 3926 1484 τις
3954 1420 4050 1474 τὸν

2469 1519 2846 1573 ἀκατάσκευόν
2879 1534 2936 1570 τε
2963 1518 3058 1572 καὶ
3087 1517 3296 1586 γυμνὸν
3333 1518 3514 1584 πάσης
3548 1513 3849 1584 περιϐολῆς
3879 1530 4050 1582 προσ-

2472 1612 2610 1665 ίεται
2647 1611 2826 1678 λόγον,
2856 1609 3113 1681 ἐροῦμεν.
3147 1611 3293 1671 ὅπως
3327 1609 3393 1661 ἂν
3426 1603 3538 1660 οἷόν
3582 1624 3641 1659 τε
3694 1602 3752 1679 ᾖ,
3783 1605 3926 1658 κατά
3951 1603 4048 1658 τδν

2469 1704 2662 1776 εἱρμὸν
2693 1703 2794 1772 τῆς
2827 1701 3112 1772 γραφικῆς
3147 1701 3498 1770 ὑφηγήσεως,
3541 1699 3642 1768 τὴν
3680 1699 3809 1768 περὶ
3839 1697 4050 1750 τούτων

2471 1791 2706 1861 θεωρίαν
2731 1791 3125 1860 προσάγοντες.
3152 1791 3216 1844 Et
3247 1791 3314 1860 δὴ
3343 1786 3437 1843 οὖν
3467 1787 3727 1859 aut?)va
3755 1787 3916 1840 θείων
3938 1786 4050 1838 Πα-

2469 1888 2644 1956 τέρων
2666 1888 2905 1957 γραφαῖς
2924 1882 3240 1949 ὁπλίζεσθαι
3265 1885 3358 1939 καὶ
3378 1880 3900 1949 ἀντιστρατεύεσθαι
3925 1878 4048 1931 κατ’

2468 1979 2648 2034 αὑτῶν
2677 1980 2974 2048 ἀναγκαῖον
3012 1977 3335 2048 ἐτύγχανεν,
3361 1973 3728 2044 ἀκατασκεύῳ
3758 1973 3834 2043 τῷ
3861 1973 4054 2042 τρόπῳ

2467 2074 2560 2128 καὶ
2589 2073 2743 2127 αὐτοὶ
2767 2076 2886 2136 ταῖς
2918 2072 3152 2140 σαφεστέ
3163 2084 3279 2141 ραις
3304 2069 3370 2124 ἂν
3395 2067 3776 2139 ἐχρησάμεθα.
3799 2067 3896 2119 καὶ
3920 2066 4054 2119 ὁπό-

2469 2184 2558 2223 σαι
2591 2165 2846 2236 προφανῆ
2866 2168 2959 2218 καὶ
2987 2164 3457 2232 ἀνανταγώνιστον
3485 2163 3578 2214 τὸν
3597 2159 3914 2229 ἐγκείμενον
3937 2159 4054 2222 τοῖς

2470 2252 2716 2324 μετιοῦσι
2763 2255 3065 2324 παρέχουσι
3109 2251 3256 2317 νοῦν,
3295 2251 3390 2303 καὶ
3437 2249 3498 2302 οὑ
3537 2248 3684 2318 μάλα
3723 2248 3789 2318 δὴ
3816 2248 3937 2311 ταῖς
3964 2249 4052 2300 αἰ·-

2467 2343 2837 2410 νιγματώδεσι
2869 2345 2964 2397 καὶ
2994 2343 3326 2411 δυναμέναις
3347 2339 3435 2393 διά
3462 2354 3522 2390 τε
3552 2338 3649 2398 τὰς
3679 2337 3789 2390 τῶν
3829 2338 4054 2390 ὑποκει-

2471 2438 2650 2504 μένων
2688 2436 3012 2506 ὁμωνυμίας
3066 2436 3159 2487 καὶ
3197 2435 3284 2488 διά
3324 2433 3386 2488 τὸ
3421 2435 3520 2504 τῆς
3555 2433 3757 2498 λέξεως
3802 2432 3897 2485 καὶ
3934 2431 4051 2484 τῶν

2468 2529 2750 2595 ὀνομάτων
2776 2528 3096 2598 ⁶ὀμιχλῶδὲς
3135 2545 3194 2580 τε
3229 2529 3324 2582 καὶ
3366 2528 3719 2598 ἀμφιρῤεπὲς
3767 2525 4052 2594 πολλαχῶς

2468 2621 2890 2691 ἑρμηνεύεσθαι.
2927 2621 3272 2691 Εὑρίσκομεν
3315 2621 3427 2691 γὰρ
3477 2619 3720 2688 πολλαχῆ
3758 2617 3858 2687 τῆς
3898 2617 4052 2680 θείας

2466 2711 2689 2782 Γραφῆς
2722 2712 3016 2782 ὲπίκρυψίν
3044 2730 3097 2763 τι
3125 2713 3304 2773 αὑτοῖς
3324 2713 3580 2779 ὀνόμασιν
3601 2710 4051 2779 ὑποκαθημένην,

2465 2805 2542 2868 ὡς
2574 2805 2633 2858 τὸ
2665 2805 2831 2865 εἰκός.
2871 2805 3086 2874 Ὠσπερ
3120 2805 3227 2874 γὰρ
3257 2806 3307 2857 οἱ
3337 2803 3446 2858 τῶν
3483 2803 3748 2872 βασιλέων
3788 2803 4048 2872 θάλαμοι,

2467 2900 2562 2952 καὶ
2591 2898 2762 2951 ὁπόσα
2805 2897 3112 2966 ἀνθρώποις
3149 2896 3271 2965 ἱερά
3302 2913 3362 2947 τε
3390 2897 3484 2948 καὶ
3509 2896 3690 2965 τίμ·α,
3721 2895 3825 2948 ὑπὸ
3869 2911 4051 2962 παρα⁹

2466 2991 2814 3060 πετάσμασιν
2849 2989 2981 3042 ἀλλα
3018 2989 3200 3051 ἀλλοις
3233 2988 3619 3051 καλύπτονται,
3655 2989 3741 3041 ἵνα
3780 2989 3918 3056 μήτε
3956 2990 4054 3059 δή·

2469 3103 2587 3156 μοις
2611 3085 2848 3147 ἀνοσίοις
2874 3081 3210 3154 προκείμενα
3241 3081 3659 3151 κιϐδηλεύηται,
3700 3082 3840 3151 μήτε
3887 3097 4052 3149 περι-

796 3167 950 3233 dum,
981 3168 1056 3221 uti
1085 3168 1298 3234 deceat,
1330 3177 1386 3224 et
1409 3170 1659 3239 personis
1685 3178 1850 3239 atque
1876 3170 2213 3240 temporibus
2237 3180 2360 3240 apte
2387 3205 2429 3262 ο
2467 3199 2473 3227 ι

2387 3205 2429 3262 c
2467 3178 2735 3250 φρονῆται
2780 3177 2868 3230 διά
2897 3177 2959 3229 τὸ
2987 3176 3088 3246 τῆς
3131 3175 3490 3244 καταλήψεως
3532 3176 3826 3246 πρόχειρόν
3859 3192 3918 3227 τε
3956 3175 4053 3227 καὶ

796 3259 1295 3330 convenienterque
1320 3260 1841 3315 accommodandum
1881 3272 1935 3316 et
1959 3261 2362 3331 applicandum.

797 3347 895 3401 Est
938 3357 995 3402 et
1023 3348 1321 3419 Gregorius
1354 3349 1666 3417 Tlieologus
1715 3359 1931 3413 auctor,
1967 3350 2232 3419 quosdam
2274 3367 2364 3406 res

797 3455 921 3495 cum
957 3441 1235 3495 vocabulis
1269 3442 1581 3495 consentire
1621 3455 1724 3495 nec
1763 3441 2027 3507 minutius
2067 3440 2238 3496 dividi
2276 3458 2360 3496 ar-

799 3533 1032 3587 bitratos
1081 3534 1371 3602 Opiniones
1420 3533 1620 3588 divinis
1661 3533 1828 3587 rebus
1882 3532 2133 3604 indignas
2178 3533 2364 3588 animo

798 3628 1137 3695 concepisse.
1175 3626 1330 3695 511
1368 3627 1503 3678 Cum
1533 3625 1696 3694 igitur
1725 3635 1870 3678 tanta
1933 3625 2004 3678 sit
2062 3626 2130 3679 de
2179 3626 2367 3682 verbis

798 3725 854 3774 et
911 3720 1228 3772 nominibus
1279 3719 1551 3772 dissensio
1584 3757 1599 3782 ,
1651 3727 1937 3786 propterea
1984 3718 2128 3786 quod
2173 3717 2364 3772 eadem

802 3813 1022 3865 nomina
1079 3821 1307 3881 possunt
1382 3813 1544 3863 rebus
1591 3810 1824 3863 diversis
1894 3810 2216 3875 convenire,
2280 3819 2368 3864 at-

801 3921 907 3974 que
935 3905 1092 3958 aliter
1144 3904 1197 3957 in
1230 3904 1342 3956 Deo
1390 3902 1745 3971 intelligenda
1787 3912 1939 3967 sunt,
1985 3903 2144 3956 aliter
2173 3904 2228 3956 in
2263 3904 2366 3959 hac

802 4009 920 4050 orta
947 4006 1002 4050 et
1033 3997 1271 4065 peritura
1299 4005 1528 4048 natura:
1565 3996 1688 4064 quis
1721 3996 1835 4049 [nec
1865 4011 1962 4064 pro
1984 3995 2250 4064 dignitate
2273 4011 2369 4050 ex-

804 4087 1062 4156 plicabit?
1115 4084 1250 4138 Nam
1305 4087 1350 4139 si
1411 4099 1632 4140 sanctos
1689 4086 1812 4139 illos
1869 4086 2077 4150 Patres,
2131 4087 2368 4156 Spiritus

801 4177 976 4231 sancti
1027 4178 1417 4240 instrumenta,
1475 4177 1571 4246 qui
1627 4177 1778 4230 omni
1821 4175 2054 4230 humana
2102 4179 2368 4247 sapientia

802 4278 1030 4322 caeteros
1078 4283 1273 4322 omnes
1308 4267 1649 4336 supergressi
1702 4278 1851 4332 sunt,
1888 4269 1931 4322 si
1980 4284 2110 4338 ergo
2148 4270 2273 4324 illos
2312 4270 2366 4324 in

803 4373 1080 4414 sacrarum
1109 4359 1515 4428 Scripturarum
1537 4359 1977 4413 enarrationibus
1997 4373 2370 4428 saepenumero

804 4448 1098 4502 dissentire
1130 4448 1400 4513 videmus,
1439 4457 1498 4502 et
1527 4447 1641 4502 fere
1671 4452 1944 4503 contraria
1984 4447 2203 4508 alien-re.
2237 4463 2370 4518 pro-

804 4551 924 4610 pter
952 4541 1347 4594 obscuritatem
1374 4541 1677 4608 ingentem,
1709 4554 1816 4608 qua
1847 4538 2054 4593 divinae
2082 4540 2369 4594 sententia:

803 4641 859 4684 et
887 4631 1113 4685 altiores
1153 4644 1348 4685 sensus
1396 4630 1565 4684 veluti
1603 4629 1777 4684 ﬁrmis
1815 4639 1978 4699 atque
2005 4630 2372 4686 adatnantinis

802 4722 1095 4776 vestibulis
1126 4722 1493 4775 muniuntur:
1529 4720 1659 4791 quid
1685 4721 1826 4775 alius
1848 4721 2048 4790 aliquis
2068 4721 2236 4786 dicat,
2266 4735 2372 4776 nec

805 4812 1042 4867 bumana
1073 4813 1338 4882 sapientia
1374 4827 1498 4866 cum
1552 4812 1661 4866 illis
1687 4811 2073 4877 conferendus,
2114 4813 2370 4881 idemque

805 4906 990 4974 pravis
1040 4905 1330 4960 affectibus
1375 4904 1670 4968 obnoxius,
1723 4913 1779 4959 et
1828 4919 2149 4974 corpoream
2195 4904 2374 4959 labem

809 5005 958 5050 totus
997 4997 1294 5050 redolens?
1338 4996 1477 5051 Ecce
1529 4996 1677 5051 enim
1729 4997 1811 5064 (ut
1846 4998 2108 5066 pleraque
2153 4997 2373 5052 silentio

809 5086 1168 5154 dissimulem)
1198 5088 1357 5141 illud:
1397 5106 1415 5138 ι
1447 5088 1710 5142 Dominus
1742 5087 1952 5142 creavit
1983 5103 2068 5141 me
2101 5088 2372 5158 principio

808 5179 950 5230 viam
1005 5181 1217 5246 suani’,
1263 5197 1280 5229 ι
1321 5179 1539 5233 divinus
1575 5179 1665 5233 ille
1697 5189 1752 5233 et
1782 5194 2012 5249 magnus
2051 5179 2282 5233 Basilius
2307 5182 2374 5235 de

807 5285 869 5324 ea
907 5270 1195 5339 sapientia,
1237 5288 1359 5341 qure
1396 5273 1449 5324 in
1482 5272 1686 5327 mundo
1722 5281 1971 5341 apparet,
2008 5272 2216 5326 dictum
2252 5288 2373 5328 esse

880 5400 896 5430 ⁸
922 5397 1044 5452 Job.
1078 5414 1210 5460 uti,
1245 5400 1332 5453 l4.
1407 5401 1427 5430 ²
1461 5400 1622 5455 Prov.
1656 5415 1729 5463 ιι,
1757 5400 1845 5452 22.

2465 3273 2688 3332 ἀπονον,
2731 3268 2876 3321 οὑτω
2912 3268 2979 3339 δὴ
3009 3269 3104 3322 καὶ
3132 3268 3200 3320 τά
3237 3267 3462 3320 πλείστα
3512 3267 3608 3336 τῆς
3641 3267 3790 3328 θείας
3825 3266 4053 3334 Γραφῆς

2465 3365 2558 3416 καὶ
2601 3364 2838 3432 μάλιστα
2872 3355 2952 3425 οἷς
3002 3360 3255 3431 μυστικοί
3287 3376 3432 3421 τινες
3464 3359 3826 3429 ὑφεδρεύουσι
3861 3358 4050 3425 λόγοι,

2465 3455 2714 3525 καθάπερ
2734 3456 2839 3508 ὑπὸ
2859 3453 3330 3524 παραπετάσμασι
3349 3451 3487 3505 καλύ
3497 3467 3718 3503 πτονται
3742 3451 3850 3513 τοῖς
3875 3450 4055 3503 τοιού-

2464 3564 2577 3610 τοις
2601 3547 2882 3617 ὁνὸμασιν,
2909 3547 3007 3598 ὅσα
3030 3545 3197 3599 πολὺν
3228 3545 3319 3596 τὸν
3345 3544 3544 3611 γνόφον
3574 3541 3928 3611 ὲπισύρονται
3958 3542 4055 3593 καὶ

2469 3639 2662 3701 σκότος
2689 3638 3015 3707 ἀποκρυφὴν
3043 3635 3253 3690 ἑαυτῶν
3273 3635 3514 3687 τίθενται
3538 3633 3630 3685 καὶ
3657 3632 3839 3701 κύκλῳ
3867 3633 4053 3686 αὐτῶν

2469 3731 2570 3800 τὴν
2604 3733 2810 3800 σκηνὴν
2848 3729 3053 3782 αὑτῶν.
3094 3727 3440 3796 Εὑρίσκομεν
3479 3725 3537 3778 δὲ
3575 3726 3669 3778 καὶ
3701 3723 3826 3786 τοὺς
3870 3723 4055 3785 θείους

2466 3820 2740 3889 Πατέρας,
2767 3819 3046 3872 Βασίλειάν
3072 3836 3215 3887 φημι
3233 3817 3326 3869 καὶ
3353 3817 3767 3884 Χρυσόστομον,
3797 3812 4055 3878 Μάξιμέν

2465 3934 2528 3969 τε
2547 3917 2640 3969 καὶ⁵
2678 3913 2967 3984 Κύριλλον,
2993 3910 3492 3982 παραγγέλλονεας,
3543 3909 3618 3978 μὴ
3650 3910 3747 3960 ὅσα
3785 3907 3894 3958 τῶν
3931 3905 4055 3956 ὀνο-

2471 4006 2677 4074 μάτων,
2737 4001 2856 4070 μηδ’
2889 4003 2946 4051 ἐν
2984 4002 3128 4062 ὅσοις
3167 3996 3545 4065 ὑποκειμένοις
3587 3994 3778 4064 ἠχοῦσι
3831 3995 4054 4057 ταυτὸν,

2468 4094 2563 4147 καὶ
2595 4094 2734 4146 κατά
2765 4092 2964 4162 τρόπον
2999 4092 3158 4152 εὐθὺς
3186 4091 3549 4159 ἐκλαμϐάνειν
3580 4087 3716 4156 ὁμοῦ
3747 4086 3836 4138 τὸν
3863 4085 4053 4150 αὑτὶν,

2474 4186 2608 4256 μηδὲ
2637 4187 2758 4246 ταῖς
2789 4183 2968 4247 λέξεσι
3001 4183 3291 4253 προσέχειν
3324 4179 3583 4244 καθάπαξ
3615 4181 3706 4231 τὸν
3737 4177 3885 4241 νοῦν,
3914 4176 4055 4230 ἀλλὰ

2468 4280 2588 4340 ταῖς
2629 4277 2726 4339 τῆς
2765 4275 3134 4346 ὑποκειμένης
3176 4273 3487 4335 ὑποθέσεως
3533 4273 3766 4332 ἐννοίαις
3816 4272 3910 4323 καὶ
3962 4270 4055 4322 τὸν

2473 4363 2674 4416 σκοπὸν
2695 4361 2831 4432 ὁμοῦ
2854 4363 2956 4415 καῖ
2978 4361 3078 4430 τὴν
3102 4359 3363 4429 πρόθεσιν
3389 4359 3484 4427 τῆς
3514 4357 3895 4427 μελετωμένης
3914 4356 3954 4406 Γ
3958 4374 4054 4423 ρα-

2473 4456 2580 4526 φῆς
2611 4453 2910 4522 tiestuv.
2946 4453 3020 4515 ὡς
3050 4453 3111 4505 τὸ
3137 4451 3305 4514 εἰκὸς,
3337 4449 3420 4514 [Ρ.
3458 4449 3584 4521 515]
3619 4450 3712 4501 καὶ
3744 4450 3852 4510 τοῖς
3885 4463 4055 4516 προσ-

2394 4549 2641 4628 υὼποις
2685 4548 2780 4600 καὶ⁵
2828 4549 2942 4610 τυίς
2992 4547 3199 4612 καιροῖς
3247 4543 3524 4609 ἀναλόγως
3563 4543 3655 4595 καὶ
3703 4540 4056 4610 καταλλὴλως

2469 4638 2802 4708 ἐφαρμόζειν
2828 4639 2921 4689 καὶ
2952 4635 3334 4704 συμϐιϐάζειν.
3367 4635 3506 4704 Φησὶ
3532 4634 3590 4686 δὲ
3624 4632 3719 4685 καὶ
3745 4633 3774 4683 ὁ
3809 4631 4055 4697 ὑεολόγος

2467 4731 2771 4802 Γρηγὸριος
2817 4728 2954 4798 (83),
2989 4729 3073 4780 ὅτι
3123 4729 3246 4789 ταῖς
3298 4731 3694 4795 προσηγορίαις
3736 4725 3879 4782 τινὲς
3916 4723 4056 4789 ὁμοῦ

2472 4819 2566 4874 καὶ
2599 4818 2698 4888 τὴν
2729 4817 2916 4871 οὐσίαν
2955 4817 3292 4886 παχυμερῶς
3331 4811 3758 4884 συνδιαιρεῖσθαι
3798 4811 4058 4877 δοξάζον-

2471 4925 2562 4972 τες
2586 4907 2779 4973 ἀνάξια
2807 4908 3125 4960 παντάπασι
3149 4907 3256 4960 τῶν
3278 4905 3438 4958 θείων
3454 4907 3569 4966 ui;
3585 4905 3796 4957 ἑαυτῶν
3817 4904 4055 4961 ἐννοίαις

2475 5001 2777 5066 δοξάζουσι.
2801 4999 3082 5069 Τοσαύτης
3102 4999 3281 5052 τοίνυν
3297 4997 3642 5067 διχοατασίας
3657 5001 3726 5049 ὲπ
3751 4996 4057 5065 χωριαςού-

2479 5109 2579 5162 σης
2607 5095 2736 5161 περὶ
2757 5092 2854 5154 τὰς
2882 5090 3055 5155 λέξεις
3083 5091 3178 5142 καὶ
3205 5094 3275 5143 τὰ
3304 5093 3568 5160 ὀνόματα,
3598 5090 3687 5142 διά
3717 5092 3808 5146 τα.
3836 5089 4055 5154 ὁμωνυ-

2481 5183 2610 5253 μίας
2640 5183 2748 5235 τῶν
2790 5183 3169 5252 ὑποκειμένων
3211 5184 3576 5252 πραγμάτων,
3621 5181 3716 5232 καὶ
3743 5179 3918 5240 άλλως
3957 5179 4060 5247 μὲν

2478 5276 2570 5328 ἐπὶ
2612 5275 2743 5327 Θεοῦ
2780 5274 3157 5344 λαμϐάνεσθαι
3201 5275 3525 5340 ὀφειλόντων
3564 5274 3763 5336 αὑτῶ),
3799 5272 3972 5332 ἄλλως
4014 5271 4058 5322 δ’

2164 5493 2496 5556 Variorum
2533 5505 2717 5557 notae.

812 5621 1025 5690 ἀγῶνας
1053 5621 1521 5689 παρεσκευασθαι,
1557 5619 1693 5688 μήτε
1725 5620 2003 5688 δεινότητα
2027 5620 2375 5690 διαλεκτικῆς

815 5693 1101 5761 ἀγχινοίας
1137 5695 1215 5755 είς
1249 5692 1569 5760 συμμαχίαν
1595 5695 1732 5742 κατά
1761 5692 1871 5742 τῶν
1900 5694 2377 5761 ἀντιτεταγμένων

811 5760 1238 5832 προϐάλλεσθαι,
1261 5762 1296 5832 ἡ
1325 5765 1418 5814 καὶ
1456 5767 1550 5828 τὴν
1575 5761 1836 5832 ἀληθειαν
1864 5760 2122 5832 πολλάκις
2151 5765 2226 5821 είς
2253 5763 2378 5832 ὑπό.

811 5830 958 5888 was.
986 5833 1214 5903 ψεύῑους
1246 5830 1466 5886 ἐπὶτῶν
1495 5831 1738 5902 ἀπείρων
1761 5831 2225 5902 άντιμεθίσςησιν.
2246 5830 2381 5885 Grc-

2476 5637 2593 5690 εον.
2627 5621 2783 5691 Nyss.
2817 5621 2913 5675 lib.
2946 5636 3004 5684 ll,
3039 5621 3242 5691 Contra
3272 5619 3613 5680 Eunomium,
3636 5615 3829 5670 eodem
3863 5627 4057 5681 sensu,

2479 5693 2574 5745 sed
2621 5690 2726 5744 non
2761 5693 2951 5744 iisdem
2988 5693 3186 5744 verbis.
3229 5690 3433 5742 BOWIN.

2555 5762 2666 5831 (85)
2696 5763 2774 5816 Ad
2809 5758 3121 5831 Evagrium,
3159 5759 3233 5813 De
3273 5760 3576 5814 vicinitate.
3611 5754 3818 5812 Botvtx.
