4248 6442
249 405 359 469 713
536 401 617 474 [Α.
658 414 707 455 c.
743 398 879 456 ιδεο
914 413 980 453 λυ
1014 393 1168 465 tatu

1314 393 1763 457 ΒΥΖΑΝΤΙΝΕ
1808 392 2196 454 HISTORLE
2243 392 2369 452 LIB
2413 390 2481 450 Χ.

2620 385 2757 457 [tum
2787 395 3047 440 multum:
3084 383 3227 455 tum]

3412 384 3519 449 7H

238 517 338 570 ἐπὶ
366 516 467 587 τῆς
512 516 778 586 γεννητῆς
824 513 1028 585 ταύτης
1062 511 1157 566 καὶ
1206 511 1442 580 ῥευστῆς
1476 507 1715 577 φύσεως,
1748 506 1831 568 τίς
1866 516 1905 565 Α

1866 516 1905 565 Α
1936 503 2047 570 ait;
2084 503 2344 574 quoniam
2384 503 2500 557 ha‘c
2547 510 2757 556 tantum
2786 515 2895 555 non
2938 515 3072 556 voce
3110 500 3256 555 edita
3293 516 3389 570 per
3429 516 3516 563 ea.

245 608 433 672 ἱκανὸς
484 607 773 676 ἐφικέσθαι
804 607 870 678 δὴ
900 607 999 675 τῆς
1028 604 1218 670 άξίαςς
1262 602 1325 656 El
1357 602 1462 673 γάρ
1501 603 1626 663 τοὺς
1658 600 1834 662 θείους

246 701 503 769 Πατέρας
539 699 807 765 ἐκείνους,
850 699 919 752 τὰ
948 696 1043 752 τοῦ
1076 695 1394 767 Πνεύματος
1441 694 1670 765 ὄργανα,
1705 694 1835 755 τοὺς

246 796 432 848 πᾶσαν
467 792 608 863 ὑπὲρ
645 793 894 855 ἅπαντας
926 788 1284 860 ἀνθρωπίνην
1320 786 1514 855 σοφίαν
1542 783 1836 850 διεξελθόν-

242 900 378 946 τας,
408 884 457 934 εἰ
489 877 585 934 οὖν
626 881 871 943 ἐκείνους
907 882 964 932 ἐν
1008 880 1128 941 ταῖς
1172 877 1333 931 θείων
1368 875 1602 947 Γραφῶν
1635 874 1840 944 ἐξηγή..

248 993 366 1030 σεσι
400 971 813 1043 διαφωνοῦντας
847 971 1187 1042 εὑρίσκομεν
1216 968 1461 1039 πολλαχῆ
1497 967 1592 1021 καὶ
1633 964 1835 1037 μικροῦ

243 1065 510 1119 τάναντία
557 1064 821 1126 πολλάκις
852 1062 1176 1127 διεξιόντας,
1212 1060 1301 1113 διὰ
1333 1060 1392 1112 τὸ
1435 1060 1621 1129 γνόφῳ
1658 1057 1839 1127 πολλῷ

245 1160 371 1224 καὶ,
414 1153 529 1211 οἷον
560 1158 756 1221 εἰπεῖν,
794 1154 1152 1227 προπυλαίοις
1182 1155 1433 1225 στερροῖς
1464 1152 1559 1205 καὶ
1594 1152 1840 1219 άδαμαν⁴

245 1254 416 1315 τίνοις
448 1248 868 1321 δορυφορεῖσθαι
901 1248 999 1308 τὰς
1033 1246 1183 1310 Θείας
1211 1248 1417 1307 ταύτας
1452 1246 1547 1298 καὶ
1578 1243 1843 1314 ὑψηλοτέ-

252 1365 351 1416 ρας
383 1344 591 1400 ἐννοίας
612 1360 625 1371 '
659 1343 709 1396 τί
741 1342 809 1395 ἂν
844 1340 957 1411 ἔχοι
986 1357 1072 1401 τις
1110 1340 1298 1408 ἕτερος
1328 1339 1529 1407 λέγειν,
1570 1340 1707 1409 μήτε
1740 1341 1841 1407 τὴν

249 1439 601 1509 ἀνθρωπίνην
635 1436 829 1505 σοφίαν
855 1434 1023 1502 ἐγγύς
1056 1451 1159 1486 που
1183 1434 1467 1503 τυγχάνων
1493 1434 1718 1485 ὲκείνων
1751 1432 1842 1484 καὶ

250 1532 371 1601 ἅμα
406 1531 608 1596 πολλῆ;
651 1528 873 1591 ἀπόζων
912 1527 1014 1596 τῆς
1053 1524 1335 1595 μοχθηρᾶς
1361 1522 1564 1594 ταύτης
1598 1525 1691 1575 καὶ
1728 1524 1841 1577 ὑλι-

252 1623 355 1689 κῆς
388 1618 799 1687 προσπαθείας;
826 1615 959 1670 Ἰδοὺ
990 1618 1116 1687 γὰρ,
1155 1617 1243 1669 ἵνα
1284 1619 1463 1685 σιωπῇ
1494 1615 1846 1685 παραδράμω

252 1716 321 1765 τὰ
351 1712 597 1774 πλεῖστα,
628 1710 719 1771 τὸ,
765 1729 783 1761 ι
821 1710 1026 1780 Κύριος
1064 1710 1249 1761 ἓκτισέ
1287 1725 1354 1777 με
1398 1708 1572 1779 ἀρχὴν
1603 1708 1719 1761 ὁδὸν
1751 1709 1849 1760 αύ-

255 1804 377 1867 τοῦ,
422 1822 440 1855 ι
482 1807 508 1856 ὁ
556 1803 659 1872 μὲν
711 1803 851 1864 θεῖος
898 1801 991 1854 καὶ
1035 1801 1208 1870 μέγας
1252 1800 1533 1862 Βασίλειος
1582 1801 1711 1870 περὶ
1751 1802 1849 1869 τῆς

1937 612 2060 666 qua:
2094 596 2200 651 sub
2234 607 2518 666 aspectum
2549 593 2839 649 oculorum
2878 593 3082 647 cadunt
3111 600 3367 657 testetur,
3397 607 3457 648 se
3488 608 3521 649 a

1943 694 2052 747 Deo
2082 707 2205 747 esse
2231 691 2513 748 conditam
2539 699 2595 746 et
2624 703 2736 743 non
2763 702 2895 745 casu
2925 687 3226 751 exstitisse,
3268 696 3329 741 ut
3367 695 3521 742 tanta

1938 785 1993 838 in
2036 784 2105 839 iis
2158 798 2280 853 qua:
2326 783 2469 837 facta
2503 789 2631 836 sunt
2677 779 2947 849 sapientia
2983 779 3288 846 emineret;
3326 795 3523 850 quem-

1938 877 2233 933 admodum
2259 884 2315 931 et
2343 875 2510 929 David
2524 875 2696 931 caelos
2710 873 2848 929 dixit
2876 872 2970 928 Dei
2998 871 3228 942 gloriam
3258 888 3521 928 enarrare

1939 970 2171 1026 vocibus
2198 968 2591 1025 ineﬂ‘abilibus.
2616 970 2686 1022 At
2707 982 2941 1037 magnus
2963 966 3017 1021 in
3045 966 3523 1036 theologicisGre-

1943 1067 2129 1137 gorius
2159 1064 2472 1121 Servatoris
2501 1064 2645 1119 bane
2670 1065 2980 1119 orationem
3013 1076 3134 1119 esse
3164 1062 3261 1125 ait,
3289 1077 3525 1132 eamque

1941 1161 2136 1215 ordine
2168 1161 2561 1228 interpretans,
2594 1173 2715 1228 qua:
2739 1173 2865 1212 cum
2890 1173 3055 1213 causa
3076 1170 3199 1213 esse
3228 1156 3526 1227 conjuncta

1944 1252 2175 1315 invenit,
2232 1266 2296 1306 ea
2351 1248 2682 1305 humanitati
2731 1248 3153 1303 accommodat:
3214 1262 3339 1318 quae
3399 1262 3531 1302 vero

1950 1346 2223 1415 simplicia
2253 1352 2309 1399 et
2337 1343 2457 1399 sine
2488 1358 2674 1407 causa,
2712 1341 3006 1412 distinguit
3036 1356 3100 1396 ac
3131 1340 3291 1410 512
3324 1339 3535 1395 Divini-

1950 1442 2047 1495 tati
2079 1438 2356 1494 attribuit.
2390 1437 2689 1491 Enimvero
2721 1436 2801 1501 bi,
2829 1451 2953 1490 cum
2982 1434 3225 1505 Spiritus
3257 1450 3384 1487 vasa
3418 1435 3531 1487 sint

1946 1543 2002 1587 et
2031 1531 2099 1586 ad
2149 1530 2406 1585 eumdem
2454 1544 2685 1599 scepum
2737 1528 3044 1592 colliment,
3086 1527 3193 1582 tale
3236 1526 3531 1581 dissidium

1951 1626 2103 1681 velut
2135 1624 2374 1679 diversis
2421 1624 2530 1678 viis
2568 1623 2636 1677 ad
2674 1638 2843 1677 unum
2895 1622 3058 1677 tinem
3090 1635 3328 1691 eumque
3377 1620 3529 1689 pium

1950 1738 2013 1777 ac
2041 1723 2335 1776 salutarem
2358 1720 2663 1775 inﬂectunt.
2682 1719 3079 1773 Extranearum
3106 1730 3237 1769 vero
3254 1723 3529 1769 sectarum

1951 1823 2230 1877 auctores,
2285 1822 2504 1883 arrepta
2535 1811 2891 1867 obscuritatis
2927 1809 3339 1877 Scripturarum
3362 1822 3522 1861 ocea-

254 1862 665 1963 épzp'atvopé'v'q;
700 1892 776 1959 τῷ
800 1862 990 1960 κύσμῳ
1026 1862 1217 1958 σοφίας
1256 1889 1507 1960 εἰρῆσθαί
1542 1862 1841 1959 (θη-φησί,
1877 1862 1925 1923 Β

1953 1862 2230 1877 --------ν,
2287 1862 2504 1883 War-“
2542 1862 2885 1867 ---φημι
3055 1862 3067 1877 ,
3144 1862 3147 1863 ,

1877 1862 1925 1923 Β
1952 1907 2129 1969 sione,
2167 1905 2565 1973 sacrilegorum
2605 1904 2777 1958 instar
2811 1917 2905 1958 eas
2936 1902 3240 1957 dilacerant
3263 1909 3319 1955 et
3346 1900 3403 1954 in
3439 1914 3537 1953 cx-

258 1987 547 2055 μονονουχὶ
600 1983 782 2055 φωνὴν
832 1984 1084 2053 ἀφιείσης
1125 1983 1215 2036 διὰ
1256 1983 1363 2035 τῶν
1409 1984 1724 2053 ὀριιιμένων,
1762 1984 1843 2035 ὅτι

255 2081 413 2149 παρὰ
457 2078 591 2131 Θεοῦ
643 2079 837 2146 γέγονε
875 2080 971 2130 καὶ
1008 2078 1109 2130 οὐκ
1158 2077 1482 2146 αὐτομάτως
1526 2078 1559 2147 ἡ
1605 2076 1845 2147 τοσαύτη

259 2172 425 2239 σοφία
460 2173 574 2233 τοῖς
603 2170 1049 2225 ἁποτελεσθεῖσιν
1082 2170 1398 2240 ἐμπρέπει·
1427 2168 1573 2222 καθὰ
1599 2170 1693 2224 καὶ
1717 2170 1845 2232 τοὺς

257 2266 575 2335 οὐρανοὺς-ὁ
600 2263 768 2317 Δαδίδ
784 2262 1094 2331 διηγεῖσθαί
1112 2279 1245 2330 φησι
1277 2260 1375 2331 τὴν
1405 2261 1564 2325 δόξαν
1595 2263 1686 2315 τοῦ
1709 2261 1844 2315 Θεοῦ

261 2362 471 2428 φωναῖς
500 2357 817 2427 ἀλαλήτοις.
866 2353 924 2406 Ὀ
959 2355 1017 2408 δὲ
1053 2357 1229 2425 μέγας
1264 2356 1320 2406 ὲν
1354 2354 1604 2425 θεολογία
1637 2356 1847 2427 Γρηγὸ-

265 2469 374 2521 pio,-
398 2449 490 2502 τοῦ
520 2451 773 2518 Σωτῆρος
794 2444 983 2500 τοῦτον
1007 2443 1146 2499 εἶναι
1174 2448 1376 2515 φάσκει
1407 2448 1497 2500 τὸν
1515 2450 1671 2516 λόγον
1696 2450 1809 2518 (85)
1831 2467 1844 2479 ⁸

263 2546 358 2597 καὶ
395 2544 523 2612 ἑξῆς
573 2541 916 2610 ἑρμηνεύων,
950 2540 1050 2593 ὅσα
1085 2540 1185 2610 μὲν
1239 2541 1378 2609 μετὰ
1409 2540 1506 2608 τῆς
1540 2540 1718 2604 αἰτίας
1762 2543 1849 2594 εύ-

266 2639 468 2708 ρίσκει,
501 2638 567 2706 τῇ
601 2635 987 2705 άνθρωπότητι
1026 2633 1199 2685 ταῦτα
1246 2632 1607 2704 προστίθησιν
1630 2650 1646 2667 ·
1674 2635 1773 2687 ὃσα
1805 2635 1850 2688 δ’

265 2730 415 2783 ἁπλᾶ.
440 2730 529 2782 καὶ
555 2728 793 2793 ἀναίτια,
818 2726 989 2779 ταῦτα
1012 2724 1207 2779 διελὼν
1228 2726 1503 2793 λογίζεται
1526 2729 1589 2796 τῇ
1613 2726 1847 2794 θεότητι.

277 2823 422 2877 Ἀλλ’
450 2818 593 2877 οὗτοι
628 2822 725 2892 μὲν
751 2821 923 2887 σκεύη
948 2820 1039 2873 τοῦ
1064 2821 1383 2889 Πνεύματος
1409 2820 1561 2881 οντες
1589 2822 1684 2875 καὶ
1715 2822 1852 2892 πρὸς

264 2917 364 2969 ἕνα
399 2916 689 2986 βλέποντες
737 2914 941 2967 σκοπὸν
982 2914 1077 2967 καὶ
1113 2911 1212 2983 τὴν
1251 2913 1511 2982 τοιαύτην
1556 2916 1855 2985 διαφωνίαν

266 3009 459 3077 ὥσπερ
490 3010 553 3060 ἑκ
577 3008 852 3075 διαφόρων
884 3006 1021 3059 ὁδῶν
1056 3006 1191 3075 πρὸς
1217 3005 1277 3060 ἓν
1310 3009 1646 3077 περιάγουσι
1678 3008 1852 3071 τέλος,

269 3101 495 3163 εὐσεσὲς
534 3100 737 3171 δηλαδὴ
770 3100 865 3153 καὶ
902 3101 1190 3170 σωτήριον.
1225 3100 1288 3153 Ol
1323 3099 1379 3152 δὲ
1407 3101 1515 3152 τῶν
1560 3100 1856 3172 ἀλ)οτρίων

268 3198 542 3268 αἱρέσεων
578 3196 882 3265 ἡγεμόνες,
928 3194 1201 3264 πρόφασιν
1247 3193 1617 3262 λαμϐάνοντες
1664 3196 1722 3245 τὸ
1758 3194 1856 3263 τῆς

269 3290 513 3351 διανοίας
552 3289 873 3356 δυσέφικτον
920 3288 1029 3340 τῶν
1064 3289 1101 3340 Γ
1108 3286 1322 3358 ραφῶν,
1367 3286 1523 3357 δίκην
1568 3285 1860 3355 ἱεροσύλων

272 3383 662 3449 καταξαίνουσι
712 3380 911 3444 ταύτας
944 3384 1037 3434 καὶ
1082 3382 1217 3452 πρὸς
1255 3380 1533 3441 ἀϐύσσους
1577 3378 1861 3448 πυθμένας

274 3480 606 3533 καθέλκουσι
659 3476 767 3529 τῶν
816 3475 1203 3545 βλασφημιῶν.
1257 3474 1321 3529 Εί
1374 3473 1510 3542 γοῦν
1562 3474 1863 3539 ἀναγκαῖον

276 3571 545 3640 ἐτύγχανε
588 3569 683 3621 καὶ
731 3570 862 3637 ἡμῖν
895 3569 987 3620 ἐπὶ
1021 3566 1117 3620 τοῦ
1165 3567 1437 3635 παρόντος
1471 3565 1717 3627 ὁπλίζειν
1764 3562 1862 3633 τὴν

279 3663 534 3731 γλῶτταν
562 3660 707 3713 κατὰ
740 3658 849 3711 τῶν
882 3657 1162 3724 ἐναντίων,
1198 3658 1274 3719 ὡς
1311 3656 1553 3725 ἔφαμεν,
1585 3657 1644 3707 οὐ
1686 3655 1862 3708 τοιού-

274 3772 385 3813 τοις
416 3753 483 3805 ἂν
509 3750 863 3821 ἐχρησάμεθα
880 3751 991 3811 τοῖς
1013 3750 1296 3818 ὀνόμασιν,
1324 3745 1404 3812 οἷς
1435 3750 1495 3800 τὸ
1524 3747 1864 3818 πολύτροπον

274 3847 369 3897 καὶ
402 3843 720 3912 πολυσχιδὲς
755 3840 1064 3910 ἔμφωλεύει
1096 3841 1191 3893 τοῦ
1223 3840 1340 3904 νοῦ,
1373 3840 1511 3893 ἀλλὰ
1543 3842 1655 3903 τοῖς
1688 3841 1865 3907 ἀναμ-

276 3936 631 4003 φισϐητήτως
661 3930 1107 4002 ὡμολογημένοις
1129 3933 1219 3983 καὶ
1243 3932 1775 4000 συμπεφωνημένοις
1806 3930 1868 3995 ἐξ

276 4028 486 4093 ἀμφοῖν
516 4025 611 4076 καὶ
649 4024 750 4075 ὅσα
786 4025 865 4086 εἰς
898 4023 1148 4084 ἐπινοίας
1178 4022 1404 4089 ἄγουσιν
1429 4023 1576 4091 ἡμᾶς
1607 4021 1665 4087 ἐξ
1700 4022 1866 4089 ἀνάγ-

274 4113 383 4183 am;
406 4112 513 4163 τῶν
530 4110 733 4180 νοητῶν
754 4110 893 4163 κατὰ
916 4107 1373 4177 τδάπλούστερον
1398 4126 1410 4137 ·
1432 4111 1554 4161 ἐπεὶ
1574 4110 1868 4179 πάμπολλα

278 4204 487 4273 σφόδρα
512 4200 798 4254 καὶταῦτα
822 4201 1049 4253 ἐπανθεῖ
1079 4203 1145 4270 τῇ
1196 4200 1316 4271 θείᾳ
1374 4201 1586 4271 Γραφῇ.
1619 4200 1705 4273 [Ρ.
1738 4200 1868 4267 5161

293 4293 453 4347 Ἐπεὶ
479 4293 522 4345 δ’
555 4292 653 4344 οὐκ
683 4292 980 4358 ἀναγκαῖον
1008 4290 1157 4343 τοῦθ’
1187 4291 1312 4359 ἡμῖν
1341 4291 1492 4343 ἐστιν
1528 4292 1584 4342 έν
1623 4290 1700 4358 τῷ
1727 4307 1873 4362 παρε-

280 4384 418 4443 όντι,
452 4380 869 4452 ἑρηρεισμένοις
899 4380 992 4430 καὶ
1021 4379 1384 4448 ήδρασμένυις
1415 4379 1509 4431 ἐπὶ
1539 4381 1657 4441 ταῖς
1690 4379 1871 4448 κρείτ-

281 4490 401 4526 τοσι
442 4473 633 4541 ρήσεσι
664 4473 758 4525 καὶ
783 4470 1234 4539 ἁσφαλεστέραις,
1258 4473 1376 4533 ταῖς
1405 4487 1461 4522 τε
1488 4470 1871 4540 εύογγελικαῖς

1952 2004 2184 2049 tremam
2220 1994 2687 2063 blaSplicmiarum
2720 1994 2975 2064 abyssum
3024 1989 3343 2046 detrudunt.
3372 1988 3528 2054 Quod

1953 2087 1996 2141 si
2047 2085 2208 2141 nobis
2258 2086 2425 2141 etiam
2478 2086 2532 2139 in
2581 2084 2869 2155 praesentia
2920 2092 3069 2139 esset
3116 2097 3255 2153 opus
3286 2082 3531 2151 linguam

1953 2186 2144 2230 contra
2184 2176 2536 2231 adversarios
2564 2190 2786 2237 acuere,
2818 2182 2880 2228 ut
2909 2175 3173 2232 diximus.
3201 2188 3308 2237 non
3338 2173 3404 2227 iis
3436 2189 3535 2227 vo«

1956 2268 2168 2323 cabulis
2193 2277 2497 2330 uteremur,
2530 2268 2584 2322 in
2617 2267 2822 2337 quibus
2858 2266 3132 2321 sententia
3165 2265 3450 2335 multiplex
3481 2274 3538 2317 ct

1956 2362 2107 2416 varia
2143 2362 2375 2426 lateret;
2425 2361 2520 2415 sed
2555 2361 2643 2421 iis,
2680 2376 2801 2429 qua:
2832 2372 2987 2414 extra
3034 2374 3256 2414 omnem
3308 2368 3535 2413 contro-

1958 2456 2193 2510 versiam
2223 2455 2697 2509 consentientibus
2723 2454 2924 2508 animis
2957 2453 3175 2523 utrique
3202 2452 3535 2508 conﬁterer:-

1960 2559 2070 2609 tur,
2102 2561 2337 2617 quaeque
2382 2547 2696 2601 necessario
2737 2561 2839 2601 nos
2863 2545 2930 2599 ad
2957 2546 3244 2615 cogitanda
3270 2560 3332 2598 ea
3365 2545 3540 2599 dedu-

1960 2648 2166 2702 cerent,
2205 2654 2323 2709 qua:
2356 2638 2680 2707 simpliciori
2707 2653 2872 2692 sensu
2904 2637 3366 2708 intelligerentur.
3401 2639 3532 2693 Nam

1960 2742 2016 2786 et
2044 2729 2355 2801 liujusinodi
2392 2729 2663 2799 permulta
2714 2744 2745 2785 e
2782 2728 2957 2783 sacris
3004 2728 3234 2784 Litteris
3270 2730 3421 2783 velut
3452 2732 3536 2783 ef—

1964 2822 2283 2878 ﬂorescunt.
2326 2820 2433 2877 Sed
2465 2822 2592 2892 quia
2623 2821 2784 2876 nobis
2816 2821 2867 2875 id
2907 2822 3014 2877 hoc
3046 2831 3291 2891 tempore
3317 2838 3424 2877 non
3455 2832 3540 2877 est

1964 2913 2365 2978 necessarium,
2416 2913 2507 2983 qui
2562 2912 2885 2969 melioribus
2925 2923 2982 2969 et
3021 2916 3320 2970 tutioribus
3354 2916 3538 2980 dictis.

1963 3006 2294 3076 evangelicis
2321 3005 2601 3070 videlicet,
2630 3015 2684 3059 et
2712 3020 2871 3059 sacro
2894 3004 3015 3061 ﬁdei
3042 3006 3326 3077 Symbol),
3358 3025 3387 3062 a
3414 3024 3543 3062 san-

1968 3098 2073 3151 clis
2108 3097 2363 3152 Patribus
2392 3096 2522 3150 olim
2570 3096 2806 3160 sancito,
2853 3097 3087 3150 nitimur
3115 3105 3172 3152 et
3206 3099 3373 3152 veluti
3422 3100 3543 3153 [οη-

1966 3188 2230 3243 damento
2265 3186 2572 3242 insistimus
2606 3187 2685 3256 (lii
2717 3188 2864 3242 enim
2893 3188 3116 3255 limites,
3152 3187 3267 3244 ha-c
3297 3206 3544 3260 prouun~

1972 3282 2101 3334 liata
2152 3295 2345 3334 ret‘era
2386 3288 2515 3335 sunt
2549 3279 2782 3346 notiora,
2832 3280 3147 3350 nullamque
3197 3282 3544 3338 demonstra-

1968 3376 2170 3428 tionem
2205 3371 2517 3443 requirunt)
2544 3392 2559 3427 :
2582 3372 2805 3428 silentio
2834 3373 3046 3427 rixosas
3066 3374 3282 3428 illorum
3311 3384 3547 3430 conten-

1967 3469 2147 3523 tiones
2178 3479 2232 3522 et
2263 3467 2677 3523 adversationes
2701 3482 2865 3537 quam
2895 3467 3365 3536 disputationibus
3390 3485 3550 3524 ever-

1970 3570 2087 3615 tere
2122 3561 2256 3615 mibi
2285 3560 2508 3615 videtur
2535 3575 2659 3615 esse
2708 3560 2943 3630 aequius.
2979 3560 3134 3626 Quod
3169 3561 3214 3615 si
3252 3561 3412 3615 nobis
3451 3578 3548 3615 oe-

1966 3656 2211 3708 curritur
2240 3652 2309 3707 ab
2336 3652 2544 3722 aliquo,
2578 3659 2799 3706 sanctos
2828 3651 3019 3706 Patres
3053 3668 3197 3722 saepe
3219 3654 3549 3724 syllogismis

1970 3761 2101 3799 usos
2134 3746 2187 3799 in
2219 3745 2488 3815 ejusmodi
2518 3742 2943 3814 quaestionibus,
2976 3760 3102 3799 eum
3135 3761 3236 3815 ego
3272 3747 3415 3800 hami
3446 3762 3549 3816 0p-

1973 3845 2209 3905 portuna
2241 3837 2426 3890 dicere
2450 3835 2794 3889 al'lirmarim.
2834 3834 3025 3904 Neque
3056 3837 3203 3889 enim
3230 3853 3297 3891 eo
3326 3838 3377 3891 id
3403 3837 3552 3893 fece-

1971 3935 2123 3991 runt,
2182 3936 2244 3981 ut
2291 3926 2668 3990 ostenderent,
2719 3942 2843 3995 qua:
2895 3926 2987 3980 Dei
3026 3938 3218 3981 natura
3252 3938 3420 3989 esset.
3456 3941 3553 3984 aut

1971 4035 2091 4089 qua:
2120 4018 2240 4072 Filii
2275 4018 2433 4088 513
2470 4019 2774 4087 generatio,
2810 4027 2907 4071 aut
2933 4034 3055 4087 qua:
3090 4019 3326 4087 Spiritus
3369 4024 3549 4077 sancti

1974 4108 2293 4179 processio:
2325 4108 2419 4161 sed
2454 4109 2657 4177 potius,
2693 4116 2754 4162 ut
2794 4121 2889 4162 eos
2921 4118 3265 4173 coercerent,
3302 4110 3397 4179 qui
3431 4111 3552 4165 sine

1974 4202 2083 4255 ulla
2123 4199 2394 4253 modestia
2446 4197 2503 4252 in
2551 4198 2880 4268 theologiam
2930 4199 3275 4253 invaderan
3327 4200 3551 4269 Alioqui

1974 4292 2123 4346 dicat
2152 4291 2288 4345 mihi
2331 4290 2553 4359 aliquis,
2584 4305 2695 4359 quo
2727 4290 2962 4344 consilio
2994 4306 3221 4361 magnus
3253 4291 3344 4344 ille
3390 4292 3549 4346 tlieo-

1976 4386 2132 4454 Iogus
2151 4384 2448 4454 Gregorius
2471 4398 2588 4447 eos,
2613 4384 2706 4453 qui
2735 4383 3077 4437 contentiose
3103 4384 3167 4437 de
3192 4385 3549 4452 generatione

1979 4476 2101 4530 Filii
2151 4477 2304 4530 etde
2336 4475 2577 4545 Spiritus
2626 4475 2799 4529 sancti
2836 4474 3192 4544 processieue
3240 4476 3549 4547 interroga-

281 4567 488 4635 δηλαδὴ
521 4566 617 4618 καὶ
647 4565 721 4626 ὡς
752 4564 959 4617 ἄνωθεν
999 4568 1108 4625 τοῖς
1149 4564 1318 4625 ὁσίοις
1353 4565 1600 4634 Πατράσι
1637 4566 1697 4617 τὸ
1730 4566 1875 4619 θεῖον
1908 4586 1950 4641 D

1873 4586 1950 4641 ιι)
1981 4570 2135 4633 bant,
2198 4569 2301 4623 hac
2334 4567 2628 4622 verborum
2684 4567 2853 4637 ﬁgura
2901 4582 3189 4637 aggressus
3235 4568 3338 4623 sit:
3401 4589 3420 4622 ι
3453 4572 3550 4627 Dic

284 4659 386 4726 τῆς
425 4657 665 4716 πίστεως
706 4655 1019 4723 κεκύρωται
1074 4655 1345 4723 σύμϐολον
1383 4657 1577 4723 (ταῦτα
1616 4659 1723 4727 γὰρ
1753 4660 1869 4729 ὅροι

289 4750 389 4803 καὶ
418 4749 593 4810 θέσεις
632 4747 707 4809 ὡς
740 4748 955 4816 άληθῶς
990 4746 1415 4817 γνωριμώτεραί
1449 4766 1507 4801 τε
1548 4752 1642 4802 καὶ
1672 4750 1876 4802 ἀναπό-

287 4842 515 4908 δεικτοι)
544 4855 558 4867 ·
606 4842 787 4910 σιωπῇ
833 4840 933 4902 τάς
980 4841 1159 4892 αὐτῶν
1200 4840 1536 4906 φιλονείκους
1591 4843 1875 4905 ἐνστάσεις

290 4931 621 4999 ἀνατρέπειν
655 4929 854 4998 μᾶλλον
882 4930 914 4999 ἦ
949 4929 1150 4995 λόγοις,
1178 4929 1301 4997 ἐμοὶ
1338 4930 1485 4982 δοκεῖ
1513 4931 1871 5000 δικαιότερον.

295 5023 357 5074 Εἰ
385 5021 442 5073 δέ
475 5038 559 5083 τις
587 5020 879 5082 ὲνίσταιτο,
926 5021 1054 5084 τοὺς
1101 5021 1279 5082 θείους
1314 5022 1563 5092 Πατέρας
1627 5022 1873 5090 συλλογι-

296 5116 455 5183 σμοῖς
486 5114 745 5177 πολλάκις
769 5115 1088 5184 χρωμένους
1115 5104 1383 5184 παράγων
1402 5118 1457 5167 ἐν
1475 5118 1581 5179 τοῖς
1595 5115 1875 5179 τοιούτοις·

294 5209 396 5259 οὐκ
432 5208 497 5261 ἂν
545 5208 721 5274 ἔγωγε
769 5208 959 5276 καίρια
992 5210 1225 5275 φάσκειν
1270 5210 1511 5278 φήσαιμι
1558 5210 1766 5263 τοῦτον.
1803 5212 1877 5263 Οὐ

298 5302 408 5369 γὰρ
446 5298 532 5351 ἵνα
563 5297 833 5363 δείξωσιν,
872 5297 986 5351 οὗθ’
1025 5299 1053 5351 ὅ
1108 5318 1159 5352 τι
1190 5299 1308 5352 ἐστὶ
1336 5305 1436 5369 τὴν
1468 5299 1631 5368 φύσιν
1657 5302 1685 5353 ὁ
1717 5302 1874 5369 Θεὸς,

1980 4661 2139 4725 mibi,
2166 4660 2363 4729 inquit,
2395 4672 2506 4728 quo
2540 4665 2699 4727 pacto
2728 4658 2888 4711 Pater
2921 4666 3085 4711 natus
3114 4674 3221 4712 non
3255 4660 3345 4722 sit,
3374 4670 3429 4715 et
3450 4677 3555 4733 ego

1974 4764 2225 4807 naturam
2281 4750 2655 4822 generationis
2696 4750 2819 4804 Filii
2870 4749 3156 4820 explicabo
3208 4759 3262 4805 et
3310 4752 3556 4824 Spiritus

1975 4845 2422 4913 processionem;
2458 4852 2516 4898 et
2543 4844 2707 4898 ambo
2744 4843 3105 4909 insaniemus,
3141 4844 3195 4898 in
3224 4860 3423 4900 arcana
3457 4846 3555 4903 Dei

1976 4938 2227 4992 curiosos
2261 4937 2455 4993 oculos
2498 4937 2842 4993 inserentes:
2894 4936 2928 4990 ii
2964 4938 3289 5007 prasertim,
3324 4939 3417 5009 qui
3454 4956 3557 4996 nec

1978 5046 2043 5087 ea
2081 5047 2202 5101 quae
2233 5040 2360 5085 ante
2394 5031 2562 5101 pedes
2588 5038 2739 5093 sunt,
2768 5029 3073 5099 intelligere
3103 5046 3416 5099 possumus,
3443 5048 3555 5088 non

1980 5138 2201 5178 arenam
2240 5123 2428 5187 maris,
2464 5137 2573 5174 non
2602 5128 2783 5191 guttas
2812 5120 3146 5189 pluviarum,
3178 5137 3280 5176 nec
3313 5124 3431 5178 dies
3458 5141 3559 5180 sa:-

1982 5211 2090 5266 culi
2121 5225 2491 5266 enumerare:
2537 5218 2749 5263 tantum
2783 5207 2963 5275 abest,
2995 5216 3055 5261 ut
3105 5208 3159 5262 in
3196 5208 3291 5265 Dei
3335 5211 3559 5280 profun-

1980 5303 2179 5357 ditates
2233 5304 2568 5357 descendere
2615 5310 2669 5355 et
2708 5301 2845 5356 adeo
2889 5299 3188 5357 inetl‘abilis
3240 5314 3450 5358 natura:
3500 5313 3558 5359 et

1654 5440 1993 5503 Variorum
2033 5452 2217 5504 nota}.

378 5578 492 5648 (3‘)
517 5575 749 5630 Basilius
768 5575 993 5645 Magnus
1014 5576 1206 5648 Νίκη,
1260 5578 1520 5633 Adversus
1544 5579 1883 5647 Eunomium,

301 5655 368 5705 ad
390 5647 478 5701 illa
506 5648 695 5707 verba,
717 5648 973 5699 ΚΥΡΙΟΣ
994 5647 1242 5698 ΕΚΊΊΣΕ
1264 5648 1305 5699 Μ
1319 5649 1375 5710 Ε,
1402 5652 1635 5718 Ἀνάγκη
1663 5651 1777 5713 οὖν,
1797 5654 1881 5705 in-

304 5724 445 5792 quit,
478 5723 555 5780 εἰς
584 5718 1106 5792 τὴνᾼὰλνθρωπότητα
1135 5719 1322 5792 Δαὑτοῦ
1356 5722 1516 5792 νοεῖν.
1552 5722 1707 5772 Εἴποι
1737 5725 1780 5773 6‘
1815 5725 1880 5775 ἄν

303 5787 387 5847 ιξις
422 5792 515 5841 καὶ
550 5791 636 5839 τὴν
670 5787 991 5853 Σολομῶντα
1030 5790 1155 5853 περὶ
1199 5788 1317 5854 τῆς·
1346 5791 1536 5855 σοφίας
1568 5792 1874 5858 εἰρηκέναι,

304 5859 369 5933 ἧς
411 5862 504 5912 καὶ
533 5861 562 5912 ὸ
596 5857 913 5917 ’Λπόστολος
960 5857 1256 5925 μέμνηται,
1303 5862 1503 5910 είπων·
1540 5857 1729 5929 guttai;
1767 5867 1872 5933 γὰρ

608 5959 907 6017 Ῥλγιιυτ..
951 5956 1068 6013 lie.
1117 5956 1213 6014 CX
1233 5956 1324 6012 LV
1343 5956 1412 6013 ill

1992 5590 2049 5641 ἐν
2080 5589 2147 5657 τῇ
2180 5587 2343 5667 ᾳοφίᾳ
2374 5584 2635 5667 τοδάθεηῦ
2676 5584 2776 5637 οὐκ
2800 5585 2944 5667 ἔγνω
2989 5581 3207 5667 κόσμος.
3221 5584 3309 5638 διὰ
3342 5586 3439 5655 τῆς
3468 5603 3560 5639 σο-

1991 5654 2239 5724 eiciet?”
2277 5654 2429 5708 θεάν.
2469 5654 2718 5708 Fortasse
2754 5656 2817 5708 ad
2853 5671 2917 5709 ea
2968 5654 3134 5708 verba
3170 5654 3441 5726 Gregoras
3470 5673 3560 5711 rc-

1988 5729 2186 5797 slicsit.
2229 5728 2433 5780 non“.

2064 5800 2172 5865 (κδ)
2209 5798 2431 5867 (ii-eger.
2470 5798 2595 5851 Νη.
2633 5797 2881 5852 oratione
2908 5800 2941 5851 Ω
2981 5802 3046 5857 de
3080 5802 3232 5858 Filio.
3278 5799 3485 5852 Bonus.

3164 5965 3239 6024 23
