4248 6442
739 387 842 450 715
1022 384 1096 457 [Α.
1141 401 1198 440 ιι.
1239 383 1377 439 6856
1419 398 1484 437 AD
1525 381 1693 454 6849]

1945 387 2372 449 NICEPHORI
2413 390 2800 452 GltEGORIE

3084 387 3221 462 [περ.
3261 405 3548 448 monomc.
3590 396 3731 467 max]

3901 399 4009 465 716

735 541 953 578 omnem
976 525 1242 579 rationem
1263 522 1577 594 superantis
1600 522 1866 578 rationem
1885 523 2120 579 reddere
2137 539 2308 595 quea—
2341 529 2386 585 Α

2341 529 2386 585 Α
2413 523 2528 578 οὔθ’
2557 527 2584 579 ὃ
2615 545 2665 579 τι
2718 528 2868 581 ἐστὶν
2908 527 3039 582 Υίοῦ
3073 531 3329 600 γέννησις
3349 573 3364 597 ,
3393 531 3510 586 οὔθ’
3536 536 3564 587 ὃ
3592 552 3644 589 τι
3673 538 3791 591 ἐστὶ
3827 540 4006 596 [luti-

735 632 910 670 mus.»
942 616 1020 670 Ac
1051 617 1211 685 paulo
1244 625 1368 685 post
1403 617 1625 677 iterum,
1674 615 1992 671 adversario
2027 625 2309 686 quaarente

735 709 1011 777 specimen
1070 719 1123 762 et
1166 708 1607 771 similitudinem,
1659 722 1763 774 ac,
1822 731 1840 760 ι
1887 708 1959 762 Da
2013 709 2167 775 mihi,
2226 709 2308 762 in-

735 800 982 869 quiente,
1018 815 1083 855 ex
1120 801 1315 855 eodem
1355 801 1551 870 partim
1585 801 1806 865 Filium,
1841 804 2039 870 partim
2077 819 2185 856 non
2218 803 2312 857 Fi-

735 896 892 957 lium,
936 893 1136 949 deinde
1175 907 1232 950 et
1273 894 1523 948 eamdem
1573 895 1974 959 substantiam;
2026 912 2090 950 ac
2136 897 2306 950 Deum

731 999 788 1041 et
817 988 984 1042 Deum
1023 989 1333 1052 admittam,
1363 1007 1381 1038 ι
1417 989 1746 1056 respondet:
1785 1008 1803 1039 ‹
1839 990 1971 1042 Dato
1993 997 2049 1043 et
2078 998 2134 1044 tu
2167 991 2305 1045 mihi

734 1081 902 1134 Deum
941 1082 1108 1134 alium
1144 1091 1199 1135 et
1232 1090 1487 1135 naturam
1531 1081 1666 1146 Dei;
1705 1092 1761 1135 et
1784 1098 1884 1151 ego
1924 1083 2020 1137 tibi
2053 1085 2304 1138 eamdem

732 1170 1054 1226 Trinitatem
1087 1172 1252 1235 dabo,
1282 1188 1408 1227 cum
1458 1175 1650 1228 iisdem
1685 1183 1742 1229 et
1775 1154 2092 1229 nominibus
2135 1185 2191 1230 et
2218 1192 2306 1229 rc-

731 1264 854 1318 bus.
894 1266 946 1317 Si
983 1281 1117 1318 vero
1153 1281 1297 1320 unus
1327 1275 1411 1320 est
1437 1267 1604 1329 Deus,
1643 1281 1747 1319 una
1781 1281 2036 1335 suprema
2067 1278 2301 1322 natura:

729 1356 874 1410 unde
913 1358 1009 1409 tibi
1040 1357 1268 1412 all‘eram
1303 1359 1760 1413 similitudinem?
1788 1381 1807 1412 ι
1846 1360 1938 1415 Est
1963 1364 2108 1415 enim
2145 1363 2302 1418 valde

726 1457 907 1516 turpe,
935 1463 1035 1501 nec
1067 1451 1229 1503 modo
1263 1458 1444 1517 turpe,
1473 1451 1566 1504 sed
1592 1460 1647 1504 et
1672 1451 2097 1520 perabsurdum,
2127 1470 2193 1508 ex
2219 1456 2304 1508 in—

727 1539 1022 1594 ferioribus
1054 1544 1403 1610 superiorum
1436 1553 1623 1612 petere
1658 1546 1973 1613 imaginem,
2025 1558 2080 1602 et
2106 1563 2298 1601 eorum

725 1650 844 1703 quce
894 1636 1121 1690 immota
1159 1647 1288 1690 sunt
1334 1653 1402 1690 ex
1439 1638 1506 1690 iis
1535 1654 1657 1707 qua:
1704 1637 1848 1691 ﬂuxa
1875 1647 1930 1691 et
1970 1638 2198 1704 caduca,
2245 1650 2301 1694 et

723 1726 865 1795 quod
899 1727 1060 1781 Isaias
1090 1730 1186 1791 ait,
1216 1729 1453 1782 viventia
1488 1731 1538 1782 in
1568 1729 1802 1782 mortuis
1831 1731 2133 1799 requirere.
2160 1732 2302 1797 Qua-

722 1827 951 1887 propter
1007 1820 1170 1873 etiam
1227 1819 1357 1873 alibi
1416 1822 1526 1875 ait:
1588 1840 1606 1871 ι
1644 1820 1787 1875 Intra
1843 1823 2044 1877 limites
2083 1836 2299 1879 nostros

723 1909 886 1980 514
905 1909 1266 1964 consistentes
1291 1912 1593 1979 ingenitum
1617 1923 1674 1966 et
1691 1915 1932 1982 genitum
1957 1916 2289 1983 inducimus,

721 2011 777 2054 et
811 2002 860 2053 id
897 2003 1039 2070 quod
1073 2018 1102 2055 e
1137 2003 1297 2057 Patre
1328 2004 1596 2070 procedit,
1640 2015 1700 2059 ut
1735 2006 1851 2074 ipse
1882 2008 2025 2061 Deus
2075 2019 2129 2062 et
2165 2010 2298 2064 Ver-

722 2096 852 2148 bum
884 2097 982 2150 ait.
1010 2116 1027 2147 ι
1061 2095 1187 2150 llaec
1210 2096 1377 2166 igitur
1409 2099 1529 2166 ejus
1561 2109 1711 2162 sunt,
1736 2115 1842 2152 non
1873 2102 1963 2169 qui
1997 2104 2297 2157 asserendo

722 2189 1063 2241 constituere
1102 2187 1250 2253 velit,
1295 2189 1426 2258 quid
1468 2189 1584 2242 haec
1625 2190 1755 2251 sint,
1788 2191 1881 2244 sed
1911 2193 2048 2261 ejus,
2088 2194 2179 2262 qui
2212 2210 2295 2246 re-

720 2280 887 2347 pellat
927 2287 981 2332 et
1030 2279 1306 2333 deterreat
1338 2296 1456 2344 eos,
1493 2281 1585 2348 qui
1623 2290 1827 2336 temere
1876 2285 1942 2336 ad
1982 2284 2294 2354 ltujusmodi

719 2373 1052 2426 assertioncs
1097 2372 1444 2442 confugiunt.
1497 2373 1850 2442 Ecquomodo
1902 2385 2086 2430 autem
2135 2379 2294 2433 aliter

718 2463 942 2527 sentiat,
979 2464 1070 2532 qui
1121 2479 1188 2517 ne
1221 2463 1485 2518 vocabula
1513 2465 1738 2534 quidem
1790 2466 1883 2521 Dei
1917 2477 2128 2523 natura:
2163 2485 2295 2525 con-

718 2556 969 2623 gruentia
1023 2554 1255 2622 reperiri
1313 2554 1382 2608 ab
1435 2556 1753 2611 hominibus
1801 2573 1959 2627 posse
2016 2559 2295 2616 afﬁrmat?

719 2646 830 2700 Res
862 2646 1008 2700 enim
1065 2646 1280 2700 divinas
1321 2647 1526 2700 nostris
1561 2650 1900 2714 nominibus,
1929 2661 1983 2704 ut
2013 2651 2161 2712 licet.
2199 2668 2293 2706 cx-

715 2737 1026 2805 primimus.
1055 2738 1218 2790 «Nam
1239 2737 1284 2790 si
1313 2739 1367 2791 in
1392 2738 1480 2803 iis,
1505 2737 1702 2806 inquit,
1733 2755 1856 2807 qua:
1886 2740 2289 2811 intelliguntur,

718 2846 782 2884 ea
811 2845 932 2900 qua:
979 2829 1224 2883 infimum
1274 2831 1455 2886 locum
1489 2831 1759 2895 obtinent,
1805 2849 2002 2903 nempe
2051 2835 2196 2906 ψυχή
2239 2845 2293 2890 et

717 2920 896 2987 λόγος,
951 2921 1190 2990 propriis
1246 2920 1563 2973 nominibus
1614 2931 1804 2974 carent
1864 2924 2090 2992 (ctenim
2142 2925 2288 2995 ψυχή

717 3011 956 3065 femineo
1010 3013 1227 3066 nomine
1263 3013 1592 3081 appellatur,
1646 3029 1771 3066 cum
1812 3030 1875 3068 ea
1929 3016 2048 3086 ejus
2096 3027 2289 3070 natura

719 3120 826 3156 non
865 3105 957 3165 sit,
988 3115 1043 3156 et
1081 3104 1239 3171 λόγος
1273 3104 1602 3170 masculino,
1629 3105 1732 3157 etsi
1767 3106 1888 3174 ejus
1925 3121 2030 3157 non
2069 3106 2139 3159 sit
2175 3121 2288 3159 ma-

2419 630 2590 682 ματος
2643 616 2801 682 ἁγίου
2851 619 3200 688 ἑκτιόρευσις,
3253 621 3370 675 ἀλλ’
3425 625 3511 677 ἵνα
3565 627 3768 696 μᾶλλον
3824 631 4006 695 ἄλλως

2414 707 2682 775 ἐπίσχωσι
2726 711 2854 773 τοὺς
2893 712 3144 773 ἀτάκτως
3184 716 3252 783 τῇ
3305 714 3558 787 θεολογέᾳ
3594 720 4002 790 ἐπιπηδῶντας.

2413 798 2477 852 Ei
2513 799 2559 851 δ’
2589 799 2704 865 ὀῦν,
2737 801 2948 870 λεγέτω
2985 805 3080 872 μοί
3123 821 3209 868 τις
3242 808 3553 877 παρελθὼν,
3591 813 3643 864 τί
3676 811 4006 882 βουλόμενος

2411 894 2438 944 ὁ
2480 894 2653 961 μέγας
2685 895 2743 948 ὲν
2779 896 3028 966 Θεολογίᾳ.
3071 898 3376 970 Γρηγόριος
3417 903 3618 973 ούιτῳσὶ
3669 908 4003 976 σχηματίζει

2411 985 2502 1037 τὸν
2534 986 2690 1054 λόγον
2721 989 2855 1054 πρὸς
2903 992 3028 1052 τοὺς
3064 992 3358 1058 ἐριστικῶς
3402 996 3725 1065 ἐρωτῶντας
3760 999 3889 1070 περί
3938 1018 4000 1052 τε

2408 1071 2507 1135 τῆς
2545 1073 2640 1125 τοῦ
2677 1073 2803 1126 Υίοῦ
2833 1078 3143 1145 γεννήσεως
3166 1079 3267 1131 καὶ
3299 1081 3400 1149 τῆς
3437 1081 3530 1134 τοῦ
3571 1085 3726 1150 ἁγίου
3745 1086 4002 1156 Πνεύμα-

2408 1181 2496 1227 τος
2529 1165 2943 1236 ὲκπορεύσεωςο
2998 1187 3016 1218 ι
3052 1170 3184 1222 Εἰπέ
3220 1187 3333 1240 μοι,
3376 1190 3394 1221 ›
3431 1173 3658 1241 φάσκων
3691 1176 3828 1245 (86),
3869 1195 3887 1228 ι
3931 1180 3997 1232 σὺ

2407 1255 2506 1326 τὴν
2535 1258 2860 1327 ἀγεννησίαν
2887 1256 2980 1310 τοῦ
3010 1259 3273 1329 Πατὲρος,
3312 1261 3466 1330 κάγὼ
3494 1262 3591 1332 τὴν
3622 1265 3878 1333 γέννησιν
3898 1265 3995 1319 τοῦ

2409 1349 2537 1402 Υἱοῦ
2557 1351 2932 1425 φυσιολογὴσω
2958 1352 3045 1404 καὶ
3071 1351 3167 1422 τὴν
3193 1353 3520 1420 ὲκπύρευσιν
3542 1357 3636 1408 τοῦ
3655 1358 3701 1409 Π
3718 1358 3795 1408 .·εύ
3804 1375 4001 1425 ματος,

2407 1441 2501 1492 καὶ
2530 1420 3056 1510 παραπληκτίσομεν
3087 1420 3276 1512 ἄμφω,
3308 1445 3389 1506 εἰς
3413 1444 3550 1498 Θεοῦ
3581 1420 3860 1517 μυστήρια
3891 1420 4000 1500 παέ

2407 1531 2778 1600 ρακύπτοντες
2799 1547 2812 1562 ⁸
2857 1533 2951 1584 καὶ
2981 1531 3155 1584 ταῦτα
3186 1534 3360 1599 τίνες;
3390 1535 3452 1587 Οί
3481 1535 3617 1607 μηδὲ
3641 1536 3709 1589 τὰ
3739 1537 3798 1589 ὲν
3834 1539 4000 1592 ποσὶν

2403 1625 2606 1676 εἰδέναι
2637 1624 2948 1692 δυνάμενοι,
2984 1626 3118 1693 μηδὲ
3154 1624 3385 1694 ψάμμον
3413 1627 3700 1681 θαλασσῶν
3734 1631 3828 1681 καὶ
3860 1648 3996 1684 στα-

2404 1717 2570 1784 γόνας
2601 1716 2757 1769 ὑετοῦ
2791 1718 2884 1768 καὶ
2921 1717 3136 1786 ἡμέρας
3186 1718 3381 1781 αἰῶνος
3415 1719 3528 1791 (87)
3552 1721 3995 1791 ἐξαριθμεῖσθαι,

2406 1808 2481 1879 μὴ
2509 1811 2590 1862 ὅτι
2617 1826 2676 1875 γε
2703 1809 2838 1862 Θεοῦ
2860 1811 3077 1879 βάθεσιν
3113 1811 3446 1879 ἐμϐατεύειν
3477 1816 3569 1866 καὶ
3589 1814 3747 1883 λόγον
3771 1816 3997 1886 ὑπέχειν

2401 1905 2500 1970 τῆς
2542 1901 2714 1964 οὕτως
2759 1904 3004 1974 ἀρρήτου
3048 1908 3139 1956 καὶ
3179 1906 3319 1975 ὑπὲρ
3351 1906 3508 1972 λόγον
3541 1907 3779 1974 @535”;-
3823 1930 3840 1961 ³
3884 1912 3997 1964 Καὶ

2404 1999 2522 2066 μετ’
2549 1997 2704 2064 ὀλίγα
2738 1997 2920 2060 πάλιν,
2954 1998 3047 2051 τοῦ
3081 2001 3325 2053 ἐναντίου
3359 2002 3651 2070 ζητοῦντος
3684 2004 3995 2074 ὑπόδειγμα

2401 2093 2492 2142 καὶ
2525 2091 2782 2159 ὁμοίωσιν
2814 2093 2928 2155 καὶ,
2962 2111 2978 2143 ι
3006 2094 3104 2154 Δός
3130 2111 3244 2162 μοι,
3272 2113 3288 2145 ι
3325 2094 3594 2161 λέγοντος,
3631 2115 3648 2147 ι
3686 2096 3859 2150 ὲκτοῦ
3891 2097 3996 2150 αὖ-

2397 2164 2496 2229 τού
2526 2178 2584 2228 τὸ
2614 2177 2714 2246 μὲν
2761 2178 2910 2242 Υίὸν,
2940 2179 3000 2230 τὸ
3032 2178 3086 2232 δὲ
3118 2181 3214 2250 οὐχ
3232 2182 3383 2247 Υίὸν,
3416 2179 3534 2235 εἶτα
3566 2184 3851 2252 ὁμοούσια,
3894 2186 3995 2242 καὶ

2397 2271 2769 2340 δέχομαιΘεὸν
2798 2272 2892 2323 καὶ
2918 2272 3070 2344 Θεὸν,
3114 2292 3130 2324 ι
3171 2276 3530 2343 ἀποκρίνεται
3567 2276 3778 2343 λέγων·
3816 2297 3835 2330 ‹
3885 2277 3989 2338 Δός

2400 2382 2492 2434 μοι
2546 2365 2638 2416 καὶ
2676 2365 2738 2416 σὺ
2763 2364 2896 2417 Θεὸν
2939 2364 3096 2418 ἄλλον
3129 2367 3224 2419 καὶ
3274 2368 3436 2436 φύσιν
3479 2368 3638 2432 Θεοῦ,
3696 2371 3788 2423 καὶ
3827 2371 3989 2425 δώσω

2399 2475 2478 2510 σοι
2539 2457 2637 2526 τὴν
2679 2458 2847 2526 αὐτὴν
2893 2458 3099 2526 Τριάδα
3161 2462 3299 2528 μετὰ
3336 2463 3445 2514 τῶν
3480 2463 3660 2515 αὐτῶν
3697 2464 3990 2533 ὀνομάτων

2397 2563 2455 2599 τε
2509 2547 2601 2599 καὶ
2663 2547 3026 2614 πραγμάτων.
3092 2548 3157 2602 El
3209 2549 3266 2602 δὲ
3331 2546 3412 2613 εἷς
3476 2551 3612 2615 Θεὸς
3661 2553 3758 2621 μία
3813 2553 3983 2621 φύσις

2397 2639 2429 2708 ἠ
2463 2638 2746 2701 ἀνωτάτω,
2779 2640 2944 2693 πόθεν
2980 2641 3319 2711 παραστήσω
3368 2660 3449 2694 σοι
3489 2643 3591 2714 τὴν
3620 2644 3912 2713 ὁμοίωσιν;
3956 2663 3979 2698 ι

2396 2732 2532 2784 Δίαν
2577 2731 2686 2802 γὰρ
2741 2733 3004 2802 αἰσχρὸν,
3036 2733 3132 2786 καὶ
3171 2735 3272 2786 οὐκ
3322 2734 3544 2804 αἰσχρδν
3601 2737 3798 2804 μόνον,
3847 2737 3986 2792 ἀλλὰ

2396 2825 2491 2878 καὶ
2554 2827 2785 2894 μάταιον
2844 2826 3142 2892 ἐπιεικῶς,
3203 2827 3267 2878 ἐκ
3319 2829 3428 2880 τῶν
3489 2830 3641 2880 κάτω
3701 2829 3809 2882 τῶν
3870 2830 3986 2883 ἄνω

2394 2918 2494 2986 τὴν
2535 2917 2782 2969 εἰκασίαν
2825 2918 3145 2986 λαμϐάνειν,
3187 2921 3281 2972 καὶ
3328 2920 3437 2971 τῶν
3459 2921 3734 2991 ἀκινήτων
3779 2923 3840 2974 ὲκ
3881 2924 3984 2990 τῆς

2398 3010 2629 3080 ῥευστῆς
2658 3011 2896 3078 φύσεως,
2935 3012 3051 3075 καὶ,
3082 3012 3109 3062 ὅ
3138 3025 3303 3080 φησιν
3349 3012 3598 3076 Ἡσαΐας,
3631 3014 3983 3082 ὲκζητεῖσθαι
4017 3065 4022 3069 .

2393 3103 2461 3155 τὰ
2496 3103 2673 3167 ζῶντα
2698 3105 2754 3155 ὲν
2783 3106 2895 3166 τοῖς
2926 3108 3161 3173 νεκροῖς.
3193 3107 3291 3158 Διὰ
3313 3105 3471 3158 τοῦτο
3494 3108 3584 3158 καὶ
3613 3105 3843 3176 ἀλλαχοῦ
3876 3123 3983 3177 φη-

716 3197 867 3250 scula
897 3204 1111 3267 natura)
1141 3213 1155 3261 ;
1188 3213 1249 3249 ea
1280 3196 1642 3260 intellectilia,
1682 3212 1802 3264 quas
1828 3198 2074 3250 omnium
2110 3199 2284 3265 prima
2318 3224 2359 3280 ρ

2318 3224 2359 3280 C
2396 3213 2480 3246 σιν
2504 3213 2518 3226 ·
2553 3213 2571 3246 ι
2597 3196 2718 3248 Ἐπὶ
2767 3197 2876 3247 τῶν
2925 3197 3213 3266 ἡμετέρων
3251 3199 3394 3267 ὅρων
3435 3197 3548 3268 (88)
3587 3200 3868 3267 ἱστάμενοι
3915 3200 3981 3252 τὸ

713 3296 840 3342 sunt
875 3299 928 3341 et
958 3304 1173 3342 onmem
1209 3289 1548 3342 intellectum
1580 3295 1862 3356 superant,
1902 3291 2142 3358 propriis
2187 3309 2281 3360 ap-

714 3380 902 3446 pellari
935 3380 1253 3433 nominibus
1299 3379 1578 3449 quomodo
1611 3381 2045 3436 ailirmabimus?
2099 3403 2116 3434 ι
2150 3384 2284 3439 Cum

714 3472 879 3542 igitur
911 3482 1075 3524 tantm
1099 3482 1155 3526 et
1191 3471 1475 3525 notionum
1508 3485 1562 3526 et
1587 3474 2014 3542 appellationum
2051 3476 2288 3530 tenebrae

711 3574 916 3618 nostra:
954 3564 1120 3616 menti
1153 3563 1534 3625 oll'undantur,
1587 3565 1714 3633 quis
1762 3565 2073 3620 ratiocinari
2118 3568 2168 3619 in
2200 3568 2288 3622 bis

712 3659 911 3728 queat?
950 3659 1105 3725 Quod
1147 3659 1238 3728 qui
1267 3668 1516 3720 conatur,
1563 3658 1813 3712 bifariam
1859 3670 2065 3729 peccat.
2099 3661 2286 3729 Neque

711 3753 856 3806 enim
878 3752 1071 3804 borum
1089 3751 1386 3819 quidquam
1403 3752 1572 3814 novit,
1596 3752 1867 3820 simulque
1884 3768 1946 3804 ea
1962 3767 2017 3804 se
2035 3752 2239 3820 ignorat
2256 3767 2286 3805 e

712 3843 948 3911 ignorat.
975 3842 1076 3906 Qui
1115 3851 1300 3894 autem
1328 3843 1565 3910 ignorat,
1596 3844 1816 3911 quando
1841 3855 1890 3897 et
1921 3844 2011 3896 ubi
2035 3853 2284 3912 oporteat

711 3937 1054 3999 ratiocinari,
1082 3950 1149 3988 ne
1170 3944 1283 3987 tum
1308 3935 1526 4003 quidem
1548 3951 1672 3988 cum
1695 3936 2132 3990 ratiocinandum
2155 3938 2282 4000 erit,

711 4041 774 4079 ea
794 4043 912 4093 qua:
930 4035 1148 4095 oportet
1171 4036 1335 4094 atque
1355 4041 1421 4080 eo
1445 4027 1606 4079 modo
1627 4043 1739 4095 quo
1757 4036 1973 4096 oportet
1995 4044 2286 4098 argumen-

711 4118 878 4170 tando
905 4119 1216 4172 concludet.
1246 4117 1399 4184 Quod
1427 4118 1529 4171 etsi
1565 4118 1795 4171 fortasse
1823 4129 2066 4187 praestet,
2103 4129 2282 4176 tamen

709 4221 962 4278 suspecta
1018 4211 1124 4264 erit
1158 4210 1512 4264 audientibus
1558 4211 1677 4279 ejus
1712 4214 1906 4274 oratio,
1941 4214 2031 4280 qui
2066 4230 2190 4266 eum
2227 4225 2286 4268 ut

707 4303 1010 4372 simplicem
1032 4314 1087 4356 et
1113 4315 1385 4356 amentem
1413 4304 1581 4356 semel
1611 4304 1959 4371 reprobatum
1986 4306 2280 4361 carebunt.

708 4392 981 4447 Fortassis
1011 4396 1174 4447 etiam
1210 4395 1385 4447 sancti
1415 4394 1489 4447 illi
1527 4396 1715 4447 Patres
1749 4395 2051 4448 istiusmodi
2087 4397 2282 4450 absur-

708 4486 804 4539 das
850 4487 1237 4539 contentiones
1270 4487 1489 4540 silentio
1520 4503 1746 4556 prorsus
1780 4489 2133 4556 rcpulissent,
2173 4490 2277 4544 nisi

2392 3290 2684 3356 ἀγέννητον
2704 3287 3000 3357 εἰσάγομεν
3027 3287 3120 3340 καὶ
3146 3289 3206 3340 τὸ
3243 3290 3506 3359 γεννητόν
3523 3305 3538 3320 ο
3573 3289 3667 3342 καὶ
3703 3293 3760 3341 τὸ
3787 3291 3850 3342 ἐκ
3876 3289 3974 3342 τού

2387 3379 2597 3450 Πατρδς
2639 3382 3100 3450 ὲκπορευέμενον,
3139 3380 3212 3444 ῶς
3239 3398 3406 3451 φησιν
3451 3382 3617 3445 αὐλὸς
3653 3384 3682 3436 ὁ
3712 3381 3844 3446 Θεὸς
3878 3384 3978 3438 καὶ

2386 3474 2576 3539 Λόγος.
2626 3490 2644 3523 ι
2689 3472 2872 3526 Ταῦτα
2923 3474 2987 3544 δὴ
3033 3475 3215 3526 τοίνυν
3260 3477 3318 3528 ού
3355 3474 3600 3536 θέλοντός
3645 3476 3763 3529 ἐστι
3809 3491 3981 3528 κατα-

2390 3566 2677 3628 σκευάζειν
2728 3568 2755 3618 ὅ
2815 3586 2865 3619 τι
2900 3567 3016 3619 ἐστὶ
3054 3567 3246 3632 ταῦτα,
3283 3568 3399 3620 ἀλλ’
3449 3568 3841 3630 ἁνασλῖοὖντος
3879 3568 3976 3620 καὶ

2387 3659 2792 3724 ἀποτρέποντος
2823 3662 2947 3721 τοὺς
2977 3659 3191 3726 ἀλόγως
3225 3660 3304 3721 είς
3333 3661 3587 3722 τοιαύτας
3625 3662 3975 3723 κατασκευὰς

2386 3751 2854 3818 καταφεύγοντας,
2889 3752 3010 3815 Πῶς
3033 3755 3172 3822 γάρς
3199 3752 3257 3815 ὃς
3282 3753 3388 3805 οὐδ’
3413 3754 3659 3821 ὀνόματά
3693 3753 3805 3823 (89)
3836 3771 3975 3823 φησι

2386 3847 2732 3916 προσήκοντα
2764 3844 3078 3913 φύσειΘεοῦ
3105 3847 3217 3908 τοῖς
3246 3845 3555 3914 ἀνθρώποις
3589 3846 3734 3897 ἔστιν
3764 3847 3972 3914 εὑρεῖν.

2386 3939 2470 4011 [Ρ.
2497 3939 2626 4010 517]
2664 3938 3036 4007 Ὀνομάζομεν
3066 3939 3195 4008 γὰρ,
3223 3938 3298 4001 ὡς
3328 3941 3462 4007 ἡμῖν
3488 3938 3733 4007 ἐφικτὸν,
3769 3940 3831 3991 ὲκ
3863 3938 3974 3989 τῶν

2383 4033 2674 4101 ἡμετέρων
2703 4033 2768 4084 τὰ
2789 4031 2883 4084 τοῦ
2914 4031 3073 4086 Θεοῦ.
3107 4051 3123 4082 t
3163 4031 3224 4084 Εί
3261 4034 3369 4102 γὰρ
3393 4031 3503 4084 τῶν
3521 4031 3728 4099 νοητῶν
3757 4030 3975 4101 (φησὶν)

2384 4128 2591 4196 ἔσχατα
2629 4127 2777 4196 ψυχὴ
2829 4125 2925 4178 καὶ
2971 4125 3128 4192 λόγος
3175 4126 3366 4195 κύριον
3407 4125 3466 4176 ού
3520 4125 3817 4193 κέκτηνται
3850 4122 3977 4176 1:06-

2384 4237 2555 4286 νομαο
2591 4221 2871 4289 ψυχημὲν
2903 4219 3010 4288 γὰρ
3044 4219 3274 4287 ὀνόματι
3308 4219 3530 4288 θηλυκῷ
3565 4218 3974 4287 προσαγορεύε-

2383 4329 2498 4377 tu,
2529 4312 2785 4379 τοιαύτην
2825 4310 2924 4361 οὐκ
2959 4310 3083 4376 ἔχου
3098 4326 3159 4361 σα
3191 4309 3376 4376 φύσιν,
3421 4309 3513 4361 καὶ
3543 4309 3571 4360 ὁ
3606 4308 3760 4374 λόγος
3794 4305 3838 4360 δ’
3869 4306 3973 4377 ἄῤ-

2386 4403 2538 4471 ρένος
2578 4402 2790 4469 φύσεως
2819 4402 3018 4470 ἥκιστα
3044 4400 3118 4452 ῶν
3155 4401 3450 4470 ὰρρενικον
3481 4401 3572 4452 καὶ
3608 4399 3768 4462 αὐτὸς
3806 4399 3974 4468 ἐκτή-

2386 4512 2517 4547 σατο
2563 4495 2841 4564 τοῦνομα³
2884 4495 2932 4545 εἱ
2968 4493 3060 4545 οὖν
3106 4493 3279 4545 ταῦτα
3328 4493 3517 4562 κύριον
3561 4493 3620 4542 οὑ
3678 4492 3974 4562 κέκτηνται

706 4578 864 4630 inviti
887 4594 978 4630 cas
999 4577 1240 4630 refutare
1265 4581 1435 4630 coacti
1459 4589 1660 4640 essent,
1687 4594 1810 4632 cum
1839 4581 2120 4649 populum,
2145 4597 2280 4635 non-
2315 4570 2355 4624 D

2315 4570 2355 4624 D
2385 4588 2640 4656 τοῦνομα,
2670 4589 2783 4650 πῶς
2813 4587 2878 4639 ἂν
2905 4587 2973 4639 τὰ
3005 4587 3194 4656 πρῶτα
3222 4586 3317 4637 καὶ
3343 4586 3558 4638 πάντων
3582 4572 3836 4636 ὲπέκείνα
3862 4584 3972 4637 τῶν

705 4671 834 4724 dum
859 4671 1018 4740 515
1052 4672 1103 4724 in
1132 4671 1234 4724 fide
1261 4672 1558 4725 stabilituni
1591 4689 1690 4726 nec
1721 4674 1900 4726 omnis
1919 4674 2278 4730 dubitationis

705 4773 1010 4830 experti-In,
1067 4763 1203 4816 alias
1250 4763 1374 4816 aliis
1425 4763 1589 4817 sectis
1643 4765 2062 4819 suborientibus
2119 4767 2277 4822 facile

706 4854 990 4908 adita-rere
1038 4855 1328 4909 vidissent.
1367 4855 1525 4909 Nunc
1570 4866 1752 4910 autem
1809 4873 1932 4910 cum
1984 4859 2280 4912 multitudo

707 4945 778 4996 ita
806 4947 1127 4998 confirmata
1159 4956 1214 4999 et
1237 4947 1290 4999 in
1329 4946 1431 4999 fide
1456 4947 1630 5000 deﬁxa
1665 4949 1756 5009 sit,
1792 4957 1850 5002 ut
1874 4949 2001 5002 ferri
2029 4961 2277 5002 naturam

707 5037 924 5089 faculius
957 5047 1160 5103 mutes,
1195 5055 1357 5107 quam
1393 5055 1489 5091 eos
1537 5040 1817 5107 paululum
1853 5056 1882 5093 a
1919 5042 2111 5108 patriis
2146 5043 2279 5111 dog-

705 5130 945 5182 matibus
992 5131 1279 5184 abducas:
1318 5132 1447 5200 quid
1498 5148 1639 5201 opus
1683 5143 1768 5186 cst
1818 5132 2280 5199 disputationibus

705 5221 840 5274 nihil
873 5223 1215 5288 profuturis?
1251 5223 1318 5278 Ut
1344 5226 1489 5277 enim
1524 5234 1579 5278 et
1622 5225 1739 5292 ipse
1770 5224 2013 5292 Apostoli
2051 5227 2234 5279 verbis
2261 5227 2275 5255 ‘

781 5395 795 5422 ¹
837 5390 995 5442 Rom.
1030 5405 1141 5451 vm,
1177 5393 1259 5442 9.‘

2384 4681 2592 4748 νοητῶν
2619 4680 2782 4748 νοητὰ
2813 4679 3021 4747 κυρίοις
3047 4679 3307 4745 ὀνῦμωσιν
3336 4676 3732 4745 ἒπικεκλῆσθιι
3767 4677 3973 4743 φήσαι-

2391 4785 2522 4836 μεν;
2578 4788 2595 4820 ι
2631 4769 2907 4839 Τοσαύτης
2950 4769 3129 4819 τοίνυν
3174 4767 3368 4828 νυκτὸς
3416 4764 3857 4835 ἐπιπροσθούσης
3903 4767 3972 4834 τῇ

2387 4860 2634 4928 ἡμετέρᾳ
2686 4858 2895 4928 διανοίᾳ.
2939 4857 3046 4909 τῶν
3090 4875 3148 4909 τε
3198 4857 3484 4925 νοημάτων
3517 4857 3610 4909 καὶ
3663 4856 3971 4923 ὀνομάτων,

2383 4951 2467 5013 τίς
2509 4952 2572 5004 ἂν
2603 4954 2660 5002 ἐν
2690 4956 2902 5009 τούτοις
2936 4949 3344 5016 συλλογίζεσθαι
3379 4948 3630 5018 δυνηθείη
3659 4964 3675 5012 ς
3705 4946 3764 4999 EE
3799 4947 3853 4998 δέ
3888 4965 3972 5010 τις

2384 5043 2711 5112 ἐπιχειροίη,
2763 5041 2967 5103 amna;
3016 5041 3342 5109 ἁμαρτάνει.
3396 5040 3534 5092 Οΰτε
3586 5040 3693 5109 γὰρ
3732 5034 3874 5091 οἶδεν
3913 5040 3971 5091 ἐν

2389 5134 2601 5196 τούτοις
2627 5135 2782 5186 οὐδὲν
2812 5134 2906 5187 καὶ⁴
2938 5135 3051 5201 ἅμα
3079 5133 3305 5201 λέληθεν
3338 5134 3530 5185 ἑαυτὸν
3561 5133 3658 5184 οὐκ
3691 5132 3864 5193 εἰδώς.
3912 5132 3971 5182 ’0

2384 5228 2431 5279 δ’
2461 5227 2563 5280 οὐκ
2593 5227 2746 5289 εἰδὼς
2779 5228 2867 5280 ὅτι
2905 5227 2986 5278 δεῖ
3014 5227 3106 5280 καὶ
3138 5228 3244 5295 ὅπη
3278 5225 3359 5278 δεῖ
3388 5224 3820 5292 συλλογίζεσθαι,
3856 5223 3970 5274 οὐ]

2055 5479 2392 5540 \‘ariorum
2423 5492 2610 5543 notae.

770 5591 882 5658 (86)
936 5589 1168 5658 Grcgor.
1227 5586 1359 5640 Naz.
1412 5585 1664 5638 oratione
1719 5586 1785 5637 de
1821 5584 2024 5652 Spiritu
2063 5597 2276 5636 sancto.

700 5667 1034 5798 “7371.053
1065 5728 1269 5792 surculi,
1314 5744 1444 5789 non,
1473 5737 1532 5801 ut
1573 5725 1824 5801 yertcbat
1863 5725 2110 5784 Wolfius,
2134 5735 2282 5801 reter-

709 5807 908 5857 nitntis.
962 5801 1097 5854 Nam
1151 5801 1258 5852 dies
1303 5799 1614 5851 teternitutis
1661 5812 1947 5847 numerare
1977 5812 2080 5847 non
2112 5799 2280 5861 magis

705 5877 860 5929 tacite
889 5883 994 5931 est,
1022 5886 1184 5934 quam
1217 5872 1268 5922 in
1303 5869 1395 5922 Dt't'
1421 5867 1680 5934 vrofumla
1706 5868 2034 5918 tleat‘c'ndt'rr.
2071 5866 2276 5919 linum.

2455 5587 2564 5656 (88)
2608 5587 2838 5657 Cras”.
2908 5585 3039 5644 fin.
3101 5589 3352 5642 oratione
3413 5591 3587 5658 prima
3668 5587 3734 5644 de
3802 5590 3964 5645 Filio.

2382 5657 2593 5710 Eeivm.

2455 5729 2564 5794 (89,
2596 5725 2805 5798 Cresa:

2380 5799 2592 5851 Bonis.

2889 5728 3011 5783 "at.
3055 5728 3118 5781 aii
3173 5728 3466 5799 Evagrium
3531 5730 3596 5784 de
3648 5730 3968 5787 Divinitate.
