4248 6442
681 330 789 393 719
935 325 1004 398 [Α.
1042 345 1094 380 ιι.
1135 324 1272 380 6835
1297 341 1364 379 an
1395 322 1561 396 0849]

679 466 809 518 dum
848 483 860 519 :

679 574 780 627 pho
803 559 1014 627 legibus
1041 567 1281 611 utamur.
1313 557 1446 611 Nam
1470 555 1824 610 laudantibus
1850 571 1941 610 ars
1968 557 2084 625 ipsa
2109 555 2259 625 quid-

680 651 764 705 vis
813 651 1033 706 dicendi
1067 650 1348 705 licentiam
1400 650 1574 705 dedit.
1609 649 1743 717 Qua:
1781 665 1910 703 vero
1953 648 2262 718 dogmatice

677 753 735 798 et
777 744 1120 797 sententiose
1166 741 1453 796 enuntiata
1490 750 1642 802 sunt,
1678 741 1745 795 iis
1789 742 2009 794 demum
2050 748 2260 792 rectum

678 847 733 891 et
766 845 942 891 tutum
971 845 1054 890 est
1088 834 1256 888 veluti
1291 834 1492 904 regulis
1527 841 1583 888 et
1613 833 1819 886 amiissi
1867 831 2047 901 quoad
2097 829 2261 883 [idem

680 929 779 982 uti.
821 927 930 997 Ego
959 942 1091 981 vero
1125 928 1269 981 sicut
1295 927 1459 980 Italos
1492 926 1748 994 improbo
1792 933 1849 977 et
1891 923 2262 993 reprehendo,

679 1021 817 1075 adeo
864 1033 1069 1074 temere
1106 1029 1162 1074 et
1195 1027 1521 1088 arroganter
1558 1018 1612 1071 iii
1670 1017 2000 1086 theologiam
2039 1016 2262 1069 irruen-

679 1126 792 1179 tes;
831 1115 902 1168 ita
932 1115 1100 1168 etiam
1137 1122 1298 1181 turpe
1324 1120 1379 1166 et
1423 1112 1665 1166 levitatis
1697 1126 1819 1163 esse
1855 1110 2023 1170 duco,
2068 1123 2261 1163 eorum

677 1223 799 1276 qum
834 1207 1138 1276 probamus
1186 1205 1371 1258 lacere
1403 1220 1506 1258 nos
1553 1207 1857 1267 contraria,
1896 1218 2088 1256 eorum
2131 1216 2264 1255 vero

678 1315 800 1368 qua:
842 1299 1220 1367 iinprobamus
1242 1299 1464 1351 similia.
1492 1297 1608 1350 Non
1644 1298 1789 1349 enim
1821 1297 1950 1364 quia
1983 1294 2266 1348 conliden-

680 1403 760 1445 tes
813 1391 891 1444 illi
938 1401 1070 1445 suiit
1111 1399 1167 1443 et
1203 1390 1446 1443 audaces
1499 1389 1551 1442 iii
1587 1390 1907 1456 huiusmodi
1942 1389 2132 1451 rebus,
2183 1387 2266 1440 id-

678 1485 827 1537 eirco
878 1499 976 1537 nos
1008 1497 1204 1535 eorum
1239 1481 1548 1549 exemplum
1597 1481 1753 1551 sequi
1789 1497 1887 1552 par
1918 1491 2042 1546 est;
2085 1497 2264 1549 neque

677 1590 767 1639 eo,
804 1576 948 1644 quod
979 1576 1145 1629 iidem
1185 1590 1215 1628 a
1247 1583 1396 1629 recta
1439 1574 1526 1628 via
1557 1572 1926 1637 deﬂexerunt,
1960 1582 2016 1627 et
2051 1589 2152 1627 nos
2202 1590 2264 1627 ea

685 1669 957 1738 negligere
992 1675 1232 1735 Oportet,
1271 1683 1392 1737 qua:
1425 1677 1573 1721 recte
1608 1667 1905 1720 constituta
1941 1678 2086 1721 sunt.
2123 1665 2263 1732 Quin

683 1760 864 1827 potius
889 1759 1096 1811 immoti
1120 1759 1262 1812 intra
1296 1759 1568 1827 legitimos
1587 1757 1853 1810 terminos
1871 1758 2262 1819 consistamus,

1886 325 2306 389 NICEPHORI
2344 326 2730 390 GREGOR/E

901 464 1034 520 item
1090 479 1158 519 ne
1213 466 1280 517 iis
1326 477 1448 532 qua:
1475 464 1868 518 eiicomiastice
1913 463 2060 517 dicta
2109 472 2259 522 sunt,

2377 467 2460 518 καὶ
2500 468 2660 521 τοῦτο
2699 466 2898 538 χρεὼν,
2938 466 3015 531 ὡς
3056 471 3153 539 οὐχ
3198 469 3384 534 ἁπλῶς
3429 471 3552 524 οὐδὲ
3601 473 3720 525 καθ’
3749 473 3840 524 ἕνα
3891 492 3952 540 γε

3052 325 3192 399 [ηερ.
3245 343 3504 384 Ακοιιοσιί
3559 330 3696 386 iuni
3845 331 3953 397 ’ῖΞο

2368 561 2459 611 τὸν
2493 560 2694 630 τρόπον
2723 560 2823 624 τὰς
2857 560 2966 614 τῶν
3001 559 3161 613 Θείων
3198 563 3459 631 Πατέρων
3495 565 3708 632 γραφὰς
3746 568 3956 636 ἐκλαμδ

2371 655 2556 709 δάνειν
2585 655 2725 710 δέον.
2755 656 2838 708 Τὰ
2870 658 2968 726 μὲν
2994 657 3102 728 γὰρ
3135 659 3314 712 αὐτῶν
3342 658 3870 730 διδασκαλικώτερόν
3897 677 3959 714 τε

2372 749 2464 801 καὶ
2498 748 2992 821 οίκονομικώτερον
3026 750 3246 820 ἐξεδόθη
3281 752 3374 804 τὸν
3407 755 3648 822 τρόπον,
3683 753 3960 822 καταλλή-

2367 843 2480 906 ¹λως
2523 842 2624 914 μὲν
2655 845 2770 905 τοῖς
2803 843 3122 913 προσώποις
3156 846 3249 898 καὶ
3279 846 3390 908 τοῖς
3423 846 3615 900 ἄλλοτε
3650 846 3827 909 ἄλλως
3860 848 3962 901 ἁν-

2373 933 2526 986 Θοῦσι
2556 935 2770 1003 καιροῖς
2791 952 2804 966 ο
2838 934 3081 998 εὐσεόῶς
3111 936 3156 988 δ’
3181 937 3398 990 ἅπαντα
3422 953 3437 968 ο
3470 937 3526 990 αῖ
3559 937 3660 1007 μὲν
3688 935 3822 1006 γοῦν
3851 937 3963 989 τῶν

2371 1027 2600 1098 γραφῶν
2631 1028 2805 1092 οὕτως
2837 1029 3165 1101 ἐξεδόθησαν
3187 1074 3200 1093 ,
3229 1033 3285 1085 αἱ
3315 1032 3371 1085 δὲ
3401 1032 3750 1101 δογματικῶς
3772 1076 3786 1090 .
3817 1034 3872 1085 αἱ
3904 1033 3965 1085 δὲ

2371 1121 2852 1187 ἐγκωμιαστικῶς,
2905 1125 2962 1175 ai
3009 1124 3064 1177 δὲ
3113 1125 3513 1194 ἀγωνιστικῶς.
3561 1120 3813 1178 Οὖτόὖν
3866 1126 3966 1188 τὰς

2371 1210 2596 1263 ἄλλοθεν
2615 1215 2988 1280 ἀγωνιστικὰς
3011 1214 3202 1269 ἄλλοσε
3231 1219 3558 1286 μεταφέρειν
3582 1218 3779 1287 χρεῶν,
3807 1217 3964 1268 Ἐπεὶ

2371 1303 2476 1354 οὐδ’
2502 1305 2555 1357 εί
2575 1322 2658 1366 τις
2690 1307 2976 1373 πολεμίοις
3011 1309 3322 1379 μαχόμενος
3353 1311 3446 1362 καὶ
3476 1311 3607 1378 ὅλην
3637 1310 3965 1378 ἀπασχολῶν

2371 1395 2469 1462 τὴν
2501 1394 2742 1448 διάνοιαν
2775 1397 2835 1460 ἐς
2863 1396 2924 1449 τὸ
2960 1398 3112 1466 ξίφος
3145 1399 3242 1452 καὶ
3275 1399 3371 1469 τὴν
3405 1398 3613 1452 ἀσπίδα
3645 1400 3752 1469 πρὸ
3786 1398 3966 1450 ποδῶν

2377 1490 2670 1557 ιστάμενον
2705 1489 2795 1542 τὸν
2832 1490 3249 1562 συστρατιώτην
3286 1491 3593 1561 ἐξὼθησεν,
3633 1490 3757 1543 υύτε
3795 1490 3965 1557 νόμον

2371 1581 2624 1648 ἡγεῖσθαι
2649 1581 2708 1634 τὸ
2735 1587 3148 1651 πεπραγμένον,
3175 1581 3299 1636 οὗτε
3321 1583 3398 1653 τῷ
3423 1584 3727 1653 πεπραχότι
3754 1582 3966 1634 δίκαιον

2373 1674 2630 1738 ἐγκαλεῖν
2651 1715 2665 1738 ,
2695 1674 2796 1745 τῆς
2828 1677 3078 1745 ἀνάγκης
3112 1675 3306 1728 ἄλλοσε
3336 1674 3644 1744 τηνικαῦτα
3677 1674 3965 1743 περισπώο

2376 1781 2478 1833 σης
2521 1767 2612 1818 τὴν
2658 1767 2917 1838 λογισμὸν
2961 1769 3054 1820 καὶ
3097 1767 3299 1836 ἥκιστα
3347 1766 3740 1835 συγχωρούσης
3789 1765 3969 1828 ἄλλως

678 1862 733 1904 et
763 1850 1073 1905 istiusmodi
1110 1852 1376 1920 strepitus
1414 1851 1767 1917 repellamus,
1803 1850 1947 1905 sicut
1983 1867 2148 1919 rupes
2186 1852 2267 1904 iii-

2377 1861 2691 1930 πεπρᾶχθαι
2717 1862 2777 1913 τὸ
2806 1861 3219 1930 πεπραγμένον.
3249 1859 3375 1913 οὔτ⁹
3399 1860 3491 1912 οὖν
3514 1859 3663 1912 τοῦθ’
3687 1858 3832 1911 οὕτω
3857 1859 3966 1930 χρὴ

679 1961 946 1998 concussa
967 1944 1529 1998 lliictiisincurrentes
1550 1944 1854 2012 propulsat.
1870 1943 2077 1996 Vereor
2095 1943 2266 2007 enim,

681 2046 874 2091 vereor
899 2077 912 2097 ,
962 2054 1029 2092 ne
1089 2039 1299 2090 l'uinum
1338 2037 1609 2107 fugientes
1640 2037 1692 2088 in
1727 2036 2079 2105 blaspliemiie
2117 2035 2272 2089 llam-

682 2145 820 2183 niam
858 2130 1185 2183 incidamus.
1216 2131 1371 2194 Quod
1405 2131 1552 2182 enim
1587 2145 1614 2182 a
1649 2129 1934 2182 veteribus
1959 2127 2168 2182 Graecis
2201 2129 2268 2182 de

680 2223 905 2277 Platone
941 2223 1206 2292 jaCiatuin
1235 2231 1341 2285 est,
1389 2237 1513 2276 cum
1569 2222 1614 2276 is
1662 2203 1728 2275 ad
1769 2222 2085 2292 Dionysium
2133 2222 2271 2276 Sici-

679 2318 766 2371 lie
798 2330 1088 2385 tyrannum
1121 2316 1320 2384 hospes
1351 2319 1619 2378 venisset,
1653 2315 1859 2385 regiam
1891 2317 2123 2385 pulvere
2171 2316 2272 2370 im-

683 2421 885 2470 :vieiam
935 2408 1124 2465 fuisse.
1184 2424 1308 2463 cum
1366 2409 1616 2476 plerique
1669 2407 2055 2462 describendis
2109 2407 2273 2461 lineis

685 2506 1004 2560 incumbere
1040 2505 1185 2558 illico
1219 2504 1554 2572 cuipissent;
1605 2502 1656 2556 id
1689 2512 1743 2557 et
1772 2502 1916 2570 apud
1962 2517 2061 2556 nos
2113 2502 2273 2557 hodie

683 2604 790 2650 ailtl
825 2597 986 2650 modo
1020 2595 1242 2649 accidit.
1283 2595 1496 2647 Etenim
1545 2593 1698 2662 ipsis,
1737 2605 1796 2646 iit
1826 2594 1898 2648 ita
1931 2594 2130 2657 dicam,
2161 2608 2277 2647 cer-

683 2691 918 2744 donibus
951 2697 1136 2758 patent
1178 2687 1354 2741 eli‘usa
1390 2685 1677 2754 theologia:
1722 2687 2003 2756 mysteria,
2035 2701 2271 2754 quorum

687 2781 992 2835 rationibus
1036 2779 1365 2849 syllogistica
1424 2778 1592 2847 518
1644 2790 1760 2832 arte
1809 2780 2160 2847 peiietraiidis
2202 2780 2273 2832 ita

684 2890 879 2928 omnes
904 2875 1231 2926 incumbunt
1279 2881 1332 2925 et
1373 2873 1606 2935 inhiant,
1633 2881 1689 2922 ut
1723 2871 1961 2939 pecudes
2003 2872 2187 2925 herbis
2220 2881 2274 2925 et

683 2970 922 3039 pascuis.
945 2971 1119 3035 Atque
1141 2968 1174 3020 ii
1193 2981 1428 3035 quorum
1449 2965 1581 3018 ﬁdes
1608 2983 1671 3017 an
1698 2977 1840 3017 recta
1870 2967 2273 3033 sitainbiguum

683 3069 786 3125 est,
819 3075 918 3114 nec
955 3075 1060 3113 iioii
1096 3060 1130 3112 ii
1169 3061 1262 3128 qui
1297 3059 1574 3128 quomodo
1605 3060 1672 3110 sit
1703 3057 2037 3110 credendum
2063 3068 2116 3112 et
2139 3059 2271 3127 quid

685 3167 756 3211 Sll
791 3155 943 3219 illud,
997 3154 1141 3224 quod
1201 3161 1398 3207 vocant
1428 3152 1677 3212 credere,
1737 3154 2021 3220 ignorant;
2084 3153 2141 3214 ii,
2191 3153 2273 3204 iii-

2378 1957 2572 2018 ποιεῖν,
2601 1953 2726 2007 οὔτε
2761 1953 2868 2024 μὴν
2895 1955 3015 2015 ταῖς
3045 1954 3520 2022 ὲγκωμιαστικαῖς
3550 1952 3623 2014 ὡς
3655 1953 3844 2021 νόμοις
3875 1969 3969 2003 κε-

2375 2047 2630 2117 χρῆσθαι.
2657 2047 2959 2115 Αύτονομία
2983 2064 3090 2115 γαρ
3117 2049 3180 2099 ὲκ
3198 2048 3298 2116 τῆς
3323 2047 3515 2116 τέχνης
3542 2046 3635 2098 καὶ
3657 2049 3768 2106 τυῖς
3792 2046 3970 2112 ἐγκω-

2380 2139 2637 2207 μιάζουσι
2689 2138 2898 2190 δέδοται
2951 2137 3133 2204 λέγειν
3182 2139 3282 2190 ὅσα
3337 2136 3684 2208 βουλομένοις
3738 2136 3828 2206 εἴη
3879 2139 3966 2190 ἄν.

2378 2229 2550 2290 Ὅσας
2581 2245 2642 2294 γε
2682 2227 2788 2297 μὴν
2814 2227 3162 2297 δογματικῶς
3189 2245 3247 2280 τε
3280 2228 3375 2280 καὶ
3406 2228 3794 2296 ἀποφαντικῶς
3826 2229 3971 2280 ἐκεῖ-

2378 2339 2456 2374 νοι
2499 2320 2876 2388 ἐξενηνόχασι,
2916 2318 3133 2382 τούτοις
3172 2320 3218 2373 δ’
3241 2319 3349 2390 ἄρα
3395 2320 3730 2389 ἀνέγκλητόν
3769 2337 3825 2372 τε
3874 2321 3971 2371 καὶ

2377 2413 2617 2482 ἀσφαλὲς
2652 2409 2741 2464 οίά
2772 2429 2882 2464 τισι
2917 2413 3108 2464 κανόσι
3146 2415 3238 2465 καὶ
3273 2414 3542 2483 στάθμαις
3577 2413 3714 2483 πρὸς
3747 2416 3844 2482 τὴν
3881 2412 3972 2465 πί-

2380 2526 2499 2560 στιν
2543 2505 2872 2576 κεχρῆσθαι,
2916 2505 3058 2573 Ἐγὼ
3105 2506 3288 2558 τοίνυν
3330 2506 3521 2573 ὥσπερ
3565 2506 3695 2568 τοὺς
3732 2506 3972 2571 Ἰταλοὺς

2378 2597 2622 2668 διασύρω
2643 2597 2736 2649 καὶ
2761 2597 3070 2665 μέμφομαι,
3096 2595 3305 2665 ἰταμῶς
3328 2597 3528 2649 οὑτωσὶ
3549 2598 3642 2649 καὶ
3669 2595 3809 2665 μετὰ
3842 2595 3974 2647 πολ-

2381 2695 2477 2762 λῆς
2508 2695 2605 2760 τῆς
2635 2692 2834 2761 ὀφρύος
2856 2693 2922 2761 τῇ
2947 2690 3200 2761 θεολογίᾳ.
3258 2690 3660 2758 ἐπιπηδῶντας,
3684 2691 3775 2741 τὸν
3809 2690 3974 2743 αὑτὸν

2379 2785 2442 2853 δὴ
2467 2785 2670 2854 τρόπον
2696 2782 2921 2850 αἰσχρὸν
2978 2784 3069 2834 καὶ
3099 2782 3430 2852 παλίμδολον
3478 2784 3720 2852 ἥγημαι,
3749 2775 3823 2836 ὧν
3871 2781 3974 2851 μὲν

2379 2877 2710 2945 ἐπαινοῦμεν
2760 2878 3022 2930 τάναντία
3056 2879 3228 2928 ποιεῖν
3289 2876 3470 2945 ἡμᾶς,
3502 2872 3579 2938 οἷς
3615 2876 3670 2926 δὲ
3731 2874 3975 2942 ψέγομεν

2379 2974 2443 3024 τὰ
2472 2971 2845 3040 παραπλήσια.
2874 2970 2955 3042 [Ρ.
2988 2969 3116 3040 519]
3143 2969 3216 3020 Οὐ
3245 2969 3351 3038 γὰρ
3379 2969 3458 3020 ὅτι
3489 2969 3684 3020 ἐκεῖνοι
3711 2966 3974 3035 τολμηροὶ

2381 3064 2476 3114 καὶ
2507 3063 2730 3130 θρασεῖς
2757 3064 2882 3130 περὶ
2907 3063 2968 3114 τὰ
2988 3061 3232 3125 τοιαῦτα,
3252 3062 3340 3114 διὰ
3366 3061 3522 3113 τοῦτο
3543 3062 3635 3113 καὶ
3661 3062 3805 3130 ἡμᾶς
3841 3062 3974 3111 ἒπε-

2383 3155 2503 3206 σθαι
2533 3155 2645 3205 δεῖ·
2675 3153 2784 3204 οὐδ’
2809 3155 2891 3204 ὅτι
2913 3154 3011 3222 τῆς
3038 3152 3248 3216 εὐθείας
3281 3152 3480 3205 ἐκεῖνοί
3508 3170 3568 3219 γε
3589 3153 3972 3223 ἐξετράποντο,

685 3268 871 3322 quam,
908 3259 963 3305 et
1013 3250 1095 3303 for
1158 3259 1214 3303 et
1269 3251 1514 3318 porticus
1544 3259 1599 3302 et
1649 3250 1862 3301 theatra
1895 3250 2076 3302 omnia
2120 3250 2274 3302 theo-

2381 3249 2474 3297 καὶ
2501 3247 2648 3313 ἡμᾶς
2674 3245 2780 3296 τῶν
2812 3245 3169 3297 καθεστώτων
3193 3243 3371 3313 χρεὼν
3397 3243 3621 3312 ἀμελεῖν
3640 3259 3654 3272 ·
3685 3244 3799 3295 ἀλλ’
3820 3244 3974 3296 ἀκλι-

685 3345 826 3414 logia
859 3343 1294 3414 compleverunt,
1325 3356 1500 3408 neque
1529 3340 1697 3394 solem
1735 3341 1882 3394 hunc
1919 3339 2275 3409 impudentiae

685 3451 800 3492 suae
836 3435 1015 3490 facere
1055 3443 1250 3488 testem
1302 3443 1649 3488 reverentur.
1688 3435 1753 3488 Et
1793 3435 1926 3503 quid
1978 3434 2275 3489 absurdius

688 3529 917 3599 cogitari
953 3537 1137 3598 queat,
1174 3544 1338 3597 quam
1394 3543 1518 3581 eum
1575 3529 1706 3581 olim
1769 3528 2092 3582 Graecorum
2143 3529 2275 3598 dog-

690 3631 834 3676 mata
867 3620 1151 3684 ﬂorerent,
1185 3629 1393 3674 certum
1442 3620 1691 3673 ordinem
1741 3620 2044 3684 exstitisse,
2073 3631 2128 3675 et
2157 3637 2277 3692 my-

691 3716 828 3772 stica
890 3729 1131 3778 arcana,
1200 3712 1533 3781 Delphorum
1611 3713 1880 3782 theologis
1942 3715 2273 3779 commissa,

690 3808 828 3861 nulli
860 3807 951 3860 alii
990 3807 1072 3860 vel
1113 3805 1339 3875 vulgare
1378 3806 1459 3858 vel
1495 3805 1755 3873 indagare
1809 3805 2054 3869 licuisse,
2088 3808 2203 3860 sive
2230 3810 2277 3860 is

691 3900 870 3964 Plato,
899 3899 1014 3953 sive
1048 3898 1307 3951 Socrates
1335 3905 1503 3958 esset,
1547 3904 1642 3948 aut
1671 3896 1854 3964 quivis
1885 3898 2027 3951 aliiis
2059 3902 2270 3966 sapien-

694 3994 781 4046 tia:
814 3991 974 4046 laude
1011 3991 1247 4044 celebris
1278 4008 1290 4042 :
1330 3989 1473 4056 apud
1510 4004 1612 4042 nos
1643 3998 1849 4054 autem,
1879 3990 1971 4057 qui
2000 3990 2274 4044 sincerum

693 4100 835 4139 vera:
863 4083 1145 4153 religionis
1183 4083 1506 4152 mysterium
1535 4083 1878 4150 proﬁtemur,
1907 4084 1978 4135 ita
2015 4100 2101 4137 res
2131 4084 2277 4137 divi-

693 4193 794 4231 iias
823 4176 1102 4243 profanari
1131 4183 1186 4228 et
1225 4173 1563 4244 quibuslibet
1614 4175 1680 4228 de
1731 4175 1798 4228 iis
1840 4177 2142 4230 disserendi
2183 4194 2280 4246 po-

698 4281 944 4327 testati-in
980 4271 1120 4333 dari,
1173 4268 1256 4321 vel
1293 4269 1478 4337 potius
1518 4267 1822 4336 quemlibet
1853 4283 1971 4321 eam
2024 4270 2127 4322 sibi
2174 4269 2279 4339 ipsi

695 4362 995 4430 atro-gare?
1043 4360 1340 4430 Gregorius
1371 4375 1502 4413 vero
1544 4361 1864 4414 divinarum
1912 4378 2097 4415 rerum
2130 4364 2280 4432 peri-

697 4457 944 4508 tissimus
977 4454 1217 4522 linguam
1259 4451 1327 4505 ad
1367 4451 1703 4520 tlieol0gieas
1731 4452 2137 4521 disputationes
2165 4470 2278 4524 ap-

2384 3344 2495 3401 ν;ῖς
2532 3338 2637 3390 τῶν
2676 3339 3066 3408 προσηκόντων
3107 3339 3252 3405 ὅρων
3293 3336 3618 3404 ἱσταμένους
3662 3336 3813 3398 ἐντὸς
3847 3337 3975 3401 τοὺς

2384 3431 2660 3493 τοιούτους
2693 3451 2752 3483 πο
2774 3429 3140 3500 ρακρούεσθτι
3173 3432 3423 3500 κρότους,
3453 3428 3707 3498 καθάπερ
3737 3427 3977 3498 προϐλῆ-

2383 3542 2474 3586 τες
2526 3525 2808 3576 ὰτίνακτοι
2859 3522 2929 3573 τὰ
2983 3523 3400 3591 προσπίπτοντα
3453 3522 3700 3590 κύματα.
3749 3522 3976 3574 Δέδοικα

2387 3617 2515 3687 γὰρ,
2550 3616 2625 3687 μὴ
2656 3616 2864 3668 καπνὸν
2896 3616 3189 3684 φεύγοντες
3223 3617 3302 3678 εἰς
3333 3618 3444 3685 πῦρ
3483 3615 3837 3685 βλασφημίας
3868 3617 3974 3683 ἐμ·-

2386 3710 2696 3778 πίπτωμεν.
2729 3709 2794 3761 Ὃ
2831 3710 2936 3777 γὰρ
2973 3711 3106 3777 παρ’
3132 3708 3362 3778 Ἕλλησι
3404 3707 3574 3759 πάλαι
3608 3705 3977 3776 τεῦρύλληται

2385 3808 2514 3873 περὶ
2557 3804 2846 3863 Πλάτωνος
2869 3842 2882 3866 ,
2920 3802 2995 3863 ὡς
3032 3802 3243 3853 ἐκείνου
3282 3819 3345 3868 γε
3383 3801 3536 3870 παρὰ
3571 3799 3849 3851 Διονύσιον
3882 3798 3977 3850 τὸν

2383 3897 2483 3964 τῆς
2519 3895 2770 3959 Σικελίας
2805 3896 3251 3965 ἐπιδημήσαντος
3286 3893 3553 3964 τύραννον
3591 3893 3873 3963 κονιορτοῦ
3907 3892 3979 3945 τὰ

2388 3989 2634 4060 βασίλεια
2669 3988 3112 4058 ἐνεπίμπλαντο,
3150 3989 3281 4056 περὶ
3315 3987 3414 4048 τὰς
3449 3987 3776 4057 γραμμικᾶς
3811 3988 3978 4056 ἀσχοο

2386 4085 2506 4145 λίας
2543 4084 2849 4153 τηνικαῦτα
2883 4083 2992 4135 τῶν
3029 4081 3301 4134 πλείστων
3335 4080 3635 4152 ὁρμώντων
3657 4121 3672 4144 ,
3706 4081 3870 4134 τοῦτο
3909 4082 3979 4151 δὴ

2386 4179 2481 4228 καὶ
2508 4175 2638 4245 παρ’
2661 4177 2790 4244 ἡμῖν
2817 4176 3015 4244 τρόπον
3041 4175 3227 4245 ἕτερον
3253 4156 3498 4243 γίγνεται
3527 4175 3789 4244 σήμερον.
3818 4172 3980 4227 Οὕτω

2387 4269 2498 4338 γὰρ
2528 4269 2620 4320 καὶ
2649 4267 2778 4338 παρ’
2801 4270 2983 4329 αὐτοῖς
3014 4269 3188 4318 εἰπεῖν
3213 4271 3324 4327 τοῖς
3355 4265 3651 4334 βαναύσοις
3679 4267 3981 4335 ἐκκέχυται

2388 4363 2455 4414 τὰ
2491 4360 2766 4427 θεολογίας
2803 4362 3080 4430 μυστήρια
3111 4360 3205 4411 καὶ
3238 4359 3381 4411 οὕτω
3412 4360 3708 4426 κεχήνασιν
3739 4357 3979 4418 ἅπαντες

2390 4457 2483 4508 ἐπὶ
2505 4456 2583 4525 τῷ
2613 4453 3038 4521 συλλογιστικῶς
3067 4451 3395 4521 ἐμϐατεύειν
3419 4452 3532 4513 τοῖς
3563 4451 3742 4518 λόγοις
3772 4449 3976 4514 αὐτῶν,

700 4547 900 4614 pellere
957 4547 1036 4598 sic
1090 4543 1433 4606 reformidat,
1486 4553 1545 4596 ut
1594 4560 1814 4597 manum
1861 4547 1927 4599 ad
1980 4546 2274 4602 ﬂammam.

2395 4549 2585 4619 ὥσπερ
2619 4550 2710 4600 ἐπὶ
2740 4551 2805 4617 τῇ
2847 4548 2981 4617 χλόῃ
3018 4550 3109 4598 καὶ
3142 4541 3261 4608 ταῖς
3295 4547 3488 4613 νομαῖς
3524 4547 3591 4596 τὰ
3629 4544 3976 4612 βοσκήματα.

701 4640 935 4694 Proinde
989 4639 1175 4692 multis
1231 4638 1416 4692 verbis
1475 4654 1533 4691 se
1597 4650 1845 4702 excusat,
1906 4641 2278 4712 declaratque,

700 4747 757 4786 se
793 4731 1170 4785 iion'libeiiter
1197 4731 1457 4783 accedere
1492 4729 1560 4783 ad
1607 4731 2002 4800 disputandum
2035 4735 2101 4788 de
2150 4736 2281 4802 Deo,

701 4835 757 4879 et
809 4840 906 4878 eos
937 4825 1030 4892 qui
1084 4823 1138 4875 id
1194 4835 1402 4875 temere
1437 4825 1678 4876 audeant
1708 4824 1997 4891 improbat.
2036 4843 2054 4874 ι
2095 4824 2283 4895 Neque

702 4919 874 4983 enim,
907 4918 1110 4985 inquit,
1145 4915 1413 4968 laudabile
1442 4923 1526 4968 est
1555 4915 1914 4978 desiderium,
1953 4918 2046 4971 sed
2087 4928 2143 4971 et
2189 4935 2283 4973 co-

704 5023 864 5066 natus
897 5012 1010 5079 ipse
1053 5009 1433 5062 formidabilis.
1473 5027 1490 5058 ι
1525 5008 1591 5062 Et
1621 5006 1744 5061 01:1:
1774 5010 2083 5078 exemplum
2115 5013 2284 5064 addu-

700 5104 795 5166 cit,
852 5103 942 5171 qui
995 5102 1189 5154 Areum
1243 5101 1370 5153 oliui
1406 5101 1751 5153 solummodo
1803 5102 2073 5171 attingere
2119 5119 2286 5158 ausus

703 5197 899 5264 periit;
969 5197 1101 5258 Deo,
1154 5195 1352 5261 inquit,
1415 5194 1780 5247 reverentiam
1835 5195 1989 5248 Arcas
2042 5195 2281 5249 debitam

701 5291 790 5345 lic
815 5300 1108 5343 asserenie.
1170 5288 1325 5353 Quod
1382 5289 1424 5342 si
1454 5303 1546 5340 rex
1596 5304 1720 5341 eum
1774 5305 1935 5358 quam
1984 5291 2220 5359 primum
2256 5309 2285 5345 e

707 5387 890 5439 iiicdio
925 5384 1161 5446 tolleret,
1216 5382 1309 5449 qui
1365 5382 1564 5450 regiam
1619 5397 1879 5436 coronam
1934 5383 2286 5453 iiiipuileiiter

706 5479 868 5549 519
902 5494 1002 5532 suo
1054 5476 1217 5544 capiti
1250 5476 1534 5544 imponere
1566 5476 1831 5542 auderet;
1865 5488 1999 5547 quot
2032 5480 2282 5545 fulmina,

702 5582 837 5641 quot
903 5571 1154 5623 turbines
1210 5570 1257 5622 is
1327 5578 1591 5631 meretur,
1651 5571 1741 5638 qiii
1801 5573 2094 5625 temerario
2146 5590 2282 5628 ausu

704 5665 1012 5732 irrumpere
1049 5663 1102 5714 in
1152 5661 1477 5729 theologiam
1514 5677 1620 5714 non
1663 5662 1925 5718 dubitat?
1974 5664 2106 5720 Volo
2135 5669 2282 5722 enim

702 5754 922 5806 bri-veni
977 5753 1484 5806 narraiitiiineulam
1542 5757 1746 5810 veteris
1798 5759 2096 5822 memorize,
2157 5762 2284 5815 liiiic

706 5850 926 5919 negotio
958 5847 1116 5901 Valde
1162 5857 1611 5915 coiisenlaiieaiii,
1658 5850 2015 5921 Siibjiingere.
2052 5855 2285 5909 Alexan-

2394 4642 2502 4695 Καὶ
2533 4643 2581 4694 οἱ
2605 4642 2665 4693 τὸ
2694 4641 2975 4693 πιστεύειν
3003 4640 3177 4710 ὀρθῶς
3210 4639 3513 4708 ἀμφίϐολον
3540 4637 3775 4707 ἔχοντες,
3809 4636 3903 4689 καὶ
3929 4639 3978 4690 οξ

2393 4734 2515 4805 μηδ’
2546 4735 2694 4797 ὅπως
2732 4735 2814 4785 δεῖ
2853 4732 3131 4785 πιστεύειν
3187 4731 3392 4792 εἰδότες
3439 4731 3562 4799 μηδ’
3591 4731 3618 4782 ὃ
3665 4748 3719 4781 τι
3763 4731 3916 4781 ἐστὶν
3949 4730 3978 4781 δ

2389 4827 2668 4879 πιστεύειν
2697 4829 2891 4894 φασὶν,
2921 4828 3127 4896 ἀγορὰς
3158 4828 3248 4878 καὶ
3278 4825 3617 4892 περιπάτους
3646 4825 3740 4876 καὶ
3768 4824 3978 4893 θέατρα

2387 4922 2545 4975 πάντ’
2570 4923 2958 4990 ἐμπεπλήκασι
2999 4921 3100 4984 τῆς
3145 4918 3428 4985 θεολογίας
3470 4915 3566 4968 καὶ
3603 4916 3724 4968 οὐδὲ
3764 4917 3976 4970 τουτονὶ

2387 5015 2478 5066 τὸν
2509 5015 2661 5083 ἥλιον
2689 5014 3039 5081 αἰσχύνονται
3071 5013 3323 5082 μάρτυρα
3353 5013 3450 5075 τῆς
3484 5009 3761 5073 ἀναιδείας
3793 5008 3976 5061 ποιού-

2392 5125 2564 5175 μενοι.
2605 5109 2723 5168 Πῶς
2761 5107 2804 5157 δ’
2832 5108 2929 5158 οὐκ
2969 5106 3033 5158 ἂν
3066 5107 3149 5176 εἴη
3187 5105 3294 5156 τῶν
3331 5105 3537 5175 σφόδρα
3572 5103 3974 5168 ἀτοπωτάτων,

2391 5201 2559 5252 πάλαι
2597 5201 2695 5268 μὲν
2724 5201 2885 5252 ὁπότε
2915 5202 2982 5252 τὰ
3017 5199 3284 5267 Ἑλλήνων
3315 5198 3532 5267 ἦκμαζε
3566 5196 3812 5263 δίγματα
3832 5235 3849 5259 ,
3879 5196 3974 5248 τά-

2391 5295 2473 5359 ξιν
2504 5295 2853 5358 ἐπιπολάζειν
2885 5296 2978 5346 καὶ
3009 5294 3044 5347 ἃ
3076 5297 3182 5353 τοῖς
3209 5291 3427 5357 Δελφῶν
3460 5289 3732 5357 θεολόγοις
3763 5291 3974 5358 ἐφεῖται

2392 5389 2697 5458 μυστήρια,
2747 5389 2934 5456 μηδενὶ
2978 5388 3087 5437 τῖιν
3133 5385 3306 5438 ἄλλων
3356 5384 3558 5447 ἐξεῖναι
3605 5385 3744 5453 μήτε
3791 5383 3974 5450 λέγειν

2391 5483 2532 5550 μήτε
2563 5483 2832 5551 περινοεῖν
2853 5523 2864 5544 ,
2897 5481 2996 5532 κᾶι
3026 5480 3317 5549 Σωκράτης
3347 5473 3412 5550 ᾗ,
3452 5480 3556 5528 xiv
3584 5477 3835 5538 Πλάτων,
3869 5475 3972 5527 κᾶν

2388 5576 2440 5626 εἴ
2471 5591 2552 5631 τις
2586 5577 2675 5627 ἐπὶ¹
2714 5576 2875 5642 σοφία
2912 5574 3220 5642 περιφανής
3257 5589 3314 5623 τε
3351 5572 3442 5621 καὶ
3476 5569 3760 5636 διαϐόητος
3787 5587 3800 5598 ο
3843 5565 3970 5638 παρ’

2387 5670 2524 5738 ἡμῖν
2555 5667 2630 5729 δὲ,
2659 5662 2739 5729 οἷς
2769 5666 3061 5733 ἁκίὸὄηλπν
3091 5665 3150 5716 τὸ
3180 5665 3275 5733 τῆς
3308 5664 3591 5722 εὐσεϐείας
3626 5662 3971 5729 ὁμολογεῖται

2394 5765 2716 5833 μυστήριον,
2765 5761 2965 5811 οὐτι-,σὶ
3015 5759 3375 5829 βεὸηλοῧσολι
3418 5761 3483 5809 τὰ
3530 5758 3649 5808 οεῖςι
3695 5761 3788 5806 καὶ
3837 5756 3975 5805 πᾶσι

2389 5860 2501 5919 τοῖς
2535 5857 2804 5925 θεολογείν
2839 5853 3185 5923 βουλομένοις
3220 5847 3356 5904 εἶναι
3390 5851 3533 5902 τοῦτ’
3561 5851 3846 5918 ἐφειμένον
3880 5853 3974 5901 καὶ
