  <div class='ocr_page' id='page_1' title='image "/cluster/home/n/w/nwhite01/storage/ocr_20150623/148/nnc1.0046980490/378.png"; bbox 0 0 4248 6442; ppageno 0'>
   <div class='ocr_carea' id='block_1_1' title="bbox 261 375 3534 457">
    <p class='ocr_par' dir='ltr' id='par_1_1' title="bbox 261 375 3534 457">
     <span class='ocr_line' id='line_1_1' title="bbox 261 375 3534 457; baseline 0.001 -13"><span class='ocrx_word' id='word_1_1' title='bbox 261 375 362 444; x_wconf 81' lang='lat'><strong>721</strong></span> <span class='ocrx_word' id='word_1_2' title='bbox 554 376 627 450; x_wconf 70' lang='grc' dir='ltr'><strong>[Α.</strong></span> <span class='ocrx_word' id='word_1_3' title='bbox 665 392 714 432; x_wconf 89' lang='lat' dir='ltr'><strong>c.</strong></span> <span class='ocrx_word' id='word_1_4' title='bbox 754 377 891 435; x_wconf 76' lang='grc'><strong>1328</strong></span> <span class='ocrx_word' id='word_1_5' title='bbox 920 397 985 435; x_wconf 73' lang='grc' dir='ltr'><strong>ω</strong></span> <span class='ocrx_word' id='word_1_6' title='bbox 1013 378 1173 453; x_wconf 74' lang='lat' dir='ltr'><strong>Isti]</strong></span> <span class='ocrx_word' id='word_1_7' title='bbox 1302 385 1747 446; x_wconf 70' lang='lat' dir='ltr'><strong>Bi’Z.\NT.N.i£</strong></span> <span class='ocrx_word' id='word_1_8' title='bbox 1789 388 2171 451; x_wconf 73' lang='lat' dir='ltr'><strong>lllSTORl/E</strong></span> <span class='ocrx_word' id='word_1_9' title='bbox 2210 391 2357 452; x_wconf 83' lang='lat' dir='ltr'><strong>Lm.</strong></span> <span class='ocrx_word' id='word_1_10' title='bbox 2402 394 2471 452; x_wconf 86' lang='lat' dir='ltr'><strong>x.</strong></span> <span class='ocrx_word' id='word_1_11' title='bbox 2616 385 2756 457; x_wconf 69' lang='lat' dir='ltr'><strong>tum</strong></span> <span class='ocrx_word' id='word_1_12' title='bbox 2798 398 3080 438; x_wconf 68' lang='lat' dir='ltr'><strong>mnomc-</strong></span> <span class='ocrx_word' id='word_1_13' title='bbox 3110 380 3249 449; x_wconf 61' lang='lat' dir='ltr'><strong>ws-l</strong></span> <span class='ocrx_word' id='word_1_14' title='bbox 3423 386 3534 448; x_wconf 70' lang='grc' dir='ltr'><strong>τη</strong></span> 
     </span>
    </p>
   </div>
   <div class='ocr_carea' id='block_1_2' title="bbox 262 492 1939 575">
    <p class='ocr_par' dir='ltr' id='par_1_2' title="bbox 262 492 1920 571">
     <span class='ocr_line' id='line_1_2' title="bbox 262 492 1920 571; baseline 0.006 -25"><span class='ocrx_word' id='word_1_15' title='bbox 262 492 776 566; x_wconf 81' lang='grc' dir='ltr'><strong>αὐτοχειροτόνητον</strong></span> <span class='ocrx_word' id='word_1_16' title='bbox 801 516 816 563; x_wconf 89' lang='lat'><strong>;</strong></span> <span class='ocrx_word' id='word_1_17' title='bbox 837 497 976 551; x_wconf 82' lang='grc' dir='ltr'><strong>Ἀλλ’</strong></span> <span class='ocrx_word' id='word_1_18' title='bbox 1002 500 1033 551; x_wconf 86' lang='grc' dir='ltr'><strong>ό</strong></span> <span class='ocrx_word' id='word_1_19' title='bbox 1066 499 1233 563; x_wconf 75' lang='grc' dir='ltr'><strong>πολὺς</strong></span> <span class='ocrx_word' id='word_1_20' title='bbox 1270 502 1326 552; x_wconf 80' lang='grc' dir='ltr'><strong>έν</strong></span> <span class='ocrx_word' id='word_1_21' title='bbox 1356 500 1604 570; x_wconf 65' lang='grc' dir='ltr'><strong>θερλογία</strong></span> <span class='ocrx_word' id='word_1_22' title='bbox 1640 502 1846 571; x_wconf 77' lang='grc' dir='ltr'><strong>Γρηγό-</strong></span> <span class='ocrx_word' id='word_1_23' title='bbox 1880 512 1920 565; x_wconf 76' lang='grc' dir='ltr'>Α</span> 
     </span>
    </p>
   </div>
   <div class='ocr_carea' id='block_1_3' title="bbox 1851 492 3528 575">
    <p class='ocr_par' dir='ltr' id='par_1_3' title="bbox 1880 500 3528 575">
     <span class='ocr_line' id='line_1_3' title="bbox 1880 500 3528 575; baseline -0.001 -18"><span class='ocrx_word' id='word_1_24' title='bbox 1880 512 1920 565; x_wconf 75' lang='grc' dir='ltr'>Α</span> <span class='ocrx_word' id='word_1_25' title='bbox 1953 505 2110 557; x_wconf 90' lang='lat' dir='ltr'><strong>drum</strong></span> <span class='ocrx_word' id='word_1_26' title='bbox 2139 505 2315 571; x_wconf 91' lang='lat' dir='ltr'><strong>aiunt,</strong></span> <span class='ocrx_word' id='word_1_27' title='bbox 2348 504 2702 559; x_wconf 75' lang='lat' dir='ltr'><strong>Macedonem</strong></span> <span class='ocrx_word' id='word_1_28' title='bbox 2738 503 2913 567; x_wconf 88' lang='lat' dir='ltr'><strong>illum,</strong></span> <span class='ocrx_word' id='word_1_29' title='bbox 2941 511 3071 575; x_wconf 80' lang='lat' dir='ltr'><strong>post</strong></span> <span class='ocrx_word' id='word_1_30' title='bbox 3102 500 3327 569; x_wconf 82' lang='lat' dir='ltr'><strong>longum</strong></span> <span class='ocrx_word' id='word_1_31' title='bbox 3358 500 3528 555; x_wconf 73' lang='lat' dir='ltr'><strong>victo-</strong></span> 
     </span>
    </p>
   </div>
   <div class='ocr_carea' id='block_1_4' title="bbox 264 585 1941 664">
    <p class='ocr_par' dir='ltr' id='par_1_4' title="bbox 264 585 1846 664">
     <span class='ocr_line' id='line_1_4' title="bbox 264 585 1846 664; baseline 0.007 -27"><span class='ocrx_word' id='word_1_32' title='bbox 264 599 381 655; x_wconf 83' lang='grc' dir='ltr'><strong>ριος</strong></span> <span class='ocrx_word' id='word_1_33' title='bbox 410 585 665 640; x_wconf 81' lang='grc' dir='ltr'><strong>τοσοῦτον</strong></span> <span class='ocrx_word' id='word_1_34' title='bbox 691 589 971 660; x_wconf 79' lang='grc' dir='ltr'><strong>ἀποδειλιᾷ</strong></span> <span class='ocrx_word' id='word_1_35' title='bbox 1003 590 1138 662; x_wconf 79' lang='grc' dir='ltr'><strong>πρὸς</strong></span> <span class='ocrx_word' id='word_1_36' title='bbox 1167 590 1446 660; x_wconf 85' lang='grc' dir='ltr'><strong>θεολογίαν</strong></span> <span class='ocrx_word' id='word_1_37' title='bbox 1476 592 1572 664; x_wconf 79' lang='grc' dir='ltr'><strong>τὴν</strong></span> <span class='ocrx_word' id='word_1_38' title='bbox 1601 594 1846 661; x_wconf 88' lang='grc' dir='ltr'><strong>γλῶτταν</strong></span> 
     </span>
    </p>
   </div>
   <div class='ocr_carea' id='block_1_5' title="bbox 1851 585 3528 664">
    <p class='ocr_par' dir='ltr' id='par_1_5' title="bbox 1954 589 3528 662">
     <span class='ocr_line' id='line_1_5' title="bbox 1954 589 3528 662; baseline -0.004 -15"><span class='ocrx_word' id='word_1_39' title='bbox 1954 593 2161 647; x_wconf 87' lang='lat' dir='ltr'><strong>riarum</strong></span> <span class='ocrx_word' id='word_1_40' title='bbox 2193 608 2417 649; x_wconf 85' lang='lat' dir='ltr'><strong>cursum</strong></span> <span class='ocrx_word' id='word_1_41' title='bbox 2445 603 2500 649; x_wconf 80' lang='lat' dir='ltr'><strong>et</strong></span> <span class='ocrx_word' id='word_1_42' title='bbox 2532 607 2760 662; x_wconf 83' lang='lat' dir='ltr'><strong>magnos</strong></span> <span class='ocrx_word' id='word_1_43' title='bbox 2786 591 3098 661; x_wconf 89' lang='lat' dir='ltr'><strong>triumphos</strong></span> <span class='ocrx_word' id='word_1_44' title='bbox 3126 605 3251 645; x_wconf 88' lang='lat' dir='ltr'><strong>cum</strong></span> <span class='ocrx_word' id='word_1_45' title='bbox 3283 589 3528 642; x_wconf 88' lang='lat' dir='ltr'><strong>animum</strong></span> 
     </span>
    </p>
   </div>
   <div class='ocr_carea' id='block_1_6' title="bbox 264 676 1941 755">
    <p class='ocr_par' dir='ltr' id='par_1_6' title="bbox 264 676 1846 755">
     <span class='ocr_line' id='line_1_6' title="bbox 264 676 1846 755; baseline 0.008 -28"><span class='ocrx_word' id='word_1_46' title='bbox 264 677 473 741; x_wconf 79' lang='grc' dir='ltr'><strong>κινεῖν,</strong></span> <span class='ocrx_word' id='word_1_47' title='bbox 509 676 699 749; x_wconf 88' lang='grc' dir='ltr'><strong>ῶσπερ</strong></span> <span class='ocrx_word' id='word_1_48' title='bbox 733 680 834 751; x_wconf 82' lang='grc' dir='ltr'><strong>τὴν</strong></span> <span class='ocrx_word' id='word_1_49' title='bbox 865 684 1024 753; x_wconf 75' lang='grc' dir='ltr'><strong>χεῖρα</strong></span> <span class='ocrx_word' id='word_1_50' title='bbox 1064 683 1201 753; x_wconf 81' lang='grc' dir='ltr'><strong>πρὸς</strong></span> <span class='ocrx_word' id='word_1_51' title='bbox 1242 683 1417 755; x_wconf 81' lang='grc' dir='ltr'>φλόγα</span> <span class='ocrx_word' id='word_1_52' title='bbox 1461 686 1656 753; x_wconf 87' lang='grc' dir='ltr'><strong>πυρός.</strong></span> <span class='ocrx_word' id='word_1_53' title='bbox 1683 686 1846 741; x_wconf 80' lang='grc' dir='ltr'><strong>Ὥστε</strong></span> 
     </span>
    </p>
   </div>
   <div class='ocr_carea' id='block_1_7' title="bbox 1854 676 3531 755">
    <p class='ocr_par' dir='ltr' id='par_1_7' title="bbox 1951 680 3531 748">
     <span class='ocr_line' id='line_1_7' title="bbox 1951 680 3531 748; baseline -0.004 -8"><span class='ocrx_word' id='word_1_54' title='bbox 1951 687 2194 741; x_wconf 78' lang='lat' dir='ltr'><strong>relaxare</strong></span> <span class='ocrx_word' id='word_1_55' title='bbox 2241 695 2299 741; x_wconf 88' lang='lat' dir='ltr'><strong>et</strong></span> <span class='ocrx_word' id='word_1_56' title='bbox 2351 701 2602 741; x_wconf 86' lang='lat' dir='ltr'><strong>recreare</strong></span> <span class='ocrx_word' id='word_1_57' title='bbox 2650 686 2836 748; x_wconf 86' lang='lat' dir='ltr'><strong>vellet,</strong></span> <span class='ocrx_word' id='word_1_58' title='bbox 2870 683 3081 739; x_wconf 89' lang='lat' dir='ltr'><strong>triremi</strong></span> <span class='ocrx_word' id='word_1_59' title='bbox 3131 695 3435 738; x_wconf 89' lang='lat' dir='ltr'><strong>conscensa</strong></span> <span class='ocrx_word' id='word_1_60' title='bbox 3475 680 3531 734; x_wconf 92' lang='lat' dir='ltr'><strong>in</strong></span> 
     </span>
    </p>
   </div>
   <div class='ocr_carea' id='block_1_8' title="bbox 264 768 1941 848">
    <p class='ocr_par' dir='ltr' id='par_1_8' title="bbox 264 768 1845 847">
     <span class='ocr_line' id='line_1_8' title="bbox 264 768 1845 847; baseline 0.007 -27"><span class='ocrx_word' id='word_1_61' title='bbox 264 768 363 821; x_wconf 76' lang='grc' dir='ltr'><strong>καὶ</strong></span> <span class='ocrx_word' id='word_1_62' title='bbox 404 769 635 831; x_wconf 81' lang='grc' dir='ltr'><strong>πολλοὺς</strong></span> <span class='ocrx_word' id='word_1_63' title='bbox 673 773 811 842; x_wconf 79' lang='grc' dir='ltr'><strong>πρὸς</strong></span> <span class='ocrx_word' id='word_1_64' title='bbox 849 775 1183 845; x_wconf 78' lang='grc' dir='ltr'><strong>παραίτησιν</strong></span> <span class='ocrx_word' id='word_1_65' title='bbox 1219 776 1581 847; x_wconf 87' lang='grc' dir='ltr'><strong>προϐάλλεται</strong></span> <span class='ocrx_word' id='word_1_66' title='bbox 1621 777 1845 845; x_wconf 80' lang='grc' dir='ltr'><strong>λόγους,</strong></span> 
     </span>
    </p>
   </div>
   <div class='ocr_carea' id='block_1_9' title="bbox 1855 768 3532 848">
    <p class='ocr_par' dir='ltr' id='par_1_9' title="bbox 1950 775 3532 848">
     <span class='ocr_line' id='line_1_9' title="bbox 1950 775 3532 848; baseline -0.004 -14"><span class='ocrx_word' id='word_1_67' title='bbox 1950 778 2231 847; x_wconf 81' lang='lat' dir='ltr'><strong>Euphrate</strong></span> <span class='ocrx_word' id='word_1_68' title='bbox 2264 779 2551 848; x_wconf 79' lang='lat' dir='ltr'><strong>navigasse</strong></span> <span class='ocrx_word' id='word_1_69' title='bbox 2579 778 3157 845; x_wconf 84' lang='lat' dir='ltr'><strong>circumspectantem,</strong></span> <span class='ocrx_word' id='word_1_70' title='bbox 3206 791 3270 829; x_wconf 90' lang='lat' dir='ltr'><strong>ac</strong></span> <span class='ocrx_word' id='word_1_71' title='bbox 3292 775 3363 829; x_wconf 82' lang='lat' dir='ltr'><strong>.in</strong></span> <span class='ocrx_word' id='word_1_72' title='bbox 3417 788 3532 828; x_wconf 88' lang='lat' dir='ltr'><strong>me-</strong></span> 
     </span>
    </p>
   </div>
   <div class='ocr_carea' id='block_1_10' title="bbox 265 854 1942 940">
    <p class='ocr_par' dir='ltr' id='par_1_10' title="bbox 265 854 1849 940">
     <span class='ocr_line' id='line_1_10' title="bbox 265 854 1849 940; baseline 0.007 -27"><span class='ocrx_word' id='word_1_73' title='bbox 265 859 325 913; x_wconf 73' lang='grc' dir='ltr'><strong>ὶν</strong></span> <span class='ocrx_word' id='word_1_74' title='bbox 349 854 434 925; x_wconf 77' lang='grc' dir='ltr'><strong>οἷς</strong></span> <span class='ocrx_word' id='word_1_75' title='bbox 456 862 572 915; x_wconf 78' lang='grc' dir='ltr'><strong>οὔθ’</strong></span> <span class='ocrx_word' id='word_1_76' title='bbox 590 865 782 917; x_wconf 69' lang='grc' dir='ltr'><strong>ἑαυτὸν</strong></span> <span class='ocrx_word' id='word_1_77' title='bbox 805 868 1075 937; x_wconf 79' lang='grc' dir='ltr'><strong>ἐγχειρεῖν</strong></span> <span class='ocrx_word' id='word_1_78' title='bbox 1104 869 1554 940; x_wconf 84' lang='grc' dir='ltr'><strong>προθυμούμενον</strong></span> <span class='ocrx_word' id='word_1_79' title='bbox 1580 874 1692 934; x_wconf 81' lang='grc' dir='ltr'><strong>τοῖς</strong></span> <span class='ocrx_word' id='word_1_80' title='bbox 1720 872 1849 939; x_wconf 79' lang='grc' dir='ltr'><strong>περὶ</strong></span> 
     </span>
    </p>
   </div>
   <div class='ocr_carea' id='block_1_11' title="bbox 1856 854 3533 940">
    <p class='ocr_par' dir='ltr' id='par_1_11' title="bbox 1951 867 3533 939">
     <span class='ocr_line' id='line_1_11' title="bbox 1951 867 3533 939; baseline -0.002 -15"><span class='ocrx_word' id='word_1_81' title='bbox 1951 871 2045 925; x_wconf 92' lang='lat' dir='ltr'><strong>dio</strong></span> <span class='ocrx_word' id='word_1_82' title='bbox 2104 871 2331 928; x_wconf 80' lang='lat' dir='ltr'><strong>ﬂumine</strong></span> <span class='ocrx_word' id='word_1_83' title='bbox 2366 871 2618 926; x_wconf 82' lang='lat' dir='ltr'><strong>diadema</strong></span> <span class='ocrx_word' id='word_1_84' title='bbox 2677 871 2754 926; x_wconf 89' lang='lat' dir='ltr'><strong>illi</strong></span> <span class='ocrx_word' id='word_1_85' title='bbox 2810 869 3040 927; x_wconf 76' lang='lat' dir='ltr'><strong>fortuito</strong></span> <span class='ocrx_word' id='word_1_86' title='bbox 3084 884 3116 924; x_wconf 90' lang='lat' dir='ltr'><strong>e</strong></span> <span class='ocrx_word' id='word_1_87' title='bbox 3152 869 3333 939; x_wconf 87' lang='lat' dir='ltr'><strong>capite</strong></span> <span class='ocrx_word' id='word_1_88' title='bbox 3381 867 3533 923; x_wconf 85' lang='lat' dir='ltr'><strong>dela-</strong></span> 
     </span>
    </p>
   </div>
   <div class='ocr_carea' id='block_1_12' title="bbox 267 953 1944 1034">
    <p class='ocr_par' dir='ltr' id='par_1_12' title="bbox 267 953 1849 1034">
     <span class='ocr_line' id='line_1_12' title="bbox 267 953 1849 1034; baseline 0.008 -29"><span class='ocrx_word' id='word_1_89' title='bbox 267 953 407 1007; x_wconf 82' lang='grc' dir='ltr'><strong>Θεοῦ</strong></span> <span class='ocrx_word' id='word_1_90' title='bbox 437 954 677 1011; x_wconf 79' lang='grc' dir='ltr'><strong>δείκνυσι</strong></span> <span class='ocrx_word' id='word_1_91' title='bbox 708 956 908 1026; x_wconf 90' lang='grc' dir='ltr'><strong>λόγοις,</strong></span> <span class='ocrx_word' id='word_1_92' title='bbox 940 959 1063 1013; x_wconf 76' lang='grc' dir='ltr'><strong>οὔτε</strong></span> <span class='ocrx_word' id='word_1_93' title='bbox 1095 960 1188 1014; x_wconf 79' lang='grc' dir='ltr'><strong>τὸν</strong></span> <span class='ocrx_word' id='word_1_94' title='bbox 1214 962 1566 1033; x_wconf 76' lang='grc' dir='ltr'><strong>ἐγχειροῦντα</strong></span> <span class='ocrx_word' id='word_1_95' title='bbox 1600 963 1849 1034; x_wconf 79' lang='grc' dir='ltr'><strong>θρασέως</strong></span> 
     </span>
    </p>
   </div>
   <div class='ocr_carea' id='block_1_13' title="bbox 1853 953 3530 1034">
    <p class='ocr_par' dir='ltr' id='par_1_13' title="bbox 1951 960 3530 1034">
     <span class='ocr_line' id='line_1_13' title="bbox 1951 960 3530 1034; baseline -0.001 -17"><span class='ocrx_word' id='word_1_96' title='bbox 1951 978 2110 1034; x_wconf 87' lang='lat' dir='ltr'><strong>psum</strong></span> <span class='ocrx_word' id='word_1_97' title='bbox 2141 978 2263 1019; x_wconf 89' lang='lat' dir='ltr'><strong>esse</strong></span> <span class='ocrx_word' id='word_1_98' title='bbox 2302 983 2313 1018; x_wconf 91' lang='lat'>:</span> <span class='ocrx_word' id='word_1_99' title='bbox 2348 963 2495 1033; x_wconf 94' lang='lat' dir='ltr'><strong>quod</strong></span> <span class='ocrx_word' id='word_1_100' title='bbox 2522 977 2649 1019; x_wconf 91' lang='lat' dir='ltr'><strong>cum</strong></span> <span class='ocrx_word' id='word_1_101' title='bbox 2680 970 2849 1017; x_wconf 80' lang='lat' dir='ltr'><strong>nauta</strong></span> <span class='ocrx_word' id='word_1_102' title='bbox 2872 961 3099 1033; x_wconf 88' lang='lat' dir='ltr'><strong>quidam</strong></span> <span class='ocrx_word' id='word_1_103' title='bbox 3130 960 3373 1015; x_wconf 86' lang='lat' dir='ltr'><strong>natando</strong></span> <span class='ocrx_word' id='word_1_104' title='bbox 3397 974 3530 1029; x_wconf 87' lang='lat' dir='ltr'><strong>pro-</strong></span> 
     </span>
    </p>
   </div>
   <div class='ocr_carea' id='block_1_14' title="bbox 266 1046 1943 1130">
    <p class='ocr_par' dir='ltr' id='par_1_14' title="bbox 266 1046 1848 1130">
     <span class='ocr_line' id='line_1_14' title="bbox 266 1046 1848 1130; baseline 0.009 -32"><span class='ocrx_word' id='word_1_105' title='bbox 266 1046 617 1116; x_wconf 79' lang='grc' dir='ltr'><strong>ἀποδέχεται.</strong></span> <span class='ocrx_word' id='word_1_106' title='bbox 666 1067 686 1100; x_wconf 78' lang='grc' dir='ltr'><strong>ι</strong></span> <span class='ocrx_word' id='word_1_107' title='bbox 736 1049 873 1104; x_wconf 80' lang='grc' dir='ltr'><strong>Οῠτε</strong></span> <span class='ocrx_word' id='word_1_108' title='bbox 918 1052 1024 1123; x_wconf 73' lang='grc' dir='ltr'><strong>γὰρ</strong></span> <span class='ocrx_word' id='word_1_109' title='bbox 1069 1054 1382 1120; x_wconf 65' lang='grc' dir='ltr'><strong>ἐπαινετὸς,</strong></span> <span class='ocrx_word' id='word_1_110' title='bbox 1429 1074 1449 1108; x_wconf 74' lang='grc' dir='ltr'><strong>ι</strong></span> <span class='ocrx_word' id='word_1_111' title='bbox 1499 1058 1666 1127; x_wconf 70' lang='grc' dir='ltr'><strong>φησιν</strong></span> <span class='ocrx_word' id='word_1_112' title='bbox 1704 1059 1848 1130; x_wconf 77' lang='grc'><strong>(91),</strong></span> 
     </span>
    </p>
   </div>
   <div class='ocr_carea' id='block_1_15' title="bbox 1858 1046 3535 1130">
    <p class='ocr_par' dir='ltr' id='par_1_15' title="bbox 1950 1051 3535 1123">
     <span class='ocr_line' id='line_1_15' title="bbox 1950 1051 3535 1123; baseline -0.003 -16"><span class='ocrx_word' id='word_1_113' title='bbox 1950 1062 2146 1107; x_wconf 85' lang='lat' dir='ltr'><strong>vectus</strong></span> <span class='ocrx_word' id='word_1_114' title='bbox 2201 1053 2674 1123; x_wconf 88' lang='lat' dir='ltr'><strong>apprehendisset.</strong></span> <span class='ocrx_word' id='word_1_115' title='bbox 2709 1061 2765 1107; x_wconf 91' lang='lat' dir='ltr'><strong>et</strong></span> <span class='ocrx_word' id='word_1_116' title='bbox 2809 1051 2940 1122; x_wconf 87' lang='lat' dir='ltr'><strong>quia</strong></span> <span class='ocrx_word' id='word_1_117' title='bbox 2990 1066 3156 1106; x_wconf 90' lang='lat' dir='ltr'><strong>manu</strong></span> <span class='ocrx_word' id='word_1_118' title='bbox 3204 1058 3418 1121; x_wconf 75' lang='lat' dir='ltr'><strong>gestare</strong></span> <span class='ocrx_word' id='word_1_119' title='bbox 3470 1062 3535 1103; x_wconf 83' lang='lat' dir='ltr'><strong>ac</strong></span> 
     </span>
    </p>
   </div>
   <div class='ocr_carea' id='block_1_16' title="bbox 270 1139 1947 1223">
    <p class='ocr_par' dir='ltr' id='par_1_16' title="bbox 270 1139 1851 1223">
     <span class='ocr_line' id='line_1_16' title="bbox 270 1139 1851 1223; baseline 0.011 -35"><span class='ocrx_word' id='word_1_120' title='bbox 270 1154 290 1188; x_wconf 80' lang='grc' dir='ltr'><strong>ι</strong></span> <span class='ocrx_word' id='word_1_121' title='bbox 333 1139 363 1191; x_wconf 88' lang='grc' dir='ltr'><strong>ό</strong></span> <span class='ocrx_word' id='word_1_122' title='bbox 400 1139 596 1205; x_wconf 85' lang='grc' dir='ltr'><strong>πόθος,</strong></span> <span class='ocrx_word' id='word_1_123' title='bbox 629 1140 767 1196; x_wconf 84' lang='grc' dir='ltr'><strong>ἀλλά</strong></span> <span class='ocrx_word' id='word_1_124' title='bbox 806 1145 899 1198; x_wconf 68' lang='grc' dir='ltr'><strong>καὶ</strong></span> <span class='ocrx_word' id='word_1_125' title='bbox 938 1144 1169 1214; x_wconf 81' lang='grc' dir='ltr'><strong>φοϐερὸν</strong></span> <span class='ocrx_word' id='word_1_126' title='bbox 1198 1148 1261 1201; x_wconf 79' lang='grc' dir='ltr'><strong>τὸ</strong></span> <span class='ocrx_word' id='word_1_127' title='bbox 1299 1149 1661 1220; x_wconf 78' lang='grc' dir='ltr'><strong>ἐγχείρημα.»</strong></span> <span class='ocrx_word' id='word_1_128' title='bbox 1703 1152 1851 1223; x_wconf 88' lang='grc' dir='ltr'><strong>ῐ1αρ-</strong></span> 
     </span>
    </p>
   </div>
   <div class='ocr_carea' id='block_1_17' title="bbox 1855 1139 3532 1223">
    <p class='ocr_par' dir='ltr' id='par_1_17' title="bbox 1954 1142 3532 1221">
     <span class='ocr_line' id='line_1_17' title="bbox 1954 1142 3532 1221; baseline -0.001 -22"><span class='ocrx_word' id='word_1_129' title='bbox 1954 1144 2126 1221; x_wconf 85' lang='lat' dir='ltr'><strong>simul</strong></span> <span class='ocrx_word' id='word_1_130' title='bbox 2159 1154 2349 1199; x_wconf 84' lang='lat' dir='ltr'><strong>natare</strong></span> <span class='ocrx_word' id='word_1_131' title='bbox 2384 1162 2493 1199; x_wconf 84' lang='lat' dir='ltr'><strong>non</strong></span> <span class='ocrx_word' id='word_1_132' title='bbox 2544 1152 2779 1215; x_wconf 89' lang='lat' dir='ltr'><strong>poterat,</strong></span> <span class='ocrx_word' id='word_1_133' title='bbox 2813 1145 2983 1214; x_wconf 86' lang='lat' dir='ltr'><strong>capiti</strong></span> <span class='ocrx_word' id='word_1_134' title='bbox 3018 1159 3121 1199; x_wconf 87' lang='lat' dir='ltr'><strong>suo</strong></span> <span class='ocrx_word' id='word_1_135' title='bbox 3156 1142 3532 1210; x_wconf 86' lang='lat' dir='ltr'><strong>imposuisset,</strong></span> 
     </span>
    </p>
   </div>
   <div class='ocr_carea' id='block_1_18' title="bbox 206 1228 1883 1308">
    <p class='ocr_par' dir='ltr' id='par_1_18' title="bbox 206 1228 1850 1308">
     <span class='ocr_line' id='line_1_18' title="bbox 206 1228 1850 1308; baseline 0.009 -28"><span class='ocrx_word' id='word_1_136' title='bbox 206 1228 214 1235; x_wconf 80' lang='grc'><strong>’</strong></span> <span class='ocrx_word' id='word_1_137' title='bbox 263 1228 475 1297; x_wconf 86' lang='grc' dir='ltr'><strong>εισάγει</strong></span> <span class='ocrx_word' id='word_1_138' title='bbox 502 1230 559 1283; x_wconf 65' lang='grc' dir='ltr'><strong>δὲ</strong></span> <span class='ocrx_word' id='word_1_139' title='bbox 586 1232 680 1285; x_wconf 79' lang='grc' dir='ltr'><strong>καὶ</strong></span> <span class='ocrx_word' id='word_1_140' title='bbox 712 1233 875 1299; x_wconf 76' lang='grc' dir='ltr'><strong>Ὄζᾶν</strong></span> <span class='ocrx_word' id='word_1_141' title='bbox 900 1236 1128 1303; x_wconf 67' lang='grc' dir='ltr'><strong>τκεῐνον,</strong></span> <span class='ocrx_word' id='word_1_142' title='bbox 1156 1235 1215 1300; x_wconf 78' lang='grc' dir='ltr'><strong>ὃς</strong></span> <span class='ocrx_word' id='word_1_143' title='bbox 1270 1236 1371 1308; x_wconf 82' lang='grc' dir='ltr'><strong>τῆς</strong></span> <span class='ocrx_word' id='word_1_144' title='bbox 1416 1238 1653 1293; x_wconf 81' lang='grc' dir='ltr'><strong>κιϐωτοῦ</strong></span> <span class='ocrx_word' id='word_1_145' title='bbox 1681 1240 1850 1294; x_wconf 87' lang='grc' dir='ltr'><strong>πάλαι</strong></span> 
     </span>
    </p>
   </div>
   <div class='ocr_carea' id='block_1_19' title="bbox 1861 1228 3538 1308">
    <p class='ocr_par' dir='ltr' id='par_1_19' title="bbox 1953 1234 3538 1308">
     <span class='ocr_line' id='line_1_19' title="bbox 1953 1234 3538 1308; baseline 0 -17"><span class='ocrx_word' id='word_1_146' title='bbox 1953 1252 2017 1291; x_wconf 88' lang='lat' dir='ltr'><strong>ac</strong></span> <span class='ocrx_word' id='word_1_147' title='bbox 2058 1238 2292 1307; x_wconf 83' lang='lat' dir='ltr'><strong>denique</strong></span> <span class='ocrx_word' id='word_1_148' title='bbox 2319 1246 2549 1292; x_wconf 85' lang='lat' dir='ltr'><strong>enatans</strong></span> <span class='ocrx_word' id='word_1_149' title='bbox 2583 1237 2648 1292; x_wconf 85' lang='lat' dir='ltr'><strong>ad</strong></span> <span class='ocrx_word' id='word_1_150' title='bbox 2689 1253 2873 1308; x_wconf 89' lang='lat' dir='ltr'><strong>regem</strong></span> <span class='ocrx_word' id='word_1_151' title='bbox 2901 1244 3238 1307; x_wconf 84' lang='lat' dir='ltr'><strong>reportasset</strong></span> <span class='ocrx_word' id='word_1_152' title='bbox 3273 1252 3287 1288; x_wconf 88' lang='lat'><strong>:</strong></span> <span class='ocrx_word' id='word_1_153' title='bbox 3325 1234 3538 1291; x_wconf 79' lang='lat' dir='ltr'><strong>homini</strong></span> 
     </span>
    </p>
   </div>
   <div class='ocr_carea' id='block_1_20' title="bbox 265 1318 1942 1403">
    <p class='ocr_par' dir='ltr' id='par_1_20' title="bbox 265 1318 1851 1403">
     <span class='ocr_line' id='line_1_20' title="bbox 265 1318 1851 1403; baseline 0.01 -33"><span class='ocrx_word' id='word_1_154' title='bbox 265 1318 474 1388; x_wconf 82' lang='grc' dir='ltr'><strong>ψαῦσαι</strong></span> <span class='ocrx_word' id='word_1_155' title='bbox 498 1321 774 1392; x_wconf 75' lang='grc' dir='ltr'><strong>τολμήσας</strong></span> <span class='ocrx_word' id='word_1_156' title='bbox 802 1325 961 1394; x_wconf 91' lang='grc' dir='ltr'><strong>μόνον</strong></span> <span class='ocrx_word' id='word_1_157' title='bbox 981 1326 1254 1392; x_wconf 85' lang='grc' dir='ltr'><strong>ἀπώλετο,</strong></span> <span class='ocrx_word' id='word_1_158' title='bbox 1280 1328 1669 1396; x_wconf 80' lang='grc' dir='ltr'><strong>φυλάσσοντος,</strong></span> <span class='ocrx_word' id='word_1_159' title='bbox 1694 1333 1851 1403; x_wconf 79' lang='grc' dir='ltr'><strong>φησὶ,</strong></span> 
     </span>
    </p>
   </div>
   <div class='ocr_carea' id='block_1_21' title="bbox 1875 1318 3552 1403">
    <p class='ocr_par' dir='ltr' id='par_1_21' title="bbox 1954 1327 3552 1400">
     <span class='ocr_line' id='line_1_21' title="bbox 1954 1327 3552 1400; baseline -0.002 -16"><span class='ocrx_word' id='word_1_160' title='bbox 1954 1330 2052 1392; x_wconf 86' lang='lat' dir='ltr'><strong>illi,</strong></span> <span class='ocrx_word' id='word_1_161' title='bbox 2082 1330 2230 1399; x_wconf 91' lang='lat' dir='ltr'><strong>quod</strong></span> <span class='ocrx_word' id='word_1_162' title='bbox 2263 1331 2473 1400; x_wconf 89' lang='lat' dir='ltr'><strong>regium</strong></span> <span class='ocrx_word' id='word_1_163' title='bbox 2503 1329 2753 1384; x_wconf 84' lang='lat' dir='ltr'><strong>diadema</strong></span> <span class='ocrx_word' id='word_1_164' title='bbox 2800 1338 3100 1393; x_wconf 77' lang='lat' dir='ltr'><strong>servasset,</strong></span> <span class='ocrx_word' id='word_1_165' title='bbox 3150 1330 3414 1383; x_wconf 81' lang='lat' dir='ltr'><strong>talentum</strong></span> <span class='ocrx_word' id='word_1_166' title='bbox 3442 1327 3552 1383; x_wconf 95' lang='lat' dir='ltr'><strong>do-&#39;</strong></span> 
     </span>
    </p>
   </div>
   <div class='ocr_carea' id='block_1_22' title="bbox 268 1406 1945 1491">
    <p class='ocr_par' dir='ltr' id='par_1_22' title="bbox 268 1406 1854 1491">
     <span class='ocr_line' id='line_1_22' title="bbox 268 1406 1854 1491; baseline 0.009 -31"><span class='ocrx_word' id='word_1_167' title='bbox 268 1406 365 1460; x_wconf 75' lang='grc' dir='ltr'><strong>τοῦ</strong></span> <span class='ocrx_word' id='word_1_168' title='bbox 390 1408 528 1464; x_wconf 83' lang='grc' dir='ltr'><strong>Θεοῦ</strong></span> <span class='ocrx_word' id='word_1_169' title='bbox 551 1414 616 1482; x_wconf 80' lang='grc' dir='ltr'><strong>τῇ</strong></span> <span class='ocrx_word' id='word_1_170' title='bbox 645 1414 865 1485; x_wconf 82' lang='grc' dir='ltr'><strong>κιϐωτῷ</strong></span> <span class='ocrx_word' id='word_1_171' title='bbox 886 1416 947 1469; x_wconf 78' lang='grc' dir='ltr'><strong>τὸ</strong></span> <span class='ocrx_word' id='word_1_172' title='bbox 970 1417 1289 1488; x_wconf 84' lang='grc' dir='ltr'><strong>σεϐάσμιον.</strong></span> <span class='ocrx_word' id='word_1_173' title='bbox 1310 1420 1373 1472; x_wconf 83' lang='lat' dir='ltr'><strong>El</strong></span> <span class='ocrx_word' id='word_1_174' title='bbox 1397 1420 1453 1473; x_wconf 80' lang='grc' dir='ltr'><strong>δὲ</strong></span> <span class='ocrx_word' id='word_1_175' title='bbox 1479 1420 1574 1475; x_wconf 79' lang='grc' dir='ltr'><strong>καὶ</strong></span> <span class='ocrx_word' id='word_1_176' title='bbox 1598 1421 1854 1491; x_wconf 78' lang='grc' dir='ltr'><strong>βασιλεὺς</strong></span> 
     </span>
    </p>
   </div>
   <div class='ocr_carea' id='block_1_23' title="bbox 1862 1406 3539 1491">
    <p class='ocr_par' dir='ltr' id='par_1_23' title="bbox 1955 1417 3539 1489">
     <span class='ocr_line' id='line_1_23' title="bbox 1955 1417 3539 1489; baseline -0.002 -16"><span class='ocrx_word' id='word_1_177' title='bbox 1955 1421 2206 1485; x_wconf 85' lang='lat' dir='ltr'><strong>navisse;</strong></span> <span class='ocrx_word' id='word_1_178' title='bbox 2259 1419 2353 1475; x_wconf 89' lang='lat' dir='ltr'><strong>sed</strong></span> <span class='ocrx_word' id='word_1_179' title='bbox 2407 1420 2542 1489; x_wconf 86' lang='lat' dir='ltr'><strong>quia</strong></span> <span class='ocrx_word' id='word_1_180' title='bbox 2596 1420 2740 1475; x_wconf 89' lang='lat' dir='ltr'><strong>idem</strong></span> <span class='ocrx_word' id='word_1_181' title='bbox 2790 1420 3048 1475; x_wconf 86' lang='lat' dir='ltr'><strong>diadema</strong></span> <span class='ocrx_word' id='word_1_182' title='bbox 3099 1419 3324 1489; x_wconf 82' lang='lat' dir='ltr'><strong>indigne</strong></span> <span class='ocrx_word' id='word_1_183' title='bbox 3372 1417 3539 1484; x_wconf 88' lang='lat' dir='ltr'><strong>capiti</strong></span> 
     </span>
    </p>
   </div>
   <div class='ocr_carea' id='block_1_24' title="bbox 271 1498 1948 1583">
    <p class='ocr_par' dir='ltr' id='par_1_24' title="bbox 271 1498 1857 1583">
     <span class='ocr_line' id='line_1_24' title="bbox 271 1498 1857 1583; baseline 0.01 -32"><span class='ocrx_word' id='word_1_184' title='bbox 271 1498 485 1570; x_wconf 81' lang='grc' dir='ltr'><strong>τάχιστ’</strong></span> <span class='ocrx_word' id='word_1_185' title='bbox 508 1501 576 1556; x_wconf 78' lang='grc' dir='ltr'><strong>ἂν</strong></span> <span class='ocrx_word' id='word_1_186' title='bbox 608 1503 667 1570; x_wconf 62' lang='grc' dir='ltr'><strong>ἐξ</strong></span> <span class='ocrx_word' id='word_1_187' title='bbox 699 1504 1003 1576; x_wconf 82' lang='grc' dir='ltr'><strong>ἀνθρώπων</strong></span> <span class='ocrx_word' id='word_1_188' title='bbox 1038 1510 1340 1579; x_wconf 86' lang='grc' dir='ltr'><strong>ποιήσειεν,</strong></span> <span class='ocrx_word' id='word_1_189' title='bbox 1376 1512 1430 1565; x_wconf 80' lang='grc' dir='ltr'><strong>ει</strong></span> <span class='ocrx_word' id='word_1_190' title='bbox 1460 1530 1542 1574; x_wconf 91' lang='grc' dir='ltr'><strong>τις</strong></span> <span class='ocrx_word' id='word_1_191' title='bbox 1573 1512 1683 1565; x_wconf 91' lang='grc' dir='ltr'><strong>τῶν</strong></span> <span class='ocrx_word' id='word_1_192' title='bbox 1717 1514 1857 1583; x_wconf 83' lang='grc' dir='ltr'><strong>ὑπη-</strong></span> 
     </span>
    </p>
   </div>
   <div class='ocr_carea' id='block_1_25' title="bbox 1863 1498 3540 1583">
    <p class='ocr_par' dir='ltr' id='par_1_25' title="bbox 1955 1509 3540 1581">
     <span class='ocr_line' id='line_1_25' title="bbox 1955 1509 3540 1581; baseline -0.003 -14"><span class='ocrx_word' id='word_1_193' title='bbox 1955 1528 2057 1567; x_wconf 86' lang='lat' dir='ltr'><strong>suo</strong></span> <span class='ocrx_word' id='word_1_194' title='bbox 2115 1512 2486 1581; x_wconf 83' lang='lat' dir='ltr'><strong>imposuisset,</strong></span> <span class='ocrx_word' id='word_1_195' title='bbox 2534 1519 2698 1581; x_wconf 87' lang='lat' dir='ltr'><strong>caput</strong></span> <span class='ocrx_word' id='word_1_196' title='bbox 2746 1512 3060 1567; x_wconf 82' lang='lat' dir='ltr'><strong>abstulisse.</strong></span> <span class='ocrx_word' id='word_1_197' title='bbox 3087 1510 3246 1577; x_wconf 87' lang='lat' dir='ltr'><strong>Quod</strong></span> <span class='ocrx_word' id='word_1_198' title='bbox 3296 1510 3340 1564; x_wconf 93' lang='lat' dir='ltr'><strong>si</strong></span> <span class='ocrx_word' id='word_1_199' title='bbox 3374 1509 3540 1564; x_wconf 89' lang='lat' dir='ltr'><strong>homo</strong></span> 
     </span>
    </p>
   </div>
   <div class='ocr_carea' id='block_1_26' title="bbox 275 1591 1952 1676">
    <p class='ocr_par' dir='ltr' id='par_1_26' title="bbox 275 1591 1854 1676">
     <span class='ocr_line' id='line_1_26' title="bbox 275 1591 1854 1676; baseline 0.011 -32"><span class='ocrx_word' id='word_1_200' title='bbox 275 1591 416 1645; x_wconf 87' lang='grc' dir='ltr'><strong>κόων</strong></span> <span class='ocrx_word' id='word_1_201' title='bbox 446 1594 681 1660; x_wconf 78' lang='grc' dir='ltr'><strong>ἀναιδῶς</strong></span> <span class='ocrx_word' id='word_1_202' title='bbox 715 1599 811 1653; x_wconf 68' lang='grc' dir='ltr'><strong>επὶ</strong></span> <span class='ocrx_word' id='word_1_203' title='bbox 838 1601 939 1669; x_wconf 80' lang='grc' dir='ltr'><strong>τῆς</strong></span> <span class='ocrx_word' id='word_1_204' title='bbox 973 1601 1168 1656; x_wconf 79' lang='grc' dir='ltr'><strong>ἑαυτοῦ</strong></span> <span class='ocrx_word' id='word_1_205' title='bbox 1204 1605 1447 1674; x_wconf 74' lang='grc' dir='ltr'><strong>κεφαλῆς</strong></span> <span class='ocrx_word' id='word_1_206' title='bbox 1478 1606 1538 1658; x_wconf 84' lang='grc' dir='ltr'><strong>τὸ</strong></span> <span class='ocrx_word' id='word_1_207' title='bbox 1573 1605 1854 1676; x_wconf 77' lang='grc' dir='ltr'><strong>βασιλικὸν</strong></span> 
     </span>
    </p>
   </div>
   <div class='ocr_carea' id='block_1_27' title="bbox 1862 1591 3539 1676">
    <p class='ocr_par' dir='ltr' id='par_1_27' title="bbox 1957 1598 3539 1673">
     <span class='ocr_line' id='line_1_27' title="bbox 1957 1598 3539 1673; baseline -0.005 -14"><span class='ocrx_word' id='word_1_208' title='bbox 1957 1606 2262 1669; x_wconf 87' lang='lat' dir='ltr'><strong>hominem,</strong></span> <span class='ocrx_word' id='word_1_209' title='bbox 2310 1603 2406 1673; x_wconf 87' lang='lat' dir='ltr'><strong>qui</strong></span> <span class='ocrx_word' id='word_1_210' title='bbox 2455 1604 2650 1658; x_wconf 86' lang='lat' dir='ltr'><strong>eodem</strong></span> <span class='ocrx_word' id='word_1_211' title='bbox 2686 1618 2873 1658; x_wconf 87' lang='lat' dir='ltr'><strong>secum</strong></span> <span class='ocrx_word' id='word_1_212' title='bbox 2900 1602 3045 1671; x_wconf 88' lang='lat' dir='ltr'><strong>pileo</strong></span> <span class='ocrx_word' id='word_1_213' title='bbox 3083 1616 3217 1657; x_wconf 89' lang='lat' dir='ltr'><strong>usus</strong></span> <span class='ocrx_word' id='word_1_214' title='bbox 3264 1600 3427 1664; x_wconf 80' lang='lat' dir='ltr'><strong>foret,</strong></span> <span class='ocrx_word' id='word_1_215' title='bbox 3459 1598 3539 1652; x_wconf 91' lang='lat' dir='ltr'><strong>vi-</strong></span> 
     </span>
    </p>
   </div>
   <div class='ocr_carea' id='block_1_28' title="bbox 270 1684 1947 1769">
    <p class='ocr_par' dir='ltr' id='par_1_28' title="bbox 270 1684 1857 1769">
     <span class='ocr_line' id='line_1_28' title="bbox 270 1684 1857 1769; baseline 0.012 -34"><span class='ocrx_word' id='word_1_216' title='bbox 270 1684 544 1741; x_wconf 71' lang='grc' dir='ltr'><strong>ὲπιθεῖναι</strong></span> <span class='ocrx_word' id='word_1_217' title='bbox 572 1689 863 1762; x_wconf 83' lang='grc' dir='ltr'><strong>τολμήσειε</strong></span> <span class='ocrx_word' id='word_1_218' title='bbox 896 1692 1112 1762; x_wconf 80' lang='grc' dir='ltr'><strong>στέφος,</strong></span> <span class='ocrx_word' id='word_1_219' title='bbox 1146 1696 1331 1751; x_wconf 81' lang='grc' dir='ltr'><strong>πόσων</strong></span> <span class='ocrx_word' id='word_1_220' title='bbox 1360 1698 1425 1751; x_wconf 79' lang='grc' dir='ltr'><strong>ἂν</strong></span> <span class='ocrx_word' id='word_1_221' title='bbox 1456 1698 1542 1768; x_wconf 74' lang='grc' dir='ltr'><strong>εἴη</strong></span> <span class='ocrx_word' id='word_1_222' title='bbox 1572 1700 1857 1769; x_wconf 84' lang='grc' dir='ltr'><strong>κεραυνῶν</strong></span> 
     </span>
    </p>
   </div>
   <div class='ocr_carea' id='block_1_29' title="bbox 1861 1684 3538 1769">
    <p class='ocr_par' dir='ltr' id='par_1_29' title="bbox 1958 1696 3538 1768">
     <span class='ocr_line' id='line_1_29' title="bbox 1958 1696 3538 1768; baseline -0.004 -15"><span class='ocrx_word' id='word_1_223' title='bbox 1958 1715 2085 1753; x_wconf 91' lang='lat' dir='ltr'><strong>vum</strong></span> <span class='ocrx_word' id='word_1_224' title='bbox 2110 1698 2254 1753; x_wconf 79' lang='lat' dir='ltr'><strong>ferre</strong></span> <span class='ocrx_word' id='word_1_225' title='bbox 2281 1713 2391 1753; x_wconf 91' lang='lat' dir='ltr'><strong>non</strong></span> <span class='ocrx_word' id='word_1_226' title='bbox 2432 1696 2635 1768; x_wconf 88' lang='lat' dir='ltr'><strong>potuit,</strong></span> <span class='ocrx_word' id='word_1_227' title='bbox 2670 1712 2850 1765; x_wconf 86' lang='lat' dir='ltr'><strong>neque</strong></span> <span class='ocrx_word' id='word_1_228' title='bbox 2892 1696 3033 1751; x_wconf 89' lang='lat' dir='ltr'><strong>ultra</strong></span> <span class='ocrx_word' id='word_1_229' title='bbox 3070 1710 3265 1765; x_wconf 91' lang='lat' dir='ltr'><strong>passus</strong></span> <span class='ocrx_word' id='word_1_230' title='bbox 3296 1703 3381 1749; x_wconf 91' lang='lat' dir='ltr'><strong>est</strong></span> <span class='ocrx_word' id='word_1_231' title='bbox 3413 1708 3538 1748; x_wconf 87' lang='lat' dir='ltr'><strong>om-</strong></span> 
     </span>
    </p>
   </div>
   <div class='ocr_carea' id='block_1_30' title="bbox 272 1775 1949 1860">
    <p class='ocr_par' dir='ltr' id='par_1_30' title="bbox 272 1775 1907 1860">
     <span class='ocr_line' id='line_1_30' title="bbox 272 1775 1907 1860; baseline 0.012 -35"><span class='ocrx_word' id='word_1_232' title='bbox 272 1775 367 1826; x_wconf 79' lang='grc' dir='ltr'><strong>καὶ</strong></span> <span class='ocrx_word' id='word_1_233' title='bbox 400 1778 739 1850; x_wconf 78' lang='grc' dir='ltr'><strong>πρηστήρων</strong></span> <span class='ocrx_word' id='word_1_234' title='bbox 771 1780 952 1847; x_wconf 76' lang='grc' dir='ltr'><strong>ἄξιος,</strong></span> <span class='ocrx_word' id='word_1_235' title='bbox 988 1785 1042 1837; x_wconf 83' lang='grc' dir='ltr'><strong>ετ</strong></span> <span class='ocrx_word' id='word_1_236' title='bbox 1066 1802 1148 1848; x_wconf 87' lang='grc' dir='ltr'><strong>τις</strong></span> <span class='ocrx_word' id='word_1_237' title='bbox 1183 1786 1482 1858; x_wconf 80' lang='grc' dir='ltr'><strong>αὐτονομίᾳ</strong></span> <span class='ocrx_word' id='word_1_238' title='bbox 1518 1786 1857 1860; x_wconf 72' lang='grc' dir='ltr'><strong>θρασύτητος</strong></span> <span class='ocrx_word' id='word_1_239' title='bbox 1903 1859 1907 1860; x_wconf 79' lang='lat'><strong>7</strong></span> 
     </span>
    </p>
   </div>
   <div class='ocr_carea' id='block_1_31' title="bbox 1862 1775 3539 1860">
    <p class='ocr_par' dir='ltr' id='par_1_31' title="bbox 1903 1785 3539 1860">
     <span class='ocr_line' id='line_1_31' title="bbox 1903 1785 3539 1860; baseline -0.004 -15"><span class='ocrx_word' id='word_1_240' title='bbox 1903 1859 1907 1860; x_wconf 77' lang='lat'><strong>7</strong></span> <span class='ocrx_word' id='word_1_241' title='bbox 1958 1792 2111 1846; x_wconf 89' lang='lat' dir='ltr'><strong>nium</strong></span> <span class='ocrx_word' id='word_1_242' title='bbox 2146 1806 2330 1847; x_wconf 85' lang='lat' dir='ltr'><strong>rerum</strong></span> <span class='ocrx_word' id='word_1_243' title='bbox 2377 1791 2627 1845; x_wconf 89' lang='lat' dir='ltr'><strong>altricem</strong></span> <span class='ocrx_word' id='word_1_244' title='bbox 2665 1789 2865 1844; x_wconf 88' lang='lat' dir='ltr'><strong>intueri</strong></span> <span class='ocrx_word' id='word_1_245' title='bbox 2910 1788 3043 1843; x_wconf 88' lang='lat' dir='ltr'><strong>solis</strong></span> <span class='ocrx_word' id='word_1_246' title='bbox 3071 1787 3277 1850; x_wconf 89' lang='lat' dir='ltr'><strong>lucem,</strong></span> <span class='ocrx_word' id='word_1_247' title='bbox 3305 1785 3437 1857; x_wconf 84' lang='lat' dir='ltr'><strong>quid</strong></span> <span class='ocrx_word' id='word_1_248' title='bbox 3470 1785 3539 1839; x_wconf 80' lang='lat' dir='ltr'><strong>de</strong></span> 
     </span>
    </p>
   </div>
   <div class='ocr_carea' id='block_1_32' title="bbox 272 1859 1949 1953">
    <p class='ocr_par' dir='ltr' id='par_1_32' title="bbox 272 1859 1933 1953">
     <span class='ocr_line' id='line_1_32' title="bbox 272 1859 1933 1953; baseline 0.01 -35"><span class='ocrx_word' id='word_1_249' title='bbox 272 1866 476 1921; x_wconf 78' lang='grc' dir='ltr'><strong>οὑτωσὶ</strong></span> <span class='ocrx_word' id='word_1_250' title='bbox 494 1869 592 1938; x_wconf 88' lang='grc' dir='ltr'><strong>τῆς</strong></span> <span class='ocrx_word' id='word_1_251' title='bbox 616 1871 893 1941; x_wconf 75' lang='grc' dir='ltr'><strong>θεολογίας</strong></span> <span class='ocrx_word' id='word_1_252' title='bbox 914 1877 1265 1949; x_wconf 75' lang='grc' dir='ltr'><strong>κατατολμᾷς</strong></span> <span class='ocrx_word' id='word_1_253' title='bbox 1302 1878 1503 1933; x_wconf 83' lang='grc' dir='ltr'><strong>Ἐθέλω</strong></span> <span class='ocrx_word' id='word_1_254' title='bbox 1524 1881 1631 1953; x_wconf 78' lang='grc' dir='ltr'><strong>γὰρ</strong></span> <span class='ocrx_word' id='word_1_255' title='bbox 1655 1859 1857 1953; x_wconf 75' lang='grc' dir='ltr'><strong>καὶμι-</strong></span> <span class='ocrx_word' id='word_1_256' title='bbox 1891 1859 1933 1918; x_wconf 71' lang='grc' dir='ltr'><strong><em>Β</em></strong></span> 
     </span>
    </p>
   </div>
   <div class='ocr_carea' id='block_1_33' title="bbox 1856 1859 3533 1953">
    <p class='ocr_par' dir='ltr' id='par_1_33' title="bbox 1856 1859 3533 1952">
     <span class='ocr_line' id='line_1_33' title="bbox 1856 1859 3533 1952; baseline -0.004 -14"><span class='ocrx_word' id='word_1_257' title='bbox 1856 1914 1857 1919; x_wconf 59' lang='grc' dir='ltr'><strong>η</strong></span> <span class='ocrx_word' id='word_1_258' title='bbox 1891 1859 1933 1918; x_wconf 70' lang='grc' dir='ltr'><strong><em>Β</em></strong></span> <span class='ocrx_word' id='word_1_259' title='bbox 1962 1884 2029 1939; x_wconf 90' lang='lat' dir='ltr'><strong>iis</strong></span> <span class='ocrx_word' id='word_1_260' title='bbox 2056 1883 2323 1949; x_wconf 84' lang='lat' dir='ltr'><strong>dicemus,</strong></span> <span class='ocrx_word' id='word_1_261' title='bbox 2345 1882 2441 1952; x_wconf 90' lang='lat' dir='ltr'><strong>qui</strong></span> <span class='ocrx_word' id='word_1_262' title='bbox 2482 1884 2620 1936; x_wconf 86' lang='lat' dir='ltr'><strong>adeo</strong></span> <span class='ocrx_word' id='word_1_263' title='bbox 2647 1882 2961 1952; x_wconf 86' lang='lat' dir='ltr'><strong>petulanter</strong></span> <span class='ocrx_word' id='word_1_264' title='bbox 3008 1882 3063 1934; x_wconf 92' lang='lat' dir='ltr'><strong>in</strong></span> <span class='ocrx_word' id='word_1_265' title='bbox 3095 1878 3425 1949; x_wconf 83' lang='lat' dir='ltr'><strong>theologiam</strong></span> <span class='ocrx_word' id='word_1_266' title='bbox 3461 1878 3533 1931; x_wconf 92' lang='lat' dir='ltr'><strong>ir-</strong></span> 
     </span>
    </p>
   </div>
   <div class='ocr_carea' id='block_1_34' title="bbox 274 1960 1951 2048">
    <p class='ocr_par' dir='ltr' id='par_1_34' title="bbox 274 1960 1859 2043">
     <span class='ocr_line' id='line_1_34' title="bbox 274 1960 1859 2043; baseline 0.01 -32"><span class='ocrx_word' id='word_1_267' title='bbox 274 1960 407 2028; x_wconf 80' lang='grc' dir='ltr'><strong>κρὸν</strong></span> <span class='ocrx_word' id='word_1_268' title='bbox 437 1962 501 2015; x_wconf 78' lang='grc' dir='ltr'><strong>ὲκ</strong></span> <span class='ocrx_word' id='word_1_269' title='bbox 528 1963 636 2016; x_wconf 89' lang='grc' dir='ltr'><strong>τῶν</strong></span> <span class='ocrx_word' id='word_1_270' title='bbox 666 1966 837 2020; x_wconf 87' lang='grc' dir='ltr'><strong>πάλαι</strong></span> <span class='ocrx_word' id='word_1_271' title='bbox 871 1967 1190 2039; x_wconf 86' lang='grc' dir='ltr'><strong>προσθεῖναι</strong></span> <span class='ocrx_word' id='word_1_272' title='bbox 1222 1970 1299 2043; x_wconf 85' lang='grc' dir='ltr'><strong>τῷ</strong></span> <span class='ocrx_word' id='word_1_273' title='bbox 1331 1970 1476 2041; x_wconf 88' lang='grc' dir='ltr'><strong>λόγῳ</strong></span> <span class='ocrx_word' id='word_1_274' title='bbox 1507 1972 1772 2043; x_wconf 80' lang='grc' dir='ltr'><strong>διήγημα,</strong></span> <span class='ocrx_word' id='word_1_275' title='bbox 1792 1976 1859 2043; x_wconf 79' lang='grc' dir='ltr'><strong>τῇ</strong></span> 
     </span>
    </p>
   </div>
   <div class='ocr_carea' id='block_1_35' title="bbox 1860 1960 3537 2048">
    <p class='ocr_par' dir='ltr' id='par_1_35' title="bbox 1960 1973 3537 2048">
     <span class='ocr_line' id='line_1_35' title="bbox 1960 1973 3537 2048; baseline -0.005 -16"><span class='ocrx_word' id='word_1_276' title='bbox 1960 1976 2262 2048; x_wconf 82' lang='lat' dir='ltr'><strong>rumpunt?</strong></span> <span class='ocrx_word' id='word_1_277' title='bbox 2312 1976 2478 2047; x_wconf 89' lang='lat' dir='ltr'><strong>idque</strong></span> <span class='ocrx_word' id='word_1_278' title='bbox 2502 1992 2625 2030; x_wconf 90' lang='lat' dir='ltr'><strong>cum</strong></span> <span class='ocrx_word' id='word_1_279' title='bbox 2659 1990 2840 2044; x_wconf 90' lang='lat' dir='ltr'><strong>neque</strong></span> <span class='ocrx_word' id='word_1_280' title='bbox 2875 1974 3153 2028; x_wconf 65' lang='lat' dir='ltr'><strong>daemones</strong></span> <span class='ocrx_word' id='word_1_281' title='bbox 3180 1973 3404 2042; x_wconf 87' lang='lat' dir='ltr'><strong>ejicere,</strong></span> <span class='ocrx_word' id='word_1_282' title='bbox 3441 1986 3537 2024; x_wconf 88' lang='lat' dir='ltr'><strong>nc-</strong></span> 
     </span>
    </p>
   </div>
   <div class='ocr_carea' id='block_1_36' title="bbox 271 2051 1948 2142">
    <p class='ocr_par' dir='ltr' id='par_1_36' title="bbox 271 2051 1861 2138">
     <span class='ocr_line' id='line_1_36' title="bbox 271 2051 1861 2138; baseline 0.011 -35"><span class='ocrx_word' id='word_1_283' title='bbox 271 2051 529 2108; x_wconf 79' lang='grc' dir='ltr'><strong>ὑποθέσει</strong></span> <span class='ocrx_word' id='word_1_284' title='bbox 558 2056 696 2112; x_wconf 87' lang='grc' dir='ltr'><strong>πάνυ</strong></span> <span class='ocrx_word' id='word_1_285' title='bbox 720 2075 801 2113; x_wconf 90' lang='grc' dir='ltr'><strong>τοι</strong></span> <span class='ocrx_word' id='word_1_286' title='bbox 828 2061 1034 2135; x_wconf 83' lang='grc' dir='ltr'><strong>σφόδρα</strong></span> <span class='ocrx_word' id='word_1_287' title='bbox 1052 2064 1345 2133; x_wconf 84' lang='grc' dir='ltr'><strong>προσῆκον.</strong></span> <span class='ocrx_word' id='word_1_288' title='bbox 1362 2065 1447 2138; x_wconf 85' lang='grc' dir='ltr'><strong>[Ρ.</strong></span> <span class='ocrx_word' id='word_1_289' title='bbox 1469 2065 1595 2138; x_wconf 72' lang='grc'><strong>520]</strong></span> <span class='ocrx_word' id='word_1_290' title='bbox 1612 2067 1861 2133; x_wconf 77' lang='grc' dir='ltr'><strong>Ἀλέξαν-</strong></span> 
     </span>
    </p>
   </div>
   <div class='ocr_carea' id='block_1_37' title="bbox 1864 2051 3541 2142">
    <p class='ocr_par' dir='ltr' id='par_1_37' title="bbox 1960 2066 3541 2142">
     <span class='ocr_line' id='line_1_37' title="bbox 1960 2066 3541 2142; baseline -0.006 -17"><span class='ocrx_word' id='word_1_291' title='bbox 1960 2086 2069 2142; x_wconf 87' lang='lat' dir='ltr'><strong>que</strong></span> <span class='ocrx_word' id='word_1_292' title='bbox 2124 2085 2276 2124; x_wconf 89' lang='lat' dir='ltr'><strong>mare</strong></span> <span class='ocrx_word' id='word_1_293' title='bbox 2324 2066 2753 2133; x_wconf 88' lang='lat' dir='ltr'><strong>interscindere,</strong></span> <span class='ocrx_word' id='word_1_294' title='bbox 2803 2082 2905 2121; x_wconf 72' lang='lat' dir='ltr'><strong>nec</strong></span> <span class='ocrx_word' id='word_1_295' title='bbox 2968 2079 3236 2135; x_wconf 87' lang='lat' dir='ltr'><strong>aquarum</strong></span> <span class='ocrx_word' id='word_1_296' title='bbox 3270 2078 3460 2118; x_wconf 72' lang='lat' dir='ltr'><strong>animos</strong></span> <span class='ocrx_word' id='word_1_297' title='bbox 3511 2079 3541 2116; x_wconf 90' lang='lat' dir='ltr'><strong>c</strong></span> 
     </span>
    </p>
   </div>
   <div class='ocr_carea' id='block_1_38' title="bbox 268 2143 1945 2232">
    <p class='ocr_par' dir='ltr' id='par_1_38' title="bbox 268 2143 1863 2231">
     <span class='ocr_line' id='line_1_38' title="bbox 268 2143 1863 2231; baseline 0.009 -31"><span class='ocrx_word' id='word_1_298' title='bbox 268 2143 398 2214; x_wconf 82' lang='grc' dir='ltr'><strong>ὃρόν</strong></span> <span class='ocrx_word' id='word_1_299' title='bbox 431 2164 625 2216; x_wconf 87' lang='grc' dir='ltr'><strong>φασιν,</strong></span> <span class='ocrx_word' id='word_1_300' title='bbox 658 2154 864 2207; x_wconf 68' lang='grc' dir='ltr'><strong>ἐκεῖνον</strong></span> <span class='ocrx_word' id='word_1_301' title='bbox 917 2157 1011 2211; x_wconf 71' lang='grc' dir='ltr'><strong>τὸν</strong></span> <span class='ocrx_word' id='word_1_302' title='bbox 1056 2159 1374 2223; x_wconf 84' lang='grc' dir='ltr'><strong>Μακεδόνα,</strong></span> <span class='ocrx_word' id='word_1_303' title='bbox 1410 2162 1547 2231; x_wconf 80' lang='grc' dir='ltr'><strong>μετά</strong></span> <span class='ocrx_word' id='word_1_304' title='bbox 1577 2163 1665 2215; x_wconf 88' lang='grc' dir='ltr'><strong>τὸν</strong></span> <span class='ocrx_word' id='word_1_305' title='bbox 1697 2163 1863 2215; x_wconf 83' lang='grc' dir='ltr'><strong>πολὺν</strong></span> 
     </span>
    </p>
   </div>
   <div class='ocr_carea' id='block_1_39' title="bbox 1859 2143 3536 2232">
    <p class='ocr_par' dir='ltr' id='par_1_39' title="bbox 1859 2156 3536 2232">
     <span class='ocr_line' id='line_1_39' title="bbox 1859 2156 3536 2232; baseline -0.005 -15"><span class='ocrx_word' id='word_1_306' title='bbox 1859 2182 1863 2202; x_wconf 70' lang='grc' dir='ltr'><strong>ι</strong></span> <span class='ocrx_word' id='word_1_307' title='bbox 1961 2162 2191 2232; x_wconf 87' lang='lat' dir='ltr'><strong>rupibus</strong></span> <span class='ocrx_word' id='word_1_308' title='bbox 2224 2162 2417 2216; x_wconf 88' lang='lat' dir='ltr'><strong>elicere</strong></span> <span class='ocrx_word' id='word_1_309' title='bbox 2454 2161 2687 2230; x_wconf 87' lang='lat' dir='ltr'><strong>possint,</strong></span> <span class='ocrx_word' id='word_1_310' title='bbox 2740 2170 2799 2213; x_wconf 89' lang='lat' dir='ltr'><strong>ut</strong></span> <span class='ocrx_word' id='word_1_311' title='bbox 2830 2159 2948 2214; x_wconf 82' lang='lat' dir='ltr'><strong>istis</strong></span> <span class='ocrx_word' id='word_1_312' title='bbox 3000 2159 3194 2212; x_wconf 85' lang='lat' dir='ltr'><strong>saltem</strong></span> <span class='ocrx_word' id='word_1_313' title='bbox 3249 2156 3536 2211; x_wconf 90' lang='lat' dir='ltr'><strong>inductum</strong></span> 
     </span>
    </p>
   </div>
   <div class='ocr_carea' id='block_1_40' title="bbox 270 2239 1947 2327">
    <p class='ocr_par' dir='ltr' id='par_1_40' title="bbox 270 2239 1858 2327">
     <span class='ocr_line' id='line_1_40' title="bbox 270 2239 1858 2327; baseline 0.013 -37"><span class='ocrx_word' id='word_1_314' title='bbox 270 2239 481 2293; x_wconf 77' lang='grc' dir='ltr'><strong>ἐκείνον</strong></span> <span class='ocrx_word' id='word_1_315' title='bbox 509 2242 708 2313; x_wconf 81' lang='grc' dir='ltr'><strong>δρόμον</strong></span> <span class='ocrx_word' id='word_1_316' title='bbox 764 2247 862 2301; x_wconf 80' lang='grc' dir='ltr'><strong>καὶ</strong></span> <span class='ocrx_word' id='word_1_317' title='bbox 891 2249 957 2303; x_wconf 88' lang='grc' dir='ltr'><strong>τά</strong></span> <span class='ocrx_word' id='word_1_318' title='bbox 988 2252 1203 2321; x_wconf 79' lang='grc' dir='ltr'><strong>μεγάλα</strong></span> <span class='ocrx_word' id='word_1_319' title='bbox 1243 2258 1507 2325; x_wconf 83' lang='grc' dir='ltr'><strong>τρόπαια,</strong></span> <span class='ocrx_word' id='word_1_320' title='bbox 1542 2257 1858 2327; x_wconf 77' lang='grc' dir='ltr'><strong>ὲπειδήποτε</strong></span> 
     </span>
    </p>
   </div>
   <div class='ocr_carea' id='block_1_41' title="bbox 1863 2239 3540 2327">
    <p class='ocr_par' dir='ltr' id='par_1_41' title="bbox 1960 2253 3540 2326">
     <span class='ocr_line' id='line_1_41' title="bbox 1960 2253 3540 2326; baseline -0.006 -15"><span class='ocrx_word' id='word_1_321' title='bbox 1960 2256 2158 2326; x_wconf 84' lang='lat' dir='ltr'><strong>vulgus</strong></span> <span class='ocrx_word' id='word_1_322' title='bbox 2193 2256 2497 2311; x_wconf 81' lang='lat' dir='ltr'><strong>dedeceant</strong></span> <span class='ocrx_word' id='word_1_323' title='bbox 2540 2263 2705 2324; x_wconf 88' lang='lat' dir='ltr'><strong>atque</strong></span> <span class='ocrx_word' id='word_1_324' title='bbox 2736 2253 2875 2310; x_wconf 88' lang='lat' dir='ltr'><strong>adeo</strong></span> <span class='ocrx_word' id='word_1_325' title='bbox 2910 2255 2965 2309; x_wconf 91' lang='lat' dir='ltr'><strong>in</strong></span> <span class='ocrx_word' id='word_1_326' title='bbox 3012 2268 3139 2309; x_wconf 88' lang='lat' dir='ltr'><strong>suas</strong></span> <span class='ocrx_word' id='word_1_327' title='bbox 3192 2260 3379 2322; x_wconf 86' lang='lat' dir='ltr'><strong>partes</strong></span> <span class='ocrx_word' id='word_1_328' title='bbox 3428 2260 3540 2304; x_wconf 85' lang='lat' dir='ltr'><strong>tra—</strong></span> 
     </span>
    </p>
   </div>
   <div class='ocr_carea' id='block_1_42' title="bbox 271 2332 1948 2421">
    <p class='ocr_par' dir='ltr' id='par_1_42' title="bbox 271 2332 1858 2421">
     <span class='ocr_line' id='line_1_42' title="bbox 271 2332 1858 2421; baseline 0.021 -39"><span class='ocrx_word' id='word_1_329' title='bbox 271 2332 560 2405; x_wconf 76' lang='grc' dir='ltr'><strong>ῥᾳστώνης</strong></span> <span class='ocrx_word' id='word_1_330' title='bbox 580 2336 743 2395; x_wconf 80' lang='grc' dir='ltr'><strong>ἒνεκά</strong></span> <span class='ocrx_word' id='word_1_331' title='bbox 774 2359 921 2408; x_wconf 90' lang='grc' dir='ltr'><strong>τινος</strong></span> <span class='ocrx_word' id='word_1_332' title='bbox 944 2346 1035 2398; x_wconf 76' lang='grc' dir='ltr'><strong>καὶ</strong></span> <span class='ocrx_word' id='word_1_333' title='bbox 1058 2346 1327 2417; x_wconf 85' lang='grc' dir='ltr'><strong>θυμηδίας</strong></span> <span class='ocrx_word' id='word_1_334' title='bbox 1367 2349 1564 2413; x_wconf 74' lang='grc' dir='ltr'><strong>ἐπιϐὰς</strong></span> <span class='ocrx_word' id='word_1_335' title='bbox 1596 2352 1858 2421; x_wconf 78' lang='grc' dir='ltr'><strong>τριήρους</strong></span> 
     </span>
    </p>
   </div>
   <div class='ocr_carea' id='block_1_43' title="bbox 1863 2332 3540 2421">
    <p class='ocr_par' dir='ltr' id='par_1_43' title="bbox 1967 2342 3540 2419">
     <span class='ocr_line' id='line_1_43' title="bbox 1967 2342 3540 2419; baseline -0.004 -17"><span class='ocrx_word' id='word_1_336' title='bbox 1967 2350 2120 2403; x_wconf 90' lang='lat' dir='ltr'><strong>hant.</strong></span> <span class='ocrx_word' id='word_1_337' title='bbox 2159 2348 2273 2419; x_wconf 84' lang='lat' dir='ltr'><strong>Ego</strong></span> <span class='ocrx_word' id='word_1_338' title='bbox 2332 2364 2465 2403; x_wconf 91' lang='lat' dir='ltr'><strong>vero</strong></span> <span class='ocrx_word' id='word_1_339' title='bbox 2520 2362 2643 2417; x_wconf 65' lang='lat' dir='ltr'><strong>qua:</strong></span> <span class='ocrx_word' id='word_1_340' title='bbox 2704 2347 2861 2402; x_wconf 89' lang='lat' dir='ltr'><strong>utilia</strong></span> <span class='ocrx_word' id='word_1_341' title='bbox 2917 2362 3039 2402; x_wconf 85' lang='lat' dir='ltr'><strong>esse</strong></span> <span class='ocrx_word' id='word_1_342' title='bbox 3080 2344 3346 2417; x_wconf 75' lang='lat' dir='ltr'><strong>iudicavi,</strong></span> <span class='ocrx_word' id='word_1_343' title='bbox 3378 2360 3441 2397; x_wconf 89' lang='lat' dir='ltr'><strong>ea</strong></span> <span class='ocrx_word' id='word_1_344' title='bbox 3486 2342 3540 2396; x_wconf 90' lang='lat' dir='ltr'><strong>in</strong></span> 
     </span>
    </p>
   </div>
   <div class='ocr_carea' id='block_1_44' title="bbox 270 2423 1947 2515">
    <p class='ocr_par' dir='ltr' id='par_1_44' title="bbox 270 2423 1856 2515">
     <span class='ocr_line' id='line_1_44' title="bbox 270 2423 1856 2515; baseline 0.014 -40"><span class='ocrx_word' id='word_1_345' title='bbox 270 2423 425 2480; x_wconf 70' lang='grc' dir='ltr'><strong>ἔπλει</strong></span> <span class='ocrx_word' id='word_1_346' title='bbox 458 2435 812 2502; x_wconf 85' lang='grc' dir='ltr'><strong>περισκοπῶν</strong></span> <span class='ocrx_word' id='word_1_347' title='bbox 838 2438 933 2491; x_wconf 80' lang='grc' dir='ltr'><strong>καὶ</strong></span> <span class='ocrx_word' id='word_1_348' title='bbox 962 2440 1207 2510; x_wconf 84' lang='grc' dir='ltr'><strong>ποταμὸν</strong></span> <span class='ocrx_word' id='word_1_349' title='bbox 1233 2442 1327 2495; x_wconf 86' lang='grc' dir='ltr'><strong>τδν</strong></span> <span class='ocrx_word' id='word_1_350' title='bbox 1353 2444 1670 2515; x_wconf 70' lang='grc' dir='ltr'><strong>Εὐφράτην,</strong></span> <span class='ocrx_word' id='word_1_351' title='bbox 1700 2445 1856 2497; x_wconf 70' lang='grc' dir='ltr'><strong>ἐκπί-</strong></span> 
     </span>
    </p>
   </div>
   <div class='ocr_carea' id='block_1_45' title="bbox 1867 2423 3544 2515">
    <p class='ocr_par' dir='ltr' id='par_1_45' title="bbox 1964 2434 3544 2510">
     <span class='ocr_line' id='line_1_45' title="bbox 1964 2434 3544 2510; baseline -0.005 -16"><span class='ocrx_word' id='word_1_352' title='bbox 1964 2441 2204 2495; x_wconf 91' lang='lat' dir='ltr'><strong>medium</strong></span> <span class='ocrx_word' id='word_1_353' title='bbox 2242 2439 2571 2510; x_wconf 80' lang='lat' dir='ltr'><strong>proferenda</strong></span> <span class='ocrx_word' id='word_1_354' title='bbox 2598 2454 2717 2493; x_wconf 84' lang='lat' dir='ltr'><strong>esse</strong></span> <span class='ocrx_word' id='word_1_355' title='bbox 2764 2438 2978 2493; x_wconf 88' lang='lat' dir='ltr'><strong>censui.</strong></span> <span class='ocrx_word' id='word_1_356' title='bbox 3020 2436 3151 2503; x_wconf 67' lang='lat' dir='ltr'><strong>Quae</strong></span> <span class='ocrx_word' id='word_1_357' title='bbox 3201 2436 3244 2490; x_wconf 93' lang='lat' dir='ltr'><strong>si</strong></span> <span class='ocrx_word' id='word_1_358' title='bbox 3274 2434 3544 2489; x_wconf 86' lang='lat' dir='ltr'><strong>auditori—</strong></span> 
     </span>
    </p>
   </div>
   <div class='ocr_carea' id='block_1_46' title="bbox 272 2521 1949 2611">
    <p class='ocr_par' dir='ltr' id='par_1_46' title="bbox 272 2521 1859 2611">
     <span class='ocr_line' id='line_1_46' title="bbox 272 2521 1859 2611; baseline 0.018 -43"><span class='ocrx_word' id='word_1_359' title='bbox 272 2533 401 2571; x_wconf 83' lang='grc' dir='ltr'><strong>πτει</strong></span> <span class='ocrx_word' id='word_1_360' title='bbox 429 2521 529 2591; x_wconf 86' lang='grc' dir='ltr'><strong>τῆς</strong></span> <span class='ocrx_word' id='word_1_361' title='bbox 558 2525 725 2580; x_wconf 79' lang='grc' dir='ltr'><strong>αὑτοῦ</strong></span> <span class='ocrx_word' id='word_1_362' title='bbox 755 2530 1021 2611; x_wconf 81' lang='grc' dir='ltr'><strong>κεφαλῆς,</strong></span> <span class='ocrx_word' id='word_1_363' title='bbox 1051 2534 1266 2603; x_wconf 70' lang='grc' dir='ltr'><strong>συμϐὰν</strong></span> <span class='ocrx_word' id='word_1_364' title='bbox 1292 2536 1492 2589; x_wconf 80' lang='grc' dir='ltr'><strong>οὑτωσί</strong></span> <span class='ocrx_word' id='word_1_365' title='bbox 1526 2554 1665 2600; x_wconf 89' lang='grc' dir='ltr'><strong>πως,</strong></span> <span class='ocrx_word' id='word_1_366' title='bbox 1693 2539 1723 2605; x_wconf 80' lang='grc' dir='ltr'>ἡ</span> <span class='ocrx_word' id='word_1_367' title='bbox 1761 2537 1859 2608; x_wconf 70' lang='grc' dir='ltr'><strong>βι-</strong></span> 
     </span>
    </p>
   </div>
   <div class='ocr_carea' id='block_1_47' title="bbox 1864 2521 3541 2611">
    <p class='ocr_par' dir='ltr' id='par_1_47' title="bbox 1966 2527 3541 2604">
     <span class='ocr_line' id='line_1_47' title="bbox 1966 2527 3541 2604; baseline -0.006 -14"><span class='ocrx_word' id='word_1_368' title='bbox 1966 2534 2069 2590; x_wconf 86' lang='lat' dir='ltr'><strong>bus</strong></span> <span class='ocrx_word' id='word_1_369' title='bbox 2104 2534 2266 2604; x_wconf 86' lang='lat' dir='ltr'><strong>digna</strong></span> <span class='ocrx_word' id='word_1_370' title='bbox 2303 2532 2495 2587; x_wconf 89' lang='lat' dir='ltr'><strong>auditu</strong></span> <span class='ocrx_word' id='word_1_371' title='bbox 2546 2532 2661 2587; x_wconf 85' lang='lat' dir='ltr'><strong>visa</strong></span> <span class='ocrx_word' id='word_1_372' title='bbox 2711 2540 2863 2594; x_wconf 90' lang='lat' dir='ltr'><strong>sunt,</strong></span> <span class='ocrx_word' id='word_1_373' title='bbox 2896 2528 3007 2583; x_wconf 85' lang='lat' dir='ltr'><strong>Deo</strong></span> <span class='ocrx_word' id='word_1_374' title='bbox 3057 2528 3297 2596; x_wconf 73' lang='lat' dir='ltr'><strong>accepta]</strong></span> <span class='ocrx_word' id='word_1_375' title='bbox 3326 2527 3505 2580; x_wconf 75' lang='lat' dir='ltr'><strong>rel‘ero</strong></span> <span class='ocrx_word' id='word_1_376' title='bbox 3528 2566 3541 2587; x_wconf 90' lang='lat'><strong><em>.</em></strong></span> 
     </span>
    </p>
   </div>
   <div class='ocr_carea' id='block_1_48' title="bbox 272 2610 1949 2702">
    <p class='ocr_par' dir='ltr' id='par_1_48' title="bbox 272 2610 1859 2702">
     <span class='ocr_line' id='line_1_48' title="bbox 272 2610 1859 2702; baseline 0.014 -38"><span class='ocrx_word' id='word_1_377' title='bbox 272 2613 457 2687; x_wconf 76' lang='grc' dir='ltr'><strong>σιλικὴ</strong></span> <span class='ocrx_word' id='word_1_378' title='bbox 484 2610 777 2690; x_wconf 14' lang='grc' dir='ltr'><strong>καλύπτραν</strong></span> <span class='ocrx_word' id='word_1_379' title='bbox 803 2625 933 2694; x_wconf 81' lang='grc' dir='ltr'><strong>περὶ</strong></span> <span class='ocrx_word' id='word_1_380' title='bbox 967 2626 1133 2694; x_wconf 81' lang='grc' dir='ltr'><strong>μέσον</strong></span> <span class='ocrx_word' id='word_1_381' title='bbox 1158 2630 1253 2681; x_wconf 75' lang='grc' dir='ltr'><strong>τὸν</strong></span> <span class='ocrx_word' id='word_1_382' title='bbox 1285 2630 1532 2700; x_wconf 86' lang='grc' dir='ltr'><strong>ποταμόν</strong></span> <span class='ocrx_word' id='word_1_383' title='bbox 1558 2647 1571 2660; x_wconf 84' lang='grc'><em>’</em></span> <span class='ocrx_word' id='word_1_384' title='bbox 1605 2633 1671 2702; x_wconf 81' lang='grc' dir='ltr'><strong>ήν</strong></span> <span class='ocrx_word' id='word_1_385' title='bbox 1701 2631 1859 2701; x_wconf 80' lang='grc' dir='ltr'><strong>τάχι-</strong></span> 
     </span>
    </p>
   </div>
   <div class='ocr_carea' id='block_1_49' title="bbox 1868 2610 3545 2702">
    <p class='ocr_par' dir='ltr' id='par_1_49' title="bbox 1965 2610 3545 2699">
     <span class='ocr_line' id='line_1_49' title="bbox 1965 2610 3545 2699; baseline -0.009 -15"><span class='ocrx_word' id='word_1_386' title='bbox 1965 2631 2079 2699; x_wconf 86' lang='lat' dir='ltr'><strong>qni,</strong></span> <span class='ocrx_word' id='word_1_387' title='bbox 2106 2627 2375 2699; x_wconf 82' lang='lat' dir='ltr'><strong>quidquid</strong></span> <span class='ocrx_word' id='word_1_388' title='bbox 2404 2626 2715 2697; x_wconf 88' lang='lat' dir='ltr'><strong>pulchrum,</strong></span> <span class='ocrx_word' id='word_1_389' title='bbox 2748 2624 3004 2694; x_wconf 79' lang='lat' dir='ltr'><strong>largitur.</strong></span> <span class='ocrx_word' id='word_1_390' title='bbox 3037 2620 3133 2676; x_wconf 87' lang='lat' dir='ltr'><strong>Sin</strong></span> <span class='ocrx_word' id='word_1_391' title='bbox 3157 2610 3358 2680; x_wconf 76' lang='lat' dir='ltr'><strong>minus,</strong></span> <span class='ocrx_word' id='word_1_392' title='bbox 3382 2618 3545 2688; x_wconf 72' lang='lat'><strong>520</strong></span> 
     </span>
    </p>
   </div>
   <div class='ocr_carea' id='block_1_50' title="bbox 272 2706 1949 2794">
    <p class='ocr_par' dir='ltr' id='par_1_50' title="bbox 272 2706 1857 2794">
     <span class='ocr_line' id='line_1_50' title="bbox 272 2706 1857 2794; baseline 0.011 -36"><span class='ocrx_word' id='word_1_393' title='bbox 272 2706 377 2759; x_wconf 82' lang='grc' dir='ltr'><strong>στά</strong></span> <span class='ocrx_word' id='word_1_394' title='bbox 402 2725 487 2771; x_wconf 90' lang='grc' dir='ltr'><strong>τις</strong></span> <span class='ocrx_word' id='word_1_395' title='bbox 510 2709 616 2764; x_wconf 86' lang='grc' dir='ltr'><strong>τῶν</strong></span> <span class='ocrx_word' id='word_1_396' title='bbox 638 2715 849 2769; x_wconf 83' lang='grc' dir='ltr'><strong>ναυτῶν</strong></span> <span class='ocrx_word' id='word_1_397' title='bbox 872 2718 1087 2790; x_wconf 79' lang='grc' dir='ltr'><strong>εἰλήφει</strong></span> <span class='ocrx_word' id='word_1_398' title='bbox 1111 2720 1505 2793; x_wconf 70' lang='grc' dir='ltr'><strong>διανηξάμενος</strong></span> <span class='ocrx_word' id='word_1_399' title='bbox 1528 2742 1545 2758; x_wconf 90' lang='grc'><strong>·</strong></span> <span class='ocrx_word' id='word_1_400' title='bbox 1568 2724 1661 2777; x_wconf 59' lang='grc' dir='ltr'><strong>κοιλ¹</strong></span> <span class='ocrx_word' id='word_1_401' title='bbox 1686 2724 1857 2794; x_wconf 79' lang='grc' dir='ltr'><strong>αὐτὴν</strong></span> 
     </span>
    </p>
   </div>
   <div class='ocr_carea' id='block_1_51' title="bbox 1088 2706 2765 2794">
    <p class='ocr_par' dir='ltr' id='par_1_51' title="bbox 1111 2718 2765 2794">
     <span class='ocr_line' id='line_1_51' title="bbox 1111 2718 2765 2794; baseline -0.002 -21"><span class='ocrx_word' id='word_1_402' title='bbox 1111 2720 1505 2793; x_wconf 70' lang='grc' dir='ltr'><strong>διανηξάμενος</strong></span> <span class='ocrx_word' id='word_1_403' title='bbox 1528 2742 1545 2758; x_wconf 89' lang='grc'><strong>·</strong></span> <span class='ocrx_word' id='word_1_404' title='bbox 1568 2724 1661 2777; x_wconf 63' lang='lat' dir='ltr'><strong>sui.</strong></span> <span class='ocrx_word' id='word_1_405' title='bbox 1686 2724 1857 2794; x_wconf 79' lang='grc' dir='ltr'><strong>αὐτὴν</strong></span> <span class='ocrx_word' id='word_1_406' title='bbox 1964 2720 2261 2793; x_wconf 67' lang='lat' dir='ltr'><strong>quaerenda</strong></span> <span class='ocrx_word' id='word_1_407' title='bbox 2292 2728 2422 2773; x_wconf 86' lang='lat' dir='ltr'><strong>sunt</strong></span> <span class='ocrx_word' id='word_1_408' title='bbox 2454 2718 2705 2772; x_wconf 84' lang='lat' dir='ltr'><strong>meliora.</strong></span> <span class='ocrx_word' id='word_1_409' title='bbox 2746 2736 2765 2769; x_wconf 74' lang='grc' dir='ltr'><strong>ι</strong></span> 
     </span>
    </p>
   </div>
   <div class='ocr_carea' id='block_1_52' title="bbox 272 2804 3546 2891">
    <p class='ocr_par' dir='ltr' id='par_1_52' title="bbox 272 2804 3546 2891">
     <span class='ocr_line' id='line_1_52' title="bbox 272 2804 3546 2891; baseline -0.002 -23"><span class='ocrx_word' id='word_1_410' title='bbox 272 2804 376 2868; x_wconf 65' lang='grc' dir='ltr'><strong>μὲν</strong></span> <span class='ocrx_word' id='word_1_411' title='bbox 406 2806 474 2874; x_wconf 76' lang='grc' dir='ltr'><strong>τῇ</strong></span> <span class='ocrx_word' id='word_1_412' title='bbox 510 2808 651 2877; x_wconf 79' lang='grc' dir='ltr'><strong>χειρὶ</strong></span> <span class='ocrx_word' id='word_1_413' title='bbox 686 2808 975 2879; x_wconf 76' lang='grc' dir='ltr'><strong>βαστάζειν</strong></span> <span class='ocrx_word' id='word_1_414' title='bbox 1008 2816 1124 2887; x_wconf 78' lang='grc' dir='ltr'><strong>ἅμα</strong></span> <span class='ocrx_word' id='word_1_415' title='bbox 1158 2818 1252 2871; x_wconf 76' lang='grc' dir='ltr'><strong>καὶ</strong></span> <span class='ocrx_word' id='word_1_416' title='bbox 1286 2820 1541 2890; x_wconf 83' lang='grc' dir='ltr'><strong>νήχεσθαι</strong></span> <span class='ocrx_word' id='word_1_417' title='bbox 1581 2822 1654 2891; x_wconf 78' lang='grc' dir='ltr'><strong>μή</strong></span> <span class='ocrx_word' id='word_1_418' title='bbox 1691 2820 1851 2891; x_wconf 74' lang='grc' dir='ltr'><strong>ἔχων,</strong></span> <span class='ocrx_word' id='word_1_419' title='bbox 1892 2824 1958 2891; x_wconf 72' lang='grc' dir='ltr'><strong>τῇ</strong></span> <span class='ocrx_word' id='word_1_420' title='bbox 1996 2819 2192 2873; x_wconf 81' lang='grc' dir='ltr'><strong>ἑαυτοῦ</strong></span> <span class='ocrx_word' id='word_1_421' title='bbox 2226 2817 2437 2888; x_wconf 81' lang='grc' dir='ltr'><strong>κεφαλῇ</strong></span> <span class='ocrx_word' id='word_1_422' title='bbox 2505 2815 2752 2883; x_wconf 79' lang='grc' dir='ltr'><strong>περιθεὶς</strong></span> <span class='ocrx_word' id='word_1_423' title='bbox 2816 2812 3107 2883; x_wconf 73' lang='grc' dir='ltr'><strong>ἐξενήξατο</strong></span> <span class='ocrx_word' id='word_1_424' title='bbox 3140 2812 3382 2883; x_wconf 74' lang='grc' dir='ltr'><strong>κομίζων</strong></span> <span class='ocrx_word' id='word_1_425' title='bbox 3412 2810 3546 2863; x_wconf 69' lang='lat' dir='ltr'><strong>ratii-</strong></span> 
     </span>
    </p>
   </div>
   <div class='ocr_carea' id='block_1_53' title="bbox 268 2899 3549 2983">
    <p class='ocr_par' dir='ltr' id='par_1_53' title="bbox 268 2899 3549 2983">
     <span class='ocr_line' id='line_1_53' title="bbox 268 2899 3549 2983; baseline -0.003 -17"><span class='ocrx_word' id='word_1_426' title='bbox 268 2912 372 2966; x_wconf 80' lang='grc' dir='ltr'><strong>την</strong></span> <span class='ocrx_word' id='word_1_427' title='bbox 398 2899 476 2969; x_wconf 82' lang='grc' dir='ltr'><strong>τῷ</strong></span> <span class='ocrx_word' id='word_1_428' title='bbox 507 2899 751 2969; x_wconf 80' lang='grc' dir='ltr'><strong>βασιλεῖ·</strong></span> <span class='ocrx_word' id='word_1_429' title='bbox 784 2909 810 2960; x_wconf 88' lang='grc' dir='ltr'>ὅ</span> <span class='ocrx_word' id='word_1_430' title='bbox 842 2927 903 2977; x_wconf 85' lang='grc' dir='ltr'><strong>γε</strong></span> <span class='ocrx_word' id='word_1_431' title='bbox 940 2911 1047 2982; x_wconf 79' lang='grc' dir='ltr'><strong>μὴν</strong></span> <span class='ocrx_word' id='word_1_432' title='bbox 1073 2911 1325 2981; x_wconf 81' lang='grc' dir='ltr'><strong>βασιλεὺς</strong></span> <span class='ocrx_word' id='word_1_433' title='bbox 1353 2913 1490 2983; x_wconf 75' lang='lat'><strong>(99.),</strong></span> <span class='ocrx_word' id='word_1_434' title='bbox 1520 2914 1603 2965; x_wconf 87' lang='grc' dir='ltr'><strong>ὅτι</strong></span> <span class='ocrx_word' id='word_1_435' title='bbox 1632 2913 1729 2982; x_wconf 78' lang='grc' dir='ltr'><strong>μὲν</strong></span> <span class='ocrx_word' id='word_1_436' title='bbox 1755 2913 1853 2983; x_wconf 83' lang='grc' dir='ltr'><strong>τὴν</strong></span> <span class='ocrx_word' id='word_1_437' title='bbox 1894 2912 2164 2982; x_wconf 55' lang='grc' dir='ltr'><strong>βασίλειον</strong></span> <span class='ocrx_word' id='word_1_438' title='bbox 2191 2908 2511 2978; x_wconf 80' lang='grc' dir='ltr'><strong>καλύπτραν</strong></span> <span class='ocrx_word' id='word_1_439' title='bbox 2573 2906 2723 2975; x_wconf 84' lang='grc' dir='ltr'><strong>αὑτῷ</strong></span> <span class='ocrx_word' id='word_1_440' title='bbox 2783 2905 3101 2970; x_wconf 84' lang='grc' dir='ltr'><strong>διεσώσατο,</strong></span> <span class='ocrx_word' id='word_1_441' title='bbox 3127 2904 3391 2959; x_wconf 80' lang='grc' dir='ltr'><strong>τάλαντον</strong></span> <span class='ocrx_word' id='word_1_442' title='bbox 3415 2906 3549 2957; x_wconf 76' lang='grc' dir='ltr'><strong>ἐδω-</strong></span> 
     </span>
    </p>
   </div>
   <div class='ocr_carea' id='block_1_54' title="bbox 272 2991 3546 3077">
    <p class='ocr_par' dir='ltr' id='par_1_54' title="bbox 272 2991 3546 3077">
     <span class='ocr_line' id='line_1_54' title="bbox 272 2991 3546 3077; baseline 0.002 -35"><span class='ocrx_word' id='word_1_443' title='bbox 272 2991 517 3061; x_wconf 68' lang='grc' dir='ltr'><strong>ρήσατο’</strong></span> <span class='ocrx_word' id='word_1_444' title='bbox 546 2995 629 3049; x_wconf 84' lang='grc' dir='ltr'><strong>ὃτι</strong></span> <span class='ocrx_word' id='word_1_445' title='bbox 658 2998 704 3052; x_wconf 86' lang='grc' dir='ltr'><strong>δ’</strong></span> <span class='ocrx_word' id='word_1_446' title='bbox 725 3002 896 3072; x_wconf 63' lang='grc' dir='ltr'><strong>αὐτὴν</strong></span> <span class='ocrx_word' id='word_1_447' title='bbox 926 3005 1164 3071; x_wconf 83' lang='grc' dir='ltr'><strong>ἀναξίως</strong></span> <span class='ocrx_word' id='word_1_448' title='bbox 1186 3010 1252 3077; x_wconf 79' lang='grc' dir='ltr'><strong>τῇ</strong></span> <span class='ocrx_word' id='word_1_449' title='bbox 1284 3006 1478 3060; x_wconf 82' lang='grc' dir='ltr'><strong>ἑαυτοῦ</strong></span> <span class='ocrx_word' id='word_1_450' title='bbox 1509 3008 1720 3075; x_wconf 81' lang='grc' dir='ltr'><strong>κεφαλῇ</strong></span> <span class='ocrx_word' id='word_1_451' title='bbox 1754 3006 2107 3076; x_wconf 78' lang='grc' dir='ltr'><strong>περιέθηκεν,</strong></span> <span class='ocrx_word' id='word_1_452' title='bbox 2175 3003 2493 3073; x_wconf 82' lang='grc' dir='ltr'><strong>ἀφαιρεῖται</strong></span> <span class='ocrx_word' id='word_1_453' title='bbox 2557 3000 2661 3069; x_wconf 82' lang='grc' dir='ltr'><strong>τῆς</strong></span> <span class='ocrx_word' id='word_1_454' title='bbox 2725 2999 2971 3068; x_wconf 82' lang='grc' dir='ltr'><strong>κεφαλῆς</strong></span> <span class='ocrx_word' id='word_1_455' title='bbox 3024 2998 3114 3050; x_wconf 72' lang='grc' dir='ltr'><strong>τὸν</strong></span> <span class='ocrx_word' id='word_1_456' title='bbox 3144 2996 3454 3066; x_wconf 79' lang='grc' dir='ltr'><strong>ἄνθρωπον.</strong></span> <span class='ocrx_word' id='word_1_457' title='bbox 3487 3001 3546 3050; x_wconf 74' lang='lat' dir='ltr'><strong>Ei</strong></span> 
     </span>
    </p>
   </div>
   <div class='ocr_carea' id='block_1_55' title="bbox 268 3082 3545 3172">
    <p class='ocr_par' dir='ltr' id='par_1_55' title="bbox 268 3082 3545 3172">
     <span class='ocr_line' id='line_1_55' title="bbox 268 3082 3545 3172; baseline 0.003 -37"><span class='ocrx_word' id='word_1_458' title='bbox 268 3082 317 3136; x_wconf 75' lang='grc' dir='ltr'><strong>δ’</strong></span> <span class='ocrx_word' id='word_1_459' title='bbox 344 3084 633 3157; x_wconf 73' lang='grc' dir='ltr'><strong>ἄνθρωπος</strong></span> <span class='ocrx_word' id='word_1_460' title='bbox 661 3094 948 3165; x_wconf 81' lang='grc' dir='ltr'><strong>ἄνθρωπον</strong></span> <span class='ocrx_word' id='word_1_461' title='bbox 974 3099 1074 3152; x_wconf 81' lang='grc' dir='ltr'><strong>οὐκ</strong></span> <span class='ocrx_word' id='word_1_462' title='bbox 1140 3101 1405 3172; x_wconf 81' lang='grc' dir='ltr'><strong>ἠνέσχετο</strong></span> <span class='ocrx_word' id='word_1_463' title='bbox 1470 3101 1569 3172; x_wconf 77' lang='grc' dir='ltr'><strong>τὴν</strong></span> <span class='ocrx_word' id='word_1_464' title='bbox 1638 3100 1808 3169; x_wconf 73' lang='grc' dir='ltr'><strong>αὐτὴν</strong></span> <span class='ocrx_word' id='word_1_465' title='bbox 1840 3100 2019 3170; x_wconf 77' lang='grc' dir='ltr'><strong>ἑαυτῷ</strong></span> <span class='ocrx_word' id='word_1_466' title='bbox 2061 3097 2352 3169; x_wconf 87' lang='grc' dir='ltr'><strong>περιθέντα</strong></span> <span class='ocrx_word' id='word_1_467' title='bbox 2392 3095 2713 3166; x_wconf 77' lang='grc' dir='ltr'><strong>καλύπτραν</strong></span> <span class='ocrx_word' id='word_1_468' title='bbox 2776 3093 2953 3157; x_wconf 78' lang='grc' dir='ltr'><strong>ζῶντα</strong></span> <span class='ocrx_word' id='word_1_469' title='bbox 2996 3091 3215 3162; x_wconf 83' lang='grc' dir='ltr'><strong>βλέπειν</strong></span> <span class='ocrx_word' id='word_1_470' title='bbox 3255 3094 3412 3145; x_wconf 77' lang='grc' dir='ltr'><strong>ἐᾶσαι</strong></span> <span class='ocrx_word' id='word_1_471' title='bbox 3450 3093 3545 3146; x_wconf 79' lang='grc' dir='ltr'><strong>τοῦ</strong></span> 
     </span>
    </p>
   </div>
   <div class='ocr_carea' id='block_1_56' title="bbox 270 3177 3551 3265">
    <p class='ocr_par' dir='ltr' id='par_1_56' title="bbox 270 3177 3551 3265">
     <span class='ocr_line' id='line_1_56' title="bbox 270 3177 3551 3265; baseline 0.002 -36"><span class='ocrx_word' id='word_1_472' title='bbox 270 3177 465 3233; x_wconf 76' lang='grc' dir='ltr'><strong>ὶοιποῢ</strong></span> <span class='ocrx_word' id='word_1_473' title='bbox 500 3181 595 3253; x_wconf 82' lang='grc' dir='ltr'><strong>τὴν</strong></span> <span class='ocrx_word' id='word_1_474' title='bbox 629 3186 696 3239; x_wconf 86' lang='grc' dir='ltr'><strong>τά</strong></span> <span class='ocrx_word' id='word_1_475' title='bbox 731 3189 903 3242; x_wconf 80' lang='grc' dir='ltr'><strong>πάντα</strong></span> <span class='ocrx_word' id='word_1_476' title='bbox 942 3192 1243 3260; x_wconf 82' lang='grc' dir='ltr'><strong>βόσκουσαν</strong></span> <span class='ocrx_word' id='word_1_477' title='bbox 1278 3194 1526 3264; x_wconf 76' lang='grc' dir='ltr'><strong>αἰθερίαν</strong></span> <span class='ocrx_word' id='word_1_478' title='bbox 1562 3194 1853 3265; x_wconf 69' lang='grc' dir='ltr'><strong>λαμπάδα,</strong></span> <span class='ocrx_word' id='word_1_479' title='bbox 1894 3194 1945 3245; x_wconf 83' lang='grc' dir='ltr'><strong>τί</strong></span> <span class='ocrx_word' id='word_1_480' title='bbox 1979 3194 2226 3262; x_wconf 77' lang='grc' dir='ltr'><strong>φήσομεν</strong></span> <span class='ocrx_word' id='word_1_481' title='bbox 2256 3190 2385 3259; x_wconf 83' lang='grc' dir='ltr'><strong>περὶ</strong></span> <span class='ocrx_word' id='word_1_482' title='bbox 2448 3187 2558 3241; x_wconf 89' lang='grc' dir='ltr'><strong>τῶν</strong></span> <span class='ocrx_word' id='word_1_483' title='bbox 2623 3186 2793 3248; x_wconf 82' lang='grc' dir='ltr'><strong>ἀδεῶς</strong></span> <span class='ocrx_word' id='word_1_484' title='bbox 2824 3184 3025 3238; x_wconf 59' lang='grc' dir='ltr'><strong>οὑτωσὶ⁵</strong></span> <span class='ocrx_word' id='word_1_485' title='bbox 3052 3187 3118 3255; x_wconf 83' lang='grc' dir='ltr'><strong>τῇ</strong></span> <span class='ocrx_word' id='word_1_486' title='bbox 3154 3184 3401 3256; x_wconf 78' lang='grc' dir='ltr'><strong>θεολογίᾳ</strong></span> <span class='ocrx_word' id='word_1_487' title='bbox 3431 3186 3551 3237; x_wconf 80' lang='grc' dir='ltr'><strong>ἐπι-</strong></span> 
     </span>
    </p>
   </div>
   <div class='ocr_carea' id='block_1_57' title="bbox 273 3272 3550 3357">
    <p class='ocr_par' dir='ltr' id='par_1_57' title="bbox 273 3272 3550 3357">
     <span class='ocr_line' id='line_1_57' title="bbox 273 3272 3550 3357; baseline 0.003 -33"><span class='ocrx_word' id='word_1_488' title='bbox 273 3272 574 3341; x_wconf 76' lang='grc' dir='ltr'><strong>πηδώντων</strong></span> <span class='ocrx_word' id='word_1_489' title='bbox 604 3279 695 3333; x_wconf 77' lang='grc' dir='ltr'><strong>καὶ</strong></span> <span class='ocrx_word' id='word_1_490' title='bbox 726 3280 903 3335; x_wconf 81' lang='grc' dir='ltr'><strong>ταῦτα</strong></span> <span class='ocrx_word' id='word_1_491' title='bbox 934 3286 1073 3353; x_wconf 90' lang='grc' dir='ltr'><strong>μήτε</strong></span> <span class='ocrx_word' id='word_1_492' title='bbox 1109 3285 1375 3356; x_wconf 86' lang='grc' dir='ltr'><strong>δαίμονας</strong></span> <span class='ocrx_word' id='word_1_493' title='bbox 1410 3288 1723 3357; x_wconf 79' lang='grc' dir='ltr'><strong>δυναμένων</strong></span> <span class='ocrx_word' id='word_1_494' title='bbox 1755 3284 2064 3352; x_wconf 79' lang='grc' dir='ltr'><strong>ἐκϐάλλειν,</strong></span> <span class='ocrx_word' id='word_1_495' title='bbox 2122 3285 2260 3355; x_wconf 85' lang='grc' dir='ltr'><strong>μήτε</strong></span> <span class='ocrx_word' id='word_1_496' title='bbox 2323 3282 2597 3335; x_wconf 81' lang='grc' dir='ltr'><strong>θάλασσαν</strong></span> <span class='ocrx_word' id='word_1_497' title='bbox 2655 3278 2896 3349; x_wconf 80' lang='grc' dir='ltr'><strong>τέμνειν,</strong></span> <span class='ocrx_word' id='word_1_498' title='bbox 2923 3277 3060 3348; x_wconf 90' lang='grc' dir='ltr'><strong>μήτε</strong></span> <span class='ocrx_word' id='word_1_499' title='bbox 3119 3280 3398 3346; x_wconf 78' lang='grc' dir='ltr'><strong>ποταμοὺς</strong></span> <span class='ocrx_word' id='word_1_500' title='bbox 3423 3280 3550 3334; x_wconf 69' lang='grc' dir='ltr'><strong>ὑδά-</strong></span> 
     </span>
    </p>
   </div>
   <div class='ocr_carea' id='block_1_58' title="bbox 274 3372 3551 3454">
    <p class='ocr_par' dir='ltr' id='par_1_58' title="bbox 274 3372 3551 3454">
     <span class='ocr_line' id='line_1_58' title="bbox 274 3372 3551 3454; baseline 0.001 -31"><span class='ocrx_word' id='word_1_501' title='bbox 274 3382 386 3418; x_wconf 77' lang='grc' dir='ltr'><strong>των</strong></span> <span class='ocrx_word' id='word_1_502' title='bbox 414 3372 859 3440; x_wconf 75' lang='grc' dir='ltr'><strong>παρασκευάζειν</strong></span> <span class='ocrx_word' id='word_1_503' title='bbox 882 3377 1165 3442; x_wconf 79' lang='grc' dir='ltr'><strong>ὲκϐλύζειν</strong></span> <span class='ocrx_word' id='word_1_504' title='bbox 1193 3384 1255 3435; x_wconf 84' lang='grc' dir='ltr'><strong>ὲκ</strong></span> <span class='ocrx_word' id='word_1_505' title='bbox 1281 3383 1509 3454; x_wconf 79' lang='grc' dir='ltr'><strong>πέτρας,</strong></span> <span class='ocrx_word' id='word_1_506' title='bbox 1536 3382 1621 3435; x_wconf 82' lang='grc' dir='ltr'><strong>ἵνα</strong></span> <span class='ocrx_word' id='word_1_507' title='bbox 1647 3380 1858 3443; x_wconf 77' lang='grc' dir='ltr'><strong>τούτοις</strong></span> <span class='ocrx_word' id='word_1_508' title='bbox 1900 3379 2029 3447; x_wconf 81' lang='grc' dir='ltr'><strong>γοῦν</strong></span> <span class='ocrx_word' id='word_1_509' title='bbox 2060 3378 2432 3449; x_wconf 86' lang='grc' dir='ltr'><strong>μεταπείσωσι</strong></span> <span class='ocrx_word' id='word_1_510' title='bbox 2458 3376 2583 3439; x_wconf 80' lang='grc' dir='ltr'><strong>τοὺς</strong></span> <span class='ocrx_word' id='word_1_511' title='bbox 2645 3373 2874 3436; x_wconf 79' lang='grc' dir='ltr'><strong>πολλοὺς</strong></span> <span class='ocrx_word' id='word_1_512' title='bbox 2905 3374 2998 3427; x_wconf 76' lang='grc' dir='ltr'><strong>καὶ</strong></span> <span class='ocrx_word' id='word_1_513' title='bbox 3025 3374 3161 3443; x_wconf 79' lang='grc' dir='ltr'><strong>πρὸς</strong></span> <span class='ocrx_word' id='word_1_514' title='bbox 3224 3373 3449 3437; x_wconf 75' lang='grc' dir='ltr'><strong>ἑαυτοὺς</strong></span> <span class='ocrx_word' id='word_1_515' title='bbox 3476 3376 3551 3437; x_wconf 83' lang='grc' dir='ltr'><strong>ὡς</strong></span> 
     </span>
    </p>
   </div>
   <div class='ocr_carea' id='block_1_59' title="bbox 275 3462 3551 3544">
    <p class='ocr_par' dir='ltr' id='par_1_59' title="bbox 275 3462 3551 3544">
     <span class='ocr_line' id='line_1_59' title="bbox 275 3462 3551 3544; baseline 0.001 -28"><span class='ocrx_word' id='word_1_516' title='bbox 275 3462 428 3525; x_wconf 73' lang='grc' dir='ltr'><strong>εἰκὸς</strong></span> <span class='ocrx_word' id='word_1_517' title='bbox 458 3466 892 3537; x_wconf 81' lang='grc' dir='ltr'><strong>ἀνθελκύσωσιν;</strong></span> <span class='ocrx_word' id='word_1_518' title='bbox 935 3472 1081 3527; x_wconf 82' lang='grc' dir='ltr'><strong>Ἀλλ’</strong></span> <span class='ocrx_word' id='word_1_519' title='bbox 1106 3472 1217 3543; x_wconf 76' lang='grc' dir='ltr'><strong>ἐγὼ</strong></span> <span class='ocrx_word' id='word_1_520' title='bbox 1252 3474 1349 3542; x_wconf 86' lang='grc' dir='ltr'><strong>μὲν</strong></span> <span class='ocrx_word' id='word_1_521' title='bbox 1414 3474 1449 3529; x_wconf 73' lang='grc' dir='ltr'>ἃ</span> <span class='ocrx_word' id='word_1_522' title='bbox 1483 3474 1782 3544; x_wconf 71' lang='grc' dir='ltr'><strong>συμφέρειν</strong></span> <span class='ocrx_word' id='word_1_523' title='bbox 1842 3472 2094 3543; x_wconf 78' lang='grc' dir='ltr'><strong>ἐνόμισα,</strong></span> <span class='ocrx_word' id='word_1_524' title='bbox 2141 3472 2313 3525; x_wconf 61' lang='grc' dir='ltr'><strong>ταῦτα</strong></span> <span class='ocrx_word' id='word_1_525' title='bbox 2356 3469 2451 3522; x_wconf 71' lang='grc' dir='ltr'><strong>καὶ</strong></span> <span class='ocrx_word' id='word_1_526' title='bbox 2492 3468 2673 3537; x_wconf 80' lang='grc' dir='ltr'><strong>λέγειν</strong></span> <span class='ocrx_word' id='word_1_527' title='bbox 2714 3466 3022 3535; x_wconf 79' lang='grc' dir='ltr'><strong>προῆγμαι.</strong></span> <span class='ocrx_word' id='word_1_528' title='bbox 3099 3467 3162 3521; x_wconf 81' lang='lat' dir='ltr'><strong>El</strong></span> <span class='ocrx_word' id='word_1_529' title='bbox 3208 3468 3261 3521; x_wconf 82' lang='grc' dir='ltr'><strong>δὲ</strong></span> <span class='ocrx_word' id='word_1_530' title='bbox 3306 3467 3399 3522; x_wconf 75' lang='grc' dir='ltr'><strong>καὶ</strong></span> <span class='ocrx_word' id='word_1_531' title='bbox 3438 3469 3551 3544; x_wconf 82' lang='grc' dir='ltr'><strong>τοῖς</strong></span> 
     </span>
    </p>
   </div>
   <div class='ocr_carea' id='block_1_60' title="bbox 276 3543 3551 3635">
    <p class='ocr_par' dir='ltr' id='par_1_60' title="bbox 276 3543 3551 3635">
     <span class='ocr_line' id='line_1_60' title="bbox 276 3543 3551 3635; baseline 0.001 -28"><span class='ocrx_word' id='word_1_532' title='bbox 276 3554 574 3610; x_wconf 82' lang='grc' dir='ltr'><strong>ἀκούουσιν</strong></span> <span class='ocrx_word' id='word_1_533' title='bbox 607 3560 773 3631; x_wconf 82' lang='grc' dir='ltr'><strong>ἀκοῆς</strong></span> <span class='ocrx_word' id='word_1_534' title='bbox 810 3561 935 3627; x_wconf 80' lang='grc' dir='ltr'><strong>ἀξια</strong></span> <span class='ocrx_word' id='word_1_535' title='bbox 968 3564 1143 3618; x_wconf 80' lang='grc' dir='ltr'><strong>ταῦτα</strong></span> <span class='ocrx_word' id='word_1_536' title='bbox 1180 3566 1397 3635; x_wconf 82' lang='grc' dir='ltr'><strong>φανείη,</strong></span> <span class='ocrx_word' id='word_1_537' title='bbox 1435 3565 1513 3634; x_wconf 83' lang='grc' dir='ltr'><strong>τῷ</strong></span> <span class='ocrx_word' id='word_1_538' title='bbox 1550 3543 1677 3635; x_wconf 12' lang='grc' dir='ltr'><strong>Θεῷν</strong></span> <span class='ocrx_word' id='word_1_539' title='bbox 1705 3564 1864 3634; x_wconf 89' lang='grc' dir='ltr'><strong>χάρις</strong></span> <span class='ocrx_word' id='word_1_540' title='bbox 1901 3561 1979 3633; x_wconf 84' lang='grc' dir='ltr'><strong>τῷ</strong></span> <span class='ocrx_word' id='word_1_541' title='bbox 2022 3560 2243 3615; x_wconf 84' lang='grc' dir='ltr'><strong>πάντων</strong></span> <span class='ocrx_word' id='word_1_542' title='bbox 2308 3558 2493 3613; x_wconf 83' lang='grc' dir='ltr'><strong>καλῶν</strong></span> <span class='ocrx_word' id='word_1_543' title='bbox 2566 3554 2809 3628; x_wconf 79' lang='grc' dir='ltr'><strong>χορηγῷ.</strong></span> <span class='ocrx_word' id='word_1_544' title='bbox 2854 3556 2915 3609; x_wconf 77' lang='lat' dir='ltr'><strong>El</strong></span> <span class='ocrx_word' id='word_1_545' title='bbox 2956 3556 3002 3609; x_wconf 81' lang='grc' dir='ltr'><strong>δ’</strong></span> <span class='ocrx_word' id='word_1_546' title='bbox 3028 3554 3142 3623; x_wconf 78' lang='grc' dir='ltr'><strong>οὖν,</strong></span> <span class='ocrx_word' id='word_1_547' title='bbox 3186 3560 3450 3612; x_wconf 81' lang='grc' dir='ltr'><strong>σκεπτέον</strong></span> <span class='ocrx_word' id='word_1_548' title='bbox 3492 3543 3551 3610; x_wconf 76' lang='grc' dir='ltr'><strong>τδ</strong></span> 
     </span>
    </p>
   </div>
   <div class='ocr_carea' id='block_1_61' title="bbox 277 3646 570 3715">
    <p class='ocr_par' dir='ltr' id='par_1_61' title="bbox 277 3646 570 3715">
     <span class='ocr_line' id='line_1_61' title="bbox 277 3646 570 3715; baseline 0.007 -17"><span class='ocrx_word' id='word_1_549' title='bbox 277 3646 514 3715; x_wconf 83' lang='grc' dir='ltr'><strong>βέλτιον.</strong></span> <span class='ocrx_word' id='word_1_550' title='bbox 550 3668 570 3700; x_wconf 73' lang='grc' dir='ltr'><strong>ι</strong></span> 
     </span>
    </p>
   </div>
   <div class='ocr_carea' id='block_1_62' title="bbox 351 3744 2028 3822">
    <p class='ocr_par' dir='ltr' id='par_1_62' title="bbox 351 3744 1932 3822">
     <span class='ocr_line' id='line_1_62' title="bbox 351 3744 1932 3822; baseline 0.006 -25"><span class='ocrx_word' id='word_1_551' title='bbox 351 3744 427 3800; x_wconf 85' lang='grc' dir='ltr'><strong>Γ’.</strong></span> <span class='ocrx_word' id='word_1_552' title='bbox 470 3746 655 3801; x_wconf 83' lang='grc' dir='ltr'><strong>Ταῦτα</strong></span> <span class='ocrx_word' id='word_1_553' title='bbox 692 3747 974 3813; x_wconf 83' lang='grc' dir='ltr'><strong>διεξελθὼν</strong></span> <span class='ocrx_word' id='word_1_554' title='bbox 1011 3750 1305 3822; x_wconf 89' lang='grc' dir='ltr'><strong>όμόστοιχα</strong></span> <span class='ocrx_word' id='word_1_555' title='bbox 1338 3751 1520 3820; x_wconf 81' lang='grc' dir='ltr'><strong>λέγειν</strong></span> <span class='ocrx_word' id='word_1_556' title='bbox 1560 3752 1713 3819; x_wconf 80' lang='grc' dir='ltr'><strong>ἔδοξα</strong></span> <span class='ocrx_word' id='word_1_557' title='bbox 1748 3751 1860 3822; x_wconf 77' lang='grc'><strong>(95)</strong></span> <span class='ocrx_word' id='word_1_558' title='bbox 1885 3752 1932 3815; x_wconf 84' lang='lat' dir='ltr'><strong><em>C</em></strong></span> 
     </span>
    </p>
   </div>
   <div class='ocr_carea' id='block_1_63' title="bbox 1871 3744 3548 3822">
    <p class='ocr_par' dir='ltr' id='par_1_63' title="bbox 1885 3744 3548 3815">
     <span class='ocr_line' id='line_1_63' title="bbox 1885 3744 3548 3815; baseline 0.002 -16"><span class='ocrx_word' id='word_1_559' title='bbox 1885 3752 1932 3815; x_wconf 71' lang='grc' dir='ltr'>α</span> <span class='ocrx_word' id='word_1_560' title='bbox 2036 3745 2123 3800; x_wconf 82' lang='grc' dir='ltr'><strong>ιιι.</strong></span> <span class='ocrx_word' id='word_1_561' title='bbox 2182 3746 2305 3801; x_wconf 69' lang='lat' dir='ltr'><strong>llaec</strong></span> <span class='ocrx_word' id='word_1_562' title='bbox 2344 3759 2469 3800; x_wconf 90' lang='lat' dir='ltr'><strong>cum</strong></span> <span class='ocrx_word' id='word_1_563' title='bbox 2501 3744 2787 3810; x_wconf 75' lang='lat' dir='ltr'><strong>dixissem,</strong></span> <span class='ocrx_word' id='word_1_564' title='bbox 2820 3745 2971 3801; x_wconf 90' lang='lat' dir='ltr'><strong>visus</strong></span> <span class='ocrx_word' id='word_1_565' title='bbox 3017 3762 3138 3800; x_wconf 91' lang='lat' dir='ltr'><strong>sum</strong></span> <span class='ocrx_word' id='word_1_566' title='bbox 3182 3748 3548 3803; x_wconf 83' lang='lat' dir='ltr'><strong>eruditiorum</strong></span> 
     </span>
    </p>
   </div>
   <div class='ocr_carea' id='block_1_64' title="bbox 275 3838 1952 3912">
    <p class='ocr_par' dir='ltr' id='par_1_64' title="bbox 275 3839 1861 3912">
     <span class='ocr_line' id='line_1_64' title="bbox 275 3839 1861 3912; baseline 0.004 -20"><span class='ocrx_word' id='word_1_567' title='bbox 275 3840 394 3903; x_wconf 73' lang='grc' dir='ltr'><strong>τοῖς</strong></span> <span class='ocrx_word' id='word_1_568' title='bbox 435 3839 886 3912; x_wconf 77' lang='grc' dir='ltr'><strong>έλλογιμωτέροις</strong></span> <span class='ocrx_word' id='word_1_569' title='bbox 923 3845 1034 3896; x_wconf 90' lang='grc' dir='ltr'><strong>τῶν</strong></span> <span class='ocrx_word' id='word_1_570' title='bbox 1078 3845 1393 3898; x_wconf 75' lang='grc' dir='ltr'><strong>ἐπισκόπων</strong></span> <span class='ocrx_word' id='word_1_571' title='bbox 1431 3848 1540 3908; x_wconf 85' lang='grc' dir='ltr'><strong>τοῖς</strong></span> <span class='ocrx_word' id='word_1_572' title='bbox 1578 3863 1638 3898; x_wconf 86' lang='grc' dir='ltr'><strong>τε</strong></span> <span class='ocrx_word' id='word_1_573' title='bbox 1679 3845 1861 3910; x_wconf 80' lang='grc' dir='ltr'><strong>ἀλλοις</strong></span> 
     </span>
    </p>
   </div>
   <div class='ocr_carea' id='block_1_65' title="bbox 1873 3838 3550 3912">
    <p class='ocr_par' dir='ltr' id='par_1_65' title="bbox 1965 3838 3550 3910">
     <span class='ocr_line' id='line_1_65' title="bbox 1965 3838 3550 3910; baseline 0.001 -15"><span class='ocrx_word' id='word_1_574' title='bbox 1965 3841 2349 3910; x_wconf 86' lang='lat' dir='ltr'><strong>episcoporum</strong></span> <span class='ocrx_word' id='word_1_575' title='bbox 2372 3838 2619 3909; x_wconf 90' lang='lat' dir='ltr'><strong>opinioni</strong></span> <span class='ocrx_word' id='word_1_576' title='bbox 2649 3840 3007 3907; x_wconf 86' lang='lat' dir='ltr'><strong>congruentia</strong></span> <span class='ocrx_word' id='word_1_577' title='bbox 3027 3839 3253 3906; x_wconf 79' lang='lat' dir='ltr'><strong>dixisse,</strong></span> <span class='ocrx_word' id='word_1_578' title='bbox 3274 3855 3397 3895; x_wconf 92' lang='lat' dir='ltr'><strong>cum</strong></span> <span class='ocrx_word' id='word_1_579' title='bbox 3418 3842 3550 3897; x_wconf 87' lang='lat' dir='ltr'><strong>alio-</strong></span> 
     </span>
    </p>
   </div>
   <div class='ocr_carea' id='block_1_66' title="bbox 278 3932 1955 4009">
    <p class='ocr_par' dir='ltr' id='par_1_66' title="bbox 278 3932 1862 4009">
     <span class='ocr_line' id='line_1_66' title="bbox 278 3932 1862 4009; baseline 0.004 -24"><span class='ocrx_word' id='word_1_580' title='bbox 278 3932 379 3985; x_wconf 74' lang='grc' dir='ltr'><strong>καὶ</strong></span> <span class='ocrx_word' id='word_1_581' title='bbox 411 3932 647 4001; x_wconf 86' lang='grc' dir='ltr'><strong>μάλιστα</strong></span> <span class='ocrx_word' id='word_1_582' title='bbox 678 3935 980 4005; x_wconf 75' lang='grc' dir='ltr'><strong>Δυρραχίου</strong></span> <span class='ocrx_word' id='word_1_583' title='bbox 1012 3936 1089 4006; x_wconf 84' lang='grc' dir='ltr'><strong>τῷ</strong></span> <span class='ocrx_word' id='word_1_584' title='bbox 1122 3938 1264 3991; x_wconf 87' lang='grc' dir='ltr'><strong>πάνυ</strong></span> <span class='ocrx_word' id='word_1_585' title='bbox 1287 3953 1302 3969; x_wconf 75' lang='grc' dir='ltr'><strong>ο</strong></span> <span class='ocrx_word' id='word_1_586' title='bbox 1334 3938 1392 4001; x_wconf 84' lang='grc' dir='ltr'><strong>ὃς</strong></span> <span class='ocrx_word' id='word_1_587' title='bbox 1424 3938 1585 4009; x_wconf 76' lang='grc' dir='ltr'><strong>πολιᾷ</strong></span> <span class='ocrx_word' id='word_1_588' title='bbox 1619 3938 1736 4008; x_wconf 84' lang='grc' dir='ltr'><strong>βίου</strong></span> <span class='ocrx_word' id='word_1_589' title='bbox 1769 3938 1862 3991; x_wconf 77' lang='grc' dir='ltr'><strong>καὶ</strong></span> 
     </span>
    </p>
   </div>
   <div class='ocr_carea' id='block_1_67' title="bbox 1873 3932 3550 4009">
    <p class='ocr_par' dir='ltr' id='par_1_67' title="bbox 1965 3932 3550 4003">
     <span class='ocr_line' id='line_1_67' title="bbox 1965 3932 3550 4003; baseline 0.001 -14"><span class='ocrx_word' id='word_1_590' title='bbox 1965 3951 2115 4001; x_wconf 90' lang='lat' dir='ltr'><strong>rum,</strong></span> <span class='ocrx_word' id='word_1_591' title='bbox 2172 3944 2286 3989; x_wconf 91' lang='lat' dir='ltr'><strong>tum</strong></span> <span class='ocrx_word' id='word_1_592' title='bbox 2343 3935 2582 3989; x_wconf 81' lang='lat' dir='ltr'><strong>maxime</strong></span> <span class='ocrx_word' id='word_1_593' title='bbox 2638 3932 3025 4001; x_wconf 85' lang='lat' dir='ltr'><strong>Dyrrhachini,</strong></span> <span class='ocrx_word' id='word_1_594' title='bbox 3070 3932 3171 3988; x_wconf 91' lang='lat' dir='ltr'><strong>viri</strong></span> <span class='ocrx_word' id='word_1_595' title='bbox 3210 3937 3550 4003; x_wconf 65' lang='lat' dir='ltr'><strong>praestantis-</strong></span> 
     </span>
    </p>
   </div>
   <div class='ocr_carea' id='block_1_68' title="bbox 278 4024 1955 4102">
    <p class='ocr_par' dir='ltr' id='par_1_68' title="bbox 278 4024 1866 4102">
     <span class='ocr_line' id='line_1_68' title="bbox 278 4024 1866 4102; baseline 0.005 -26"><span class='ocrx_word' id='word_1_596' title='bbox 278 4024 551 4088; x_wconf 83' lang='grc' dir='ltr'><strong>συνέσεως</strong></span> <span class='ocrx_word' id='word_1_597' title='bbox 576 4025 795 4095; x_wconf 74' lang='grc' dir='ltr'><strong>ὀξύτητι</strong></span> <span class='ocrx_word' id='word_1_598' title='bbox 821 4028 912 4082; x_wconf 74' lang='grc' dir='ltr'><strong>καὶ</strong></span> <span class='ocrx_word' id='word_1_599' title='bbox 943 4029 1289 4101; x_wconf 74' lang='grc' dir='ltr'><strong>μεγαλοφυῖα</strong></span> <span class='ocrx_word' id='word_1_600' title='bbox 1318 4030 1543 4102; x_wconf 79' lang='grc' dir='ltr'><strong>γνώμης</strong></span> <span class='ocrx_word' id='word_1_601' title='bbox 1567 4033 1866 4100; x_wconf 85' lang='grc' dir='ltr'><strong>διέπρεπεν</strong></span> 
     </span>
    </p>
   </div>
   <div class='ocr_carea' id='block_1_69' title="bbox 1869 4024 3546 4102">
    <p class='ocr_par' dir='ltr' id='par_1_69' title="bbox 1966 4026 3546 4099">
     <span class='ocr_line' id='line_1_69' title="bbox 1966 4026 3546 4099; baseline -0.002 -14"><span class='ocrx_word' id='word_1_602' title='bbox 1966 4030 2127 4095; x_wconf 92' lang='lat' dir='ltr'><strong>simi;</strong></span> <span class='ocrx_word' id='word_1_603' title='bbox 2159 4029 2253 4099; x_wconf 89' lang='lat' dir='ltr'><strong>qui</strong></span> <span class='ocrx_word' id='word_1_604' title='bbox 2289 4035 2346 4083; x_wconf 86' lang='lat' dir='ltr'><strong>et</strong></span> <span class='ocrx_word' id='word_1_605' title='bbox 2405 4027 2562 4081; x_wconf 86' lang='lat' dir='ltr'><strong>senili</strong></span> <span class='ocrx_word' id='word_1_606' title='bbox 2616 4026 2883 4096; x_wconf 84' lang='lat' dir='ltr'><strong>gravitate</strong></span> <span class='ocrx_word' id='word_1_607' title='bbox 2919 4035 2973 4080; x_wconf 90' lang='lat' dir='ltr'><strong>et</strong></span> <span class='ocrx_word' id='word_1_608' title='bbox 3020 4027 3229 4096; x_wconf 87' lang='lat' dir='ltr'><strong>ingenii</strong></span> <span class='ocrx_word' id='word_1_609' title='bbox 3294 4028 3546 4082; x_wconf 81' lang='lat' dir='ltr'><strong>acumine</strong></span> 
     </span>
    </p>
   </div>
   <div class='ocr_carea' id='block_1_70' title="bbox 277 4118 1954 4196">
    <p class='ocr_par' dir='ltr' id='par_1_70' title="bbox 277 4119 1864 4196">
     <span class='ocr_line' id='line_1_70' title="bbox 277 4119 1864 4196; baseline 0.005 -25"><span class='ocrx_word' id='word_1_610' title='bbox 277 4119 342 4171; x_wconf 73' lang='grc' dir='ltr'><strong>ιν</strong></span> <span class='ocrx_word' id='word_1_611' title='bbox 372 4120 485 4181; x_wconf 78' lang='grc' dir='ltr'><strong>τοῖς</strong></span> <span class='ocrx_word' id='word_1_612' title='bbox 516 4119 857 4185; x_wconf 77' lang='grc' dir='ltr'><strong>ἐπισκόποις,</strong></span> <span class='ocrx_word' id='word_1_613' title='bbox 890 4121 1034 4193; x_wconf 84' lang='grc' dir='ltr'><strong>λόγῳ</strong></span> <span class='ocrx_word' id='word_1_614' title='bbox 1062 4141 1121 4175; x_wconf 89' lang='grc' dir='ltr'><strong>τε</strong></span> <span class='ocrx_word' id='word_1_615' title='bbox 1152 4124 1252 4194; x_wconf 82' lang='grc' dir='ltr'><strong>τὴν</strong></span> <span class='ocrx_word' id='word_1_616' title='bbox 1282 4125 1484 4196; x_wconf 83' lang='grc' dir='ltr'><strong>ἀρετὴν</strong></span> <span class='ocrx_word' id='word_1_617' title='bbox 1518 4125 1739 4195; x_wconf 85' lang='grc' dir='ltr'><strong>κοσμῶν</strong></span> <span class='ocrx_word' id='word_1_618' title='bbox 1772 4127 1864 4179; x_wconf 77' lang='grc' dir='ltr'><strong>καὶ</strong></span> 
     </span>
    </p>
   </div>
   <div class='ocr_carea' id='block_1_71' title="bbox 1869 4118 3546 4196">
    <p class='ocr_par' dir='ltr' id='par_1_71' title="bbox 1968 4118 3546 4192">
     <span class='ocr_line' id='line_1_71' title="bbox 1968 4118 3546 4192; baseline -0.002 -15"><span class='ocrx_word' id='word_1_619' title='bbox 1968 4134 2022 4177; x_wconf 89' lang='lat' dir='ltr'><strong>et</strong></span> <span class='ocrx_word' id='word_1_620' title='bbox 2076 4122 2244 4177; x_wconf 90' lang='lat' dir='ltr'><strong>animi</strong></span> <span class='ocrx_word' id='word_1_621' title='bbox 2299 4118 2675 4192; x_wconf 83' lang='lat' dir='ltr'><strong>magnitudine</strong></span> <span class='ocrx_word' id='word_1_622' title='bbox 2712 4119 2856 4171; x_wconf 83' lang='lat' dir='ltr'><strong>inter</strong></span> <span class='ocrx_word' id='word_1_623' title='bbox 2894 4119 3189 4188; x_wconf 90' lang='lat' dir='ltr'><strong>episcopos</strong></span> <span class='ocrx_word' id='word_1_624' title='bbox 3220 4120 3546 4185; x_wconf 80' lang='lat' dir='ltr'><strong>excellebat,</strong></span> 
     </span>
    </p>
   </div>
   <div class='ocr_carea' id='block_1_72' title="bbox 276 4196 1953 4282">
    <p class='ocr_par' dir='ltr' id='par_1_72' title="bbox 276 4196 1867 4282">
     <span class='ocr_line' id='line_1_72' title="bbox 276 4196 1867 4282; baseline 0.004 -16"><span class='ocrx_word' id='word_1_625' title='bbox 276 4213 455 4281; x_wconf 78' lang='grc' dir='ltr'><strong>ἀρετῇ</strong></span> <span class='ocrx_word' id='word_1_626' title='bbox 487 4212 577 4265; x_wconf 76' lang='grc' dir='ltr'><strong>τὸν</strong></span> <span class='ocrx_word' id='word_1_627' title='bbox 605 4213 784 4279; x_wconf 86' lang='grc' dir='ltr'><strong>λόγον.</strong></span> <span class='ocrx_word' id='word_1_628' title='bbox 813 4210 908 4276; x_wconf 83' lang='grc' dir='ltr'><strong>Οἷς</strong></span> <span class='ocrx_word' id='word_1_629' title='bbox 938 4216 1248 4269; x_wconf 72' lang='grc' dir='ltr'><strong>ἀκολουθεῖν</strong></span> <span class='ocrx_word' id='word_1_630' title='bbox 1282 4196 1611 4271; x_wconf 88' lang='grc' dir='ltr'><strong>πεπείκασιν</strong></span> <span class='ocrx_word' id='word_1_631' title='bbox 1642 4219 1867 4282; x_wconf 72' lang='grc' dir='ltr'><strong>ἑαυτοὺς</strong></span> 
     </span>
    </p>
   </div>
   <div class='ocr_carea' id='block_1_73' title="bbox 1869 4196 3546 4282">
    <p class='ocr_par' dir='ltr' id='par_1_73' title="bbox 1970 4211 3546 4270">
     <span class='ocr_line' id='line_1_73' title="bbox 1970 4211 3546 4270; baseline -0.003 -1"><span class='ocrx_word' id='word_1_632' title='bbox 1970 4230 2035 4270; x_wconf 89' lang='lat' dir='ltr'><strong>ac</strong></span> <span class='ocrx_word' id='word_1_633' title='bbox 2087 4216 2347 4269; x_wconf 87' lang='lat' dir='ltr'><strong>virtutem</strong></span> <span class='ocrx_word' id='word_1_634' title='bbox 2408 4212 2725 4268; x_wconf 82' lang='lat' dir='ltr'><strong>eruditione</strong></span> <span class='ocrx_word' id='word_1_635' title='bbox 2791 4221 2847 4267; x_wconf 88' lang='lat' dir='ltr'><strong>et</strong></span> <span class='ocrx_word' id='word_1_636' title='bbox 2912 4211 3284 4266; x_wconf 89' lang='lat' dir='ltr'><strong>eruditionem</strong></span> <span class='ocrx_word' id='word_1_637' title='bbox 3343 4212 3546 4266; x_wconf 79' lang='lat' dir='ltr'><strong>virtute</strong></span> 
     </span>
    </p>
   </div>
   <div class='ocr_carea' id='block_1_74' title="bbox 276 4306 1953 4378">
    <p class='ocr_par' dir='ltr' id='par_1_74' title="bbox 276 4306 1863 4378">
     <span class='ocr_line' id='line_1_74' title="bbox 276 4306 1863 4378; baseline 0.004 -21"><span class='ocrx_word' id='word_1_638' title='bbox 276 4307 374 4357; x_wconf 70' lang='grc' dir='ltr'><strong>καὶ</strong></span> <span class='ocrx_word' id='word_1_639' title='bbox 409 4306 525 4357; x_wconf 81' lang='grc' dir='ltr'><strong>ὅσοι</strong></span> <span class='ocrx_word' id='word_1_640' title='bbox 562 4307 636 4373; x_wconf 82' lang='grc' dir='ltr'><strong>μὴ</strong></span> <span class='ocrx_word' id='word_1_641' title='bbox 673 4308 852 4374; x_wconf 89' lang='grc' dir='ltr'><strong>λόγοις</strong></span> <span class='ocrx_word' id='word_1_642' title='bbox 886 4307 984 4378; x_wconf 82' lang='grc' dir='ltr'><strong>τὴν</strong></span> <span class='ocrx_word' id='word_1_643' title='bbox 1020 4309 1273 4376; x_wconf 84' lang='grc' dir='ltr'><strong>γλῶσσαν</strong></span> <span class='ocrx_word' id='word_1_644' title='bbox 1309 4310 1551 4373; x_wconf 75' lang='grc' dir='ltr'><strong>ὁπλίζειν</strong></span> <span class='ocrx_word' id='word_1_645' title='bbox 1589 4311 1863 4377; x_wconf 75' lang='grc' dir='ltr'><strong>ἐδύναντο,</strong></span> 
     </span>
    </p>
   </div>
   <div class='ocr_carea' id='block_1_75' title="bbox 1869 4306 3546 4378">
    <p class='ocr_par' dir='ltr' id='par_1_75' title="bbox 1975 4306 3546 4377">
     <span class='ocr_line' id='line_1_75' title="bbox 1975 4306 3546 4377; baseline -0.003 -14"><span class='ocrx_word' id='word_1_646' title='bbox 1975 4310 2228 4365; x_wconf 89' lang='lat' dir='ltr'><strong>ornabat.</strong></span> <span class='ocrx_word' id='word_1_647' title='bbox 2285 4307 2397 4362; x_wconf 88' lang='lat' dir='ltr'><strong>Hos</strong></span> <span class='ocrx_word' id='word_1_648' title='bbox 2459 4307 2497 4361; x_wconf 90' lang='lat' dir='ltr'><strong>ii</strong></span> <span class='ocrx_word' id='word_1_649' title='bbox 2549 4306 2656 4361; x_wconf 83' lang='lat' dir='ltr'><strong>sibi</strong></span> <span class='ocrx_word' id='word_1_650' title='bbox 2707 4306 3020 4376; x_wconf 82' lang='lat' dir='ltr'><strong>sequendos</strong></span> <span class='ocrx_word' id='word_1_651' title='bbox 3053 4314 3409 4375; x_wconf 85' lang='lat' dir='ltr'><strong>putaverunt,</strong></span> <span class='ocrx_word' id='word_1_652' title='bbox 3451 4307 3546 4377; x_wconf 86' lang='lat' dir='ltr'><strong>qui</strong></span> 
     </span>
    </p>
   </div>
   <div class='ocr_carea' id='block_1_76' title="bbox 277 4397 1954 4473">
    <p class='ocr_par' dir='ltr' id='par_1_76' title="bbox 277 4397 1788 4473">
     <span class='ocr_line' id='line_1_76' title="bbox 277 4397 1788 4473; baseline 0.004 -24"><span class='ocrx_word' id='word_1_653' title='bbox 277 4397 466 4449; x_wconf 76' lang='grc' dir='ltr'><strong>πᾶσαν</strong></span> <span class='ocrx_word' id='word_1_654' title='bbox 496 4397 783 4469; x_wconf 82' lang='grc' dir='ltr'><strong>ὲριστικὴν</strong></span> <span class='ocrx_word' id='word_1_655' title='bbox 814 4397 871 4463; x_wconf 79' lang='grc' dir='ltr'><strong>ἐξ</strong></span> <span class='ocrx_word' id='word_1_656' title='bbox 901 4400 1146 4469; x_wconf 83' lang='grc' dir='ltr'><strong>ἀνάγκης</strong></span> <span class='ocrx_word' id='word_1_657' title='bbox 1178 4400 1505 4468; x_wconf 80' lang='grc' dir='ltr'><strong>ἀποθέμενοι</strong></span> <span class='ocrx_word' id='word_1_658' title='bbox 1538 4404 1788 4473; x_wconf 77' lang='grc' dir='ltr'><strong>γνώμην.</strong></span> 
     </span>
    </p>
   </div>
   <div class='ocr_carea' id='block_1_77' title="bbox 1873 4397 3550 4473">
    <p class='ocr_par' dir='ltr' id='par_1_77' title="bbox 1962 4398 3550 4472">
     <span class='ocr_line' id='line_1_77' title="bbox 1962 4398 3550 4472; baseline 0 -16"><span class='ocrx_word' id='word_1_659' title='bbox 1962 4402 2282 4472; x_wconf 87' lang='lat' dir='ltr'><strong>eloquentia</strong></span> <span class='ocrx_word' id='word_1_660' title='bbox 2338 4416 2449 4455; x_wconf 84' lang='lat' dir='ltr'><strong>non</strong></span> <span class='ocrx_word' id='word_1_661' title='bbox 2500 4398 2775 4465; x_wconf 86' lang='lat' dir='ltr'><strong>valebant,</strong></span> <span class='ocrx_word' id='word_1_662' title='bbox 2807 4413 2970 4452; x_wconf 90' lang='lat' dir='ltr'><strong>omne</strong></span> <span class='ocrx_word' id='word_1_663' title='bbox 3020 4399 3395 4454; x_wconf 84' lang='lat' dir='ltr'><strong>contentionis</strong></span> <span class='ocrx_word' id='word_1_664' title='bbox 3434 4412 3550 4456; x_wconf 90' lang='lat' dir='ltr'><strong>stu-</strong></span> 
     </span>
    </p>
   </div>
   <div class='ocr_carea' id='block_1_78' title="bbox 1964 4494 2617 4565">
    <p class='ocr_par' dir='ltr' id='par_1_78' title="bbox 1964 4494 2617 4565">
     <span class='ocr_line' id='line_1_78' title="bbox 1964 4494 2617 4565; baseline -0.003 -15"><span class='ocrx_word' id='word_1_665' title='bbox 1964 4495 2114 4550; x_wconf 90' lang='lat' dir='ltr'><strong>dium</strong></span> <span class='ocrx_word' id='word_1_666' title='bbox 2148 4494 2323 4549; x_wconf 88' lang='lat' dir='ltr'><strong>coacti</strong></span> <span class='ocrx_word' id='word_1_667' title='bbox 2355 4494 2617 4565; x_wconf 82' lang='lat' dir='ltr'><strong>abjicere.</strong></span> 
     </span>
    </p>
   </div>
   <div class='ocr_carea' id='block_1_79' title="bbox 355 4577 2032 4656">
    <p class='ocr_par' dir='ltr' id='par_1_79' title="bbox 355 4577 1871 4652">
     <span class='ocr_line' id='line_1_79' title="bbox 355 4577 1871 4652; baseline 0.002 -20"><span class='ocrx_word' id='word_1_668' title='bbox 355 4580 429 4632; x_wconf 79' lang='lat' dir='ltr'><strong>A’.</strong></span> <span class='ocrx_word' id='word_1_669' title='bbox 468 4578 561 4631; x_wconf 84' lang='lat' dir='ltr'><strong>‘Ev</strong></span> <span class='ocrx_word' id='word_1_670' title='bbox 587 4580 762 4648; x_wconf 66' lang='grc' dir='ltr'><strong>τούτῳ</strong></span> <span class='ocrx_word' id='word_1_671' title='bbox 788 4577 866 4648; x_wconf 81' lang='grc' dir='ltr'><strong>τῷ</strong></span> <span class='ocrx_word' id='word_1_672' title='bbox 897 4578 1073 4650; x_wconf 83' lang='grc' dir='ltr'><strong>χρόνῳ</strong></span> <span class='ocrx_word' id='word_1_673' title='bbox 1101 4583 1195 4632; x_wconf 77' lang='grc' dir='ltr'><strong>καὶ</strong></span> <span class='ocrx_word' id='word_1_674' title='bbox 1227 4582 1253 4633; x_wconf 90' lang='grc' dir='ltr'><strong>ό</strong></span> <span class='ocrx_word' id='word_1_675' title='bbox 1284 4580 1557 4650; x_wconf 71' lang='grc' dir='ltr'><strong>δεσπότης,</strong></span> <span class='ocrx_word' id='word_1_676' title='bbox 1578 4582 1688 4652; x_wconf 75' lang='grc' dir='ltr'><strong>(οι)</strong></span> <span class='ocrx_word' id='word_1_677' title='bbox 1720 4600 1871 4635; x_wconf 85' lang='grc' dir='ltr'><strong>τετε-</strong></span> 
     </span>
    </p>
   </div>
   <div class='ocr_carea' id='block_1_80' title="bbox 1874 4577 3551 4656">
    <p class='ocr_par' dir='ltr' id='par_1_80' title="bbox 2036 4583 3551 4656">
     <span class='ocr_line' id='line_1_80' title="bbox 2036 4583 3551 4656; baseline 0.003 -15"><span class='ocrx_word' id='word_1_678' title='bbox 2036 4587 2123 4641; x_wconf 75' lang='grc' dir='ltr'><strong>ιν.</strong></span> <span class='ocrx_word' id='word_1_679' title='bbox 2190 4587 2304 4641; x_wconf 84' lang='lat' dir='ltr'><strong>Hoc</strong></span> <span class='ocrx_word' id='word_1_680' title='bbox 2355 4598 2602 4656; x_wconf 89' lang='lat' dir='ltr'><strong>tempore</strong></span> <span class='ocrx_word' id='word_1_681' title='bbox 2658 4583 2823 4639; x_wconf 91' lang='lat' dir='ltr'><strong>etiam</strong></span> <span class='ocrx_word' id='word_1_682' title='bbox 2881 4584 3109 4654; x_wconf 84' lang='lat' dir='ltr'><strong>despnta</strong></span> <span class='ocrx_word' id='word_1_683' title='bbox 3157 4586 3551 4645; x_wconf 82' lang='lat' dir='ltr'><strong>Constantinus</strong></span> 
     </span>
    </p>
   </div>
   <div class='ocr_carea' id='block_1_81' title="bbox 275 4670 1952 4751">
    <p class='ocr_par' dir='ltr' id='par_1_81' title="bbox 275 4670 1870 4743">
     <span class='ocr_line' id='line_1_81' title="bbox 275 4670 1870 4743; baseline 0.002 -20"><span class='ocrx_word' id='word_1_684' title='bbox 275 4672 518 4739; x_wconf 84' lang='grc' dir='ltr'><strong>λεύτηκε</strong></span> <span class='ocrx_word' id='word_1_685' title='bbox 548 4672 985 4736; x_wconf 83' lang='grc' dir='ltr'><strong>Κωνσταντῖνος,</strong></span> <span class='ocrx_word' id='word_1_686' title='bbox 1012 4670 1191 4742; x_wconf 82' lang='grc' dir='ltr'><strong>ἐαυτῷ</strong></span> <span class='ocrx_word' id='word_1_687' title='bbox 1218 4689 1279 4740; x_wconf 88' lang='grc' dir='ltr'><strong>γε</strong></span> <span class='ocrx_word' id='word_1_688' title='bbox 1310 4672 1586 4742; x_wconf 72' lang='grc' dir='ltr'><strong>συνθάψας</strong></span> <span class='ocrx_word' id='word_1_689' title='bbox 1612 4674 1747 4743; x_wconf 83' lang='grc' dir='ltr'><strong>όμοῦ</strong></span> <span class='ocrx_word' id='word_1_690' title='bbox 1774 4676 1870 4728; x_wconf 78' lang='grc' dir='ltr'><strong>καὶ</strong></span> 
     </span>
    </p>
   </div>
   <div class='ocr_carea' id='block_1_82' title="bbox 1874 4670 3551 4751">
    <p class='ocr_par' dir='ltr' id='par_1_82' title="bbox 1969 4674 3551 4751">
     <span class='ocr_line' id='line_1_82' title="bbox 1969 4674 3551 4751; baseline 0.003 -18"><span class='ocrx_word' id='word_1_691' title='bbox 1969 4679 2231 4743; x_wconf 86' lang='lat' dir='ltr'><strong>decessit,</strong></span> <span class='ocrx_word' id='word_1_692' title='bbox 2265 4688 2321 4733; x_wconf 92' lang='lat' dir='ltr'><strong>et</strong></span> <span class='ocrx_word' id='word_1_693' title='bbox 2375 4694 2481 4733; x_wconf 91' lang='lat' dir='ltr'><strong>una</strong></span> <span class='ocrx_word' id='word_1_694' title='bbox 2517 4691 2703 4731; x_wconf 84' lang='lat' dir='ltr'><strong>secum</strong></span> <span class='ocrx_word' id='word_1_695' title='bbox 2736 4674 2955 4730; x_wconf 85' lang='lat' dir='ltr'><strong>iuancm</strong></span> <span class='ocrx_word' id='word_1_696' title='bbox 3000 4678 3147 4746; x_wconf 75' lang='lat' dir='ltr'><strong>vulgi</strong></span> <span class='ocrx_word' id='word_1_697' title='bbox 3184 4683 3551 4751; x_wconf 77' lang='lat' dir='ltr'><strong>exspectatio-</strong></span> 
     </span>
    </p>
   </div>
   <div class='ocr_carea' id='block_1_83' title="bbox 275 4763 1952 4840">
    <p class='ocr_par' dir='ltr' id='par_1_83' title="bbox 275 4763 1448 4835">
     <span class='ocr_line' id='line_1_83' title="bbox 275 4763 1448 4835; baseline 0.003 -19"><span class='ocrx_word' id='word_1_698' title='bbox 275 4765 380 4827; x_wconf 81' lang='grc' dir='ltr'><strong>τὰς</strong></span> <span class='ocrx_word' id='word_1_699' title='bbox 410 4764 673 4833; x_wconf 84' lang='grc' dir='ltr'><strong>ἀκαίρους</strong></span> <span class='ocrx_word' id='word_1_700' title='bbox 709 4763 817 4817; x_wconf 87' lang='grc' dir='ltr'><strong>τῶν</strong></span> <span class='ocrx_word' id='word_1_701' title='bbox 848 4763 1065 4817; x_wconf 73' lang='grc' dir='ltr'><strong>πολλῶν</strong></span> <span class='ocrx_word' id='word_1_702' title='bbox 1096 4765 1448 4835; x_wconf 78' lang='grc' dir='ltr'><strong>προσδοκίας.</strong></span> 
     </span>
    </p>
   </div>
   <div class='ocr_carea' id='block_1_84' title="bbox 736 4763 2413 4840">
    <p class='ocr_par' dir='ltr' id='par_1_84' title="bbox 736 4763 2413 4840">
     <span class='ocr_line' id='line_1_84' title="bbox 736 4763 2413 4840; baseline 0.002 -25"><span class='ocrx_word' id='word_1_703' title='bbox 736 4763 817 4817; x_wconf 46' lang='grc' dir='ltr'><strong>κῶν</strong></span> <span class='ocrx_word' id='word_1_704' title='bbox 848 4763 1065 4817; x_wconf 74' lang='grc' dir='ltr'><strong>πολλῶν</strong></span> <span class='ocrx_word' id='word_1_705' title='bbox 1096 4765 1448 4835; x_wconf 78' lang='grc' dir='ltr'><strong>προσδοκίας.</strong></span> <span class='ocrx_word' id='word_1_706' title='bbox 1972 4787 2099 4825; x_wconf 90' lang='lat' dir='ltr'><strong>nem</strong></span> <span class='ocrx_word' id='word_1_707' title='bbox 2141 4772 2413 4840; x_wconf 85' lang='lat' dir='ltr'><strong>sepelivit.</strong></span> 
     </span>
    </p>
   </div>
   <div class='ocr_carea' id='block_1_85' title="bbox 1631 4887 2193 4951">
    <p class='ocr_par' dir='ltr' id='par_1_85' title="bbox 1631 4887 2193 4951">
     <span class='ocr_line' id='line_1_85' title="bbox 1631 4887 2193 4951; baseline 0.011 -6"><span class='ocrx_word' id='word_1_708' title='bbox 1631 4887 1969 4950; x_wconf 82' lang='lat' dir='ltr'><strong>Variorum</strong></span> <span class='ocrx_word' id='word_1_709' title='bbox 2003 4903 2193 4951; x_wconf 74' lang='lat' dir='ltr'><strong>noue.</strong></span> 
     </span>
    </p>
   </div>
   <div class='ocr_carea' id='block_1_86' title="bbox 358 4984 3549 5066">
    <p class='ocr_par' dir='ltr' id='par_1_86' title="bbox 358 4984 3549 5066">
     <span class='ocr_line' id='line_1_86' title="bbox 358 4984 3549 5066; baseline 0 -24"><span class='ocrx_word' id='word_1_710' title='bbox 358 4988 472 5058; x_wconf 80' lang='lat' dir='ltr'><strong>(Ol)</strong></span> <span class='ocrx_word' id='word_1_711' title='bbox 522 4988 751 5057; x_wconf 83' lang='lat' dir='ltr'><strong>Gregor.</strong></span> <span class='ocrx_word' id='word_1_712' title='bbox 819 4984 952 5040; x_wconf 67' lang='grc' dir='ltr'><strong>Νη.</strong></span> <span class='ocrx_word' id='word_1_713' title='bbox 1021 4990 1273 5043; x_wconf 84' lang='lat' dir='ltr'><strong>oratione</strong></span> <span class='ocrx_word' id='word_1_714' title='bbox 1361 4990 1492 5058; x_wconf 79' lang='grc' dir='ltr'><strong>περὶ</strong></span> <span class='ocrx_word' id='word_1_715' title='bbox 1563 4989 1862 5064; x_wconf 83' lang='grc' dir='ltr'><strong>δόγματος.</strong></span> <span class='ocrx_word' id='word_1_716' title='bbox 1901 4995 1947 5054; x_wconf 83' lang='grc' dir='ltr'><strong>ι)</strong></span> <span class='ocrx_word' id='word_1_717' title='bbox 1975 5010 2090 5046; x_wconf 85' lang='lat' dir='ltr'><strong>men</strong></span> <span class='ocrx_word' id='word_1_718' title='bbox 2108 4996 2383 5047; x_wconf 78' lang='lat' dir='ltr'><strong>subsecuta</strong></span> <span class='ocrx_word' id='word_1_719' title='bbox 2402 5010 2505 5046; x_wconf 85' lang='lat' dir='ltr'><strong>non</strong></span> <span class='ocrx_word' id='word_1_720' title='bbox 2532 4988 3192 5066; x_wconf 73' lang='lat' dir='ltr'><strong>est,NicephoriCt&#39;egor(_r&#39;</strong></span> <span class='ocrx_word' id='word_1_721' title='bbox 3210 4993 3384 5044; x_wconf 80' lang='lat' dir='ltr'><strong>omnia</strong></span> <span class='ocrx_word' id='word_1_722' title='bbox 3417 5002 3549 5066; x_wconf 68' lang='lat' dir='ltr'><strong>tum,</strong></span> 
     </span>
    </p>
   </div>
   <div class='ocr_carea' id='block_1_87' title="bbox 284 5060 3554 5134">
    <p class='ocr_par' dir='ltr' id='par_1_87' title="bbox 284 5060 3554 5134">
     <span class='ocr_line' id='line_1_87' title="bbox 284 5060 3554 5134; baseline -0.007 1"><span class='ocrx_word' id='word_1_723' title='bbox 284 5060 501 5134; x_wconf 66' lang='lat' dir='ltr'><strong>B“.YI_N.</strong></span> <span class='ocrx_word' id='word_1_724' title='bbox 621 5129 632 5134; x_wconf 89' lang='lat'><em>_</em></span> <span class='ocrx_word' id='word_1_725' title='bbox 1052 5131 1061 5134; x_wconf 80' lang='lat'><strong>7</strong></span> <span class='ocrx_word' id='word_1_726' title='bbox 1164 5129 1197 5134; x_wconf 92' lang='lat'><strong><em>_</em></strong></span> <span class='ocrx_word' id='word_1_727' title='bbox 1669 5060 1679 5064; x_wconf 71' lang='grc'>”</span> <span class='ocrx_word' id='word_1_728' title='bbox 1973 5074 2021 5117; x_wconf 82' lang='lat' dir='ltr'><strong>et</strong></span> <span class='ocrx_word' id='word_1_729' title='bbox 2051 5066 2229 5131; x_wconf 76' lang='lat' dir='ltr'><strong>favore</strong></span> <span class='ocrx_word' id='word_1_730' title='bbox 2267 5066 2518 5134; x_wconf 77' lang='lat' dir='ltr'><strong>principis</strong></span> <span class='ocrx_word' id='word_1_731' title='bbox 2566 5076 2614 5119; x_wconf 80' lang='lat' dir='ltr'><strong>et</strong></span> <span class='ocrx_word' id='word_1_732' title='bbox 2662 5060 2977 5131; x_wconf 67' lang='lat' dir='ltr'><strong>eloquentia:</strong></span> <span class='ocrx_word' id='word_1_733' title='bbox 3026 5060 3200 5134; x_wconf 69' lang='lat' dir='ltr'><strong>nervis</strong></span> <span class='ocrx_word' id='word_1_734' title='bbox 3247 5078 3437 5127; x_wconf 79' lang='lat' dir='ltr'><strong>susque</strong></span> <span class='ocrx_word' id='word_1_735' title='bbox 3463 5064 3554 5114; x_wconf 78' lang='lat' dir='ltr'><strong>dc-</strong></span> 
     </span>
    </p>
   </div>
   <div class='ocr_carea' id='block_1_88' title="bbox 368 5127 2045 5207">
    <p class='ocr_par' dir='ltr' id='par_1_88' title="bbox 368 5127 2045 5207">
     <span class='ocr_line' id='line_1_88' title="bbox 368 5127 2045 5207; baseline 0 -26"><span class='ocrx_word' id='word_1_736' title='bbox 368 5131 485 5207; x_wconf 54' lang='grc' dir='ltr'><strong>(ξς.)</strong></span> <span class='ocrx_word' id='word_1_737' title='bbox 512 5127 736 5207; x_wconf 67' lang='lat' dir='ltr'><strong>_Vitio7sa_</strong></span> <span class='ocrx_word' id='word_1_738' title='bbox 765 5131 1141 5207; x_wconf 51' lang='lat' dir='ltr'><strong>constructio;</strong></span> <span class='ocrx_word' id='word_1_739' title='bbox 1164 5129 1379 5207; x_wconf 54' lang='grc' dir='ltr'><strong>ΒοινιιιἸ</strong></span> <span class='ocrx_word' id='word_1_740' title='bbox 1453 5204 1461 5207; x_wconf 75' lang='lat'><strong>7</strong></span> <span class='ocrx_word' id='word_1_741' title='bbox 1491 5205 1499 5207; x_wconf 64' lang='lat'><strong>7</strong></span> <span class='ocrx_word' id='word_1_742' title='bbox 1682 5204 1699 5207; x_wconf 90' lang='lat'>_</span> <span class='ocrx_word' id='word_1_743' title='bbox 1748 5206 1753 5207; x_wconf 77' lang='lat'><strong>7</strong></span> <span class='ocrx_word' id='word_1_744' title='bbox 1970 5151 2045 5204; x_wconf 26' lang='lat' dir='ltr'><strong>qui</strong></span> 
     </span>
    </p>
   </div>
   <div class='ocr_carea' id='block_1_89' title="bbox 1875 5127 3552 5207">
    <p class='ocr_par' dir='ltr' id='par_1_89' title="bbox 1970 5127 3552 5207">
     <span class='ocr_line' id='line_1_89' title="bbox 1970 5127 3552 5207; baseline -0.001 -20"><span class='ocrx_word' id='word_1_745' title='bbox 1970 5127 2070 5204; x_wconf 70' lang='lat' dir='ltr'><strong>que</strong></span> <span class='ocrx_word' id='word_1_746' title='bbox 2104 5127 2366 5207; x_wconf 70' lang='lat' dir='ltr'><strong>miscentis</strong></span> <span class='ocrx_word' id='word_1_747' title='bbox 2422 5127 2736 5207; x_wconf 66' lang='lat' dir='ltr'><strong>pergicacia,</strong></span> <span class='ocrx_word' id='word_1_748' title='bbox 2761 5127 2769 5131; x_wconf 47' lang='grc'>⁷</span> <span class='ocrx_word' id='word_1_749' title='bbox 2794 5136 2882 5207; x_wconf 82' lang='lat' dir='ltr'><strong>qui</strong></span> <span class='ocrx_word' id='word_1_750' title='bbox 2921 5133 3129 5207; x_wconf 72' lang='lat' dir='ltr'><strong>prolixa</strong></span> <span class='ocrx_word' id='word_1_751' title='bbox 3183 5134 3427 5185; x_wconf 79' lang='lat' dir='ltr'><strong>oratione</strong></span> <span class='ocrx_word' id='word_1_752' title='bbox 3458 5150 3552 5207; x_wconf 72' lang='lat' dir='ltr'><strong>pa-</strong></span> 
     </span>
    </p>
   </div>
   <div class='ocr_carea' id='block_1_90' title="bbox 364 5199 3552 5277">
    <p class='ocr_par' dir='ltr' id='par_1_90' title="bbox 364 5199 3552 5277">
     <span class='ocr_line' id='line_1_90' title="bbox 364 5199 3552 5277; baseline -0 -22"><span class='ocrx_word' id='word_1_753' title='bbox 364 5201 478 5269; x_wconf 77' lang='grc'><strong>(95)</strong></span> <span class='ocrx_word' id='word_1_754' title='bbox 512 5199 620 5254; x_wconf 86' lang='lat' dir='ltr'><strong>Leo</strong></span> <span class='ocrx_word' id='word_1_755' title='bbox 654 5200 909 5277; x_wconf 67' lang='lat' dir='ltr'><strong>Allatius,</strong></span> <span class='ocrx_word' id='word_1_756' title='bbox 963 5202 1040 5257; x_wconf 78' lang='lat' dir='ltr'><strong>De</strong></span> <span class='ocrx_word' id='word_1_757' title='bbox 1097 5199 1299 5277; x_wconf 62' lang='lat' dir='ltr'><strong>Erclcs.</strong></span> <span class='ocrx_word' id='word_1_758' title='bbox 1341 5204 1518 5277; x_wconf 81' lang='lat' dir='ltr'><strong>Uccid.</strong></span> <span class='ocrx_word' id='word_1_759' title='bbox 1563 5213 1611 5258; x_wconf 77' lang='lat' dir='ltr'><strong>et</strong></span> <span class='ocrx_word' id='word_1_760' title='bbox 1664 5204 1867 5261; x_wconf 79' lang='lat' dir='ltr'><strong>Orient.</strong></span> <span class='ocrx_word' id='word_1_761' title='bbox 1970 5199 2262 5277; x_wconf 73' lang='lat' dir='ltr'><strong>iriarcliam</strong></span> <span class='ocrx_word' id='word_1_762' title='bbox 2286 5199 2478 5277; x_wconf 67' lang='lat' dir='ltr'><strong>ipsum,</strong></span> <span class='ocrx_word' id='word_1_763' title='bbox 2512 5199 2938 5275; x_wconf 69' lang='lat' dir='ltr'><strong>Dyrrhachinuni</strong></span> <span class='ocrx_word' id='word_1_764' title='bbox 2968 5205 3283 5272; x_wconf 73' lang='lat' dir='ltr'><strong>episcopum.</strong></span> <span class='ocrx_word' id='word_1_765' title='bbox 3321 5211 3393 5277; x_wconf 73' lang='lat' dir='ltr'><strong>7c:</strong></span> <span class='ocrx_word' id='word_1_766' title='bbox 3416 5203 3552 5255; x_wconf 83' lang='lat' dir='ltr'><strong>alios</strong></span> 
     </span>
    </p>
   </div>
   <div class='ocr_carea' id='block_1_91' title="bbox 327 5271 3553 5345">
    <p class='ocr_par' dir='ltr' id='par_1_91' title="bbox 327 5271 3553 5345">
     <span class='ocr_line' id='line_1_91' title="bbox 327 5271 3553 5345; baseline -0 -21"><span class='ocrx_word' id='word_1_767' title='bbox 327 5288 443 5341; x_wconf 69' lang='lat' dir='ltr'><strong>erp.</strong></span> <span class='ocrx_word' id='word_1_768' title='bbox 500 5287 761 5345; x_wconf 60' lang='lat' dir='ltr'><strong>causeris._7</strong></span> <span class='ocrx_word' id='word_1_769' title='bbox 793 5272 988 5345; x_wconf 60' lang='lat' dir='ltr'><strong>ii7b:_ll.</strong></span> <span class='ocrx_word' id='word_1_770' title='bbox 1036 5286 1156 5345; x_wconf 81' lang='lat' dir='ltr'><strong>cap_.</strong></span> <span class='ocrx_word' id='word_1_771' title='bbox 1196 5271 1287 5345; x_wconf 73' lang='lat'><strong>176.</strong></span> <span class='ocrx_word' id='word_1_772' title='bbox 1321 5285 1457 5329; x_wconf 84' lang='lat' dir='ltr'><strong>Sect.</strong></span> <span class='ocrx_word' id='word_1_773' title='bbox 1486 5276 1538 5337; x_wconf 70' lang='grc'><strong>2,</strong></span> <span class='ocrx_word' id='word_1_774' title='bbox 1595 5278 1870 5344; x_wconf 82' lang='lat' dir='ltr'><strong>pontillcis</strong></span> <span class='ocrx_word' id='word_1_775' title='bbox 1970 5275 2269 5345; x_wconf 81' lang='lat' dir='ltr'><strong>perplures,</strong></span> <span class='ocrx_word' id='word_1_776' title='bbox 2308 5271 2580 5329; x_wconf 66' lang='grc' dir='ltr'><strong>ἰςειίιιεεος⁷</strong></span> <span class='ocrx_word' id='word_1_777' title='bbox 2620 5279 2672 5329; x_wconf 81' lang='lat' dir='ltr'><strong>in</strong></span> <span class='ocrx_word' id='word_1_778' title='bbox 2705 5294 2859 5330; x_wconf 82' lang='lat' dir='ltr'><strong>suam</strong></span> <span class='ocrx_word' id='word_1_779' title='bbox 2889 5277 3053 5328; x_wconf 65' lang='lat' dir='ltr'><strong>traxit</strong></span> <span class='ocrx_word' id='word_1_780' title='bbox 3104 5271 3445 5331; x_wconf 74' lang='lat' dir='ltr'><strong>sententiam,</strong></span> <span class='ocrx_word' id='word_1_781' title='bbox 3486 5290 3553 5345; x_wconf 71' lang='lat' dir='ltr'><strong>77w</strong></span> 
     </span>
    </p>
   </div>
   <div class='ocr_carea' id='block_1_92' title="bbox 314 5342 3549 5417">
    <p class='ocr_par' dir='ltr' id='par_1_92' title="bbox 314 5342 3549 5417">
     <span class='ocr_line' id='line_1_92' title="bbox 314 5342 3549 5417; baseline 0.002 -20"><span class='ocrx_word' id='word_1_782' title='bbox 314 5343 525 5417; x_wconf 70' lang='lat' dir='ltr'><strong>{omani</strong></span> <span class='ocrx_word' id='word_1_783' title='bbox 563 5342 842 5417; x_wconf 68' lang='lat' dir='ltr'><strong>Benedicti</strong></span> <span class='ocrx_word' id='word_1_784' title='bbox 874 5342 971 5417; x_wconf 69' lang='grc' dir='ltr'><strong>ΧΠ</strong></span> <span class='ocrx_word' id='word_1_785' title='bbox 1025 5343 1089 5396; x_wconf 88' lang='lat' dir='ltr'><strong>ad</strong></span> <span class='ocrx_word' id='word_1_786' title='bbox 1126 5342 1425 5417; x_wconf 66' lang='lat' dir='ltr'><strong>Bohertum</strong></span> <span class='ocrx_word' id='word_1_787' title='bbox 1453 5342 1653 5417; x_wconf 62' lang='lat' dir='ltr'><strong>Sicilia)</strong></span> <span class='ocrx_word' id='word_1_788' title='bbox 1684 5362 1866 5416; x_wconf 83' lang='lat' dir='ltr'><strong>regem</strong></span> <span class='ocrx_word' id='word_1_789' title='bbox 1970 5342 2129 5416; x_wconf 67' lang='lat' dir='ltr'><strong>legati</strong></span> <span class='ocrx_word' id='word_1_790' title='bbox 2161 5346 2423 5417; x_wconf 81' lang='lat' dir='ltr'><strong>pontiﬁcis</strong></span> <span class='ocrx_word' id='word_1_791' title='bbox 2453 5348 2790 5408; x_wconf 75' lang='lat' dir='ltr'><strong>audirentur,</strong></span> <span class='ocrx_word' id='word_1_792' title='bbox 2818 5346 3325 5417; x_wconf 70' lang='lat' dir='ltr'><strong>repudiarenturque</strong></span> <span class='ocrx_word' id='word_1_793' title='bbox 3349 5344 3549 5417; x_wconf 66' lang='lat' dir='ltr'><strong>omnia.</strong></span> 
     </span>
    </p>
   </div>
   <div class='ocr_carea' id='block_1_93' title="bbox 289 5411 3551 5485">
    <p class='ocr_par' dir='ltr' id='par_1_93' title="bbox 289 5411 3551 5485">
     <span class='ocr_line' id='line_1_93' title="bbox 289 5411 3551 5485; baseline -0.001 -19"><span class='ocrx_word' id='word_1_794' title='bbox 289 5414 582 5485; x_wconf 71' lang='lat' dir='ltr'><strong>epistolam</strong></span> <span class='ocrx_word' id='word_1_795' title='bbox 630 5412 860 5485; x_wconf 79' lang='lat' dir='ltr'><strong>profert,</strong></span> <span class='ocrx_word' id='word_1_796' title='bbox 904 5413 1089 5467; x_wconf 84' lang='lat' dir='ltr'><strong>datam</strong></span> <span class='ocrx_word' id='word_1_797' title='bbox 1125 5411 1410 5485; x_wconf 79' lang='lat' dir='ltr'><strong>Avenione</strong></span> <span class='ocrx_word' id='word_1_798' title='bbox 1464 5432 1521 5471; x_wconf 86' lang='grc' dir='ltr'><strong>ιιι</strong></span> <span class='ocrx_word' id='word_1_799' title='bbox 1559 5416 1673 5470; x_wconf 84' lang='lat' dir='ltr'><strong>Kal.</strong></span> <span class='ocrx_word' id='word_1_800' title='bbox 1713 5411 1865 5485; x_wconf 61' lang='grc' dir='ltr'><strong>εὗρε.</strong></span> <span class='ocrx_word' id='word_1_801' title='bbox 1968 5411 2085 5485; x_wconf 67' lang='lat' dir='ltr'><strong>qlia:</strong></span> <span class='ocrx_word' id='word_1_802' title='bbox 2140 5411 2475 5471; x_wconf 65' lang='lat' dir='ltr'><strong>concordiam</strong></span> <span class='ocrx_word' id='word_1_803' title='bbox 2511 5418 2737 5472; x_wconf 83' lang='lat' dir='ltr'><strong>similem</strong></span> <span class='ocrx_word' id='word_1_804' title='bbox 2781 5411 3019 5471; x_wconf 76' lang='lat' dir='ltr'><strong>stabilire</strong></span> <span class='ocrx_word' id='word_1_805' title='bbox 3062 5411 3383 5485; x_wconf 39' lang='lat' dir='ltr'><strong>viderentur:</strong></span> <span class='ocrx_word' id='word_1_806' title='bbox 3444 5412 3551 5465; x_wconf 73' lang='lat' dir='ltr'><strong>Leo</strong></span> 
     </span>
    </p>
   </div>
   <div class='ocr_carea' id='block_1_94' title="bbox 289 5482 3547 5555">
    <p class='ocr_par' dir='ltr' id='par_1_94' title="bbox 289 5482 3547 5555">
     <span class='ocr_line' id='line_1_94' title="bbox 289 5482 3547 5555; baseline -0.001 -18"><span class='ocrx_word' id='word_1_807' title='bbox 289 5501 384 5537; x_wconf 82' lang='lat' dir='ltr'><strong>an.</strong></span> <span class='ocrx_word' id='word_1_808' title='bbox 426 5482 559 5538; x_wconf 83' lang='lat' dir='ltr'><strong>Chr.</strong></span> <span class='ocrx_word' id='word_1_809' title='bbox 593 5483 749 5555; x_wconf 63' lang='lat' dir='ltr'><strong>l7559.</strong></span> <span class='ocrx_word' id='word_1_810' title='bbox 781 5484 943 5553; x_wconf 80' lang='lat' dir='ltr'><strong>eique</strong></span> <span class='ocrx_word' id='word_1_811' title='bbox 997 5482 1577 5555; x_wconf 63' lang='lat' dir='ltr'><strong>epistolzesubjungit</strong></span> <span class='ocrx_word' id='word_1_812' title='bbox 1611 5500 1728 5540; x_wconf 78' lang='lat' dir='ltr'><strong>aeta</strong></span> <span class='ocrx_word' id='word_1_813' title='bbox 1769 5482 1865 5539; x_wconf 66' lang='grc' dir='ltr'><strong>(ἐο-</strong></span> <span class='ocrx_word' id='word_1_814' title='bbox 1967 5482 2203 5542; x_wconf 74' lang='lat' dir='ltr'><strong>Allatius</strong></span> <span class='ocrx_word' id='word_1_815' title='bbox 2234 5498 2478 5553; x_wconf 82' lang='lat' dir='ltr'><strong>tempora</strong></span> <span class='ocrx_word' id='word_1_816' title='bbox 2514 5488 2823 5555; x_wconf 80' lang='lat' dir='ltr'><strong>confundit.</strong></span> <span class='ocrx_word' id='word_1_817' title='bbox 2855 5487 2989 5541; x_wconf 86' lang='lat' dir='ltr'><strong>Nam</strong></span> <span class='ocrx_word' id='word_1_818' title='bbox 3017 5486 3195 5539; x_wconf 82' lang='lat' dir='ltr'><strong>oratio</strong></span> <span class='ocrx_word' id='word_1_819' title='bbox 3226 5484 3314 5555; x_wconf 91' lang='lat' dir='ltr'><strong>illa</strong></span> <span class='ocrx_word' id='word_1_820' title='bbox 3338 5482 3547 5551; x_wconf 84' lang='lat' dir='ltr'><strong>Grego-</strong></span> 
     </span>
    </p>
   </div>
   <div class='ocr_carea' id='block_1_95' title="bbox 289 5553 3546 5625">
    <p class='ocr_par' dir='ltr' id='par_1_95' title="bbox 289 5553 3546 5625">
     <span class='ocr_line' id='line_1_95' title="bbox 289 5553 3546 5625; baseline -0 -21"><span class='ocrx_word' id='word_1_821' title='bbox 289 5558 418 5625; x_wconf 71' lang='lat' dir='ltr'><strong>lit‘ﬂl</strong></span> <span class='ocrx_word' id='word_1_822' title='bbox 445 5569 589 5607; x_wconf 84' lang='lat' dir='ltr'><strong>anno</strong></span> <span class='ocrx_word' id='word_1_823' title='bbox 618 5553 763 5625; x_wconf 82' lang='lat' dir='ltr'><strong>inter</strong></span> <span class='ocrx_word' id='word_1_824' title='bbox 794 5554 1047 5607; x_wconf 86' lang='lat' dir='ltr'><strong>eumdem</strong></span> <span class='ocrx_word' id='word_1_825' title='bbox 1079 5553 1437 5608; x_wconf 78' lang='lat' dir='ltr'><strong>Benedictum</strong></span> <span class='ocrx_word' id='word_1_826' title='bbox 1467 5572 1659 5625; x_wconf 85' lang='lat' dir='ltr'><strong>papam</strong></span> <span class='ocrx_word' id='word_1_827' title='bbox 1691 5558 1867 5611; x_wconf 83' lang='lat' dir='ltr'><strong>etAn-</strong></span> <span class='ocrx_word' id='word_1_828' title='bbox 1980 5574 2053 5611; x_wconf 70' lang='lat' dir='ltr'><strong>rae</strong></span> <span class='ocrx_word' id='word_1_829' title='bbox 2084 5575 2193 5612; x_wconf 91' lang='lat' dir='ltr'><strong>non</strong></span> <span class='ocrx_word' id='word_1_830' title='bbox 2230 5559 2295 5610; x_wconf 85' lang='lat' dir='ltr'><strong>ad</strong></span> <span class='ocrx_word' id='word_1_831' title='bbox 2327 5574 2413 5610; x_wconf 92' lang='lat' dir='ltr'><strong>an.</strong></span> <span class='ocrx_word' id='word_1_832' title='bbox 2454 5553 2587 5612; x_wconf 83' lang='lat' dir='ltr'><strong>Chr.</strong></span> <span class='ocrx_word' id='word_1_833' title='bbox 2627 5558 2766 5611; x_wconf 79' lang='grc'><strong>1559</strong></span> <span class='ocrx_word' id='word_1_834' title='bbox 2817 5566 2911 5610; x_wconf 88' lang='lat' dir='ltr'><strong>aut</strong></span> <span class='ocrx_word' id='word_1_835' title='bbox 2969 5557 3106 5610; x_wconf 71' lang='lat' dir='ltr'><strong>15th</strong></span> <span class='ocrx_word' id='word_1_836' title='bbox 3152 5554 3410 5624; x_wconf 81' lang='lat' dir='ltr'><strong>pertinet,</strong></span> <span class='ocrx_word' id='word_1_837' title='bbox 3453 5555 3546 5606; x_wconf 81' lang='lat' dir='ltr'><strong>sed</strong></span> 
     </span>
    </p>
   </div>
   <div class='ocr_carea' id='block_1_96' title="bbox 290 5624 3275 5697">
    <p class='ocr_par' dir='ltr' id='par_1_96' title="bbox 290 5624 3275 5697">
     <span class='ocr_line' id='line_1_96' title="bbox 290 5624 3275 5697; baseline 0 -18"><span class='ocrx_word' id='word_1_838' title='bbox 290 5624 509 5697; x_wconf 67' lang='lat' dir='ltr'><strong>dronici</strong></span> <span class='ocrx_word' id='word_1_839' title='bbox 536 5624 776 5697; x_wconf 70' lang='lat' dir='ltr'><strong>iunioris</strong></span> <span class='ocrx_word' id='word_1_840' title='bbox 797 5625 1397 5697; x_wconf 58' lang='lat' dir='ltr'><strong>legatos,7Barlaamum</strong></span> <span class='ocrx_word' id='word_1_841' title='bbox 1426 5624 1482 5680; x_wconf 82' lang='lat' dir='ltr'><strong>et</strong></span> <span class='ocrx_word' id='word_1_842' title='bbox 1523 5627 1863 5696; x_wconf 80' lang='lat' dir='ltr'><strong>Stephanum</strong></span> <span class='ocrx_word' id='word_1_843' title='bbox 1972 5628 2061 5682; x_wconf 86' lang='lat' dir='ltr'><strong>ad.</strong></span> <span class='ocrx_word' id='word_1_844' title='bbox 2094 5645 2183 5682; x_wconf 89' lang='lat' dir='ltr'><strong>an.</strong></span> <span class='ocrx_word' id='word_1_845' title='bbox 2221 5629 2379 5692; x_wconf 64' lang='lat'><strong>1535,</strong></span> <span class='ocrx_word' id='word_1_846' title='bbox 2414 5639 2472 5681; x_wconf 86' lang='lat' dir='ltr'><strong>ut</strong></span> <span class='ocrx_word' id='word_1_847' title='bbox 2503 5645 2669 5697; x_wconf 89' lang='lat' dir='ltr'><strong>supra</strong></span> <span class='ocrx_word' id='word_1_848' title='bbox 2700 5629 2907 5682; x_wconf 89' lang='lat' dir='ltr'><strong>dictum</strong></span> <span class='ocrx_word' id='word_1_849' title='bbox 2933 5635 3035 5697; x_wconf 77' lang='lat' dir='ltr'><strong>est.</strong></span> <span class='ocrx_word' id='word_1_850' title='bbox 3065 5627 3275 5680; x_wconf 75' lang='lat' dir='ltr'><strong>Borvm.</strong></span> 
     </span>
    </p>
   </div>
   <div class='ocr_carea' id='block_1_97' title="bbox 293 5693 3552 5769">
    <p class='ocr_par' dir='ltr' id='par_1_97' title="bbox 293 5693 3552 5769">
     <span class='ocr_line' id='line_1_97' title="bbox 293 5693 3552 5769; baseline 0.001 -23"><span class='ocrx_word' id='word_1_851' title='bbox 293 5697 313 5769; x_wconf 77' lang='lat' dir='ltr'><em>l7</em></span> <span class='ocrx_word' id='word_1_852' title='bbox 338 5695 630 5769; x_wconf 73' lang='lat' dir='ltr'><strong>auanum,</strong></span> <span class='ocrx_word' id='word_1_853' title='bbox 671 5695 762 5763; x_wconf 86' lang='lat' dir='ltr'><strong>qui</strong></span> <span class='ocrx_word' id='word_1_854' title='bbox 818 5693 885 5748; x_wconf 88' lang='lat' dir='ltr'><strong>de</strong></span> <span class='ocrx_word' id='word_1_855' title='bbox 923 5695 1313 5769; x_wconf 34' lang='lat' dir='ltr'><strong>EeAc-lesiai&#39;mn</strong></span> <span class='ocrx_word' id='word_1_856' title='bbox 1357 5693 1652 5769; x_wconf 75' lang='lat' dir='ltr'><strong>concordia</strong></span> <span class='ocrx_word' id='word_1_857' title='bbox 1684 5701 1859 5754; x_wconf 83' lang='lat' dir='ltr'><strong>acturi</strong></span> <span class='ocrx_word' id='word_1_858' title='bbox 2045 5699 2158 5769; x_wconf 71' lang='lat' dir='ltr'><strong>(9i)</strong></span> <span class='ocrx_word' id='word_1_859' title='bbox 2187 5700 2485 5753; x_wconf 70' lang='lat' dir='ltr'><strong>Andronici</strong></span> <span class='ocrx_word' id='word_1_860' title='bbox 2519 5693 2754 5753; x_wconf 82' lang='lat' dir='ltr'><strong>senioris</strong></span> <span class='ocrx_word' id='word_1_861' title='bbox 2782 5700 2925 5769; x_wconf 61' lang='lat' dir='ltr'><strong>imp.</strong></span> <span class='ocrx_word' id='word_1_862' title='bbox 2953 5695 3095 5751; x_wconf 84' lang='lat' dir='ltr'><strong>ﬁlius</strong></span> <span class='ocrx_word' id='word_1_863' title='bbox 3129 5693 3552 5769; x_wconf 73' lang='lat' dir='ltr'><strong>secupdo&#39;geni-</strong></span> 
     </span>
    </p>
   </div>
   <div class='ocr_carea' id='block_1_98' title="bbox 291 5713 3547 5838">
    <p class='ocr_par' dir='ltr' id='par_1_98' title="bbox 291 5713 3547 5838">
     <span class='ocr_line' id='line_1_98' title="bbox 293 5713 3547 5769; baseline 0.001 -23"><span class='ocrx_word' id='word_1_864' title='bbox 293 5713 308 5746; x_wconf 87' lang='grc' dir='ltr'><strong>ι</strong></span> <span class='ocrx_word' id='word_1_865' title='bbox 338 5713 630 5755; x_wconf 83' lang='lat' dir='ltr'><strong>anumum,</strong></span> <span class='ocrx_word' id='word_1_866' title='bbox 671 5713 762 5763; x_wconf 81' lang='lat' dir='ltr'><strong>qui</strong></span> <span class='ocrx_word' id='word_1_867' title='bbox 818 5713 885 5748; x_wconf 91' lang='lat' dir='ltr'><strong>ue</strong></span> <span class='ocrx_word' id='word_1_868' title='bbox 923 5713 1293 5749; x_wconf 74' lang='lat' dir='ltr'><strong>muesrarmn</strong></span> <span class='ocrx_word' id='word_1_869' title='bbox 1357 5713 1652 5751; x_wconf 76' lang='lat' dir='ltr'><strong>concordia</strong></span> <span class='ocrx_word' id='word_1_870' title='bbox 1684 5713 1859 5754; x_wconf 80' lang='lat' dir='ltr'><strong>acturi</strong></span> <span class='ocrx_word' id='word_1_871' title='bbox 2045 5713 2158 5769; x_wconf 69' lang='lat' dir='ltr'><strong>(tu)</strong></span> <span class='ocrx_word' id='word_1_872' title='bbox 2187 5713 2485 5753; x_wconf 74' lang='lat' dir='ltr'><strong>Andromel</strong></span> <span class='ocrx_word' id='word_1_873' title='bbox 2519 5715 2754 5753; x_wconf 78' lang='lat' dir='ltr'><strong>senioris</strong></span> <span class='ocrx_word' id='word_1_874' title='bbox 2783 5714 2851 5751; x_wconf 86' lang='lat' dir='ltr'><strong>nn</strong></span> <span class='ocrx_word' id='word_1_875' title='bbox 2900 5738 2913 5750; x_wconf 89' lang='lat'><strong>.</strong></span> <span class='ocrx_word' id='word_1_876' title='bbox 2953 5713 3095 5751; x_wconf 84' lang='lat' dir='ltr'><strong>unus</strong></span> <span class='ocrx_word' id='word_1_877' title='bbox 3129 5713 3374 5752; x_wconf 81' lang='lat' dir='ltr'><strong>secundo</strong></span> <span class='ocrx_word' id='word_1_878' title='bbox 3396 5713 3547 5764; x_wconf 86' lang='lat' dir='ltr'><strong>gem-</strong></span> 
     </span>
     <span class='ocr_line' id='line_1_99' title="bbox 291 5713 3547 5838; baseline 0 -19"><span class='ocrx_word' id='word_1_879' title='bbox 291 5766 635 5838; x_wconf 71' lang='lat' dir='ltr'><strong>Avenioncm</strong></span> <span class='ocrx_word' id='word_1_880' title='bbox 669 5773 960 5838; x_wconf 78' lang='lat' dir='ltr'><strong>venerant.</strong></span> <span class='ocrx_word' id='word_1_881' title='bbox 989 5765 1257 5838; x_wconf 74' lang='lat' dir='ltr'><strong>Denique,</strong></span> <span class='ocrx_word' id='word_1_882' title='bbox 1306 5768 1390 5822; x_wconf 87' lang='lat' dir='ltr'><strong>his</strong></span> <span class='ocrx_word' id='word_1_883' title='bbox 1419 5768 1672 5821; x_wconf 79' lang='lat' dir='ltr'><strong>omnibus</strong></span> <span class='ocrx_word' id='word_1_884' title='bbox 1711 5771 1858 5827; x_wconf 75' lang='lat' dir='ltr'><strong>yelut</strong></span> <span class='ocrx_word' id='word_1_885' title='bbox 1974 5777 2071 5823; x_wconf 20' lang='lat' dir='ltr'><strong>tus.</strong></span> <span class='ocrx_word' id='word_1_886' title='bbox 2097 5787 2163 5824; x_wconf 82' lang='lat' dir='ltr'><strong>ex</strong></span> <span class='ocrx_word' id='word_1_887' title='bbox 2194 5773 2348 5825; x_wconf 78' lang='lat' dir='ltr'><strong>Anna</strong></span> <span class='ocrx_word' id='word_1_888' title='bbox 2380 5770 2551 5838; x_wconf 80' lang='lat' dir='ltr'><strong>prima</strong></span> <span class='ocrx_word' id='word_1_889' title='bbox 2592 5784 2782 5823; x_wconf 75' lang='lat' dir='ltr'><strong>uxore.</strong></span> <span class='ocrx_word' id='word_1_890' title='bbox 2831 5713 2969 5823; x_wconf 59' lang='lat' dir='ltr'><strong>\iide</strong></span> <span class='ocrx_word' id='word_1_891' title='bbox 2992 5776 3224 5823; x_wconf 88' lang='lat' dir='ltr'><strong>stemma</strong></span> <span class='ocrx_word' id='word_1_892' title='bbox 3256 5766 3547 5835; x_wconf 72' lang='lat' dir='ltr'><strong>Palzsolog.</strong></span> 
     </span>
    </p>
   </div>
   <div class='ocr_carea' id='block_1_99' title="bbox 292 5835 3046 5906">
    <p class='ocr_par' dir='ltr' id='par_1_99' title="bbox 292 5835 3046 5906">
     <span class='ocr_line' id='line_1_100' title="bbox 292 5835 3046 5906; baseline 0.002 -16"><span class='ocrx_word' id='word_1_893' title='bbox 292 5836 657 5905; x_wconf 73' lang='lat' dir='ltr'><strong>praestructis,</strong></span> <span class='ocrx_word' id='word_1_894' title='bbox 699 5835 813 5897; x_wconf 73' lang='lat' dir='ltr'><strong>haec</strong></span> <span class='ocrx_word' id='word_1_895' title='bbox 854 5836 971 5906; x_wconf 83' lang='lat' dir='ltr'><strong>ipse</strong></span> <span class='ocrx_word' id='word_1_896' title='bbox 1000 5835 1150 5893; x_wconf 86' lang='lat' dir='ltr'><strong>addit</strong></span> <span class='ocrx_word' id='word_1_897' title='bbox 1179 5836 1245 5891; x_wconf 87' lang='lat' dir='ltr'><strong>de</strong></span> <span class='ocrx_word' id='word_1_898' title='bbox 1276 5853 1377 5893; x_wconf 83' lang='lat' dir='ltr'><strong>suo</strong></span> <span class='ocrx_word' id='word_1_899' title='bbox 1412 5838 1743 5895; x_wconf 71' lang='lat' dir='ltr'><strong>:Concordia</strong></span> <span class='ocrx_word' id='word_1_900' title='bbox 1777 5850 1859 5896; x_wconf 81' lang='grc' dir='ltr'><strong>ια·</strong></span> <span class='ocrx_word' id='word_1_901' title='bbox 1970 5852 2026 5899; x_wconf 83' lang='lat' dir='ltr'><strong>et</strong></span> <span class='ocrx_word' id='word_1_902' title='bbox 2064 5835 2471 5905; x_wconf 54' lang='lat' dir='ltr'><strong>scriptores&#39;ibi</strong></span> <span class='ocrx_word' id='word_1_903' title='bbox 2510 5839 2779 5896; x_wconf 87' lang='lat' dir='ltr'><strong>laudatos.</strong></span> <span class='ocrx_word' id='word_1_904' title='bbox 2814 5840 3046 5894; x_wconf 63' lang='lat' dir='ltr'><strong>Ducam.</strong></span> 
     </span>
    </p>
   </div>
  </div>
