4248 6442
293 356 409 431 725
584 363 661 436 [Α.
703 376 756 417 c.
801 362 938 418 1318
972 378 1037 418 Αο
1083 360 1240 432 lui]

1321 368 1449 428 BYZ
1473 369 1755 430 \NTINKE
1797 372 2179 433 IIISTORIJE
2225 372 2369 432 LIB.
2401 372 2513 432 XI.

2631 364 2768 438 [11η.
2811 378 3092 421 Αιιοιιοιιισ.
3124 363 3276 435 δυσ.)

3418 370 3525 432 726

276 476 468 531 [πειτα
498 476 723 540 ἑκόντας
755 477 1013 532 ἐνδιδῦναι
1072 477 1164 531 καὶ
1194 478 1250 541 ἐς
1281 478 1530 549 προφανῆ
1562 480 1653 534 καὶ
1682 481 1857 549 ἀναμ-
1882 494 1925 551 Α

1845 510 1857 521 -
1882 494 1925 551 Α
1959 480 2161 535 nostris
2222 480 2367 534 ultro
2426 479 2786 549 praecipitare.
2843 478 3122 550 Legationi
3172 476 3308 535 lllud
3358 480 3522 533 etiam

276 569 614 641 φισσήτητον
634 569 874 622 κίνδυνον
889 567 1077 639 ὥσπερ
1102 568 1357 623 συνωθεῖν
1376 572 1512 639 μετά
1530 571 1635 625 τῶν
1655 574 1686 641 ή
1695 572 1851 641 μετέ-

280 678 391 731 ρων
423 663 517 714 καὶ
555 663 703 732 ἡμᾶς
742 660 959 724 αὐτούς.
999 660 1337 731 Ἐπήνεγκαν
1373 662 1429 715 δὲ
1471 665 1538 734 τῇ
1583 662 1852 734 πρεσϐεία

278 752 374 807 καὶ
402 752 590 823 ὥσπερ
617 752 739 805 τινά
765 752 988 823 ἐπῳδὸν,
1005 750 1079 816 ὡς
1107 754 1155 805 εί
1189 753 1262 823 μὴ
1296 753 1641 823 διανασταίης
1660 756 1754 808 καὶ
1784 755 1848 807 σὺ

1960 571 2332 627 conclusionis
2368 571 2482 627 vice
2524 572 2849 641 adjecerunt
2895 588 2909 625 :
2944 574 3000 626 ni
3048 570 3528 641 expergisceretur

1958 672 2014 717 et
2074 676 2178 715 una
2229 676 2414 716 secum
2462 676 2780 715 communes
2820 662 3006 717 hostes
3050 669 3417 732 oppugnaret,
3469 666 3529 715 et

1961 754 2139 823 ipsum
2167 754 2342 809 hostis
2373 755 2495 810 loco
2519 754 2787 809 futurum.

281 844 402 914 μεθ’
428 844 584 915 ήμῶν
618 848 672 908 ἐς
704 844 917 914 ἄμυναν
945 844 1053 897 τῶν
1085 845 1279 899 κοινῶν
1310 846 1585 917 πολεμίων
1607 887 1621 912 ,
1654 847 1753 900 οὐκ
1787 846 1851 899 ἂν
1890 845 2115 914 φθάνοις
2148 848 2243 903 καὶ
2277 848 2438 911 αὐτὸς
2474 847 2563 915 ὑφ’
2626 847 2781 917 ἡμῶν
2815 848 2907 902 τσα
2973 850 3084 910 τοῖς
3120 846 3334 918 ἐχθροῖς
3367 844 3530 899 πολε-

279 958 383 1012 μου
391 956 568 1008 μενος.

348 1036 427 1090 f".
467 1035 653 1089 Ταῦτα
684 1035 776 1088 τὸν
810 1034 1041 1105 βασιλέα
1076 1036 1390 1106 ἠνάγκασεν
1423 1040 1502 1102 είς
1535 1038 1634 1108 τὴν
1667 1036 1853 1106 κοινὴν

276 1126 371 1180 καὶ
399 1126 563 1180 αὐτὴν
587 1127 792 1199 ταύτην
817 1130 1007 1199 χρείαν
1032 1130 1409 1201 διαναστῆναι.
1437 1132 1548 1184 Καὶ
1574 1132 1694 1183 ἐπεὶ
1721 1148 1855 1201 χρη-

280 1221 471 1292 μάτων
510 1222 769 1288 ἐσπάνιζε
810 1224 878 1276 τὰ
924 1223 1176 1293 βασιλικά
1216 1229 1459 1294 ταμιεῖα,
1507 1227 1716 1290 πέμπει
1755 1225 1852 1296 τὴν

275 1313 537 1383 ταχίστην
566 1316 693 1377 τοὺς
723 1314 819 1375 τὰς
856 1316 946 1370 ἐπὶ
979 1315 1166 1387 Θρᾴκῃ
1199 1317 1293 1368 καὶ
1325 1315 1636 1387 Μακεδονίᾳ
1670 1315 1853 1386 χώρας

277 1406 372 1459 καὶ
408 1404 589 1467 πόλεις
625 1406 1183 1477 ἀργυρολογήσοντας,
1221 1407 1313 1460 καὶ
1344 1406 1514 1460 ταῦτα
1549 1407 1718 1460 πολλᾶ
1758 1424 1853 1460 πε-

275 1496 575 1565 πονηκυίας
604 1496 710 1550 ὑπό
737 1515 793 1551 τε
821 1498 931 1552 τῶν
960 1498 1147 1553 ἄλλοτε
1177 1499 1352 1563 ἄλλως
1383 1500 1646 1552 ἐπιόντων
1674 1501 1853 1569 φόρων

274 1587 371 1640 καὶ
400 1589 503 1640 ὑπὸ
528 1588 635 1640 τῶν
662 1590 872 1659 συχνῶν
896 1590 1100 1660 ἐφόδων
1126 1591 1278 1645 ἐνθεν
1308 1592 1407 1653 μὲν
1435 1593 1541 1645 τῶν
1570 1591 1850 1660 Τούρκων,

276 1677 489 1731 ἐκεῖθεν
521 1677 577 1732 δέ
616 1681 726 1732 τῶν
769 1681 1109 1751 Βουλγάρων.
1154 1682 1369 1734 Τούτων
1407 1681 1578 1745 οὕτως
1620 1683 1852 1751 ἐχόντων

275 1767 375 1831 τάς
402 1786 460 1820 τε
491 1771 729 1834 παλαιάς
762 1772 1128 1839 ἐπεσκεύαζον
1155 1774 1285 1837 ναῦς
1316 1776 1410 1828 καὶ
1439 1776 1633 1845 ἐτέρας
1667 1775 1724 1843 ἐξ
1755 1776 1851 1829 αὐ-

2031 1032 2123 1088 lll.
2167 1032 2241 1087 Ita
2298 1033 2615 1101 imperator,
2658 1031 2969 1086 communis
3012 1030 3159 1086 illius
3194 1030 3319 1086 belli
3349 1033 3533 1087 socius

1956 1140 2077 1181 esse
2131 1132 2372 1188 coactus,
2432 1138 2557 1178 cum
2615 1123 2779 1177 fiscus
2838 1122 3223 1190 imperatorius
3281 1124 3530 1191 pecunit'e

1957 1216 2140 1285 inopia
2186 1216 2478 1276 laboraret.
2526 1216 2859 1269 tributorum
2913 1223 3197 1269 exactores
3238 1216 3293 1268 in
3354 1214 3530 1269 Thra-

1957 1310 2099 1365 ciam
2144 1319 2197 1361 et
2232 1307 2603 1362 Macedoniam
2645 1308 2828 1362 statim
2874 1308 3062 1375 misit;
3104 1308 3359 1378 quamvis
3389 1308 3536 1362 illius

1959 1410 2165 1457 tractus
2218 1401 2381 1455 urbes
2410 1416 2473 1455 ac
2548 1402 2841 1469 provinciae
2895 1403 3132 1455 multum
3173 1402 3285 1470 jam
3329 1410 3538 1455 vexata:

1956 1501 2137 1557 erant,
2170 1501 2283 1546 tum
2320 1492 2703 1548 exactionibus
2731 1494 2866 1548 alias
2894 1493 3042 1555 aliis.
3094 1501 3212 1547 tum
3263 1492 3537 1547 incursio-

1956 1585 2121 1639 nibtts
2174 1584 2388 1639 crebris
2421 1583 2546 1639 hinc
2580 1584 2908 1650 Turcorum,
2956 1585 3107 1640 illinc
3148 1584 3533 1654 Bulgarorum.

1955 1678 2167 1731 interea
2198 1686 2486 1736 etveteres
2518 1691 2686 1729 naves
2716 1675 3062 1744 reﬁciuntur,
3103 1687 3159 1732 et
3214 1677 3336 1731 alia:
3380 1691 3537 1730 nova:

1957 1787 2055 1841 per
2087 1780 2252 1823 totam
2276 1771 2416 1825 hanc
2446 1769 2681 1824 hiemem
2707 1785 2735 1823 a
2763 1769 3137 1825 fundamentis
3156 1778 3533 1824 exstruuntur.

274 1862 385 1913 τῶν
419 1862 521 1931 ήδη
562 1864 847 1933 κρηπίδων
882 1866 1292 1935 ἐναυπηγοῦντο
1335 1867 1464 1936 παρ’
1493 1868 1611 1920 ὅλον
1646 1868 1857 1920 τουτονὶ
1890 1852 1929 1906 Β

1890 1852 1929 1906 Β
1965 1863 2078 1919 Sub
2112 1862 2256 1916 veris
2295 1864 2501 1917 exitum
2532 1863 2834 1933 imperator
2864 1862 3028 1934 525
3061 1863 3253 1933 viginti
3306 1862 3537 1916 navibus

274 1950 366 2005 τὸν
394 1953 659 2020 χειμῶνα.
685 1954 885 2025 Ἐαρος
914 1956 969 2010 δὲ
1002 1959 1099 2029 ήδη
1131 1959 1386 2029 λήγοντος
1416 1961 1443 2012 ὁ
1476 1961 1573 2029 μὲν
1602 1959 1860 2027 βασιλεὺς

276 2040 453 2094 εἴκοσι
486 2042 618 2105 ναῦς
655 2046 1033 2115 πεπληρωκὼς
1071 2049 1202 2116 πρὸς
1239 2050 1473 2103 ἔκπλουν
1507 2053 1857 2122 παρεσκευά-

277 2132 421 2200 ζετο,
452 2135 726 2208 ναύαρχος
757 2139 1036 2211 ἐθελοντὴς
1066 2142 1227 2205 αὐτὸς
1259 2143 1352 2195 τοῦ
1384 2143 1570 2195 στόλοι»
1603 2143 1859 2211 γιγνόμε·

274 2243 386 2293 νος,
421 2229 516 2283 καὶ
545 2229 718 2284 ταῦτα
750 2232 883 2303 πρὸς
916 2234 1015 2302 τῆς
1048 2236 1282 2303 συζύγου
1314 2237 1598 2306 δεσποίνης
1628 2238 1719 2290 καὶ
1749 2237 1875 2291 τῶν

273 2318 453 2374 ἄλλων
482 2322 738 2378 ἁπάντων
768 2327 1133 2395 κωλυόμενος,
1165 2329 1254 2383 διὰ
1281 2330 1341 2382 τὸ
1373 2332 1448 2400 μὴ
1480 2333 1534 2393 ἐς
1563 2333 1721 2398 ἀξίαν
1754 2332 1852 2401 βα-

275 2412 491 2481 σιλικῆς
537 2419 821 2488 περιωπῆς
863 2422 930 2475 τά
975 2422 1199 2477 τοιαῦτα
1240 2425 1349 2477 τῶν
1392 2424 1569 2493 ἔργων
1614 2425 1858 2495 ἀνήκειν.

1957 1956 2247 2025 completis
2297 1965 2450 2025 parat
2503 1971 2561 2011 se
2611 1956 2675 2009 ad
2711 1956 3131 2025 profectionem,
3156 1964 3213 2010 et
3243 1956 3359 2024 ipse
3390 1956 3539 2008 ultro

1956 2051 2149 2106 classis
2192 2050 2506 2120 praefectum
2561 2048 2706 2120 agit;
2758 2050 2924 2119 idque
2971 2048 3322 2119 impcratriee
3369 2064 3539 2102 uxore

1957 2152 2013 2197 et
2040 2142 2258 2198 exteris
2292 2143 2552 2197 omnibus
2582 2144 3021 2212 prohibentibus,
3046 2142 3192 2211 quod
3228 2140 3539 2196 istiusmodi

1957 2249 2047 2288 res
2085 2234 2153 2288 ab
2182 2234 2537 2303 imperatoria
2571 2235 2855 2306 majestate
2886 2234 3079 2289 aliena:
3104 2243 3308 2290 essent.
3333 2233 3538 2299 Atille,

1964 2335 2023 2380 ut
2052 2334 2270 2391 caetera,
2310 2327 2382 2381 ita
2414 2327 2556 2381 hanc
2585 2342 2805 2397 quoque
2856 2343 2971 2382 rem
3008 2342 3106 2382 sua
3149 2327 3446 2396 praesentia
3486 2333 3543 2380 et

1959 2432 2123 2488 opera
2167 2417 2365 2475 confici
2402 2419 2642 2483 volebat,
2669 2420 2951 2475 alacritate
2985 2429 3041 2475 et
3087 2420 3284 2475 bellico
3331 2420 3541 2490 impetu

286 2499 348 2555 '0
393 2503 439 2556 δ’
466 2504 655 2579 ὥσπερ
701 2511 760 2562 ὲν
805 2513 918 2575 τοῖς
964 2512 1143 2578 ἄλλοις
1195 2516 1494 2586 αὐτουργὸς
1540 2516 1705 2579 αὐτὸς
1749 2516 1860 2569 τῶν
1955 2525 1963 2580 1

1955 2512 2176 2580 plenus.
2206 2511 2526 2566 Latinarum
2562 2520 2744 2567 tamen
2784 2512 3067 2581 copiarum
3096 2512 3393 2567 adventum
3444 2527 3542 2567 ex-

274 2598 617 2666 γιγνομένων
650 2600 1018 2673 ἐφιλοτιμεῖτο
1052 2604 1370 2674 γίγνεσθαι,
1403 2606 1546 2660 οὕτω
1577 2606 1857 2662 κάνταῦθα

1952 2601 2266 2674 spectabat.
2303 2604 2510 2659 Verum
2556 2604 2634 2659 illi
2671 2619 2849 2673 nuper
2903 2605 3048 2660 inter
3091 2605 3240 2674 ipsos
3270 2607 3409 2660 ortis
3452 2612 3542 2659 tu-

275 2686 414 2739 πολὺ
453 2690 512 2742 τὺ
558 2691 843 2763 φιλότιμον
880 2694 1003 2765 ἔσχε
1050 2700 1144 2751 καὶ
1184 2697 1398 2769 πλήρης
1440 2695 1507 2770 ἦν
1546 2698 1854 2771 πολεμικῆς

1952 2702 2220 2757 multibus
2251 2703 2528 2772 occupati,
2556 2717 2711 2773 spem
2764 2702 2886 2773 ejus
2928 2701 3269 2767 fefellerunt,
3302 2716 3367 2757 ac
3398 2701 3539 2756 nihil

275 2778 474 2849 ὁρμῆς.
519 2783 783 2854 Ἐκάθητο
818 2787 876 2841 δὲ
920 2789 1072 2859 ὅμως
1114 2793 1205 2843 καὶ
1248 2793 1348 2862 τὴν
1392 2792 1497 2845 τῶν
1542 2793 1849 2847 Λατινικῶν
1947 2817 1952 2843 ‹

1481 2812 1497 2840 δ
1542 2793 1849 2847 Λατινικῶν
1947 2808 2141 2848 eorum
2171 2810 2291 2864 qua:
2323 2796 2695 2865 promiserant
2725 2795 2974 2850 exsecuti
3006 2804 3158 2849 sunt.

275 2869 560 2942 δυνάμεων
590 2877 771 2945 ἄφιξιν
797 2881 1127 2951 περιμένων.
1159 2884 1322 2938 Ἀλλά
1349 2886 1478 2954 περὶ
1508 2887 1633 2950 τοὺς
1660 2886 1856 2940 νεωστὶ
1892 2886 2130 2954 φυέντας
2172 2888 2231 2941 ἐν
2303 2886 2487 2956 σφίσιν
2520 2887 2705 2949 αὐτοῖς
2780 2886 3045 2957 θορύϐους
3078 2886 3172 2940 καὶ
3207 2886 3450 2957 ταραχὰς
3490 2885 3542 2939 οἱ

276 2962 498 3021 Λατῖνοι
524 2969 917 3041 ἀσχοληθέντες
942 2975 1210 3045 ἄπρακτοι
1240 2980 1332 3032 καὶ
1360 2980 1576 3049 ψευδεῖς
1606 2984 1731 3049 περὶ
1755 2981 1852 3044 τὰς
1893 2981 2229 3050 ἐπαγγελίας
2258 2983 2558 3052 ἐφάνησαν.

345 3059 423 3117 Δ’.
457 3063 604 3117 Οἱδέ
649 3063 841 3121 Ῥόδιοι
884 3070 997 3141 (96)
1024 3072 1117 3127 καὶ
1154 3074 1205 3127 οἱ
1265 3076 1365 3146 τὴν
1415 3077 1683 3145 παράλιον
1738 3078 1855 3130 Φώ-

277 3170 445 3207 καιαν
478 3156 769 3224 οἰκοῦντες,
796 3160 829 3232 ή
872 3162 1102 3232 πλησίον
1124 3169 1300 3221 κεῖται
1325 3169 1425 3238 τῆς
1460 3170 1738 3240 Σμύρνης,
1758 3172 1855 3224 καὶ⁸

2033 3078 2119 3134 IV.
2153 3063 2354 3133 Rhodii
2394 3095 2526 3134 vero
2553 3088 2608 3134 et
2662 3080 2947 3134 maritima:
2978 3080 3220 3135 Phoeaaze
3270 3080 3545 3136 habitato-

1965 3185 2073 3234 res,
2103 3186 2225 3239 qua:
2256 3171 2389 3226 urbs
2417 3188 2587 3242 prope
2619 3171 2907 3240 Smyrnam
2942 3171 3047 3227 sita
3077 3182 3181 3237 est,
3206 3184 3270 3227 ac
3312 3182 3544 3242 praeter-

277 3246 417 3315 πρὸς
438 3247 649 3313 τούτοις
677 3251 705 3302 ὁ
724 3251 833 3305 τῶν
853 3255 1152 3312 Κυκλάδων
1168 3261 1344 3330 νήσων
1364 3238 1856 3335 ἡγεμονεύων(97),
1887 3238 1932 3298 C

1887 3238 1932 3298 ο
1962 3280 2025 3319 ea
2052 3265 2346 3337 Cycladum
2391 3265 2693 3320 insularum
2770 3264 3049 3333 princeps.
3083 3263 3320 3318 consilio
3349 3262 3540 3319 fraude

277 3337 418 3408 δόλῳ
453 3342 818 3411 μεταθέμενοι
848 3346 943 3399 τὸν
974 3349 1197 3411 σκοπὸν.
1227 3352 1481 3424 σύνθημα
1510 3356 1668 3424 ἔσχον
1687 3357 1861 3428 λάθρα

279 3428 572 3486 ἐπιθέσθαι
599 3437 719 3497 ταῖς
762 3452 823 3488 τε
865 3436 1208 3510 Ῥωμαϊκαῖς
1274 3446 1457 3515 νήσοις
1515 3450 1607 3501 καὶ
1668 3451 1862 3515 αὐταῖς

278 3519 402 3582 ταῖς
425 3520 522 3573 τοῦ
580 3522 848 3592 βασιλέως
881 3536 1165 3597 ναυτικαῖς
1218 3535 1525 3605 δυνάμεσι·
1582 3539 1861 3607 δείσαντες

280 3610 437 3677 ίσως,
470 3613 545 3684 μὴ
579 3617 606 3668 ὁ
638 3616 889 3685 βασιλεὺς
912 3621 1021 3674 τῶν
1043 3621 1218 3678 ἄλλων
1243 3627 1513 3699 ἀφέμενος
1535 3632 1624 3683 ἐπ’
1661 3634 1860 3699 αὐτοὺς

280 3704 577 3775 τρέψηται.
608 3709 776 3764 Ὅθεν
802 3713 896 3766 ἐπὶ
924 3716 1129 3771 Λὲσὸον
1165 3720 1511 3789 ὁρμήσαντες
1543 3722 1660 3793 ἅμα
1700 3728 1860 3780 ναυσὶ

285 3800 689 3855 πεντεκαίδεκα
711 3805 812 3873 τῆς
847 3806 945 3875 μέν
973 3807 1140 3879 ἄλλης
1170 3811 1333 3879 νήσου
1382 3813 1562 3885 κύριοι
1608 3820 1860 3886 γενέσθαι

281 3892 425 3955 τέως
453 3893 553 3948 οὐκ
580 3896 926 3967 ἠδυνήθησαν
948 3917 962 3932 °
1011 3902 1166 3957 αὐτοὶ
1193 3905 1250 3958 δὲ
1288 3906 1364 3977 τῷ
1392 3907 1573 3976 λιμένι
1606 3913 1702 3980 τῆς
1750 3913 1859 3965 Μι-

283 3982 522 4073 τυλήνης
552 3986 663 4058 (98)
687 3987 946 4061 ἐξαίφνης
973 3994 1334 4065 προσσχόντες
1364 3997 1626 4071 προδοσίᾳ
1647 4000 1744 4073 τὴν
1768 4004 1863 4056 πό-

282 4070 368 4124 λιν
395 4066 540 4127 εἷλον
572 4078 753 4141 εὐθύς.

356 4166 435 4217 Ε⁹.
463 4165 814 4237 Βουλομένων
853 4173 907 4227 δέ
964 4175 1072 4230 τῶν
1106 4194 1166 4229 τε
1205 4178 1427 4234 Ῥοδίων
1485 4184 1577 4236 καὶ
1627 4185 1722 4238 τοῦ
1756 4187 1862 4241 τῶν

281 4257 590 4313 Κυκλάδων
630 4264 811 4333 νήσων
843 4268 1112 4339 ἡγεμόνος
1145 4271 1215 4324 τά
1242 4289 1301 4325 τε
1333 4276 1591 4344 χρήματα
1625 4278 1860 4348 διαρπά-

286 4366 381 4404 σαι
422 4354 517 4406 καὶ
544 4354 643 4424 τὴν
674 4356 841 4428 ἄλλην
872 4361 1066 4431 ἐπίσης
1096 4366 1455 4434 ἐπικράτειαν
1479 4369 1860 4440 διανείμασθαι

1966 3367 2177 3414 mutato
2242 3360 2581 3428 pepigerant,
2607 3373 2665 3411 se
2715 3357 2992 3411 Romanas
3048 3356 3257 3412 insulas
3286 3365 3342 3411 et
3396 3359 3542 3427 ipsas

1966 3451 2308 3518 imperatoris
2339 3452 2527 3520 cepias
2560 3450 2698 3503 clam
2731 3449 3023 3503 adorturos
3050 3466 3064 3502 :
3092 3448 3256 3503 veriti
3286 3447 3539 3515 fortasse,

1965 3556 2034 3597 ne
2064 3542 2153 3595 hic
2176 3543 2300 3597 aliis
2322 3541 2543 3596 omissis
2571 3557 2723 3595 arma
2758 3541 2809 3594 in
2861 3541 3008 3611 ipsos
3039 3548 3407 3594 converteret.
3435 3538 3543 3594 Ita-

1964 3647 2069 3702 que
2106 3648 2230 3688 cum
2287 3633 2521 3687 navibus
2559 3632 2874 3702 quindecim
2926 3630 3161 3686 Lesbum
3196 3631 3429 3701 profecti
3459 3647 3544 3687 re-

1965 3727 2112 3797 liqua
2157 3727 2379 3796 quidem
2432 3726 2608 3780 insula
2646 3724 2813 3795 potiri
2855 3724 3003 3779 illico
3054 3739 3166 3777 non
3204 3733 3539 3793 potuerunt;

1965 3796 2059 3873 sed
2106 3796 2391 3890 Mitylehes
2447 3828 2669 3887 portum
2714 3816 3017 3888 derepente
3075 3815 3305 3887 ingressi
3347 3816 3542 3873 urbem

1968 3910 2280 3980 proditione
2314 3910 2499 3965 statim
2528 3918 2818 3981 ceperunt.

2039 4190 2104 4246 V.
2137 4191 2275 4247 Cum
2332 4202 2516 4247 autem
2572 4191 2775 4248 Rhodii
2817 4202 2872 4249 et
2896 4165 3197 4265 'Cycladum
3234 4195 3539 4252 insularum

1966 4287 2224 4356 princeps
2252 4301 2385 4355 opes
2416 4285 2657 4356 diripere
2687 4296 2744 4342 et
2768 4287 3034 4359 reliquam
3066 4288 3277 4359 pariter
3310 4288 3539 4345 Lesbio-

1967 4394 2087 4432 rum
2120 4378 2382 4434 ditionem
2415 4379 2601 4449 partiri
2650 4380 2856 4435 vellent
2889 4399 2901 4433 :
2938 4380 3290 4435 Phocaeorum
3343 4382 3543 4437 ductor

282 4443 398 4545 των
435 4446 706 4512 Λεσϐίων,
730 4449 868 4521 δόλῳ
891 4453 999 4505 τινὶ
1057 4456 1149 4507 καὶ
1210 4458 1393 4529 ἀπάτῃ
1445 4464 1791 4534 χρησάμενος
1834 4467 1863 4518 ὁ

1858 4488 1863 4513 ι
1963 4468 2197 4523 Catanes
2229 4469 2357 4525 dolo
2401 4485 2465 4524 ac
2522 4468 2712 4524 fraude
2757 4486 2889 4535 usus
2919 4485 3081 4525 suum
3139 4471 3450 4540 praesidium
3482 4472 3535 4527 in

282 4537 398 4587 τῶν
427 4537 698 4643 Φωκαέων
746 4543 989 4614 ἀρχηγὸς
1051 4547 1308 4618 Κατάνης
1363 4551 1477 4621 (99)
1535 4554 1743 4608 οἰκείαν
1798 4573 1940 4634 τευ

1886 4573 1940 4634 D
1971 4561 2163 4615 urbem
2198 4562 2519 4627 introduxit,
2549 4562 2765 4631 illisque
2798 4563 3044 4632 deceptis
3073 4537 3193 4618 eam
3218 4563 3321 4618 sibi
3356 4564 3535 4619 vindi-

285 4632 538 4697 φρουράν
570 4632 867 4703 εἰσήγαγεν
896 4638 977 4699 είς
1027 4639 1127 4707 τὴν
1158 4641 1473 4712 Μιτυλήνην
1509 4648 1602 4698 καὶ
1656 4647 1861 4716 ταύτην
1888 4632 1915 4634 -

1860 4670 1861 4681 η
1962 4655 2125 4708 cavit.
2153 4653 2283 4707 Inde
2312 4655 2457 4707 enim
2488 4653 2654 4708 totius
2701 4656 2895 4711 insulae
2921 4655 3001 4709 vel
3039 4654 3201 4725 526
3228 4656 3347 4711 sine
3373 4656 3537 4712 sociis

284 4721 701 4791 ἐσφετερίσατο,
728 4727 950 4792 τούτους
1016 4735 1570 4803 παρακρουσάμενος.
1606 4738 1858 4810 Ἐνὸμισε

1856 4780 1858 4787 ›
1964 4760 2023 4801 se
2058 4746 2216 4799 facile
2258 4746 2561 4814 potiturum
2608 4761 2729 4802 esse
2779 4747 3009 4816 putabat
3032 4721 3290 4818 {quippe
3320 4751 3413 4818 qui
3443 4765 3533 4803 so-

284 4815 399 4883 γάρ
421 4818 621 4887 ῥᾳδίως
654 4821 864 4876 ἐκεῖθεν
913 4825 1005 4879 καὶ
1037 4827 1166 4896 ὅλης
1219 4828 1347 4882 ἄνευ
1400 4833 1705 4902 συμμάχων
1763 4835 1860 4904 τῆς

1857 4854 1860 4893 :
1964 4838 2052 4892 ius
2098 4838 2347 4905 utrisque
2405 4837 2514 4891 illis
2560 4836 2722 4891 simul
2765 4838 2975 4908 junctis
3020 4839 3277 4906 superior
3321 4840 3534 4895 viribus

284 4909 454 4977 νήσου
481 4912 802 4981 κρατήσειν,
836 4914 932 4968 ἆτε
994 4916 1220 4973 πλείονα
1262 4926 1691 4993 συναμφοτέρων
1722 4926 1865 4978 ἐκεί-

1854 4955 1865 4967 -
1967 4926 2128 4982 foret.
2160 4928 2209 4983 ls
2232 4927 2378 4982 enim
2408 4928 2557 4984 solus
2595 4938 2721 4983 octo
2760 4930 3009 4984 triremes
3045 4929 3371 4996 adduxerat,
3396 4947 3531 5001 quas

287 5017 398 5052 νων
428 5001 587 5071 μόνος
626 5004 787 5069 αὐτὸς
837 5010 1177 5081 κεκτημένος
1214 5013 1469 5085 δύναμιν.
1526 5014 1704 5070 Ὀκτὼ
1764 5020 1865 5085 μέν

1857 5037 1865 5067 1
1968 5018 2173 5075 Genua:
2202 5019 2577 5089 compleverat
2614 5036 2628 5075 :
2678 5019 2879 5075 Rhodii
2916 5037 3047 5077 vero
3096 5031 3331 5092 quatuor
3361 5040 3375 5077 :
3410 5022 3534 5077 reli-

1625 5172 1963 5235 Vartorum
1993 5181 2183 5236 notua.

363 5308 477 5384 (96)
536 5307 769 5384 blilit_es_
814 5309 1027 5365 ordinis
1091 5309 1417 5384 Hpospitalisi
1469 5312 1858 5384 Hierosolymi-

289 5380 406 5504 gmi
433 5418 449 5441 ,
484 5380 577 5445 qui
617 5377 872 5433 Rhodum
907 5394 1054 5434 anno
1086 5377 1225 5435 1510
1258 5381 1451 5437 Turcis
1490 5377 1854 5447 abstulerant.

341 5463 530 5503 cum.

341 5463 530 5503 L'CANG.

365 5518 482 5584 (97)
540 5518 795 5590 Nicolaus
853 5520 1133 5584 Sauutus,
1203 5523 1295 5590 qui
1347 5524 1525 5589 Naxi,
1586 5524 1860 5579 interdum

293 5588 663 5659 Egmopelagi
713 5590 909 5644 ducent
947 5607 1070 5645 sese
1130 5588 1487 5649 inscribebat.
1514 5588 1520 5589 ⁷
1546 5595 1681 5649 Vide
1717 5593 1859 5649 Hist.

291 5659 764 5730 Franco-Byzant.
822 5662 918 5716 lib.
953 5677 1050 5725 vn,
1100 5678 1156 5715 tt.
1210 5662 1300 5718 20.
1355 5664 1497 5721 Infra
1558 5665 1862 5718 Κυκλάδων

292 5731 476 5799 νήσων
498 5731 767 5799 ἀρχηγός.
805 5732 1038 5787 Dccaxc.

373 5800 487 5869 198)
523 5804 887 5857 Lantacnzett.
917 5803 1010 5858 lib.
1047 5818 1104 5869 tt,
1138 5818 1256 5874 cap.
1288 5804 1377 5870 29,
1419 5804 1509 5860 ubi
1543 5807 1608 5861 de
1640 5815 1796 5877 capta
1828 5822 1857 5861 a

1968 5315 2196 5400 Catania
2224 5319 2477 5400 Mitylene
2501 5325 2633 5400 agit.
2670 5324 2905 5400 Quane.

2043 5390 2151 5457 (99)
2181 5390 2495 5463 Dominicus
2516 5390 2791 5463 Catanias,
2845 5392 3077 5451 Andreae
3122 5395 3215 5463 qui
3248 5397 3531 5453 Phocaeam

1968 5473 2165 5533 novam
2198 5462 2778 5533 subjugaveratﬁlius,
2829 5472 2889 5517 ut
2932 5474 3018 5519 est
3047 5462 3191 5533 apud
3226 5467 3526 5522 Cantacnz.

1963 5528 2057 5582 lib.
2090 5545 2151 5597 tt,
2184 5528 2314 5600 cap:
2344 5528 2424 5587 l3.
2467 5530 2675 5602 Duplex
2723 5533 2873 5588 enim
2910 5533 3013 5587 fuit
3043 5528 3268 5591 Phocaea
3300 5553 3316 5592 :
3358 5539 3530 5591 altera

1959 5612 2121 5666 quam
2157 5602 2457 5673 antiquam,
2492 5603 2665 5673 altera
2691 5618 2856 5673 quam
2885 5618 3081 5659 novam
3130 5618 3347 5667 vocant,
3396 5606 3531 5662 Gre-

1958 5683 2123 5745 geras
2172 5671 2471 5738 παραλίαν.
2543 5671 3057 5745 Ηοιισυοδιιξειηεηι
3104 5676 3227 5745 jure
3262 5678 3541 5733 clientela

1957 5739 2220 5809 deinceps
2260 5756 2327 5795 ex
2363 5752 2522 5810 pacto
2577 5757 2702 5797 cum
2730 5739 3079 5801 'Andronico
3104 5739 3338 5803 'seniore
3394 5748 3531 5805 inito

1958 5818 2185 5866 tenuere
2220 5811 2482 5868 Catanizc.
2528 5813 2760 5870 Decus.
