4248 6442
281 405 393 470 7‘29
534 404 610 480 [Α.
651 419 704 463 c.
748 406 885 464 I328
919 424 987 464 an
1034 406 1194 480 13M]

1306 413 1749 476 ΒΥΖΑΝἸῚΝᾸΕ
1790 418 2172 478 lllSI‘ORIJE
2211 421 2359 484 LII}.
2403 422 2504 481 XI.

2642 417 2775 489 [tum
2812 432 3095 473 ANDRONIC.
3135 419 3283 493 ium]

3428 425 3535 489 730

279 522 435 595 οὗδέν
463 524 626 577 πλέον
655 526 1129 598 διαπραττόμενον
1153 526 1243 579 τὸν
1286 527 1511 598 βασιλέα
1547 527 1735 595 ἐώρων
1763 529 1850 581 ἐπ’

1958 540 2148 586 contra
2182 546 2241 584 se
2275 531 2457 584 moliri
2504 544 2819 590 cernerent.
2869 534 2963 587 sed
3010 544 3181 589 totum
3233 534 3533 607 Mitylenma

282 615 504 679 αὐτοὺς,
534 616 650 668 ἀλλ’
681 616 804 671 ὅλον
836 616 1213 686 ήσχολημένον
1252 622 1377 685 περὶ
1407 617 1497 669 τὸν
1528 620 1581 680 ἐς
1615 619 1854 687 Μιτυλή-

281 725 382 777 νην
437 709 755 774 ἀπόπλουν,
793 711 1282 779 ἀναθαρρήσαντες
1347 712 1526 780 μάχην
1589 711 1858 781 ἐκήρυξαν

281 801 529 868 φανερὰν
558 804 650 854 καὶ
683 803 855 866 ἀδεῶς
880 803 933 864 ἐς
965 820 1023 855 τε
1084 802 1410 866 Βυζαντίους
1444 805 1534 855 καὶ
1597 803 1652 863 ἐς
1675 803 1859 863 ,αὐτὴν

283 892 513 963 βασιλέα
539 894 826 964 ἐνύϐριζον
875 894 1123 960 ξυλίνους
1160 910 1215 943 τε
1247 887 1585 962 περιήλασαν
1617 893 1859 962 πύργους

217 1034 225 1042 .
282 990 396 1052 τοϊς
424 989 634 1041 ἑαυτῶν
672 991 929 1056 τείχεσι·
1006 988 1100 1039 καὶ
1160 985 1269 1038 τῶν
1311 983 1563 1054 μεγάλων
1620 982 1861 1035 ὁλκάδων

278 1079 382 1140 τὰς
415 1079 515 1147 μὲν
547 1080 626 1141 είς
650 1077 933 1146 πυθμένας
970 1076 1247 1145 θαλάσσης
1309 1075 1632 1135 κατέδυσαν,
1688 1073 1781 1135 τὰς
1815 1073 1858 1124 δ’

245 1171 609 1233 ’ὁπλίσαντες
642 1171 751 1239 πρὸ
778 1167 873 1222 τοῦ
900 1170 1118 1238 λιμένος
1185 1169 1299 1220 ἀντ’
1353 1165 1526 1220 ἄλλων
1579 1163 1862 1235 προϐόλων

284 1263 383 1314 καὶ
414 1262 836 1331 χαρακωμάτων
866 1261 1124 1328 ἔστησαν.
1161 1260 1222 1312 ’0
1267 1259 1325 1313 δέ
1354 1258 1606 1329 βασιλεὺς
1635 1258 1710 1328 μὴ
1742 1256 1863 1326 βου-

282 1357 515 1424 λόμενος
546 1356 644 1424 τὴν
674 1354 947 1424 τοσαύτην
982 1354 1348 1423 παρασκευὴν
1391 1350 1643 1424 ἐνταυθοῖ
1702 1367 1856 1419 περι-

287 1450 436 1517 σπᾷν
470 1447 868 1516 μεγαλοψύχως
896 1464 953 1499 τε
984 1448 1259 1517 ἐχρήσατο
1286 1447 1393 1508 τοῖς
1420 1443 1706 1514 παροῦσιν,
1729 1444 1867 1512 ἠμε-

283 1540 470 1609 ληκὼς
495 1540 555 1592 τὸ
595 1541 859 1610 παράπαν
890 1539 1093 1602 αὐτῶν,
1124 1540 1218 1592 καὶ
1250 1538 1385 1609 πρὸς
1411 1536 1648 1589 ἔκπλουν
1692 1522 1865 1602 παρε-

221 1677 229 1684 .
286 1635 589 1698 σκευάζετο
644 1635 795 1707 πάσῃ
857 1635 1085 1704 σπουδῇ,
1142 1631 1394 1695 πλείονας
1451 1630 1533 1682 ἔτι
1602 1627 1865 1697 δυνάμεις

286 1726 483 1795 ἀθροίζ
488 1745 587 1782 ων.

359 1818 443 1871 ﬂ'.
485 1817 640 1869 Ἐπεὶ
700 1816 757 1869 δέ
795 1816 987 1886 μέχρις
1031 1814 1168 1868 ὅλων
1233 1814 1373 1867 ἐπτὰ
1441 1812 1667 1882 ἡμερῶν
1718 1811 1867 1873 ἐντὸς

280 1911 500 1977 τείχους
532 1912 579 1961 oi
612 1911 671 1961 ἐν
694 1910 806 1967 τοῖς
860 1908 1099 1960 Γαλάτου
1146 1907 1369 1960 Λατῖνοι
1420 1903 1867 1972 συγκλεισθέντες

282 2002 513 2069 ἔμελλον
545 2002 647 2054 ὑπὸ
679 2000 773 2073 τοῦ
806 2002 1011 2053 οἰκείου
1041 2000 1217 2068 δήμου
1252 1996 1860 2066 διασπαραχοήσεσθαι,

282 2092 457 2145 διὰτὸ
490 2091 863 2159 μὴδύνασθαι
925 2091 1110 2158 φέρειν
1159 2091 1322 2142 πλέον
1383 2090 1452 2142 τὰ
1510 2089 1865 2157 συμπεσόντα

288 2186 446 2252 σφίσι
485 2183 657 2237 δεινάο
693 2183 884 2246 ὕδατός
933 2200 995 2235 τε
1019 2183 1126 2251 γὰρ
1184 2182 1477 2245 ἐσπάνιζον
1513 2184 1609 2236 καὶ
1643 2184 1742 2252 ὅση
1801 2183 1863 2233 ἐκ

282 2276 396 2327 τῶν
438 2275 690 2341 λαχάνων
723 2275 815 2327 καὶ
845 2274 1078 2344 ὀπωρῶν
1106 2269 1173 2345 ἦν
1203 2273 1564 2344 ψυχαγωγὶαο
1615 2274 1669 2327 οῖ
1696 2272 1744 2325 τ’
1794 2270 1861 2325 αὖ

285 2369 544 2436 ἀγοραῖοι
593 2368 691 2420 καὶ
726 2367 955 2436 πένητες
993 2366 1298 2435 ἄνθρωποι,
1333 2366 1428 2418 καὶ
1481 2364 1598 2417 ὅσοι
1654 2367 1719 2417 ἐκ
1752 2363 1863 2416 τῶν

282 2460 465 2513 ὠνίων
499 2460 559 2513 τὸ
593 2460 872 2529 ἐφήμερον
899 2458 1290 2512 ταλαντεύουσι
1338 2459 1553 2527 κέρδος,
1594 2454 1742 2512 οὗτοι
1804 2459 1862 2509 δέ

282 2552 549 2619 πλείστην
572 2550 939 2617 ὑπομένοντες
963 2549 1167 2618 ζημίαν
1195 2549 1377 2618 πολλῴ
1402 2549 1562 2601 πλέον
1588 2551 1727 2601 κατὰ
1756 2550 1889 2600 τῶν-

282 2642 647 2713 προεστώτων
709 2645 957 2695 Λατίνων
1025 2644 1353 2711 ἐμαίνοντο²
1423 2642 1512 2695 διὰ
1574 2643 1637 2710 δὴ
1686 2640 1861 2693 ταῦτα

282 2736 425 2805 πρὸς
489 2735 549 2787 τὸ
617 2735 1003 2805 ταπεινότερον
1073 2734 1486 2798 ἀπαλλάξαντες
1572 2732 1862 2795 ὑπέκυῲάν

281 2848 344 2883 τε
372 2830 449 2898 τῷ
488 2830 706 2899 βασιλεῖ
734 2832 829 2884 καὶ
875 2830 1210 2899 συγγνώμην
1260 2829 1417 2900 ἔσχον
1470 2829 1568 2898 τῆς
1628 2827 1860 2897 ἀκαίρου

280 2922 505 2991 ὀφρύος.
1486 2968 1497 2976 .

356 3012 431 3068 Θ’.
460 3014 566 3067 Τοῦ
604 3031 667 3081 γε
714 3013 816 3083 μὴν
852 3014 1005 3079 ἔτους
1053 3014 1154 3084 ήδη
1215 3012 1355 3079 μετά
1402 3012 1501 3073 τὰς
1536 3012 1628 3064 τοῦ
1660 3012 1862 3075 ’Κυνὸς

280 3109 437 3170 ὄντος
471 3109 743 3173 ἐπιτολὰς,
780 3109 869 3176 ὅτε
901 3108 968 3177 δὴ
1027 3109 1122 3161 καὶ
1160 3106 1513 3177 ἀφθονώτερα
1547 3106 1644 3158 τὰ
1672 3110 1863 3175 ἀρκτι-

280 3201 356 3253 ad
377 3199 664 3265 πνεύματα
690 3202 747 3261 ἐς
777 3200 876 3268 τὴν
914 3200 1065 3252 κάτω
1093 3199 1310 3266 χέονται
1353 3198 1651 3259 θάλατταν,
1722 3198 1859 3266 ἄρας

279 3297 309 3347 δ
345 3294 597 3362 βασιλεὺς
623 3291 761 3361 μετά
786 3293 965 3359 πάσης
978 3293 1077 3360 τῆς
1100 3292 1364 3359 ναυτικῆς
1393 3292 1679 3357 δυνάμεως
1706 3292 1859 3343 ἔπλει

282 3390 341 3448 ἐς
380 3386 720 3455 Μιτυλήνην.
766 3384 832 3436 Αἱ
870 3384 913 3436 δ’
940 3385 1079 3436 ἑπτά
1112 3384 1203 3436 τοῦ
1244 3385 1467 3452 Κατάνη
1496 3385 1748 3452 τριήρεις
1769 3384 1864 3449 τὴν

282 3476 607 3545 Μιτυλήνην
647 3475 1087 3544 παραπλέουσαι,
1117 3476 1394 3544 πλείουςῆ
1445 3475 1586 3527 κατά
1638 3476 1867 3541 «gestit»

282 3568 413 3620 κίαν
442 3568 702 3627 ἐπιούσας
734 3567 831 3627 τὰς
859 3565 949 3618 τοῦ
984 3565 1248 3633 βασιλέως
1309 3567 1634 3636 ἐωρακυῖαι,
1680 3567 1735 3617 al
1767 3566 1865 3632 μὲν

280 3657 379 3710 δύο
406 3657 686 3723 φθάσασαι
721 3654 1226 3726 προσωρμίσθησαν
1284 3658 1361 3722 τῷ
1415 3658 1513 3722 τῆς
1550 3654 1867 3721 Μιτυλήνης

282 3750 492 3820 λιμένι,
546 3752 599 3803 al
646 3749 701 3801 δὲ
754 3749 919 3803 πέντε
980 3750 1363 3812 άπεγνωκυῖαι
1417 3750 1472 3810 ἐς
1515 3749 1613 3817 τὴν
1671 3749 1866 3816 χέρσον

285 3842 608 3909 ἐξώκειλαν,
652 3840 747 3895 καὶ¹
782 3823 983 3900 πάντες
1011 3842 1060 3893 oi
1109 3842 1165 3893 ἐν
1194 3842 1382 3901 αὑταῖς
1419 3840 1744 3906 ἀποθέμενοι
1800 3840 1868 3891 τὰ

283 3934 427 3988 ὅπλα
456 3933 688 4002 ἔφευγον
714 3949 727 3961 ·
767 3929 841 3985 ὧν
867 3934 916 3986 οι
950 3933 1048 4003 μέν
1074 3934 1311 4002 ἔδραμον
1342 3937 1423 3995 εἰς
1461 3936 1560 4001 τὴν
1618 3935 1865 4001 Μιτυλή-

281 4045 407 4098 νην,
434 4028 485 4078 οί
514 4026 558 4080 δ’
603 4026 787 4098 ἀνοδίᾳ
843 4029 1179 4097 χρησάμενοι
1230 4028 1602 4097 διευθάρησαν
1628 4029 1732 4080 ὑπὸ
1761 4027 1869 4079 τῶν

284 4120 559 4174 Λεσϐίων.
592 4120 703 4181 Τάς
762 4121 817 4174 δὲ
867 4120 1028 4172 πέντε
1080 4120 1212 4177 ναῦς
1249 4120 1478 4190 πλήρεις
1542 4121 1724 4173 ὃπλων
1772 4122 1868 4173 καὶ

284 4214 538 4283 ὀψωνίων
568 4214 840 4266 ναυτικῶν
878 4216 925 4265 οί
960 4214 1053 4265 τοῦ
1098 4213 1359 4281 βασιλέως
1412 4213 1671 4275 λαόὁντες
1733 4214 1871 4266 ἀπέ-

288 4308 534 4361 πλευσαν
563 4304 623 4368 ἒς
646 4307 775 4357 Χίον
808 4306 905 4373 τὴν
930 4306 1093 4374 νῆσον
1127 4307 1240 4376 ἅμα
1271 4306 1348 4376 τῷ
1377 4306 1615 4373 βασιλεῖ,
1648 4305 1869 4375 πληρώ-

288 4415 477 4460 σοντες
504 4399 601 4460 τάς
640 4398 740 4464 ἤδη
772 4395 1075 4464 ληφθείσας
1132 4396 1294 4447 πέντε
1346 4398 1595 4466 τριήρεις
1651 4397 1869 4458 ἐκείνας

286 4488 497 4559 ἐρετῶν
522 4505 577 4539 τε
618 4486 711 4538 καὶ
735 4487 922 4537 ὁπόσοι
954 4486 1015 4536 ἐκ
1055 4484 1163 4534 τῶν
1228 4485 1722 4554 καταστρωμάτων
1776 4485 1873 4551 μά.-

1959 622 2305 691 navigatione
2334 623 2589 692 occupari
2617 640 2629 675 :
2663 623 2790 677 elati
2823 625 3021 678 animis
3052 634 3304 694 apertum
3332 605 3535 681 bellum
3595 605 3605 615 ’

1959 714 2319 780 denuntiant;
2354 732 2453 770 nec
2475 715 2651 769 solum
2694 715 2989 786 Byzantiis.
3023 719 3117 773 sed
3146 730 3201 774 et
3229 708 3329 790 ipsi
3366 721 3537 788 impe-

1962 808 2129 861 ratori
2166 809 2428 862 audacter
2473 809 2737 871 illudunt,
2774 810 2970 880 ligneis
3003 813 3247 867 turribus
3280 827 3380 867 sua
3407 828 3544 867 uio:-

1961 900 2050 953 nia
2092 899 2639 969 circumpleetuntur,
2698 918 2924 973 magnas
2970 903 3208 972 denique
3256 906 3543 959 onerarias

1962 991 2162 1059 partim
2214 992 2269 1045 in
2319 991 2550 1045 fundum
2585 992 2749 1047 maris
2800 992 3145 1062 demergunt.
3179 995 3376 1062 partim
3415 1004 3543 1048 ante

1962 1095 2184 1151 portum
2213 1092 2459 1137 armatas
2513 1084 2883 1139 munitionum
2931 1095 2988 1140 et
3016 1090 3273 1156 aggerum
3303 1087 3423 1141 vice
3447 1103 3543 1154 op-

1964 1182 2195 1243 ponunt.
2231 1175 2535 1244 Imperator
2568 1190 2722 1241 vero,
2750 1177 3097 1245 cum-copias
3129 1186 3280 1231 tanto
3304 1192 3541 1247 appara-

1966 1270 2023 1316 tu
2061 1278 2091 1317 a
2152 1280 2209 1319 se
2262 1265 2559 1320 instructas
2598 1266 2772 1322 nollet
2827 1282 2895 1321 eo
2940 1266 3084 1321 bello
3133 1266 3389 1329 distrahi,
3424 1281 3543 1319 ma-

1963 1374 2131 1428 gnum
2164 1360 2309 1415 inter
2338 1361 2453 1415 haec
2481 1362 2728 1416 animum
2758 1376 2869 1431 prae
2910 1376 2968 1416 se
3006 1362 3153 1425 tulit,
3182 1360 3289 1415 illis
3315 1373 3542 1430 prorsus

1964 1450 2247 1520 neglectis,
2275 1461 2332 1505 et
2359 1452 2508 1505 omni
2541 1453 2725 1507 studio
2768 1453 2832 1506 ad
2868 1452 3269 1522 navigationem
3291 1466 3349 1506 se
3383 1465 3545 1520 para-

1968 1543 2046 1598 vit
2070 1558 2136 1598 ac
2161 1560 2334 1599 novas
2359 1546 2465 1599 sibi
2500 1546 2646 1601 vires
2671 1546 2944 1616 quaesivit.

2038 1816 2169 1870 VIII.
2202 1815 2305 1870 Sed
2335 1832 2459 1871 cum
2489 1817 2668 1871 Latini
2706 1817 2927 1872 Galataai
2960 1818 3027 1870 ad
3062 1828 3271 1887 septem
3301 1816 3543 1884 integros

1900 1889 1939 1942 Β
1969 1905 2089 1961 dies
2122 1908 2398 1962 moenibus
2450 1908 2567 1963 suis
2603 1908 2798 1962 inclusi
2833 1909 3187 1973 mansissent,
3221 1924 3285 1963 ac
3310 1909 3419 1979 jam
3472 1907 3541 1960 iis

1969 2001 2241 2054 tumultus
2267 2002 2335 2054 ab
2365 1999 2583 2054 civibus
2620 1999 2734 2055 suis
2768 2000 3106 2064 immineret,
3148 2001 3241 2070 qui
3276 2001 3416 2053 mala
3452 2016 3543 2054 ur-

1964 2095 2151 2163 gentia
2179 2093 2392 2147 diutius
2423 2093 2658 2148 tolerare
2708 2108 2818 2148 non
2854 2103 3111 2163 poterant
3137 2094 3297 2152 tnam’
3318 2103 3374 2147 et
3400 2109 3540 2161 aqua

1964 2196 2022 2242 et
2057 2188 2206 2241 onmi
2237 2186 2533 2241 herbarum
2578 2200 2975 2256 pomorumque
3006 2186 3204 2239 solatio
3235 2187 3540 2251 carebant),

1962 2283 2019 2329 et
2060 2274 2486 2329 circumforanei
2527 2289 2593 2329 ac
2628 2288 2899 2342 pauperes
2952 2273 3233 2336 homines,
3258 2286 3315 2326 et
3369 2274 3462 2340 qui
3514 2288 3545 2326 e

1962 2365 2289 2435 quotidiano
2331 2366 2666 2420 venditionis
2712 2365 2914 2420 lucello
2971 2366 3443 2425 sustentabantnr,
3506 2364 3541 2418 ii

1963 2457 2185 2512 demum
2243 2459 2478 2512 maxima
2522 2458 2734 2529 jactura
2777 2456 2918 2511 facta
2951 2458 3123 2527 magis
3155 2458 3318 2510 etiam
3353 2465 3545 2509 contra

1963 2551 2319 2620 magistratus
2382 2550 2607 2621 Latinos
2665 2549 2973 2602 insanirent
3026 2567 3039 2602 :
3092 2549 3163 2602 ob
3211 2547 3327 2601 lure
3379 2548 3546 2616 igitur

1963 2643 2093 2697 facti
2154 2642 2520 2696 modestiores
2574 2642 2889 2709 imperatori
2914 2656 3035 2695 sese
3060 2640 3460 2705 submiserunt,
3493 2648 3547 2692 et

1964 2733 2364 2803 intempestiva:
2394 2732 2665 2801 superbiae
2694 2733 2907 2786 veniam
2945 2732 3331 2801 impetrarunt.

2034 3014 2122 3069 IX.
2146 3016 2275 3071 Post
2312 3016 2584 3070 Caniculae
2636 3025 2909 3079 exortum,
2946 3016 3223 3085 annojam
3260 3023 3539 3082 vergente.

1963 3111 2126 3181 529
2153 3126 2275 3163 cuin
2330 3110 2734 3178 septentriones
2781 3110 2834 3160 in
2899 3110 3034 3161 mari
3103 3108 3348 3161 inferiori
3383 3107 3546 3160 vehe—

1969 3204 2207 3257 mentius
2261 3204 2492 3271 spirant,
2551 3204 2851 3271 imperator
2883 3217 3009 3255 cum
3045 3202 3306 3255 omnibus
3341 3203 3546 3253 navali-

1968 3292 2072 3346 bus
2105 3292 2280 3359 copiis
2324 3292 2616 3361 Mitylenen
2669 3291 2864 3344 tendit.
2891 3291 2961 3345 At
3005 3291 3228 3345 Catanis
3261 3292 3539 3351 triremes.

1966 3400 2087 3452 qua:
2124 3397 2235 3437 tum
2264 3394 2471 3450 septem
2506 3401 2732 3437 numero
2761 3385 3042 3453 Mitylenes
3076 3399 3228 3435 oram
3266 3383 3545 3451 legebant,

1968 3490 2090 3528 cum
2123 3476 2307 3543 plures
2336 3480 2747 3544 exspectatione
2776 3492 2872 3528 sua
2907 3491 3075 3529 naves
3106 3458 3544 3543 conspexissent.

1916 3578 1939 3619 .'
1968 3569 2087 3623 dine
2116 3568 2337 3636 quidem
2376 3568 2429 3621 in
2465 3578 2680 3639 pprtum
2723 3569 2913 3622 statim
2945 3576 3275 3630 evaserunt;
3304 3566 3548 3635 quinque

1969 3677 2099 3715 vero
2126 3677 2223 3729 per
2250 3661 2691 3732 desperationem
2737 3662 2788 3714 in
2823 3675 3023 3714 terram
3062 3658 3415 3730 appulerunt.
3443 3658 3545 3723 Qui

1968 3765 2151 3807 autem
2204 3752 2258 3806 in
2286 3752 2370 3806 eis
2424 3754 2671 3817 fni-runt,
2698 3768 2890 3807 omnes
2925 3753 3158 3820 abiectis
3203 3752 3371 3804 armis
3392 3751 3545 3817 fuge-

1969 3857 2140 3901 runt:
2170 3861 2409 3914 quorum
2448 3845 2540 3898 alii
2597 3860 2761 3899 cursu
2812 3843 3108 3914 Mitylenen
3154 3850 3545 3911 pervenerunt,

1968 3938 2057 3992 alii
2095 3939 2192 3990 via:
2225 3937 2400 4006 ignari
2434 3953 2462 3989 ,ι
2497 3936 2710 3990 Lesbiis
2751 3936 3029 3991 interfecti
3076 3946 3223 3989 sunt.
3254 3934 3552 4003 Imperato—

1971 4030 2036 4081 rii
2075 4044 2205 4080 vero
2240 4043 2409 4080 naves
2441 4028 2684 4094 quinque
2728 4026 2899 4079 armis
2932 4034 2989 4079 et
3020 4036 3332 4079 commeatu
3362 4024 3551 4091 plenas

1971 4128 2259 4187 ceperunt,
2282 4128 2337 4171 et
2370 4118 2437 4171 iis
2462 4134 2647 4172 secum
2678 4117 2935 4170 abductis
2960 4117 3157 4170 Chium
3190 4131 3385 4169 versus
3422 4130 3549 4168 cum

1973 4211 2306 4279 imperatore
2375 4213 2723 4279 navigarunt,
2757 4211 2878 4263 illas
2938 4212 3087 4275 ipsas
3131 4223 3269 4277 quas
3289 4216 3554 4274 ceperant

1947 4304 2219 4371 ~quinque
2246 4304 2502 4357 triremes
2557 4304 2860 4372 remigibus
2892 4302 3256 4370 completuri;
3290 4301 3419 4353 item
3454 4298 3554 4349 nii-

1973 4392 2185 4451 litibus,
2221 4393 2313 4461 qui
2344 4409 2376 4447 e
2411 4392 2671 4446 tabulatis
2696 4402 3024 4461 pugnarent.
3047 4394 3228 4459 Atque
3266 4390 3379 4443 bam
3407 4390 3552 4456 apud

1973 4481 2171 4536 Chium
2226 4495 2378 4535 mora
2431 4483 2773 4537 festinationi
2838 4475 2895 4535 el
2955 4482 3142 4536 studio
3206 4479 3555 4549 imperatoris

288 4580 486 4651 χεσθαι
520 4578 769 4647 ἔμελλον.
804 4578 963 4645 Μέγα
986 4578 1030 4630 δ’
1069 4579 1285 4644 ἐγένετο
1315 4578 1623 4646 ἐναντίωμα
1651 4581 1716 4648 τῇ
1771 4577 1866 4629 τοῦ

1930 4577 2129 4631 lvalde
2179 4579 2409 4630 adversa
2454 4577 2678 4631 accidit.
2712 4576 2949 4628 Catanes
2995 4574 3145 4627 enim
3174 4574 3285 4641 jam
3324 4588 3555 4625 securus

290 4672 559 4743 βασιλέως
598 4671 800 4739 σπουδῇ
843 4672 935 4723 καὶ
960 4671 1179 4736 θελήσει
1217 4672 1249 4738 ή
1288 4672 1420 4738 πρὸς
1447 4671 1543 4737 τὴν
1574 4671 1704 4721 Χίον
1728 4669 1866 4739 αὕτη

287 4766 565 4835 διατριϐή.
587 4762 672 4834 [Ρ.
700 4762 832 4834 525]
852 4764 1062 4825 Ἀδείας
1094 4764 1199 4831 γάρ
1230 4765 1256 4815 ὁ
1301 4763 1550 4830 Κατάνης
1573 4763 1870 4827 λαϐόμενος

287 4858 393 4925 τήν
429 4873 488 4907 τε
524 4855 836 4922 Μιτυλήνην
863 4854 1199 4923 ὠχυρώσατο
1226 4854 1320 4905 καὶ
1346 4854 1545 4919 πολλὴν
1580 4856 1868 4921 εἰσήνεγκε

286 4946 523 5016 δύναμιν
577 4946 979 5014 στρατιωτικὴν
1024 4945 1116 4996 καὶ
1178 4945 1444 5012 χορηγίαν
1486 4944 1870 5013 ἀφθονωτέραν

287 5038 399 5089 τῶν
432 5034 748 5105 χρειωδῶνο
812 5037 905 5087 καὶ
963 5036 1043 5086 ἔτι
1104 5037 1161 5097 ἐς
1222 5034 1478 5087 Φώκαιαν
1537 5036 1758 5104 πέμψας
1805 5034 1870 5097 ἃς

289 5125 407 5198 εἶχε
429 5128 522 5180 δύο
554 5126 975 5195 ταχυπλοούσας
1022 5128 1271 5197 τριήρεις
1303 5126 1370 5178 τὰ
1407 5128 1569 5195 ὃμοια
1622 5130 1869 5193 ἐπεπρά-

291 5234 381 5287 χει
413 5216 582 5285 πολλῇ
617 5217 965 5285 χρησάμενος
998 5218 1063 5284 τῇ
1120 5216 1349 5284 σπουδῇ.
1406 5217 1558 5268 Μετὰ
1601 5215 1657 5267 δὲ
1695 5215 1871 5268 ταῦτα

251 5306 681 5383 ⁸καταπλεύσας
734 5310 761 5360 ὁ
822 5308 925 5378 βασ
953 5308 1076 5368 λευς
1133 5310 1273 5375 μετὰ
1334 5308 1441 5359 τῶν
1480 5307 1761 5376 δυνάμεων
1814 5309 1870 5369 ἐς

296 5402 578 5463 Φώκαιαν,
615 5402 1136 5469 προσκαλεσάμενος
1193 5401 1247 5453 δὲ
1289 5408 1385 5451 καὶ
1436 5400 1529 5452 τὸν
1562 5400 1656 5469 τὴν
1713 5400 1876 5468 πέριξ

290 5493 568 5562 ἐπαρχίαν
599 5493 793 5563 ἔχοντα
818 5494 1082 5564 ἰὀὖρκον,
1122 5494 1218 5545 ἅτε
1272 5492 1429 5555 εἰδὼς
1486 5495 1745 5545 κάκεῖνον
1775 5494 1873 5563 ἀχ-

293 5585 524 5654 θόμενον
557 5587 620 5638 ἐκ
662 5585 858 5637 πολλοῦ
891 5588 1002 5647 τοῖς
1030 5585 1318 5638 Φωκαεῦσι
1379 5584 1630 5647 Λατίνοις
1650 5584 1742 5636 δια
1771 5586 1870 5648 τὰς
1907 5576 1912 5580 ’

1974 4667 2269 4739 Mitylenen
2331 4670 2588 4729 munivit,
2654 4683 2904 4734 magnam
2954 4667 3190 4719 militum
3242 4680 3465 4717 nianum
3500 4676 3554 4715 et

1975 4762 2201 4815 uberem
2255 4774 2620 4817 commeatum
2686 4760 3025 4824 introduxit;
3082 4767 3140 4812 et
3180 4756 3397 4812 duabus
3448 4756 3557 4809 illis

1972 4854 2241 4921 expeditis
2278 4853 2619 4913 triremibus,
2657 4868 2795 4921 quas
2817 4851 3071 4910 habebnt.
3096 4849 3383 4903 Pltocaelm
3427 4847 3557 4900 niis-

1975 4944 2071 5004 sis,
2106 4954 2259 4998 tanta
2293 4945 2576 5013 diligentia
2610 4959 2740 4997 usus
2766 4954 2872 5002 est,
2909 4954 2966 4995 ut
3013 4954 3069 4997 et
3103 4942 3179 4994 illi
3214 4940 3335 4992 urbi
3359 4937 3554 4991 eodem

1976 5035 2140 5088 modo
2184 5034 2508 5104 providerit.
2546 5034 2673 5087 Post
2724 5032 2840 5086 Ilaec
2889 5034 3189 5099 imperator
3217 5045 3342 5082 cum
3382 5027 3558 5096 copiis

1980 5124 2267 5179 Phocaeam
2330 5124 2614 5187 advectus,
2654 5124 2890 5192 ipsemet
2919 5122 3099 5175 'l‘urco
3158 5119 3557 5187 circumiacen-

1980 5217 2115 5271 tium
2167 5218 2416 5271 locorum
2460 5216 2686 5269 domino
2742 5215 3006 5267 arcessito
3065 5212 3289 5281 (quippe
3347 5210 3550 5263 sciebat

1974 5311 2129 5365 illum
2162 5325 2381 5378 quoque
2410 5310 2522 5379 jam
2554 5311 2645 5361 diu
2690 5308 3113 5361 Pliocaeensilius
3140 5304 3347 5359 Latinis
3375 5303 3553 5356 infen-

1974 5419 2097 5457 sum
2115 5403 2186 5456 ob
2210 5403 2356 5455 illata
2393 5403 2498 5455 sibi
2532 5405 2600 5455 ab
2627 5404 2706 5454 eis
2734 5402 2926 5454 crebra
2957 5400 3331 5465 detrimenta),
3358 5397 3556 5451 castel-

1976 5496 2088 5550 lum
2159 5507 2302 5548 terra
2353 5496 2598 5563 marique
2645 5494 2885 5555 obsidet,
2942 5492 3141 5545 Turcis
3185 5498 3552 5545 commeatum

1981 5589 2187 5642 atl'atim
2223 5606 2273 5643 Ill
2311 5590 2564 5642 triremes
2600 5588 3044 5654 importanttbus.

294 5679 405 5733 ὑπὸ
440 5680 590 5747 σφῶν
646 5680 996 5750 ἐπαγομένας
1057 5680 1207 5750 αὑτῴ
1268 5679 1602 5749 συχνοτέρας
1643 5680 1872 5748 ζημίας,
1918 5682 2548 5754 περιεστρατοπέδευσεν
2614 5683 2757 5735 οὕτω
2789 5682 2850 5734 τὸ
2898 5680 3157 5751 φρούριον
3223 5677 3285 5730 ἐκ
3331 5694 3389 5728 τε
3446 5673 3553 5742 γῆς

292 5773 389 5824 καὶ
417 5772 692 5841 θαλάττης
732 5772 1064 5844 πολιορκῶν.
1101 5771 1298 5840 πολλῆς
1340 5771 1436 5841 τῆς
1468 5771 1736 5839 χορηγίας
1768 5772 1873 5827 τῶν
1913 5775 2189 5845 χρειωδῶν
2224 5776 2668 5844 παραγιγνομένης
2732 5777 2788 5838 ἐς
2820 5776 2917 5837 τάς
2982 5774 3229 5843 τριήρεις
3264 5771 3413 5840 παρὰ
3440 5768 3551 5821 τῶν

292 5861 570 5935 Τούρκων.
