4248 6442
724 386 829 449 735
971 383 1046 454 [Α.
1081 400 1137 436 ιι.
1169 381 1304 436 6856
1341 398 1405 435 AD
1435 383 1599 455 6859]

1921 392 2345 455 NICEPHOllI
2389 394 2778 454 GliEGORxE

3100 389 3231 462 [ιιιιι.
3287 405 3571 446 “innoxie.
3601 390 3741 461 ωε]

3885 393 3993 457 736

725 501 847 568 ejus
906 496 1156 558 fratrem,
1192 506 1252 550 ut
1305 512 1402 564 par
1445 508 1584 561 erat,
1633 503 2130 567 conservaliamus,
2185 520 2309 558 eum
2344 509 2386 564 Α

2426 507 2555 570 πρός
2579 524 2637 558 τε
2663 507 2760 574 τὴν
2810 505 3129 577 Κράλαιναν
3154 505 3360 558 καὶτὸν
3391 505 3566 574 αὐτῆς
3625 503 3857 571 ἀδελφὸν
3906 505 3997 556 δια

732 596 962 657 propter
993 588 1178 641 divum
1232 587 1383 642 illum
1440 601 1494 642 et
1552 591 1986 645 laudatissimum
2019 595 2313 662 imperato-

728 696 868 736 rem.
901 696 1091 733 eorum
1121 691 1330 749 patrezu
1354 723 1368 745 ,
1402 691 1515 735 tum
1554 684 1812 748 maxime,
1850 695 1909 738 ut
1946 702 2011 740 ne
2046 686 2168 741 istis
2196 698 2314 740 tan-

732 784 786 826 ta
816 773 1132 826 ealainitate
1186 775 1465 841 oppressis
1492 774 1830 829 deessemus.
1864 777 2050 846 Itaque
2082 779 2316 846 impera-

731 871 817 914 tor
849 862 1021 929 magis
1055 876 1117 914 ac
1151 866 1322 932 magis
1351 878 1414 917 ex
1469 878 1536 917 eo
1583 866 1821 920 mollitus
1859 867 2088 922 erimina
2128 869 2316 925 Deme—

732 955 839 1008 trio
891 957 1128 1024 desiiotae
1172 956 1390 1025 objecta
1427 958 1646 1013 silentio
1691 960 1974 1029 praateriil.
2004 962 2319 1016 Accusatio-

730 1048 817 1100 nis
879 1057 1060 1101 autem
1106 1065 1320 1103 summa
1375 1052 1489 1107 limc
1542 1064 1701 1117 erat,
1765 1055 1941 1122 palam
2004 1071 2129 1108 eum
2191 1072 2315 1111 cum

732 1139 1013 1192 seditiosis
1047 1143 1414 1208 conspirasse.
1443 1143 1510 1196 At
1533 1144 1676 1198 idem
1702 1145 1850 1198 aliud
1880 1147 2094 1200 consilii
2128 1163 2313 1201 secum

733 1231 898 1284 tacite
937 1232 1231 1286 meditatus
1287 1236 1486 1300 fuerat,
1524 1236 1689 1305 idque
1740 1238 2036 1292 admodum
2076 1239 2317 1308 pruden—

734 1332 839 1378 ter.
901 1325 1035 1379 Nam
1093 1327 1265 1396 ipsius
1314 1328 1576 1383 Cralzeuze
1635 1331 1807 1399 gratia
1845 1332 2144 1401 imperator
2186 1349 2318 1402 ope-

734 1432 848 1470 ram
903 1418 1077 1482 dedit,
1137 1431 1194 1474 ut
1255 1436 1376 1490 quae
1425 1422 1570 1477 illius
1625 1423 1782 1478 fratri
1840 1424 2081 1494 despotae
2137 1427 2323 1480 crimi-

736 1524 807 1562 na
867 1510 1296 1580 objiciebantur,
1359 1529 1422 1568 ea
1480 1516 1706 1570 omnino
1761 1518 2074 1575 silerentur.
2134 1521 2319 1590 Neque

740 1601 858 1656 luec
890 1603 1067 1656 solum
1124 1605 1476 1674 imperatoris
1529 1609 1830 1669 bonitatem
1866 1614 2182 1674 ostendunt.
2221 1614 2318 1668 sed

735 1701 791 1745 et
821 1693 924 1745 alia
965 1695 1224 1762 plurima.
1274 1697 1487 1766 Quippe
1518 1700 1679 1770 534
1712 1711 1879 1755 totam
1930 1703 2189 1773 deinceps
2220 1722 2322 1762 co-

736 1785 1044 1853 gnitionem
1080 1789 1273 1842 eodem
1308 1792 1471 1844 modo
1509 1793 1739 1862 peregit,
1776 1809 1953 1864 neque
1998 1795 2054 1849 in
2091 1797 2320 1850 seditio-

2417 599 2507 650 τὸν
2541 599 2857 668 μακαρίτην
2885 599 2978 649 καὶ
3037 597 3286 665 ἀοίδιμον
3340 596 3588 665 βασιλέα,
3646 594 3737 647 τὸν
3782 596 3996 663 πατέρα

2417 691 2632 744 αὐτῶν·
2683 690 2982 752 πάντωςδέ
3034 691 3130 742 καὶ
3189 688 3259 741 δι’
3327 689 3548 750 αὐτοὺς,
3608 688 3666 740 ἐν
3714 685 3998 747 τοιαύταις

2416 783 2607 852 τύχαις
2634 782 3085 853 κατενεχθέντας.
3129 781 3219 842 Ὠς
3284 779 3447 832 πλέον
3501 778 3754 832 ἐντεῦθεν
3812 778 3992 846 μαλα-

2417 879 2615 949 χθέντα
2646 875 2736 928 τὺν
2762 875 2986 944 βασιλέα
3018 875 3196 942 σιωπῇ
3241 872 3537 942 παρελθεῖν
3581 872 3673 923 καὶ
3707 870 3774 922 τὰ
3804 873 4000 938 Δημη-

2416 968 2571 1038 τρίου
2626 966 2722 1020 τοῦ
2769 965 3032 1019 δεσπότου
3102 965 3450 1033 ἐγκλήματα.
3508 958 3694 1014 Ἷίσαν
3751 961 3796 1014 δ’
3858 960 4000 1013 αὐτὰ

2417 1060 2596 1114 τοιάδε
2619 1059 2761 1112 τινά.
2806 1060 2895 1121 Ἐς
2923 1059 3022 1127 μὲν
3053 1058 3371 1127 τούμφανὲς
3403 1055 3679 1125 ὡμολόγει
3733 1057 3844 1117 τοῖς
3867 1072 4002 1108 στα-

2420 1153 2702 1216 σιάζουσιο
2733 1150 2857 1204 καθ’
2921 1151 3117 1203 ἑαυτὸν
3172 1149 3218 1202 δ’
3278 1149 3466 1218 ἕτερον
3507 1149 3704 1217 ἔτρεφε
3740 1147 4004 1214 λογισμὸν

2421 1247 2516 1299 καὶ
2539 1246 2682 1299 πάνυ
2714 1261 2796 1296 τοι
2829 1242 3049 1295 συνετόν
3073 1243 3194 1309 (‘2').
3226 1241 3325 1294 Διά
3355 1241 3463 1309 γὰρ
3484 1241 3658 1309 αὐτὴν
3686 1237 4003 1308 Κράλαιναν

2420 1340 2521 1403 τὰς
2572 1339 2667 1391 τοῦ
2718 1337 2984 1391 δεσπότου
3021 1337 3116 1388 τοῦ
3172 1335 3343 1403 αὐτῆς
3387 1332 3617 1399 ἀδελφοῦ
3664 1330 4019 1399 κατηγορίας-

2420 1433 2604 1487 τέλεον
2639 1429 3025 1498 παρεσκεύασε
3059 1428 3392 1481 σιωπᾶσθαι.
3436 1425 3510 1478 Οὐ
3553 1426 3690 1492 μόνα
3737 1422 3794 1474 δὲ
3829 1421 4006 1474 ταῦτα

2421 1529 2521 1594 τὴν
2545 1525 2667 1577 τότε
2695 1523 2789 1576 τοῦ
2820 1520 3089 1591 βασιλέως
3116 1516 3456 1580 ἐνδείξασθαι
3481 1515 3593 1585 ἔχει
3635 1514 4007 1582 χρηστότητα,

2423 1617 2561 1672 ἀλλὰ
2584 1617 2680 1668 καὶ
2706 1615 2875 1684 ἕτερα
2923 1611 3177 1664 πλείστα.
3217 1609 3329 1663 Καὶ
3362 1607 3470 1677 γάρ
3504 1605 3603 1684 καί
3635 1605 3701 1656 τὰ
3726 1603 3893 1671 μέχρι
3922 1602 4006 1653 τέ-

2422 1709 2546 1771 λους
2580 1708 2677 1775 τῆς
2707 1704 3009 1768 ἐξετάσεως
3035 1701 3236 1768 ὁμοίως
3289 1699 3521 1762 διήνυσε
3561 1682 3653 1748 καὶ
3684 1694 3836 1746 οὐδὲν
3867 1695 3984 1760 άπη

2425 1804 2514 1865 νές
2543 1800 2844 1864 ἐνεδείξατο
2882 1797 3019 1865 πρὸς
3071 1795 3199 1856 τοὺς
3239 1792 3601 1862 ἐλεγχθέντας
3653 1787 4008 1840 mactasti;

732 1890 830 1930 sos
860 1879 1146 1933 convictos
1195 1883 1392 1936 acerbe
1429 1886 1730 1939 consuluit.
1761 1887 1866 1941 sed
1900 1890 2044 1944 alios
2092 1893 2315 1960 quidem
2355 1880 2387 1935 Ε

2436 1894 2596 1950 Ἀλλὰ
2620 1894 2744 1955 τοὺς
2777 1890 2876 1961 μὲν
2923 1890 3120 1949 ἄλλους
3186 1886 3365 1954 ἀφῆκε
3423 1884 3629 1936 τέλεον·
3697 1881 3894 1949 μόνους
3948 1877 4008 1930 δὲ

737 1969 962 2038 penitus
996 1971 1232 2028 absolvit
1273 1977 1464 2032 :solos
1501 1989 1684 2034 autem
1735 1981 1931 2037 Asanis
1960 1984 2099 2039 lilios
2134 1997 2322 2040 custo-

743 2061 858 2122 dia,
895 2077 1070 2130 eaque
1106 2066 1340 2120 vinculis
1385 2069 1558 2122 libera
1592 2088 1690 2124 nec
1723 2071 2042 2137 inhumana,
2079 2075 2320 2129 inclusos

741 2155 941 2218 tenuit,
969 2171 1035 2209 ne
1065 2157 1111 2210 si
1146 2157 1473 2232 improbitas
1500 2165 1726 2217 omnino
1778 2165 2046 2234 iri-punita
2083 2169 2319 2223 mansis-

740 2257 847 2306 set,
875 2262 1065 2301 omnes
1091 2250 1255 2304 simili
1282 2253 1509 2306 audacia
1543 2254 1596 2307 in
1623 2257 1804 2312 scelus
1832 2259 2032 2313 deinde
2071 2273 2317 2320 ruerent.

742 2336 811 2389 lit
844 2339 915 2400 ita
973 2339 1194 2406 quidem
1253 2345 1447 2398 concio
1500 2345 1569 2399 ab
1634 2346 1967 2416 imperatore
2015 2351 2224 2415 habita,
2257 2370 2319 2409 ac

741 2438 851 2482 tota
882 2431 969 2485 illa
999 2433 1244 2503 cognitio
1297 2439 1587 2493 commode
1625 2451 1682 2495 et
1721 2443 1954 2498 comiter
1994 2453 2123 2500 tunc
2161 2463 2318 2516 pera-

738 2533 824 2574 eta
858 2532 960 2576 ρει.

814 2615 898 2669 Vl.
946 2616 1085 2670 Cum
1131 2628 1312 2673 autem
1363 2639 1420 2677 re
1461 2625 1576 2692 ipsa
1611 2626 1965 2684 intellexisset
1999 2631 2317 2702 imperator,

741 2707 991 2761 Alexium
1030 2709 1558 2777 l‘liilantliropenum
1593 2719 1921 2773 avunculum
1954 2737 2136 2787 suum,
2162 2726 2321 2794 Cujus

742 2798 1001 2868 frequens
1030 2819 1196 2871 supra
1223 2814 1276 2858 et
1310 2808 1592 2876 multiplex
1624 2825 1653 2862 a
1682 2810 1840 2865 nobis
1875 2812 2010 2868 facta
2044 2827 2126 2870 est
2164 2833 2318 2870 men-

742 2894 843 2955 tio,
877 2893 1167 2959 prudentia
1226 2900 1424 2966 vulgus
1470 2901 1700 2956 multum
1761 2907 2005 2970 anteire;
2061 2911 2321 2977 pmnituit

735 2997 889 3042 eum.
919 2985 1062 3051 quod
1103 2986 1178 3039 illi
1240 2988 1396 3042 Lesbi
1451 2999 1507 3044 et
1552 2992 1860 3048 insularum
1901 2997 2070 3064 [Εμωί
2131 3002 2315 3064 maris,

738 3088 1020 3145 quotquot
1079 3080 1344 3135 Romanis
1425 3098 1718 3152 parerent.
1782 3090 2316 3150 adininistratimieni

739 3183 847 3220 non
902 3169 1113 3222 diutius
1162 3173 1496 3239 reliquisset.
1561 3177 1636 3228 Eo
1679 3178 1827 3231 enim
1895 3193 2160 3249 praesente
2219 3201 2387 3249 nec"

740 3258 1033 3327 Mitylenen
1083 3277 1416 3330 quemquam
1475 3265 1714 3318 hostium
1767 3280 2191 3337 occupaturum,
2222 3290 2321 3329 nec

735 3365 800 3400 ea
837 3350 1208 3404 llomanurum
1242 3353 1318 3404 rei
1353 3354 1580 3408 marina:
1606 3356 1886 3427 naufragia
1928 3360 2110 3414 futura
2132 3363 2319 3418 fuisse.

741 3439 936 3506 Itaque
993 3442 1146 3495 illum
1208 3446 1619 3514 quamprimum
1675 3449 1741 3502 iis
1797 3455 2217 3523 prirlicitalque
2258 3474 2323 3510 eo

738 3533 1018 3602 proﬁcisci
1041 3535 1221 3603 jubet.
1255 3536 1357 3601 Qui
1410 3553 1536 3592 eum
1586 3540 1909 3609 traiecisset,
1941 3545 2146 3599 sedatis
2181 3558 2319 3601 tem-

739 3626 1086 3692 pestatibus,
1132 3642 1252 3690 quzc
1304 3637 1546 3698 tempore
1598 3630 1928 3688 intermedio
1982 3638 2322 3702 acciderant,

739 3716 988 3785 pristinae
1041 3719 1424 3787 tranquillitati
1485 3723 1670 3777 omnia
1728 3725 1968 3779 restituit
2023 3746 2037 3781 :
2092 3731 2178 3782 vix
2234 3731 2324 3785 ille

738 3812 984 3880 quidem,
1035 3831 1137 3868 nec
1171 3816 1290 3869 sine
1332 3832 1526 3885 magna
1562 3819 1810 3883 solertia,
1852 3833 2076 3890 propter
2125 3823 2323 3877 factam

737 3905 962 3957 interim
1003 3903 1164 3957 Lesbi
1197 3914 1249 3959 et
1283 3905 1551 3975 Mitylenze
1608 3922 1801 3960 novam
1852 3924 2032 3961 rerum
2065 3912 2322 3963 mulatio-

738 4013 865 4052 nem
895 4017 908 4062 ;
948 3998 1042 4052 sed
1072 4008 1254 4051 tamen
1287 3999 1550 4052 restituit.
1584 3999 1716 4052 Nam
1740 3998 1900 4070 535
1933 4004 2323 4066 mercenarius,

741 4092 837 4160 qui
871 4091 924 4143 in
961 4093 1094 4144 urbe
1135 4090 1391 4159 Mitylene
1428 4101 1603 4153 erant,
1637 4092 1842 4145 milites
1881 4107 1934 4145 et
1960 4095 2325 4162 pnesidi'irios

741 4182 1071 4237 Latinorum
1133 4183 1491 4252 quingentos,
1539 4182 1698 4235 binos
1734 4192 1788 4235 et
1825 4193 2012 4237 ternos
2064 4187 2203 4237 clam
2238 4202 2326 4238 ar-

745 4276 978 4329 cessitos
1036 4285 1092 4328 et
1134 4265 1306 4343 plenis
1362 4273 1616 4327 manibus
1655 4273 1877 4328 domum
1917 4276 2325 4345 redirejussos,

743 4378 1076 4437 prosecutus
1148 4368 1347 4419 callide
1383 4380 1544 4435 atque
1577 4370 1789 4421 occulte
1845 4370 2035 4420 urbem
2072 4371 2328 4435 prarsidio

743 4461 1066 4512 destitutam
1122 4458 1203 4511 sic
1258 4459 1522 4512 Romanis
1587 4460 1951 4526 recuperavit.
1988 4460 2204 4514 Etenim
2241 4478 2325 4514 vir

2421 1990 2547 2051 τοὺς
2577 1985 2670 2040 τοῦ
2731 1983 2902 2036 ’Δσὰν
2951 1982 3105 2043 υἱοὺς
3142 1980 3220 2049 (5)
3269 1980 3326 2030 ἐν
3381 1976 3616 2044 ἀδέσμῳ
3670 1974 3766 2027 καὶ
3820 1972 4011 2040 φιλαν-

2421 2082 2629 2152 θρώπῳ
2661 2081 2914 2146 κατεῖχεν
2941 2075 3157 2144 εἱρκτῇ,
3186 2072 3276 2124 ἵνα
3309 2070 3384 2140 μὴ
3417 2067 3774 2137 ἀτιμωρήτου
3835 2063 4008 2115 καθα·

2422 2175 2530 2240 παξ
2563 2174 2660 2240 τῆς
2712 2170 2915 2233 κακίας
2970 2165 3241 2236 μενούσης
3311 2163 3515 2224 πάντες
3564 2161 3643 2220 εἰς
3689 2158 3786 2227 τὴν
3812 2156 4010 2224 ὁμοίαν

2420 2267 2620 2321 κακίαν
2651 2265 2988 2334 ὁρμήσωσιν,
3019 2259 3103 2331 [Ρ.
3134 2255 3264 2327 528]
3292 2255 3372 2308 Τὰ
3409 2254 3506 2323 μὲν
3532 2253 3630 2322 τῆς
3662 2251 4012 2321 δημηγορίας

2420 2354 2635 2422 ἐκείνης
2669 2355 2764 2406 καὶ
2797 2350 3094 2417 ἐξετάσεως
3150 2344 3324 2407 οὕτως
3352 2343 3569 2414 εὐφυῶς
3602 2358 3718 2404 πως
3754 2341 3844 2393 καὶ
3895 2340 4010 2390 ίλα-

2424 2443 2532 2515 ρῶς
2565 2442 2784 2513 διήνυσε
2813 2441 2970 2502 τέως.

2494 2611 2586 2682 q’.
2635 2613 2791 2666 Ἐπεὶ
2839 2612 2884 2665 δ’
2920 2613 2984 2664 ἐκ
3008 2612 3117 2663 τῶν
3150 2608 3499 2680 πραγμάτων
3527 2607 3760 2676 συνῆκεν
3799 2607 3825 2657 ὁ
3861 2603 4014 2672 βασι-

2420 2708 2565 2771 λεὺς,
2636 2707 2772 2760 πολὺ
2830 2707 2938 2757 τῶν
2991 2705 3204 2757 πολλῶν
3250 2703 3529 2770 διαφέρειν
3584 2699 3682 2769 τὴν
3731 2697 3821 2750 τοῦ
3863 2697 4012 2748 θείου

2423 2799 2587 2853 αὑτοῦ
2632 2800 2852 2852 σύνεσιν
2879 2797 3123 2860 Ἀλεξίου
3168 2791 3654 2864 Φιλανθρωπηνοῦ,
3694 2785 3752 2843 οὗ
3781 2790 3843 2859 δὴ
3879 2790 4013 2839 πολ-

2421 2893 2559 2962 λαχῆ
2589 2892 2682 2944 καὶ
2721 2890 2982 2952 πολλάκις
3017 2889 3377 2958 ἐμνήσθημεν
3435 2885 3771 2954 ἔμπροσθεν,
3836 2882 4014 2950 μετά-

2425 2985 2583 3054 μελον
2606 2984 2764 3052 ἔσχεν
2795 2982 2898 3050 ἤδη
2942 2981 3069 3033 καθ’
3100 2980 3296 3032 ἐαυτὸν
3357 2978 3418 3030 οὐ
3459 2977 3608 3043 μάλα
3677 2974 3898 3044 μικρὶν,
3929 2973 4014 3023 ὅτι

2424 3078 2499 3147 μὴ
2532 3078 2667 3128 κάπὶ
2693 3075 2837 3144 μάλα
2857 3092 2938 3125 τοι
2970 3073 3194 3126 πλείονα
3224 3069 3621 3138 συγκεχώρηκε
3652 3063 4015 3135 χρόνοναὺτῴ

2423 3165 2657 3235 τὴντῶν
2719 3165 2971 3217 Λεσϐίων
3021 3163 3315 3228 διοίκησιν,
3380 3161 3475 3211 καὶ
3533 3161 3656 3210 ὅσαι
3723 3156 3861 3208 κατα
3922 3156 4016 3205 τὸν

2424 3261 2646 3326 Αἰγαῖον
2683 3257 2838 3326 νῆσοι
2891 3256 3185 3324 Ῥωμαίων
3218 3255 3473 3322 ὑπήκοοι.
3540 3249 3678 3301 Οὔτε
3741 3247 3851 3315 γάρ
3902 3245 4016 3296 τῶν

2426 3351 2637 3421 ἐχθρῶν
2690 3349 2868 3410 οὐδεὶς
2903 3348 2968 3400 ἂν
3033 3346 3351 3414 Μιτυλήνην
3405 3339 3854 3411 ἠνδραποδίζετο,
3900 3338 4017 3390 οὔτ’

2426 3449 2482 3508 ἐς
2514 3444 2739 3497 τοσοῦτο
2761 3442 3038 3508 ναυαγίων
3061 3441 3127 3491 τὰ
3165 3437 3435 3504 θαλάττης
3466 3437 3669 3504 ἤλαυνε
3718 3431 4018 3500 Ῥωμαίοις

2428 3539 2754 3605 πράγματα.
2792 3532 2957 3584 Ὅθεν
2988 3531 3154 3583 αὑτὸν
3183 3529 3281 3598 τὴν
3312 3528 3573 3596 ταχίστην
3629 3527 3684 3586 ἐς
3715 3524 3813 3593 τὴν
3865 3523 4020 3573 ὲκεί-

2426 3647 2534 3681 νων
2566 3626 2726 3688 αὖθις
2758 3623 3062 3694 ἐπιτροπὴν
3099 3622 3394 3690 ἀφικέσθαι
3451 3616 3871 3687 προσετετάχει.
3902 3614 4019 3666 Καὶ

2427 3719 2676 3774 ἀπελθὼν
2706 3722 2760 3780 ὲς
2791 3718 2890 3786 τὴν
2929 3717 3200 3785 προτέραν
3229 3713 3392 3774 εὐθὺς
3427 3712 3495 3764 τὰ
3535 3710 3840 3782 πράγματα
3879 3709 4021 3776 ᾕγα-

2428 3832 2520 3882 γεν
2546 3805 2701 3873 οὗτος
2726 3811 3061 3862 κατάστασιν
3092 3807 3186 3859 καὶ
3241 3806 3368 3865 τοὺς
3434 3802 3638 3874 μεταξὺ
3684 3803 4019 3867 γενομὲνους

2428 3908 2638 3960 διέλυσε
2671 3906 2972 3966 κλύδωνας,
3012 3901 3167 3971 μόλις
3226 3900 3344 3969 μὲν,
3401 3900 3495 3949 καὶ
3532 3896 3627 3960 ξὺν
3676 3893 3844 3961 πολλῇ
3910 3908 4016 3942 πε-

2433 3999 2625 4068 ρινοίᾳ,
2657 3997 2742 4049 διὰ
2775 3999 2874 4064 τὴν
2902 3994 3106 4062 μεταξὺ
3143 3991 3441 4059 γενομένην
3504 3985 3856 4053 καινοτομίαν
3909 3985 4022 4035 Μι-

2428 4093 2664 4161 τυλήνης
2697 4091 2792 4142 καὶ
2822 4089 2928 4142 τῶν
2958 4090 3014 4139 ὲν
3037 4085 3230 4156 Λέσϐῳ
3263 4086 3628 4151 πραγμάτων
3696 4080 4022 4147 ἐπανήγαγε

2427 4183 2473 4238 δ’
2504 4184 2616 4238 οὖν.
2653 4184 2792 4244 Τοὺς
2821 4181 2929 4249 γάρ
2986 4181 3048 4231 ἐν
3083 4178 3367 4250 Μιτυλήνῃ
3416 4179 3481 4245 τῇ
3533 4176 3685 4226 πόλει
3751 4171 4026 4239 μισθοᾷὸ-

2431 4296 2558 4349 ρους
2621 4276 3014 4334 πεντακοσίους
3094 4273 3189 4324 καὶ
3285 4270 3530 4338 φύλακας
3600 4267 3710 4318 τῶν
3771 4265 4021 4317 λατίνων

2429 4371 2603 4438 λάθρα
2654 4368 2847 4418 σύνδυο
2904 4369 2999 4418 καὶ
3061 4365 3312 4430 σύντρεις
3368 4360 3862 4430 μεταπεμπόμενος
3924 4361 4018 4408 καὶ

2435 4464 2752 4534 βριθούσαις
2807 4461 3006 4526 δεξιαῖς
3066 4461 3120 4520 ἐς
3166 4459 3264 4519 τας
3324 4455 3594 4523 πατρίδας
3669 4451 4024 4518 προπέμπων

744 4554 833 4606 ille
869 4569 974 4603 nou
1035 4550 1196 4603 modo
1246 4562 1366 4602 erat
1392 4561 1616 4619 propter
1671 4551 2124 4618 longinquitatem
2153 4555 2328 4607 aetatis
2363 4563 2387 4615 r_

2435 4555 2624 4606 ἔλαθεν
2653 4553 2795 4605 οὕτω
2829 4551 3108 4620 φρονίμως
3135 4550 3378 4608 κενώσας
3433 4546 3533 4613 τὴν
3568 4543 3721 4594 πόλιν
3745 4542 3840 4592 καὶ
3884 4541 4025 4590 Ῥωο

745 4644 923 4696 multo
960 4658 1141 4694 rerum
1175 4651 1577 4698 usu'oruatus;
1620 4641 1714 4694 sed
1773 4642 1977 4694 multus
2007 4643 2107 4696 iste
2145 4659 2324 4696 rerum

747 4752 880 4788 usus
940 4750 1136 4802 magno
1181 4736 1347 4786 etiam
1381 4743 1436 4786 et
1474 4735 1672 4786 illustri
1726 4734 1946 4800 ingenio
1973 4735 2114 4801 apud
2150 4735 2324 4802 ipsum

746 4826 1048 4880 nitebatur.
1105 4826 1259 4880 Unde
1315 4825 1591 4893 duplicctn
1651 4826 1872 4878 virtutis
1909 4825 2145 4878 fructum
2183 4828 2326 4888 tulit,

746 4921 944 4988 partim
975 4934 1002 4970 a
1045 4929 1240 4971 natura
1274 4920 1499 4973 insitum
1531 4931 1585 4972 et
1640 4929 1832 4989 sponte
1860 4931 2105 4981 enatum,
2136 4922 2330 4989 partim

750 5013 896 5078 longi
975 5012 1240 5080 temporis
1305 5012 1526 5065 casibus
1579 5021 1634 5065 ct
1687 5012 2177 5066 exercitationibus
2240 5029 2334 5066 ex-

750 5107 984 5158 cultum.

2438 4649 2617 4718 μαίοις
2673 4645 2990 4714 πεποιηκὼς
3046 4645 3380 4710 ὑποχείριον.
3439 4641 3514 4690 Οὐ
3575 4637 3736 4703 μόνον
3793 4636 3901 4700 γὰρ
3953 4634 4023 4682 ἐκ

2433 4742 2527 4796 τοῦ
2559 4743 2744 4808 γήρως
2771 4740 2896 4807 ἔσχε
2924 4738 3187 4806 λαμπρὰν
3220 4739 3247 4787 ὁ
3286 4734 3426 4802 ἀνὴρ
3481 4732 3580 4798 τὴν
3625 4730 4019 4796 πολυπειρίαν,

2434 4832 2553 4885 ἀλλ’
2584 4831 2786 4884 δτικαι
2833 4829 2902 4880 τε
2943 4828 3040 4896 τῆς
3095 4825 3458 4893 easne-.952;
3513 4820 3596 4872 ἐπ’
3647 4819 3792 4886 αὐτῷ
3843 4818 4023 4884 ειέγιν

2433 4919 2558 4995 εὗρε
2599 4926 2697 4992 τὴν
2721 4923 2884 4990 φύσιν
2913 4921 3178 4989 συνεργὸν
3212 4919 3305 4969 κού⁹
3335 4915 3604 4984 θεμέλιον.
3634 4915 3740 4963 Καὶ
3793 4913 4022 4977 γέγονεν

2432 5017 2578 5086 αὐτῷ
2607 5014 2824 5077 διπλοῦς
2854 5016 2880 5065 ὁ
2907 5014 2998 5081 τῆς
3032 5009 3236 5080 ἀρετῆς
3278 5007 3513 5077 καρπὸς,
3561 5005 3675 5062 πῶς
3716 5003 3815 5071 μὲν
3851 5003 4022 5054 αὐτου

2436 5110 2576 5179 ςυὴς
2599 5124 2684 5169 τις
2717 5107 2812 5159 καὶ
2847 5104 3224 5172 ἀγεώργητος,
3251 5100 3366 5160 πῶς
3412 5099 3468 5149 δὲ
3509 5094 3851 5166 γεωργηθεὶς
3896 5095 4028 5163 χρό-

2436 5220 2541 5254 νων
2573 5201 2835 5252 πλειόνων
2865 5197 3054 5268 τύχαις
3085 5197 3182 5247 καὶ
3204 5193 3558 5262 γυμνασίαις.

2108 5301 2447 5363 Variorum
2486 5310 2670 5361 noue.

822 5404 918 5471 (‘2‘)
951 5406 1070 5459 Haec
1106 5422 1212 5459 non
1255 5404 1549 5458 conterent.
1592 5405 1743 5461 Bonv.

823 5477 898 5542 (5;
933 5476 1370 5536 Cautacuzeuus,
1401 5477 1494 5527 lib.
1519 5492 1600 5538 ιιι,
1629 5491 1747 5541 cap.
1778 5476 1860 5534 Π,
1896 5484 2129 5528 testatur
2155 5490 2249 5527 eos
2275 5475 2326 5526 in

749 5563 973 5602 carcere
1021 5548 1186 5599 rllln'ie.
1223 5547 1309 5596 ἐπ’
1339 5547 1517 5598 ἐτεσιν
1541 5547 1620 5608 ἐξ.
1654 5547 1708 5597 Id
1739 5549 1780 5598 si
1811 5561 1999 5596 verum
2026 5556 2130 5609 est,
2168 5562 2332 5612 opor-

752 5629 830 5671 tet
861 5635 955 5672 eos
992 5620 1044 5670 in
1083 5633 1358 5670 Cal't‘t'l'L'Ill
1397 5619 1570 5680 conje-
1595 5627 1678 5668 tos
1713 5618 1878 5668 fuisse
1947 5626 2075 5668 ante
2124 5631 2326 5666 annum

752 5689 915 5750 1557,
946 5689 1216 5756 siquidem
1251 5688 1481 5739 ultimus
1509 5689 1628 5754 ejus
1654 5687 1900 5740 sexennii
1931 5703 2106 5738 annus
2138 5686 2331 5738 incidit

751 5759 806 5812 in
841 5755 1040 5811 annum
1066 5759 1196 5810 (,l'ir.
1233 5758 1361 5810 l3.“
1393 5771 1708 5815 exeuntem,
1750 5768 1807 5808 ut
1841 5773 1904 5807 ex
1939 5755 2130 5807 eodem
2186 5757 2331 5807 Cano

754 5840 1020 5887 tacuzeno
1048 5840 1288 5885 constat.
1313 5830 1380 5883 At
1412 5829 1644 5883 fortasse
1673 5830 2088 5885 Cautacuzeuus
2131 5827 2194 5879 ad
2233 5842 2330 5880 an-

2446 5421 2544 5457 nos
2576 5401 2761 5455 mutuli
2791 5399 3048 5467 respexit.
3085 5412 3290 5464 eosque
3325 5394 3612 5448 inchoatus
3647 5409 3744 5467 pro
3778 5393 4028 5458 comple'

2442 5478 2510 5528 tis
2541 5475 2728 5526 haberi
2774 5466 2968 5524 volnit.
3008 5468 3232 5521 Scilicet
3262 5467 3460 5518 Asanis
3508 5468 3667 5519 liberi
3705 5466 3758 5516 in
3793 5476 4026 5515 carcere

2430 5553 2754 5598 matis-runt
2808 5543 2875 5594 ab
2945 5557 3088 5591 anno
3167 5537 3356 5588 mundi
3419 5537 3556 5588 6845
3621 5535 3877 5588 inclmato
3951 5533 4024 5586 ad

2430 5630 2630 5667 aunmn
2699 5612 2888 5665 mundi
2945 5611 3082 5663 (3830
3140 5609 3442 5669 ineuntem,
3495 5607 3598 5659 lioe
3648 5616 3732 5659 est
3799 5621 3896 5672 per
3927 5618 4028 5656 sex

2433 5702 2627 5746 annos,
2683 5698 2916 5751 quorum
2956 5681 3165 5751 primus
3227 5687 3279 5729 et
3339 5678 3562 5751 ultimus
3622 5693 3728 5728 nou
3792 5675 4028 5744 integri,

2433 5755 2542 5808 imo
2572 5773 2668 5809 nec
2697 5749 2909 5809 dimidii
2938 5749 3157 5820 quidem
3195 5755 3437 5802 luerunt.
3494 5749 3696 5802 Doms.
