4248 6442
191 411 300 473 ’145
479 405 555 460 Is.
595 419 645 460 α.
690 403 827 459 ηαδ
868 418 935 457 sn
980 398 1138 470 1541]

1235 395 1677 463 ΒΥῑΑΝτῐΝΑι
1720 395 2102 458 1118Τοῐῖιὲ
2140 393 2280 453 LIB.
2319 389 2422 449 XI.
2500 384 2634 452 ιιιν.
2679 393 2956 435 Ακυιιοκιεο
2995 375 3137 448 wN-l

3340 380 3446 445 746

187 530 467 600 ὁρίζοντος
509 526 604 595 ἀφ’
655 525 896 596 έσπέρας
947 523 1183 593 έκάστης
1214 521 1377 584 εὐθὺς
1434 520 1573 589 μετὰ
1609 516 1765 571 δύσιν

1868 524 2136 589 cujusque
2175 515 2285 567 diei
2326 524 2551 578 vespere
2585 504 2772 562 statim
2823 512 2945 573 post
2986 500 3121 557 solis
3165 514 3443 555 occasum.

182 624 368 692 ἡλίου.
399 621 618 676 Μᾶλλον
647 620 692 672 δ’
720 622 781 671 οὐ
817 618 1064 687 κομήτης
1085 612 1174 686 ἦν,
1200 615 1254 667 εί
1278 630 1359 676 τις
1389 611 1769 682 ἀκρισολογεῐν

189 715 391 775 ἐθέλοι,
421 713 557 766 ἀλλὰ
577 711 888 775 πωγωνίας,
919 709 1167 778 ῥομφαίᾳ
1191 709 1297 761 τινὶ
1330 703 1771 768 έοικώς.Ἐδο¹κει

193 806 296 875 μὲν
324 804 419 857 οὖν
446 802 740 873 έσχηκέναι
775 804 874 869 τὴν
916 802 1092 871 ἀρχὴν
1129 802 1192 853 ὲκ
1248 798 1357 851 τῶν
1389 794 1483 850 τοῦ
1517 794 1773 865 Περσέως

193 901 434 969 μάλιστα
457 898 654 961 ποδῶν,
687 896 737 949 οἳ
764 897 829 965 τῇ
862 895 1017 967 ῥάχει
1047 891 1143 947 τού
1174 891 1376 960 ταύρου
1412 888 1642 961 πλησίον
1693 883 1773 941 εἷ-

188 1010 278 1044 ναι
308 989 676 1044 δοκοῦσινοέπὶ
696 988 754 1041 δὲ
775 990 845 1041 τὰ
874 988 1010 1058 πρὸς
1032 986 1108 1039 ἔω
1127 986 1269 1055 μέρη
1293 982 1387 1037 τοῦ
1410 988 1615 1051 κόσμου
1633 980 1777 1048 πέμ·-

190 1101 317 1135 πειν
333 1083 430 1153 τὴν
453 1082 736 1152 κόμηνὲπὶ
754 1080 886 1135 πολὺ
904 1080 1354 1149 παρατείνουσαν.
1379 1072 1509 1129 Εἶτα
1538 1075 1623 1146 [Ρ.
1642 1072 1773 1145 554]

192 1176 409 1230 ἐκεῖθεν
456 1174 757 1247 ἀρξάμενος
803 1173 1081 1226 ἀνέϐαινεν
1108 1170 1239 1224 εὐθὺ
1262 1168 1354 1223 τοῦ
1384 1166 1649 1239 ἀρκτικοῦ
1675 1167 1775 1219 πό-

189 1269 309 1331 λου,
345 1265 663 1335 κινούμενος
691 1266 927 1334 ἑκάστης
957 1265 1348 1335 ήμέραςτρείς
1381 1261 1611 1329 έγγιστα
1648 1257 1771 1328 μοί-

194 1379 317 1431 ρας.
336 1360 564 1416 Ἐπεὶδδ
588 1356 901 1427 παρήλλαξε
932 1358 1026 1411 τὸν
1049 1357 1317 1426 ἀρκτικὸν
1344 1354 1505 1408 πόλον
1531 1355 1626 1406 καὶ
1658 1351 1776 1419 μετ’

190 1455 403 1506 έκείνον
436 1453 539 1521 τήν
588 1468 648 1504 τε
688 1449 893 1521 μικρὰν
920 1448 1125 1519 ἀρκτον
1146 1433 1255 1501 καὶ
1280 1446 1378 1509 τάς
1425 1445 1654 1515 καμπὰς
1677 1444 1775 1498 τοῦ

189 1546 513 1614 δράκοντος,
554 1542 761 1612 ἔψαυσε
802 1541 896 1596 καὶ
931 1540 1028 1594 τοῦ
1070 1538 1249 1607 δεξιοῦ
1282 1537 1441 1601 ποδὸς
1478 1536 1575 1589 τοῦ
1608 1537 1778 1607 Ἡρα-

191 1636 385 1698 κλέους
424 1636 520 1688 καὶ
550 1633 669 1703 μετ’
692 1633 855 1685 αὐτὸν
875 1630 971 1685 τοῦ
1010 1631 1107 1697 τῆς
1147 1628 1436 1700 Ἀριάδνης
1480 1628 1773 1696 στεφάνου.

202 1727 449 1781 Ἐκεῖθεν
477 1726 733 1795 διέδραμε
769 1726 870 1795 τὴν
904 1724 1201 1795 ἀριστερὰν
1231 1726 1392 1793 χεῖρα
1419 1720 1516 1774 τοῦ
1558 1721 1774 1790 Ὀφιού-

190 1839 311 1892 κου.
353 1821 466 1874 Καὶ
492 1819 679 1890 ἐπειδὴ
722 1818 924 1881 πλάτος
954 1817 1190 1870 ἐνταῦθα
1220 1815 1491 1881 ζωδιακοῦ
1527 1814 1620 1868 καὶ
1649 1816 1773 1883 ἰση-

190 1910 421 1978 μερινὸς
455 1910 552 1961 καὶ
578 1909 743 1969 τόπος
774 1906 1090 1977 θερμότητα
1137 1906 1298 1975 έχων,
1328 1906 1578 1975 ἀντέχειν
1626 1906 1653 1957 ὁ
1683 1920 1775 1958 κο-

191 2003 379 2071 μήτης
404 2002 502 2054 οὐκ
533 1999 800 2071 ἠδυνήθη,
828 2000 917 2053 διὰ
961 1999 1023 2053 τὺ
1053 1999 1113 2065 έξ
1156 2000 1328 2071 ὑγρᾶς
1359 1999 1775 2071 ἀναθυμιάσεως

188 2093 291 2163 τὴν
327 2094 505 2163 ἀρχὴν
557 2095 655 2162 τῆς
692 2092 1023 2162 συμπήξεως
1087 2092 1391 2161 είληφέναι.
1436 2093 1526 2145 Διὸ
1578 2094 1678 2163 τήν
1716 2108 1777 2145 τι

190 2186 375 2254 κόμην
406 2183 618 2237 διέλυσε
650 2186 744 2237 καὶ
770 2184 933 2245 αὐτὸς
962 2181 1234 2253 ἠφανίσθη
1266 2183 1483 2245 τελέως.
1502 2183 1778 2237 Φαντασία

190 2283 305 2350 γὰρ
330 2275 399 2350 ἦν
428 2279 681 2349 ἀστέρος,
718 2279 814 2333 καὶ
842 2279 944 2331 οὐκ
980 2278 1179 2348 ἀστήρ.
1216 2276 1520 2348 Προσθήσω
1551 2278 1664 2341 τοῖς
1698 2278 1777 2329 εί-

191 2392 263 2446 pi;
273 2374 461 2443 μένοις
484 2373 578 2427 καὶ
599 2372 768 2441 ἀκοῆς
798 2372 949 2438 ἀξιον
980 2371 1106 2425 ἄλλο
1128 2371 1401 2441 διήγημα.

269 2469 346 2522 B’.
386 2467 478 2521 Ἐν
533 2465 747 2527 τούτοις
803 2467 915 2526 τοῖς
962 2464 1175 2534 χρόνοις
1243 2464 1344 2533 μία
1393 2462 1505 2516 τῶν
1557 2462 1781 2516 Σκυθῶν

192 2559 497 2627 γυναικῶν,
526 2562 591 2612 έκ
624 2558 733 2611 τῶν
766 2558 1028 2610 ἐπέκεινα
1050 2554 1142 2608 τοῦ
1184 2557 1399 2624 Ἴστρου
1432 2556 1529 2626 τὴν
1564 2556 1685 2626 οῐκη
1702 2571 1778 2607 τιν

194 2648 576 2715 ποιουμένων,
625 2648 761 2715 μήτε
813 2643 1050 2713 σύζυγον
1114 2644 1250 2714 μήτε
1300 2646 1497 2708 παῖδας
1547 2644 1772 2713 ἔχουσα,

195 2739 390 2809 ἐπειδὴ
436 2738 561 2800 τοὺς
594 2738 657 2788 έκ
696 2734 920 2806 Θρᾴκης
981 2734 1363 2805 ἀπαγομένους
1401 2733 1781 2804 αἰχμαλώτους

194 2833 305 2899 πρε.
333 2830 443 2883 τῶν
475 2829 681 2897 ταύτης
720 2827 866 2897 ἑώρα
920 2826 1101 2894 θυρῶν
1157 2827 1363 2896 (ἐπόθει
1416 2828 1460 2878 δ’
1491 2830 1554 2881 ὲκ
1584 2828 1781 2881 πολλοῦ

195 2922 598 2991 προσχωρῆσαι
640 2921 934 2990 Ῥωμαίοις
970 2921 1063 2972 καὶ
1107 2919 1169 2972 τὸ
1211 2920 1353 2973 θετον
1390 2920 1645 2991 δέξασθαι
1683 2921 1780 2991 βά-

1874 610 2009 673 Imo,
2043 620 2098 661 ut
2134 602 2450 659 accuratius
2478 602 2791 669 loquamur,
2819 610 2928 650 non
2974 595 3020 651 is
3050 601 3265 649 cometa
3308 604 3445 655 erat,

1872 702 1968 755 sed
2004 698 2301 769 Pogunias,
2336 710 2434 750 seu
2476 691 2761 746 barbatum
2808 690 2982 753 sidus,
3028 686 3247 742 cuidam
3277 685 3447 739 veluti

1874 794 2054 861 gladio
2082 791 2279 847 simile.
2306 788 2496 844 Ortum
2522 795 2707 839 autem
2739 800 2768 836 a
2795 781 2977 837 Persei
3007 780 3243 851 pedibus
3277 778 3452 833 maxi-

1878 902 1963 941 me
2011 886 2212 940 ducere
2254 880 2565 942 videbatur,
2613 876 2707 946 qui
2762 890 2792 929 a
2841 873 2996 942 spina
3043 871 3210 926 Tauri
3255 886 3449 939 parum

1876 979 2097 1033 absunt.
2124 975 2291 1031 Coma
2317 986 2447 1028 vero
2471 970 2591 1040 ejus
2611 981 2804 1024 versus
2827 964 3109 1021 Orientem
3139 964 3247 1019 late
3270 973 3453 1018 exten-

1875 1070 2131 1125 debatur.
2184 1070 2360 1136 Atque
2408 1064 2535 1119 inde
2578 1070 2798 1131 sumpto
2831 1059 2991 1113 initio
3023 1067 3171 1113 recta
3199 1056 3454 1127 quotidie

1878 1177 2071 1217 versus
2098 1158 2533 1229 septentrionem
2560 1152 2893 1209 ascendebat
2932 1150 3111 1205 tribus
3134 1149 3304 1203 ferme
3332 1163 3457 1218 gra-

1878 1254 2063 1308 dibus.
2096 1252 2236 1307 Cum
2265 1263 2449 1304 autem
2480 1248 2666 1317 polum
2703 1245 2972 1299 arcticum
3001 1242 3360 1311 prateriisset
3390 1256 3454 1296 ac

1878 1355 2002 1416 post
2028 1360 2154 1399 eum
2186 1344 2376 1399 Ursam
2412 1342 2683 1395 minorem
2715 1347 2772 1392 et
2802 1336 2980 1406 spiras
3012 1333 3296 1399 Draconis,
3322 1335 3455 1387 dex-

1880 1447 2026 1491 trum
2056 1437 2221 1490 etiam
2253 1433 2500 1488 Herculis
2533 1432 2727 1501 pedem
2772 1427 2984 1498 attigit,
3028 1426 3267 1495 indeque
3298 1438 3457 1479 coro.

1879 1542 2004 1582 nam
2034 1526 2324 1586 Ariadnes,
2359 1533 2543 1594 postea
2590 1522 2871 1577 sinistram
2909 1518 3185 1589 Ophiuchi
3230 1532 3455 1594 manum

1881 1618 2160 1690 percurrit
2190 1634 2204 1671 :
2234 1627 2290 1671 et
2313 1616 2441 1685 quia
2481 1616 2553 1668 ibi
2595 1616 2739 1668 latus
2780 1622 2867 1669 est
2906 1612 3180 1667 Zodiacus
3205 1620 3261 1666 et
3287 1612 3459 1680 arqui—

1882 1710 2136 1766 noctialis
2175 1719 2233 1763 et
2265 1709 2423 1762 locus
2451 1706 2683 1770 calidus,
2732 1708 2932 1758 durare
2974 1712 3188 1759 cometa
3219 1718 3326 1756 non
3365 1719 3459 1770 pu-

1882 1802 2009 1866 tuit,
2056 1810 2350 1870 propterea
2394 1798 2542 1867 quod
2578 1797 2801 1850 humida
2835 1794 3182 1849 exhalatione
3215 1795 3457 1864 primum

1883 1892 2275 1948 conerevisset.
2306 1891 2484 1958 Quare
2513 1905 2666 1943 coma
2697 1888 2961 1956 dissipata
2991 1898 3045 1941 et
3079 1886 3193 1955 ipse
3240 1888 3461 1956 penitus

1882 1985 2148 2040 evanuit:
2180 1986 2383 2053 quippe
2414 1986 2504 2052 qui
2545 1981 2716 2037 stellae
2761 1981 3001 2050 speciem
3029 1980 3250 2050 quidem
3289 1980 3460 2034 babe-

1886 2086 1989 2143 ret,
2031 2077 2186 2133 stella
2224 2091 2354 2131 vero
2392 2091 2500 2129 non
2544 2086 2707 2127 esset.
2757 2071 2853 2128 llis
2887 2073 3050 2127 aliam
3085 2072 3458 2129 narrationem

1885 2170 2076 2227 auditu
2106 2170 2326 2240 dignam
2351 2177 2607 2223 atteram.

1958 2459 2022 2513 Il.
2068 2458 2161 2513 His
2200 2459 2541 2528 temporibus
2596 2460 2790 2513 mulier
2835 2461 3084 2530 quaedam
3132 2464 3276 2532 apud
3333 2463 3466 2535 Scy-

1890 2552 2029 2617 thas,
2062 2567 2159 2607 eos
2206 2567 2404 2621 nempe
2452 2570 2541 2622 q..:
2588 2570 2735 2607 nam
2784 2555 2979 2607 Istrum
3030 2555 3298 2621 habitant,
3337 2574 3462 2612 cum

1888 2658 2067 2713 neque
2098 2645 2274 2697 virum
2310 2659 2487 2710 neque
2518 2647 2720 2695 hin-ms
2755 2644 2913 2715 543
2954 2646 3181 2702 haberet
3212 2658 3266 2702 et
3302 2650 3465 2703 adve-

1888 2744 2005 2792 ctos
2040 2749 2070 2787 e
2102 2733 2332 2787 Thracia
2363 2736 2607 2803 captivos
2638 2746 2761 2789 ante
2804 2752 2932 2791 suas
2970 2738 3117 2795 Iores
3145 2740 3357 2796 traduci
3389 2746 3468 2797 vi.

1889 2825 2046 2879 deret
2090 2825 2273 2893 (longo
2320 2838 2501 2877 autem
2546 2834 2657 2894 jam
2697 2840 2940 2896 tempore
2974 2830 3039 2884 ad
3083 2831 3363 2888 Romanos
3408 2852 3467 2890 se

1890 2916 2143 2970 conferre
2170 2926 2224 2969 et
2252 2931 2469 2970 sacrum
2521 2918 2788 2982 baptisma
2836 2922 3117 2989 suscipere
3163 2923 3467 2993 cupiebat),

194 3014 459 3085 πτισμα),
491 3012 650 3067 ὦιιον
677 3015 1014 3067 διαναστᾶσα
1049 3012 1284 3082 σύζυγον
1319 3014 1514 3069 ἔλαϐεν
1541 2990 1638 3067 έιία
1671 3014 1783 3068 τῶν

1894 3025 2060 3063 unum
2095 3025 2124 3061 e
2150 3008 2590 3063 Christianorum
2628 3022 2971 3077 (‘ztpln'ul'lllll
3019 3012 3173 3066 turba
3202 2990 3464 3070 eductum

196 3107 569 3178 αἰχμαλώτων
601 3108 967 3177 Χριστιανῶν,
1010 3106 1192 3179 ὅρκοις
1218 3107 1381 3160 αὑτὸν
1422 3106 1787 3177 ὲμπεδὼσασα

1893 3102 2122 3156 redemit
2154 3111 2209 3155 et
2252 3102 2538 3172 conjugmn
2593 3107 2693 3154 sibi
2746 3108 2960 3165 ascivit,
3003 3105 3259 3160 adactum
3313 3108 3468 3175 prius

198 3204 487 3271 πρότερον,
529 3201 603 3269 μὴ
627 3199 804 3251 λιπεῖν
833 3201 932 3267 τὴν
963 3198 1168 3268 ταύτης
1213 3192 1548 3269 συνοίκησιν,
1581 3200 1708 3270 μηδ’
1738 3203 1787 3254 εί

196 3293 387 3348 ἀλλοθί
423 3310 525 3344 που
547 3292 645 3363 τὴν
674 3284 933 3344 ἀποικίαν
966 3292 1310 3361 ποιήσαιντο.
1348 3291 1503 3344 Ἐπεὶ
1530 3292 1573 3343 δ’
1604 3293 1789 3345 εὐκαι-

201 3390 325 3457 ρίας
362 3389 500 3458 πρὸς
536 3387 821 3456 μετοικίαν
848 3386 1188 3456 ζητουμένης
1224 3386 1470 3449 ἐνιαυτὸς
1495 3386 1614 3449 ὅλος
1638 3387 1786 3457 ἐτρί-

198 3485 293 3553 6η,
324 3486 380 3535 έν
420 3474 465 3549 ᾧ
489 3481 553 3553 δὴ
592 3481 687 3533 καί
710 3480 879 3532 τέκνα
930 3478 1024 3532 δύο
1051 3478 1113 3532 τδ
1149 3480 1247 3547 μὲν
1277 3479 1626 3548 γεγέννηκεν,
1659 3482 1718 3532 τὸ
1743 3479 1788 3532 δ’

200 3577 259 3628 ὲν
288 3574 492 3643 γαστρὶ
527 3572 772 3641 φέρουσα
803 3567 890 3640 ἦν,
928 3570 1009 3622 ἐτι
1048 3570 1268 3623 πλείονι
1300 3570 1399 3641 τὴν
1436 3570 1670 3640 στοργὴν
1693 3572 1789 3623 καὶ

199 3667 567 3739 στερροτέραν
616 3665 749 3734 πρὸς
772 3664 861 3716 τὸν
895 3662 1130 3732 σύζυγον
1173 3660 1297 3732 έσχε
1332 3662 1467 3732 (15).
1503 3662 1707 3715 Τούτου
1739 3662 1785 3716 δ’

199 3760 378 3821 οὓτως
408 3751 641 3829 ἔχοντος
671 3759 860 3827 ἔτυχεν
899 3758 954 3818 ές
1002 3754 1225 3809 τούπιὸν
1276 3753 1394 3818 ετος
1444 3753 1790 3824 αἰχμάλωτος

202 3850 533 3917 ἀπαγομένη
567 3848 663 3899 καὶ
696 3849 730 3915 ὴ
761 3846 1006 3916 προτέρα
1045 3844 1140 3898 τοῦ
1187 3844 1446 3915 ῥηθέντος
1473 3845 1663 3914 ἀνδρὸς
1695 3846 1790 3897 σύ-

202 3944 394 4010 ζυγος.
430 3941 533 3993 Ἦν
553 3942 758 4001 ἐκεῖνος
794 3940 1064 4009 ἐδάκρυσε
1101 3938 1459 4008 θεασάμενος.
1505 3936 1571 3990 Ἠ
1606 3937 1790 4006 μέντοι

202 4034 406 4096 Σκυθὶς
448 4034 635 4101 ἐκείνη
662 4031 800 4099 γυνὴ
828 4032 925 4099 τὴν
966 4029 1150 4083 αἰτίαν
1194 4029 1294 4098 τῆς
1329 4029 1507 4096 λύπης
1557 4030 1652 4081 καὶ¹
1682 4028 1790 4081 τῶν

200 4126 464 4195 δακρύων
505 4122 753 4193 μαθοῦσα
780 4121 892 4175 οὒτ’
922 4122 1164 4194 ἠχθέσθη
1186 4122 1397 4191 τάνδρὶ.
1419 4120 1541 4173 οὔτε
1564 4119 1789 4187 ζηλοτύο

1886 3196 2266 3265 jurejurando,
2331 3211 2399 3247 ne
2460 3204 2887 3248 εοιιιιιιιιτιιιυειι
2943 3211 3105 3249 suum
3163 3197 3465 3263 desereret,

1890 3285 2105 3340 etiamsi
2139 3284 2247 3337 alio
2282 3285 2752 3354 commigrasswt.
2794 3286 2930 3338 llum
2965 3302 3095 3340 vero
3126 3289 3468 3357 migrationis

1889 3376 2364 3445 opportunitatem
2412 3386 2691 3446 quaerunt,
2737 3393 2918 3432 annus
2968 3379 3179 3449 integer
3227 3382 3465 3447 teritur:

1889 3488 1999 3543 quo
2029 3479 2281 3540 tempore
2314 3470 2477 3524 binos
2504 3469 2730 3534 liberos,
2774 3471 3009 3525 alterum
3060 3474 3297 3541 peperit,
3332 3474 3469 3528 alte-

1891 3580 2009 3618 rum
2044 3563 2098 3618 in
2145 3572 2301 3618 utero
2336 3563 2589 3634 gestavit.
2616 3562 2770 3619 Unde
2805 3563 2977 3634 magis
3005 3564 3172 3619 etiam
3212 3567 3469 3623 maritum

1890 3658 2171 3727 diligebat.
2209 3655 2339 3723 Qum
2372 3673 2496 3710 cum
2550 3657 2621 3710 ita
2673 3672 2731 3711 se
2777 3656 3068 3721 haberent,
3102 3659 3279 3714 altero
3324 3677 3470 3715 anno

1890 3752 2112 3817 accidit,
2144 3761 2203 3805 ut
2233 3759 2287 3804 et
2324 3750 2474 3819 prior
2512 3750 2653 3820 ejus,
2683 3764 2845 3820 quem
2877 3750 3135 3816 diximus,
3182 3752 3284 3805 viri
3336 3769 3473 3807 uror

1890 3848 2103 3917 captiva
2134 3846 2505 3899 abduceretur
2542 3866 2553 3899 :
2590 3862 2698 3915 qua
2745 3850 2788 3901 ts
2836 3862 3129 3914 conspeCta
3163 3848 3470 3919 illacryma—

1892 3942 1989 3995 vit.
2058 3939 2257 3993 Verum
2315 3938 2617 4009 Scythissa,
2673 3943 2934 3994 mmroris
2988 3950 3044 3995 et
3100 3941 3467 4013 Iacrymarum

1890 4050 2053 4089 causa
2086 4033 2383 4096 intellecta,
2420 4047 2598 4102 neque
2623 4033 2942 4087 succensuit
2979 4036 3198 4100 inarito,
3228 4051 3330 4089 uec
3362 4052 3472 4105 prze

1894 4128 2163 4199 zelotypia
2225 4128 2353 4181 odio
2409 4136 2700 4196 persecuta
2756 4137 2842 4181 est
2889 4128 3218 4182 mulierem:
3274 4130 3369 4183 sed
3417 4140 3475 4184 et

204 4239 326 4283 πως
363 4220 488 4288 ἔσχε
524 4218 657 4287 πρὸς
684 4218 784 4287 την
822 4222 1056 4285 γυναῖκα
1079 4231 1093 4246 ο
1125 4214 1240 4269 ἀλλ’
1267 4213 1428 4268 ὤνιον
1456 4214 1665 4285 είλήφει
1699 4216 1789 4267 καὶ

1895 4219 2073 4293 ipsam
2099 4218 2251 4280 emit,
2293 4224 2354 4270 ut
2400 4228 2453 4271 ct
2496 4216 2800 4270 domestica
2832 4215 3136 4271 minisneria
3168 4217 3373 4285 obiret,
3401 4223 3476 4273 si-

200 4315 434 4379 ταύτην,
464 4313 551 4364 ἵνα
606 4313 704 4365 καὶ
749 4314 868 4373 ταῖς
904 4312 1114 4381 χρείαις
1168 4312 1415 4382 ὑπηρετῇ
1466 4314 1566 4381 τῆς
1610 4311 1789 4374 οίκίας

1894 4312 2118 4381 mulque
2150 4312 2349 4364 marito
2393 4309 2639 4363 dolorem
2691 4319 2988 4377 conspectu
3039 4310 3123 4363 sui
3174 4310 3383 4366 levaret
3420 4313 3473 4368 in

202 4410 304 4460 καὶ
334 4408 453 4476 ἅμα
489 4404 835 4482 παραμύθιον
884 4407 970 4472 εἴη
997 4406 1065 4473 τῇ
1103 4404 1308 4475 θεωρίᾳ
1341 4404 1565 4473 τάνδρὸς
1588 4407 1649 4457 ἐκ
1681 4404 1789 4457 τῶν

1892 4404 2145 4473 proximo
2178 4400 2386 4454 futura.
2421 4398 2528 4454 Sed
2561 4414 2685 4453 cum
2722 4400 3198 4467 Opportunitatem
3232 4413 3385 4458 nacta
3420 4414 3478 4461 et

203 4501 468 4568 ἔγγιστα.
504 4498 661 4550 Ἐπεὶ
704 4496 751 4549 δ’
789 4496 1074 4567 εὐκαιρίας
1106 4498 1401 4567 γενομένης
1435 4505 1515 4567 τῷ
1566 4495 1715 4566 θείῳ,
1736 4512 1789 4549 τε

1893 4512 2052 4552 sacro
2088 4496 2418 4564 baptismate
2453 4491 2668 4545 initiata
2714 4500 2769 4544 ct
2812 4491 2867 4544 in
2919 4492 3110 4548 urbem
3159 4493 3477 4564 imperatri-

201 4590 469 4660 ἐτελέσθη
503 4587 843 4658 βαπτίσματι
884 4591 975 4639 καὶ
1025 4590 1092 4657 τῇ
1136 4586 1500 4658 βασιλευούσῃ
1559 4588 1667 4640 τῶν
1702 4589 1789 4641 πό·

1893 4604 2014 4644 cem
2050 4585 2297 4658 profecta
2326 4594 2497 4647 eSset,
2531 4584 2679 4653 prior
2723 4599 2862 4637 uxor
2887 4584 2954 4637 ad
2990 4586 3355 4655 patriarcham
3390 4603 3479 4642 ac-

203 4683 352 4733 λεων
386 4680 722 4749 ἐπεδήμησε,
762 4678 1049 4747 δραμοῦσα
1081 4680 1214 4747 πρὸς
1243 4679 1333 4730 τὸν
1377 4680 1723 4749 πατριάρχην
1762 4682 1789 4747 ή

1895 4684 2091 4745 currit,
2133 4678 2443 4733 vociferans
2466 4688 2521 4731 et
2556 4688 2750 4746 pectus
2781 4678 3048 4749 plangens
3081 4680 3300 4750 sibique
3335 4682 3481 4751 inju-

204 4773 457 4843 προτέρα
492 4772 723 4839 σύζυγος
764 4770 896 4823 ὲὸὁα
924 4770 1017 4822 καὶ
1056 4772 1504 4839 ὲστερνοτυπείτο
1542 4774 1639 4824 καὶ
1680 4773 1789 4826 ἀδι‹

1898 4775 2033 4828 riam
2064 4788 2094 4825 a
2125 4770 2411 4841 Scythissa
2439 4768 2559 4822 ﬁeri
2601 4769 2898 4837 quiritans,
2930 4786 3052 4840 qua:
3080 4771 3187 4825 sibi
3217 4772 3476 4829 maritum

203 4865 427 4919 κεῖσθαι
458 4865 665 4932 ἔφασκε
692 4862 844 4933 πκρά
870 4863 966 4932 τῆς
1003 4862 1283 4927 Σκυθίδος,
1331 4862 1673 4935 ἀφελομένης
1701 4865 1789 4917 τὸν

1898 4864 2193 4933 rapuiSset.
2225 4863 2499 4915 Czetcrum
2537 4877 2664 4914 eum
2698 4870 2754 4915 et
2787 4862 2878 4917 illa
2910 4862 3233 4933 prodiisset,
3267 4880 3331 4919 ac
3362 4880 3475 4919 rem

202 4958 379 5025 ἄνδρα
408 4957 601 5025 αὐτῆς.
652 4956 1038 5025 Παρελθούσης
1092 4955 1281 5025 μέντοι
1310 4957 1569 5024 κάκείνης
1604 4958 1698 5007 καὶ
1726 4956 1789 5008 τὰ

1898 4970 2142 5019 onmem,
2180 4956 2251 5007 ita
2282 4962 2339 5006 ut
2368 4962 2517 5024 gesta
2544 4962 2683 5016 erat,
2711 4953 2906 5007 ordine
2931 4954 3278 5022 explicasset,
3317 4970 3481 5009 nemo

203 5049 304 5102 τοῦ
352 5051 696 5116 πράγματος,
747 5048 822 5109 ὡς
885 5043 1052 5115 εἶχεν,
1101 5047 1347 5116 ἀκριϐῶς
1390 5047 1791 5117 διεξελθούσης,

205 5157 313 5191 ουκ
344 5135 488 5203 εἶχεν
519 5139 692 5201 οὐδεὶς
720 5139 875 5190 οὐδὲν
901 5141 1010 5191 ἀπὸ
1036 5138 1247 5191 δικαίου
1276 5140 1569 5208 προφέρειν
1597 5141 1794 5210 ἔγκλη-

210 5248 292 5303 μα
314 5227 436 5282 κατ’
467 5230 660 5298 αὐτῆς.
695 5230 874 5299 Κυρία
906 5231 1015 5300 γὰρ
1044 5226 1112 5301 ἦν
1133 5232 1480 5301 ἀμφοτέρων,
1516 5233 1611 5285 ira
1653 5251 1790 5304 χρη-

210 5341 407 5389 ματων
431 5322 649 5375 οἰκείων
682 5322 880 5385 ὠνίους
910 5322 971 5387 ἐξ
1001 5323 1206 5393 ἀγρίων
1235 5326 1400 5392 φάναι
1429 5326 1615 5395 θηρῶν
1642 5328 1791 5397 είλη-

210 5419 375 5485 φυίι.
410 5416 601 5485 Ὅμως
653 5417 981 5469 σιωπώντων
1016 5418 1274 5472 ἀττάντων
1309 5418 1404 5470 καὶ
1447 5418 1613 5487 μηδὲν
1644 5422 1793 5489 έχόν-

205 5527 321 5562 τωρ
351 5508 650 5578 προφέρειν
679 5508 931 5579 ἔγκλημα
959 5507 1079 5562 κατ’
1106 5508 1298 5578 αὐτῆς,
1318 5509 1497 5578 κρίσιν
1524 5509 1794 5580 ἐπέθηκεν

1891 5048 2019 5117 jure
2058 5046 2204 5099 illam
2252 5043 2656 5113 reprehendere
2699 5045 2899 5112 potuit,
2942 5052 3001 5098 ut
3035 5061 3157 5113 quae
3189 5046 3477 5099 amborum

1867 5139 2120 5192 'domina
2148 5148 2290 5191 esset
2322 5151 2531 5206 suaque
2560 5138 2795 5203 pecunia
2828 5151 2895 5189 ex
2926 5138 3261 5193 immanibus
3297 5140 3381 5209 (ut
3406 5142 3479 5194 ita

1898 5235 2100 5299 dicam)
2137 5231 2331 5285 bestiis
2361 5234 2552 5283 ambos
2606 5230 2951 5285 redemisset.
2991 5230 3199 5286 Tamen
3249 5235 3482 5291 tacenti-

1902 5330 2005 5382 bus
2039 5325 2202 5397 544
2230 5325 2521 5388 universis,
2547 5338 2650 5377 nec
2678 5322 2746 5376 de
2781 5325 2887 5377 ulla
2922 5338 2979 5377 re
3009 5338 3130 5377 eam
3170 5325 3482 5379 accusanti-

1903 5424 2024 5487 bus,
2070 5422 2286 5476 tandem
2340 5417 2482 5473 lianc
2532 5418 2650 5485 ipsa
2701 5417 3032 5472 sententiain
3085 5416 3230 5472 tulit.
3286 5416 3482 5482 Μαι-ξω

1904 5522 2126 5585 propter
2162 5507 2617 5565 consuetudinem
2653 5518 2707 5563 et
2748 5518 3036 5578 susceptos
3064 5523 3127 5563 ex
3171 5521 3239 5562 eo
3271 5508 3480 5563 liberos

1567 5655 1900 5718 Variorum
1938 5663 2122 5717 notae.

284 5798 399 5867 (IS)
430 5796 705 5872 Majoreet
737 5798 972 5872 ﬁrmiore
1003 5800 1196 5872 a/feetu
1230 5802 1480 5855 maritum
1507 5800 1777 5872 diligebat,
1815 5817 1946 5868 non,
2018 5819 2049 5855 a
2088 5800 2280 5853 marito
2344 5796 2681 5865 diligebatur.
2723 5806 2781 5851 ut
2839 5795 3305 5864 interpretabatur
3325 5794 3478 5849 Wol-

209 5870 343 5931 ﬁus,
380 5872 472 5938 qui
507 5869 721 5937 legebat
754 5870 889 5941 πρὸς
918 5872 1017 5938 τὴν
1057 5870 1178 5931 οὑξ.
1207 5872 1419 5929 Bonan.

460 5966 711 6026 ΡΑτιιοι.
764 5969 879 6028 (in.
915 5966 1221 6028 CXLVIII

3086 5961 3154 5993 θ’.
