4248 6442
750 413 849 477 751
1039 400 1108 473 [ι.
1153 423 1207 462 ιι.
1245 405 1384 462 6836
1427 424 1490 463 AD
1529 405 1692 481 6859]

1791 480 1801 488 ,
1888 477 1895 484 ,
1952 408 2388 472 NICEPHORI
2414 408 2826 492 primum

2990 449 2993 452 .
3086 404 3219 478 [ιιιιι.
3263 420 3542 461 iuonostc.
3584 406 3728 478 mn]

3923 411 4031 474 752

714 520 722 528 ’
751 525 818 581 ιη’
838 530 957 598 ejus
981 542 1212 596 corpore
1244 525 1529 590 excitavit,
1559 533 1768 595 quanta
1802 539 1921 580 esse
1950 525 2125 595 possit
2155 525 2208 577 in
2241 539 2332 587 eo,

2443 540 2604 591 τητος
2655 522 2930 592 ξηρότητα
2996 521 3286 592 ἐνεποίησε
3348 521 3426 592 τῷ
3471 521 3685 592 σώματι
3737 522 4030 593 τοιαύτην,

750 620 846 688 qui
882 619 1071 688 viginti
1105 609 1280 672 annos
1324 631 1489 672 natus
1513 618 1602 672 sit.
1659 617 1816 673 Unde
1843 618 2010 671 etiam
2041 631 2138 686 par
2166 617 2337 672 robur

752 711 1023 780 partibus
1053 709 1105 763 et
1139 711 1405 764 membris
1431 712 1553 780 ejus
1583 709 1838 774 accessit,
1876 719 1934 761 ut
1975 708 2104 763 inde
2132 710 2335 777 cuique

749 806 896 860 artati
925 805 1263 859 conveniens
1293 805 1695 857 incrementum
1723 813 1779 857 et
1817 803 2217 858 nutrimentum
2245 817 2337 856 co-

760 901 1048 954 hiberi-tur
1081 919 1094 953 :
1133 908 1332 953 natura
1359 911 1493 951 vero
1527 901 1666 966 ipsa,
1702 905 1761 950 ut
1801 897 1868 949 ab
1897 911 1986 958 eo,
2051 897 2145 964 qui
2177 895 2335 948 finxit

744 1004 806 1047 et
833 992 1132 1062 colligavit,
1163 991 1526 1045 constitutum
1561 996 1669 1050 est,
1726 987 1960 1056 seipsam
1988 1001 2177 1056 regere
2221 1003 2330 1040 non

754 1095 959 1154 posset.
997 1085 1091 1139 Sic
1130 1083 1282 1138 enim
1317 1083 1618 1136 animantis
1673 1081 1904 1134 formam
1959 1079 2153 1134 artifex
2192 1080 2333 1133 Deus

674 1188 701 1214 τ·
751 1175 1209 1250 contemperavit,
1243 1184 1304 1229 ut
1335 1174 1483 1229 nulla
1520 1174 1596 1228 illi
1631 1173 1869 1242 amplius
1896 1171 2215 1225 accessione
2248 1172 2330 1225 vel

751 1273 1071 1326 decessione
1106 1272 1177 1326 sit
1207 1284 1369 1336 opus.
1428 1269 1535 1323 Sed
1587 1275 1648 1322 ut
1696 1269 1750 1319 in
1788 1276 2062 1320 concentu
2119 1267 2333 1319 musico

739 1366 857 1421 alia
885 1365 1093 1420 chorda
1121 1365 1326 1426 laxata,
1352 1362 1457 1415 alia
1489 1365 1700 1415 intenta
1732 1360 1872 1413 ultra
1897 1374 2060 1427 quam
2096 1373 2196 1428 par
2223 1367 2329 1420 est,

741 1459 1146 1514 modulationis
1170 1459 1372 1512 vitium
1408 1454 1844 1526 deprehenditur
1872 1471 1884 1507 :
1918 1454 1989 1506 ita
2023 1453 2111 1506 ltic
2137 1453 2327 1514 etiam,

752 1569 876 1605 mnu
909 1550 1212 1604 animantis
1251 1563 1544 1618 compages
1597 1545 1675 1600 ab
1711 1545 1908 1614 aliqua
1949 1546 2192 1599 materiae
2244 1544 2328 1597 vel

759 1643 992 1709 penuria
1021 1642 1372 1719 destituitur,
1398 1641 1484 1692 vel
1519 1637 1882 1692 redundantia
1905 1637 2255 1706 opprimitur,
2277 1643 2333 1689 et

753 1748 970 1804 tempus
1002 1733 1309 1803 legitimum
1349 1729 1703 1798 praaterieri‘t,
1757 1727 2133 1795 generationis
2171 1735 2225 1779 et
2252 1727 2333 1778 in-

2439 617 2557 668 οῖαν
2613 617 2708 668 καὶ
2763 614 3082 685 εἰκοσαέτης
3142 616 3255 685 ἐχοι
3291 615 3381 669 σίν
3407 633 3422 648 ⁸
3461 616 3764 669 κάντεῦθεν
3798 621 3895 671 καὶ
3928 623 4033 686 την

2437 709 2634 778 ὁμοίαν
2683 711 2842 780 ἰσχὺν
2887 713 3000 773 τοίς
3043 710 3232 778 μέλεσι
3265 713 3361 763 καὶ
3415 711 3624 781 μορίοις
3652 711 3820 763 αὑτοῦ
3855 729 3919 779 γε
3950 714 4033 763 ἐν-

2437 803 2702 874 τέθεικεν,
2739 803 2814 865 ὡς
2844 804 3176 874 συσχεθῆναι
3203 804 3305 874 μέν
3335 804 3424 856 διὰ
3460 804 3635 866 ταῦτα
3677 805 3777 876 τὴν
3806 806 4029 877 ἁρμότ-

2436 912 2639 949 τουσαν
2679 896 2889 967 ἑκάστῃ
2922 897 3032 950 τῶν
3076 898 3309 967 ἡλικιῶν
3363 897 3598 968 αὔξησιν
3639 900 3733 952 καὶ
3764 901 3983 970 τροφήν
4011 916 4024 930 ο

2440 991 2516 1061 μὴ
2567 992 2712 1065 ἔχειν
2761 991 2808 1045 δ’
2846 991 3018 1062 αὐτὴν
3071 993 3274 1063 ἑαυτὴν
3329 992 3558 1045 διοικεῖν
3591 993 3690 1063 τὴν
3730 994 3917 1060 φύσιν,
3953 995 4031 1056 ὼς

2437 1086 2639 1156 ἐτάχθη
2694 1087 2833 1155 πρὶς
2907 1085 3005 1139 τοῦ
3069 1087 3404 1156 ποιήσαντος
3465 1086 3564 1140 καὶ
3630 1086 4029 1156 συνδήσαντος.

2439 1179 2600 1232 Οῦτω
2654 1181 2764 1250 γὰρ
2819 1179 2922 1251 τὴν
2974 1178 3070 1232 τοῦ
3121 1180 3265 1242 ζώου
3299 1181 3501 1235 πλάσιν
3539 1183 3568 1234 ὁ
3611 1162 3864 1252 τεχνίτης
3897 1183 4035 1244 Θεὸς

2440 1272 2826 1342 συνεκέρασεν,
2859 1271 2934 1335 ὡς
2972 1272 3050 1343 μὴ
3104 1272 3315 1326 δεῖσθαι
3357 1273 3630 1342 μηδεμιᾶς
3678 1275 3757 1325 ἔτι
3790 1275 4037 1343 προσθή-

2437 1365 2607 1435 κηςῆ
2667 1364 2993 1431 ἐλλείψεως·
3050 1366 3186 1418 ἀλλὰ
3234 1365 3488 1436 καθάπερ
3526 1367 3582 1418 ἐν
3627 1367 3865 1435 ἁρμονίᾳ
3897 1385 4033 1431 μου-

2439 1459 2590 1525 σικῇ,
2624 1459 2724 1527 τῆς
2756 1456 2856 1526 μὲν
2879 1455 3131 1527 λυθείσης
3154 1457 3262 1510 τῶν
3291 1457 3523 1527 χορδῶν,
3560 1461 3655 1528 τῆς
3687 1458 3744 1510 δέ
3772 1458 4034 1525 ταθείσης

2436 1548 2582 1616 ὑπὲρ
2614 1549 2676 1600 τὸ
2724 1548 2909 1614 εἰκὸς,
2956 1549 2992 1617 ἠ
3035 1547 3130 1601 τοῦ
3172 1549 3369 1617 μέλους
3403 1549 3680 1618 φαυλότης
3714 1550 4033 1618 ἐλέγχεται,

2401 1641 2580 1695 κοῦτω
2634 1640 2916 1694 κάνταῦθα
2951 1642 3051 1712 τῆς
3087 1642 3183 1694 τοῦ
3213 1641 3356 1705 ζώου
3406 1643 3742 1712 συμπήξεως
3777 1643 4034 1712 παρασυ-

2439 1735 2630 1803 ρείσης
2680 1733 2788 1785 ὑπό
2840 1749 2992 1794 τινος
3057 1732 3248 1801 ὑλικῆς
3301 1733 3510 1796 ἐνδείας
3561 1733 3594 1802 ἢ
3653 1732 4033 1802 πλεονασμοῦ,

722 1829 1024 1883 ’(ἷΓΘΙΙὶθσΙΙῘ
1088 1824 1403 1895 progressio
1445 1821 1905 1890 interrumpitur:
1931 1821 2185 1888 idemque
2215 1818 2331 1874 fere

2441 1827 2540 1877 καὶ
2591 1825 2686 1877 τὸν
2718 1825 3081 1901 προσήκοντα
3134 1825 3576 1895 παραμειψάσης
3622 1826 3904 1896 χρόνον,ὴ
3946 1826 4028 1886 εἰς

750 1924 958 1977 evenit.
987 1921 1136 1991 quod
1175 1921 1228 1972 in
1258 1916 1494 1971 novellis
1520 1915 1755 1970 ﬂoribus
1785 1913 2059 1978 videmus,
2092 1914 2334 1982 quiante

753 2030 972 2086 tempus
998 2015 1201 2074 exorti,
1241 2024 1407 2081 atque
1435 2009 1576 2064 adeo
1626 2024 1894 2063 novarum
1923 2008 2082 2077 quasi
2143 2022 2330 2061 rerum

2369 1886 2416 1942 Β

2441 1916 2511 1970 τὰ
2551 1918 2742 1987 πρόσω
2785 1918 2982 1985 πορεία
3012 1917 3112 1986 τῆς
3146 1917 3420 1984 γενέσεως
3449 1918 3544 1971 καὶ
3577 1917 3866 1988 αὐξήσεως
3914 1919 4036 1970 δια·

2440 2010 2752 2062 κόπτεταιο
2831 2011 2926 2061 καὶ
2991 2009 3203 2078 γίνεται
3264 2010 3653 2079 παραπλήσιον
3715 2009 3779 2062 τὸ
3830 2009 4029 2073 πάθος,

753 2121 810 2164 et
873 2107 1204 2164 temeritatis
1261 2105 1365 2168 rei,
1429 2102 1673 2157 fulminis
1713 2112 1769 2155 et
1802 2099 2084 2172 grandinis
2125 2098 2334 2169 impetu

2433 2103 2616 2155 ὁποῖον
2681 2104 2783 2156 κάν
2849 2106 2964 2166 τοῖς
3036 2103 3380 2168 νεοὸλάστοις
3442 2105 3678 2175 ίὸρῶμεν
3739 2105 4030 2172 γινόμενον

757 2205 1132 2262 marcescunt,
1178 2211 1234 2252 et
1262 2199 1504 2265 vigorem
1538 2194 1894 2248 immodicum
1930 2193 2136 2263 frigore
2168 2193 2332 2247 amit-

2386 2237 2393 2242 .
2433 2195 2678 2259 ἄνθεσιν,
2710 2195 2745 2249 ὃ.
2777 2196 2878 2265 τὴν
2907 2197 3058 2264 ῶραν
3103 2199 3540 2268 προαρπάσαντα
3570 2197 3872 2252 κάντεῦθεν
3899 2215 4036 2247 νεω-

755 2305 898 2357 ιυιιι,
928 2301 984 2348 et
1014 2291 1211 2363 pruina
1239 2288 1624 2357 intempestiva
1659 2286 1955 2349 latdmttur,
1988 2301 2108 2355 qua:
2134 2285 2334 2355 planta:

2433 2304 2492 2338 τε
2503 2287 2699 2357 ρισμοῦ
2721 2305 2864 2352 τινος
2891 2291 2984 2342 καὶ
3009 2291 3340 2356 προπετείας
3353 2290 3584 2358 όφλοντα
3607 2290 3761 2357 δίκην
3784 2289 4032 2360 σκηπτοῦ

749 2386 1034 2438 luxuriem
1069 2381 1363 2435 evidenter
1389 2377 1662 2446 coarguit.

2401 2379 2411 2428 ⁴.
2435 2382 2527 2432 καὶ
2575 2380 2817 2448 χαλάζης
2872 2383 3232 2452 μαραίνουσιν
3269 2383 3504 2452 ἐμϐολαὶ
3546 2384 3640 2435 καὶ
3670 2381 3842 2452 ψύχος
3880 2383 4016 2434 du.-

748 2483 980 2548 μίευτον
1015 2479 1243 2547 ἀφαιρεῖ
1275 2473 1374 2540 τὴν
1421 2474 1605 2544 ἀκμὴν
1652 2474 1749 2525 καὶ
1800 2475 1983 2544 πάχνη
2056 2491 2162 2568 τις..
2203 2472 2405 2546 ἔξωρος
2443 2474 2662 2545 ἔλεγχος
2712 2477 2889 2546 σαφὴς
2948 2478 3046 2547 τῆς
3097 2479 3336 2550 λιχνείας
3393 2479 3720 2533 καθίσταται
3784 2477 3881 2530 τοῦ
3931 2495 4034 2546 φιν

755 2574 872 2628 τοῦ.

831 2669 996 2740 548
1028 2667 1119 2722 ιν.
1155 2669 1433 2720 Autumno
1462 2674 1648 2719 autem
1673 2665 1783 2735 jam
1813 2664 2040 2716 inettnte
2068 2660 2330 2715 Genuen—
2373 2699 2376 2702 .

760 2765 840 2817 sis
882 2761 1197 2828 respublica
1235 2758 1556 2828 perturbata
1583 2768 1688 2810 est.
1731 2753 1864 2808 Nam
1915 2754 2008 2822 qui
2033 2766 2235 2820 genere
2279 2757 2334 2804 et

748 2857 962 2927 Opibus
998 2856 1050 2908 in
1080 2869 1143 2908 ea
1169 2854 1305 2907 urbe
1343 2850 1698 2921 pra-stabant,
1723 2850 1788 2902 ad
1830 2850 2028 2901 fastum
2054 2856 2110 2900 ct
2140 2861 2334 2913 super-

759 2949 902 3001 biam
937 2945 1299 3006 deflexertmt,
1367 2942 1446 2995 sic
1499 2949 1559 2994 ut
1591 2939 1944 2993 detnocratia:
1991 2937 2337 3005 mquabilitas

761 3042 815 3094 in
845 3038 1190 3111 tyrannidem
1217 3043 1548 3088 mutaretur.
1575 3031 1739 3086 Plebs
1769 3031 1977 3098 itaque,
2009 3042 2134 3082 cum
2187 3041 2250 3079 ea
2276 3041 2332 3078 re

759 3134 916 3204 \alde
946 3139 1262 3200 angeretur,
1291 3129 1343 3182 in
1373 3141 1472 3180 eos
1503 3124 1761 3194 insurgit,
1827 3138 1889 3176 ac
1945 3121 2138 3176 iisdem
2199 3119 2336 3173 urbe

759 3225 971 3282 exactis
1003 3237 1173 3277 unum
1198 3238 1227 3276 e
1259 3220 1462 3290 populo
1499 3217 1698 3272 ducem
1753 3217 1855 3270 sibi
1909 3215 2224 3278 constituit,
2269 3212 2336 3265 ad

2512 2658 2596 2730 [P.
2620 2657 2825 2731 ’558ῙΔἏ
2849 2659 3199 2730 Φθινοπὼρου
3228 2661 3269 2712 δ’
3302 2661 3610 2731 ἀρχομένου
3640 2663 3740 2733 ἥδη
3771 2664 4034 2733 σύγχυσις

2440 2751 2651 2819 γίνεται
2682 2751 2956 2812 πολιτείας
2980 2753 3037 2804 ἐν
3063 2756 3126 2822 τῇ
3170 2753 3420 2824 Γεννούᾳ.
3462 2755 3584 2807 Τῶν
3616 2759 3722 2824 γὰρ
3761 2760 3911 2824 γένει
3944 2763 4034 2810 καὶ

2443 2841 2660 2906 πλούτῳ
2701 2841 3051 2910 προύχόντων
3099 2842 3198 2910 τῆς
3261 2845 3467 2907 πόλεως
3527 2847 3742 2914 ἐκείνης
3791 2850 3930 2916 πρὸς
3979 2852 4037 2900 τὸ

2445 2933 2653 3002 γαῦρον
2722 2934 2816 2986 καὶ
2873 2935 3392 3006 ὑπεροπτικώτερον
3463 2940 3918 3004 ἀποκ>.ινάντων,
3981 2946 4035 3004 ἐς

2441 3028 2734 3095 τυραννίδα
2771 3029 2868 3098 τὴν
2899 3029 2996 3098 τῆς
3022 3029 3399 3098 δημοκρατίας
3447 3032 3835 3101 ὁμοφροσύνην
3871 3053 4038 3099 μετα-

2447 3120 2738 3174 ῦάλλεσθαι
2775 3121 3078 3184 ξυνέϐαινε.
3122 3124 3232 3175 Καὶ
3283 3124 3374 3175 διὰ
3429 3124 3592 3177 τοῦτο
3651 3127 4037 3198 ταλαιπωρού-

2452 3231 2605 3283 μενοι
2663 3214 2852 3276 δεινῶς
2899 3215 2948 3266 οί
2995 3215 3230 3285 δημόται
3294 3217 3790 3282 κατεξανίστανται
3831 3220 4038 3272 τούτων

764 3318 1126 3372 imitationem
1161 3315 1303 3384 ejus,
1355 3327 1476 3381 quae
1535 3310 1679 3380 apud
1733 3309 2010 3362 liomanos
2046 3308 2176 3361 olim
2210 3305 2338 3370 fuit,

2447 3321 2542 3358 xu:
2580 3303 2848 3368 ἐξωθοῦσι
2889 3307 2988 3372 τῆς
3029 3307 3237 3367 πόλεως
3283 3307 3379 3358 καὶ
3414 3307 3746 3360 καθιστῶσιν
3790 3310 4040 3378 ηγεμόια

763 3410 1067 3466 consularis
1091 3406 1393 3478 dignitatis,
1432 3414 1526 3457 aut
1555 3403 1739 3474 potius
1773 3401 2025 3472 exemplo
2059 3416 2090 3452 a
2117 3399 2344 3454 Venetis

756 3506 956 3574 ‘pt-lilu.

838 3688 899 3742 V.
932 3685 1124 3740 llieme
1151 3697 1280 3736 vero
1312 3680 1519 3750 elapsa,
1547 3692 1670 3733 cum
1694 3677 1771 3731 sol
1801 3676 1910 3746 jam
1934 3673 2176 3729 Arietem
2220 3688 2346 3742 per-

768 3776 1052 3834 transiret,
1085 3782 1301 3826 cometa
1330 3769 1481 3824 ensis
1516 3769 1696 3837 specie
1723 3767 1775 3820 in
1807 3769 1948 3820 caelo
1973 3766 2248 3834 apparuit,
2273 3763 2349 3818 si-

768 3870 916 3923 milis
943 3865 1168 3936 quidem
1196 3863 1270 3927 ei,
1320 3863 1413 3932 qui
1469 3871 1597 3914 ante
1659 3862 1961 3912 triennium
1991 3868 2345 3927 apparuerat,

764 3965 859 4017 sed
899 3977 1007 4014 non
1036 3959 1229 4012 eodem
1258 3957 1311 4009 in
1343 3956 1484 4015 loco,
1512 3967 1610 4006 nec
1636 3960 1787 4004 motu
1815 3950 2030 4004 eodem.
2059 3951 2193 4003 Nam
2223 3951 2348 4003 inde

767 4056 1108 4125 auspicatus,
1139 4051 1229 4103 ubi
1265 4049 1450 4102 Chelas
1471 4045 1800 4099 desinebant
1830 4055 1886 4097 et
1917 4041 2160 4112 Virginis
2196 4043 2347 4112 spica

769 4163 884 4205 tum
917 4147 1248 4202 Occurrebat
1273 4182 1288 4208 ,
1317 4141 1548 4210 singulis
1584 4138 1793 4192 vicenis
1838 4139 2124 4206 quaternis
2172 4137 2344 4202 horis,

766 4242 953 4313 quinis
986 4237 1248 4308 gradibus
1280 4233 1760 4304 progrediebatur,
1805 4232 1980 4284 donec
2003 4231 2070 4285 ad
2106 4229 2347 4284 Leonem

769 4335 1141 4405 pervenisset,
1176 4330 1272 4382 ubi
1309 4340 1539 4397 prorsus
1570 4327 1814 4379 evanuit.

839 4612 932 4666 Vl.
958 4612 1230 4666 Craterum
1267 4609 1573 4662 Turcorum
1603 4615 1730 4661 octo
1759 4606 1951 4672 millia,
1989 4604 2344 4676 Hellesponto
2378 4641 2422 4698 υ

763 4725 892 4763 cum
925 4706 1193 4777 jumentis
1220 4702 1468 4770 plerique
1498 4701 1750 4770 trajecto,
1808 4715 2026 4753 omnem
2055 4700 2344 4754 Thraciam

701 4864 706 4868 _
766 4805 833 4856 ad
865 4800 1089 4869 Mysiam
1123 4812 1296 4864 usque
1320 4795 1698 4864 diripuerunt.
1756 4791 1928 4859 Quam
1962 4793 2229 4848 Romanis
2256 4808 2347 4847 va-

763 4906 907 4949 stam
941 4904 994 4946 ct
1031 4892 1100 4945 ab
1132 4890 1283 4942 omni
1321 4898 1475 4956 parte
1510 4889 1848 4940 inaccessam
1902 4902 2028 4939 cum
2086 4886 2344 4952 fecerint,

771 4987 871 5055 ipsi
895 4994 1060 5038 nortu
1087 4993 1141 5035 et
1166 4981 1408 5034 interdiu
1446 4980 1699 5048 populari
1727 4994 1831 5030 non
1861 4977 2123 5033 desinunt
2159 4993 2173 5037 :
2208 4995 2348 5047 prae-

768 5082 894 5133 dant
968 5077 1191 5146 quidem
1267 5088 1487 5126 omnem
1564 5072 1618 5124 iit
1691 5071 1876 5124 Asiam
1961 5081 2349 5137 transitortau-

769 5183 884 5234 tes,
945 5170 1045 5238 ipsi
1121 5182 1253 5221 vero
1306 5179 1374 5218 ne
1427 5164 1593 5232 longo
1643 5162 1866 5230 quidem
1919 5173 2040 5231 post
2108 5171 2350 5232 tempore

768 5265 1015 5316 volentes
1046 5261 1270 5314 domum
1304 5257 1506 5322 redire,
1549 5255 1751 5326 quippe
1784 5269 1909 5308 cum
1943 5270 2105 5309 nemo
2140 5257 2230 5320 sit,
2255 5258 2346 5325 qui

771 5364 854 5412 eis
890 5358 1142 5410 obsistat.

2449 3398 2546 3467 τῆς
2599 3399 2876 3460 πολιτείας
2913 3397 3008 3450 ἕνα
3037 3398 3130 3450 τοῦ
3172 3398 3346 3467 δήμου
3372 3399 3506 3466 (2|),
3547 3401 3690 3453 κατὰ
3718 3400 3778 3451 τὺ
3806 3403 4039 3470 ἀρχαῖον

2450 3491 2548 3559 τῆς
2583 3490 2844 3553 ὑπατείας
2874 3490 2982 3543 τῶν
3017 3492 3311 3562 Ῥωμαίων
3342 3491 3637 3562 ἀξίωμα,ἢ
3665 3492 3866 3561 μᾶλλον
3895 3494 4037 3546 κατὰ

2449 3585 2549 3655 τὴν
2577 3584 2684 3636 τῶν
2721 3585 3022 3637 Βενετικῶν
3067 3585 3365 3638 πολιτείαν.

2527 3681 2601 3734 E'.
2635 3680 2742 3732 Τοῦ
2782 3681 2837 3732 δέ
2875 3679 3146 3749 χειμῶνος
3188 3679 3381 3732 τούτου
3419 3681 3904 3752 παρεῤῥυηκότος,
3947 3682 4040 3734 καὶ

2453 3771 2548 3826 τοῦ
2583 3773 2732 3842 ἡλίου
2776 3774 2868 3825 τὸν
2906 3774 3062 3843 κριὸν
3110 3777 3607 3845 παραλλάττοντος,
3643 3778 3814 3844 ἐφάνη
3842 3776 4040 3844 Ξιφίας

2453 3866 2512 3918 ἐν
2567 3865 2806 3935 οὐρανῷ,
2844 3867 3028 3934 ὅμοιος
3063 3866 3162 3936 μὲν
3200 3866 3277 3936 τῷ
3328 3867 3433 3936 πρὸ
3485 3866 3652 3936 τριῶν
3680 3868 3780 3936 ήδη
3810 3873 4037 3935 φανέντι

2453 3955 2564 4010 τῶν
2607 3957 2895 4019 ἐνιαυτῶν,
2946 3957 3008 4008 οὑ
3066 3957 3195 4026 περὶ
3251 3957 3342 4008 τὸν
3385 3957 3549 4010 αὑτὸν
3581 3957 3637 4008 δὲ
3684 3959 3889 4024 τόπον,
3919 3959 4036 4010 οὐδὲ

2451 4051 2552 4120 τὴν
2600 4050 2798 4118 ὁμοίαν
2851 4049 3179 4118 ποιούμενος
3219 4049 3432 4118 κίνησιν
3460 4065 3474 4078 ·
3512 4050 3650 4101 ἀλλὰ
3722 4051 4037 4118 ἀρξάμενος

2453 4144 2561 4196 ἀπὸ
2584 4143 2680 4210 τῆς
2706 4143 2814 4193 τῶν
2842 4140 3023 4210 χηλῶν
3067 4141 3348 4209 τελευτῆς,
3384 4139 3513 4194 ἔνθα
3551 4142 3640 4194 τὸν
3690 4143 3900 4210 στάχυν
3943 4145 4040 4210 τῆς

2454 4233 2727 4306 παρθένου
2769 4229 3077 4301 τηνικαῦτα
3130 4235 3388 4300 παρεῖναι
3425 4233 3766 4295 συνέϐαινεν,
3798 4236 4036 4285 ἐκινεῖτο

2453 4327 2595 4379 κατὰ
2621 4324 2966 4394 νυχθήμερον
2993 4325 3228 4378 ’ἑκαστον
3266 4327 3399 4392 περί
3436 4344 3537 4377 που
3583 4326 3679 4387 τὰς
3727 4328 3891 4377 πέντε
3930 4327 4043 4394 μοί-

2457 4435 2581 4487 ρας,
2611 4418 2716 4480 ’ἐως
2748 4420 3087 4487 κατήντησεν
3118 4419 3198 4481 είς
3224 4418 3316 4473 τὸν
3343 4417 3560 4484 λέοντα,
3609 4419 3770 4470 κάκεῖ
3819 4418 4041 4488 διελύθη

2447 4510 2671 4573 τελέως.

2527 4625 2618 4690 ς’.
2670 4623 2792 4675 Τῶν
2826 4623 2882 4676 δὲ
2933 4623 3196 4693 Τούρκων
3228 4624 3373 4678 ὀκτὼ
3421 4624 3659 4695 χιλιάδες
3696 4625 4044 4694 δαπεραιω-

2447 4714 2674 4782 σάμενοι
2732 4716 2824 4767 τὸν
2897 4715 3316 4785 Ἑλλησπόντιον
3367 4717 3662 4786 πορθμὸν,
3719 4705 3874 4786 ’μετὰ
3927 4718 4040 4768 τῶν

2446 4807 2757 4874 ὑποζυγίων
2809 4809 2858 4860 oi
2919 4808 3162 4875 πλείους,
3215 4811 3504 4880 ἐληῖσαντο
3559 4812 3740 4863 πᾶσαν
3777 4812 3878 4878 τὴν
3908 4811 4040 4880 ἄχρι

2450 4898 2654 4952 Μυσῶν
2683 4900 2928 4969 Θρᾴκην,
2956 4901 3022 4971 ἢν
3053 4901 3118 4970 δὴ
3159 4906 3252 4954 καὶ
3288 4901 3582 4971 Ῥωμαίοις
3612 4902 3712 4969 μὲν
3736 4900 3946 4970 ἔρημόν
3984 4919 4045 4953 τε

2450 4991 2545 5042 καὶ
2569 4993 2767 5061 ἀτριϐῆ
2804 4994 3183 5062 πεποιήκεσαν
3219 4995 3426 5046 πᾶσαν*
3456 4993 3609 5046 αὐτοὶ
3637 4992 3682 5043 δ’
3719 4993 3950 5058 ἄγοντές
3983 5009 4042 5045 τε

2451 5084 2549 5135 καὶ
2584 5085 2843 5153 φέροντες
2888 5087 2988 5136 οὐκ
3018 5085 3239 5138 ὀκνοῦσι
3272 5084 3494 5154 νύκτωρ
3523 5086 3617 5136 καὶ
3664 5085 3785 5154 μεθ’
3818 5087 4042 5154 ἡμέραν

2455 5179 2549 5229 καὶ
2580 5178 2680 5246 τὴν
2726 5178 2825 5245 μὲν
2856 5177 3007 5230 λείαν
3054 5180 3239 5231 πᾶσαν
3281 5178 3692 5242 διαϐιϐάζοντες
3727 5181 3786 5240 ἐς
3831 5179 4044 5240 Ἀσίαν,

2453 5272 2609 5321 αὐτοὶ
2640 5271 2683 5323 δ’
2725 5271 3164 5324 ἀπαλλάττεσθαι
3210 5272 3308 5340 τῆς
3357 5272 3582 5342 Θρᾴκης
3628 5271 3740 5324 οὐδ’
3787 5271 3886 5339 ὀψὲ
3938 5271 4036 5323 τοῦ

2456 5362 2648 5431 χρόνον
2687 5361 3028 5433 βουλόμενοι,
3072 5366 3165 5418 ᾰτε
3207 5363 3416 5435 μηδένα
3449 5364 3546 5417 τὸν
3573 5365 4048 5434 ἐναντιωσόμενον

2457 5457 2700 5524 ἔχοντες.

2098 5573 2468 5678 ’δ’διίοιευιυ
2502 5601 2696 5654 notae.

847 5736 962 5805 (ﬁt)
989 5734 1270 5786 Simonem
1305 5731 1736 5805 Buccanegram.
1774 5728 1909 5782 Vide
1931 5726 2197 5805 Joannem
2229 5725 2337 5778 Vil-

764 5798 997 5864 latieuin
1026 5807 1124 5860 lib.
1159 5821 1233 5868 ιι,
1267 5820 1387 5872 cap.
1426 5804 1560 5868 101;
1591 5803 1687 5855 lib.
1721 5817 1816 5864 ιιι,
1851 5815 1972 5870 cap.
2006 5801 2092 5852 '26.
2122 5798 2339 5850 Petrum

2449 5723 2904 5787 Bizarrum,.lib.
2970 5745 3020 5784 Vl
3082 5729 3335 5786 Historia:
3366 5727 3679 5793 Cannensis,
3726 5729 3830 5784 sub
3889 5746 4041 5786 anno

2454 5797 2610 5850 1559.
2653 5800 2904 5854 Ducum.-
3412 5801 3414 5806 ’
