  <div class='ocr_page' id='page_1' title='image "/cluster/home/n/w/nwhite01/storage/ocr_20150623/148/nnc1.0046980490/402.png"; bbox 0 0 4242 6446; ppageno 0'>
   <div class='ocr_carea' id='block_1_1' title="bbox 221 429 332 492">
    <p class='ocr_par' dir='ltr' id='par_1_1' title="bbox 221 429 332 492">
     <span class='ocr_line' id='line_1_1' title="bbox 221 429 332 492; baseline 0 0"><span class='ocrx_word' id='word_1_1' title='bbox 221 429 332 492; x_wconf 72' lang='lat'><strong>769</strong></span> 
     </span>
    </p>
   </div>
   <div class='ocr_carea' id='block_1_2' title="bbox 476 395 2151 524">
    <p class='ocr_par' dir='ltr' id='par_1_2' title="bbox 476 422 2117 498">
     <span class='ocr_line' id='line_1_2' title="bbox 476 422 2117 498; baseline -0.005 0"><span class='ocrx_word' id='word_1_2' title='bbox 476 425 556 498; x_wconf 72' lang='grc' dir='ltr'><strong>[ιο</strong></span> <span class='ocrx_word' id='word_1_3' title='bbox 598 439 650 480; x_wconf 83' lang='lat' dir='ltr'><strong>c-</strong></span> <span class='ocrx_word' id='word_1_4' title='bbox 695 424 832 484; x_wconf 65' lang='lat'><strong>1328</strong></span> <span class='ocrx_word' id='word_1_5' title='bbox 874 440 942 479; x_wconf 76' lang='grc' dir='ltr'><strong>ιο</strong></span> <span class='ocrx_word' id='word_1_6' title='bbox 983 422 1146 495; x_wconf 69' lang='grc'><strong>1341]</strong></span> <span class='ocrx_word' id='word_1_7' title='bbox 1220 427 1675 492; x_wconf 68' lang='lat' dir='ltr'><strong>BYZANTlN/E</strong></span> <span class='ocrx_word' id='word_1_8' title='bbox 1715 428 2117 491; x_wconf 69' lang='lat' dir='ltr'><strong>HISTORIA!</strong></span> 
     </span>
    </p>
   </div>
   <div class='ocr_carea' id='block_1_3' title="bbox 1538 395 3213 524">
    <p class='ocr_par' dir='ltr' id='par_1_3' title="bbox 1552 395 3213 524">
     <span class='ocr_line' id='line_1_3' title="bbox 1552 395 3213 524; baseline 0.003 -35"><span class='ocrx_word' id='word_1_9' title='bbox 1552 428 1675 489; x_wconf 64' lang='lat' dir='ltr'><strong>NE</strong></span> <span class='ocrx_word' id='word_1_10' title='bbox 1715 428 2117 491; x_wconf 69' lang='lat' dir='ltr'><strong>HISTORIA!</strong></span> <span class='ocrx_word' id='word_1_11' title='bbox 2157 431 2300 492; x_wconf 83' lang='lat' dir='ltr'><strong>LIB.</strong></span> <span class='ocrx_word' id='word_1_12' title='bbox 2345 431 2465 524; x_wconf 70' lang='lat' dir='ltr'><strong>x1.</strong></span> <span class='ocrx_word' id='word_1_13' title='bbox 2571 424 2705 499; x_wconf 61' lang='lat' dir='ltr'><strong>tum</strong></span> <span class='ocrx_word' id='word_1_14' title='bbox 2749 444 3029 485; x_wconf 67' lang='lat' dir='ltr'><strong>Annnomc.</strong></span> <span class='ocrx_word' id='word_1_15' title='bbox 3071 395 3213 506; x_wconf 56' lang='grc' dir='ltr'><strong>ἐστι]</strong></span> 
     </span>
    </p>
   </div>
   <div class='ocr_carea' id='block_1_4' title="bbox 3396 437 3506 500">
    <p class='ocr_par' dir='ltr' id='par_1_4' title="bbox 3396 437 3506 500">
     <span class='ocr_line' id='line_1_4' title="bbox 3396 437 3506 500; baseline 0 0"><span class='ocrx_word' id='word_1_16' title='bbox 3396 437 3506 500; x_wconf 80' lang='grc'><strong>770</strong></span> 
     </span>
    </p>
   </div>
   <div class='ocr_carea' id='block_1_5' title="bbox 186 535 1861 622">
    <p class='ocr_par' dir='ltr' id='par_1_5' title="bbox 186 535 1861 619">
     <span class='ocr_line' id='line_1_5' title="bbox 186 535 1861 619; baseline -0.002 -20"><span class='ocrx_word' id='word_1_17' title='bbox 186 535 474 619; x_wconf 52' lang='grc' dir='ltr'>’θαλάσσῃ</span> <span class='ocrx_word' id='word_1_18' title='bbox 509 545 769 616; x_wconf 76' lang='grc' dir='ltr'><strong>μερισθὲν</strong></span> <span class='ocrx_word' id='word_1_19' title='bbox 799 545 894 598; x_wconf 75' lang='grc' dir='ltr'>καὶ</span> <span class='ocrx_word' id='word_1_20' title='bbox 940 546 1110 614; x_wconf 75' lang='grc' dir='ltr'>ἄμφω</span> <span class='ocrx_word' id='word_1_21' title='bbox 1138 545 1208 597; x_wconf 80' lang='grc' dir='ltr'><strong>τὰ</strong></span> <span class='ocrx_word' id='word_1_22' title='bbox 1243 549 1481 614; x_wconf 79' lang='grc' dir='ltr'>στοιχεῖα</span> <span class='ocrx_word' id='word_1_23' title='bbox 1526 546 1813 614; x_wconf 83' lang='grc' dir='ltr'>ὲμπλῆσαν</span> <span class='ocrx_word' id='word_1_24' title='bbox 1843 552 1861 606; x_wconf 64' lang='grc' dir='ltr'><em>Α</em></span> 
     </span>
    </p>
   </div>
   <div class='ocr_carea' id='block_1_6' title="bbox 1827 535 3502 622">
    <p class='ocr_par' dir='ltr' id='par_1_6' title="bbox 1843 546 3502 622">
     <span class='ocr_line' id='line_1_6' title="bbox 1843 546 3502 622; baseline 0.009 -25"><span class='ocrx_word' id='word_1_25' title='bbox 1843 550 1886 606; x_wconf 77' lang='grc' dir='ltr'><strong>Α</strong></span> <span class='ocrx_word' id='word_1_26' title='bbox 1918 546 2249 616; x_wconf 79' lang='lat' dir='ltr'><strong>proﬂigavit.</strong></span> <span class='ocrx_word' id='word_1_27' title='bbox 2279 547 2437 601; x_wconf 87' lang='lat' dir='ltr'><strong>Nunc</strong></span> <span class='ocrx_word' id='word_1_28' title='bbox 2479 563 2609 601; x_wconf 82' lang='lat' dir='ltr'><strong>vero</strong></span> <span class='ocrx_word' id='word_1_29' title='bbox 2639 549 2837 617; x_wconf 79' lang='lat' dir='ltr'><strong>ipsum,</strong></span> <span class='ocrx_word' id='word_1_30' title='bbox 2867 550 2968 606; x_wconf 85' lang='lat' dir='ltr'><strong>heu</strong></span> <span class='ocrx_word' id='word_1_31' title='bbox 3001 553 3013 604; x_wconf 82' lang='lat' dir='ltr'><strong>l</strong></span> <span class='ocrx_word' id='word_1_32' title='bbox 3047 567 3193 607; x_wconf 90' lang='lat' dir='ltr'><strong>mors</strong></span> <span class='ocrx_word' id='word_1_33' title='bbox 3216 557 3502 622; x_wconf 84' lang='lat' dir='ltr'><strong>repentina</strong></span> 
     </span>
    </p>
   </div>
   <div class='ocr_carea' id='block_1_7' title="bbox 185 638 1813 707">
    <p class='ocr_par' dir='ltr' id='par_1_7' title="bbox 185 638 1813 707">
     <span class='ocr_line' id='line_1_7' title="bbox 185 638 1813 707; baseline -0.001 -16"><span class='ocrx_word' id='word_1_34' title='bbox 185 639 313 691; x_wconf 70' lang='grc' dir='ltr'>’τοῦ</span> <span class='ocrx_word' id='word_1_35' title='bbox 376 641 697 707; x_wconf 88' lang='grc' dir='ltr'>θαύματος·</span> <span class='ocrx_word' id='word_1_36' title='bbox 750 639 894 705; x_wconf 83' lang='grc' dir='ltr'>λέγω</span> <span class='ocrx_word' id='word_1_37' title='bbox 947 639 1004 691; x_wconf 81' lang='grc' dir='ltr'>δὲ</span> <span class='ocrx_word' id='word_1_38' title='bbox 1065 642 1165 706; x_wconf 69' lang='grc' dir='ltr'>τὴν</span> <span class='ocrx_word' id='word_1_39' title='bbox 1209 639 1471 692; x_wconf 75' lang='grc' dir='ltr'>διαϐᾶσαν</span> <span class='ocrx_word' id='word_1_40' title='bbox 1526 639 1587 703; x_wconf 77' lang='grc' dir='ltr'><strong>ἐξ</strong></span> <span class='ocrx_word' id='word_1_41' title='bbox 1631 638 1813 700; x_wconf 87' lang='grc' dir='ltr'>Ἀσίας</span> 
     </span>
    </p>
   </div>
   <div class='ocr_carea' id='block_1_8' title="bbox 221 730 1815 802">
    <p class='ocr_par' dir='ltr' id='par_1_8' title="bbox 221 730 1815 802">
     <span class='ocr_line' id='line_1_8' title="bbox 221 730 1815 802; baseline -0.001 -17"><span class='ocrx_word' id='word_1_42' title='bbox 221 734 504 800; x_wconf 73' lang='grc' dir='ltr'>Περσικὴν</span> <span class='ocrx_word' id='word_1_43' title='bbox 527 733 744 798; x_wconf 81' lang='grc' dir='ltr'>ἐκείνην</span> <span class='ocrx_word' id='word_1_44' title='bbox 775 732 868 784; x_wconf 73' lang='grc' dir='ltr'>καὶ</span> <span class='ocrx_word' id='word_1_45' title='bbox 890 730 1170 800; x_wconf 81' lang='grc' dir='ltr'><strong>δύσμαχον</strong></span> <span class='ocrx_word' id='word_1_46' title='bbox 1197 730 1448 802; x_wconf 89' lang='grc' dir='ltr'>δύναμιν,</span> <span class='ocrx_word' id='word_1_47' title='bbox 1480 732 1549 800; x_wconf 75' lang='grc' dir='ltr'>ἣν</span> <span class='ocrx_word' id='word_1_48' title='bbox 1573 732 1815 800; x_wconf 81' lang='grc' dir='ltr'>αὐθημε-</span> 
     </span>
    </p>
   </div>
   <div class='ocr_carea' id='block_1_9' title="bbox 221 823 1811 894">
    <p class='ocr_par' dir='ltr' id='par_1_9' title="bbox 221 823 1811 894">
     <span class='ocr_line' id='line_1_9' title="bbox 221 823 1811 894; baseline 0.001 -20"><span class='ocrx_word' id='word_1_49' title='bbox 221 825 316 893; x_wconf 71' lang='grc' dir='ltr'><strong>ρὸν</strong></span> <span class='ocrx_word' id='word_1_50' title='bbox 356 825 772 892; x_wconf 77' lang='grc' dir='ltr'>κατηγωνίσατο</span> <span class='ocrx_word' id='word_1_51' title='bbox 804 823 1094 894; x_wconf 86' lang='grc' dir='ltr'>κράτιστα.</span> <span class='ocrx_word' id='word_1_52' title='bbox 1132 823 1294 876; x_wconf 77' lang='grc' dir='ltr'><strong>Ἀλλά</strong></span> <span class='ocrx_word' id='word_1_53' title='bbox 1342 823 1436 876; x_wconf 81' lang='grc' dir='ltr'>νῦν</span> <span class='ocrx_word' id='word_1_54' title='bbox 1464 823 1645 889; x_wconf 76' lang='grc' dir='ltr'>αύτδν,</span> <span class='ocrx_word' id='word_1_55' title='bbox 1687 823 1811 892; x_wconf 81' lang='grc' dir='ltr'>φεῦ,</span> 
     </span>
    </p>
   </div>
   <div class='ocr_carea' id='block_1_10' title="bbox 215 899 1815 988">
    <p class='ocr_par' dir='ltr' id='par_1_10' title="bbox 215 899 1815 988">
     <span class='ocr_line' id='line_1_10' title="bbox 215 899 1815 988; baseline 0.003 -22"><span class='ocrx_word' id='word_1_56' title='bbox 215 916 480 985; x_wconf 77' lang='grc' dir='ltr'>ὀξύτερον</span> <span class='ocrx_word' id='word_1_57' title='bbox 512 916 859 968; x_wconf 73' lang='grc' dir='ltr'><strong>ἐπεισπεσὼν</strong></span> <span class='ocrx_word' id='word_1_58' title='bbox 894 920 921 969; x_wconf 86' lang='lat'><strong>6</strong></span> <span class='ocrx_word' id='word_1_59' title='bbox 951 917 1179 980; x_wconf 80' lang='grc' dir='ltr'>θάνατος</span> <span class='ocrx_word' id='word_1_60' title='bbox 1215 918 1660 988; x_wconf 81' lang='grc' dir='ltr'>κατηγωνίσατο.</span> <span class='ocrx_word' id='word_1_61' title='bbox 1695 899 1815 970; x_wconf 75' lang='grc' dir='ltr'>Σεί-</span> 
     </span>
    </p>
   </div>
   <div class='ocr_carea' id='block_1_11' title="bbox 219 1008 1813 1079">
    <p class='ocr_par' dir='ltr' id='par_1_11' title="bbox 219 1008 1813 1079">
     <span class='ocr_line' id='line_1_11' title="bbox 219 1008 1813 1079; baseline 0.003 -19"><span class='ocrx_word' id='word_1_62' title='bbox 219 1010 380 1077; x_wconf 86' lang='grc' dir='ltr'>σθητι</span> <span class='ocrx_word' id='word_1_63' title='bbox 417 1009 484 1077; x_wconf 82' lang='grc' dir='ltr'>γῆ</span> <span class='ocrx_word' id='word_1_64' title='bbox 544 1009 679 1079; x_wconf 78' lang='grc' dir='ltr'>πρὸς</span> <span class='ocrx_word' id='word_1_65' title='bbox 716 1010 776 1061; x_wconf 82' lang='grc' dir='ltr'>τὸ</span> <span class='ocrx_word' id='word_1_66' title='bbox 819 1008 911 1060; x_wconf 86' lang='grc' dir='ltr'>νῦν</span> <span class='ocrx_word' id='word_1_67' title='bbox 944 1009 1138 1074; x_wconf 80' lang='grc' dir='ltr'><strong>πάθος,</strong></span> <span class='ocrx_word' id='word_1_68' title='bbox 1188 1010 1274 1064; x_wconf 80' lang='grc' dir='ltr'>ἵνα</span> <span class='ocrx_word' id='word_1_69' title='bbox 1327 1011 1485 1078; x_wconf 86' lang='grc' dir='ltr'>γένος</span> <span class='ocrx_word' id='word_1_70' title='bbox 1520 1012 1666 1065; x_wconf 77' lang='grc' dir='ltr'>ἅπαν</span> <span class='ocrx_word' id='word_1_71' title='bbox 1718 1012 1813 1066; x_wconf 72' lang='grc' dir='ltr'>καὶ</span> 
     </span>
    </p>
   </div>
   <div class='ocr_carea' id='block_1_12' title="bbox 218 1101 1810 1173">
    <p class='ocr_par' dir='ltr' id='par_1_12' title="bbox 218 1101 1810 1173">
     <span class='ocr_line' id='line_1_12' title="bbox 218 1101 1810 1173; baseline 0.004 -23"><span class='ocrx_word' id='word_1_72' title='bbox 218 1102 413 1168; x_wconf 80' lang='grc' dir='ltr'>ἡλικία</span> <span class='ocrx_word' id='word_1_73' title='bbox 451 1103 602 1155; x_wconf 85' lang='grc' dir='ltr'>πᾶσα</span> <span class='ocrx_word' id='word_1_74' title='bbox 633 1103 742 1155; x_wconf 86' lang='grc' dir='ltr'><strong>τῶν</strong></span> <span class='ocrx_word' id='word_1_75' title='bbox 789 1101 1097 1170; x_wconf 79' lang='grc' dir='ltr'>ἀνθρώπων</span> <span class='ocrx_word' id='word_1_76' title='bbox 1127 1103 1382 1173; x_wconf 74' lang='grc' dir='ltr'>αἴσθησιν</span> <span class='ocrx_word' id='word_1_77' title='bbox 1414 1103 1507 1156; x_wconf 83' lang='grc' dir='ltr'><strong>τοῦ</strong></span> <span class='ocrx_word' id='word_1_78' title='bbox 1553 1106 1810 1157; x_wconf 72' lang='grc' dir='ltr'><strong>τοσούτου</strong></span> 
     </span>
    </p>
   </div>
   <div class='ocr_carea' id='block_1_13' title="bbox 217 1193 1813 1266">
    <p class='ocr_par' dir='ltr' id='par_1_13' title="bbox 217 1193 1813 1266">
     <span class='ocr_line' id='line_1_13' title="bbox 217 1193 1813 1266; baseline 0.003 -22"><span class='ocrx_word' id='word_1_79' title='bbox 217 1193 478 1255; x_wconf 70' lang='grc' dir='ltr'>λαϐόντες</span> <span class='ocrx_word' id='word_1_80' title='bbox 513 1194 723 1255; x_wconf 80' lang='grc' dir='ltr'>πάθους</span> <span class='ocrx_word' id='word_1_81' title='bbox 754 1193 976 1256; x_wconf 85' lang='grc' dir='ltr'>πλείους</span> <span class='ocrx_word' id='word_1_82' title='bbox 1011 1196 1263 1247; x_wconf 68' lang='grc' dir='ltr'>κοινωνοὶ</span> <span class='ocrx_word' id='word_1_83' title='bbox 1293 1194 1390 1247; x_wconf 74' lang='grc' dir='ltr'>καὶ</span> <span class='ocrx_word' id='word_1_84' title='bbox 1438 1194 1813 1266; x_wconf 82' lang='grc' dir='ltr'>συλλήπτορες</span> 
     </span>
    </p>
   </div>
   <div class='ocr_carea' id='block_1_14' title="bbox 184 1282 1812 1361">
    <p class='ocr_par' dir='ltr' id='par_1_14' title="bbox 184 1282 1812 1361">
     <span class='ocr_line' id='line_1_14' title="bbox 184 1282 1812 1361; baseline 0.004 -23"><span class='ocrx_word' id='word_1_85' title='bbox 184 1287 326 1340; x_wconf 83' lang='grc' dir='ltr'><strong>-τῶν</strong></span> <span class='ocrx_word' id='word_1_86' title='bbox 375 1288 598 1357; x_wconf 87' lang='grc' dir='ltr'>θερμῶν</span> <span class='ocrx_word' id='word_1_87' title='bbox 639 1289 770 1356; x_wconf 73' lang='grc' dir='ltr'>ἡμῖν</span> <span class='ocrx_word' id='word_1_88' title='bbox 806 1287 1049 1354; x_wconf 77' lang='grc' dir='ltr'><strong>γένοιντο</strong></span> <span class='ocrx_word' id='word_1_89' title='bbox 1099 1282 1439 1355; x_wconf 87' lang='grc' dir='ltr'>στεναγμῶν.</span> <span class='ocrx_word' id='word_1_90' title='bbox 1473 1285 1640 1352; x_wconf 75' lang='grc' dir='ltr'>Οὗτος</span> <span class='ocrx_word' id='word_1_91' title='bbox 1686 1285 1753 1361; x_wconf 87' lang='grc' dir='ltr'>ἦν</span> <span class='ocrx_word' id='word_1_92' title='bbox 1784 1294 1812 1344; x_wconf 97' lang='lat'><strong>6</strong></span> 
     </span>
    </p>
   </div>
   <div class='ocr_carea' id='block_1_15' title="bbox 219 1377 1808 1453">
    <p class='ocr_par' dir='ltr' id='par_1_15' title="bbox 219 1377 1808 1453">
     <span class='ocr_line' id='line_1_15' title="bbox 219 1377 1808 1453; baseline 0.003 -22"><span class='ocrx_word' id='word_1_93' title='bbox 219 1384 351 1449; x_wconf 65' lang='grc' dir='ltr'>πρὶν</span> <span class='ocrx_word' id='word_1_94' title='bbox 398 1379 1077 1448; x_wconf 53' lang='grc' dir='ltr'>ἀκουσθῆναιοφαινόμενος</span> <span class='ocrx_word' id='word_1_95' title='bbox 1108 1380 1184 1449; x_wconf 84' lang='grc' dir='ltr'>τῷ</span> <span class='ocrx_word' id='word_1_96' title='bbox 1232 1377 1324 1432; x_wconf 78' lang='grc' dir='ltr'><strong>τοῦ</strong></span> <span class='ocrx_word' id='word_1_97' title='bbox 1380 1380 1581 1451; x_wconf 79' lang='grc' dir='ltr'>δρόμου</span> <span class='ocrx_word' id='word_1_98' title='bbox 1617 1383 1808 1453; x_wconf 69' lang='grc' dir='ltr'>τάχει,</span> 
     </span>
    </p>
   </div>
   <div class='ocr_carea' id='block_1_16' title="bbox 216 1471 1811 1544">
    <p class='ocr_par' dir='ltr' id='par_1_16' title="bbox 216 1471 1811 1544">
     <span class='ocr_line' id='line_1_16' title="bbox 216 1471 1811 1544; baseline 0.001 -18"><span class='ocrx_word' id='word_1_99' title='bbox 216 1475 312 1526; x_wconf 71' lang='grc' dir='ltr'>καὶ</span> <span class='ocrx_word' id='word_1_100' title='bbox 348 1473 481 1540; x_wconf 80' lang='grc' dir='ltr'>πρὶν</span> <span class='ocrx_word' id='word_1_101' title='bbox 528 1472 765 1540; x_wconf 81' lang='grc' dir='ltr'>φανῆναι</span> <span class='ocrx_word' id='word_1_102' title='bbox 823 1471 1038 1526; x_wconf 84' lang='grc' dir='ltr'><strong>διώκων</strong></span> <span class='ocrx_word' id='word_1_103' title='bbox 1086 1475 1210 1534; x_wconf 83' lang='grc' dir='ltr'>τοὺς</span> <span class='ocrx_word' id='word_1_104' title='bbox 1251 1473 1546 1543; x_wconf 87' lang='grc' dir='ltr'>πολεμίους</span> <span class='ocrx_word' id='word_1_105' title='bbox 1578 1473 1655 1544; x_wconf 83' lang='grc' dir='ltr'>τῷ</span> <span class='ocrx_word' id='word_1_106' title='bbox 1702 1475 1811 1527; x_wconf 83' lang='grc' dir='ltr'><strong>δέει</strong></span> 
     </span>
    </p>
   </div>
   <div class='ocr_carea' id='block_1_17' title="bbox 214 1565 1811 1636">
    <p class='ocr_par' dir='ltr' id='par_1_17' title="bbox 214 1565 1811 1636">
     <span class='ocr_line' id='line_1_17' title="bbox 214 1565 1811 1636; baseline 0.003 -20"><span class='ocrx_word' id='word_1_107' title='bbox 214 1565 313 1632; x_wconf 74' lang='grc' dir='ltr'>τῆς</span> <span class='ocrx_word' id='word_1_108' title='bbox 350 1565 543 1634; x_wconf 75' lang='grc' dir='ltr'>φήμης</span> <span class='ocrx_word' id='word_1_109' title='bbox 561 1581 575 1594; x_wconf 78' lang='grc'><strong>⁸</strong></span> <span class='ocrx_word' id='word_1_110' title='bbox 603 1565 718 1618; x_wconf 78' lang='grc' dir='ltr'>ἀλλ’</span> <span class='ocrx_word' id='word_1_111' title='bbox 744 1565 910 1633; x_wconf 71' lang='grc' dir='ltr'>οἶμοι,</span> <span class='ocrx_word' id='word_1_112' title='bbox 936 1566 1030 1618; x_wconf 85' lang='grc' dir='ltr'>νῦν</span> <span class='ocrx_word' id='word_1_113' title='bbox 1055 1565 1220 1617; x_wconf 80' lang='grc' dir='ltr'>αὑτοῦ</span> <span class='ocrx_word' id='word_1_114' title='bbox 1249 1565 1426 1636; x_wconf 80' lang='grc' dir='ltr'>πολλῷ</span> <span class='ocrx_word' id='word_1_115' title='bbox 1455 1571 1640 1635; x_wconf 61' lang='grc' dir='ltr'>φανεὶς</span> <span class='ocrx_word' id='word_1_116' title='bbox 1666 1567 1811 1621; x_wconf 83' lang='grc' dir='ltr'>ὠκύ-</span> 
     </span>
    </p>
   </div>
   <div class='ocr_carea' id='block_1_18' title="bbox 172 1656 1812 1728">
    <p class='ocr_par' dir='ltr' id='par_1_18' title="bbox 172 1656 1812 1728">
     <span class='ocr_line' id='line_1_18' title="bbox 172 1656 1812 1728; baseline 0 -18"><span class='ocrx_word' id='word_1_117' title='bbox 172 1722 174 1724; x_wconf 18' lang='grc' dir='ltr'><strong><em>ν</em></strong></span> <span class='ocrx_word' id='word_1_118' title='bbox 215 1676 375 1727; x_wconf 67' lang='grc' dir='ltr'>τερος</span> <span class='ocrx_word' id='word_1_119' title='bbox 411 1661 438 1709; x_wconf 89' lang='lat'><strong>6</strong></span> <span class='ocrx_word' id='word_1_120' title='bbox 471 1659 697 1719; x_wconf 86' lang='grc' dir='ltr'>θάνατος</span> <span class='ocrx_word' id='word_1_121' title='bbox 728 1659 854 1720; x_wconf 74' lang='grc' dir='ltr'>τοὺς</span> <span class='ocrx_word' id='word_1_122' title='bbox 887 1656 1167 1718; x_wconf 79' lang='grc' dir='ltr'>τοιούτους</span> <span class='ocrx_word' id='word_1_123' title='bbox 1209 1658 1421 1724; x_wconf 82' lang='grc' dir='ltr'>φθάσας</span> <span class='ocrx_word' id='word_1_124' title='bbox 1450 1659 1664 1726; x_wconf 72' lang='grc' dir='ltr'>διέκοψε</span> <span class='ocrx_word' id='word_1_125' title='bbox 1690 1659 1812 1728; x_wconf 89' lang='grc' dir='ltr'>δρό-</span> 
     </span>
    </p>
   </div>
   <div class='ocr_carea' id='block_1_19' title="bbox 219 1747 1809 1818">
    <p class='ocr_par' dir='ltr' id='par_1_19' title="bbox 219 1747 1809 1818">
     <span class='ocr_line' id='line_1_19' title="bbox 219 1747 1809 1818; baseline 0.002 -19"><span class='ocrx_word' id='word_1_126' title='bbox 219 1768 379 1817; x_wconf 86' lang='grc' dir='ltr'>μου;.</span> <span class='ocrx_word' id='word_1_127' title='bbox 417 1749 577 1818; x_wconf 74' lang='grc' dir='ltr'>Πηγὴ</span> <span class='ocrx_word' id='word_1_128' title='bbox 618 1751 786 1816; x_wconf 77' lang='grc' dir='ltr'>πυρὸς</span> <span class='ocrx_word' id='word_1_129' title='bbox 817 1747 1091 1814; x_wconf 72' lang='grc' dir='ltr'>αἰθερίου,</span> <span class='ocrx_word' id='word_1_130' title='bbox 1121 1749 1265 1800; x_wconf 83' lang='grc' dir='ltr'>δυοῖν</span> <span class='ocrx_word' id='word_1_131' title='bbox 1298 1749 1525 1817; x_wconf 81' lang='grc' dir='ltr'>θάτερον</span> <span class='ocrx_word' id='word_1_132' title='bbox 1560 1750 1809 1802; x_wconf 68' lang='grc' dir='ltr'>καινοτό-</span> 
     </span>
    </p>
   </div>
   <div class='ocr_carea' id='block_1_20' title="bbox 219 1839 1808 1910">
    <p class='ocr_par' dir='ltr' id='par_1_20' title="bbox 219 1839 1808 1910">
     <span class='ocr_line' id='line_1_20' title="bbox 219 1839 1808 1910; baseline -0.001 -19"><span class='ocrx_word' id='word_1_133' title='bbox 219 1858 394 1909; x_wconf 73' lang='grc' dir='ltr'>μησον</span> <span class='ocrx_word' id='word_1_134' title='bbox 418 1857 432 1870; x_wconf 89' lang='grc'><strong>·</strong></span> <span class='ocrx_word' id='word_1_135' title='bbox 470 1840 501 1909; x_wconf 85' lang='grc' dir='ltr'>ἢ</span> <span class='ocrx_word' id='word_1_136' title='bbox 535 1840 742 1892; x_wconf 79' lang='grc' dir='ltr'>παῦσαι</span> <span class='ocrx_word' id='word_1_137' title='bbox 791 1839 889 1900; x_wconf 84' lang='grc' dir='ltr'><strong>τὰς</strong></span> <span class='ocrx_word' id='word_1_138' title='bbox 923 1840 1228 1907; x_wconf 80' lang='grc' dir='ltr'>ζωογὸνους</span> <span class='ocrx_word' id='word_1_139' title='bbox 1283 1843 1525 1906; x_wconf 88' lang='grc' dir='ltr'>σπείρων</span> <span class='ocrx_word' id='word_1_140' title='bbox 1561 1841 1652 1894; x_wconf 80' lang='grc' dir='ltr'><strong>ἐπὶ</strong></span> <span class='ocrx_word' id='word_1_141' title='bbox 1705 1842 1808 1910; x_wconf 74' lang='grc' dir='ltr'>γῆς</span> 
     </span>
    </p>
   </div>
   <div class='ocr_carea' id='block_1_21' title="bbox 214 1932 1732 2004">
    <p class='ocr_par' dir='ltr' id='par_1_21' title="bbox 214 1932 1732 2004">
     <span class='ocr_line' id='line_1_21' title="bbox 214 1932 1732 2004; baseline 0.001 -19"><span class='ocrx_word' id='word_1_142' title='bbox 214 1937 443 1995; x_wconf 87' lang='grc' dir='ltr'>ἀκτῖνας</span> <span class='ocrx_word' id='word_1_143' title='bbox 474 1951 483 1959; x_wconf 89' lang='grc'>·</span> <span class='ocrx_word' id='word_1_144' title='bbox 513 1933 545 2001; x_wconf 77' lang='grc' dir='ltr'>ἢ</span> <span class='ocrx_word' id='word_1_145' title='bbox 579 1933 704 1993; x_wconf 79' lang='grc' dir='ltr'>τοὺς</span> <span class='ocrx_word' id='word_1_146' title='bbox 735 1932 1021 2002; x_wconf 78' lang='grc' dir='ltr'><strong>κρατῆρας</strong></span> <span class='ocrx_word' id='word_1_147' title='bbox 1044 1934 1167 1985; x_wconf 77' lang='grc' dir='ltr'>ὅλου</span> <span class='ocrx_word' id='word_1_148' title='bbox 1196 1933 1288 1985; x_wconf 80' lang='grc' dir='ltr'>τοῦ</span> <span class='ocrx_word' id='word_1_149' title='bbox 1317 1932 1408 1985; x_wconf 83' lang='grc' dir='ltr'>σοῦ</span> <span class='ocrx_word' id='word_1_150' title='bbox 1433 1935 1602 2004; x_wconf 71' lang='grc' dir='ltr'>πυρὸς</span> <span class='ocrx_word' id='word_1_151' title='bbox 1628 1936 1732 2004; x_wconf 77' lang='grc' dir='ltr'><strong>άθρ</strong></span> 
     </span>
    </p>
   </div>
   <div class='ocr_carea' id='block_1_22' title="bbox 216 2025 1810 2100">
    <p class='ocr_par' dir='ltr' id='par_1_22' title="bbox 216 2025 1810 2100">
     <span class='ocr_line' id='line_1_22' title="bbox 216 2025 1810 2100; baseline 0.003 -23"><span class='ocrx_word' id='word_1_152' title='bbox 216 2044 337 2089; x_wconf 71' lang='grc' dir='ltr'>σαξ,</span> <span class='ocrx_word' id='word_1_153' title='bbox 372 2027 527 2094; x_wconf 63' lang='grc' dir='ltr'>ῥῖψον</span> <span class='ocrx_word' id='word_1_154' title='bbox 560 2026 682 2078; x_wconf 82' lang='grc' dir='ltr'>κατ’</span> <span class='ocrx_word' id='word_1_155' title='bbox 721 2027 915 2093; x_wconf 83' lang='grc' dir='ltr'>αύτῆς,</span> <span class='ocrx_word' id='word_1_156' title='bbox 970 2025 1057 2079; x_wconf 74' lang='grc' dir='ltr'>ἵνα</span> <span class='ocrx_word' id='word_1_157' title='bbox 1088 2026 1152 2096; x_wconf 79' lang='grc' dir='ltr'>δὴ</span> <span class='ocrx_word' id='word_1_158' title='bbox 1186 2026 1282 2089; x_wconf 80' lang='grc' dir='ltr'><strong>τὰς</strong></span> <span class='ocrx_word' id='word_1_159' title='bbox 1317 2028 1490 2096; x_wconf 74' lang='grc' dir='ltr'>κόμας</span> <span class='ocrx_word' id='word_1_160' title='bbox 1532 2029 1664 2100; x_wconf 70' lang='grc' dir='ltr'>ῥίψῃ</span> <span class='ocrx_word' id='word_1_161' title='bbox 1691 2029 1810 2081; x_wconf 66' lang='grc' dir='ltr'>δέντν</span> 
     </span>
    </p>
   </div>
   <div class='ocr_carea' id='block_1_23' title="bbox 215 2118 1810 2189">
    <p class='ocr_par' dir='ltr' id='par_1_23' title="bbox 215 2118 1810 2189">
     <span class='ocr_line' id='line_1_23' title="bbox 215 2118 1810 2189; baseline 0.004 -21"><span class='ocrx_word' id='word_1_162' title='bbox 215 2118 340 2186; x_wconf 78' lang='grc' dir='ltr'>ὅρον</span> <span class='ocrx_word' id='word_1_163' title='bbox 391 2118 538 2171; x_wconf 79' lang='grc' dir='ltr'>ἆπαν</span> <span class='ocrx_word' id='word_1_164' title='bbox 593 2119 687 2170; x_wconf 73' lang='grc' dir='ltr'>καὶ</span> <span class='ocrx_word' id='word_1_165' title='bbox 741 2118 992 2188; x_wconf 80' lang='grc' dir='ltr'>μαρανθῇ</span> <span class='ocrx_word' id='word_1_166' title='bbox 1037 2121 1103 2170; x_wconf 79' lang='grc' dir='ltr'><strong>τά</strong></span> <span class='ocrx_word' id='word_1_167' title='bbox 1151 2122 1317 2188; x_wconf 83' lang='grc' dir='ltr'>κρῖνα</span> <span class='ocrx_word' id='word_1_168' title='bbox 1362 2119 1455 2171; x_wconf 84' lang='grc' dir='ltr'><strong>τού</strong></span> <span class='ocrx_word' id='word_1_169' title='bbox 1487 2120 1657 2189; x_wconf 79' lang='grc' dir='ltr'>ἀγροῦ</span> <span class='ocrx_word' id='word_1_170' title='bbox 1716 2122 1810 2174; x_wconf 76' lang='grc' dir='ltr'><strong>καὶ</strong></span> 
     </span>
    </p>
   </div>
   <div class='ocr_carea' id='block_1_24' title="bbox 213 2211 1808 2281">
    <p class='ocr_par' dir='ltr' id='par_1_24' title="bbox 213 2211 1808 2281">
     <span class='ocr_line' id='line_1_24' title="bbox 213 2211 1808 2281; baseline 0.003 -20"><span class='ocrx_word' id='word_1_171' title='bbox 213 2211 354 2281; x_wconf 77' lang='grc' dir='ltr'>λάῦῃ</span> <span class='ocrx_word' id='word_1_172' title='bbox 391 2212 544 2277; x_wconf 80' lang='grc' dir='ltr'>γένος</span> <span class='ocrx_word' id='word_1_173' title='bbox 574 2211 732 2281; x_wconf 75' lang='grc' dir='ltr'>χλόης</span> <span class='ocrx_word' id='word_1_174' title='bbox 765 2212 910 2264; x_wconf 72' lang='grc' dir='ltr'>ἅπαν</span> <span class='ocrx_word' id='word_1_175' title='bbox 943 2213 1324 2281; x_wconf 58' lang='grc' dir='ltr'>αἴσἿησινοιαὶ</span> <span class='ocrx_word' id='word_1_176' title='bbox 1355 2213 1557 2278; x_wconf 79' lang='grc' dir='ltr'>γνῶσιν</span> <span class='ocrx_word' id='word_1_177' title='bbox 1597 2213 1691 2266; x_wconf 80' lang='grc' dir='ltr'>τοῦ</span> <span class='ocrx_word' id='word_1_178' title='bbox 1712 2232 1808 2271; x_wconf 88' lang='grc' dir='ltr'>,το-</span> 
     </span>
    </p>
   </div>
   <div class='ocr_carea' id='block_1_25' title="bbox 214 2301 1808 2376">
    <p class='ocr_par' dir='ltr' id='par_1_25' title="bbox 214 2301 1808 2376">
     <span class='ocr_line' id='line_1_25' title="bbox 214 2301 1808 2376; baseline 0.003 -19"><span class='ocrx_word' id='word_1_179' title='bbox 214 2305 407 2357; x_wconf 85' lang='grc' dir='ltr'>σούτου</span> <span class='ocrx_word' id='word_1_180' title='bbox 455 2305 684 2367; x_wconf 88' lang='grc' dir='ltr'>πάθους.</span> <span class='ocrx_word' id='word_1_181' title='bbox 731 2305 972 2367; x_wconf 84' lang='grc' dir='ltr'>Ἐκεῖνος</span> <span class='ocrx_word' id='word_1_182' title='bbox 1003 2301 1070 2375; x_wconf 76' lang='grc' dir='ltr'>ἦν</span> <span class='ocrx_word' id='word_1_183' title='bbox 1118 2309 1144 2358; x_wconf 91' lang='lat'><strong>6</strong></span> <span class='ocrx_word' id='word_1_184' title='bbox 1185 2308 1307 2366; x_wconf 81' lang='grc' dir='ltr'>τοὺς</span> <span class='ocrx_word' id='word_1_185' title='bbox 1357 2304 1674 2376; x_wconf 80' lang='grc' dir='ltr'>Τριῦαλλῶν</span> <span class='ocrx_word' id='word_1_186' title='bbox 1713 2307 1808 2361; x_wconf 73' lang='grc' dir='ltr'>καὶ</span> 
     </span>
    </p>
   </div>
   <div class='ocr_carea' id='block_1_26' title="bbox 122 2394 1806 2469">
    <p class='ocr_par' dir='ltr' id='par_1_26' title="bbox 122 2394 1806 2469">
     <span class='ocr_line' id='line_1_26' title="bbox 122 2394 1806 2469; baseline 0.002 -18"><span class='ocrx_word' id='word_1_187' title='bbox 122 2417 132 2424; x_wconf 67' lang='grc'><strong><em>“</em></strong></span> <span class='ocrx_word' id='word_1_188' title='bbox 214 2398 420 2451; x_wconf 74' lang='grc' dir='ltr'>Μυσῶν</span> <span class='ocrx_word' id='word_1_189' title='bbox 457 2399 734 2467; x_wconf 74' lang='grc' dir='ltr'>ἡγεμόνας</span> <span class='ocrx_word' id='word_1_190' title='bbox 770 2397 854 2469; x_wconf 85' lang='grc' dir='ltr'><strong>[Ρ.</strong></span> <span class='ocrx_word' id='word_1_191' title='bbox 884 2397 1012 2469; x_wconf 68' lang='grc'><strong>548]</strong></span> <span class='ocrx_word' id='word_1_192' title='bbox 1049 2398 1350 2467; x_wconf 76' lang='grc' dir='ltr'>ἐκπλήξας,</span> <span class='ocrx_word' id='word_1_193' title='bbox 1380 2394 1466 2452; x_wconf 71' lang='grc' dir='ltr'>οἷα</span> <span class='ocrx_word' id='word_1_194' title='bbox 1511 2402 1806 2455; x_wconf 71' lang='grc' dir='ltr'>καθεύδου-</span> 
     </span>
    </p>
   </div>
   <div class='ocr_carea' id='block_1_27' title="bbox 214 2490 1804 2561">
    <p class='ocr_par' dir='ltr' id='par_1_27' title="bbox 214 2490 1804 2561">
     <span class='ocr_line' id='line_1_27' title="bbox 214 2490 1804 2561; baseline 0.003 -20"><span class='ocrx_word' id='word_1_195' title='bbox 214 2509 242 2541; x_wconf 92' lang='grc' dir='ltr'><strong>σ</strong></span> <span class='ocrx_word' id='word_1_196' title='bbox 269 2509 297 2544; x_wconf 91' lang='grc' dir='ltr'><strong>ν</strong></span> <span class='ocrx_word' id='word_1_197' title='bbox 328 2493 562 2552; x_wconf 67' lang='grc' dir='ltr'>ἐπιστὰς</span> <span class='ocrx_word' id='word_1_198' title='bbox 600 2490 860 2546; x_wconf 75' lang='grc' dir='ltr'><strong>πολλάκις</strong></span> <span class='ocrx_word' id='word_1_199' title='bbox 901 2490 1191 2556; x_wconf 78' lang='grc' dir='ltr'>αἰφνίδιον,</span> <span class='ocrx_word' id='word_1_200' title='bbox 1239 2490 1492 2561; x_wconf 72' lang='grc' dir='ltr'>καθάπερ</span> <span class='ocrx_word' id='word_1_201' title='bbox 1543 2511 1625 2555; x_wconf 83' lang='grc' dir='ltr'><strong>τις</strong></span> <span class='ocrx_word' id='word_1_202' title='bbox 1656 2495 1804 2547; x_wconf 85' lang='grc' dir='ltr'>αῐθέ-</span> 
     </span>
    </p>
   </div>
   <div class='ocr_carea' id='block_1_28' title="bbox 216 2582 1804 2656">
    <p class='ocr_par' dir='ltr' id='par_1_28' title="bbox 216 2582 1804 2656">
     <span class='ocr_line' id='line_1_28' title="bbox 216 2582 1804 2656; baseline 0.003 -21"><span class='ocrx_word' id='word_1_203' title='bbox 216 2603 328 2653; x_wconf 86' lang='grc' dir='ltr'>ριος</span> <span class='ocrx_word' id='word_1_204' title='bbox 383 2585 673 2654; x_wconf 82' lang='grc' dir='ltr'>κεραυνός.</span> <span class='ocrx_word' id='word_1_205' title='bbox 715 2583 878 2646; x_wconf 76' lang='grc' dir='ltr'>Ἀλλ’,</span> <span class='ocrx_word' id='word_1_206' title='bbox 939 2582 1109 2655; x_wconf 82' lang='grc' dir='ltr'>οἴμοι,</span> <span class='ocrx_word' id='word_1_207' title='bbox 1157 2583 1250 2636; x_wconf 76' lang='grc' dir='ltr'>ιῦν</span> <span class='ocrx_word' id='word_1_208' title='bbox 1290 2584 1452 2636; x_wconf 77' lang='grc' dir='ltr'>αὐτὸν</span> <span class='ocrx_word' id='word_1_209' title='bbox 1508 2586 1675 2656; x_wconf 63' lang='grc' dir='ltr'>ἀργὸν</span> <span class='ocrx_word' id='word_1_210' title='bbox 1714 2587 1804 2640; x_wconf 82' lang='grc' dir='ltr'><strong>καί</strong></span> 
     </span>
    </p>
   </div>
   <div class='ocr_carea' id='block_1_29' title="bbox 211 2676 1804 2747">
    <p class='ocr_par' dir='ltr' id='par_1_29' title="bbox 211 2676 1804 2747">
     <span class='ocr_line' id='line_1_29' title="bbox 211 2676 1804 2747; baseline 0.001 -17"><span class='ocrx_word' id='word_1_211' title='bbox 211 2679 467 2746; x_wconf 86' lang='grc' dir='ltr'>κείμενον</span> <span class='ocrx_word' id='word_1_212' title='bbox 497 2677 753 2741; x_wconf 79' lang='grc' dir='ltr'>καθάπαξ</span> <span class='ocrx_word' id='word_1_213' title='bbox 796 2676 996 2740; x_wconf 80' lang='grc' dir='ltr'>ἔδειξεν</span> <span class='ocrx_word' id='word_1_214' title='bbox 1023 2679 1048 2728; x_wconf 88' lang='lat'><strong>6</strong></span> <span class='ocrx_word' id='word_1_215' title='bbox 1093 2678 1284 2744; x_wconf 84' lang='grc' dir='ltr'>τάφος.</span> <span class='ocrx_word' id='word_1_216' title='bbox 1315 2679 1540 2747; x_wconf 80' lang='grc' dir='ltr'>Οὑρανὲ,</span> <span class='ocrx_word' id='word_1_217' title='bbox 1569 2682 1667 2741; x_wconf 67' lang='grc' dir='ltr'>τὰς</span> <span class='ocrx_word' id='word_1_218' title='bbox 1705 2682 1804 2740; x_wconf 75' lang='grc' dir='ltr'><strong>σὰς</strong></span> 
     </span>
    </p>
   </div>
   <div class='ocr_carea' id='block_1_30' title="bbox 217 2769 1803 2840">
    <p class='ocr_par' dir='ltr' id='par_1_30' title="bbox 217 2769 1803 2840">
     <span class='ocr_line' id='line_1_30' title="bbox 217 2769 1803 2840; baseline 0.001 -19"><span class='ocrx_word' id='word_1_219' title='bbox 217 2772 394 2832; x_wconf 85' lang='grc' dir='ltr'>πύλας</span> <span class='ocrx_word' id='word_1_220' title='bbox 451 2771 802 2831; x_wconf 79' lang='grc' dir='ltr'>ἀναπετάσας</span> <span class='ocrx_word' id='word_1_221' title='bbox 857 2769 1182 2838; x_wconf 73' lang='grc' dir='ltr'>πρόπεμψον</span> <span class='ocrx_word' id='word_1_222' title='bbox 1226 2769 1456 2840; x_wconf 80' lang='grc' dir='ltr'>βροντὴν</span> <span class='ocrx_word' id='word_1_223' title='bbox 1504 2771 1659 2833; x_wconf 80' lang='grc' dir='ltr'>ἀξίαν</span> <span class='ocrx_word' id='word_1_224' title='bbox 1708 2771 1803 2824; x_wconf 81' lang='grc' dir='ltr'>τοῦ</span> 
     </span>
    </p>
   </div>
   <div class='ocr_carea' id='block_1_31' title="bbox 221 2862 1804 2932">
    <p class='ocr_par' dir='ltr' id='par_1_31' title="bbox 221 2862 1804 2932">
     <span class='ocr_line' id='line_1_31' title="bbox 221 2862 1804 2932; baseline 0.003 -19"><span class='ocrx_word' id='word_1_225' title='bbox 221 2866 460 2930; x_wconf 82' lang='grc' dir='ltr'>μεγάλου</span> <span class='ocrx_word' id='word_1_226' title='bbox 508 2863 698 2914; x_wconf 79' lang='grc' dir='ltr'>τούτου</span> <span class='ocrx_word' id='word_1_227' title='bbox 740 2863 945 2924; x_wconf 80' lang='grc' dir='ltr'>πάθους</span> <span class='ocrx_word' id='word_1_228' title='bbox 993 2862 1086 2913; x_wconf 76' lang='grc' dir='ltr'>καὶ</span> <span class='ocrx_word' id='word_1_229' title='bbox 1135 2862 1440 2932; x_wconf 80' lang='grc' dir='ltr'>θορύὸησον</span> <span class='ocrx_word' id='word_1_230' title='bbox 1491 2863 1591 2932; x_wconf 82' lang='grc' dir='ltr'>τὴν</span> <span class='ocrx_word' id='word_1_231' title='bbox 1627 2865 1804 2918; x_wconf 79' lang='grc' dir='ltr'>κτίσιν</span> 
     </span>
    </p>
   </div>
   <div class='ocr_carea' id='block_1_32' title="bbox 214 2953 1800 3029">
    <p class='ocr_par' dir='ltr' id='par_1_32' title="bbox 214 2953 1800 3029">
     <span class='ocr_line' id='line_1_32' title="bbox 214 2953 1800 3029; baseline 0.001 -23"><span class='ocrx_word' id='word_1_232' title='bbox 214 2955 420 3018; x_wconf 55' lang='grc' dir='ltr'>πᾶσαν,</span> <span class='ocrx_word' id='word_1_233' title='bbox 461 2953 546 3006; x_wconf 82' lang='grc' dir='ltr'>ἵνα</span> <span class='ocrx_word' id='word_1_234' title='bbox 578 2953 674 3006; x_wconf 70' lang='grc' dir='ltr'><strong>καὶ</strong></span> <span class='ocrx_word' id='word_1_235' title='bbox 698 2953 809 3004; x_wconf 88' lang='grc' dir='ltr'><strong>τῶν</strong></span> <span class='ocrx_word' id='word_1_236' title='bbox 848 2953 1130 3023; x_wconf 67' lang='grc' dir='ltr'>ἀψύχωνή</span> <span class='ocrx_word' id='word_1_237' title='bbox 1177 2955 1338 3022; x_wconf 80' lang='grc' dir='ltr'>φύσις</span> <span class='ocrx_word' id='word_1_238' title='bbox 1383 2955 1636 3025; x_wconf 85' lang='grc' dir='ltr'>αἴσθησιν</span> <span class='ocrx_word' id='word_1_239' title='bbox 1663 2957 1800 3029; x_wconf 72' lang='grc' dir='ltr'>λάϐῃ</span> 
     </span>
    </p>
   </div>
   <div class='ocr_carea' id='block_1_33' title="bbox 213 3044 1800 3120">
    <p class='ocr_par' dir='ltr' id='par_1_33' title="bbox 213 3044 1800 3120">
     <span class='ocr_line' id='line_1_33' title="bbox 213 3044 1800 3120; baseline 0.004 -23"><span class='ocrx_word' id='word_1_240' title='bbox 213 3048 305 3098; x_wconf 72' lang='grc' dir='ltr'>καὶ</span> <span class='ocrx_word' id='word_1_241' title='bbox 341 3045 659 3101; x_wconf 77' lang='grc' dir='ltr'>συλλάὸοιτο</span> <span class='ocrx_word' id='word_1_242' title='bbox 694 3044 802 3097; x_wconf 86' lang='grc' dir='ltr'><strong>τῶν</strong></span> <span class='ocrx_word' id='word_1_243' title='bbox 827 3045 1043 3116; x_wconf 83' lang='grc' dir='ltr'>θρήνων</span> <span class='ocrx_word' id='word_1_244' title='bbox 1071 3045 1259 3100; x_wconf 73' lang='grc' dir='ltr'>ἅπασα</span> <span class='ocrx_word' id='word_1_245' title='bbox 1292 3048 1454 3115; x_wconf 78' lang='grc' dir='ltr'>φύσις</span> <span class='ocrx_word' id='word_1_246' title='bbox 1484 3052 1800 3120; x_wconf 82' lang='grc' dir='ltr'>κτισμάτων</span> 
     </span>
    </p>
   </div>
   <div class='ocr_carea' id='block_1_34' title="bbox 211 3137 1801 3210">
    <p class='ocr_par' dir='ltr' id='par_1_34' title="bbox 211 3137 1801 3210">
     <span class='ocr_line' id='line_1_34' title="bbox 211 3137 1801 3210; baseline 0.004 -20"><span class='ocrx_word' id='word_1_247' title='bbox 211 3141 364 3208; x_wconf 75' lang='grc' dir='ltr'>ἡμῖν.</span> <span class='ocrx_word' id='word_1_248' title='bbox 409 3139 472 3188; x_wconf 86' lang='grc' dir='ltr'>Ὢ</span> <span class='ocrx_word' id='word_1_249' title='bbox 506 3137 618 3199; x_wconf 83' lang='grc' dir='ltr'><strong>πῶς</strong></span> <span class='ocrx_word' id='word_1_250' title='bbox 651 3140 684 3208; x_wconf 76' lang='grc' dir='ltr'>ἡ</span> <span class='ocrx_word' id='word_1_251' title='bbox 719 3139 994 3207; x_wconf 84' lang='grc' dir='ltr'>ταχυτάτη</span> <span class='ocrx_word' id='word_1_252' title='bbox 1032 3139 1125 3191; x_wconf 80' lang='grc' dir='ltr'>καὶ</span> <span class='ocrx_word' id='word_1_253' title='bbox 1157 3139 1479 3210; x_wconf 80' lang='grc' dir='ltr'>ὠκύπτερος</span> <span class='ocrx_word' id='word_1_254' title='bbox 1511 3143 1673 3208; x_wconf 85' lang='grc' dir='ltr'>φύσις</span> <span class='ocrx_word' id='word_1_255' title='bbox 1706 3145 1801 3197; x_wconf 86' lang='grc' dir='ltr'>νῦν</span> 
     </span>
    </p>
   </div>
   <div class='ocr_carea' id='block_1_35' title="bbox 1733 1904 1880 1987">
    <p class='ocr_par' dir='ltr' id='par_1_35' title="bbox 1733 1904 1880 1987">
     <span class='ocr_line' id='line_1_35' title="bbox 1733 1904 1880 1987; baseline -0.007 0"><span class='ocrx_word' id='word_1_256' title='bbox 1733 1904 1810 1987; x_wconf 82' lang='grc' dir='ltr'>οί-</span> <span class='ocrx_word' id='word_1_257' title='bbox 1841 1904 1880 1958; x_wconf 74' lang='grc' dir='ltr'><strong>Β</strong></span> 
     </span>
    </p>
   </div>
   <div class='ocr_carea' id='block_1_36' title="bbox 1918 640 3504 716">
    <p class='ocr_par' dir='ltr' id='par_1_36' title="bbox 1918 640 3504 716">
     <span class='ocr_line' id='line_1_36' title="bbox 1918 640 3504 716; baseline 0.008 -26"><span class='ocrx_word' id='word_1_258' title='bbox 1918 653 2243 707; x_wconf 79' lang='lat' dir='ltr'><strong>oppressum</strong></span> <span class='ocrx_word' id='word_1_259' title='bbox 2277 640 2598 708; x_wconf 85' lang='lat' dir='ltr'><strong>prostravit.</strong></span> <span class='ocrx_word' id='word_1_260' title='bbox 2617 640 2988 698; x_wconf 68' lang='lat' dir='ltr'><strong>CommOVere</strong></span> <span class='ocrx_word' id='word_1_261' title='bbox 3017 653 3160 699; x_wconf 85' lang='lat' dir='ltr'><strong>terra</strong></span> <span class='ocrx_word' id='word_1_262' title='bbox 3181 645 3344 716; x_wconf 73' lang='lat'><strong>562</strong></span> <span class='ocrx_word' id='word_1_263' title='bbox 3374 665 3504 716; x_wconf 74' lang='lat' dir='ltr'><strong>pro-</strong></span> 
     </span>
    </p>
   </div>
   <div class='ocr_carea' id='block_1_37' title="bbox 1916 731 3503 805">
    <p class='ocr_par' dir='ltr' id='par_1_37' title="bbox 1916 731 3503 805">
     <span class='ocr_line' id='line_1_37' title="bbox 1916 731 3503 805; baseline 0.008 -22"><span class='ocrx_word' id='word_1_264' title='bbox 1916 740 2039 800; x_wconf 91' lang='lat' dir='ltr'><strong>pter</strong></span> <span class='ocrx_word' id='word_1_265' title='bbox 2090 731 2237 784; x_wconf 91' lang='lat' dir='ltr'><strong>hunc</strong></span> <span class='ocrx_word' id='word_1_266' title='bbox 2286 747 2499 798; x_wconf 85' lang='lat' dir='ltr'><strong>casum,</strong></span> <span class='ocrx_word' id='word_1_267' title='bbox 2550 744 2610 788; x_wconf 90' lang='lat' dir='ltr'><strong>ut</strong></span> <span class='ocrx_word' id='word_1_268' title='bbox 2670 749 2832 788; x_wconf 91' lang='lat' dir='ltr'><strong>omne</strong></span> <span class='ocrx_word' id='word_1_269' title='bbox 2889 752 3084 805; x_wconf 77' lang='lat' dir='ltr'><strong>genus,</strong></span> <span class='ocrx_word' id='word_1_270' title='bbox 3137 743 3316 794; x_wconf 89' lang='lat' dir='ltr'><strong>omnis</strong></span> <span class='ocrx_word' id='word_1_271' title='bbox 3369 751 3503 795; x_wconf 64' lang='lat' dir='ltr'><strong>aetas</strong></span> 
     </span>
    </p>
   </div>
   <div class='ocr_carea' id='block_1_38' title="bbox 1913 825 3500 900">
    <p class='ocr_par' dir='ltr' id='par_1_38' title="bbox 1913 825 3500 900">
     <span class='ocr_line' id='line_1_38' title="bbox 1913 825 3500 900; baseline 0.006 -20"><span class='ocrx_word' id='word_1_272' title='bbox 1913 825 2202 880; x_wconf 79' lang='lat' dir='ltr'><strong>hominum</strong></span> <span class='ocrx_word' id='word_1_273' title='bbox 2255 835 2461 881; x_wconf 86' lang='lat' dir='ltr'><strong>tantam</strong></span> <span class='ocrx_word' id='word_1_274' title='bbox 2499 827 2710 883; x_wconf 87' lang='lat' dir='ltr'><strong>cladem</strong></span> <span class='ocrx_word' id='word_1_275' title='bbox 2765 830 2992 894; x_wconf 79' lang='lat' dir='ltr'><strong>sentiat,</strong></span> <span class='ocrx_word' id='word_1_276' title='bbox 3028 841 3082 885; x_wconf 91' lang='lat' dir='ltr'><strong>et</strong></span> <span class='ocrx_word' id='word_1_277' title='bbox 3124 833 3307 900; x_wconf 83' lang='lat' dir='ltr'><strong>plures</strong></span> <span class='ocrx_word' id='word_1_278' title='bbox 3339 834 3500 889; x_wconf 90' lang='lat' dir='ltr'><strong>nobis</strong></span> 
     </span>
    </p>
   </div>
   <div class='ocr_carea' id='block_1_39' title="bbox 1915 919 3497 991">
    <p class='ocr_par' dir='ltr' id='par_1_39' title="bbox 1915 919 3497 991">
     <span class='ocr_line' id='line_1_39' title="bbox 1915 919 3497 991; baseline 0.006 -19"><span class='ocrx_word' id='word_1_279' title='bbox 1915 919 2049 972; x_wconf 81' lang='lat' dir='ltr'><strong>socii</strong></span> <span class='ocrx_word' id='word_1_280' title='bbox 2081 929 2137 973; x_wconf 90' lang='lat' dir='ltr'><strong>et</strong></span> <span class='ocrx_word' id='word_1_281' title='bbox 2167 919 2452 990; x_wconf 76' lang='lat' dir='ltr'><strong>adjutores</strong></span> <span class='ocrx_word' id='word_1_282' title='bbox 2485 921 2900 976; x_wconf 80' lang='lat' dir='ltr'><strong>vehementiam</strong></span> <span class='ocrx_word' id='word_1_283' title='bbox 2950 923 3060 976; x_wconf 89' lang='lat' dir='ltr'><strong>sint</strong></span> <span class='ocrx_word' id='word_1_284' title='bbox 3111 925 3497 991; x_wconf 86' lang='lat' dir='ltr'><strong>suspiriorum.</strong></span> 
     </span>
    </p>
   </div>
   <div class='ocr_carea' id='block_1_40' title="bbox 1916 1011 3497 1082">
    <p class='ocr_par' dir='ltr' id='par_1_40' title="bbox 1916 1011 3497 1082">
     <span class='ocr_line' id='line_1_40' title="bbox 1916 1011 3497 1082; baseline 0.004 -16"><span class='ocrx_word' id='word_1_285' title='bbox 1916 1011 2014 1066; x_wconf 85' lang='lat' dir='ltr'><strong>Hic</strong></span> <span class='ocrx_word' id='word_1_286' title='bbox 2042 1011 2164 1075; x_wconf 86' lang='lat' dir='ltr'><strong>fuit,</strong></span> <span class='ocrx_word' id='word_1_287' title='bbox 2199 1012 2293 1082; x_wconf 87' lang='lat' dir='ltr'><strong>qui</strong></span> <span class='ocrx_word' id='word_1_288' title='bbox 2325 1013 2610 1067; x_wconf 89' lang='lat' dir='ltr'><strong>celeritate</strong></span> <span class='ocrx_word' id='word_1_289' title='bbox 2638 1030 2836 1069; x_wconf 89' lang='lat' dir='ltr'><strong>cursus</strong></span> <span class='ocrx_word' id='word_1_290' title='bbox 2878 1015 3150 1070; x_wconf 79' lang='lat' dir='ltr'><strong>adventus</strong></span> <span class='ocrx_word' id='word_1_291' title='bbox 3180 1018 3263 1070; x_wconf 92' lang='lat' dir='ltr'><strong>sui</strong></span> <span class='ocrx_word' id='word_1_292' title='bbox 3297 1017 3497 1073; x_wconf 83' lang='lat' dir='ltr'><strong>famam</strong></span> 
     </span>
    </p>
   </div>
   <div class='ocr_carea' id='block_1_41' title="bbox 1914 1104 3498 1176">
    <p class='ocr_par' dir='ltr' id='par_1_41' title="bbox 1914 1104 3498 1176">
     <span class='ocr_line' id='line_1_41' title="bbox 1914 1104 3498 1176; baseline 0.004 -19"><span class='ocrx_word' id='word_1_293' title='bbox 1914 1112 2309 1167; x_wconf 83' lang='lat' dir='ltr'><strong>anteverteret,</strong></span> <span class='ocrx_word' id='word_1_294' title='bbox 2351 1115 2406 1158; x_wconf 89' lang='lat' dir='ltr'><strong>et</strong></span> <span class='ocrx_word' id='word_1_295' title='bbox 2448 1104 2769 1174; x_wconf 83' lang='lat' dir='ltr'><strong>priusquam</strong></span> <span class='ocrx_word' id='word_1_296' title='bbox 2810 1107 3251 1176; x_wconf 77' lang='lat' dir='ltr'><strong>conspiceretur,</strong></span> <span class='ocrx_word' id='word_1_297' title='bbox 3288 1118 3498 1164; x_wconf 85' lang='lat' dir='ltr'><strong>terrore</strong></span> 
     </span>
    </p>
   </div>
   <div class='ocr_carea' id='block_1_42' title="bbox 1914 1196 3498 1266">
    <p class='ocr_par' dir='ltr' id='par_1_42' title="bbox 1914 1196 3498 1266">
     <span class='ocr_line' id='line_1_42' title="bbox 1914 1196 3498 1266; baseline 0.002 -15"><span class='ocrx_word' id='word_1_298' title='bbox 1914 1198 1998 1251; x_wconf 83' lang='lat' dir='ltr'><strong>sui</strong></span> <span class='ocrx_word' id='word_1_299' title='bbox 2049 1197 2296 1251; x_wconf 86' lang='lat' dir='ltr'><strong>nominis</strong></span> <span class='ocrx_word' id='word_1_300' title='bbox 2352 1197 2567 1266; x_wconf 76' lang='lat' dir='ltr'><strong>fugaret</strong></span> <span class='ocrx_word' id='word_1_301' title='bbox 2609 1196 2816 1251; x_wconf 87' lang='lat' dir='ltr'><strong>hostes.</strong></span> <span class='ocrx_word' id='word_1_302' title='bbox 2854 1197 2982 1262; x_wconf 87' lang='lat' dir='ltr'><strong>Sed,</strong></span> <span class='ocrx_word' id='word_1_303' title='bbox 3022 1198 3109 1253; x_wconf 91' lang='lat' dir='ltr'><strong>hei</strong></span> <span class='ocrx_word' id='word_1_304' title='bbox 3140 1199 3271 1252; x_wconf 88' lang='lat' dir='ltr'><strong>mihi</strong></span> <span class='ocrx_word' id='word_1_305' title='bbox 3302 1201 3314 1253; x_wconf 85' lang='grc' dir='ltr'><strong>ι</strong></span> <span class='ocrx_word' id='word_1_306' title='bbox 3351 1216 3498 1255; x_wconf 89' lang='lat' dir='ltr'><strong>nunc</strong></span> 
     </span>
    </p>
   </div>
   <div class='ocr_carea' id='block_1_43' title="bbox 1915 1291 3498 1360">
    <p class='ocr_par' dir='ltr' id='par_1_43' title="bbox 1915 1291 3498 1360">
     <span class='ocr_line' id='line_1_43' title="bbox 1915 1291 3498 1360; baseline 0.004 -18"><span class='ocrx_word' id='word_1_307' title='bbox 1915 1306 2063 1345; x_wconf 90' lang='lat' dir='ltr'><strong>mors</strong></span> <span class='ocrx_word' id='word_1_308' title='bbox 2089 1292 2247 1360; x_wconf 86' lang='lat' dir='ltr'><strong>longe</strong></span> <span class='ocrx_word' id='word_1_309' title='bbox 2283 1291 2377 1345; x_wconf 91' lang='lat' dir='ltr'><strong>illo</strong></span> <span class='ocrx_word' id='word_1_310' title='bbox 2411 1291 2648 1344; x_wconf 84' lang='lat' dir='ltr'><strong>celerior</strong></span> <span class='ocrx_word' id='word_1_311' title='bbox 2683 1291 2916 1352; x_wconf 81' lang='lat' dir='ltr'><strong>exstitit,</strong></span> <span class='ocrx_word' id='word_1_312' title='bbox 2943 1301 2998 1345; x_wconf 89' lang='lat' dir='ltr'><strong>et</strong></span> <span class='ocrx_word' id='word_1_313' title='bbox 3035 1294 3344 1348; x_wconf 84' lang='lat' dir='ltr'><strong>istiusmodi</strong></span> <span class='ocrx_word' id='word_1_314' title='bbox 3374 1311 3498 1348; x_wconf 85' lang='lat' dir='ltr'><strong>eur-</strong></span> 
     </span>
    </p>
   </div>
   <div class='ocr_carea' id='block_1_44' title="bbox 1914 1375 3493 1455">
    <p class='ocr_par' dir='ltr' id='par_1_44' title="bbox 1914 1375 3493 1455">
     <span class='ocr_line' id='line_1_44' title="bbox 1914 1375 3493 1455; baseline 0.003 -19"><span class='ocrx_word' id='word_1_315' title='bbox 1914 1375 2329 1437; x_wconf 46' lang='lat' dir='ltr'><strong>sus&#39;antevertit</strong></span> <span class='ocrx_word' id='word_1_316' title='bbox 2350 1395 2404 1437; x_wconf 92' lang='lat' dir='ltr'><strong>et</strong></span> <span class='ocrx_word' id='word_1_317' title='bbox 2430 1384 2672 1453; x_wconf 88' lang='lat' dir='ltr'><strong>abrupit.</strong></span> <span class='ocrx_word' id='word_1_318' title='bbox 2700 1384 2906 1438; x_wconf 80' lang='lat' dir='ltr'><strong>Adesto</strong></span> <span class='ocrx_word' id='word_1_319' title='bbox 2933 1384 3053 1438; x_wconf 82' lang='lat' dir='ltr'><strong>fons</strong></span> <span class='ocrx_word' id='word_1_320' title='bbox 3082 1385 3220 1455; x_wconf 81' lang='lat' dir='ltr'><strong>ignis</strong></span> <span class='ocrx_word' id='word_1_321' title='bbox 3244 1387 3493 1450; x_wconf 60' lang='lat' dir='ltr'><strong>aetherei,</strong></span> 
     </span>
    </p>
   </div>
   <div class='ocr_carea' id='block_1_45' title="bbox 1913 1477 3496 1546">
    <p class='ocr_par' dir='ltr' id='par_1_45' title="bbox 1913 1477 3496 1546">
     <span class='ocr_line' id='line_1_45' title="bbox 1913 1477 3496 1546; baseline 0.003 -16"><span class='ocrx_word' id='word_1_322' title='bbox 1913 1487 2077 1546; x_wconf 81' lang='lat' dir='ltr'><strong>atque</strong></span> <span class='ocrx_word' id='word_1_323' title='bbox 2124 1477 2452 1530; x_wconf 89' lang='lat' dir='ltr'><strong>alterutrum</strong></span> <span class='ocrx_word' id='word_1_324' title='bbox 2506 1477 2759 1546; x_wconf 79' lang='lat' dir='ltr'><strong>perficito</strong></span> <span class='ocrx_word' id='word_1_325' title='bbox 2805 1495 2818 1530; x_wconf 90' lang='lat'>:</span> <span class='ocrx_word' id='word_1_326' title='bbox 2865 1487 2962 1531; x_wconf 88' lang='lat' dir='ltr'><strong>aut</strong></span> <span class='ocrx_word' id='word_1_327' title='bbox 3007 1478 3199 1532; x_wconf 81' lang='lat' dir='ltr'><strong>\itales</strong></span> <span class='ocrx_word' id='word_1_328' title='bbox 3249 1480 3302 1533; x_wconf 88' lang='lat' dir='ltr'><strong>in</strong></span> <span class='ocrx_word' id='word_1_329' title='bbox 3353 1491 3496 1535; x_wconf 78' lang='lat' dir='ltr'><strong>terra</strong></span> 
     </span>
    </p>
   </div>
   <div class='ocr_carea' id='block_1_46' title="bbox 1913 1568 3496 1640">
    <p class='ocr_par' dir='ltr' id='par_1_46' title="bbox 1913 1568 3496 1640">
     <span class='ocr_line' id='line_1_46' title="bbox 1913 1568 3496 1640; baseline 0.003 -18"><span class='ocrx_word' id='word_1_330' title='bbox 1913 1583 2173 1638; x_wconf 81' lang='lat' dir='ltr'><strong>Spargere</strong></span> <span class='ocrx_word' id='word_1_331' title='bbox 2200 1569 2440 1622; x_wconf 87' lang='lat' dir='ltr'><strong>desinite</strong></span> <span class='ocrx_word' id='word_1_332' title='bbox 2484 1568 2686 1630; x_wconf 89' lang='lat' dir='ltr'><strong>radios,</strong></span> <span class='ocrx_word' id='word_1_333' title='bbox 2716 1579 2809 1622; x_wconf 87' lang='lat' dir='ltr'><strong>aut</strong></span> <span class='ocrx_word' id='word_1_334' title='bbox 2835 1571 3003 1623; x_wconf 91' lang='lat' dir='ltr'><strong>totius</strong></span> <span class='ocrx_word' id='word_1_335' title='bbox 3039 1572 3181 1640; x_wconf 76' lang='lat' dir='ltr'><strong>ignis</strong></span> <span class='ocrx_word' id='word_1_336' title='bbox 3210 1573 3287 1625; x_wconf 92' lang='lat' dir='ltr'><strong>tui</strong></span> <span class='ocrx_word' id='word_1_337' title='bbox 3313 1582 3496 1626; x_wconf 88' lang='lat' dir='ltr'><strong>crate-</strong></span> 
     </span>
    </p>
   </div>
   <div class='ocr_carea' id='block_1_47' title="bbox 1915 1660 3498 1724">
    <p class='ocr_par' dir='ltr' id='par_1_47' title="bbox 1915 1660 3498 1724">
     <span class='ocr_line' id='line_1_47' title="bbox 1915 1660 3498 1724; baseline 0.005 -11"><span class='ocrx_word' id='word_1_338' title='bbox 1915 1676 2001 1713; x_wconf 89' lang='lat' dir='ltr'><strong>ras</strong></span> <span class='ocrx_word' id='word_1_339' title='bbox 2030 1662 2084 1714; x_wconf 89' lang='lat' dir='ltr'><strong>ln</strong></span> <span class='ocrx_word' id='word_1_340' title='bbox 2118 1676 2238 1714; x_wconf 87' lang='lat' dir='ltr'><strong>eam</strong></span> <span class='ocrx_word' id='word_1_341' title='bbox 2274 1676 2468 1714; x_wconf 87' lang='lat' dir='ltr'><strong>omnes</strong></span> <span class='ocrx_word' id='word_1_342' title='bbox 2493 1660 2784 1724; x_wconf 78' lang='lat' dir='ltr'><strong>effundite,</strong></span> <span class='ocrx_word' id='word_1_343' title='bbox 2815 1672 2874 1716; x_wconf 89' lang='lat' dir='ltr'><strong>ut</strong></span> <span class='ocrx_word' id='word_1_344' title='bbox 2908 1677 3094 1717; x_wconf 87' lang='lat' dir='ltr'><strong>eomas</strong></span> <span class='ocrx_word' id='word_1_345' title='bbox 3127 1667 3308 1719; x_wconf 89' lang='lat' dir='ltr'><strong>omnis</strong></span> <span class='ocrx_word' id='word_1_346' title='bbox 3332 1667 3498 1721; x_wconf 87' lang='lat' dir='ltr'><strong>arbor</strong></span> 
     </span>
    </p>
   </div>
   <div class='ocr_carea' id='block_1_48' title="bbox 1913 1741 3495 1823">
    <p class='ocr_par' dir='ltr' id='par_1_48' title="bbox 1913 1741 3495 1823">
     <span class='ocr_line' id='line_1_48' title="bbox 1913 1741 3495 1823; baseline 0.004 -17"><span class='ocrx_word' id='word_1_347' title='bbox 1913 1754 2154 1821; x_wconf 89' lang='lat' dir='ltr'><strong>amittat,</strong></span> <span class='ocrx_word' id='word_1_348' title='bbox 2179 1762 2234 1807; x_wconf 91' lang='lat' dir='ltr'><strong>et</strong></span> <span class='ocrx_word' id='word_1_349' title='bbox 2260 1754 2370 1807; x_wconf 88' lang='lat' dir='ltr'><strong>lilia</strong></span> <span class='ocrx_word' id='word_1_350' title='bbox 2400 1755 2511 1823; x_wconf 78' lang='lat' dir='ltr'><strong>agri</strong></span> <span class='ocrx_word' id='word_1_351' title='bbox 2543 1741 2906 1816; x_wconf 86' lang='lat' dir='ltr'><strong>marcescant,</strong></span> <span class='ocrx_word' id='word_1_352' title='bbox 2931 1766 2985 1808; x_wconf 90' lang='lat' dir='ltr'><strong>et</strong></span> <span class='ocrx_word' id='word_1_353' title='bbox 3013 1757 3305 1811; x_wconf 87' lang='lat' dir='ltr'><strong>herbarum</strong></span> <span class='ocrx_word' id='word_1_354' title='bbox 3330 1775 3495 1814; x_wconf 87' lang='lat' dir='ltr'><strong>omne</strong></span> 
     </span>
    </p>
   </div>
   <div class='ocr_carea' id='block_1_49' title="bbox 1913 1846 3497 1916">
    <p class='ocr_par' dir='ltr' id='par_1_49' title="bbox 1913 1846 3497 1916">
     <span class='ocr_line' id='line_1_49' title="bbox 1913 1846 3497 1916; baseline 0.005 -18"><span class='ocrx_word' id='word_1_355' title='bbox 1913 1860 2085 1913; x_wconf 83' lang='lat' dir='ltr'><strong>genus</strong></span> <span class='ocrx_word' id='word_1_356' title='bbox 2119 1854 2323 1897; x_wconf 86' lang='lat' dir='ltr'><strong>tantam</strong></span> <span class='ocrx_word' id='word_1_357' title='bbox 2371 1846 2584 1898; x_wconf 87' lang='lat' dir='ltr'><strong>cladem</strong></span> <span class='ocrx_word' id='word_1_358' title='bbox 2628 1846 2832 1899; x_wconf 87' lang='lat' dir='ltr'><strong>sentiat</strong></span> <span class='ocrx_word' id='word_1_359' title='bbox 2881 1856 3045 1916; x_wconf 84' lang='lat' dir='ltr'><strong>atque</strong></span> <span class='ocrx_word' id='word_1_360' title='bbox 3079 1848 3351 1911; x_wconf 72' lang='lat' dir='ltr'><strong>intelligat</strong></span> <span class='ocrx_word' id='word_1_361' title='bbox 3402 1851 3497 1907; x_wconf 81' lang='lat' dir='ltr'><strong>Ille</strong></span> 
     </span>
    </p>
   </div>
   <div class='ocr_carea' id='block_1_50' title="bbox 1917 1936 3497 2011">
    <p class='ocr_par' dir='ltr' id='par_1_50' title="bbox 1917 1936 3497 2011">
     <span class='ocr_line' id='line_1_50' title="bbox 1917 1936 3497 2011; baseline 0.004 -21"><span class='ocrx_word' id='word_1_362' title='bbox 1917 1936 2042 2001; x_wconf 88' lang='lat' dir='ltr'><strong>fuit,</strong></span> <span class='ocrx_word' id='word_1_363' title='bbox 2076 1939 2167 2006; x_wconf 93' lang='lat' dir='ltr'><strong>qui</strong></span> <span class='ocrx_word' id='word_1_364' title='bbox 2206 1936 2577 1990; x_wconf 80' lang='lat' dir='ltr'><strong>Triballorum</strong></span> <span class='ocrx_word' id='word_1_365' title='bbox 2621 1947 2676 1991; x_wconf 91' lang='lat' dir='ltr'><strong>et</strong></span> <span class='ocrx_word' id='word_1_366' title='bbox 2708 1938 2981 2008; x_wconf 77' lang='lat' dir='ltr'><strong>Mysorum</strong></span> <span class='ocrx_word' id='word_1_367' title='bbox 3011 1939 3181 1995; x_wconf 89' lang='lat' dir='ltr'><strong>duces</strong></span> <span class='ocrx_word' id='word_1_368' title='bbox 3222 1954 3497 2011; x_wconf 83' lang='lat' dir='ltr'><strong>perterre-</strong></span> 
     </span>
    </p>
   </div>
   <div class='ocr_carea' id='block_1_51' title="bbox 1914 2029 3497 2100">
    <p class='ocr_par' dir='ltr' id='par_1_51' title="bbox 1914 2029 3497 2100">
     <span class='ocr_line' id='line_1_51' title="bbox 1914 2029 3497 2100; baseline 0.006 -17"><span class='ocrx_word' id='word_1_369' title='bbox 1914 2029 2141 2095; x_wconf 84' lang='lat' dir='ltr'><strong>faceret,</strong></span> <span class='ocrx_word' id='word_1_370' title='bbox 2179 2047 2317 2100; x_wconf 90' lang='lat' dir='ltr'><strong>quos</strong></span> <span class='ocrx_word' id='word_1_371' title='bbox 2360 2046 2504 2099; x_wconf 59' lang='lat' dir='ltr'><strong>saepe</strong></span> <span class='ocrx_word' id='word_1_372' title='bbox 2536 2031 2686 2085; x_wconf 87' lang='lat' dir='ltr'><strong>velut</strong></span> <span class='ocrx_word' id='word_1_373' title='bbox 2731 2031 3071 2088; x_wconf 88' lang='lat' dir='ltr'><strong>dormientes</strong></span> <span class='ocrx_word' id='word_1_374' title='bbox 3104 2035 3290 2090; x_wconf 90' lang='lat' dir='ltr'><strong>subito</strong></span> <span class='ocrx_word' id='word_1_375' title='bbox 3325 2038 3497 2092; x_wconf 82' lang='lat' dir='ltr'><strong>instar</strong></span> 
     </span>
    </p>
   </div>
   <div class='ocr_carea' id='block_1_52' title="bbox 1911 2122 3496 2191">
    <p class='ocr_par' dir='ltr' id='par_1_52' title="bbox 1911 2122 3496 2191">
     <span class='ocr_line' id='line_1_52' title="bbox 1911 2122 3496 2191; baseline 0.006 -16"><span class='ocrx_word' id='word_1_376' title='bbox 1911 2123 2137 2176; x_wconf 68' lang='lat' dir='ltr'><strong>aetherei</strong></span> <span class='ocrx_word' id='word_1_377' title='bbox 2193 2122 2439 2175; x_wconf 87' lang='lat' dir='ltr'><strong>fulminis</strong></span> <span class='ocrx_word' id='word_1_378' title='bbox 2490 2124 2784 2191; x_wconf 84' lang='lat' dir='ltr'><strong>oppressit.</strong></span> <span class='ocrx_word' id='word_1_379' title='bbox 2849 2125 2939 2189; x_wconf 80' lang='lat' dir='ltr'><strong>At,</strong></span> <span class='ocrx_word' id='word_1_380' title='bbox 2994 2125 3082 2181; x_wconf 90' lang='lat' dir='ltr'><strong>hei</strong></span> <span class='ocrx_word' id='word_1_381' title='bbox 3137 2129 3308 2182; x_wconf 84' lang='lat' dir='ltr'><strong>mihi!</strong></span> <span class='ocrx_word' id='word_1_382' title='bbox 3348 2145 3496 2185; x_wconf 90' lang='lat' dir='ltr'><strong>nunc</strong></span> 
     </span>
    </p>
   </div>
   <div class='ocr_carea' id='block_1_53' title="bbox 1912 2216 3497 2287">
    <p class='ocr_par' dir='ltr' id='par_1_53' title="bbox 1912 2216 3497 2287">
     <span class='ocr_line' id='line_1_53' title="bbox 1912 2216 3497 2287; baseline 0.005 -19"><span class='ocrx_word' id='word_1_383' title='bbox 1912 2216 2064 2270; x_wconf 91' lang='lat' dir='ltr'><strong>illum</strong></span> <span class='ocrx_word' id='word_1_384' title='bbox 2101 2218 2355 2286; x_wconf 82' lang='lat' dir='ltr'><strong>ignavum</strong></span> <span class='ocrx_word' id='word_1_385' title='bbox 2393 2225 2447 2268; x_wconf 89' lang='lat' dir='ltr'><strong>et</strong></span> <span class='ocrx_word' id='word_1_386' title='bbox 2476 2217 2753 2286; x_wconf 87' lang='lat' dir='ltr'><strong>jacentem</strong></span> <span class='ocrx_word' id='word_1_387' title='bbox 2785 2234 3014 2287; x_wconf 86' lang='lat' dir='ltr'><strong>prorsus</strong></span> <span class='ocrx_word' id='word_1_388' title='bbox 3040 2223 3280 2278; x_wconf 85' lang='lat' dir='ltr'><strong>ostendit</strong></span> <span class='ocrx_word' id='word_1_389' title='bbox 3314 2233 3497 2276; x_wconf 82' lang='lat' dir='ltr'><strong>tumu-</strong></span> 
     </span>
    </p>
   </div>
   <div class='ocr_carea' id='block_1_54' title="bbox 1910 2309 3492 2379">
    <p class='ocr_par' dir='ltr' id='par_1_54' title="bbox 1910 2309 3492 2379">
     <span class='ocr_line' id='line_1_54' title="bbox 1910 2309 3492 2379; baseline 0.004 -16"><span class='ocrx_word' id='word_1_390' title='bbox 1910 2309 2018 2364; x_wconf 90' lang='lat' dir='ltr'><strong>lus.</strong></span> <span class='ocrx_word' id='word_1_391' title='bbox 2078 2309 2121 2364; x_wconf 95' lang='grc' dir='ltr'><strong>Ο</strong></span> <span class='ocrx_word' id='word_1_392' title='bbox 2175 2310 2399 2374; x_wconf 79' lang='lat' dir='ltr'><strong>etelum,</strong></span> <span class='ocrx_word' id='word_1_393' title='bbox 2446 2311 2618 2378; x_wconf 92' lang='lat' dir='ltr'><strong>portis</strong></span> <span class='ocrx_word' id='word_1_394' title='bbox 2655 2310 2762 2363; x_wconf 89' lang='lat' dir='ltr'><strong>tuis</strong></span> <span class='ocrx_word' id='word_1_395' title='bbox 2817 2311 3024 2379; x_wconf 89' lang='lat' dir='ltr'><strong>apertis</strong></span> <span class='ocrx_word' id='word_1_396' title='bbox 3081 2314 3286 2366; x_wconf 91' lang='lat' dir='ltr'><strong>tonitru</strong></span> <span class='ocrx_word' id='word_1_397' title='bbox 3341 2323 3492 2369; x_wconf 83' lang='lat' dir='ltr'><strong>tanta</strong></span> 
     </span>
    </p>
   </div>
   <div class='ocr_carea' id='block_1_55' title="bbox 1909 2397 3488 2469">
    <p class='ocr_par' dir='ltr' id='par_1_55' title="bbox 1909 2397 3488 2469">
     <span class='ocr_line' id='line_1_55' title="bbox 1909 2397 3488 2469; baseline 0.002 -15"><span class='ocrx_word' id='word_1_398' title='bbox 1909 2401 2218 2454; x_wconf 80' lang='lat' dir='ltr'><strong>calamitate</strong></span> <span class='ocrx_word' id='word_1_399' title='bbox 2248 2401 2472 2468; x_wconf 80' lang='lat' dir='ltr'><strong>dignum</strong></span> <span class='ocrx_word' id='word_1_400' title='bbox 2504 2415 2732 2469; x_wconf 85' lang='lat' dir='ltr'><strong>erumpe</strong></span> <span class='ocrx_word' id='word_1_401' title='bbox 2757 2413 2811 2454; x_wconf 83' lang='lat' dir='ltr'><strong>et</strong></span> <span class='ocrx_word' id='word_1_402' title='bbox 2837 2412 3002 2455; x_wconf 86' lang='lat' dir='ltr'><strong>totam</strong></span> <span class='ocrx_word' id='word_1_403' title='bbox 3031 2397 3212 2456; x_wconf 84' lang='lat' dir='ltr'><strong>reruin</strong></span> <span class='ocrx_word' id='word_1_404' title='bbox 3240 2415 3488 2458; x_wconf 86' lang='lat' dir='ltr'><strong>naturam</strong></span> 
     </span>
    </p>
   </div>
   <div class='ocr_carea' id='block_1_56' title="bbox 1910 2497 3492 2566">
    <p class='ocr_par' dir='ltr' id='par_1_56' title="bbox 1910 2497 3492 2566">
     <span class='ocr_line' id='line_1_56' title="bbox 1910 2497 3492 2566; baseline 0.002 -16"><span class='ocrx_word' id='word_1_405' title='bbox 1910 2497 2265 2566; x_wconf 82' lang='lat' dir='ltr'><strong>perterrefae,</strong></span> <span class='ocrx_word' id='word_1_406' title='bbox 2299 2507 2357 2548; x_wconf 91' lang='lat' dir='ltr'><strong>ut</strong></span> <span class='ocrx_word' id='word_1_407' title='bbox 2389 2506 2443 2548; x_wconf 88' lang='lat' dir='ltr'><strong>et</strong></span> <span class='ocrx_word' id='word_1_408' title='bbox 2474 2497 2903 2550; x_wconf 87' lang='lat' dir='ltr'><strong>inanimatorum</strong></span> <span class='ocrx_word' id='word_1_409' title='bbox 2948 2507 3141 2551; x_wconf 89' lang='lat' dir='ltr'><strong>natura</strong></span> <span class='ocrx_word' id='word_1_410' title='bbox 3176 2500 3398 2562; x_wconf 78' lang='lat' dir='ltr'><strong>sentiat,</strong></span> <span class='ocrx_word' id='word_1_411' title='bbox 3436 2510 3492 2553; x_wconf 76' lang='lat' dir='ltr'><strong>et</strong></span> 
     </span>
    </p>
   </div>
   <div class='ocr_carea' id='block_1_57' title="bbox 1908 2583 3488 2660">
    <p class='ocr_par' dir='ltr' id='par_1_57' title="bbox 1908 2583 3488 2660">
     <span class='ocr_line' id='line_1_57' title="bbox 1908 2583 3488 2660; baseline 0 -16"><span class='ocrx_word' id='word_1_412' title='bbox 1908 2607 1994 2644; x_wconf 86' lang='lat' dir='ltr'><strong>res</strong></span> <span class='ocrx_word' id='word_1_413' title='bbox 2029 2592 2210 2646; x_wconf 89' lang='lat' dir='ltr'><strong>omnis</strong></span> <span class='ocrx_word' id='word_1_414' title='bbox 2243 2592 2459 2660; x_wconf 75' lang='lat' dir='ltr'><strong>generis</strong></span> <span class='ocrx_word' id='word_1_415' title='bbox 2502 2607 2530 2646; x_wconf 89' lang='lat' dir='ltr'><strong>a</strong></span> <span class='ocrx_word' id='word_1_416' title='bbox 2567 2590 2676 2645; x_wconf 88' lang='lat' dir='ltr'><strong>Deo</strong></span> <span class='ocrx_word' id='word_1_417' title='bbox 2711 2583 2946 2646; x_wconf 63' lang='lat' dir='ltr'><strong>condita:</strong></span> <span class='ocrx_word' id='word_1_418' title='bbox 2993 2592 3204 2645; x_wconf 86' lang='lat' dir='ltr'><strong>luctum</strong></span> <span class='ocrx_word' id='word_1_419' title='bbox 3241 2603 3488 2645; x_wconf 85' lang='lat' dir='ltr'><strong>nostrum</strong></span> 
     </span>
    </p>
   </div>
   <div class='ocr_carea' id='block_1_58' title="bbox 1905 2682 3488 2753">
    <p class='ocr_par' dir='ltr' id='par_1_58' title="bbox 1905 2682 3488 2753">
     <span class='ocr_line' id='line_1_58' title="bbox 1905 2682 3488 2753; baseline 0.003 -18"><span class='ocrx_word' id='word_1_420' title='bbox 1905 2684 2190 2753; x_wconf 82' lang='lat' dir='ltr'><strong>adjuvent.</strong></span> <span class='ocrx_word' id='word_1_421' title='bbox 2215 2682 2328 2736; x_wconf 89' lang='lat' dir='ltr'><strong>Ileu</strong></span> <span class='ocrx_word' id='word_1_422' title='bbox 2361 2686 2372 2735; x_wconf 93' lang='lat'><strong>!</strong></span> <span class='ocrx_word' id='word_1_423' title='bbox 2403 2698 2502 2736; x_wconf 90' lang='lat' dir='ltr'><strong>cur</strong></span> <span class='ocrx_word' id='word_1_424' title='bbox 2535 2693 2624 2736; x_wconf 90' lang='lat' dir='ltr'><strong>tua</strong></span> <span class='ocrx_word' id='word_1_425' title='bbox 2655 2683 2940 2737; x_wconf 83' lang='lat' dir='ltr'><strong>celerrima</strong></span> <span class='ocrx_word' id='word_1_426' title='bbox 2972 2693 3026 2738; x_wconf 84' lang='lat' dir='ltr'><strong>et</strong></span> <span class='ocrx_word' id='word_1_427' title='bbox 3049 2685 3215 2738; x_wconf 86' lang='lat' dir='ltr'><strong>veluti</strong></span> <span class='ocrx_word' id='word_1_428' title='bbox 3246 2685 3488 2740; x_wconf 84' lang='lat' dir='ltr'><strong>volucris</strong></span> 
     </span>
    </p>
   </div>
   <div class='ocr_carea' id='block_1_59' title="bbox 1908 2775 3486 2846">
    <p class='ocr_par' dir='ltr' id='par_1_59' title="bbox 1908 2775 3486 2846">
     <span class='ocr_line' id='line_1_59' title="bbox 1908 2775 3486 2846; baseline 0.002 -17"><span class='ocrx_word' id='word_1_429' title='bbox 1908 2785 2100 2829; x_wconf 89' lang='lat' dir='ltr'><strong>natura</strong></span> <span class='ocrx_word' id='word_1_430' title='bbox 2154 2792 2298 2830; x_wconf 88' lang='lat' dir='ltr'><strong>nunc</strong></span> <span class='ocrx_word' id='word_1_431' title='bbox 2347 2779 2573 2830; x_wconf 89' lang='lat' dir='ltr'><strong>immota</strong></span> <span class='ocrx_word' id='word_1_432' title='bbox 2603 2776 2874 2844; x_wconf 75' lang='lat' dir='ltr'><strong>quiescit?</strong></span> <span class='ocrx_word' id='word_1_433' title='bbox 2927 2775 3040 2830; x_wconf 85' lang='lat' dir='ltr'><strong>Heu</strong></span> <span class='ocrx_word' id='word_1_434' title='bbox 3073 2777 3085 2829; x_wconf 98' lang='lat' dir='ltr'><strong>l</strong></span> <span class='ocrx_word' id='word_1_435' title='bbox 3124 2792 3223 2830; x_wconf 93' lang='lat' dir='ltr'><strong>cur</strong></span> <span class='ocrx_word' id='word_1_436' title='bbox 3275 2788 3353 2841; x_wconf 92' lang='lat' dir='ltr'><strong>tu,</strong></span> <span class='ocrx_word' id='word_1_437' title='bbox 3391 2779 3486 2846; x_wconf 84' lang='lat' dir='ltr'><strong>qui</strong></span> 
     </span>
    </p>
   </div>
   <div class='ocr_carea' id='block_1_60' title="bbox 1909 2868 3485 2937">
    <p class='ocr_par' dir='ltr' id='par_1_60' title="bbox 1909 2868 3485 2937">
     <span class='ocr_line' id='line_1_60' title="bbox 1909 2868 3485 2937; baseline 0.002 -17"><span class='ocrx_word' id='word_1_438' title='bbox 1909 2871 2070 2921; x_wconf 77' lang='lat' dir='ltr'><strong>toties</strong></span> <span class='ocrx_word' id='word_1_439' title='bbox 2101 2869 2260 2921; x_wconf 84' lang='lat' dir='ltr'><strong>nobis</strong></span> <span class='ocrx_word' id='word_1_440' title='bbox 2286 2884 2352 2920; x_wconf 78' lang='lat' dir='ltr'><strong>ex</strong></span> <span class='ocrx_word' id='word_1_441' title='bbox 2388 2868 2604 2922; x_wconf 84' lang='lat' dir='ltr'><strong>bellicis</strong></span> <span class='ocrx_word' id='word_1_442' title='bbox 2636 2868 2929 2937; x_wconf 84' lang='lat' dir='ltr'><strong>triumphis</strong></span> <span class='ocrx_word' id='word_1_443' title='bbox 2955 2869 3200 2922; x_wconf 65' lang='lat' dir='ltr'><strong>lmtitiam</strong></span> <span class='ocrx_word' id='word_1_444' title='bbox 3227 2871 3485 2932; x_wconf 82' lang='lat' dir='ltr'><strong>attulisti,</strong></span> 
     </span>
    </p>
   </div>
   <div class='ocr_carea' id='block_1_61' title="bbox 1907 2962 3487 3025">
    <p class='ocr_par' dir='ltr' id='par_1_61' title="bbox 1907 2962 3487 3025">
     <span class='ocr_line' id='line_1_61' title="bbox 1907 2962 3487 3025; baseline 0.002 -10"><span class='ocrx_word' id='word_1_445' title='bbox 1907 2963 2069 3016; x_wconf 84' lang='lat' dir='ltr'><strong>hodie</strong></span> <span class='ocrx_word' id='word_1_446' title='bbox 2102 2963 2154 3015; x_wconf 94' lang='lat' dir='ltr'><strong>in</strong></span> <span class='ocrx_word' id='word_1_447' title='bbox 2181 2963 2522 3016; x_wconf 84' lang='lat' dir='ltr'><strong>contrarium</strong></span> <span class='ocrx_word' id='word_1_448' title='bbox 2551 2962 2761 3016; x_wconf 85' lang='lat' dir='ltr'><strong>vertisti</strong></span> <span class='ocrx_word' id='word_1_449' title='bbox 2797 2964 3004 3025; x_wconf 89' lang='lat' dir='ltr'><strong>omnia,</strong></span> <span class='ocrx_word' id='word_1_450' title='bbox 3026 2978 3154 3016; x_wconf 87' lang='lat' dir='ltr'><strong>vere</strong></span> <span class='ocrx_word' id='word_1_451' title='bbox 3181 2965 3233 3016; x_wconf 93' lang='lat' dir='ltr'><strong>in</strong></span> <span class='ocrx_word' id='word_1_452' title='bbox 3270 2965 3487 3018; x_wconf 87' lang='lat' dir='ltr'><strong>hiemen</strong></span> 
     </span>
    </p>
   </div>
   <div class='ocr_carea' id='block_1_62' title="bbox 1906 3055 3488 3126">
    <p class='ocr_par' dir='ltr' id='par_1_62' title="bbox 1906 3055 3488 3126">
     <span class='ocr_line' id='line_1_62' title="bbox 1906 3055 3488 3126; baseline 0 -18"><span class='ocrx_word' id='word_1_453' title='bbox 1906 3064 2268 3117; x_wconf 88' lang='lat' dir='ltr'><strong>commutato,</strong></span> <span class='ocrx_word' id='word_1_454' title='bbox 2309 3055 2725 3126; x_wconf 88' lang='lat' dir='ltr'><strong>pulchritudine</strong></span> <span class='ocrx_word' id='word_1_455' title='bbox 2758 3055 2892 3108; x_wconf 88' lang='lat' dir='ltr'><strong>solis</strong></span> <span class='ocrx_word' id='word_1_456' title='bbox 2926 3055 2980 3107; x_wconf 92' lang='lat' dir='ltr'><strong>in</strong></span> <span class='ocrx_word' id='word_1_457' title='bbox 3024 3057 3290 3109; x_wconf 87' lang='lat' dir='ltr'><strong>obscuras</strong></span> <span class='ocrx_word' id='word_1_458' title='bbox 3337 3067 3488 3110; x_wconf 88' lang='lat' dir='ltr'><strong>tene-</strong></span> 
     </span>
    </p>
   </div>
   <div class='ocr_carea' id='block_1_63' title="bbox 1907 3145 3489 3217">
    <p class='ocr_par' dir='ltr' id='par_1_63' title="bbox 1907 3145 3489 3217">
     <span class='ocr_line' id='line_1_63' title="bbox 1907 3145 3489 3217; baseline -0.001 -18"><span class='ocrx_word' id='word_1_459' title='bbox 1907 3148 2052 3206; x_wconf 90' lang='lat' dir='ltr'><strong>bras,</strong></span> <span class='ocrx_word' id='word_1_460' title='bbox 2079 3147 2283 3216; x_wconf 86' lang='lat' dir='ltr'><strong>pullata</strong></span> <span class='ocrx_word' id='word_1_461' title='bbox 2309 3147 2455 3198; x_wconf 92' lang='lat' dir='ltr'><strong>omni</strong></span> <span class='ocrx_word' id='word_1_462' title='bbox 2484 3155 2666 3209; x_wconf 64' lang='lat' dir='ltr'><strong>mtate,</strong></span> <span class='ocrx_word' id='word_1_463' title='bbox 2688 3155 2744 3198; x_wconf 87' lang='lat' dir='ltr'><strong>et</strong></span> <span class='ocrx_word' id='word_1_464' title='bbox 2763 3145 3110 3214; x_wconf 87' lang='lat' dir='ltr'><strong>splendorem</strong></span> <span class='ocrx_word' id='word_1_465' title='bbox 3135 3146 3294 3217; x_wconf 77' lang='lat'><strong>563</strong></span> <span class='ocrx_word' id='word_1_466' title='bbox 3320 3149 3489 3201; x_wconf 67' lang='lat' dir='ltr'><strong>teth-</strong></span> 
     </span>
    </p>
   </div>
   <div class='ocr_carea' id='block_1_64' title="bbox 210 3229 1885 3310">
    <p class='ocr_par' dir='ltr' id='par_1_64' title="bbox 210 3229 1871 3310">
     <span class='ocr_line' id='line_1_64' title="bbox 210 3229 1871 3310; baseline 0.002 -29"><span class='ocrx_word' id='word_1_467' title='bbox 210 3232 410 3299; x_wconf 75' lang='grc' dir='ltr'>ἠρεμεῖ</span> <span class='ocrx_word' id='word_1_468' title='bbox 439 3230 514 3300; x_wconf 83' lang='grc' dir='ltr'>μὴ</span> <span class='ocrx_word' id='word_1_469' title='bbox 545 3230 898 3300; x_wconf 82' lang='grc' dir='ltr'>κινούμενος;</span> <span class='ocrx_word' id='word_1_470' title='bbox 937 3231 1002 3281; x_wconf 84' lang='grc' dir='ltr'><strong>Ὢ</strong></span> <span class='ocrx_word' id='word_1_471' title='bbox 1026 3229 1144 3293; x_wconf 89' lang='grc' dir='ltr'><strong>πῶς</strong></span> <span class='ocrx_word' id='word_1_472' title='bbox 1169 3231 1430 3293; x_wconf 86' lang='grc' dir='ltr'>πολλάκις</span> <span class='ocrx_word' id='word_1_473' title='bbox 1464 3233 1596 3301; x_wconf 82' lang='grc' dir='ltr'>ἡμῖν</span> <span class='ocrx_word' id='word_1_474' title='bbox 1643 3235 1798 3302; x_wconf 79' lang='grc' dir='ltr'>κομί·</span> <span class='ocrx_word' id='word_1_475' title='bbox 1826 3252 1871 3310; x_wconf 79' lang='lat' dir='ltr'>c</span> 
     </span>
    </p>
   </div>
   <div class='ocr_carea' id='block_1_65' title="bbox 1807 3229 3482 3310">
    <p class='ocr_par' dir='ltr' id='par_1_65' title="bbox 1826 3237 3482 3310">
     <span class='ocr_line' id='line_1_65' title="bbox 1826 3237 3482 3310; baseline -0.001 -18"><span class='ocrx_word' id='word_1_476' title='bbox 1826 3252 1871 3310; x_wconf 74' lang='grc' dir='ltr'>ο</span> <span class='ocrx_word' id='word_1_477' title='bbox 1907 3241 1999 3292; x_wconf 75' lang='lat' dir='ltr'><strong>ria:</strong></span> <span class='ocrx_word' id='word_1_478' title='bbox 2030 3239 2162 3292; x_wconf 85' lang='lat' dir='ltr'><strong>facis</strong></span> <span class='ocrx_word' id='word_1_479' title='bbox 2194 3238 2325 3292; x_wconf 87' lang='lat' dir='ltr'><strong>solis</strong></span> <span class='ocrx_word' id='word_1_480' title='bbox 2355 3238 2504 3290; x_wconf 88' lang='lat' dir='ltr'><strong>velut</strong></span> <span class='ocrx_word' id='word_1_481' title='bbox 2533 3237 2890 3291; x_wconf 89' lang='lat' dir='ltr'><strong>occultante?</strong></span> <span class='ocrx_word' id='word_1_482' title='bbox 2930 3237 3066 3298; x_wconf 81' lang='lat' dir='ltr'><strong>Heu.</strong></span> <span class='ocrx_word' id='word_1_483' title='bbox 3105 3239 3380 3307; x_wconf 77' lang='lat' dir='ltr'><strong>queniodo</strong></span> <span class='ocrx_word' id='word_1_484' title='bbox 3435 3257 3482 3300; x_wconf 90' lang='lat' dir='ltr'><strong>s,</strong></span> 
     </span>
    </p>
   </div>
   <div class='ocr_carea' id='block_1_66' title="bbox 210 3322 1796 3394">
    <p class='ocr_par' dir='ltr' id='par_1_66' title="bbox 210 3322 1796 3394">
     <span class='ocr_line' id='line_1_66' title="bbox 210 3322 1796 3394; baseline 0.005 -23"><span class='ocrx_word' id='word_1_485' title='bbox 210 3340 309 3385; x_wconf 86' lang='grc' dir='ltr'><strong>σας</strong></span> <span class='ocrx_word' id='word_1_486' title='bbox 337 3324 514 3392; x_wconf 75' lang='grc' dir='ltr'>χαρὰν</span> <span class='ocrx_word' id='word_1_487' title='bbox 536 3324 599 3373; x_wconf 79' lang='grc' dir='ltr'>ἐκ</span> <span class='ocrx_word' id='word_1_488' title='bbox 619 3323 727 3375; x_wconf 89' lang='grc' dir='ltr'><strong>τῶν</strong></span> <span class='ocrx_word' id='word_1_489' title='bbox 755 3322 1068 3390; x_wconf 78' lang='grc' dir='ltr'>πολεμικῶν</span> <span class='ocrx_word' id='word_1_490' title='bbox 1097 3325 1376 3394; x_wconf 84' lang='grc' dir='ltr'>τροπαίων</span> <span class='ocrx_word' id='word_1_491' title='bbox 1406 3327 1462 3385; x_wconf 78' lang='grc' dir='ltr'>ἐς</span> <span class='ocrx_word' id='word_1_492' title='bbox 1489 3327 1796 3380; x_wconf 77' lang='grc' dir='ltr'>τούναντίον</span> 
     </span>
    </p>
   </div>
   <div class='ocr_carea' id='block_1_67' title="bbox 210 3415 1797 3488">
    <p class='ocr_par' dir='ltr' id='par_1_67' title="bbox 210 3415 1797 3488">
     <span class='ocr_line' id='line_1_67' title="bbox 210 3415 1797 3488; baseline 0.002 -20"><span class='ocrx_word' id='word_1_493' title='bbox 210 3415 508 3484; x_wconf 58' lang='grc' dir='ltr'>ἀνέτρεψεν</span> <span class='ocrx_word' id='word_1_494' title='bbox 534 3415 753 3468; x_wconf 75' lang='grc' dir='ltr'>ἅπαντα</span> <span class='ocrx_word' id='word_1_495' title='bbox 787 3415 1051 3485; x_wconf 85' lang='grc' dir='ltr'>σήμερον,</span> <span class='ocrx_word' id='word_1_496' title='bbox 1081 3417 1175 3468; x_wconf 73' lang='grc' dir='ltr'>καὶ</span> <span class='ocrx_word' id='word_1_497' title='bbox 1204 3416 1451 3487; x_wconf 88' lang='grc' dir='ltr'>χειμῶνα</span> <span class='ocrx_word' id='word_1_498' title='bbox 1487 3419 1584 3482; x_wconf 85' lang='grc' dir='ltr'>μὲν</span> <span class='ocrx_word' id='word_1_499' title='bbox 1617 3419 1673 3470; x_wconf 84' lang='grc' dir='ltr'>τὸ</span> <span class='ocrx_word' id='word_1_500' title='bbox 1701 3419 1797 3488; x_wconf 77' lang='grc' dir='ltr'>ἔαρ</span> 
     </span>
    </p>
   </div>
   <div class='ocr_carea' id='block_1_68' title="bbox 210 3507 1796 3578">
    <p class='ocr_par' dir='ltr' id='par_1_68' title="bbox 210 3507 1796 3578">
     <span class='ocr_line' id='line_1_68' title="bbox 210 3507 1796 3578; baseline 0.004 -22"><span class='ocrx_word' id='word_1_501' title='bbox 210 3508 509 3576; x_wconf 84' lang='grc' dir='ltr'>ποποίηκε,</span> <span class='ocrx_word' id='word_1_502' title='bbox 553 3509 740 3568; x_wconf 77' lang='grc' dir='ltr'>σκότος</span> <span class='ocrx_word' id='word_1_503' title='bbox 770 3507 827 3559; x_wconf 84' lang='grc' dir='ltr'>δὲ</span> <span class='ocrx_word' id='word_1_504' title='bbox 861 3507 997 3575; x_wconf 84' lang='grc' dir='ltr'>βαθὺ</span> <span class='ocrx_word' id='word_1_505' title='bbox 1025 3507 1086 3559; x_wconf 86' lang='grc' dir='ltr'>τὸ</span> <span class='ocrx_word' id='word_1_506' title='bbox 1130 3509 1225 3560; x_wconf 84' lang='grc' dir='ltr'><strong>τού</strong></span> <span class='ocrx_word' id='word_1_507' title='bbox 1259 3508 1413 3578; x_wconf 77' lang='grc' dir='ltr'>ἡλίου</span> <span class='ocrx_word' id='word_1_508' title='bbox 1447 3511 1662 3572; x_wconf 74' lang='grc' dir='ltr'>κάλλος,</span> <span class='ocrx_word' id='word_1_509' title='bbox 1702 3528 1796 3578; x_wconf 89' lang='grc' dir='ltr'>με-</span> 
     </span>
    </p>
   </div>
   <div class='ocr_carea' id='block_1_69' title="bbox 209 3595 1799 3672">
    <p class='ocr_par' dir='ltr' id='par_1_69' title="bbox 209 3595 1799 3672">
     <span class='ocr_line' id='line_1_69' title="bbox 209 3595 1799 3672; baseline 0.004 -25"><span class='ocrx_word' id='word_1_510' title='bbox 209 3597 632 3666; x_wconf 80' lang='grc' dir='ltr'>λανειμονούσης</span> <span class='ocrx_word' id='word_1_511' title='bbox 658 3597 877 3666; x_wconf 76' lang='grc' dir='ltr'>ἡλικίας</span> <span class='ocrx_word' id='word_1_512' title='bbox 909 3599 1128 3668; x_wconf 80' lang='grc' dir='ltr'>ἁπάσης</span> <span class='ocrx_word' id='word_1_513' title='bbox 1156 3603 1253 3654; x_wconf 79' lang='grc' dir='ltr'>καὶ</span> <span class='ocrx_word' id='word_1_514' title='bbox 1279 3595 1390 3651; x_wconf 78' lang='grc' dir='ltr'>οἷον</span> <span class='ocrx_word' id='word_1_515' title='bbox 1416 3603 1628 3672; x_wconf 77' lang='grc' dir='ltr'>ἀποκρυ</span> <span class='ocrx_word' id='word_1_516' title='bbox 1640 3603 1799 3653; x_wconf 86' lang='grc' dir='ltr'>πτού-</span> 
     </span>
    </p>
   </div>
   <div class='ocr_carea' id='block_1_70' title="bbox 208 3691 1795 3764">
    <p class='ocr_par' dir='ltr' id='par_1_70' title="bbox 208 3691 1795 3764">
     <span class='ocr_line' id='line_1_70' title="bbox 208 3691 1795 3764; baseline 0.003 -20"><span class='ocrx_word' id='word_1_517' title='bbox 208 3707 308 3761; x_wconf 89' lang='grc' dir='ltr'><strong>σης</strong></span> <span class='ocrx_word' id='word_1_518' title='bbox 362 3692 461 3762; x_wconf 82' lang='grc' dir='ltr'>τὴν</span> <span class='ocrx_word' id='word_1_519' title='bbox 491 3692 665 3759; x_wconf 76' lang='grc' dir='ltr'>αὐγὴν</span> <span class='ocrx_word' id='word_1_520' title='bbox 703 3692 800 3760; x_wconf 84' lang='grc' dir='ltr'>τῆς</span> <span class='ocrx_word' id='word_1_521' title='bbox 842 3691 1085 3760; x_wconf 78' lang='grc' dir='ltr'>αἰθερίας</span> <span class='ocrx_word' id='word_1_522' title='bbox 1133 3693 1226 3745; x_wconf 83' lang='grc' dir='ltr'>τοῦ</span> <span class='ocrx_word' id='word_1_523' title='bbox 1275 3694 1426 3762; x_wconf 80' lang='grc' dir='ltr'>ἡλίου</span> <span class='ocrx_word' id='word_1_524' title='bbox 1477 3696 1795 3764; x_wconf 78' lang='grc' dir='ltr'>λαμπάδος;</span> 
     </span>
    </p>
   </div>
   <div class='ocr_carea' id='block_1_71' title="bbox 213 3784 1798 3856">
    <p class='ocr_par' dir='ltr' id='par_1_71' title="bbox 213 3784 1798 3856">
     <span class='ocr_line' id='line_1_71' title="bbox 213 3784 1798 3856; baseline 0.003 -20"><span class='ocrx_word' id='word_1_525' title='bbox 213 3786 277 3837; x_wconf 84' lang='grc' dir='ltr'>Ὤ</span> <span class='ocrx_word' id='word_1_526' title='bbox 309 3785 424 3847; x_wconf 84' lang='grc' dir='ltr'><strong>πῶς</strong></span> <span class='ocrx_word' id='word_1_527' title='bbox 449 3788 475 3836; x_wconf 89' lang='lat'><strong>6</strong></span> <span class='ocrx_word' id='word_1_528' title='bbox 508 3784 735 3847; x_wconf 81' lang='grc' dir='ltr'>πολλοὺς</span> <span class='ocrx_word' id='word_1_529' title='bbox 771 3787 833 3837; x_wconf 71' lang='grc' dir='ltr'>ὲκ</span> <span class='ocrx_word' id='word_1_530' title='bbox 866 3786 970 3836; x_wconf 89' lang='grc' dir='ltr'><strong>τῶν</strong></span> <span class='ocrx_word' id='word_1_531' title='bbox 1004 3786 1290 3856; x_wconf 80' lang='grc' dir='ltr'>βλεφάρων</span> <span class='ocrx_word' id='word_1_532' title='bbox 1314 3789 1798 3856; x_wconf 83' lang='grc' dir='ltr'>ἁποκρουσάμενος</span> 
     </span>
    </p>
   </div>
   <div class='ocr_carea' id='block_1_72' title="bbox 209 3877 1797 3950">
    <p class='ocr_par' dir='ltr' id='par_1_72' title="bbox 209 3877 1797 3950">
     <span class='ocr_line' id='line_1_72' title="bbox 209 3877 1797 3950; baseline 0.003 -21"><span class='ocrx_word' id='word_1_533' title='bbox 209 3878 414 3939; x_wconf 63' lang='grc' dir='ltr'>ὕπνους</span> <span class='ocrx_word' id='word_1_534' title='bbox 447 3879 588 3945; x_wconf 81' lang='grc' dir='ltr'>ὑπὲρ</span> <span class='ocrx_word' id='word_1_535' title='bbox 616 3877 726 3929; x_wconf 75' lang='grc' dir='ltr'><strong>τῶν</strong></span> <span class='ocrx_word' id='word_1_536' title='bbox 763 3879 1022 3946; x_wconf 68' lang='grc' dir='ltr'>ὑπηκόων</span> <span class='ocrx_word' id='word_1_537' title='bbox 1056 3877 1150 3929; x_wconf 80' lang='grc' dir='ltr'>νῦν</span> <span class='ocrx_word' id='word_1_538' title='bbox 1191 3881 1248 3930; x_wconf 77' lang='grc' dir='ltr'><strong>έν</strong></span> <span class='ocrx_word' id='word_1_539' title='bbox 1276 3881 1429 3949; x_wconf 78' lang='grc' dir='ltr'>τάφῳ</span> <span class='ocrx_word' id='word_1_540' title='bbox 1459 3882 1549 3931; x_wconf 86' lang='grc' dir='ltr'>τὸν</span> <span class='ocrx_word' id='word_1_541' title='bbox 1585 3883 1797 3950; x_wconf 83' lang='grc' dir='ltr'>μακρὸν</span> 
     </span>
    </p>
   </div>
   <div class='ocr_carea' id='block_1_73' title="bbox 207 3970 1796 4037">
    <p class='ocr_par' dir='ltr' id='par_1_73' title="bbox 207 3970 1796 4037">
     <span class='ocr_line' id='line_1_73' title="bbox 207 3970 1796 4037; baseline 0.003 -16"><span class='ocrx_word' id='word_1_542' title='bbox 207 3971 376 4022; x_wconf 74' lang='grc' dir='ltr'>ὕπνον</span> <span class='ocrx_word' id='word_1_543' title='bbox 413 3970 708 4034; x_wconf 72' lang='grc' dir='ltr'>καθεύδεις</span> <span class='ocrx_word' id='word_1_544' title='bbox 745 3971 810 4022; x_wconf 74' lang='grc' dir='ltr'>Ὠ</span> <span class='ocrx_word' id='word_1_545' title='bbox 852 3970 966 4032; x_wconf 85' lang='grc' dir='ltr'><strong>πῶς</strong></span> <span class='ocrx_word' id='word_1_546' title='bbox 1020 3971 1111 4023; x_wconf 83' lang='grc' dir='ltr'>τὸν</span> <span class='ocrx_word' id='word_1_547' title='bbox 1143 3971 1342 4024; x_wconf 81' lang='grc' dir='ltr'>λίθινον</span> <span class='ocrx_word' id='word_1_548' title='bbox 1386 3972 1546 4037; x_wconf 75' lang='grc' dir='ltr'>α.τὸς</span> <span class='ocrx_word' id='word_1_549' title='bbox 1594 3974 1796 4036; x_wconf 71' lang='grc' dir='ltr'>ὑποδὺς</span> 
     </span>
    </p>
   </div>
   <div class='ocr_carea' id='block_1_74' title="bbox 203 4064 1792 4137">
    <p class='ocr_par' dir='ltr' id='par_1_74' title="bbox 203 4064 1792 4137">
     <span class='ocr_line' id='line_1_74' title="bbox 203 4064 1792 4137; baseline 0.002 -20"><span class='ocrx_word' id='word_1_550' title='bbox 203 4068 415 4135; x_wconf 80' lang='grc' dir='ltr'>χιτῶνα</span> <span class='ocrx_word' id='word_1_551' title='bbox 449 4067 507 4116; x_wconf 84' lang='grc' dir='ltr'>ὲν</span> <span class='ocrx_word' id='word_1_552' title='bbox 545 4064 741 4134; x_wconf 72' lang='grc' dir='ltr'>βραχεῖ</span> <span class='ocrx_word' id='word_1_553' title='bbox 779 4065 1061 4133; x_wconf 79' lang='grc' dir='ltr'>δυστυχῶν</span> <span class='ocrx_word' id='word_1_554' title='bbox 1091 4067 1238 4134; x_wconf 75' lang='grc' dir='ltr'>ἡμᾶς</span> <span class='ocrx_word' id='word_1_555' title='bbox 1273 4067 1644 4119; x_wconf 80' lang='grc' dir='ltr'>ἀποδύσασθαι</span> <span class='ocrx_word' id='word_1_556' title='bbox 1678 4068 1792 4137; x_wconf 71' lang='grc'><strong>(48)</strong></span> 
     </span>
    </p>
   </div>
   <div class='ocr_carea' id='block_1_75' title="bbox 205 4160 1796 4230">
    <p class='ocr_par' dir='ltr' id='par_1_75' title="bbox 205 4160 1796 4230">
     <span class='ocr_line' id='line_1_75' title="bbox 205 4160 1796 4230; baseline 0.001 -18"><span class='ocrx_word' id='word_1_557' title='bbox 205 4166 530 4230; x_wconf 75' lang='grc' dir='ltr'>πεπραχεν;</span> <span class='ocrx_word' id='word_1_558' title='bbox 568 4160 631 4209; x_wconf 86' lang='grc' dir='ltr'>Ὢ</span> <span class='ocrx_word' id='word_1_559' title='bbox 677 4160 790 4220; x_wconf 82' lang='grc' dir='ltr'><strong>πῶς</strong></span> <span class='ocrx_word' id='word_1_560' title='bbox 823 4160 1089 4229; x_wconf 82' lang='grc' dir='ltr'>πρότερον</span> <span class='ocrx_word' id='word_1_561' title='bbox 1123 4162 1225 4227; x_wconf 88' lang='grc' dir='ltr'>μὲν</span> <span class='ocrx_word' id='word_1_562' title='bbox 1269 4163 1338 4212; x_wconf 79' lang='grc' dir='ltr'>τὰ</span> <span class='ocrx_word' id='word_1_563' title='bbox 1378 4161 1485 4213; x_wconf 85' lang='grc' dir='ltr'><strong>τῶν</strong></span> <span class='ocrx_word' id='word_1_564' title='bbox 1522 4161 1796 4230; x_wconf 86' lang='grc' dir='ltr'>πολεμίων</span> 
     </span>
    </p>
   </div>
   <div class='ocr_carea' id='block_1_76' title="bbox 205 4252 1795 4322">
    <p class='ocr_par' dir='ltr' id='par_1_76' title="bbox 205 4252 1795 4322">
     <span class='ocr_line' id='line_1_76' title="bbox 205 4252 1795 4322; baseline 0.001 -19"><span class='ocrx_word' id='word_1_565' title='bbox 205 4254 428 4304; x_wconf 84' lang='grc' dir='ltr'>κόπτων</span> <span class='ocrx_word' id='word_1_566' title='bbox 460 4252 556 4304; x_wconf 77' lang='grc' dir='ltr'>καὶ</span> <span class='ocrx_word' id='word_1_567' title='bbox 610 4252 970 4306; x_wconf 77' lang='grc' dir='ltr'>καταϐάλλων</span> <span class='ocrx_word' id='word_1_568' title='bbox 1005 4255 1234 4322; x_wconf 82' lang='grc' dir='ltr'>σώματα</span> <span class='ocrx_word' id='word_1_569' title='bbox 1276 4253 1373 4305; x_wconf 75' lang='grc' dir='ltr'>νῦν</span> <span class='ocrx_word' id='word_1_570' title='bbox 1405 4256 1468 4306; x_wconf 82' lang='grc' dir='ltr'>ἐκ</span> <span class='ocrx_word' id='word_1_571' title='bbox 1502 4254 1670 4321; x_wconf 83' lang='grc' dir='ltr'>τάφου</span> <span class='ocrx_word' id='word_1_572' title='bbox 1697 4254 1795 4316; x_wconf 73' lang='grc' dir='ltr'><strong>τὰς</strong></span> 
     </span>
    </p>
   </div>
   <div class='ocr_carea' id='block_1_77' title="bbox 203 4342 1796 4416">
    <p class='ocr_par' dir='ltr' id='par_1_77' title="bbox 203 4342 1796 4416">
     <span class='ocr_line' id='line_1_77' title="bbox 203 4342 1796 4416; baseline 0.001 -18"><span class='ocrx_word' id='word_1_573' title='bbox 203 4347 316 4398; x_wconf 81' lang='grc' dir='ltr'><strong>τῶν</strong></span> <span class='ocrx_word' id='word_1_574' title='bbox 352 4347 613 4415; x_wconf 84' lang='grc' dir='ltr'>ὑπηκόων</span> <span class='ocrx_word' id='word_1_575' title='bbox 649 4347 860 4411; x_wconf 78' lang='grc' dir='ltr'>τοξεύει</span> <span class='ocrx_word' id='word_1_576' title='bbox 905 4347 1084 4416; x_wconf 74' lang='grc' dir='ltr'>ψυχὰς</span> <span class='ocrx_word' id='word_1_577' title='bbox 1119 4347 1384 4415; x_wconf 73' lang='grc' dir='ltr'>ἀφειδῶς;</span> <span class='ocrx_word' id='word_1_578' title='bbox 1417 4347 1486 4398; x_wconf 85' lang='grc' dir='ltr'><strong>Σὺ</strong></span> <span class='ocrx_word' id='word_1_579' title='bbox 1526 4347 1571 4399; x_wconf 90' lang='grc' dir='ltr'>δ’</span> <span class='ocrx_word' id='word_1_580' title='bbox 1602 4342 1646 4400; x_wconf 77' lang='grc' dir='ltr'>ὦ</span> <span class='ocrx_word' id='word_1_581' title='bbox 1679 4347 1796 4399; x_wconf 80' lang='grc' dir='ltr'>θεία</span> 
     </span>
    </p>
   </div>
   <div class='ocr_carea' id='block_1_78' title="bbox 209 4437 1798 4509">
    <p class='ocr_par' dir='ltr' id='par_1_78' title="bbox 209 4437 1798 4509">
     <span class='ocr_line' id='line_1_78' title="bbox 209 4437 1798 4509; baseline 0.002 -19"><span class='ocrx_word' id='word_1_582' title='bbox 209 4439 448 4509; x_wconf 76' lang='grc' dir='ltr'>βασιλὶς,</span> <span class='ocrx_word' id='word_1_583' title='bbox 486 4437 587 4489; x_wconf 83' lang='grc' dir='ltr'><strong>πού</strong></span> <span class='ocrx_word' id='word_1_584' title='bbox 617 4439 677 4489; x_wconf 77' lang='grc' dir='ltr'>τὸ</span> <span class='ocrx_word' id='word_1_585' title='bbox 711 4439 801 4489; x_wconf 83' lang='grc' dir='ltr'><strong>σὺν</strong></span> <span class='ocrx_word' id='word_1_586' title='bbox 829 4438 1228 4500; x_wconf 84' lang='grc' dir='ltr'>καταλέλοιπας</span> <span class='ocrx_word' id='word_1_587' title='bbox 1256 4439 1442 4505; x_wconf 87' lang='grc' dir='ltr'>κλέος;</span> <span class='ocrx_word' id='word_1_588' title='bbox 1474 4441 1594 4502; x_wconf 85' lang='grc' dir='ltr'><strong>Πῶς</strong></span> <span class='ocrx_word' id='word_1_589' title='bbox 1629 4442 1798 4493; x_wconf 81' lang='grc' dir='ltr'>καθά-</span> 
     </span>
    </p>
   </div>
   <div class='ocr_carea' id='block_1_79' title="bbox 205 4531 1794 4604">
    <p class='ocr_par' dir='ltr' id='par_1_79' title="bbox 205 4531 1794 4604">
     <span class='ocr_line' id='line_1_79' title="bbox 205 4531 1794 4604; baseline 0.002 -19"><span class='ocrx_word' id='word_1_590' title='bbox 205 4550 315 4602; x_wconf 87' lang='grc' dir='ltr'><strong>περ</strong></span> <span class='ocrx_word' id='word_1_591' title='bbox 338 4531 601 4594; x_wconf 75' lang='grc' dir='ltr'>εὔκυκλος</span> <span class='ocrx_word' id='word_1_592' title='bbox 636 4533 835 4602; x_wconf 79' lang='grc' dir='ltr'>σελήνη</span> <span class='ocrx_word' id='word_1_593' title='bbox 879 4533 988 4584; x_wconf 88' lang='grc' dir='ltr'><strong>τῶν</strong></span> <span class='ocrx_word' id='word_1_594' title='bbox 1028 4531 1316 4601; x_wconf 90' lang='grc' dir='ltr'>βασιλείων</span> <span class='ocrx_word' id='word_1_595' title='bbox 1348 4535 1471 4604; x_wconf 84' lang='grc' dir='ltr'>χθὲς</span> <span class='ocrx_word' id='word_1_596' title='bbox 1503 4535 1794 4598; x_wconf 74' lang='grc' dir='ltr'>ἐξελθοῦσα</span> 
     </span>
    </p>
   </div>
   <div class='ocr_carea' id='block_1_80' title="bbox 1902 3331 3486 3402">
    <p class='ocr_par' dir='ltr' id='par_1_80' title="bbox 1902 3331 3486 3402">
     <span class='ocr_line' id='line_1_80' title="bbox 1902 3331 3486 3402; baseline 0.001 -17"><span class='ocrx_word' id='word_1_597' title='bbox 1902 3335 1993 3402; x_wconf 89' lang='lat' dir='ltr'><strong>qui</strong></span> <span class='ocrx_word' id='word_1_598' title='bbox 2044 3344 2272 3400; x_wconf 80' lang='lat' dir='ltr'><strong>propter</strong></span> <span class='ocrx_word' id='word_1_599' title='bbox 2326 3332 2579 3385; x_wconf 89' lang='lat' dir='ltr'><strong>subditos</strong></span> <span class='ocrx_word' id='word_1_600' title='bbox 2628 3346 2756 3385; x_wconf 88' lang='lat' dir='ltr'><strong>suos</strong></span> <span class='ocrx_word' id='word_1_601' title='bbox 2806 3346 3059 3385; x_wconf 86' lang='lat' dir='ltr'><strong>somnum</strong></span> <span class='ocrx_word' id='word_1_602' title='bbox 3111 3331 3286 3385; x_wconf 89' lang='lat' dir='ltr'><strong>oculis</strong></span> <span class='ocrx_word' id='word_1_603' title='bbox 3340 3347 3486 3401; x_wconf 57' lang='lat' dir='ltr'><strong>sape</strong></span> 
     </span>
    </p>
   </div>
   <div class='ocr_carea' id='block_1_81' title="bbox 1902 3406 3482 3494">
    <p class='ocr_par' dir='ltr' id='par_1_81' title="bbox 1902 3406 3482 3494">
     <span class='ocr_line' id='line_1_81' title="bbox 1902 3406 3482 3494; baseline -0.002 -16"><span class='ocrx_word' id='word_1_604' title='bbox 1902 3425 2138 3494; x_wconf 74' lang='lat' dir='ltr'><strong>negavit,</strong></span> <span class='ocrx_word' id='word_1_605' title='bbox 2175 3440 2323 3478; x_wconf 91' lang='lat' dir='ltr'><strong>nunc</strong></span> <span class='ocrx_word' id='word_1_606' title='bbox 2374 3424 2429 3476; x_wconf 89' lang='lat' dir='ltr'><strong>in</strong></span> <span class='ocrx_word' id='word_1_607' title='bbox 2485 3406 2740 3492; x_wconf 85' lang='lat' dir='ltr'><strong>sepulcro</strong></span> <span class='ocrx_word' id='word_1_608' title='bbox 2789 3423 3010 3490; x_wconf 76' lang='lat' dir='ltr'><strong>longum</strong></span> <span class='ocrx_word' id='word_1_609' title='bbox 3045 3421 3198 3474; x_wconf 89' lang='lat' dir='ltr'><strong>illum</strong></span> <span class='ocrx_word' id='word_1_610' title='bbox 3228 3437 3482 3476; x_wconf 88' lang='lat' dir='ltr'><strong>somnum</strong></span> 
     </span>
    </p>
   </div>
   <div class='ocr_carea' id='block_1_82' title="bbox 1900 3514 3483 3585">
    <p class='ocr_par' dir='ltr' id='par_1_82' title="bbox 1900 3514 3483 3585">
     <span class='ocr_line' id='line_1_82' title="bbox 1900 3514 3483 3585; baseline -0.004 -15"><span class='ocrx_word' id='word_1_611' title='bbox 1900 3518 2141 3570; x_wconf 83' lang='lat' dir='ltr'><strong>dormit?</strong></span> <span class='ocrx_word' id='word_1_612' title='bbox 2175 3517 2307 3578; x_wconf 87' lang='lat' dir='ltr'><strong>lleu,</strong></span> <span class='ocrx_word' id='word_1_613' title='bbox 2353 3516 2630 3585; x_wconf 87' lang='lat' dir='ltr'><strong>quomodo</strong></span> <span class='ocrx_word' id='word_1_614' title='bbox 2677 3515 2788 3578; x_wconf 88' lang='lat' dir='ltr'><strong>ille,</strong></span> <span class='ocrx_word' id='word_1_615' title='bbox 2827 3529 2989 3568; x_wconf 83' lang='lat' dir='ltr'><strong>saxea</strong></span> <span class='ocrx_word' id='word_1_616' title='bbox 3042 3515 3222 3568; x_wconf 87' lang='lat' dir='ltr'><strong>tunica</strong></span> <span class='ocrx_word' id='word_1_617' title='bbox 3269 3514 3483 3581; x_wconf 78' lang='lat' dir='ltr'><strong>induta,</strong></span> 
     </span>
    </p>
   </div>
   <div class='ocr_carea' id='block_1_83' title="bbox 1903 3607 3485 3676">
    <p class='ocr_par' dir='ltr' id='par_1_83' title="bbox 1903 3607 3485 3676">
     <span class='ocr_line' id='line_1_83' title="bbox 1903 3607 3485 3676; baseline -0.005 -10"><span class='ocrx_word' id='word_1_618' title='bbox 1903 3613 2051 3666; x_wconf 88' lang='lat' dir='ltr'><strong>brevi</strong></span> <span class='ocrx_word' id='word_1_619' title='bbox 2085 3611 2292 3674; x_wconf 83' lang='lat' dir='ltr'><strong>cfl&#39;ecit,</strong></span> <span class='ocrx_word' id='word_1_620' title='bbox 2325 3621 2383 3663; x_wconf 90' lang='lat' dir='ltr'><strong>ut</strong></span> <span class='ocrx_word' id='word_1_621' title='bbox 2415 3625 2515 3663; x_wconf 92' lang='lat' dir='ltr'><strong>nos</strong></span> <span class='ocrx_word' id='word_1_622' title='bbox 2542 3610 2742 3662; x_wconf 89' lang='lat' dir='ltr'><strong>misere</strong></span> <span class='ocrx_word' id='word_1_623' title='bbox 2775 3607 3144 3663; x_wconf 76' lang='lat' dir='ltr'><strong>exueremur?</strong></span> <span class='ocrx_word' id='word_1_624' title='bbox 3179 3608 3319 3672; x_wconf 85' lang='lat' dir='ltr'><strong>lleu,</strong></span> <span class='ocrx_word' id='word_1_625' title='bbox 3350 3623 3485 3676; x_wconf 89' lang='lat' dir='ltr'><strong>quo-</strong></span> 
     </span>
    </p>
   </div>
   <div class='ocr_carea' id='block_1_84' title="bbox 1902 3693 3482 3774">
    <p class='ocr_par' dir='ltr' id='par_1_84' title="bbox 1902 3693 3482 3774">
     <span class='ocr_line' id='line_1_84' title="bbox 1902 3693 3482 3774; baseline -0.005 -16"><span class='ocrx_word' id='word_1_626' title='bbox 1902 3693 2062 3759; x_wconf 85' lang='lat' dir='ltr'><strong>modo</strong></span> <span class='ocrx_word' id='word_1_627' title='bbox 2103 3703 2199 3774; x_wconf 90' lang='lat' dir='ltr'><strong>qui</strong></span> <span class='ocrx_word' id='word_1_628' title='bbox 2232 3714 2390 3757; x_wconf 86' lang='lat' dir='ltr'><strong>antea</strong></span> <span class='ocrx_word' id='word_1_629' title='bbox 2429 3703 2668 3755; x_wconf 88' lang='lat' dir='ltr'><strong>hostium</strong></span> <span class='ocrx_word' id='word_1_630' title='bbox 2696 3715 2929 3770; x_wconf 88' lang='lat' dir='ltr'><strong>corpora</strong></span> <span class='ocrx_word' id='word_1_631' title='bbox 2963 3699 3218 3754; x_wconf 60' lang='lat' dir='ltr'><strong>cedebat</strong></span> <span class='ocrx_word' id='word_1_632' title='bbox 3253 3708 3308 3752; x_wconf 94' lang='lat' dir='ltr'><strong>et</strong></span> <span class='ocrx_word' id='word_1_633' title='bbox 3336 3710 3482 3752; x_wconf 70' lang='lat' dir='ltr'><strong>ster-</strong></span> 
     </span>
    </p>
   </div>
   <div class='ocr_carea' id='block_1_85' title="bbox 1900 3791 3480 3862">
    <p class='ocr_par' dir='ltr' id='par_1_85' title="bbox 1900 3791 3480 3862">
     <span class='ocr_line' id='line_1_85' title="bbox 1900 3791 3480 3862; baseline -0.005 -12"><span class='ocrx_word' id='word_1_634' title='bbox 1900 3796 2083 3859; x_wconf 84' lang='lat' dir='ltr'><strong>nebat,</strong></span> <span class='ocrx_word' id='word_1_635' title='bbox 2126 3812 2272 3848; x_wconf 91' lang='lat' dir='ltr'><strong>nune</strong></span> <span class='ocrx_word' id='word_1_636' title='bbox 2304 3811 2331 3847; x_wconf 87' lang='lat' dir='ltr'><strong>e</strong></span> <span class='ocrx_word' id='word_1_637' title='bbox 2376 3794 2632 3862; x_wconf 87' lang='lat' dir='ltr'><strong>sepulcro</strong></span> <span class='ocrx_word' id='word_1_638' title='bbox 2666 3793 3013 3846; x_wconf 88' lang='lat' dir='ltr'><strong>subditorum</strong></span> <span class='ocrx_word' id='word_1_639' title='bbox 3045 3791 3257 3843; x_wconf 87' lang='lat' dir='ltr'><strong>animos</strong></span> <span class='ocrx_word' id='word_1_640' title='bbox 3312 3791 3480 3858; x_wconf 66' lang='lat' dir='ltr'><strong>Sagit-</strong></span> 
     </span>
    </p>
   </div>
   <div class='ocr_carea' id='block_1_86' title="bbox 1902 3883 3482 3957">
    <p class='ocr_par' dir='ltr' id='par_1_86' title="bbox 1902 3883 3482 3957">
     <span class='ocr_line' id='line_1_86' title="bbox 1902 3883 3482 3957; baseline -0.006 -15"><span class='ocrx_word' id='word_1_641' title='bbox 1902 3890 1971 3942; x_wconf 87' lang='lat' dir='ltr'><strong>tis</strong></span> <span class='ocrx_word' id='word_1_642' title='bbox 2021 3890 2379 3957; x_wconf 81' lang='lat' dir='ltr'><strong>pertinaciter</strong></span> <span class='ocrx_word' id='word_1_643' title='bbox 2421 3885 2674 3953; x_wconf 86' lang='lat' dir='ltr'><strong>impetit?</strong></span> <span class='ocrx_word' id='word_1_644' title='bbox 2711 3884 2791 3937; x_wconf 88' lang='lat' dir='ltr'><strong>Tu</strong></span> <span class='ocrx_word' id='word_1_645' title='bbox 2837 3899 2987 3947; x_wconf 82' lang='lat' dir='ltr'><strong>vero,</strong></span> <span class='ocrx_word' id='word_1_646' title='bbox 3021 3899 3052 3935; x_wconf 93' lang='grc' dir='ltr'><strong>ο</strong></span> <span class='ocrx_word' id='word_1_647' title='bbox 3093 3883 3276 3936; x_wconf 83' lang='lat' dir='ltr'><strong>divina</strong></span> <span class='ocrx_word' id='word_1_648' title='bbox 3311 3883 3482 3949; x_wconf 78' lang='lat' dir='ltr'><strong>impe-</strong></span> 
     </span>
    </p>
   </div>
   <div class='ocr_carea' id='block_1_87' title="bbox 1902 3975 3480 4044">
    <p class='ocr_par' dir='ltr' id='par_1_87' title="bbox 1902 3975 3480 4044">
     <span class='ocr_line' id='line_1_87' title="bbox 1902 3975 3480 4044; baseline -0.004 -11"><span class='ocrx_word' id='word_1_649' title='bbox 1902 3983 2090 4044; x_wconf 77' lang='lat' dir='ltr'><strong>ratrix,</strong></span> <span class='ocrx_word' id='word_1_650' title='bbox 2135 3981 2358 4033; x_wconf 86' lang='lat' dir='ltr'><strong>ubinam</strong></span> <span class='ocrx_word' id='word_1_651' title='bbox 2393 3979 2562 4031; x_wconf 88' lang='lat' dir='ltr'><strong>decus</strong></span> <span class='ocrx_word' id='word_1_652' title='bbox 2596 3986 2748 4030; x_wconf 91' lang='lat' dir='ltr'><strong>tuum</strong></span> <span class='ocrx_word' id='word_1_653' title='bbox 2785 3976 3100 4043; x_wconf 77' lang='lat' dir='ltr'><strong>reliquisti?</strong></span> <span class='ocrx_word' id='word_1_654' title='bbox 3150 3975 3270 4028; x_wconf 86' lang='lat' dir='ltr'><strong>lleri</strong></span> <span class='ocrx_word' id='word_1_655' title='bbox 3306 3975 3480 4044; x_wconf 69' lang='lat' dir='ltr'><strong>plenae</strong></span> 
     </span>
    </p>
   </div>
   <div class='ocr_carea' id='block_1_88' title="bbox 1899 4066 3481 4137">
    <p class='ocr_par' dir='ltr' id='par_1_88' title="bbox 1899 4066 3481 4137">
     <span class='ocr_line' id='line_1_88' title="bbox 1899 4066 3481 4137; baseline -0.006 -14"><span class='ocrx_word' id='word_1_656' title='bbox 1899 4071 2041 4123; x_wconf 73' lang='lat' dir='ltr'><strong>luna:</strong></span> <span class='ocrx_word' id='word_1_657' title='bbox 2072 4071 2245 4123; x_wconf 80' lang='lat' dir='ltr'><strong>instar</strong></span> <span class='ocrx_word' id='word_1_658' title='bbox 2283 4085 2502 4137; x_wconf 78' lang='lat' dir='ltr'><strong>egressa</strong></span> <span class='ocrx_word' id='word_1_659' title='bbox 2535 4069 2760 4136; x_wconf 87' lang='lat' dir='ltr'><strong>palatio,</strong></span> <span class='ocrx_word' id='word_1_660' title='bbox 2795 4066 2956 4120; x_wconf 85' lang='lat' dir='ltr'><strong>hodie</strong></span> <span class='ocrx_word' id='word_1_661' title='bbox 2986 4082 3095 4134; x_wconf 89' lang='lat' dir='ltr'><strong>quo</strong></span> <span class='ocrx_word' id='word_1_662' title='bbox 3131 4077 3289 4133; x_wconf 90' lang='lat' dir='ltr'><strong>pacto</strong></span> <span class='ocrx_word' id='word_1_663' title='bbox 3320 4066 3481 4117; x_wconf 84' lang='lat' dir='ltr'><strong>duui-</strong></span> 
     </span>
    </p>
   </div>
   <div class='ocr_carea' id='block_1_89' title="bbox 1899 4158 3481 4226">
    <p class='ocr_par' dir='ltr' id='par_1_89' title="bbox 1899 4158 3481 4226">
     <span class='ocr_line' id='line_1_89' title="bbox 1899 4158 3481 4226; baseline -0.004 -11"><span class='ocrx_word' id='word_1_664' title='bbox 1899 4163 2047 4215; x_wconf 87' lang='lat' dir='ltr'><strong>diata</strong></span> <span class='ocrx_word' id='word_1_665' title='bbox 2091 4160 2420 4215; x_wconf 82' lang='lat' dir='ltr'><strong>reverteris?</strong></span> <span class='ocrx_word' id='word_1_666' title='bbox 2449 4160 2758 4226; x_wconf 79' lang='lat' dir='ltr'><strong>Quomodo,</strong></span> <span class='ocrx_word' id='word_1_667' title='bbox 2808 4173 2932 4212; x_wconf 89' lang='lat' dir='ltr'><strong>cum</strong></span> <span class='ocrx_word' id='word_1_668' title='bbox 2977 4160 3150 4211; x_wconf 82' lang='lat' dir='ltr'><strong>instar</strong></span> <span class='ocrx_word' id='word_1_669' title='bbox 3190 4158 3481 4210; x_wconf 86' lang='lat' dir='ltr'><strong>frondinus</strong></span> 
     </span>
    </p>
   </div>
   <div class='ocr_carea' id='block_1_90' title="bbox 1898 4251 3480 4318">
    <p class='ocr_par' dir='ltr' id='par_1_90' title="bbox 1898 4251 3480 4318">
     <span class='ocr_line' id='line_1_90' title="bbox 1898 4251 3480 4318; baseline -0.005 -9"><span class='ocrx_word' id='word_1_670' title='bbox 1898 4257 2091 4309; x_wconf 62' lang='lat' dir='ltr'><strong>obsita.-</strong></span> <span class='ocrx_word' id='word_1_671' title='bbox 2137 4255 2354 4308; x_wconf 87' lang='lat' dir='ltr'><strong>arboris</strong></span> <span class='ocrx_word' id='word_1_672' title='bbox 2400 4255 2645 4316; x_wconf 87' lang='lat' dir='ltr'><strong>ﬂoreres,</strong></span> <span class='ocrx_word' id='word_1_673' title='bbox 2698 4252 2860 4305; x_wconf 88' lang='lat' dir='ltr'><strong>hodie</strong></span> <span class='ocrx_word' id='word_1_674' title='bbox 2897 4261 2955 4304; x_wconf 90' lang='lat' dir='ltr'><strong>ut</strong></span> <span class='ocrx_word' id='word_1_675' title='bbox 2988 4251 3194 4305; x_wconf 72' lang='lat' dir='ltr'><strong>fienum</strong></span> <span class='ocrx_word' id='word_1_676' title='bbox 3233 4252 3348 4318; x_wconf 69' lang='lat' dir='ltr'><strong>agri</strong></span> <span class='ocrx_word' id='word_1_677' title='bbox 3379 4256 3480 4302; x_wconf 85' lang='lat' dir='ltr'><strong>de-</strong></span> 
     </span>
    </p>
   </div>
   <div class='ocr_carea' id='block_1_91' title="bbox 1897 4343 3482 4416">
    <p class='ocr_par' dir='ltr' id='par_1_91' title="bbox 1897 4343 3482 4416">
     <span class='ocr_line' id='line_1_91' title="bbox 1897 4343 3482 4416; baseline -0.006 -14"><span class='ocrx_word' id='word_1_678' title='bbox 1897 4348 2135 4402; x_wconf 83' lang='lat' dir='ltr'><strong>ﬂoruisti</strong></span> <span class='ocrx_word' id='word_1_679' title='bbox 2164 4358 2219 4402; x_wconf 91' lang='lat' dir='ltr'><strong>et</strong></span> <span class='ocrx_word' id='word_1_680' title='bbox 2253 4363 2374 4400; x_wconf 86' lang='lat' dir='ltr'><strong>rosa</strong></span> <span class='ocrx_word' id='word_1_681' title='bbox 2401 4348 2454 4401; x_wconf 92' lang='lat' dir='ltr'><strong>in</strong></span> <span class='ocrx_word' id='word_1_682' title='bbox 2480 4346 2674 4416; x_wconf 85' lang='lat' dir='ltr'><strong>prato?</strong></span> <span class='ocrx_word' id='word_1_683' title='bbox 2713 4347 2833 4410; x_wconf 81' lang='lat' dir='ltr'><strong>Quo</strong></span> <span class='ocrx_word' id='word_1_684' title='bbox 2866 4358 3026 4414; x_wconf 83' lang='lat' dir='ltr'><strong>paeto</strong></span> <span class='ocrx_word' id='word_1_685' title='bbox 3055 4343 3173 4398; x_wconf 92' lang='lat' dir='ltr'><strong>heri</strong></span> <span class='ocrx_word' id='word_1_686' title='bbox 3212 4357 3279 4396; x_wconf 82' lang='lat' dir='ltr'><strong>ex</strong></span> <span class='ocrx_word' id='word_1_687' title='bbox 3311 4345 3482 4411; x_wconf 61' lang='lat' dir='ltr'><strong>impc-</strong></span> 
     </span>
    </p>
   </div>
   <div class='ocr_carea' id='block_1_92' title="bbox 1900 4435 3478 4510">
    <p class='ocr_par' dir='ltr' id='par_1_92' title="bbox 1900 4435 3478 4510">
     <span class='ocr_line' id='line_1_92' title="bbox 1900 4435 3478 4510; baseline -0.004 -15"><span class='ocrx_word' id='word_1_688' title='bbox 1900 4445 2102 4496; x_wconf 89' lang='lat' dir='ltr'><strong>ratoris</strong></span> <span class='ocrx_word' id='word_1_689' title='bbox 2133 4441 2408 4494; x_wconf 79' lang='lat' dir='ltr'><strong>thalamis</strong></span> <span class='ocrx_word' id='word_1_690' title='bbox 2451 4439 2795 4510; x_wconf 88' lang='lat' dir='ltr'><strong>splendentis</strong></span> <span class='ocrx_word' id='word_1_691' title='bbox 2839 4448 2894 4491; x_wconf 88' lang='lat' dir='ltr'><strong>et</strong></span> <span class='ocrx_word' id='word_1_692' title='bbox 2926 4437 3152 4491; x_wconf 86' lang='lat' dir='ltr'><strong>illustris</strong></span> <span class='ocrx_word' id='word_1_693' title='bbox 3190 4435 3478 4504; x_wconf 80' lang='lat' dir='ltr'><strong>plenilunii</strong></span> 
     </span>
    </p>
   </div>
   <div class='ocr_carea' id='block_1_93' title="bbox 1902 4529 3480 4587">
    <p class='ocr_par' dir='ltr' id='par_1_93' title="bbox 1902 4529 3480 4587">
     <span class='ocr_line' id='line_1_93' title="bbox 1902 4529 3480 4587; baseline -0.006 0"><span class='ocrx_word' id='word_1_694' title='bbox 1902 4535 2075 4587; x_wconf 88' lang='lat' dir='ltr'><strong>instar</strong></span> <span class='ocrx_word' id='word_1_695' title='bbox 2104 4541 2298 4587; x_wconf 78' lang='lat' dir='ltr'><strong>exorta</strong></span> <span class='ocrx_word' id='word_1_696' title='bbox 2327 4547 2475 4585; x_wconf 90' lang='lat' dir='ltr'><strong>nunc</strong></span> <span class='ocrx_word' id='word_1_697' title='bbox 2508 4533 2696 4586; x_wconf 89' lang='lat' dir='ltr'><strong>multis</strong></span> <span class='ocrx_word' id='word_1_698' title='bbox 2724 4541 2780 4585; x_wconf 88' lang='lat' dir='ltr'><strong>et</strong></span> <span class='ocrx_word' id='word_1_699' title='bbox 2803 4531 2991 4583; x_wconf 89' lang='lat' dir='ltr'><strong>densis</strong></span> <span class='ocrx_word' id='word_1_700' title='bbox 3021 4529 3261 4582; x_wconf 87' lang='lat' dir='ltr'><strong>nubibus</strong></span> <span class='ocrx_word' id='word_1_701' title='bbox 3291 4529 3480 4582; x_wconf 79' lang='lat' dir='ltr'><strong>occul-</strong></span> 
     </span>
    </p>
   </div>
   <div class='ocr_carea' id='block_1_94' title="bbox 206 4603 1881 4698">
    <p class='ocr_par' dir='ltr' id='par_1_94' title="bbox 206 4603 1870 4698">
     <span class='ocr_line' id='line_1_94' title="bbox 206 4603 1870 4698; baseline 0.003 -22"><span class='ocrx_word' id='word_1_702' title='bbox 206 4633 452 4694; x_wconf 76' lang='grc' dir='ltr'>σήμερον</span> <span class='ocrx_word' id='word_1_703' title='bbox 479 4625 778 4693; x_wconf 82' lang='grc' dir='ltr'>ὲπανῆλθες</span> <span class='ocrx_word' id='word_1_704' title='bbox 829 4626 1175 4694; x_wconf 82' lang='grc' dir='ltr'>ἠμίκυκλος;</span> <span class='ocrx_word' id='word_1_705' title='bbox 1222 4627 1342 4690; x_wconf 85' lang='grc' dir='ltr'>Πῶς</span> <span class='ocrx_word' id='word_1_706' title='bbox 1387 4629 1638 4698; x_wconf 77' lang='grc' dir='ltr'>καθάπερ</span> <span class='ocrx_word' id='word_1_707' title='bbox 1681 4629 1795 4680; x_wconf 69' lang='grc' dir='ltr'>δενο</span> <span class='ocrx_word' id='word_1_708' title='bbox 1829 4603 1870 4657; x_wconf 78' lang='lat' dir='ltr'><strong>D</strong></span> 
     </span>
    </p>
   </div>
   <div class='ocr_carea' id='block_1_95' title="bbox 1805 4603 3480 4698">
    <p class='ocr_par' dir='ltr' id='par_1_95' title="bbox 1829 4603 3480 4697">
     <span class='ocr_line' id='line_1_95' title="bbox 1829 4603 3480 4697; baseline -0.004 -15"><span class='ocrx_word' id='word_1_709' title='bbox 1829 4603 1870 4657; x_wconf 76' lang='grc' dir='ltr'>θ</span> <span class='ocrx_word' id='word_1_710' title='bbox 1904 4629 2074 4682; x_wconf 76' lang='lat' dir='ltr'><strong>turis?</strong></span> <span class='ocrx_word' id='word_1_711' title='bbox 2105 4632 2227 4697; x_wconf 91' lang='lat' dir='ltr'><strong>quis</strong></span> <span class='ocrx_word' id='word_1_712' title='bbox 2285 4638 2393 4680; x_wconf 87' lang='lat' dir='ltr'><strong>tam</strong></span> <span class='ocrx_word' id='word_1_713' title='bbox 2440 4614 2915 4680; x_wconf 26' lang='lat' dir='ltr'><strong>brevi’momeuto</strong></span> <span class='ocrx_word' id='word_1_714' title='bbox 2967 4634 3114 4677; x_wconf 89' lang='lat' dir='ltr'><strong>tuam</strong></span> <span class='ocrx_word' id='word_1_715' title='bbox 3171 4623 3480 4693; x_wconf 86' lang='lat' dir='ltr'><strong>pulchritu-</strong></span> 
     </span>
    </p>
   </div>
   <div class='ocr_carea' id='block_1_96' title="bbox 202 4721 1799 4794">
    <p class='ocr_par' dir='ltr' id='par_1_96' title="bbox 202 4721 1799 4794">
     <span class='ocr_line' id='line_1_96' title="bbox 202 4721 1799 4794; baseline 0.004 -23"><span class='ocrx_word' id='word_1_716' title='bbox 202 4723 331 4788; x_wconf 75' lang='grc' dir='ltr'>ὅρον</span> <span class='ocrx_word' id='word_1_717' title='bbox 373 4721 766 4787; x_wconf 78' lang='grc' dir='ltr'>εύσκ-ιόφυλλον</span> <span class='ocrx_word' id='word_1_718' title='bbox 795 4721 1033 4773; x_wconf 84' lang='grc' dir='ltr'>ἁνθοῦσα</span> <span class='ocrx_word' id='word_1_719' title='bbox 1068 4724 1309 4792; x_wconf 85' lang='grc' dir='ltr'>σήμερον</span> <span class='ocrx_word' id='word_1_720' title='bbox 1340 4724 1598 4793; x_wconf 78' lang='grc' dir='ltr'>ἐξαίφνης</span> <span class='ocrx_word' id='word_1_721' title='bbox 1625 4727 1799 4794; x_wconf 84' lang='grc' dir='ltr'>άπήν-</span> 
     </span>
    </p>
   </div>
   <div class='ocr_carea' id='block_1_97' title="bbox 205 4809 1794 4883">
    <p class='ocr_par' dir='ltr' id='par_1_97' title="bbox 205 4809 1794 4883">
     <span class='ocr_line' id='line_1_97' title="bbox 205 4809 1794 4883; baseline 0.002 -22"><span class='ocrx_word' id='word_1_722' title='bbox 205 4811 380 4877; x_wconf 83' lang='grc' dir='ltr'>θησας</span> <span class='ocrx_word' id='word_1_723' title='bbox 421 4809 497 4871; x_wconf 83' lang='grc' dir='ltr'>ὡς</span> <span class='ocrx_word' id='word_1_724' title='bbox 558 4812 747 4880; x_wconf 88' lang='grc' dir='ltr'>χόρτος</span> <span class='ocrx_word' id='word_1_725' title='bbox 787 4812 847 4862; x_wconf 80' lang='grc' dir='ltr'>ὲν</span> <span class='ocrx_word' id='word_1_726' title='bbox 890 4811 1046 4881; x_wconf 85' lang='grc' dir='ltr'><strong>ἀγρῷ</strong></span> <span class='ocrx_word' id='word_1_727' title='bbox 1079 4817 1172 4863; x_wconf 78' lang='grc' dir='ltr'>καὶ</span> <span class='ocrx_word' id='word_1_728' title='bbox 1222 4811 1376 4883; x_wconf 77' lang='grc' dir='ltr'>ῥόδον</span> <span class='ocrx_word' id='word_1_729' title='bbox 1426 4814 1484 4866; x_wconf 81' lang='grc' dir='ltr'>ὲν</span> <span class='ocrx_word' id='word_1_730' title='bbox 1532 4812 1794 4882; x_wconf 82' lang='grc' dir='ltr'>λειμῶνι;</span> 
     </span>
    </p>
   </div>
   <div class='ocr_carea' id='block_1_98' title="bbox 209 4899 1801 4974">
    <p class='ocr_par' dir='ltr' id='par_1_98' title="bbox 209 4899 1801 4974">
     <span class='ocr_line' id='line_1_98' title="bbox 209 4899 1801 4974; baseline 0.002 -19"><span class='ocrx_word' id='word_1_731' title='bbox 209 4905 337 4963; x_wconf 79' lang='grc' dir='ltr'>Πῶς</span> <span class='ocrx_word' id='word_1_732' title='bbox 388 4905 450 4953; x_wconf 83' lang='grc' dir='ltr'>ἐκ</span> <span class='ocrx_word' id='word_1_733' title='bbox 489 4903 596 4954; x_wconf 88' lang='grc' dir='ltr'><strong>τῶν</strong></span> <span class='ocrx_word' id='word_1_734' title='bbox 649 4903 944 4972; x_wconf 88' lang='grc' dir='ltr'>βασιλικῶν</span> <span class='ocrx_word' id='word_1_735' title='bbox 972 4904 1236 4973; x_wconf 82' lang='grc' dir='ltr'>θαλάμων</span> <span class='ocrx_word' id='word_1_736' title='bbox 1283 4903 1410 4974; x_wconf 85' lang='grc' dir='ltr'>χθὲς</span> <span class='ocrx_word' id='word_1_737' title='bbox 1442 4899 1531 4956; x_wconf 76' lang='grc' dir='ltr'>οἷα</span> <span class='ocrx_word' id='word_1_738' title='bbox 1569 4905 1801 4974; x_wconf 79' lang='grc' dir='ltr'>λαμπρὰ</span> 
     </span>
    </p>
   </div>
   <div class='ocr_carea' id='block_1_99' title="bbox 206 4997 1799 5067">
    <p class='ocr_par' dir='ltr' id='par_1_99' title="bbox 206 4997 1799 5067">
     <span class='ocr_line' id='line_1_99' title="bbox 206 4997 1799 5067; baseline 0.002 -18"><span class='ocrx_word' id='word_1_739' title='bbox 206 4999 305 5049; x_wconf 71' lang='grc' dir='ltr'>καὶ</span> <span class='ocrx_word' id='word_1_740' title='bbox 341 4997 655 5067; x_wconf 82' lang='grc' dir='ltr'>πλησιφαὴς</span> <span class='ocrx_word' id='word_1_741' title='bbox 690 4997 1027 5063; x_wconf 81' lang='grc' dir='ltr'>πανσέληνος</span> <span class='ocrx_word' id='word_1_742' title='bbox 1060 4997 1389 5050; x_wconf 84' lang='grc' dir='ltr'>ἁνατείλασα</span> <span class='ocrx_word' id='word_1_743' title='bbox 1429 4997 1524 5051; x_wconf 82' lang='grc' dir='ltr'>νῦν</span> <span class='ocrx_word' id='word_1_744' title='bbox 1574 5001 1632 5050; x_wconf 84' lang='grc' dir='ltr'>ὲν</span> <span class='ocrx_word' id='word_1_745' title='bbox 1667 5000 1799 5052; x_wconf 86' lang='grc' dir='ltr'>πολ-</span> 
     </span>
    </p>
   </div>
   <div class='ocr_carea' id='block_1_100' title="bbox 205 5088 1798 5162">
    <p class='ocr_par' dir='ltr' id='par_1_100' title="bbox 205 5088 1798 5162">
     <span class='ocr_line' id='line_1_100' title="bbox 205 5088 1798 5162; baseline 0.002 -21"><span class='ocrx_word' id='word_1_746' title='bbox 205 5091 322 5150; x_wconf 87' lang='grc' dir='ltr'>λοῖς</span> <span class='ocrx_word' id='word_1_747' title='bbox 351 5091 448 5141; x_wconf 70' lang='grc' dir='ltr'>καὶ</span> <span class='ocrx_word' id='word_1_748' title='bbox 479 5088 698 5157; x_wconf 83' lang='grc' dir='ltr'>βαθέσιν</span> <span class='ocrx_word' id='word_1_749' title='bbox 729 5089 968 5156; x_wconf 84' lang='grc' dir='ltr'>ὲκρύὸης</span> <span class='ocrx_word' id='word_1_750' title='bbox 997 5090 1106 5150; x_wconf 87' lang='grc' dir='ltr'>τοῖς</span> <span class='ocrx_word' id='word_1_751' title='bbox 1134 5094 1352 5158; x_wconf 73' lang='grc' dir='ltr'>νέφεσις</span> <span class='ocrx_word' id='word_1_752' title='bbox 1388 5090 1482 5153; x_wconf 86' lang='grc' dir='ltr'><strong>Τίς</strong></span> <span class='ocrx_word' id='word_1_753' title='bbox 1513 5093 1571 5142; x_wconf 82' lang='grc' dir='ltr'>ἐν</span> <span class='ocrx_word' id='word_1_754' title='bbox 1603 5091 1798 5162; x_wconf 84' lang='grc' dir='ltr'>βραχεῖ</span> 
     </span>
    </p>
   </div>
   <div class='ocr_carea' id='block_1_101' title="bbox 204 5180 1798 5255">
    <p class='ocr_par' dir='ltr' id='par_1_101' title="bbox 204 5180 1798 5255">
     <span class='ocr_line' id='line_1_101' title="bbox 204 5180 1798 5255; baseline 0.001 -21"><span class='ocrx_word' id='word_1_755' title='bbox 204 5185 267 5234; x_wconf 85' lang='grc' dir='ltr'>τὸ</span> <span class='ocrx_word' id='word_1_756' title='bbox 311 5183 404 5234; x_wconf 81' lang='grc' dir='ltr'>σὸν</span> <span class='ocrx_word' id='word_1_757' title='bbox 440 5182 821 5251; x_wconf 80' lang='grc' dir='ltr'>άπημαύρωσε</span> <span class='ocrx_word' id='word_1_758' title='bbox 858 5183 1092 5246; x_wconf 85' lang='grc' dir='ltr'>κάλλος;</span> <span class='ocrx_word' id='word_1_759' title='bbox 1143 5180 1251 5234; x_wconf 64' lang='lat' dir='ltr'><strong>[lin</strong></span> <span class='ocrx_word' id='word_1_760' title='bbox 1288 5183 1388 5254; x_wconf 81' lang='grc' dir='ltr'>τὴν</span> <span class='ocrx_word' id='word_1_761' title='bbox 1420 5189 1798 5255; x_wconf 88' lang='grc' dir='ltr'>συγκαταρεύ-</span> 
     </span>
    </p>
   </div>
   <div class='ocr_carea' id='block_1_102' title="bbox 210 5275 1800 5349">
    <p class='ocr_par' dir='ltr' id='par_1_102' title="bbox 210 5275 1800 5349">
     <span class='ocr_line' id='line_1_102' title="bbox 210 5275 1800 5349; baseline 0.002 -22"><span class='ocrx_word' id='word_1_762' title='bbox 210 5294 391 5328; x_wconf 83' lang='grc' dir='ltr'>σασαν</span> <span class='ocrx_word' id='word_1_763' title='bbox 423 5277 639 5344; x_wconf 77' lang='grc' dir='ltr'>ἀφῆκας</span> <span class='ocrx_word' id='word_1_764' title='bbox 668 5275 867 5344; x_wconf 79' lang='grc' dir='ltr'>χλόην;</span> <span class='ocrx_word' id='word_1_765' title='bbox 901 5276 995 5338; x_wconf 87' lang='grc' dir='ltr'>Τίς</span> <span class='ocrx_word' id='word_1_766' title='bbox 1026 5276 1116 5327; x_wconf 74' lang='grc' dir='ltr'>τὸν</span> <span class='ocrx_word' id='word_1_767' title='bbox 1155 5277 1244 5328; x_wconf 82' lang='grc' dir='ltr'><strong>σὺν</strong></span> <span class='ocrx_word' id='word_1_768' title='bbox 1277 5275 1666 5329; x_wconf 67' lang='grc' dir='ltr'>εὐανθέστατον</span> <span class='ocrx_word' id='word_1_769' title='bbox 1700 5279 1800 5349; x_wconf 78' lang='grc' dir='ltr'><strong>κῆ-</strong></span> 
     </span>
    </p>
   </div>
   <div class='ocr_carea' id='block_1_103' title="bbox 210 5365 1794 5438">
    <p class='ocr_par' dir='ltr' id='par_1_103' title="bbox 210 5365 1794 5438">
     <span class='ocr_line' id='line_1_103' title="bbox 210 5365 1794 5438; baseline 0.001 -20"><span class='ocrx_word' id='word_1_770' title='bbox 210 5384 316 5418; x_wconf 84' lang='grc' dir='ltr'><strong>πον</strong></span> <span class='ocrx_word' id='word_1_771' title='bbox 349 5365 590 5435; x_wconf 73' lang='grc' dir='ltr'>ἐξώρυξε</span> <span class='ocrx_word' id='word_1_772' title='bbox 619 5383 633 5431; x_wconf 89' lang='lat'><strong>;</strong></span> <span class='ocrx_word' id='word_1_773' title='bbox 669 5365 750 5428; x_wconf 85' lang='grc' dir='ltr'><strong>τίς</strong></span> <span class='ocrx_word' id='word_1_774' title='bbox 780 5365 1040 5435; x_wconf 81' lang='grc' dir='ltr'>κλέπτης,</span> <span class='ocrx_word' id='word_1_775' title='bbox 1074 5366 1152 5429; x_wconf 86' lang='grc' dir='ltr'><strong>τίς</strong></span> <span class='ocrx_word' id='word_1_776' title='bbox 1174 5366 1398 5436; x_wconf 78' lang='grc' dir='ltr'>λῃστὴς,</span> <span class='ocrx_word' id='word_1_777' title='bbox 1427 5367 1510 5429; x_wconf 87' lang='grc' dir='ltr'><strong>τίς</strong></span> <span class='ocrx_word' id='word_1_778' title='bbox 1539 5368 1794 5438; x_wconf 77' lang='grc' dir='ltr'>πρηστὴρ</span> 
     </span>
    </p>
   </div>
   <div class='ocr_carea' id='block_1_104' title="bbox 206 5456 1796 5528">
    <p class='ocr_par' dir='ltr' id='par_1_104' title="bbox 206 5456 1796 5528">
     <span class='ocr_line' id='line_1_104' title="bbox 206 5456 1796 5528; baseline 0.001 -18"><span class='ocrx_word' id='word_1_779' title='bbox 206 5459 301 5510; x_wconf 75' lang='grc' dir='ltr'>καὶ</span> <span class='ocrx_word' id='word_1_780' title='bbox 336 5461 604 5526; x_wconf 78' lang='grc' dir='ltr'>κεραυνὸς</span> <span class='ocrx_word' id='word_1_781' title='bbox 630 5457 686 5522; x_wconf 80' lang='grc' dir='ltr'><strong>ἐξ</strong></span> <span class='ocrx_word' id='word_1_782' title='bbox 711 5457 942 5527; x_wconf 80' lang='grc' dir='ltr'>ούρανοῦ</span> <span class='ocrx_word' id='word_1_783' title='bbox 971 5475 986 5521; x_wconf 86' lang='lat'><strong>;</strong></span> <span class='ocrx_word' id='word_1_784' title='bbox 1027 5456 1147 5518; x_wconf 85' lang='grc' dir='ltr'>ιΙῶς</span> <span class='ocrx_word' id='word_1_785' title='bbox 1180 5458 1305 5526; x_wconf 85' lang='grc' dir='ltr'>χθὲς</span> <span class='ocrx_word' id='word_1_786' title='bbox 1345 5459 1418 5520; x_wconf 87' lang='grc' dir='ltr'>ὼς</span> <span class='ocrx_word' id='word_1_787' title='bbox 1468 5460 1530 5511; x_wconf 79' lang='grc' dir='ltr'>ἐκ</span> <span class='ocrx_word' id='word_1_788' title='bbox 1575 5459 1796 5528; x_wconf 81' lang='grc' dir='ltr'>λιμένος</span> 
     </span>
    </p>
   </div>
   <div class='ocr_carea' id='block_1_105' title="bbox 203 5548 1794 5622">
    <p class='ocr_par' dir='ltr' id='par_1_105' title="bbox 203 5548 1794 5622">
     <span class='ocr_line' id='line_1_105' title="bbox 203 5548 1794 5622; baseline -0.006 -20"><span class='ocrx_word' id='word_1_789' title='bbox 203 5552 298 5602; x_wconf 67' lang='grc' dir='ltr'><strong>τὸν</strong></span> <span class='ocrx_word' id='word_1_790' title='bbox 331 5550 569 5603; x_wconf 75' lang='grc' dir='ltr'>ἔκπλουν</span> <span class='ocrx_word' id='word_1_791' title='bbox 604 5550 953 5620; x_wconf 82' lang='grc' dir='ltr'>ποιησαμένη</span> <span class='ocrx_word' id='word_1_792' title='bbox 993 5548 1246 5619; x_wconf 84' lang='grc' dir='ltr'>λαμπρὸν</span> <span class='ocrx_word' id='word_1_793' title='bbox 1297 5549 1538 5620; x_wconf 84' lang='grc' dir='ltr'>σήμερον</span> <span class='ocrx_word' id='word_1_794' title='bbox 1582 5553 1794 5622; x_wconf 72' lang='grc' dir='ltr'>έπανῆ..</span> 
     </span>
    </p>
   </div>
   <div class='ocr_carea' id='block_1_106' title="bbox 1897 4721 3480 4778">
    <p class='ocr_par' dir='ltr' id='par_1_106' title="bbox 1897 4721 3480 4778">
     <span class='ocr_line' id='line_1_106' title="bbox 1897 4721 3480 4778; baseline -0.005 0"><span class='ocrx_word' id='word_1_795' title='bbox 1897 4724 2082 4778; x_wconf 88' lang='lat' dir='ltr'><strong>dinem</strong></span> <span class='ocrx_word' id='word_1_796' title='bbox 2114 4722 2465 4776; x_wconf 87' lang='lat' dir='ltr'><strong>obscuravit?</strong></span> <span class='ocrx_word' id='word_1_797' title='bbox 2500 4721 2598 4776; x_wconf 89' lang='lat' dir='ltr'><strong>Ubi</strong></span> <span class='ocrx_word' id='word_1_798' title='bbox 2633 4722 2823 4774; x_wconf 88' lang='lat' dir='ltr'><strong>florem</strong></span> <span class='ocrx_word' id='word_1_799' title='bbox 2860 4731 3013 4774; x_wconf 90' lang='lat' dir='ltr'><strong>tuum</strong></span> <span class='ocrx_word' id='word_1_800' title='bbox 3061 4722 3357 4773; x_wconf 83' lang='lat' dir='ltr'><strong>deciduum</strong></span> <span class='ocrx_word' id='word_1_801' title='bbox 3391 4737 3480 4770; x_wconf 75' lang='lat' dir='ltr'><strong>re-</strong></span> 
     </span>
    </p>
   </div>
   <div class='ocr_carea' id='block_1_107' title="bbox 1894 4812 3479 4887">
    <p class='ocr_par' dir='ltr' id='par_1_107' title="bbox 1894 4812 3479 4887">
     <span class='ocr_line' id='line_1_107' title="bbox 1894 4812 3479 4887; baseline -0.005 -16"><span class='ocrx_word' id='word_1_802' title='bbox 1894 4817 2149 4887; x_wconf 85' lang='lat' dir='ltr'><strong>liquisti?</strong></span> <span class='ocrx_word' id='word_1_803' title='bbox 2193 4816 2317 4885; x_wconf 83' lang='lat' dir='ltr'><strong>quis</strong></span> <span class='ocrx_word' id='word_1_804' title='bbox 2353 4827 2678 4869; x_wconf 87' lang='lat' dir='ltr'><strong>vernantem</strong></span> <span class='ocrx_word' id='word_1_805' title='bbox 2733 4825 2886 4866; x_wconf 92' lang='lat' dir='ltr'><strong>tuum</strong></span> <span class='ocrx_word' id='word_1_806' title='bbox 2941 4814 3164 4866; x_wconf 89' lang='lat' dir='ltr'><strong>hortum</strong></span> <span class='ocrx_word' id='word_1_807' title='bbox 3206 4812 3479 4880; x_wconf 79' lang='lat' dir='ltr'><strong>perfodit?</strong></span> 
     </span>
    </p>
   </div>
   <div class='ocr_carea' id='block_1_108' title="bbox 1896 4905 3482 4979">
    <p class='ocr_par' dir='ltr' id='par_1_108' title="bbox 1896 4905 3482 4979">
     <span class='ocr_line' id='line_1_108' title="bbox 1896 4905 3482 4979; baseline -0.004 -16"><span class='ocrx_word' id='word_1_808' title='bbox 1896 4912 1987 4979; x_wconf 92' lang='lat' dir='ltr'><strong>qui</strong></span> <span class='ocrx_word' id='word_1_809' title='bbox 2024 4911 2146 4962; x_wconf 88' lang='lat' dir='ltr'><strong>lur?</strong></span> <span class='ocrx_word' id='word_1_810' title='bbox 2195 4910 2288 4979; x_wconf 87' lang='lat' dir='ltr'><strong>qui</strong></span> <span class='ocrx_word' id='word_1_811' title='bbox 2337 4907 2515 4961; x_wconf 88' lang='lat' dir='ltr'><strong>latro?</strong></span> <span class='ocrx_word' id='word_1_812' title='bbox 2567 4922 2690 4975; x_wconf 71' lang='lat' dir='ltr'><strong>quae</strong></span> <span class='ocrx_word' id='word_1_813' title='bbox 2744 4906 3017 4975; x_wconf 78' lang='lat' dir='ltr'><strong>fulgetra?</strong></span> <span class='ocrx_word' id='word_1_814' title='bbox 3061 4905 3209 4974; x_wconf 92' lang='lat' dir='ltr'><strong>quod</strong></span> <span class='ocrx_word' id='word_1_815' title='bbox 3257 4908 3482 4957; x_wconf 61' lang='lat' dir='ltr'><strong>caeleste</strong></span> 
     </span>
    </p>
   </div>
   <div class='ocr_carea' id='block_1_109' title="bbox 1897 4996 3482 5069">
    <p class='ocr_par' dir='ltr' id='par_1_109' title="bbox 1897 4996 3482 5069">
     <span class='ocr_line' id='line_1_109' title="bbox 1897 4996 3482 5069; baseline -0.004 -15"><span class='ocrx_word' id='word_1_816' title='bbox 1897 5000 2138 5055; x_wconf 84' lang='lat' dir='ltr'><strong>fulmen?</strong></span> <span class='ocrx_word' id='word_1_817' title='bbox 2171 5001 2290 5065; x_wconf 84' lang='lat' dir='ltr'><strong>Quo</strong></span> <span class='ocrx_word' id='word_1_818' title='bbox 2320 5008 2480 5069; x_wconf 87' lang='lat' dir='ltr'><strong>pacto</strong></span> <span class='ocrx_word' id='word_1_819' title='bbox 2520 5014 2641 5067; x_wconf 73' lang='lat' dir='ltr'><strong>qua:</strong></span> <span class='ocrx_word' id='word_1_820' title='bbox 2677 4999 2799 5051; x_wconf 92' lang='lat' dir='ltr'><strong>heri</strong></span> <span class='ocrx_word' id='word_1_821' title='bbox 2847 4997 2997 5050; x_wconf 86' lang='lat' dir='ltr'><strong>velut</strong></span> <span class='ocrx_word' id='word_1_822' title='bbox 3022 5011 3052 5049; x_wconf 90' lang='lat' dir='ltr'><strong>e</strong></span> <span class='ocrx_word' id='word_1_823' title='bbox 3084 5005 3248 5065; x_wconf 91' lang='lat' dir='ltr'><strong>portu</strong></span> <span class='ocrx_word' id='word_1_824' title='bbox 3299 4996 3482 5063; x_wconf 84' lang='lat' dir='ltr'><strong>splen-</strong></span> 
     </span>
    </p>
   </div>
   <div class='ocr_carea' id='block_1_110' title="bbox 1899 5088 3481 5159">
    <p class='ocr_par' dir='ltr' id='par_1_110' title="bbox 1899 5088 3481 5159">
     <span class='ocr_line' id='line_1_110' title="bbox 1899 5088 3481 5159; baseline -0.004 -13"><span class='ocrx_word' id='word_1_825' title='bbox 1899 5095 2024 5146; x_wconf 85' lang='lat' dir='ltr'><strong>dide</strong></span> <span class='ocrx_word' id='word_1_826' title='bbox 2060 5093 2296 5155; x_wconf 88' lang='lat' dir='ltr'><strong>solvisti,</strong></span> <span class='ocrx_word' id='word_1_827' title='bbox 2333 5092 2501 5145; x_wconf 86' lang='lat' dir='ltr'><strong>hodie</strong></span> <span class='ocrx_word' id='word_1_828' title='bbox 2531 5101 2789 5159; x_wconf 87' lang='lat' dir='ltr'><strong>tanquam</strong></span> <span class='ocrx_word' id='word_1_829' title='bbox 2834 5107 2865 5142; x_wconf 90' lang='lat' dir='ltr'><strong>e</strong></span> <span class='ocrx_word' id='word_1_830' title='bbox 2896 5089 3185 5158; x_wconf 71' lang='lat' dir='ltr'><strong>naufragio</strong></span> <span class='ocrx_word' id='word_1_831' title='bbox 3213 5098 3269 5142; x_wconf 87' lang='lat' dir='ltr'><strong>et</strong></span> <span class='ocrx_word' id='word_1_832' title='bbox 3310 5088 3481 5140; x_wconf 75' lang='lat' dir='ltr'><strong>fluctu</strong></span> 
     </span>
    </p>
   </div>
   <div class='ocr_carea' id='block_1_111' title="bbox 1894 5181 3481 5253">
    <p class='ocr_par' dir='ltr' id='par_1_111' title="bbox 1894 5181 3481 5253">
     <span class='ocr_line' id='line_1_111' title="bbox 1894 5181 3481 5253; baseline -0.006 -13"><span class='ocrx_word' id='word_1_833' title='bbox 1894 5202 1953 5240; x_wconf 90' lang='lat' dir='ltr'><strong>es</strong></span> <span class='ocrx_word' id='word_1_834' title='bbox 1993 5202 2235 5249; x_wconf 85' lang='lat' dir='ltr'><strong>reversa,</strong></span> <span class='ocrx_word' id='word_1_835' title='bbox 2271 5185 2529 5238; x_wconf 85' lang='lat' dir='ltr'><strong>omnibus</strong></span> <span class='ocrx_word' id='word_1_836' title='bbox 2567 5186 2633 5238; x_wconf 89' lang='lat' dir='ltr'><strong>iis</strong></span> <span class='ocrx_word' id='word_1_837' title='bbox 2667 5200 2803 5253; x_wconf 80' lang='lat' dir='ltr'><strong>qnas</strong></span> <span class='ocrx_word' id='word_1_838' title='bbox 2846 5185 3111 5248; x_wconf 87' lang='lat' dir='ltr'><strong>vehehas,</strong></span> <span class='ocrx_word' id='word_1_839' title='bbox 3149 5181 3481 5250; x_wconf 78' lang='lat' dir='ltr'><strong>pretiosissi-</strong></span> 
     </span>
    </p>
   </div>
   <div class='ocr_carea' id='block_1_112' title="bbox 1895 5260 3478 5346">
    <p class='ocr_par' dir='ltr' id='par_1_112' title="bbox 1895 5260 3478 5346">
     <span class='ocr_line' id='line_1_112' title="bbox 1895 5260 3478 5346; baseline -0.005 -14"><span class='ocrx_word' id='word_1_840' title='bbox 1895 5281 1998 5334; x_wconf 68' lang='lat' dir='ltr'><strong>nzis</strong></span> <span class='ocrx_word' id='word_1_841' title='bbox 2040 5281 2322 5332; x_wconf 85' lang='lat' dir='ltr'><strong>mercibus</strong></span> <span class='ocrx_word' id='word_1_842' title='bbox 2353 5279 2621 5346; x_wconf 83' lang='lat' dir='ltr'><strong>spoliata?</strong></span> <span class='ocrx_word' id='word_1_843' title='bbox 2650 5280 2784 5343; x_wconf 80' lang='lat' dir='ltr'><strong>Quis</strong></span> <span class='ocrx_word' id='word_1_844' title='bbox 2816 5288 2963 5330; x_wconf 86' lang='lat' dir='ltr'><strong>tuam</strong></span> <span class='ocrx_word' id='word_1_845' title='bbox 3008 5290 3230 5328; x_wconf 88' lang='lat' dir='ltr'><strong>auream</strong></span> <span class='ocrx_word' id='word_1_846' title='bbox 3262 5260 3478 5327; x_wconf 88' lang='lat' dir='ltr'><strong>comam</strong></span> 
     </span>
    </p>
   </div>
   <div class='ocr_carea' id='block_1_113' title="bbox 1892 5364 3481 5438">
    <p class='ocr_par' dir='ltr' id='par_1_113' title="bbox 1892 5364 3481 5438">
     <span class='ocr_line' id='line_1_113' title="bbox 1892 5364 3481 5438; baseline -0.006 -14"><span class='ocrx_word' id='word_1_847' title='bbox 1892 5371 2184 5425; x_wconf 88' lang='lat' dir='ltr'><strong>detondit?</strong></span> <span class='ocrx_word' id='word_1_848' title='bbox 2213 5370 2348 5435; x_wconf 84' lang='lat' dir='ltr'><strong>Quis</strong></span> <span class='ocrx_word' id='word_1_849' title='bbox 2385 5370 2482 5422; x_wconf 89' lang='lat' dir='ltr'><strong>tibi</strong></span> <span class='ocrx_word' id='word_1_850' title='bbox 2532 5385 2791 5438; x_wconf 71' lang='lat' dir='ltr'><strong>purpura:</strong></span> <span class='ocrx_word' id='word_1_851' title='bbox 2843 5368 3193 5438; x_wconf 84' lang='lat' dir='ltr'><strong>splendorem</strong></span> <span class='ocrx_word' id='word_1_852' title='bbox 3239 5364 3481 5417; x_wconf 64' lang='lat' dir='ltr'><strong>adcum?</strong></span> 
     </span>
    </p>
   </div>
   <div class='ocr_carea' id='block_1_114' title="bbox 1893 5462 3477 5534">
    <p class='ocr_par' dir='ltr' id='par_1_114' title="bbox 1893 5462 3477 5534">
     <span class='ocr_line' id='line_1_114' title="bbox 1893 5462 3477 5534; baseline -0.006 -16"><span class='ocrx_word' id='word_1_853' title='bbox 1893 5466 2020 5534; x_wconf 87' lang='lat' dir='ltr'><strong>quis</strong></span> <span class='ocrx_word' id='word_1_854' title='bbox 2059 5474 2208 5516; x_wconf 87' lang='lat' dir='ltr'><strong>tuam</strong></span> <span class='ocrx_word' id='word_1_855' title='bbox 2265 5465 2549 5517; x_wconf 79' lang='lat' dir='ltr'><strong>lucernam</strong></span> <span class='ocrx_word' id='word_1_856' title='bbox 2598 5462 2880 5530; x_wconf 86' lang='lat' dir='ltr'><strong>abripuit?</strong></span> <span class='ocrx_word' id='word_1_857' title='bbox 2925 5463 3050 5528; x_wconf 90' lang='lat' dir='ltr'><strong>quis</strong></span> <span class='ocrx_word' id='word_1_858' title='bbox 3105 5470 3256 5511; x_wconf 89' lang='lat' dir='ltr'><strong>tuum</strong></span> <span class='ocrx_word' id='word_1_859' title='bbox 3307 5462 3477 5510; x_wconf 80' lang='lat' dir='ltr'><strong>solem</strong></span> 
     </span>
    </p>
   </div>
   <div class='ocr_carea' id='block_1_115' title="bbox 1902 5550 3481 5624">
    <p class='ocr_par' dir='ltr' id='par_1_115' title="bbox 1902 5550 3481 5624">
     <span class='ocr_line' id='line_1_115' title="bbox 1902 5550 3481 5624; baseline -0.003 -16"><span class='ocrx_word' id='word_1_860' title='bbox 1902 5555 2200 5608; x_wconf 78' lang='lat' dir='ltr'><strong>exstinxit?</strong></span> <span class='ocrx_word' id='word_1_861' title='bbox 2234 5555 2360 5624; x_wconf 92' lang='lat' dir='ltr'><strong>quis</strong></span> <span class='ocrx_word' id='word_1_862' title='bbox 2408 5556 2505 5608; x_wconf 86' lang='lat' dir='ltr'><strong>tibi</strong></span> <span class='ocrx_word' id='word_1_863' title='bbox 2539 5569 2737 5608; x_wconf 88' lang='lat' dir='ltr'><strong>novam</strong></span> <span class='ocrx_word' id='word_1_864' title='bbox 2775 5555 2932 5606; x_wconf 82' lang='lat' dir='ltr'><strong>istam</strong></span> <span class='ocrx_word' id='word_1_865' title='bbox 2967 5552 3198 5621; x_wconf 80' lang='lat' dir='ltr'><strong>eclipsin</strong></span> <span class='ocrx_word' id='word_1_866' title='bbox 3237 5550 3481 5604; x_wconf 69' lang='lat' dir='ltr'><strong>iuvent?</strong></span> 
     </span>
    </p>
   </div>
   <div class='ocr_carea' id='block_1_116' title="bbox 1574 5667 2151 5732">
    <p class='ocr_par' dir='ltr' id='par_1_116' title="bbox 1574 5667 2151 5732">
     <span class='ocr_line' id='line_1_116' title="bbox 1574 5667 2151 5732; baseline 0.01 -6"><span class='ocrx_word' id='word_1_867' title='bbox 1574 5667 1917 5730; x_wconf 82' lang='lat' dir='ltr'><strong>Variorum</strong></span> <span class='ocrx_word' id='word_1_868' title='bbox 1960 5680 2151 5732; x_wconf 61' lang='lat' dir='ltr'><strong>notis.</strong></span> 
     </span>
    </p>
   </div>
   <div class='ocr_carea' id='block_1_117' title="bbox 205 5773 1788 5858">
    <p class='ocr_par' dir='ltr' id='par_1_117' title="bbox 205 5773 1788 5858">
     <span class='ocr_line' id='line_1_117' title="bbox 205 5773 1788 5858; baseline 0.006 -21"><span class='ocrx_word' id='word_1_869' title='bbox 205 5775 391 5858; x_wconf 28' lang='lat'><strong>1:,(68)</strong></span> <span class='ocrx_word' id='word_1_870' title='bbox 412 5783 583 5858; x_wconf 29' lang='lat' dir='ltr'><strong>zllauil</strong></span> <span class='ocrx_word' id='word_1_871' title='bbox 611 5773 872 5853; x_wconf 22' lang='lat' dir='ltr'><strong>,seiofuan</strong></span> <span class='ocrx_word' id='word_1_872' title='bbox 927 5784 1070 5858; x_wconf 83' lang='lat' dir='ltr'><strong>desit</strong></span> <span class='ocrx_word' id='word_1_873' title='bbox 1123 5784 1327 5854; x_wconf 85' lang='lat' dir='ltr'><strong>aliquid</strong></span> <span class='ocrx_word' id='word_1_874' title='bbox 1353 5829 1367 5852; x_wconf 88' lang='lat'><strong>,</strong></span> <span class='ocrx_word' id='word_1_875' title='bbox 1398 5785 1464 5840; x_wconf 90' lang='lat' dir='ltr'><strong>de</strong></span> <span class='ocrx_word' id='word_1_876' title='bbox 1495 5789 1788 5857; x_wconf 87' lang='lat' dir='ltr'><strong>splendore</strong></span> 
     </span>
    </p>
   </div>
   <div class='ocr_carea' id='block_1_118' title="bbox 206 5855 1789 5923">
    <p class='ocr_par' dir='ltr' id='par_1_118' title="bbox 206 5855 1789 5923">
     <span class='ocr_line' id='line_1_118' title="bbox 206 5855 1789 5923; baseline 0.005 -14"><span class='ocrx_word' id='word_1_877' title='bbox 206 5855 464 5911; x_wconf 56' lang='lat' dir='ltr'><strong>restium.</strong></span> <span class='ocrx_word' id='word_1_878' title='bbox 506 5855 614 5910; x_wconf 81' lang='lat' dir='ltr'><strong>Sed</strong></span> <span class='ocrx_word' id='word_1_879' title='bbox 648 5860 690 5910; x_wconf 83' lang='lat' dir='ltr'><strong>si</strong></span> <span class='ocrx_word' id='word_1_880' title='bbox 741 5860 876 5910; x_wconf 81' lang='lat' dir='ltr'><strong>nihil</strong></span> <span class='ocrx_word' id='word_1_881' title='bbox 910 5856 1086 5923; x_wconf 72' lang='lat' dir='ltr'><strong>deest,</strong></span> <span class='ocrx_word' id='word_1_882' title='bbox 1135 5861 1490 5912; x_wconf 70' lang='lat' dir='ltr'><strong>&quot;notationem</strong></span> <span class='ocrx_word' id='word_1_883' title='bbox 1520 5855 1666 5916; x_wconf 76' lang='lat' dir='ltr'><strong>certe</strong></span> <span class='ocrx_word' id='word_1_884' title='bbox 1695 5879 1789 5917; x_wconf 85' lang='lat' dir='ltr'><strong>ve-</strong></span> 
     </span>
    </p>
   </div>
   <div class='ocr_carea' id='block_1_119' title="bbox 1903 5794 3490 5868">
    <p class='ocr_par' dir='ltr' id='par_1_119' title="bbox 1903 5794 3490 5868">
     <span class='ocr_line' id='line_1_119' title="bbox 1903 5794 3490 5868; baseline 0 -20"><span class='ocrx_word' id='word_1_885' title='bbox 1903 5795 2068 5848; x_wconf 89' lang='lat' dir='ltr'><strong>stitus</strong></span> <span class='ocrx_word' id='word_1_886' title='bbox 2101 5794 2375 5868; x_wconf 74' lang='lat' dir='ltr'><strong>significat</strong></span> <span class='ocrx_word' id='word_1_887' title='bbox 2410 5796 2468 5848; x_wconf 77' lang='grc' dir='ltr'>τὸ</span> <span class='ocrx_word' id='word_1_888' title='bbox 2498 5797 2897 5864; x_wconf 80' lang='grc' dir='ltr'>ἀποδύσασθαι,</span> <span class='ocrx_word' id='word_1_889' title='bbox 2931 5798 3086 5868; x_wconf 88' lang='lat' dir='ltr'><strong>quasi</strong></span> <span class='ocrx_word' id='word_1_890' title='bbox 3121 5813 3258 5851; x_wconf 61' lang='lat' dir='ltr'><strong>esse:</strong></span> <span class='ocrx_word' id='word_1_891' title='bbox 3294 5813 3490 5863; x_wconf 74' lang='grc' dir='ltr'>μετεν-</span> 
     </span>
    </p>
   </div>
   <div class='ocr_carea' id='block_1_120' title="bbox 1900 5864 2492 5922">
    <p class='ocr_par' dir='ltr' id='par_1_120' title="bbox 1900 5864 2492 5922">
     <span class='ocr_line' id='line_1_120' title="bbox 1900 5864 2492 5922; baseline 0.008 -6"><span class='ocrx_word' id='word_1_892' title='bbox 1900 5868 2186 5920; x_wconf 60' lang='lat' dir='ltr'><strong>aequom.</strong></span> <span class='ocrx_word' id='word_1_893' title='bbox 2212 5864 2492 5922; x_wconf 78' lang='lat' dir='ltr'><strong>WoLrtus.</strong></span> 
     </span>
    </p>
   </div>
  </div>
