4242 6446
721 412 818 473 ’171
972 415 1050 486 pi.
1093 425 1149 463 ιι.
1190 407 1329 461 6836
1369 424 1434 461 Αι)
1477 407 1640 478 68491

1922 403 2344 467 NICEPHORI
2385 407 2773 469 ϐΠΕῧΟῐὶᾹζ

3074 403 3212 475 [uim
3259 417 3539 458 Αιιωιοαιο.
3577 403 3717 475 tum]

3862 411 3969 471 7'12

710 534 836 598 quis
877 529 1092 584 illustre
1143 535 1297 581 tuum
1343 529 1658 597 conjugium
1694 523 1948 579 diremit?
1989 523 2122 589 Quze
2167 523 2280 576 fera

2397 543 2504 586 κεῖ,
2534 523 2606 586 ὡς
2638 527 2702 577 ἐκ
2733 532 2995 591 ναυαγίου
3030 525 3125 576 καὶ
3168 523 3436 585 κλύδωνος
3473 526 3592 577 ὅλον
3623 529 3970 594 ζημιωθεϊσα

715 632 1010 689 tempestas
1036 635 1258 673 vernam
1290 630 1435 673 tuam
1465 619 1786 686 temperiem
1818 617 2099 684 corrupit?
2127 615 2284 684 Agite

714 731 865 776 vero,
890 716 1068 767 omnis
1092 712 1334 768 Romane
1364 711 1524 782 564
1556 711 1774 779 popule,
1794 710 2046 778 adjuvate
2072 710 2280 762 luctum

715 821 918 867 meum,
966 805 1336 857 communiter
1363 805 1658 872 ejulemus,
1702 817 1810 854 non
1845 802 1994 854 illum
2033 799 2286 863 deplora-

716 897 844 961 turi,
876 897 968 949 sed
1003 906 1221 950 nosmet
1250 897 1413 964 ipsos,
1447 895 1540 963 qui
1573 896 1639 946 ab
1674 894 1765 946 illo
1793 893 2038 948 destituti
2066 907 2278 946 sumus.

712 987 814 1051 Qui
868 997 1158 1042 stemmate
1218 987 1571 1056 imperatorio
1627 988 1761 1039 estis
1814 985 1942 1047 orti,
1998 984 2284 1050 deplorate

713 1080 1119 1147 imperatorem,
1174 1089 1232 1132 ut
1281 1088 1337 1132 et
1381 1087 1670 1147 cognatum
1714 1085 1770 1130 et
1818 1076 2039 1129 familia:
2089 1085 2284 1129 vestrae

713 1180 1122 1224 ornamentum.
1149 1171 1251 1235 Qui
1288 1170 1474 1239 palatii
1507 1171 1692 1222 limina
1729 1167 2111 1235 frequentatis,
2135 1183 2283 1234 qua:-

712 1263 816 1316 rite
844 1263 1026 1330 palatii
1072 1262 1442 1330 splendorem.
1473 1261 1602 1325 Vos,
1655 1260 1876 1323 milites,
1908 1259 2087 1327 lugete
2116 1259 2303 1313 soler-

713 1365 820 1407 tem
877 1357 1128 1409 ducem:
1186 1371 1283 1408 vos
1360 1354 1583 1417 famuli,
1631 1355 1928 1406 humanum
1993 1352 2280 1405 dominum

713 1442 1048 1510 deplorate:
1106 1446 1198 1513 qui
1259 1445 1500 1497 dormire
1553 1452 1608 1496 et
1656 1443 1942 1512 quiescere
1997 1443 2282 1506 solebatis,

711 1533 1029 1602 pervigilem
1065 1533 1463 1588 excubitorem.
1502 1530 1608 1584 Vos
1637 1531 1870 1595 judices,
1907 1528 2278 1582 lamentamini

709 1639 859 1686 eum,
883 1641 912 1678 a
943 1640 1052 1693 quo
1079 1627 1256 1690 legum
1287 1625 1368 1676 vis
1400 1623 1691 1692 pendebat.
1721 1620 1825 1674 Vos
1857 1621 2109 1675 Ecclesia:
2141 1620 2281 1673 sacri

709 1729 991 1781 proceres.
1022 1713 1331 1767 desiderate
1363 1713 1689 1765 acerrimum
1720 1720 2018 1763 amatorem
2045 1720 2100 1763 et
2127 1709 2281 1778 adju—

711 1814 881 1857 torem
929 1806 1241 1870 degmatum
1278 1825 1291 1871 ;
1327 1809 1418 1875 qui
1471 1807 1525 1858 in
1578 1804 1854 1857 montibus
1901 1812 1957 1857 et
2005 1801 2285 1872 speluncis

713 1895 930 1963 degitis,
957 1899 1268 1964 pra‘sidium
1290 1907 1345 1952 et
1366 1895 1836 1967 propugnaculum
1861 1893 2286 1947 existimationis

709 1997 764 2041 et
808 1989 993 2056 gloriae
1046 2000 1284 2054 vestrae;
1339 2004 1456 2054 vos,
1495 2003 1773 2040 sacrorum
1831 1985 2287 2039 monasteriorum

713 2091 978 2144 rectores,
1005 2088 1197 2138 vestra:
1221 2081 1479 2150 potentiie
1512 2094 1714 2133 arcem.
1745 2078 2008 2145 Reputatc
2040 2088 2284 2130 extrema

713 2173 860 2228 illius
903 2175 1203 2228 certamina
1255 2191 1354 2243 pro
1399 2173 1554 2226 vobis
1596 2180 1871 2237 suscepta.
1924 2170 2177 2234 Cogitate
2229 2177 2287 2223 ut

712 2281 946 2335 corpore
1004 2277 1114 2319 tum
1166 2265 1461 2318 ImSIilibus
1509 2262 1854 2324 vulneribus,
1899 2271 2010 2312 tum
2057 2259 2287 2314 medicis

717 2357 1029 2411 ustionibus
1074 2371 1302 2426 prorsus
1339 2357 1625 2415 exhausto.
1661 2363 1717 2407 et
1762 2352 1826 2406 ad
1875 2362 2106 2405 mortem
2155 2367 2286 2419 pro-

713 2456 958 2515 perante,
990 2457 1044 2500 ct
1076 2461 1277 2514 corpus
1306 2461 1463 2499 suum
1495 2443 1906 2511 contempserit,
1937 2451 1991 2494 et
2020 2443 2142 2495 vita:
2172 2457 2286 2495 sua:

713 2553 820 2589 non
861 2536 1190 2606 pepercerit.
1230 2535 1321 2588 sed
1360 2535 1616 2588 alacriter
1652 2534 1716 2586 ad
1751 2542 2064 2601 suggestum
2103 2542 2155 2585 et
2197 2547 2287 2585 sa-

711 2646 932 2683 crorum
983 2629 1255 2682 antistites
1305 2629 1552 2681 venerit:
1588 2642 1687 2680 nec
1722 2625 1873 2693 prius
1912 2624 2035 2677 inde
2082 2624 2290 2678 disces-

711 2723 880 2785 serit,
925 2737 1085 2788 quam
1145 2737 1294 2788 spem
1350 2719 1602 2782 fecisset,
1657 2720 2017 2772 insectatores
2073 2728 2287 2770 vestros

709 2821 1075 2879 corruptaque
1116 2811 1332 2864 illorum
1368 2813 1636 2877 dogmata,
1683 2812 1826 2878 quod
1876 2809 1928 2862 in
1975 2823 2034 2862 se
2065 2807 2287 2877 quidem

713 2910 882 2964 esset,
929 2900 1275 2964 conterendi,
1311 2915 1373 2953 ac
1416 2914 1644 2968 prorsus
1693 2899 1966 2952 abolendi.
2011 2897 2288 2953 Recorda-

713 2989 872 3049 niini,
916 3005 1038 3057 quae
1070 3002 1124 3044 et
1167 2999 1372 3057 quanto
1420 3004 1544 3042 cum
1599 2990 1715 3042 zelo
1760 2992 1932 3045 sacris
1981 2991 2088 3044 illis
2132 2992 2290 3045 labiis

720 3081 882 3132 verba
947 3082 1236 3148 protulerit
1289 3096 1385 3150 pro
1421 3081 1580 3150 565
1629 3082 1952 3137 defensione
2003 3097 2285 3136 sacrarum

2393 617 2484 668 τὸν
2532 617 2895 685 πολυτίμητον
2945 617 3176 685 φύρτον;
3218 615 3314 678 Τίς
3369 616 3556 683 ἀφεῖλέ
3606 635 3698 670 σου
3754 621 3816 671 τὸ
3872 622 3972 686 τῆς

2394 707 2680 777 πορφύρας
2739 709 3075 775 κράτιστον;
3138 707 3232 768 Τίς
3279 723 3372 757 σου
3421 706 3509 757 τὸν
3549 707 3782 774 χρυσοῦν
3833 710 3972 761 ἀπέ-

2397 815 2547 868 κειρε
2604 798 2933 868 βόστρυχονς
2963 798 3058 861 Τίς
3101 800 3189 850 τὸν
3221 798 3310 850 σὺν
3356 799 3570 868 ἥρπασε
3625 800 3851 868 λύχνονς
3886 803 3970 863 τίς

2395 892 2484 943 τὸν
2519 892 2608 943 σὺν
2641 891 2863 943 ἔσϐεσεν
2893 890 3075 959 ἥλιονς
3111 891 3194 952 τίς
3241 907 3323 942 σοι
3362 892 3458 959 τὴν
3490 893 3809 957 καινοτέραν
3836 893 3970 942 tat-J-

2396 999 2496 1050 την
2530 981 2760 1050 ἡλιακὴν
2805 979 3046 1048 ἔκλειψιν
3080 980 3402 1046 εἷργασταη
3438 980 3519 1039 τίς
3567 995 3661 1030 σου
3692 978 3789 1046 τὴν
3831 978 3971 1044 1.1;:-

2399 1075 2542 1142 πρὰν
2570 1067 2832 1140 συζυγίαν
2873 1072 3116 1136 διέλυσε;
3149 1071 3244 1132 Τίς
3276 1069 3461 1139 ἄγριος
3497 1068 3704 1139 χειμὼν
3738 1069 3837 1138 τὴν
3872 1073 3972 1135 σὴν

2397 1166 2619 1236 ἐαρινὴν
2668 1165 2933 1235 ἁρμονίαν
2980 1164 3301 1233 διέρρηξεν;
3340 1162 3500 1215 Ἀλλὰ
3535 1163 3839 1232 συνάρασθέ
3881 1179 3972 1229 μοι

2395 1258 2492 1311 τοῦ
2529 1259 2758 1320 πένθους
2791 1258 2935 1320 ἅπας
2961 1259 2988 1310 ὁ
3012 1257 3117 1309 τῶν
3160 1255 3448 1321 Ῥωμαίων
3473 1254 3662 1322 δῆμος,
3690 1254 3784 1305 καὶ
3811 1253 3974 1321 δεῦρο

2398 1354 2552 1419 κοινῇ
2582 1351 2673 1403 τὸν
2705 1351 2899 1420 θρῆνον
2926 1349 3246 1418 ἐγείρωμεν,
3299 1346 3575 1408 κλαίοντες
3604 1347 3702 1397 οὐκ
3738 1347 3971 1404 ἐκεῖνον,

2394 1442 2509 1498 ἀλλ’
2548 1444 2693 1510 ἡμᾶς
2738 1443 2932 1504 αὐτοὺς
2979 1442 3035 1492 ὲν
3067 1441 3274 1510 ἐρημίᾳ
3319 1439 3701 1497 καταστάντας
3732 1438 3970 1492 ἐκείνου.

2397 1534 2464 1588 Οἱ
2489 1536 2586 1596 τάς
2631 1534 2724 1585 τοῦ
2759 1534 2945 1600 γένους
2992 1532 3196 1600 φλέδας
3227 1531 3479 1592 ἕλκοντες
3524 1531 3588 1583 ὲκ
3619 1529 3726 1581 τῶν
3759 1529 3972 1597 βασιλι-

2399 1627 2510 1680 κῶν
2544 1625 2756 1696 πηγῶν,
2784 1623 3094 1694 δακρύσατε
3127 1623 3223 1676 καὶ
3250 1623 3324 1684 ὡς
3357 1621 3596 1690 συγγενῆ
3623 1621 3711 1672 τὸν
3742 1621 3974 1688 βασιλέα

2397 1721 2492 1773 καὶ
2530 1719 2603 1782 ὼς
2633 1717 2727 1770 τοῦ
2760 1719 2950 1784 γένους
2979 1715 3263 1784 καύχημα.
3298 1717 3362 1768 Ol
3399 1715 3494 1776 τὰς
3531 1713 3835 1781 βασιλείους
3866 1731 3973 1764 πα-

2396 1814 2613 1874 τοῦντες
2663 1811 2855 1872 αὐλάς,
2891 1810 3167 1879 ζητήσατε
3208 1808 3307 1878 τὴν
3345 1809 3450 1860 τῶν
3497 1805 3791 1876 βασιλείων
3825 1806 3968 1872 λαμ-

2391 1905 2661 1975 πρότητα.
2688 1905 2752 1956 υἱ
2783 1902 3136 1970 στρατιῶται,
3165 1901 3473 1971 πενθήσατε
3494 1899 3585 1952 τὸν
3612 1899 3784 1962 δεξιον
3813 1916 3972 1968 στρα-

2387 1996 2556 2061 τηγόν
2580 2009 2593 2022 ·
2627 1991 2711 2065 [Ρ.
2745 1992 2871 2063 549]
2912 1994 2962 2043 oi
2995 1991 3195 2054 δοῦλοι,
3239 1991 3511 2044 κλαύσατε
3538 1992 3628 2041 τὸν
3659 1988 3970 2057 φιλάνθρω-

2392 2107 2493 2142 πον
2522 2087 2827 2156 δεσπότην·
2867 2087 2915 2138 οἱ
2951 2086 3232 2139 καθεύδειν
3281 2086 3376 2137 καὶ
3407 2085 3637 2152 ἠρεμεῖν
3690 2082 3964 2145 εἰωθότες,

2391 2178 2481 2232 τδν
2529 2179 2804 2246 ἄγρυπνον
2853 2178 3064 2245 φύλακα
3088 2195 3102 2209 °
3139 2179 3188 2230 οἱ
3219 2176 3488 2239 δικασταὶ,
3523 2177 3832 2244 θρηνήσατε
3883 2175 3970 2227 τὸν

2391 2271 2625 2341 χορηγὸν
2657 2269 2754 2338 τῆς
2785 2269 2893 2322 τῶν
2938 2271 3115 2338 νόμων
3158 2267 3336 2338 ίσχύος
3359 2283 3372 2296 ⁸
3406 2267 3454 2320 οί
3505 2269 3605 2336 τῆς
3647 2267 3971 2335 Ἐκκλησίας

2396 2365 2532 2430 ἱεροὶ⁴
2562 2363 2860 2434 προστάται
2893 2362 3030 2431 (49),
3061 2360 3330 2430 ζητήσατε
3383 2361 3474 2412 τδν
3516 2361 3776 2429 διάπυρον
3808 2379 3972 2412 σπου·-

2389 2455 2592 2522 δαστὴν
2627 2455 2719 2506 καὶ
2755 2454 3099 2524 συλλήπτορα
3129 2453 3236 2505 τῶν
3276 2453 3565 2521 δογμάτων
3589 2468 3602 2483 ·
3638 2454 3686 2504 οί
3729 2457 3784 2502 ὲν
3819 2451 3969 2520 opas:

2391 2548 2486 2600 καὶ
2522 2546 2826 2614 σπηλαίοις,
2873 2545 2964 2597 τὸν
3009 2544 3271 2614 πρόϐολον
3299 2546 3392 2595 καὶ
3442 2544 3824 2613 προασπιστὴν
3875 2543 3968 2610 τῇς

2391 2640 2662 2709 ὑμετέρας
2710 2638 2953 2701 εὐκλείας
2990 2639 3083 2690 καὶ
3137 2638 3295 2706 δόξης
3322 2654 3336 2668 ·
3385 2641 3431 2690 οἱ
3466 2639 3574 2690 τῶν
3608 2638 3765 2689 θείων
3797 2638 3969 2701 ἀσκη-

2391 2731 2596 2799 τηρίων
2621 2729 2982 2798 κοσμήτορες,
3013 2727 3111 2797 τὴν
3140 2729 3237 2794 τῆς
3269 2726 3540 2796 ὑμετέρας
3591 2722 3770 2794 ἰσχύος
3799 2723 3966 2791 άκρό·

2391 2824 2567 2876 πολιν.
2598 2822 2903 2889 Λογίσασθε
2951 2820 3072 2881 τοὺς
3104 2820 3242 2887 ὑπὲρ
3273 2818 3425 2888 ὑμῶν
3457 2818 3797 2879 τελευταίους
3822 2816 3968 2880 ἀγῶ-

2392 2934 2488 2978 νας
2539 2911 2728 2977 αὑτοῦ,
2786 2913 2900 2974 πῶς
2970 2911 3336 2980 πεπονηκότος
3403 2908 3502 2976 ἤδη
3565 2907 3818 2970 καθάπαξ
3881 2907 3970 2958 τοῦ

2395 3008 2647 3075 σώματος
2675 3006 2736 3057 ἐκ
2763 3023 2821 3056 τε
2847 3003 2957 3056 τῶν
2986 3002 3299 3069 πολεμικῶν
3329 3000 3658 3070 τραυμάτων
3685 3000 3747 3051 ἐκ
3776 3016 3836 3050 τε
3867 2999 3970 3050 τῶν

2399 3098 2661 3167 ίατρικῶν
2701 3095 2990 3166 καυτήρων
3013 3094 3108 3146 καὶ
3139 3094 3274 3163 πρὸς
3298 3091 3524 3145 θάνατον
3550 3089 3793 3142 ἐντεῦθεν
3823 3091 3973 3141 ἐλαυ-

712 3173 1059 3224 sanctionum
1102 3183 1158 3226 et
1205 3173 1379 3241 ipsius
1424 3174 1690 3226 veritatis.
1744 3175 2128 3228 Recordamini
2167 3191 2287 3244 quae

2397 3189 2614 3257 νόμενος
2644 3185 3016 3255 κατεφρόνησέ
3047 3201 3104 3236 τε
3141 3182 3233 3236 τοῦ
3284 3182 3558 3248 σώματος,
3594 3182 3684 3232 καὶ
3717 3179 3818 3247 τῆς
3849 3181 3972 3232 ἑαν-

710 3265 945 3324 dixcrit,
995 3267 1312 3333 priusquam
1360 3264 1427 3317 ad
1487 3273 1798 3334 suggestum
1844 3267 2188 3334 pervenisset
2227 3277 2284 3320 et

712 3353 779 3404 ad
815 3367 1031 3406 sacrum
1064 3355 1355 3407 concilium
1388 3372 1400 3408 :
1444 3369 1564 3423 qua:
1606 3356 1734 3408 item
1762 3370 1885 3410 cum
1928 3358 2164 3411 venisset
2199 3375 2285 3412 re-

710 3447 918 3509 eitarit,
947 3447 1184 3499 maximo
1216 3462 1339 3499 cum
1389 3447 1606 3515 ingenio
1633 3456 1685 3501 et
1719 3458 1962 3502 veterum
2010 3451 2287 3519 theologo-

710 3553 829 3590 rum
879 3537 1204 3599 iniitatione,
1243 3553 1366 3591 cum
1419 3539 1607 3592 divino
1653 3538 1835 3592 amatu
1883 3539 2032 3609 pleni
2067 3542 2285 3610 linguas

710 3629 988 3681 resonanti
1021 3629 1073 3680 in
1119 3628 1250 3697 ipsis
1279 3637 1335 3683 et
1367 3630 1666 3698 impellenti
1717 3631 1936 3698 spiritui
1972 3647 2286 3685 accommo-

712 3720 953 3773 dabant:
987 3730 1042 3773 et
1071 3721 1324 3789 quamvis
1358 3736 1502 3774 mors
1536 3723 1701 3790 eapiti
1744 3723 2073 3786 immineret,
2105 3734 2283 3778 tamen

713 3828 821 3864 non
858 3815 1105 3877 cesserit,
1135 3813 1225 3867 sed
1259 3813 1512 3867 alacriter
1538 3815 1831 3870 admodum
1863 3829 1926 3868 ea
1957 3831 2076 3885 qua:
2109 3821 2292 3886 requi-

714 3903 981 3958 rebantur
1026 3906 1301 3974 peregerit
1341 3923 1354 3959 :
1392 3907 1527 3970 Deo,
1576 3907 1654 3960 uti
1706 3917 2135 3962 consentaneum
2184 3920 2286 3975 est,

713 4010 970 4064 magnum
1003 3997 1146 4051 hunc
1188 3998 1454 4052 fervorem
1488 4000 1674 4053 animo
1709 3999 1828 4067 ejus
1854 4000 2073 4069 largito,
2111 4011 2168 4054 ut
2193 4017 2286 4054 co-

717 4090 966 4142 ronidem
998 4090 1288 4159 quamdam
1319 4092 1533 4145 i-aateris
1573 4093 1692 4162 ejus
1726 4093 2001 4160 praeclaris
2029 4097 2286 4148 certami-

715 4184 880 4234 nibus
907 4191 963 4236 et
995 4184 1160 4236 veluti
1189 4183 1424 4251 sigillum
1459 4184 1972 4252 praestantissimum
2002 4187 2287 4254 imprime-

716 4281 819 4333 ret,
865 4273 1105 4341 linguam
1155 4275 1272 4343 ejus
1318 4274 1634 4343 hujusmodi
1677 4276 2026 4328 sermonibus
2060 4293 2290 4346 perpur-

714 4363 924 4433 gando;
963 4377 1021 4418 ut
1073 4366 1272 4420 talibus
1312 4366 1524 4436 legibus
1571 4375 1627 4421 et
1665 4366 1900 4420 decretis
1935 4372 2292 4439 promulgatis

714 4494 746 4531 e
785 4480 889 4531 vita
916 4477 1243 4532 discederet.
1280 4497 1299 4530 ι

2392 3279 2484 3333 τοῦ
2513 3280 2655 3348 ζωῆς
2691 3277 2990 3347 ἀφειδήσας
3018 3275 3310 3345 προθύμως
3340 3275 3429 3326 ἐπὶ
3457 3275 3513 3325 τδ
3543 3272 3691 3341 βῆμα
3719 3274 3811 3324 καὶ
3844 3275 3967 3333 τοὺς

2393 3374 2781 3444 ἱεροφάντορας
2814 3367 2916 3444 ἦκε
2971 3372 3064 3423 καὶ
3113 3371 3172 3421 οὐ
3219 3370 3485 3439 πρότερον
3541 3369 3751 3420 ἐκεῖθεν
3797 3369 3971 3437 ἀπή).-

2393 3467 2539 3531 λαξε,
2569 3469 2700 3537 πρὶν
2745 3467 2964 3527 ἐλπίδας
3006 3464 3208 3525 δοῦναι,
3241 3462 3314 3525 ὡς
3347 3460 3482 3524 τοὺς
3512 3463 3664 3531 ὑμῶν
3711 3460 3973 3530 ὑϐριστὰς

2393 3561 2488 3611 καὶ
2523 3559 2590 3611 τὰ
2629 3558 2851 3610 ἐκείνων
2883 3556 3209 3625 διεφθορότα
3237 3555 3502 3623 δόγματα,
3535 3555 3595 3606 τό
3628 3571 3689 3622 γε
3722 3556 3803 3616 εἰς
3836 3557 3973 3606 ἐκεῖ·

2395 3668 2482 3702 νον
2522 3645 2676 3718 ἧκον,
2723 3647 3001 3717 συντρίψει
3033 3665 3090 3700 τε
3127 3649 3219 3713 καὶ
3267 3648 3408 3710 ὅλοις
3436 3647 3595 3699 δώσει
3635 3648 3842 3716 φθορᾶς
3884 3650 3976 3702 καὶ

2395 3741 2668 3803 ἀπωλείας
2723 3741 2903 3810 βυθοῑς
2953 3757 3010 3792 τε
3060 3741 3154 3794 καὶ
3207 3739 3466 3809 κύμασιν.
3533 3740 3971 3810 Ἀναμνήσθητε,

2395 3836 2537 3896 οἵους
2572 3838 2661 3886 καὶ
2687 3836 2813 3886 ὅσου
2842 3832 2933 3885 τοῦ
2969 3832 3132 3899 ζήλου
3167 3835 3395 3902 μεστοὺς
3424 3833 3529 3883 τῶν
3566 3832 3727 3901 ἱερῶν
3754 3834 3980 3884 ἐκείνων

2397 3926 2621 3997 χειλέων
2652 3927 2775 3987 τοὺς
2807 3925 2996 3990 λόγους
3036 3929 3372 3993 προήνεγκεν
3418 3924 3557 3990 ὑπέρ
3591 3940 3650 3975 τε
3678 3925 3784 3974 τῶν
3818 3924 3979 3976 θείων

2399 4019 2613 4088 θεσμῶν
2648 4020 2739 4070 καὶ
2772 4019 2868 4086 τῆς
2918 4017 3174 4086 ἀληθείας
3209 4017 3399 4084 αὐτῆς.
3440 4017 3852 4087 Ἀναμνήσθητε
3903 4012 3978 4070 ῶν

2397 4108 2697 4178 ἐφθέγξατο
2749 4109 2878 4178 πρὶν
2906 4109 3059 4177 ἥκειν
3110 4107 3201 4157 ἐπὶ
3248 4109 3308 4159 τὸ
3359 4107 3511 4176 βῆμα
3546 4111 3638 4160 καὶ
3689 4110 3779 4161 τὸν
3834 4112 3978 4177 ἱερὸν

2402 4204 2655 4269 σύλλογον
2679 4219 2694 4232 ·
2730 4196 2804 4253 ὧν
2836 4218 2893 4253 τε
2924 4200 3078 4262 αὖθις
3125 4201 3294 4252 ἐλθὼν
3323 4199 3522 4270 διεξῄει
3564 4202 3701 4254 πάνυ
3748 4219 3831 4254 τοι
3886 4222 3982 4271 με·

2400 4294 2704 4363 γαὶοφυῶς,
2741 4295 2833 4346 καὶ
2863 4293 3048 4362 ὥσπερ
3076 4294 3122 4344 oi
3156 4294 3320 4346 πάλαι
3351 4293 3458 4343 τῶν
3490 4292 3777 4359 θεολόγων,
3817 4295 3980 4346 ὁπότε

2400 4386 2547 4447 θείας
2580 4385 2864 4446 ἐπιπνοίας
2904 4383 3302 4452 ἐμφορηθέντες
3344 4383 3442 4452 τὴν
3476 4383 3721 4449 γλῶτταν
3771 4385 3980 4437 ἐδίδουν

2400 4477 2477 4545 τῲ
2507 4474 2786 4544 ὲνηχοῦντι
2839 4474 2933 4526 καὶ
2964 4475 3181 4542 φέροντι
3228 4473 3497 4542 πνεύματι
3523 4492 3536 4504 ’
3569 4478 3660 4526 καὶ
3689 4477 3835 4539 ὅπως
3879 4487 3980 4540 τοῦ

717 4571 1021 4639 νοσήματος
1079 4571 1221 4642 ὑπὲρ
1276 4569 1517 4639 κεφαλῆς
1566 4571 1894 4640 αἰωροῦντος
1940 4573 2031 4624 τοῦ
2081 4571 2197 4641 βίου
2254 4578 2314 4630 τὸ
2352 4575 2546 4644 πέρας.
2584 4572 2611 4621 ὁ
2655 4568 2710 4620 δὲ
2744 4567 2843 4619 οὐκ
2890 4565 3172 4629 ἐνέδωκεν,
3230 4566 3346 4618 ἀλλ’
3388 4567 3641 4634 ἐπέραινε
3683 4569 3748 4619 τά
3784 4570 3986 4636 βελτίω

718 4660 1189 4729 μάλαηπροθύμως
1214 4675 1227 4689 ·
1268 4656 1419 4729 οἶμαι
1455 4660 1548 4712 τοῦ
1579 4660 1712 4711 Θεοῦ
1761 4660 2002 4732 μεγάλην
2037 4663 2238 4732 ταύτην
2283 4665 2378 4734 τὴν
2409 4662 2559 4726 ζέσιν
2597 4663 2661 4728 τῇ
2697 4657 2886 4709 τούτου
2946 4657 3312 4724 χαρισαμένου
3347 4655 3514 4724 ψυχῇ,
3585 4658 3668 4708 ἵνα
3716 4661 3987 4725 κορωνίδα

713 4755 833 4801 τινὰ
881 4753 993 4812 τοῖς
1061 4752 1244 4812 ἄλλοις
1321 4753 1530 4803 ἐκείνου
1581 4756 1835 4821 χρηστοῖς
1886 4754 2062 4819 ἀγῶσι
2135 4757 2228 4806 καὶ
2302 4752 2414 4809 οἷον
2474 4752 2866 4820 ὲκσφράγισμα
2914 4749 3204 4815 κράτιστον
3289 4749 3527 4815 ξπιθεέη,
3581 4750 3640 4800 τὸ
3716 4750 3985 4816 τοιούτοις

713 4839 891 4910 λόγοις
920 4843 1234 4911 ἁγνισθῆναι
1260 4843 1357 4914 τὴν
1383 4843 1635 4911 γλῶσσαν
1673 4847 1765 4896 καὶ
1803 4846 2060 4908 τοιούτοις
2087 4847 2270 4916 νόμοις
2305 4849 2400 4901 καὶ
2433 4848 2667 4914 δόγμασι
2700 4839 3056 4894 συναπελθεῖν
3087 4839 3247 4891 αὑτὸν
3283 4840 3346 4890 ὲκ
3374 4839 3467 4891 τοῦ
3501 4839 3639 4907 βίον.
3680 4859 3697 4891 ι

787 4956 875 5008 ιν.
913 4954 1031 5007 Fuit
1066 4955 1154 5009 hic
1187 4955 1486 5023 imperator
1523 4955 1769 5025 jucunda
1820 4966 1875 5009 et
1906 4957 2127 5010 amabili
2159 4973 2287 5026 spe-

2465 4956 2536 5009 Δ’.
2571 4953 2682 5006 Ἦν
2714 4973 2775 5021 γε
2834 4953 2940 5022 μὴν
2987 4953 3014 5004 ὁ
3053 4951 3304 5021 βασιλεὺς
3359 4952 3485 5021 ἡδὺς
3534 4953 3627 5003 καὶ
3680 4953 3887 5021 χαρίεις
3926 4956 3989 5008 τὸ

715 5050 822 5108 cie,
850 5048 1037 5100 bilaris
1063 5057 1116 5099 et
1159 5064 1382 5100 accessu
1421 5048 1616 5111 facilis,
1647 5049 1922 5103 humanus
1955 5060 2003 5101 et
2045 5051 2293 5103 clemen-

717 5141 980 5193 tissimus.
1018 5138 1287 5193 Caaterum
1337 5141 1572 5194 neminis
1626 5142 1796 5194 ullum
1852 5143 2144 5194 consilium
2195 5141 2293 5193 ad-

720 5232 995 5296 mittebat,
1019 5232 1103 5284 sui
1135 5232 1297 5284 unius
1327 5232 1610 5285 sententia:
1639 5242 1694 5286 et
1728 5234 1972 5286 scienti:e
2009 5234 2294 5286 insistens.

723 5326 909 5393 ltajue
987 5325 1247 5393 pleraque
1318 5325 1740 5390 dissimulabat,
1813 5327 2044 5380 consilio
2106 5326 2299 5395 plenus

2395 5048 2534 5111 εἶδος
2572 5045 2708 5116 (50),
2738 5047 2797 5099 τὸ
2831 5041 2960 5113 ἦθος
2992 5045 3173 5114 ἱλαρὸς
3217 5046 3307 5097 καὶ
3343 5047 3635 5112 εὐπρόσιτο
3671 5086 3684 5108 ,
3715 5049 3810 5123 τὴν
3843 5047 3992 5110 γνώ-

2400 5161 2506 5211 μην
2532 5141 2909 5208 φιλάνθρωπος
2948 5139 3043 5190 καὶ
3082 5139 3220 5190 πάνυ
3252 5155 3334 5190 τοι
3367 5139 3680 5208 συμπαθής.
3734 5139 3993 5207 Συμῦου-

2396 5233 2495 5301 λήν
2521 5248 2582 5296 γε
2618 5230 2722 5300 μὴν
2755 5229 2863 5280 τῶν
2894 5229 3107 5281 πάντων
3153 5228 3364 5291 οὐδενὸς
3418 5229 3853 5300 προσδεχόμενος
3887 5233 3992 5283 οὐ·

2398 5325 2610 5394 δεμίαν,
2645 5324 2781 5395 μόνῃ
2825 5326 2890 5392 τῇ
2935 5321 3130 5376 ἑαυτοῦ
3160 5324 3385 5376 διετέλει
3432 5325 3748 5392 πειθόμενος
3785 5325 3992 5396 γνώμη

2066 5524 2400 5584 Variorum
2441 5532 2625 5583 notae.

791 5665 901 5728 (.59)
933 5663 1056 5717 lch
1099 5666 1258 5717 verba
1293 5681 1356 5718 cx
1402 5665 1656 5732 Gregom
1690 5667 1862 5719 nrenia
1894 5667 2054 5719 alIi'rt
2084 5666 2289 5720 Canta-

720 5750 912 5806 cuzcn.
953 5736 1048 5786 lib.
1103 5751 1173 5794 iv,
1209 5753 1326 5802 cap.
1366 5737 1454 5798 ‘25,
1488 5748 1650 5806 atque
1685 5754 1749 5790 ira
1785 5739 1848 5790 iis
1881 5739 2074 5790 inalaln
2129 5739 2289 5790 lidein

723 5805 980 5874 Uri-gora:
1017 5808 1211 5873 carpit.
1246 5808 1483 5861 Ducam.

2469 5667 2579 5732 (50)
2613 5665 2984 5721 Cantacuzen.
3015 5666 3110 5724 lib.
3148 5684 3209 5731 tt,
3241 5685 3360 5738 cap.
3392 5672 3451 5724 2i
3492 5683 3634 5726 extr.
3668 5673 3734 5725 de
3765 5675 3993 5733 Andro-

2403 5739 2527 5812 nico
2552 5740 2698 5807 jun.,
2724 5740 2857 5812 πάσι
2889 5738 2996 5812 γάρ
3028 5741 3127 5812 οοὺκ
3160 5743 3462 5812 έπὲραστος
3497 5762 3680 5812 μονον,
3712 5744 3851 5797 ἀλλὰ
3887 5741 3992 5804 in:

2405 5803 2684 5877 θαύματος
2716 5809 2840 5874 ἀξία
2873 5803 3011 5880 ⁵ὄψις
3045 5803 3132 5876 ἦν.
3168 5803 3402 5864 υυέλκο.
