4242 6446
168 418 277 479 173
438 412 515 485 rt.
557 427 610 471 c.
660 412 793 468 L128
829 429 895 469 AD
940 411 1105 485 tati]

1214 413 1663 477 ΒΥΖΑΝΤΙΝᾹΞ
1704 410 2091 471 HISTORIA!
2125 411 2270 474 LIB.
2312 412 2421 474 Xl-

2526 404 2659 478 [ιιιιν.
2698 418 2964 461 Ακυιιοιιιο
3026 402 3169 477 tum]
3349 411 3457 468 774

171 551 264 585 και
299 532 521 599 γνώσει.
556 531 649 584 Διὸ
689 534 782 584 καὶ
811 536 1107 600 κρυψινους
1150 525 1219 599 ἦν
1246 529 1319 590 ὡς
1350 529 1419 583 τὰ
1468 528 1638 582 πολλά
1670 526 1765 580 καὶ

1870 526 1959 580 ille
1998 528 2261 593 quidem;
2299 529 2395 584 sed
2446 542 2477 582 a
2531 527 2824 598 colloquiis
2862 535 2919 582 et
2969 536 3118 581 cmtu
3170 525 3437 581 ltummuu

172 625 397 696 βαθεῖαν
431 626 529 695 μὶν
555 625 644 677 διὰ
691 625 888 695 φρενὸς
920 622 1304 694 καρπούμενος
1352 622 1568 676 αύλακα
1591 636 1603 649 ·
1641 622 1766 673 ἀνοσ

175 719 406 789 μίλητος
431 719 475 770 δ’
498 717 592 772 οὖν
622 718 716 773 καὶ
746 716 923 787 μισῶν
951 716 1083 783 περὶ
1110 716 1303 769 ἑαυτὸν
1326 714 1530 785 πλῆθος
1558 709 1769 784 ἀνθρώ-

173 831 289 879 πων
323 813 481 881 ὀρᾷν.

244 903 322 959 Ε’.
360 906 528 957 Ὅθεν
557 906 651 958 καὶ
696 908 819 960 οὔτε
858 907 1164 977 βασιλικαῖς
1200 908 1480 977 ἐνέχεσθαι
1520 905 1766 976 φροντίσι

174 997 269 1048 καὶ
305 996 584 1065 ἀσχολίαις
623 999 889 1069 ἠνείχετο,
927 1000 1051 1054 οὔτε
1091 1000 1197 1071 μὴν
1230 1004 1288 1055 εν
1322 1003 1443 1064 ταῖς
1480 1001 1769 1069 μεγίσταις

174 1088 283 1139 τῶν
336 1088 542 1157 ἑορτῶν
591 1090 659 1142 τά
712 1092 810 1159 τῆς
869 1091 1149 1161 βασιλείας
1182 1094 1355 1146 ἐτέλει
1404 1094 1631 1162 νόμιμα.
1670 1092 1767 1156 τὰς

175 1179 470 1249 θεατρικὰς
499 1199 642 1253 φημι
689 1185 784 1237 καὶ
826 1184 1141 1253 δημοτελεῖς
1189 1187 1439 1254 πομπὰς,
1483 1185 1577 1238 καὶ
1617 1183 1763 1253 φιλο-

177 1273 457 1343 φροσύνας
506 1276 600 1326 καὶ
648 1277 746 1338 τὰς
784 1277 1197 1347 μεγαλοψύχους
1231 1278 1550 1348 εὐεργεσίας
1586 1294 1645 1330 τε
1677 1278 1769 1331 καὶ

176 1364 442 1431 διανομὰς
502 1366 612 1417 τῶν
659 1384 719 1417 τε
790 1368 1092 1437 χρημάτων
1151 1368 1289 1437 ὁμοῦ
1362 1368 1455 1420 καὶ
1520 1366 1766 1435 ἀξιωμά-

177 1468 309 1504 των.
355 1453 442 1515 Ὠς
480 1452 814 1507 κινδυνεύειν
850 1456 1102 1510 ἐντεῦθεν
1137 1457 1306 1526 λήθης
1341 1456 1638 1510 καταδῦναι
1670 1456 1769 1526 βυ-

182 1542 294 1605 θοῖς
330 1545 401 1595 τὰ
436 1547 535 1614 τῆς
585 1544 869 1616 βασιλικῆς
900 1545 1153 1619 εὐταξίας
1202 1546 1389 1618 ἔθιμα,
1422 1546 1507 1619 [Ρ.
1540 1545 1672 1618 550]
1695 1539 1771 1599 ὢν

181 1636 280 1703 τὴν
314 1638 537 1706 μνήμην
568 1637 710 1691 κατά
739 1637 993 1708 διαδοχὴν
1014 1618 1066 1691 bl
1095 1638 1334 1709 βασιλεῖς
1362 1618 1474 1703 τοῖς
1498 1640 1772 1709 όψιγόνοις

185 1729 571 1798 παρέπεμπον.
609 1731 810 1784 Πολλοῦ
840 1734 947 1802 γὰρ
980 1733 1395 1804 παραρρυέντος
1426 1734 1647 1804 χρόνου,
1673 1734 1771 1785 καὶ

182 1820 289 1871 τῶν
326 1820 546 1873 εἰδότων
580 1821 873 1888 θανόντων,
908 1824 1171 1896 δυσχερὲς
1219 1825 1288 1878 ἂν
1318 1827 1530 1891 γένοιτο
1567 1826 1773 1891 γνῶναι

1872 620 2130 676 alienior.

1944 900 2007 954 V.
2052 898 2130 953 Eo
2168 898 2353 963 liebat,
2383 907 2443 951 ut
2491 896 2879 967 imperatorias
2914 911 3079 951 curas
3110 904 3166 950 et
3211 911 3454 965 occupa-

1876 991 2054 1046 tiones
2089 1000 2543 1053 aversarctur,ac
2571 1006 2637 1043 ne
2677 990 2730 1043 itt
2766 988 3021 1043 maximis
3049 990 3273 1058 quidem
3304 988 3461 1044 festi-

1874 1085 2137 1139 vitalibus
2188 1085 2451 1139 solemnia
2518 1083 2734 1153 imperii
2775 1084 2979 1145 obiret,
3031 1082 3122 1136 illa
3173 1083 3463 1146 nimirum,

1875 1191 1997 1243 qua:
2027 1175 2093 1228 ad
2150 1175 2462 1245 spectacula
2499 1182 2555 1227 et
2590 1172 2839 1239 publicas
2882 1189 3114 1243 pompas
3144 1183 3198 1227 et
3252 1173 3464 1226 saluta—

1876 1267 2058 1323 tiones
2086 1278 2143 1323 et
2176 1268 2611 1322 muniﬁcentiam
2647 1266 3057 1334 imperatoriam
3085 1277 3140 1320 et
3187 1265 3459 1320 distribu-

1875 1361 2082 1414 tionem
2128 1360 2491 1430 pecuniarutn
2543 1370 2597 1415 et
2653 1359 2929 1414 honorum
2983 1361 3359 1435 pertinerent.
3398 1359 3464 1415 Ut

1867 1454 1979 1523 jam
2016 1454 2321 1523 periculum
2363 1456 2455 1516 sit,
2490 1469 2559 1508 ne
2608 1452 2976 1522 imperatoriae
3024 1452 3329 1519 disciplinae
3376 1454 3464 1506 iu-

1875 1547 2089 1607 stituta,
2123 1562 2361 1616 quorum
2407 1548 2727 1601 memoriam
2776 1546 2979 1616 singuli
3015 1546 3261 1600 vicissim
3301 1545 3465 1617 566

1875 1642 2242 1709 imperatores
2291 1640 2360 1695 ad
2425 1650 2675 1709 posteros
2725 1640 3130 1709 propagabant,
3184 1638 3463 1692 oblivione

1873 1746 2101 1800 prorsus
2155 1731 2480 1784 obruantur.
2536 1728 2669 1782 Nam
2733 1745 2858 1784 cum
2920 1728 3154 1781 multum
3200 1726 3464 1794 temporis

1877 1821 2270 1881 interﬂuxeril.
2294 1830 2347 1876 et
2399 1823 2492 1890 qui
2535 1821 2625 1875 illa
2670 1820 2931 1875 tenebant
2963 1816 3328 1879 decesserint,
3361 1830 3464 1885 po-

181 1912 308 1972 τοῦς
338 1914 597 1975 ἐπιόντας
630 1914 697 1967 τὰ
730 1914 917 1967 δέοντα
944 1931 958 1945 ο
1000 1917 1117 1969 ἀλλ’
1146 1916 1221 1978 ὠς
1257 1915 1456 1982 ιοικεν,
1488 1919 1522 1986 ἡ
1545 1919 1678 1988 πρὸς
1706 1918 1775 1972 τὰ

1877 1915 2040 1969 steris
2085 1915 2219 1984 quid
2265 1914 2429 1969 ollicii
2474 1914 2545 1968 sit
2588 1914 2730 1968 scire
2760 1912 2982 1967 difﬁcile
3015 1912 3145 1967 erit.
3189 1910 3461 1964 Nimirum

184 2002 363 2070 φαῦλα
400 2006 602 2072 σπουδὴ
639 2005 1023 2077 ρᾳθυμοτέραν
1064 2011 1209 2061 ποιεῖ
1260 2008 1359 2079 τὴν
1388 2010 1444 2073 ἐς
1473 2009 1541 2063 τὰ
1581 2010 1773 2063 δέοντα

186 2098 525 2167 φιλοτιμίαν.
560 2097 795 2169 Ἐτρεφε
848 2102 960 2171 γὰρ
1008 2101 1177 2164 κύνας
1206 2102 1320 2172 (5i)
1354 2102 1448 2155 καὶ
1474 2102 1636 2172 δρνεα
1681 2121 1779 2155 κυ-

184 2193 454 2262 νηγετικὰ
490 2191 796 2263 παμπληθῆ
843 2196 937 2246 καὶ
972 2193 1227 2249 τοσοῦτον
1259 2200 1315 2258 ὲς
1346 2194 1518 2248 ταῦτα
1547 2196 1772 2266 ἥττητο,

184 2284 326 2337 ὥστε
378 2288 474 2339 καὶ
522 2284 574 2337 εί
606 2301 686 2347 τις
728 2283 878 2355 αὐτῷ
913 2287 1159 2356 ἐντυχεῖν
1206 2286 1481 2348 ἐϐούλετο.
1529 2287 1774 2357 ὅρνιονῆ

188 2377 327 2431 κύνα
380 2377 622 2447 κομίζων
652 2376 914 2445 ἐτύγχανε
952 2380 1124 2449 ῥᾷστα
1160 2380 1255 2433 τοῦ
1308 2380 1667 2450 ποθουμένου.
1710 2382 1776 2434 ’Δ

187 2472 367 2525 πάντα
401 2471 543 2541 μετά
585 2472 684 2541 τὴν
729 2471 939 2524 ἐκείνου
968 2474 1229 2545 τελευτὴν
1268 2476 1292 2526 b
1325 2474 1777 2545 Καντακουζηνδς

186 2568 301 2628 τοῖς
372 2562 637 2634 χρῄζουσι
698 2566 1025 2637 διεμέρισεν,
1090 2567 1556 2635 ἀναλογισάμενος
1604 2568 1667 2621 τό
1719 2584 1778 2620 τε

191 2657 519 2727 παμπληθὲς
554 2659 655 2727 τῆς
704 2657 948 2727 δαπάνης
998 2658 1181 2710 καὶτὸ
1229 2659 1431 2712 τούτων
1465 2662 1521 2723 ἐς
1576 2659 1644 2712 τὰ
1680 2658 1780 2723 τῆς

194 2751 474 2820 βασιλείας
506 2750 813 2821 πράγματα
846 2752 1027 2821 πάντῃ
1062 2750 1160 2820 μὲν
1195 2751 1477 2819 ἀνόνητον,
1521 2754 1704 2822 πάντῃ
1732 2750 1778 2803 δ’

191 2844 518 2913 ἐπισφαλές.
561 2846 731 2897 Πέντε
778 2845 887 2914 γάρ
941 2846 1036 2897 καὶ
1073 2843 1200 2898 δέκα
1258 2845 1499 2914 χιλιάδας
1535 2844 1698 2912 φασὶν
1731 2844 1779 2896 οί

191 2957 285 2991 του
321 2937 611 3007 βασιλικοῦ
644 2939 971 3008 πρυτανείου
1014 2939 1286 3007 διοικηταὶ
1329 2940 1459 3007 περὶ
1487 2938 1584 3009 τὴν
1630 2939 1782 3007 σφῶν

191 3031 445 3099 δαπάθην
484 3033 949 3100 καινοτομεῖσθαι.

264 3128 358 3193 ς’.
391 3127 548 3178 υῦτω
577 3144 640 3195 γε
686 3125 790 3195 μὴν
822 3126 1022 3196 πολλὴν
1054 3128 1151 3180 καὶ
1191 3126 1418 3198 βεϐαίαν
1468 3127 1606 3197 πρὸς
1651 3126 1785 3180 θεὸν

1878 2024 1942 2063 ea
1971 2024 2095 2077 quae
2146 2008 2199 2062 in
2242 2010 2407 2063 rebus
2459 2007 2671 2062 frivolis
2705 2022 2869 2077 opera
2916 2006 3111 2065 sedulo
3144 2006 3463 2072 insumitur,

1862 2100 1946 2157 ‘ad
1977 2117 2042 2155 ea
2076 2116 2199 2169 qua:
2224 2098 2388 2154 oﬂicii
2426 2109 2579 2164 sunt,
2616 2098 2971 2168 exsequenda
3002 2096 3288 2168 segniores
3315 2095 3463 2151 facit.

1878 2194 2056 2248 Canes
2083 2194 2230 2247 enim
2281 2202 2340 2247 et
2392 2204 2523 2247 aves
2553 2192 2835 2247 venatieas
2879 2205 3079 2257 magno
3128 2190 3312 2244 alebat
3362 2205 3469 2242 nu—

1881 2302 2079 2341 utero:
2122 2285 2328 2356 quibus
2381 2285 2457 2340 ita
2506 2295 2629 2340 erat
2685 2284 2927 2347 deditus.
2960 2292 3024 2339 ut
3075 2283 3120 2338 si
3168 2282 3294 2352 quis
3336 2290 3465 2336 eum

1880 2380 2033 2435 adire
2082 2379 2315 2449 cupiens
2363 2393 2555 2434 canem
2598 2388 2695 2434 aut
2734 2394 2893 2435 avem
2929 2379 3174 2445 oﬂ‘erret,
3206 2378 3467 2434 facillime

1882 2488 2108 2543 compos
2140 2472 2248 2526 voti
2285 2472 2631 2527 redderetur.
2664 2472 2795 2539 Qum
2829 2473 3014 2529 omnia
3044 2474 3467 2530 Cantacuzeuus

1886 2579 2008 2640 post
2038 2570 2159 2638 ejus
2190 2566 2401 2621 obitum
2456 2566 2522 2620 iis
2566 2567 2660 2636 qui
2701 2568 2963 2637 petebant
3008 2566 3315 2630 distribuit,
3342 2582 3464 2621 cum

1885 2665 2316 2735 magnitudinem
2359 2674 2680 2733 sumptuum
2718 2671 3001 2731 reputaret
3051 2670 3107 2715 et
3143 2676 3258 2715 rem
3291 2661 3467 2731 ipsam

1886 2757 2122 2825 imperio
2147 2772 2254 2810 non
2288 2756 2453 2809 modo
2480 2754 2751 2815 inutilem,
2772 2754 2866 2807 sed
2893 2754 3057 2808 etiam
3095 2754 3465 2823 perniciosam

1881 2852 2172 2923 judicaret.
2210 2848 2343 2903 Non
2389 2847 2706 2914 quindecim
2756 2860 3111 2899 nummorum
3147 2844 3313 2899 millia
3363 2844 3467 2897 ἰιιυ

1888 2944 2147 3014 peratorii
2197 2943 2310 2996 ﬁsci
2362 2952 2751 3011 procuratores
2790 2943 2933 2995 ultra
2984 2948 3226 2993 veterem
3260 2954 3467 2992 meret.-

1888 3040 1940 3091 in
1976 3052 2071 3090 eas
2100 3052 2189 3090 res
2224 3050 2462 3099 expensa
2499 3035 2834 3089 retulerunt.

1958 3128 2047 3183 γι.
2080 3127 2262 3197 Usque
2294 3126 2432 3179 adeo
2463 3135 2645 3179 autem
2683 3125 2794 3179 Deo
2818 3122 2996 3179 fretus
3029 3133 3149 3178 erat
3181 3133 3237 3178 et
3271 3122 3468 3178 ﬁducia

194 3224 465 3290 ἐκέκτητο
489 3221 694 3286 πίστιν,
726 3220 866 3273 ὥστε
896 3223 988 3274 καὶ
1018 3222 1331 3289 ἀφύλακτος
1362 3222 1518 3292 διῆγε
1544 3221 1604 3274 τὸ
1637 3222 1777 3274 πλεῖ⁴

1891 3222 2109 3291 plenus,
2144 3230 2205 3273 ut
2235 3220 2561 3289 plerumque
2592 3220 2711 3273 sine
2742 3216 2998 3273 custodia
3043 3228 3228 3288 ageret
3271 3228 3327 3270 et
3354 3220 3457 3270 situ

195 3332 321 3367 στον
356 3315 451 3368 καὶ
494 3314 673 3367 αὐτῶν
704 3314 835 3368 ἄνευ
868 3315 979 3367 τῶν
1026 3313 1325 3384 βασιλικῶν
1372 3316 1779 3385 πελεκυφόρων.

197 3408 466 3471 Πολλάκις
524 3407 581 3459 δὲ
626 3410 721 3460 καὶ
771 3407 865 3471 οὒς
910 3409 1025 3479 ᾔδει
1087 3412 1211 3462 κατ’
1253 3408 1421 3462 αὑτοῦ
1455 3409 1648 3462 δίκτυα
1695 3411 1787 3462 καὶ

194 3505 438 3573 ἀγχόνας
476 3502 793 3572 ἀρτύοντας.
816 3504 1153 3571 ὀμοστέγους
1181 3520 1241 3555 τε
1273 3505 1510 3556 ἐποιεῖτο
1542 3504 1634 3555 καὶ
1660 3502 1786 3554 τού-

193 3614 309 3658 τοις
344 3595 799 3665 συνδιαιτώμενος
832 3592 921 3666 ἧν.
954 3596 1147 3665 Ἔλεγε
1198 3598 1331 3665 γὰρ.
1375 3598 1450 3660 ὡς
1493 3597 1785 3667 ἀνθρώπου

196 3690 314 3757 ζωὴ
353 3692 417 3759 τῇ
466 3692 613 3758 χειρὶ
647 3687 743 3741 τοῦ
787 3688 925 3742 Θεοῦ
960 3691 1225 3752 συνοικεῖ,
1275 3690 1372 3743 καὶ
1403 3691 1535 3743 ὅταν
1575 3692 1787 3743 ἐκεῖθεν

197 3779 533 3848 συγχωρηθῇ
565 3777 632 3830 τὰ
671 3778 769 3848 τῆς
800 3777 1032 3843 λύσεως,
1066 3780 1187 3833 τότε
1222 3782 1315 3832 καὶ
1350 3782 1485 3853 πᾶσι
1519 3781 1786 3843 κινδύνοις

196 3874 408 3938 ἀνέῳγε
439 3872 602 3941 θύρα.

269 3964 346 4018 Ζ’.
372 3964 446 4016 Οὐ
479 3964 639 4033 μόνον
669 3964 748 4029 δὲ,
782 3962 917 4017 ἀλλὰ
964 3968 1060 4019 καὶ
1088 3965 1305 4028 φύσεώς
1349 3982 1432 4026 τις
1485 3965 1789 4035 ίδιοτροπία

201 4057 372 4123 συνῆν
413 4074 476 4125 γε
503 4057 676 4127 αὐτῷ,
711 4058 784 4127 μὴ
816 4057 1218 4126 φιλοτιμεῖσθαι
1272 4058 1502 4127 μηδαμῆ
1536 4074 1603 4109 πε
1615 4060 1669 4128 pl.
1698 4059 1789 4110 τὸν

200 4149 297 4203 τοῦ
328 4149 613 4219 βασιλικοῦ
670 4150 937 4219 μεγέθους
979 4150 1143 4217 ὄγκον
1170 4164 1183 4176 ·
1221 4152 1356 4205 ἀλλά
1402 4153 1788 4220 ταπεινότερον

201 4244 301 4297 καὶ
328 4242 508 4296 αὐτῶν
537 4258 599 4311 γε
627 4242 737 4294 τῶν
770 4243 1027 4312 ὑπηκόων
1054 4244 1282 4314 ὁρᾶσθαι
1312 4242 1596 4305 πολλάκις.
1626 4244 1791 4298 Τουτὶ

203 4338 248 4389 δ’
288 4337 349 4404 ἐξ
382 4336 501 4400 ἑνὸς
550 4336 660 4389 τῶν
692 4321 904 4389 πολλῶν
949 4338 1304 4407 παραστῆσαι
1336 4354 1420 4402 τις
1471 4338 1537 4391 ἂν
1566 4340 1623 4390 ὲν
1656 4337 1791 4409 βρα-

203 4432 310 4498 χεῖ.
342 4428 515 4497 Δῆλον
544 4428 653 4500 γάρ
699 4431 816 4481 ἐστι
846 4432 957 4493 τοῖς
991 4430 1215 4491 ἅπασιν,
1248 4431 1321 4493 ὡς
1358 4431 1415 4483 αἱ
1465 4430 1559 4483 τοῦ
1600 4431 1793 4483 ἐπιπέ-

202 4528 296 4576 δου
330 4522 444 4594 (52)
479 4525 542 4574 ὲκ
567 4522 863 4593 διαμέτρου
888 4522 1191 4592 ἀκρότητες
1221 4524 1330 4576 τῶν
1356 4523 1651 4591 βασιλικῶν
1676 4542 1795 4592 τρι-

1890 3313 2258 3382 imperatoriis
2313 3312 2692 3367 satellitibus:
2727 3311 2861 3382 quin
2916 3321 2973 3367 et
2999 3327 3143 3381 saepe
3188 3326 3285 3365 eos
3335 3326 3472 3380 quos

1888 3405 2026 3460 retia
2055 3413 2114 3459 et
2144 3405 2371 3473 laqueos
2402 3413 2595 3457 contra
2638 3419 2699 3458 se
2735 3406 3015 3459 instruere
3056 3404 3245 3467 sciret,
3275 3412 3477 3458 contu-

1888 3496 2143 3551 bernales
2201 3496 2304 3551 sibi
2368 3497 2578 3551 faceret
2636 3506 2801 3565 atque
2861 3498 3028 3551 etiam
3102 3497 3470 3552 convictores.

1890 3589 2114 3643 Dicebat
2152 3591 2324 3652 enim,
2364 3589 2530 3643 vitam
2578 3588 2820 3644 hominis
2868 3588 2925 3643 in
2982 3605 3148 3644 manu
3196 3590 3294 3646 Dei
3352 3606 3469 3645 esse

1889 3683 2144 3751 positam,
2175 3698 2203 3735 a
2265 3696 2376 3751 quo
2430 3680 2525 3735 ubi
2570 3682 2692 3752 ejus
2742 3681 3049 3738 destructio
3097 3687 3475 3755 permittatur.

1891 3783 2021 3828 tunc
2045 3773 2303 3828 omnibus
2330 3772 2593 3843 periculis
2627 3781 2817 3843 patere
2849 3774 3021 3831 fores.

1967 3957 2079 4013 VII.
2138 3959 2270 4015 Erat
2323 3971 2589 4030 pneterea
2654 3961 2950 4032 singularis
2997 3965 3249 4033 quaedam
3307 3966 3360 4021 in
3408 3980 3482 4021 eo

1893 4064 2107 4117 natura,
2139 4069 2209 4108 ne
2251 4069 2480 4121 usquam
2516 4054 2890 4124 imperatoriae
2916 4057 3221 4126 majestatis
3259 4061 3475 4126 magni-

1894 4146 2125 4200 ﬁcentia:
2156 4154 2211 4199 et
2237 4146 2585 4215 amplitudini
2614 4147 2865 4203 studeret
2891 4166 2905 4202 :
2928 4148 3026 4204 sed
3057 4165 3203 4220 saepe
3235 4151 3479 4207 subditis

1896 4238 2158 4293 humilius
2191 4254 2250 4293 se
2280 4250 2517 4307 gereret.
2552 4239 2724 4311 quue
2756 4257 2866 4295 uno
2898 4241 2967 4297 de
3002 4244 3192 4299 multis
3224 4247 3479 4315 exemplo

1897 4329 2140 4383 breviter
2198 4328 2466 4383 declarari
2529 4339 2729 4399 potest.
2796 4331 3000 4388 Notum
3052 4344 3138 4389 est
3194 4336 3478 4402 omnibus,

1896 4421 2056 4493 567
2089 4423 2569 4489 imperatoriorutn
2607 4424 2972 4481 tricliniorum
3003 4429 3303 4497 pavimenti
3333 4443 3481 4486 sum~

1899 4518 2115 4568 mitates
2144 4514 2333 4570 ambas
2367 4515 2511 4571 inter
2550 4531 2673 4573 sese
2713 4519 3002 4588 oppositas
3035 4523 3287 4577 eminere
3313 4539 3480 4593 supra

204 4617 407 4669 κλίνων
465 4616 777 4685 ἀμφότεραι
848 4616 1203 4684 ὑπέρκεινται
1264 4634 1366 4669 που
1432 4617 1525 4669 τοῦ
1590 4617 1777 4687 μεταξί

1870 4608 2247 4678 ιίηιειχῇεοῑυιη
2283 4610 2459 4663 solum
2506 4626 2680 4681 usque
2717 4612 2783 4665 ad
2827 4614 2991 4681 palmi
3044 4618 3324 4683 trientem,
3356 4620 3481 4675 illac

206 4708 470 4762 ἐπιπέδου
502 4709 629 4779 ἄχρι
656 4712 747 4762 καὶ
777 4714 834 4772 ἐς
866 4712 1051 4778 τρίτον
1098 4710 1399 4780 σπιθαμῆς,
1429 4715 1524 4766 καὶ
1555 4713 1789 4781 μάλιστα

204 4803 315 4869 ὅπη
349 4804 443 4852 καὶ
468 4801 494 4851 ὁ
525 4800 798 4869 βασιλικὸς
838 4800 1039 4870 ἕστηκε
1093 4799 1280 4871 θρόνος
1303 4818 1315 4833 ν
1352 4801 1421 4855 ἵν’
1449 4804 1582 4863 ἴσως
1617 4802 1716 4872 ἔχῃ
1741 4818 1791 4853 τι

200 4894 313 4945 κάν
343 4889 522 4960 τούτῳ
562 4891 723 4944 πλέον
772 4892 881 4943 τῶν
917 4892 1095 4946 ἄλλων
1130 4891 1159 4942 ὀ
1212 4891 1466 4961 βασιλεὺς
1504 4893 1791 4961 ἱστάμενος

206 4987 265 5037 ἓν
294 5002 355 5039 τε
386 4989 505 5046 ταῖς
534 4988 703 5055 ἱεραῖς
736 4985 1058 5055 ὑμνῳδίαις,
1102 4988 1193 5038 καὶ
1221 4987 1307 5038 ὅτε
1342 4986 1662 5053 διαλέγοιτο,
1701 4985 1794 5037 νῦν

214 5079 317 5146 μὲν
344 5080 455 5139 τοῖς
490 5080 774 5148 ὑπηκόοις,
804 5077 901 5130 νῦν
952 5079 1007 5131 δὲ
1035 5081 1150 5140 τοῖς
1180 5078 1239 5142 ἐξ
1275 5078 1443 5133 ὲθνῶν
1477 5079 1791 5146 πρέσὸεσιν.

221 5170 457 5235 Ἐξεῖναί
488 5188 549 5238 γε
588 5172 694 5241 μὴν
727 5171 814 5222 ἐπ’
842 5170 1057 5237 ἐκείνης
1084 5172 1179 5234 τῆς
1212 5174 1452 5236 στάσεως
1482 5170 1664 5223 οὐδενὶ
1688 5170 1797 5221 τῶν

208 5262 469 5315 ἁπάντων
498 5262 575 5330 τῷ
617 5262 829 5330 βασιλεί
858 5260 1234 5321 συνίστασθαι,
1260 5260 1399 5329 πλὴν
1428 5264 1528 5330 τῆς
1559 5262 1797 5328 συζύγου

209 5355 448 5408 καὶτῶν
489 5355 652 5408 υἱέων
697 5357 789 5408 καὶ
843 5353 1087 5422 ἀδελφῶν
1114 5371 1128 5385 ·
1173 5354 1478 5423 προσθείην
1506 5353 1551 5405 δ’
1595 5355 1661 5407 ἂν
1704 5354 1798 5406 καὶ

205 5449 320 5501 τῶν
360 5446 776 5516 πατραδέλφων.
820 5446 981 5499 Ἀλλὰ
1021 5445 1218 5499 τούτου
1258 5463 1321 5513 γε
1373 5446 1663 5516 ἱσταμένου
1701 5449 1795 5498 καὶ

204 5540 523 5613 ὁμιλοῦντος
572 5540 782 5592 ἐκεῖθεν
835 5535 917 5603 οἷς
975 5540 1144 5609 ἐχρῆν
1205 5537 1444 5609 ἀνῄεσαν
1494 5538 1589 5591 καὶ
1664 5556 1791 5589 συν-

1894 4702 2128 4756 tnaxime
2156 4703 2245 4756 ubi
2277 4703 2699 4772 imperatorium
2735 4708 2939 4762 solium
2967 4719 3052 4763 est
3074 4713 3438 4765 constitutum
3460 4756 3473 4766 .

1893 4793 2153 4847 nimirum
2194 4805 2252 4849 ut
2283 4806 2337 4849 et
2362 4797 2417 4850 in
2445 4813 2513 4851 eo
2551 4798 2855 4868 imperator
2878 4802 3084 4871 aliquid
3123 4820 3236 4873 pra:
3264 4807 3481 4860 caeteris

1893 4887 2152 4941 eximium
2208 4890 2427 4957 habeat,
2462 4893 2577 4947 sive
2622 4895 2676 4946 in
2724 4896 2898 4951 sacris
2946 4898 3261 4967 itytnnodiis
3305 4911 3475 4959 stans.

1895 4980 2011 5034 sive
2075 4997 2221 5036 nunc
2281 4982 2542 5050 subditis,
2598 5002 2748 5041 nunc
2806 4996 3127 5043 exterarum
3194 4993 3477 5046 ιιειιιοιιιηη

1897 5074 2090 5143 legatis
2122 5078 2466 5143 respondens
2495 5096 2509 5131 :
2538 5094 2641 5133 nec
2672 5080 2729 5134 in
2757 5081 2852 5135 illo
2882 5082 3005 5137 loco
3033 5085 3291 5151 cuiquam
3339 5103 3476 5146 meo

1902 5168 2087 5221 talium
2116 5170 2287 5223 licere
2326 5172 2401 5225 illi
2443 5184 2645 5239 astare,
2675 5184 3043 5244 praeterquam
3085 5193 3263 5231 uxor;
3296 5184 3480 5236 ξιιμ-ηις

1897 5271 1951 5315 et
2004 5261 2308 5329 fratribus;
2359 5267 2560 5334 quibus
2608 5276 2660 5320 et
2723 5270 2929 5337 patrui,
2977 5278 3036 5323 ut
3086 5286 3304 5340 optum.
3357 5282 3483 5325 auct

1899 5366 2147 5422 possunt.
2174 5357 2376 5411 Verum
2405 5360 2497 5412 illo
2542 5360 2614 5414 ibi
2663 5369 2841 5415 stante
2870 5371 2926 5416 et
2957 5377 3083 5416 cum
3113 5367 3305 5433 ίιυιιιυι
3346 5385 3481 5428 ιονι-

1898 5457 2019 5499 erat
2076 5448 2465 5517 colloquente,
2534 5467 2643 5505 non
2709 5454 2874 5508 modo
2928 5456 3110 5510 omnis
3179 5457 3469 5509 nobilium

1904 5540 2273 5597 adolescentia
2305 5547 2499 5601 eodem
2547 5546 2884 5602 ascendebat
2926 5558 2980 5604 ct
3009 5549 3088 5605 illi
3121 5550 3357 5611 astat-at,
3390 5567 3429 5599 si
3450 5552 3483 5597 ὀ

1559 5678 1900 5744 Variorum
1943 5696 2130 5747 noue.

291 5840 401 5905 (fil)
435 5836 802 5891 Catttucuzctt.
838 5838 934 5890 lib.
969 5857 1006 5901 t,
1042 5854 1163 5905 cap.
1196 5838 1245 5891 fi.
1292 5838 1527 5894 [λαιᾶς.

293 5913 400 5981 [3.2)
444 5910 573 5963 \"tdc
639 5909 809 5964 Class.
870 5910 1254 5967 πιει1.(ἐι‹ιίίι.
1306 5913 1357 5962 in
1393 5927 1445 5967 ν.
1494 5911 1793 5979 Πρόκυγις.
1844 5909 2075 5963 Dt'caxc.
