4242 6446
760 403 866 463 803
1047 397 1124 450 ῐΑ.
1165 412 1213 450 ιι.
1259 393 1400 449 6859
1445 411 1549 448 uva.
1589 391 1645 462 9]

1969 398 2384 458 NiCEPllOlil
2429 400 2813 460 GREGORE

3173 394 3285 460 Ῐιιιιι·
3354 413 3393 448 ι.
3435 412 3647 451 utier.
3674 396 3784 464 at]

3930 401 4037 464 σοι

758 531 810 568 ιιι
859 516 1205 582 provincias;
1252 530 1340 573 nc.
1387 526 1444 566 ut
1479 516 1698 580 opinor,
1731 525 1914 565 vetera
1950 515 2114 575 simul
2161 524 2218 566 et
2248 531 2326 566 τρο
2363 523 2410 575 Α

2453 535 2526 567 ναι
2569 517 2857 583 Ῥωμαίων
2893 516 3111 568 ἅπασαν
3142 515 3297 570 πόλιν
3344 521 3434 568 ναὶ
3486 520 3697 590 χώραν,
3757 521 3843 570 καὶ
3896 525 4040 570 αντα

760 605 942 658 centia
973 605 1151 672 gentis
1182 604 1381 656 delicta
1424 604 1695 671 impunita
1724 617 1932 658 essent.
1984 605 2174 674 quue
2206 621 2333 674 pcr-

761 699 990 750 missum
1009 707 1095 751 est
1113 696 1239 749 talia
1257 711 1352 764 per
1366 695 1545 748 sec-lus
1556 695 1824 763 obrepere
1843 696 2110 750 malorum
2132 699 2337 752 instru-

761 796 944 842 menta
980 797 1036 841 et
1083 801 1302 849 causas,
1349 786 1500 840 nullo
1531 786 1640 840 alio
1669 785 1795 856 jure
1822 803 1989 855 quam
2034 788 2339 842 ambitione

761 889 820 932 et
845 895 978 933 vana
1016 879 1209 945 gloria.
1247 876 1351 932 Sed
1403 892 1502 946 age
1547 875 1676 930 illuc
1708 875 2027 941 redeamus,
2065 878 2208 931 unde
2239 894 2339 931 no-

764 979 876 1024 stra
910 967 1133 1023 deﬂexit
1159 968 1358 1022 oratio.

838 1281 926 1336 Ill.
963 1282 1126 1345 Cum,
1159 1289 1219 1336 ut
1249 1281 1380 1347 dixi,
1407 1281 1824 1336 Cantacuzenus
1850 1281 2199 1353 intelligeret.
2234 1300 2343 1337 non

768 1376 1024 1430 desinere
1074 1374 1428 1445 Apocnucum
1471 1373 1627 1428 dolos
1656 1383 1709 1427 et
1740 1375 1971 1428 insidias
2003 1385 2218 1430 struere
2245 1376 2343 1430 ad-

770 1482 965 1520 versus
995 1479 1073 1529 se,
1112 1474 1168 1519 et
1200 1463 1632 1518 funestissimam
1681 1466 2119 1535 coniurationem
2155 1468 2207 1521 in
2254 1483 2345 1521 ca-

768 1566 870 1626 put
913 1571 1071 1610 suum
1100 1556 1390 1625 postpanlo
1420 1564 1744 1624 erupturam
1779 1557 2129 1626 praevideret,
2172 1561 2346 1629 impc-

770 1647 1024 1700 ratricem
1049 1656 1104 1699 et
1133 1646 1498 1714 patriarcham
1532 1649 1788 1716 privatim
1817 1651 2101 1717 convenit,
2126 1663 2182 1706 et
2206 1653 2348 1706 hanc

769 1739 914 1807 apud
951 1755 1046 1793 eos
1076 1739 1382 1792 orationem
1423 1740 1615 1794 habuit
1643 1760 1656 1797 :

844 1829 929 1885 IV.
971 1849 988 1880 ι
1034 1830 1395 1884 Profunorum
1424 1831 1880 1902 philosophorum
1910 1837 2346 1905 pratstautissimi

2440 609 2538 675 τῆς
2570 607 2664 659 τοῦ
2693 606 2830 660 Θ;οῦ
2863 608 3184 676 Ἐκκλησίας
3215 611 3548 680 συγχυθῆναι
3605 611 3675 663 τὰ
3716 615 4040 679 πράγματα.

2439 698 2508 750 δι’
2536 696 2742 751 ἔκτισιν
2774 691 2933 767 οἶμαι
2963 699 3337 768 παλαιοτέρων
3369 701 3484 769 ἅμα
3515 702 3604 753 καὶ
3635 703 3916 770 νεωτέρων
3941 716 3974 754 τ
4009 699 4043 753 ὖ

2439 792 2634 856 γένους
2681 789 3117 859 ἁμαρτημάτων.
3179 793 3289 844 Καὶ
3343 792 3432 845 διὰ
3459 791 3619 845 τοῦτο
3681 792 4041 862 συνεχωρήθη

2442 880 2669 935 τοιαῦτα
2715 882 3203 952 παρεισφθαρῆναι
3230 885 3426 946 κακίας
3458 885 3667 954 ϐργανα
3694 887 3786 938 καὶ
3814 886 4039 956 προφα-

2445 990 2581 1039 σεις,
2637 972 2778 1044 πλὴν
2838 975 3131 1046 φιλαρχίας
3178 978 3276 1031 καὶ
3336 977 3496 1048 δόξης
3571 979 3808 1046 ματαάς
3884 974 4045 1028 οὖῗέν

2446 1067 2678 1137 ἐχούσας
2708 1069 2769 1121 τὸ
2794 1067 3038 1137 εὔλογον.
3076 1069 3222 1125 Ἀλλ’
3251 1071 3308 1134 ἐς
3335 1071 3395 1124 τὸ
3434 1070 3702 1141 πρότερον
3770 1069 3915 1138 ίχνος
3948 1068 4043 1120 τοῦ

2445 1161 2606 1230 λόγου
2637 1163 2768 1233 φέρε
2797 1163 3233 1234 ἀνακάμψωμεν.
3773 1150 3780 1156 θ

2536 1252 2611 1309 Γ.
2636 1255 2889 1325 Συνορῶν
2915 1257 3045 1328 γὰρ,
3077 1257 3153 1321 ὡς
3203 1258 3438 1330 ἔφημεν.
3484 1259 3512 1312 ὁ
3565 1257 4046 1328 Καντακουζηνδς.

2449 1349 2532 1402 ὅτι
2557 1348 2910 1412 συσκευάζων
2937 1349 3093 1413 αὖθις
3123 1349 3468 1416 Ἀπόκαυκος
3499 1353 3558 1404 οὐ
3593 1351 3827 1404 παύεται
3855 1351 4048 1413 δόλους

2450 1441 2547 1496 καὶ
2577 1441 2766 1512 ἔνεδρα
2797 1442 2919 1496 κατ’
2948 1444 3134 1508 αὐτοῦ,
3160 1446 3251 1496 καὶ
3280 1444 3378 1497 οὐκ
3400 1446 3478 1507 εἰς
3512 1441 3731 1514 μακρὰν
3753 1444 4049 1514 ἡρεμήσας

2452 1533 2748 1606 ἐπιϐουλὴν
2766 1536 3099 1604 ἐκραγεῖσαν
3134 1538 3326 1607 ὄψεται
3357 1537 3521 1606 φόνου
3547 1537 3755 1606 μεστὴν
3783 1535 3926 1590 κατά
3946 1534 4049 1603 τῆς

2453 1623 2654 1678 ἐαυτοῦ
2705 1627 2970 1695 κεφαλῆς,
3022 1629 3126 1701 ἰδίᾳ
3158 1629 3496 1696 παραλαϐὼν
3535 1631 3652 1701 ἅμα
3681 1627 3914 1700 βασιλίδι
3953 1629 4050 1681 τὸν

2450 1723 2802 1794 πατριάρχην
2856 1725 3036 1778 τοιάδε
3091 1726 3224 1797 φησί
3256 1743 3272 1760 ο

2523 1817 2599 1872 Δ’.
2640 1836 2658 1868 ι
2696 1817 2817 1870 Τῶν
2847 1817 2952 1885 ἔξω
3003 1819 3182 1887 σοφῶν
3211 1819 3322 1891 (82)
3356 1821 3405 1874 oi
3441 1821 3793 1891 χαριέστεροι
3849 1821 4050 1874 τάναν-

774 1923 935 1994 592
973 1924 1248 1977 contraria
1276 1923 1468 1977 eodem
1525 1934 1772 1994 tempore
1801 1927 1982 1982 cidem
2018 1931 2095 1983 rei
2150 1943 2352 2001 negant
2385 1922 2425 1975 Β

2454 1909 2544 1961 τία
2588 1910 2730 1964 κατά
2755 1909 2846 1963 τὸν
2903 1912 3068 1966 αὑτὸν
3124 1914 3316 1983 χρόνον
3363 1916 3422 1966 ἐν
3450 1914 3530 1985 τῷ
3594 1914 4048 2005 αὖτῷιγενέσθαι

777 2017 955 2069 inesse
989 2031 1166 2084 posse.
1197 2015 1354 2081 Quod
1388 2032 1511 2070 cum
1545 2017 1617 2071 ita
1653 2017 1746 2085 sit,
1773 2034 1879 2073 non
1912 2021 2073 2076 video
2101 2040 2349 2093 quantum

775 2127 804 2162 ιι
840 2125 923 2162 me
956 2112 1127 2178 possit
1157 2109 1410 2163 machina
1455 2109 1730 2176 adhiberi,
1779 2129 1885 2183 qua
1922 2115 2138 2170 duabus
2189 2119 2353 2171 rebus

775 2205 952 2271 iisque
986 2203 1217 2256 maxime
1249 2204 1544 2258 contrariis
1569 2204 1744 2259 divisa
1778 2207 2096 2263 ωυιίεδὶιιιο
2143 2213 2350 2279 possint

773 2294 1000 2362 exsequi
1034 2310 1097 2348 ea
1131 2311 1253 2363 qure
1283 2294 1530 2350 decrevi.
1579 2297 1713 2352 Nam
1754 2307 1810 2352 et
1848 2300 1944 2353 toti
1995 2301 2226 2371 publicae
2276 2306 2351 2357 rei

777 2403 945 2440 ιιιιιιηι
1005 2403 1091 2441 me
1145 2389 1478 2456 prospicere,
1529 2397 1586 2444 et
1636 2390 1704 2443 de
1757 2392 2036 2457 omnibus,
2082 2396 2174 2464 qui
2228 2398 2356 2452 huic

778 2480 1012 2550 imperio
1041 2481 1275 2550 subjecti
1316 2491 1464 2544 sunt,
1499 2485 1792 2539 sollicitum
1824 2502 1966 2553 esse,
1989 2504 2054 2544 ne
2095 2490 2227 2558 quid
2260 2493 2354 2545 de-

779 2575 1026 2628 trimenti
1062 2584 1270 2630 temere
1313 2577 1381 2629 ah
1413 2577 1664 2634 hostibus
1699 2580 1992 2650 accipiant,
2035 2583 2090 2637 id
2133 2587 2353 2654 quidem

775 2683 969 2722 omnes
999 2669 1164 2721 trahit
1202 2668 1267 2722 ad
1321 2683 1378 2722 se
1413 2671 1581 2724 animi
1621 2687 1844 2733 nervos,
1893 2689 2085 2728 omnes
2121 2677 2298 2728 νίιεάὶο
2339 2688 2358 2731 t

776 2763 1136 2829 C(DgiliiliOIICS
1177 2773 1234 2815 et
1260 2779 1444 2816 curas.
1493 2766 1561 2817 At
1593 2781 1689 2819 eos
1723 2766 1872 2834 ipsos
1899 2769 2022 2822 vita:
2055 2785 2188 2823 mea:
2226 2771 2358 2824 insi-

779 2853 937 2912 diari,
971 2853 1172 2920 quibus
1218 2853 1470 2916 consulo,
1526 2855 1579 2908 id
1624 2871 1755 2910 vero
1806 2859 2192 2924 gravissimum
2232 2877 2356 2915 cum

780 2944 873 3008 sit,
924 2945 1069 3013 cogit
1104 2959 1188 2998 me
1221 2945 1369 2998 omni
1407 2946 1510 3000 alia
1544 2961 1675 3000 cura
1750 2949 1957 3019 alijecta
2019 2953 2112 3006 uni
2169 2956 2356 3022 provi-

781 3035 912 3088 dere
961 3035 1121 3088 saluti
1163 3050 1316 3100 meae,
1369 3045 1426 3089 et
1479 3051 1705 3107 quoquo
1763 3040 1927 3094 modo
1975 3057 2169 3108 parare
2224 3046 2356 3098 milii

781 3128 1154 3180 securitatem.
1208 3127 1335 3198 Ejus
1371 3139 1552 3182 autem
1598 3130 1673 3182 rei
1698 3132 2139 3187 emendationem
2173 3137 2360 3189 autho-

784 3220 888 3272 bus
930 3219 1084 3272 vobis
1138 3221 1460 3273 incumbere
1506 3222 1819 3290 oportebat,
1869 3224 1916 3278 si
1967 3241 2090 3294 qure
2139 3241 2354 3295 mquum
2383 3257 2427 3318 Ο

781 3324 900 3364 crat
930 3326 992 3366 ea
1027 3311 1210 3365 facere
1245 3312 1588 3377 voluissetis;
1633 3315 1812 3379 vobis,
1854 3316 2099 3384 inquam,
2132 3319 2197 3371 ad
2223 3335 2359 3387 quos

781 3419 846 3457 ea
889 3403 1071 3457 omnis
1107 3419 1240 3458 cura
1292 3414 1523 3473 spectat,
1557 3421 1792 3475 quorum
1824 3421 1986 3461 omne
2027 3410 2270 3463 studium
2307 3414 2358 3465 in

784 3509 851 3545 co
874 3495 999 3563 poni
1019 3496 1198 3556 debet,
1231 3504 1285 3548 ut
1304 3497 1602 3552 advertatis
1621 3513 1685 3551 ac
1703 3498 2010 3566 prmcidatis
2032 3501 2288 3570 quidquid
2310 3505 2360 3555 iu

791 3586 1092 3654 imperium
1138 3588 1302 3641 simul
1333 3597 1390 3642 et
1419 3588 1716 3643 Fcclesiam
1750 3592 2083 3645 succreverit
2109 3594 2369 3660 germinis

786 3679 936 3741 mali,
969 3695 1078 3748 quo
1109 3681 1162 3732 in
1196 3681 1315 3734 dies
1341 3690 1668 3749 augescente
1695 3683 1974 3751 corrumpi
2007 3685 2178 3752 possit
2203 3695 2364 3754 atque

785 3771 1013 3824 omnino
1037 3772 1210 3826 deleri
1251 3773 1539 3842 utriusque
1570 3775 1860 3842 porestutis
1910 3777 2099 3830 robur.
2149 3780 2215 3830 At
2249 3794 2364 3844 vos,

784 3880 910 3918 cum
969 3864 1240 3933 improbis
1302 3864 1620 3918 hominibus
1671 3867 1810 3933 clam
1861 3877 1915 3922 et
1972 3859 2168 3923 crebro
2199 3870 2365 3924 collo-

782 3966 1039 4025 quentes,
1098 3971 1408 4025 eorumque
1453 3957 1662 4012 insanis
1716 3958 1924 4014 inducti
1985 3961 2363 4025 suasionibus,

785 4051 854 4102 iis
881 4050 1024 4103 ultro
1058 4049 1460 4112 assimilamini,
1500 4049 1593 4118 qui
1631 4045 1853 4104 sinistra
1905 4068 2068 4106 manu
2112 4053 2356 4109 dextram

785 4151 1074 4209 amputare
1096 4140 1371 4194 studeant.
1404 4139 1519 4194 Jam
1557 4155 1706 4203 vero,
1738 4141 1782 4196 si
1811 4143 2046 4196 animum
2103 4146 2233 4198 mihi
2269 4147 2362 4201 uni

783 4233 1001 4303 eripere
1033 4234 1234 4285 vellent
1271 4232 1620 4286 insidiatores
1655 4234 1786 4299 mei,
1831 4249 1935 4288 nec
1985 4251 2178 4290 eorum
2217 4238 2366 4292 inso-

781 4329 1117 4382 Ientissimus
1155 4327 1367 4396 gladius
1412 4342 1509 4395 per
1553 4328 1757 4381 aruicos
1785 4344 1997 4393 omnes,
2018 4347 2116 4400 per
2145 4347 2361 4388 omnem

779 4419 1006 4484 stirpem
1038 4427 1185 4470 esset
1218 4431 1574 4486 pervasurus,
1620 4419 1896 4487 quiessem
1951 4435 2052 4489 ego
2107 4421 2362 4489 fortasse,

779 4510 1010 4561 fortasse
1046 4507 1212 4561 etiam
1259 4523 1366 4560 non
1412 4511 1710 4576 quiessem.
1737 4507 1894 4580 593
1929 4509 2058 4564 Mihi
2088 4513 2232 4567 enim
2265 4533 2364 4570 nec

2455 2005 2802 2076 ὑποκειμένῳ
2833 2006 2940 2058 τῶν
2967 2007 3268 2078 ἀμηχάνων
3293 2004 3435 2064 εἶναι
3466 2025 3623 2080 φασι.
3653 2004 3858 2063 Τούτου
3892 2008 3942 2062 δ’
3957 2009 4051 2062 οῦ-

2456 2115 2560 2160 τως
2591 2097 2831 2167 ἔχοντος,
2866 2099 2966 2171 οὐχ
3002 2101 3114 2170 ὁρῶ
3153 2103 3236 2166 τίς
3267 2101 3333 2156 ἂν
3361 2103 3489 2172 ἐμοὶ
3511 2104 3721 2171 γένοιτο
3745 2105 3989 2175 μηχανὴ,
4015 2106 4050 2175 ἢ

2459 2189 2794 2260 μεριζομὲνη
2821 2193 2956 2261 πρὸς
2990 2192 3085 2246 δύο
3117 2193 3531 2249 τάναντιώτατα
3558 2196 3853 2264 παρέχοιτο
3913 2196 4051 2266 δρᾷν

2456 2280 2713 2348 ἀσφαλῶς
2750 2282 2785 2336 ἃ.
2825 2286 3307 2356 προκεχείρισμαι.
3339 2289 3414 2342 Τὸ
3444 2290 3546 2357 μὲν
3575 2293 3683 2362 γὰρ
3707 2293 3817 2346 τῶν
3848 2293 4050 2345 κοινῶν

2459 2375 3163 2448 προνοεῖσθαι-πραγμάτων
3193 2382 3450 2436 ἁπάντων
3480 2384 3578 2438 ἕνα
3607 2402 3675 2454 με
3702 2385 3835 2438 ὄντα
3857 2387 4049 2445 αὑτὸν,

2459 2467 2554 2515 καὶ
2596 2468 2810 2520 πάντων
2836 2471 3216 2540 ἐπιμελεῖσθαι
3240 2474 3351 2527 τῶν
3400 2475 3742 2530 ὑπεικόντων
3771 2482 3838 2548 τῇ
3893 2479 4024 2548 βασι

2458 2555 2578 2627 λείᾳ
2600 2559 2907 2627 ἀνθρώπων
2951 2565 3025 2632 μὴ
3058 2565 3259 2635 ῥᾳδίως
3295 2569 3400 2622 ὑπὸ
3430 2569 3539 2622 τῶν
3595 2571 3871 2641 πολεμίων
3921 2575 4052 2642 βλᾶ-

2459 2651 2714 2718 πτεσθαι,
2741 2656 2924 2708 πᾶσαν
2944 2657 3094 2710 ἕλκει
3123 2663 3256 2730 πρὸς
3283 2664 3440 2716 ἑαυτὸ
3459 2666 3722 2729 διάνοιαν,
3743 2671 3839 2722 καὶ
3865 2671 4051 2722 πᾶσαν

2461 2741 2736 2814 λογισμῶν
2765 2748 3060 2804 ὑποτάττει
3099 2755 3376 2820 φροντίδα·
3425 2757 3487 2809 τὸ
3513 2759 3557 2811 δ’
3577 2761 3762 2821 αὐτοῖς
3790 2761 4049 2824 ἐκείνοις,

2459 2835 2537 2890 ὧν
2577 2842 2975 2911 προνενόημαι,
3031 2846 3340 2910 ἐπιϐούλοις
3395 2851 3701 2919 κεχρῆσθαι
3747 2852 3892 2906 κατὰ
3951 2855 4051 2924 τῆς

2463 2935 2703 3003 ἐμαυτοῦ
2735 2937 2904 3006 ζωῆς,
2960 2939 3119 2994 τοῦτο
3150 2940 3206 2992 δὲ
3255 2942 3613 3011 παγχάλεπον
3643 2943 3704 2996 ὃν
3750 2946 4052 3013 ἀναγκὲζει

2465 3028 2685 3080 πάντων
2713 3029 3032 3085 ἀποστάντα
3075 3051 3144 3102 με
3175 3035 3284 3087 τῶν
3307 3035 3485 3090 ἄλλων
3513 3040 3810 3106 φροντίδων
3876 3042 4052 3110 μόνης

2461 3120 2559 3187 τῆς
2613 3123 2852 3190 ἐμαυτοῦ
2903 3124 3050 3193 ζωῆς
3103 3129 3470 3194 προνοεῖσθαι,
3540 3134 3635 3185 καὶ
3692 3134 3792 3201 τὴν
3837 3135 4050 3185 οἰκείαν

2463 3213 2761 3280 ἀσφάλειαν
2787 3217 3053 3280 ἐκπαντὸς
3082 3221 3571 3290 πραγματεύεσθαι
3589 3226 3816 3290 τρόπον.
3846 3227 4050 3280 Τοζτον

2464 3305 2521 3358 δὲ
2555 3308 2655 3377 τὴν
2682 3307 2970 3378 διόρθωσιν
2997 3312 3202 3380 ἀμφοῖν
3233 3313 3359 3382 ὑμῖν
3387 3317 3732 3385 ἀνηρτῆσθαι
3775 3319 3972 3390 ἐχρῆν,
4003 3323 4050 3372 εἰ

2463 3399 2531 3448 τὰ
2553 3397 2737 3450 δίκαια
2774 3398 3038 3468 πράττειν
3061 3402 3372 3468 ἐϐούλεσθε,
3403 3399 3485 3466 οἷς
3510 3409 3669 3477 χρέος
3720 3410 3870 3462 ἆπαν
3917 3414 4052 3481 ἀνῇ-

2464 3504 2598 3542 πται
2622 3490 2756 3542 πᾶσι
2786 3491 3009 3561 τρόποις
3054 3495 3374 3564 ἐπείγεσθαι
3418 3498 3748 3568 ἀποτρέπειν
3779 3503 3872 3554 καὶ
3916 3507 4056 3555 ἁπο-

2468 3583 2714 3650 κὸπτειν,
2747 3585 2853 3637 εἴτι
2885 3603 2989 3637 που
3013 3588 3150 3640 κατὰ
3195 3605 3254 3639 τε
3285 3589 3392 3641 τῶν
3441 3589 3541 3660 τῆς
3582 3591 3864 3661 βασιλείας
3912 3596 4052 3659 ἐμοῦ

2465 3676 2694 3744 καὶτῆς
2749 3676 3081 3748 Ἐκκλησίας
3140 3680 3438 3747 ὑποφύοιτο
3496 3685 3694 3746 κακίας
3731 3686 4052 3758 βλάστημα,

2465 3767 2494 3819 ὃ
2529 3767 2854 3837 λυμανεῖται
2890 3771 3184 3839 προϐαῖνον
3218 3775 3298 3836 εἰς
3327 3773 3556 3845 αὔξησιν
3610 3781 3705 3830 καὶ
3753 3781 3902 3833 ἅπαν
3953 3785 4055 3852 ἀρ-

2468 3857 2566 3926 δην
2594 3861 2818 3927 ἁφανιεῖ
2845 3861 2905 3912 τὸ
2936 3861 3137 3930 κράτος
3168 3865 3396 3933 ἀμφοῖν.
3437 3865 3627 3934 Ὑμεῖς
3659 3868 3715 3920 δὲ
3749 3870 4056 3942 μοχθηροῖς

2466 3949 2691 4018 ἀνδράσι
2729 3947 2902 4018 λάθρα
2935 3951 3031 4002 καὶ
3061 3953 3231 4020 συχνᾶ
3275 3952 3766 4024 κοινολογούμενοι,
3811 3961 3905 4009 καὶ
3940 3961 4056 4017 τοῖς

2465 4040 2645 4093 αὐτῶν
2701 4041 3038 4112 παραλόγοις
3088 4043 3347 4114 ἑπόμενοι
3421 4045 3623 4112 λόγοις,
3691 4050 4056 4120 τῇάριστερᾷ

2467 4133 2610 4202 χειρὶ
2633 4133 2733 4203 τὴν
2770 4133 2952 4200 δεξιὰν
3011 4135 3349 4189 ἀποκόπτειν
3389 4139 3770 4207 ἐπειγομένοις
3831 4143 4054 4205 ἐκῆλτξς

2471 4225 2713 4279 ἐοίκατε.
2751 4225 2986 4278 Ἔπειτα
3034 4229 3079 4279 εί
3124 4228 3223 4296 μὲν
3280 4228 3415 4296 ἐμοῦ
3474 4229 3573 4299 τὴν
3603 4231 3782 4301 ψυχὴν
3831 4234 4055 4302 ἐξάγειν

2466 4313 2564 4367 τοῦ
2611 4315 2862 4384 σώματος
2899 4317 3010 4379 τοῖς
3057 4316 3364 4382 ἐπιϐούλοις
3430 4315 3497 4390 ἦν
3551 4323 3684 4389 πρὸς
3737 4323 4056 4393 βουλήσεως

2475 4409 2660 4476 μόνου,
2682 4409 2776 4461 καὶ
2802 4407 2876 4479 μὴ
2900 4411 3038 4461 κατά
3067 4412 3266 4472 παντὸς
3289 4412 3508 4480 ἐχώρει,
3535 4415 3646 4468 τῶν
3665 4433 3722 4468 τε
3753 4417 3926 4483 φίλων
3962 4420 4058 4471 καὶ

2473 4501 2582 4553 τῶν
2610 4501 2868 4566 ἐκγόνων,
2896 4501 3070 4570 τὸτῆς
3096 4503 3246 4571 σφῶν
3278 4506 3550 4569 ἀναιδείας
3582 4508 3756 4576 ξίφος,
3779 4509 3914 4574 ἴσως
3957 4515 4057 4578 πίεν

777 4599 921 4654 istuc
950 4599 1169 4652 videtur
1213 4597 1440 4650 omnino
1499 4599 1851 4666 permissum,
1889 4610 1948 4653 ut
1975 4600 2214 4654 animam
2256 4619 2356 4655 no-
2390 4605 2427 4660 D

2465 4597 2665 4663 ἐσίγων
2687 4595 2754 4647 ἂν
2777 4594 2904 4657 ἴσως
2923 4595 2968 4648 δ’
2989 4595 3072 4648 οῦ.
3101 4598 3174 4648 Οὐ
3198 4596 3306 4666 γὰρ
3327 4597 3468 4649 πάνυ
3501 4616 3591 4666 μοι
3614 4599 3867 4666 φαίνεται
3898 4609 4060 4670 (θεμι-

775 4703 968 4755 stram,
1023 4689 1180 4758 cujus
1214 4699 1303 4742 est
1348 4688 1608 4742 dominus
1655 4689 1816 4753 alter,
1870 4691 2185 4759 depositarii
2220 4711 2354 4749 vero

777 4798 877 4836 nos
924 4795 1135 4836 sumus.
1171 4780 1466 4844 prodamus
1502 4782 1649 4833 ultro
1699 4789 1756 4834 et
1808 4785 2150 4845 deseramus,
2201 4800 2356 4843 ante-

774 4889 940 4943 quam
966 4871 1287 4925 liberaverit
1325 4872 1390 4934 is,
1425 4871 1519 4940 qui
1564 4871 1824 4928 dominus
1852 4885 1960 4928 est.
2003 4875 2099 4930 Sin
2138 4879 2241 4952 hoc
2294 4881 2355 4935 li-

773 4975 883 5028 cet,
919 4965 1148 5031 prodeat
1181 4962 1380 5030 aliquis
1403 4962 1713 5031 doceatque
1741 4980 1848 5023 me,
1879 4980 1979 5018 cur
2029 4965 2156 5019 olim
2200 4953 2350 5035 judi-

772 5069 867 5108 ecs
901 5053 1295 5120 sapientissimi
1335 5053 1612 5107 voluerint
1641 5070 1736 5108 eos
1775 5057 1966 5125 projici
2025 5058 2351 5128 insepultos,

771 5146 864 5215 qui
896 5161 1049 5199 suam
1079 5147 1132 5198 in
1164 5161 1222 5198 se
1249 5146 1400 5214 ipsos
1425 5145 1670 5198 dextram
1701 5153 2086 5202 armavisscnt.
2115 5150 2352 5206 Perinde

772 5239 919 5291 enim
972 5236 1108 5289 illud
1154 5236 1374 5289 videtur
1419 5251 1541 5288 esse
1582 5238 2013 5305 quodammodo,
2045 5256 2109 5293 ac
2142 5244 2187 5295 si
2226 5246 2352 5310 quis

774 5329 1065 5398 peregrino
1095 5330 1214 5380 solo
1253 5344 1512 5396 egreSsus
1561 5331 1802 5382 alienum
1839 5332 2178 5400 mancipium
2227 5338 2349 5386 vin-

771 5421 912 5474 culis
954 5421 1232 5483 eduxerit,
1262 5432 1318 5473 et
1351 5421 1637 5490 fugitivum
1691 5422 1845 5475 abite
1892 5423 2138 5492 jusserit.
2194 5427 2349 5492 Quod

771 5514 815 5567 si
839 5513 908 5567 ad
945 5529 1137 5566 omnes
1168 5515 1371 5582 pariter
1403 5515 1684 5582 pertinent
1717 5525 1772 5568 et
1800 5517 2011 5569 insidiae
2039 5519 2343 5573 scelerato-

772 5622 896 5660 rum
951 5606 1260 5668 hominum,
1291 5617 1345 5660 et
1383 5606 1683 5673 periculum
1726 5624 1931 5674 meum,
1966 5609 2192 5665 insania:
2235 5615 2346 5666 eri-

2454 4693 2546 4744 τδν
2565 4690 2686 4744 οῦδέ
2711 4692 2889 4754 τοῦτο,
2917 4691 3222 4760 προδιδόναι
3245 4693 3341 4762 τήν
3367 4691 3558 4745 ἑαυτοῦ
3601 4711 3684 4755 τις
3716 4694 3858 4746 ἐκὼν
3877 4711 3941 4762 γε
3982 4693 4060 4748 εἴ-

2459 4801 2549 4838 ναι
2571 4782 2945 4855 ψυχὴν,ἄλλου
2979 4783 3166 4852 κτῆμα
3197 4784 3292 4835 καὶ
3322 4785 3789 4856 παρακαταθήκην
3807 4784 3898 4855 [Ρ.
3928 4787 4059 4858 563]

2459 4872 2624 4929 οὖσαν
2665 4879 2797 4944 πρὶν
2847 4874 2983 4944 πρὸς
3023 4873 3116 4928 τοῦ
3161 4874 3422 4928 δεσπότου
3452 4875 3707 4937 γενέσθαι
3751 4877 3852 4947 τὴν
3878 4878 4059 4933 λύσιν.

2461 4969 2523 5021 Ei
2548 4967 2592 5021 δ’
2624 4967 2738 5031 οῦν,
2770 4969 3040 5038 φρασάτω
3069 4983 3154 5030 τις
3191 4969 3314 5036 ἐμοὶ
3358 4967 3670 5038 παρελθὼν,
3724 4969 3853 5021 ὅτου
3887 4973 4057 5040 χάριν

2461 5063 2705 5130 ἀτάφους
2733 5061 2844 5116 τῶν
2873 5061 3044 5113 πάλαι
3077 5060 3355 5113 δικαστῶν
3384 5062 3433 5113 οἱ
3474 5063 3776 5131 σοφώτεροι
3831 5065 4055 5132 ῥιπτεῖ.

2457 5154 2580 5206 σθαι
2636 5153 3126 5223 κατεψηφίσαντο,
3187 5147 3262 5206 ὧν
3318 5157 3377 5208 αἱ
3429 5157 3612 5226 χεῖρες
3663 5156 3798 5228 καθ’
3838 5152 4058 5209 ἑαυτῶν

2451 5244 2902 5316 ἐστρατεύσαντο.
2935 5244 3164 5314 Ὅμοιον
3190 5247 3298 5314 γὰρ
3314 5240 3452 5298 εἷναί
3478 5263 3594 5309 πως
3621 5247 3771 5299 δοκεῖ
3791 5247 3854 5299 τδ
3881 5247 4062 5299 τοιοῦο

2449 5354 2565 5398 τον,
2597 5337 2784 5404 ῶσπερ
2817 5337 2883 5390 ἂν
2923 5337 2974 5389 εί
3001 5354 3084 5399 τις
3130 5336 3189 5401 ἐξ
3243 5337 3550 5406 ἀλλοδαπῆς
3609 5338 3705 5389 ἰὼν
3757 5339 3925 5391 ἄλλου
3968 5339 4065 5390 δε·

2456 5429 2683 5500 σμώτην
2711 5431 2991 5501 δραπέτην
3049 5432 3368 5499 ἐργάσαιτο.
3403 5431 3466 5484 Et
3511 5431 3568 5484 δὲ
3607 5432 3742 5500 πρὸς
3796 5431 4061 5494 ἅπαντας

2451 5525 2620 5594 ἄρδην
2643 5525 2843 5593 ὁμοίως
2869 5524 3138 5578 διαϐαίνοι
3188 5525 3260 5577 τά
3305 5541 3366 5577 τε
3429 5524 3531 5596 τῆς
3587 5524 3886 5594 ἐπιϐουλῆς
3941 5527 4061 5578 τῶν

2457 5615 2749 5685 μοχθηρῶν
2778 5614 2992 5668 καὶτοῦ
3041 5632 3103 5684 γε
3139 5615 3391 5669 κινδύνου
3445 5614 3678 5684 τούμοῦ,
3724 5617 3926 5688 μανίας
3956 5617 4062 5671 οὐκ

2126 5754 2459 5817 \‘arioruni
2498 5766 2683 5818 noun.

849 5869 960 5938 (82)
1000 5866 1294 5925 Fantacuz.
1342 5873 1434 5924 lib.
1475 5889 1550 5938 ιιι,
1585 5889 1708 5943 cap.
1748 5875 1798 5928 Β.
1832 5876 2070 5930 ιιυοιλο.
