4242 6446
270 404 379 471 813
663 402 735 473 ιι.
772 420 821 457 c.
866 404 1019 474 1341]

1290 407 1728 468 ΒΥΖΛΝΤΝέΕ
1770 408 2147 466 ιιιςτυιιιλί
2190 408 2331 467 Llll.
2381 408 2505 467 XII.

2685 420 2786 457 utr.
2826 421 2867 457 ι.
2910 419 3145 460 causam"
3190 404 3242 476 l]

3415 411 3520 475 814

274 518 477 589 ἱερεῦσι
510 522 853 590 προσήκοντα
882 522 1177 592 ὀμώμοκεν
1206 524 1371 591 ὁρκον
1394 522 1556 589 (90),ε
1583 522 1714 574 ἀλλὰ
1760 539 1816 573 κο

1886 528 1927 580 Λ
1964 522 2119 587 dum,
2151 522 2244 576 sed
2272 531 2327 577 et
2358 521 2514 585 illud,
2539 521 2682 591 quod
2737 524 2892 577 laicis
2918 525 3143 578 solenne
3174 533 3278 586 est,
3319 527 3522 593 juravit

276 610 337 672 δς
365 611 643 679 δημοσίοις
674 612 927 683 ἀνδράσιν
985 613 1239 668 εῖθισταιο
1293 615 1386 678 καὶ
1431 614 1567 684 ἀρὰς
1604 616 1696 666 ἐπὶ
1728 613 1852 664 τού-

268 718 385 764 τοις
453 704 735 774 ¹ττροῖιτεινε
801 706 1143 760 καθ’ἐαυτοῦ
1197 708 1299 769 τὰς
1372 706 1636 777 μεγίστας
1710 704 1845 773 ὁμοῦ

270 792 369 844 καὶ
396 792 712 862 φρικώδεις,
741 796 790 847 εί
818 796 1147 864 ψευδόμενος
1178 796 1313 859 ὅλως
1351 797 1447 848 ἐπὶ
1473 798 1582 859 τοῖς
1621 795 1852 863 λεγομέ-

273 899 386 945 νοις
422 885 604 956 ἁλοίη.

320 977 417 1029 'I".
452 975 574 1029 Τῶν
600 977 663 1047 δὴ
707 979 963 1034 τοιούτων
989 981 1083 1035 ἐπὶ
1112 982 1331 1054 τοιαύτῃ
1365 982 1694 1035 καταστάσει
1720 998 1849 1034 συνο

266 1068 614 1137 ενεχθέντων,
642 1071 742 1140 τὴν
770 1072 1031 1143 ταχίστην
1087 1073 1245 1132 αὖθις
1291 1074 1434 1144 ἐξῄει
1475 1074 1588 1141 (9|)
1619 1075 1711 1127 τοῦ
1752 1072 1849 1128 ἀσ-

266 1176 390 1222 τεος
420 1162 447 1211 ὁ
474 1161 949 1230 Καντακουξηνὺς,
985 1167 1083 1218 σὺν
1113 1165 1281 1236 πολλῇ
1311 1167 1419 1219 τῶν
1470 1166 1685 1220 οἴκοθεν
1714 1184 1850 1237 χρη-

270 1253 459 1321 μάτων
504 1258 826 1327 παρασκευῇ
855 1258 945 1311 καὶ
984 1258 1085 1312 ὅσα
1110 1259 1247 1328 πρὸς
1294 1260 1503 1330 δωρεὰς
1530 1260 1849 1330 φιλοτίμους

264 1344 378 1396 τῶν
406 1346 688 1415 προσιέναι
722 1349 1024 1417 μελλόντων
1081 1353 1229 1420 αὑτῴ
1271 1353 1629 1406 παντοδαπῶν
1676 1355 1848 1407 ἐθνῶν

264 1434 404 1503 ὁμοῦ
433 1437 528 1489 καὶ
583 1432 937 1509 πρεσϐευτῶν
971 1441 1056 1513 [Ρ.
1091 1443 1216 1515 ⁷475]
1245 1447 1337 1497 καὶ
1396 1446 1603 1498 πολεων
1675 1465 1846 1516 παρε-

267 1528 536 1583 σκεύαστο
562 1546 577 1561 ⁸
614 1530 820 1584 ἔπιπλά
886 1551 1027 1604 φημι
1058 1536 1151 1587 καὶ
1193 1538 1411 1606 χλαίνας
1473 1538 1736 1601 Ἰταλικάς
1788 1540 1849 1604 ἐξ

264 1618 438 1688 ἐρίου,
478 1622 567 1674 καὶ
600 1623 699 1675 ὃσα
756 1624 918 1695 ἕτερα
959 1630 1169 1698 μακρὸν
1222 1629 1283 1682 τὸ
1338 1631 1619 1698 φιλότιμον
1668 1632 1846 1701 έχουσι

265 1711 374 1763 τῶν
434 1713 692 1781 χαρίτων.

336 1800 414 1856 Δ¹.
473 1805 599 1871 Ογε
638 1804 744 1876 μὴν
784 1807 1124 1873 Ἀπόκαυκος
1166 1813 1222 1874 ἐς
1247 1811 1306 1864 τὸ
1361 1812 1621 1883 φρούριον
1679 1813 1845 1867 αὑτοῦ

1956 628 2123 682 seque
2175 614 2649 669 exsecrationibus
2682 615 2735 668 in
2784 616 2835 670 id
2887 616 3136 670 maximis
3177 627 3341 686 atque
3391 619 3521 672 hor-

1956 707 2142 760 rendis
2176 706 2425 772 devovit,
2478 707 2523 763 si
2565 708 2842 762 ullatenus
2877 708 3109 763 mendax
3169 709 3223 763 in
3281 710 3349 766 iis
3398 727 3520 779 qua:

1953 798 2185 851 dixisset
2218 808 2571 868 argueretur.

2024 982 2113 1038 ΙΙΙ.
2154 982 2250 1038 llis
2298 983 2373 1037 ita
2420 982 2774 1047 constitutis,
2827 983 3023 1037 iterum
3061 985 3195 1038 urbe
3232 1001 3395 1053 quam
3426 1000 3515 1038 ce-

1952 1074 2177 1128 lerrime
2207 1089 2465 1145 egressus
2491 1084 2582 1130 est
2612 1072 3048 1138 Cantacuzenus,
3078 1092 3269 1144 magna
3310 1078 3516 1129 instru-

1951 1176 2069 1220 ctus
2099 1165 2414 1221 domestica),
2442 1167 2692 1235 pecunia:
2724 1167 2796 1229 vi,
2824 1183 3126 1237 earumque
3161 1184 3362 1231 rerum,
3398 1185 3517 1237 quae

1951 1264 2280 1323 comparatae
2300 1265 2485 1309 essent
2504 1256 2572 1310 ad
2594 1257 2965 1311 conciliandos
2985 1260 3304 1313 muneribus
3327 1260 3519 1313 obvios

1951 1360 2200 1415 quosque
2224 1389 2239 1413 ,
2297 1349 2531 1419 populos
2554 1390 2567 1409 .
2620 1349 2787 1403 urbes
2810 1388 2825 1411 ,
2874 1341 3121 1419 legatos.
3157 1353 3516 1419 supellectilia

1952 1441 2198 1511 intelligo
2228 1453 2284 1495 et
2325 1452 2506 1496 vestes
2547 1443 2761 1497 Italicas
2805 1460 2870 1498 ex
2901 1444 3045 1507 lana,
3087 1456 3143 1499 et
3175 1462 3517 1515 quaecunque

1950 1535 2053 1589 alia
2089 1536 2385 1605 plurimum
2419 1539 2485 1589 ad
2514 1536 2918 1592 conciliandam
2968 1538 3200 1607 gratiam
3237 1539 3443 1593 valent.

2022 1795 2225 1850 lV.Ast
2252 1795 2578 1865 Apocaucus
2622 1798 2849 1852 castello
2874 1813 2975 1852 suo
3002 1800 3268 1862 inclusus.
3302 1810 3511 1856 tantum

271 1894 672 1961 συγκλεισθεὶς,
692 1900 825 1951 ,ἀντὶ
852 1900 948 1952 τοῦ
982 1900 1182 1969 μᾶλλον
1214 1881 1565 1973 αἰσχύνεσθαι
1589 1905 1683 1958 καὶ
1715 1906 1816 1976 ἐρυη

1875 1881 1920 1940 Β
1948 1887 2137 1941 aberat
2168 1899 2228 1942 ut
2278 1888 2490 1956 pudore
2516 1888 2826 1945 afﬁceretur
2860 1892 3320 1964 erubesceretque
3348 1912 3511 1951 suum

265 1983 424 2055 θριᾷν
454 1988 545 2040 ἐπὶ
574 1991 637 2059 τῇ
673 1990 839 2045 αὑτοῦ
869 1993 1114 2064 ἀνάνδρῳ
1137 1997 1232 2049 καὶ
1260 1997 1586 2061 γυναικώδει
1637 1999 1840 2071 διαίτῃ,

264 2079 293 2129 ὁ
333 2076 391 2132 δέ
425 2079 739 2135 τούναντίον
792 2084 1100 2154 ἐτετύφωτό
1130 2104 1191 2142 τε
1250 2091 1344 2142 καὶ
1364 2090 1567 2160 ὀφρύος
1625 2091 1843 2161 ἀπάσης

268 2170 443 2238 μεστά
488 2172 690 2243 διεξῄει
757 2178 998 2246 ῥήματα,
1035 2181 1127 2233 καὶ
1155 2181 1319 2234 αὑτοῦ
1383 2184 1839 2253 Καντακουζηνοῦ

263 2262 648 2332 κατεμέμφετο
675 2267 948 2334 ἀδουλίαν,
980 2271 1063 2323 ὅτι
1109 2272 1183 2340 μὴ
1216 2274 1311 2326 καὶ
1338 2275 1497 2337 αὖτδς
1535 2275 1839 2346 τὴνὸμοίαν

260 2353 606 2422 ἡτοιμάσατο
640 2359 897 2427 πρόνοιαν
924 2362 1122 2431 ἐαυτῷ,
1148 2363 1214 2415 ἶν’
1240 2366 1299 2416 ὲν
1333 2368 1549 2435 καιροῖς
1590 2368 1839 2439 ἀνάγκης

264 2445 360 2497 καὶ
386 2445 554 2513 φόϐου
607 2448 847 2505 τοιοῦτον
893 2451 1008 2523 εχοι
1047 2454 1185 2525 πρὸς
1221 2455 1527 2524 ἀσφάλειαν
1580 2459 1838 2531 φρούριον

263 2536 652 2607 καταφεύγειν.

335 2624 410 2682 ις’.
468 2627 530 2681 '0
575 2630 622 2684 δ’
643 2633 877 2697 ἀκούων,
928 2639 1022 2691 καὶ
1089 2639 1191 2709 τῆς
1240 2641 1451 2697 ἐκείνου
1523 2647 1837 2714 καταγελῶν

265 2717 547 2788 εὐηθείας,
575 2726 829 2790 τοιαύτας
867 2729 1140 2800 ἀντεπῆγε
1170 2732 1268 2795 τὰς
1289 2734 1629 2807 ἀποκρίσεις.
1697 2757 1716 2790 ι
1758 2740 1833 2792 Ub

264 2809 516 2876 λίθοιςί»,
547 2817 709 2883 φησὶ,
754 2837 773 2869 ι
802 2820 895 2873 καὶ
926 2820 1169 2886 πλίνθοις
1200 2824 1312 2891 ἐγὼ
1328 2828 1425 2895 τὴν
1476 2829 1614 2897 ἐμὴν
1669 2832 1835 2899 τειχί-

264 2899 381 2962 ζειν
408 2903 711 2971 ἀσφάλειαν
731 2908 945 2978 ἔγνωκα
999 2914 1128 2976 δεῖν,
1177 2916 1561 2983 οὐδ’ἐφ“οὕτω
1618 2925 1833 2992 μικροῖς

262 2991 357 3043 καὶ
396 2992 647 3060 ψευδέσιν
669 2998 791 3067 ἐμοὶ
816 3004 1207 3070 τερατεύεσθαι
1254 3008 1346 3060 καὶ
1366 3010 1623 3081 τοιαύτην
1651 2991 1831 3082 ῥηγμά-

259 3100 370 3135 των
398 3088 695 3175 προφέρειν
719 3093 1063 3164 κομψότηται
1103 3098 1332 3165 εἴθιστο,
1355 3100 1490 3154 ἀλλά
1541 3104 1618 3169 τῷ
1670 3106 1832 3175 ἡδρα-

262 3172 446 3242 σμένῳ
474 3174 566 3227 τοῦ
599 3177 763 3246 ἦθους
790 3182 1215 3253 ἐγκαρτεροῦντι
1254 3188 1516 3259 διηνεκῶς
1573 3172 1830 3265 φροῦριον

260 3260 406 3329 ἔχειν
446 3265 713 3322 ἀθάνατον
769 3274 862 3325 καὶ
909 3274 1162 3345 ἀγκυραν
1198 3280 1415 3350 ἀσφαλῆ
1458 3260 1677 3353 πρῶτον
1719 3260 1830 3356 *μὲν

256 3354 357 3415 τὰς
388 3356 523 3424 πρὸς
548 3358 681 3413 Θεὸν
708 3363 1225 3439 ἀναμφισϐητήτους
1287 3373 1528 3439 ἐλπίδας,
1581 3378 1676 3431 καὶ
1732 3354 1829 3449 τὴν

256 3446 469 3500 ἐκεῖθεν
500 3451 781 3522 ἀκήρατον
796 3456 1044 3527 δύναμιν·
1075 3461 1202 3515 ἔνθα
1236 3465 1381 3534 μόνῳ
1404 3446 1826 3542 γεωργουμένης

258 3540 360 3608 ’τῆ-ς
388 3540 614 3615 γνώμης
665 3546 745 3618 τῷ
766 3548 877 3600 τῶν
920 3551 1135 3620 ἀδήλων
1193 3555 1407 3627 ἐπόπτῃ
1438 3558 1576 3627 Θεῷ,
1619 3562 1680 3613 τὸ
1728 3540 1826 3631 τῆς

259 3632 563 3698 ἀσφαλείας
591 3636 905 3707 ἀμάραντον
923 3642 1009 3694 ἀεὶ
1053 3644 1295 3711 διαμένει
1336 3648 1652 3716 βλαστάνον,
1696 3656 1825 3722 μήθ’

255 3719 426 3788 ἧλιιν,
450 3726 875 3796 περιμένον(92)
910 3730 1007 3800 τὴν
1043 3730 1136 3783 τοῦ
1201 3734 1507 3803 κρείττονος
1550 3738 1822 3808 ἑρμηνευο

260 3827 423 3864 σοντα
484 3818 688 3884 κρίσιν,
758 3822 895 3889 μήτε
966 3822 1247 3888 Πλάτωνος
1310 3827 1402 3881 καὶ
1452 3831 1823 3897 Δημοσθένους

254 3904 504 3971 γλῶτταν
530 3907 704 3976 ἁδρὰν
752 3912 843 3964 καί
893 3914 1035 3981 μάλα
1087 3914 1352 3985 λαμπρῶς
1397 3919 1821 3985 Ἀττικίξουσανο

254 3996 372 4048 ἀλλ’
400 3998 723 4067 αὐτομάτως
751 4002 839 4056 διὰ
860 4003 958 4072 τῆς
989 4008 1095 4057 τῶν
1136 4008 1478 4077 πραγμάτων
1502 4013 1822 4079 ἀκολουθίας

250 4088 347 4140 ἐπὶ
372 4090 545 4158 μέσης
576 4092 635 4143 τὸ
667 4092 854 4163 θαῦμα
885 4098 1168 4168 μονονουχὶ
1216 4100 1481 4169 κηρύττον
1510 4103 1608 4173 τῆς
1640 4108 1816 4159 οἰκου-

253 4178 447 4248 μένης.
484 4179 574 4235 Ἐν
606 4182 703 4251 μέν
742 4187 853 4253 γὰρ
871 4189 991 4248 ταῖς
1020 4188 1127 4240 τῶν
1174 4192 1532 4262 προσκαίρων
1566 4198 1818 4267 φρουρῶν

249 4272 348 4326 καὶ
377 4276 762 4344 πυργωμάτων
797 4284 1031 4349 τρυφαῖς
1087 4283 1180 4336 καὶ
1230 4284 1506 4352 βλακείαις
1561 4294 1699 4360 ταχὺ
1758 4294 1820 4345 τὸ

246 4365 488 4435 τερπνὸν
511 4367 842 4439 ἀποθνήσκει
872 4373 969 4440 τῆς
1015 4373 1167 4443 ὥρας
1220 4378 1500 4449 ἐφήμερον
1547 4382 1671 4450 ἔχον
1720 4383 1818 4454 τὴν

244 4453 438 4522 ῥίζαν.
483 4456 701 4525 Ἐγὼδέ
730 4461 826 4524 τὰς
854 4461 964 4515 τῶν
1009 4464 1314 4534 ἀνθρώπων
1366 4470 1544 4539 ψυχάς
1594 4453 1818 4545 ἐμαυτῷ

178 4553 188 4559 ’
247 4548 631 4603 κατεσκεύασα
657 4552 895 4622 φρούρια
929 4556 1023 4609 καὶ
1070 4556 1314 4628 πύργους
1360 4563 1707 4633 παμπληθεῖς
1760 4585 1816 4620 τε

246 4636 347 4690 καὶ
376 4637 664 4705 ἀσφαλεῖς.
694 4645 775 4705 είς
810 4643 900 4707 οὓς
922 4645 1243 4719 ἐμϐέϐληκα
1281 4651 1463 4721 φέρων
1498 4654 1664 4719 αὐτὸς
1716 4658 1818 4728 τὴν

244 4730 490 4799 ἐμαυτοῦ
511 4731 709 4804 ψυχήν.
746 4736 855 4790 Καὶ
873 4741 900 4791 ὁ
936 4738 1036 4808 μὲν
1067 4740 1291 4796 Πλάτων
1328 4745 1387 4797 ἐν
1413 4745 1681 4819 ἀλλοτρίῳ
1707 4749 1813 4803 σώ-

248 4835 385 4888 ματι
415 4819 513 4890 ζῇν
539 4824 636 4891 τὴν
666 4824 759 4877 τοῦ
791 4826 1026 4897 ἐρῶντος
1071 4828 1177 4899 ἐφη
1206 4829 1407 4903 ψυχήν*
1468 4835 1568 4906 τὴν
1600 4836 1647 4890 δ’
1676 4840 1816 4908 ἐμὴν

242 4912 428 4981 ψυχὴν
460 4912 560 4965 οὐκ
606 4915 662 4966 ὲν
718 4915 1019 4985 ἀλλοτρίοις
1081 4917 1349 4989 σώμασιν,
1404 4924 1520 4977 ἀλλ’
1545 4927 1603 4977 ἐν
1658 4926 1817 4981 ἀλλο-

245 5006 431 5073 τρίαις
468 5006 768 5077 συνηνέχθη
803 5008 903 5079 ζῇν
922 5015 1041 5075 ταῖς
1085 5012 1305 5084 ψυχαῖς.
1358 5017 1508 5087 Μηδὲ
1546 5021 1655 5088 γὰρ
1712 5036 1817 5072 σω-

247 5096 464 5164 μάτων,
492 5096 626 5149 ἀλλά
689 5099 875 5169 ψυχῶν
923 5102 1182 5173 ὑπάρχων
1219 5105 1380 5169 αὐτὸς
1408 5108 1664 5176 ἐραστὴς,
1725 5108 1819 5160 καὶ

241 5187 425 5261 ψυχὰς
502 5190 625 5251 τοὺς
679 5191 913 5260 ἐραστὰς
978 5194 1271 5264 εὐτύχησα·
1310 5199 1401 5249 καὶ
1458 5198 1658 5267 τρόπον
1702 5201 1818 5253 ἓτε-

1950 1977 2081 2033 illud
2126 1979 2351 2033 minime
2384 1980 2541 2034 virile
2574 1996 2638 2035 ac
2666 1996 2892 2051 prorsus
2943 1982 3238 2040 femineum
3271 1988 3394 2042 vita:
3424 1989 3510 2041 iu-

1951 2072 2238 2126 stitutum:
2281 2072 2445 2127 etiam
2480 2075 2676 2129 animis
2700 2074 3011 2141 iullabatur,
3053 2086 3109 2132 et
3141 2094 3303 2134 voces
3333 2084 3510 2137 omnis

1943 2165 2267 2232 arrogantiae
2297 2165 2487 2233 plenas
2503 2167 2768 2236 ‘jactabat,
2789 2178 2844 2222 et
2866 2169 3308 2226 Cantacuzcnum
3334 2173 3509 2242 ipsum

1946 2254 2176 2311 inscitia:
2215 2257 2502 2327 arguebat,
2543 2260 2689 2327 quod
2726 2276 2834 2315 non
2876 2272 2933 2316 et
2967 2264 3081 2328 ipse
3112 2265 3217 2319 sibi
3255 2269 3511 2324 cautione

1943 2346 2107 2400 simili
2141 2348 2492 2415 providisSct,
2528 2361 2586 2404 ut
2618 2351 2672 2404 iu
2698 2355 2959 2408 extremis
2994 2358 3262 2426 angustiis
3290 2362 3507 2428 pericu-

1942 2437 2184 2506 losisque
2240 2441 2584 2510 temporibus
2640 2442 2747 2498 tale
2800 2444 3026 2501 haberet
3080 2448 3388 2519 perfugium
3447 2470 3510 2505 :u:

1942 2532 2253 2600 prmsidium
2294 2536 2513 2589 salutis.

2012 2625 2074 2679 V.
2115 2629 2184 2681 At
2210 2628 2299 2681 ille
2326 2629 2437 2683 haec
2465 2630 2695 2686 audiens
2725 2633 2962 2690 hominis
2990 2638 3344 2695 stoliditateiu
3379 2643 3510 2696 ἱππ-ιη

1936 2717 2122 2781 debat,
2157 2729 2211 2773 et
2245 2721 2511 2792 ejusmodi
2542 2723 2707 2779 dabat
2732 2727 2781 2779 ei
2817 2743 3077 2797 respousa
3110 2748 3123 2783 :
3166 2750 3183 2783 ι
3212 2733 3332 2787 Non
3366 2735 3505 2805 lapi-

1937 2809 2101 2864 dibus
2148 2820 2241 2864 aut
2287 2814 2570 2869 laterculis
2619 2832 2796 2872 meam
2865 2823 3097 2875 salutem
3151 2827 3504 2882 muniendam

1934 2902 2092 2972 θοι
2130 2904 2259 2957 mihi
2289 2922 2410 2961 esse
2436 2908 2587 2973 duxi,
2618 2926 2715 2964 nec
2744 2912 2945 2967 talibus
2971 2917 3262 2971 verborum
3302 2924 3506 2990 paesti-

1934 2993 2036 3061 giis
2061 3009 2194 3048 eave
2227 2997 2496 3052 orationis
2523 3016 2717 3070 pompa
2758 3004 2831 3056 uti
2868 3006 3041 3070 soleo,
3078 3008 3130 3061 iu
3173 3010 3337 3065 rebus
3363 3014 3501 3065 adeo

1933 3084 2146 3154 exiguis
2180 3095 2344 3156 atque
2372 3089 2678 3147 fallacibus.
2718 3094 2823 3149 Sed
2856 3097 2910 3150 in
2947 3114 3160 3153 morum
3204 3103 3501 3158 stabilitate

1933 3193 2291 3247 perseverans
2326 3183 2502 3239 habeo
2531 3202 2629 3255 pro
2657 3187 2952 3244 immortali
2992 3193 3266 3260 praesidio,
3301 3194 3501 3250 ﬁrmis-

1888 3264 1899 3280 ⁶
1936 3272 2184 3343 simaque
2240 3290 2464 3340 ancora,
2500 3279 2677 3347 primo
2715 3295 2842 3349 spes
2892 3282 2944 3335 in
2991 3285 3103 3337 Deo
3131 3296 3350 3352 certas;
3384 3297 3495 3342 tum

1937 3364 2107 3416 robur
2154 3364 2280 3419 inde
2330 3366 2625 3422 illibatum.
2659 3368 2754 3424 His
2805 3371 3000 3435 fretus,
3064 3373 3171 3429 Deo
3226 3377 3350 3439 soli.
3403 3381 3498 3448 qui

1932 3456 2146 3509 occulta
2181 3457 2466 3525 perspicit,
2496 3468 2733 3514 mentem
2767 3463 2977 3517 excolo.
3016 3464 3152 3520 llinc
3181 3467 3269 3520 illa
3304 3486 3469 3539 perun

1933 3546 2020 3599 nis
2057 3548 2189 3601 mihi
2231 3551 2520 3613 securitas,
2553 3568 2676 3620 quae
2721 3569 2822 3608 nec
2858 3556 3028 3609 solem
3074 3572 3354 3628 exspectat
3388 3580 3500 3617 una

1933 3640 2068 3693 liora
2102 3641 2537 3707 declaraturum,
2570 3659 2668 3698 nec
2705 3645 2949 3701 Platonis
2987 3660 3081 3702 aut
3113 3652 3497 3708 Demostlwnis

1931 3731 2174 3798 linguam
2212 3732 2499 3787 delicatam
2548 3744 2605 3788 et
2656 3736 2858 3792 eximie
2907 3740 3182 3795 Atticam:
3235 3748 3327 3798 sed
3383 3748 3495 3816 ipsa

1934 3838 2029 3892 per
2058 3838 2117 3877 se
2155 3824 2273 3877 solo
2323 3840 2506 3878 rerum
2558 3842 2849 3896 progressu
2902 3831 3322 3889 admirationem
3376 3840 3493 3894 orbi

1930 3931 2083 3985 paene
2118 3916 2330 3971 indicit.
2359 3918 2460 3983 Qui
2497 3921 2642 3974 cuitu
2680 3923 3061 3990 przesidiorum
3092 3934 3149 3980 et
3183 3943 3495 4001 propugna-

1928 4009 2175 4062 culorum
2217 4010 2407 4063 insauo
2445 4011 2587 4065 fastu
2619 4013 2995 4081 delectantur,
3037 4020 3100 4072 iis
3147 4020 3244 4074 llos
3271 4023 3491 4077 delicia-

1933 4117 2049 4152 rum
2082 4116 2305 4154 suarum
2353 4102 2464 4155 cito
2511 4104 2765 4170 moritur,
2811 4106 3053 4163 radicem
3085 4115 3313 4167 sortitus
3346 4117 3489 4170 haud

1925 4194 2262 4247 diuturnam.
2293 4193 2411 4263 Ego
2445 4210 2574 4248 vero
2600 4196 2813 4253 animos
2843 4200 2973 4254 mihi
3001 4204 3287 4260 conciliati
3318 4210 3493 4264 homi-

1926 4302 2081 4349 num,
2114 4286 2362 4356 praasidia
2391 4302 2452 4341 ac
2483 4291 2892 4359 propugnacula
2920 4309 3234 4356 numerosa.
3265 4302 3488 4357 eadem-

1926 4391 2031 4445 que
2067 4375 2402 4431 lirmissima.
2441 4374 2554 4430 Illis
2584 4393 2765 4432 meum
2815 4379 2930 4449 ipse
2986 4385 3229 4440 animum
3276 4392 3488 4448 addixi.

1923 4467 2001 4521 Ac
2030 4464 2181 4520 Plato
2207 4466 2427 4536 quidem
2459 4468 2639 4523 alieno
2669 4469 2723 4523 in
2755 4485 2986 4541 corpore
3016 4478 3196 4532 vivere
3224 4489 3489 4541 amatoris

1854 4564 1896 4618 ῐ)
1924 4556 2164 4611 animant
2184 4556 2364 4625 dixit.
2408 4557 2538 4613 Mea}
2568 4569 2750 4614 autem
2787 4562 2985 4618 animae
3014 4565 3063 4618 id
3090 4569 3305 4641 obtigit,
3343 4585 3401 4628 ut
3434 4577 3487 4631 in

1920 4649 2115 4703 alienis
2155 4652 2264 4703 nbn
2315 4650 2644 4718 corporibus
2695 4651 2791 4707 sed
2841 4654 3041 4711 animis
3095 4659 3317 4717 viveret.
3347 4666 3483 4723 Cum

1919 4740 2065 4794 enim
2099 4756 2205 4794 non
2243 4755 2535 4811 corporum
2576 4742 2671 4797 sed
2702 4744 3008 4800 animorum
3042 4763 3257 4807 amator
3284 4770 3484 4825 essem,

1919 4832 2132 4886 animos
2158 4832 2321 4887 etiam
2352 4841 2625 4888 amatores
2650 4834 2755 4889 mei
2778 4839 3019 4894 lucratus
3044 4855 3164 4895 sum
3190 4844 3482 4919 elfecique,

1919 4935 1981 4980 ut
2007 4926 2383 4980 animarentur
2417 4941 2557 4997 nova
2591 4927 2826 4996 quadam
2860 4930 3075 4986 ratione
3107 4936 3275 4991 animi
3313 4941 3486 5008 pluri-

1922 5032 2155 5070 morum.
2186 5015 2466 5086 Ejusmodi
2515 5032 2670 5071 arces
2698 5022 3014 5087 comparavi
3064 5024 3220 5080 mihi.
3251 5027 3340 5084 Sie
3381 5046 3484 5102 ego

1914 5123 2038 5162 cum
2072 5122 2284 5162 summa
2314 5118 2370 5162 et
2401 5109 2799 5178 tranquillitate
2829 5123 2887 5167 et
2920 5115 3198 5187 voluptate
3230 5123 3481 5179 euntium

1915 5200 2047 5254 mihi
2096 5208 2151 5255 et
2182 5198 2411 5255 allectus
2444 5211 2501 5257 et
2535 5204 2847 5261 voluntates
2875 5209 3149 5279 concilio;
3183 5224 3347 5284 atque
3406 5220 3480 5273 ita

1591 5338 1925 5398 Variorum
1960 5350 2143 5401 notae.

323 5448 435 5516 (90)
480 5448 796 5525 Cuiusmodi
852 5455 1019 5525 fuerit
1076 5456 1218 5510 istud
1260 5458 1583 5525 patriarcha:
1626 5475 1811 5513 sacra-

249 5529 498 5574 mentum
566 5522 815 5589 pturibus
863 5524 1022 5580 docet
1079 5527 1221 5580 idem
1261 5522 1652 5583 _Cantaeuzen.
1717 5545 1810 5583 ca-

250 5592 364 5665 pite
400 5593 453 5652 ὕ,
482 5604 751 5658 extremo,
783 5592 873 5648 ubi
905 5595 972 5649 de
1003 5597 1286 5665 utriusque
1328 5600 1799 5663 recnnc'tliatioue.

248 5662 771 5853 ἳέῧδὲαὸοριοιηιι.
805 5734 889 5791 die
929 5735 1018 5791 9.8.
1047 5735 1129 5790 Cf.
1173 5735 1394 5795 Cantac.
1427 5740 1523 5793 lib.
1567 5756 1648 5800 ιιι.
1681 5757 1801 5812 cap.

323 5843 338 5853 .
414 5815 578 5853 oms.

323 5843 338 5856 .
374 5815 578 5855 ΙΞΟΙΥΙΝ.

1994 5461 2117 5542 (92).
2145 5462 2647 5542 -ιοεοιιιιιιηιημήψ
2673 5464 2843 5533 ἥλιον,
2897 5479 3007 5524 etc.
3049 5469 3369 5542 Quanquam
3410 5494 3476 5532 ue

1920 5532 1999 5605 sic
2028 5532 2452 5605 quidetnjstatis
2483 5532 2675 5604 liquet.
2698 5532 2954 5605 quamam
2991 5532 3245 5596 sit'mens
3290 5559 3475 5600 aucto-

1919 5603 2009 5686 ris.
2062 5604 2197 5686 lI‘uto
2236 5603 2385 5686 ᾖλιον
2422 5603 2680 5659 hoeloeo
2720 5603 2838 5661 esse
2874 5610 3287 5686 ipsumtemptts,
3319 5618 3477 5686 cujus

1915 5674 2182 5751 lionelicio
2228 5674 2490 5729 discimus
2546 5691 2793 5744 quaenam
2834 5674 3061 5738 censilia
3107 5674 3309 5751 optima
3339 5674 3466 5741 siut.

1912 5743 2115 5796 Bott‘tV.
