4242 6446
707 405 812 472 827
987 407 1058 478 [Α.
1101 425 1156 462 Il.
1191 407 1478 479 6850,mo.
1527 408 1614 482 10]

1899 414 2315 476 NICEPHORI
2357 417 2742 480 GREGORE

3071 409 3203 485 [ιιιρ.
3243 429 3285 466 t.
3321 425 3558 466 ρλιιοι..
3628 408 3686 480 1]
3868 408 3982 480 δπ

780 523 848 578 ll.
884 522 997 588 Qua
1032 533 1217 578 autem
1267 525 1355 579 die
1409 527 1497 580 ille
1551 524 1765 595 imperii
1802 525 2031 595 insignia
2081 526 2280 590 induit,
2316 532 2358 585 Α

2461 529 2539 584 B'.
2584 527 2798 598 Ἡμέρα
2833 528 2878 580 δ’
2916 522 3006 596 ἦν,
3032 526 3154 580 καθ’
3195 527 3262 596 ἢν
3293 525 3361 578 τά
3415 524 3515 594 τῆς
3558 523 3837 594 βασιλείας
3894 524 3978 596 (7)

712 615 902 670 eadem
946 615 1057 669 divi
1097 617 1354 671 Demetrii
1383 618 1639 688 martyris
1669 617 1934 671 memoria
1968 617 2289 672 celebraba-

713 712 1006 767 turJubet
1036 721 1219 764 autem
1250 726 1356 763 non
1389 711 1542 780 prius
1578 710 1878 764 renuntiari
1905 727 1962 765 se
1990 710 2286 779 imperato-

712 819 829 858 rem
857 819 982 858 cutn
1017 804 1267 872 conjuge.
1299 818 1463 872 quam
1497 803 1832 872 imperatrici
1866 803 2036 858 Anna:
2065 802 2290 858 Joanni-

710 912 820 965 que
849 896 1171 965 imperatori
1200 897 1318 967 ejus
1351 897 1464 950 ﬁlio
1498 897 1568 950 sit
1598 896 1981 950 acclamatum.
2016 896 2290 949 Recorda-

713 988 881 1041 batur
912 977 1059 1042 enim
1089 1003 1307 1056 semper
1325 987 1570 1042 defuncti
1595 989 1942 1058 imperatoris
1965 988 2288 1050 amicitiam,

711 1093 768 1136 et
803 1082 951 1137 illius
999 1080 1354 1152 dc‘imperio
1404 1083 1658 1137 mandata
1729 1082 1876 1136 haud
1913 1083 2078 1153 612
2127 1081 2291 1136 facile

712 1174 1170 1228 obliviscebatur.
1215 1175 1330 1228 Imo
1362 1185 1425 1228 ut
1459 1175 1562 1237 illi,
1606 1175 1682 1229 ita
1723 1185 1780 1229 et
1818 1175 1994 1244 ipsius
2034 1189 2291 1229 necessa-

715 1267 814 1321 riis
842 1267 1048 1336 primas
1081 1267 1382 1322 tribuebat.
1422 1267 1897 1337 Propugnaculum
1926 1268 2073 1321 enim
2102 1267 2288 1322 aiebat

715 1378 774 1416 se
833 1362 900 1416 ab
968 1362 1297 1431 imperatore
1368 1361 1693 1416 aediﬁcatum
1744 1361 1810 1414 ad
1856 1360 2293 1416 conservandum

715 1453 1009 1520 imperium
1038 1453 1157 1523 ejus
1211 1452 1367 1518 ﬁlio;
1402 1453 1491 1507 cui
1544 1451 1778 1523 proinde
1817 1461 1968 1507 tanto
2012 1455 2188 1507 tutius
2232 1469 2294 1508 ac

718 1548 972 1602 stabilius
1014 1547 1259 1601 futurum
1289 1557 1436 1602 esset
1469 1548 1783 1618 imperium,
1816 1557 2023 1618 quanto
2049 1548 2164 1618 ipse
2199 1562 2298 1618 po-

721 1644 926 1695 tentior
964 1648 1106 1694 esset
1146 1639 1478 1695 exstiturus.

791 1826 881 1880 111.
924 1826 1114 1896 Itaque
1164 1841 1220 1885 ct
1268 1841 1502 1894 vestem,
1550 1845 1674 1900 qua:
1733 1846 2012 1900 purpurea
2061 1839 2201 1895 erat,
2239 1831 2293 1885 in

720 1920 923 1981 albam,
968 1888 1193 1990 propter
1241 1888 1620 1992 aagritudi'nern
1654 1888 2006 1978 ex-defuncti
2065 1888 2298 1994 impera-
2328 1888 2372 1945 Β

724 2012 863 2065 toris
922 2025 1125 2077 morte,
1186 2027 1308 2083 post
1362 2017 1579 2071 tertiam
1623 2018 1806 2072 statim
1861 2017 2005 2072 diem
2061 2018 2296 2072 mutavit

725 2106 838 2174 (qui
876 2123 994 2160 Inus
1044 2109 1112 2161 ab
1159 2109 1584 2177 imperatoribus
1624 2125 1841 2178 semper
1868 2111 2195 2166 observatus
2240 2111 2296 2166 in

722 2195 921 2262 luctu),
954 2205 1008 2249 et
1046 2196 1290 2250 vestibus
1324 2197 1393 2250 ab
1421 2213 1486 2251 eo
1519 2207 1762 2266 tempore
1795 2199 1932 2252 albis
1961 2200 2296 2253 constantis—

724 2285 862 2338 sime
915 2301 1047 2339 usus
1101 2296 1206 2350 est,
1254 2285 1433 2341 donec
1488 2288 1674 2355 regina
1728 2289 1864 2343 urbe
1917 2301 2074 2359 capta
2131 2291 2299 2347 totius

725 2377 986 2430 llomana:
1017 2377 1246 2431 ditionis
1277 2382 1532 2448 princeps
1563 2381 1780 2434 nemine
1813 2381 2138 2437 adversante
2170 2397 2301 2437 eva-

725 2469 817 2522 sit.
849 2468 1019 2536 Cujus
1074 2470 1152 2523 rei
1201 2484 1423 2524 causam
1469 2471 1772 2526 sciscitanti
1815 2473 1947 2526 mihi
1994 2475 2298 2542 respondit,

726 2577 784 2614 se
815 2561 862 2612 id
901 2563 1100 2630 triplici
1133 2563 1200 2617 de
1233 2578 1396 2618 causa
1427 2563 1703 2619 factitasse
1731 2583 1745 2619 :
1779 2566 2018 2637 primum
2051 2566 2297 2636 quidem,

727 2660 790 2703 ut
828 2651 1093 2705 defuncto
1139 2653 1458 2722 imperatori
1494 2655 1672 2708 amico
1708 2671 1808 2709 suo
1837 2657 1980 2726 justa
2023 2657 2300 2726 persolve-

725 2754 848 2799 ret:
910 2744 1116 2807 deiude
1167 2755 1393 2815 propter
1443 2749 1634 2802 matris
1680 2765 1793 2803 sua:
1855 2759 2112 2815 mortem,
2176 2768 2302 2822 qua:

727 2841 1074 2909 postmodum
1113 2841 1340 2898 incidit:
1379 2844 1541 2897 tertio
1577 2844 1835 2914 denique,
1862 2849 2008 2914 quo’d
2040 2862 2166 2911 eos,
2205 2847 2298 2917 qui

729 2947 917 2985 secum
948 2941 1129 2994 erant,
1151 2934 1365 2989 videret
1391 2950 1577 2988 rerum
1613 2938 2052 2990 necessariarum
2074 2940 2303 3006 penuria

726 3025 1067 3088 laborantes,
1103 3027 1156 3080 in
1193 3029 1448 3080 maximis
1487 3028 1749 3096 periculis
1783 3030 2010 3095 versari,
2051 3031 2302 3101 adeoque

727 3120 902 3172 satius
931 3118 1160 3172 duceret
1191 3120 1538 3190 magnificum
1569 3121 1735 3176 vestis
1764 3121 2127 3190 imperatoriae
2154 3141 2306 3178 sum-

728 3220 880 3280 ptum
919 3211 1236 3280 impendere
1267 3212 1321 3265 in
1352 3212 1572 3266 illorum
1608 3229 1762 3274 usus,
1796 3231 1957 3283 quam
1992 3215 2098 3270 sibi
2128 3233 2307 3271 reser-

730 3319 881 3358 vare.
931 3304 1036 3358 Sed
1092 3306 1240 3358 enim
1277 3305 1413 3373 ipse,
1448 3321 1572 3359 cum
1602 3306 1923 3362 offendisset
1955 3311 2138 3362 statim
2185 3309 2306 3364 vio-

730 3398 879 3451 lenta
923 3397 1262 3467 adversaque
1298 3408 1544 3466 tempora
1591 3415 1654 3452 ac
1697 3401 1935 3469 negotia,
1981 3402 2053 3455 ita
2086 3413 2142 3457 et
2192 3404 2310 3459 suis

731 3490 900 3542 rebus
932 3490 1232 3549 consuluit,
1263 3499 1318 3543 et
1349 3489 1597 3544 defuncti
1639 3491 1990 3561 imperatoris
2028 3494 2308 3560 mandata,

732 3599 838 3650 qua
869 3581 1100 3634 maxima
1133 3582 1310 3650 potuit
1341 3584 1671 3644 reverentia,
1706 3594 2033 3652 prosccutus
2061 3594 2170 3642 est.

807 3673 895 3726 IV.
926 3674 994 3728 At
1032 3673 1322 3727 unanimes
1355 3674 1431 3727 illi
1467 3691 1529 3728 ac
1565 3690 1718 3743 paene
1747 3675 1985 3744 gemelli,
2014 3675 2109 3730 ubi
2145 3679 2309 3733 istum

739 3781 1004 3834 accepere
1064 3765 1377 3836 insignibus
1435 3765 1807 3837 imperatoriis
1875 3768 2160 3824 ornavisse
2215 3786 2311 3837 se,

738 3860 1006 3914 exsiliunt
1037 3875 1147 3930 prae
1186 3860 1488 3930 voluptate,
1527 3871 1584 3915 et
1610 3860 1910 3916 furentium
1942 3864 2099 3932 quasi
2141 3865 2311 3919 ritum

739 3951 905 4021 613
945 3952 1264 4005 aemulantes
1310 3951 1377 4005 ad
1429 3951 1812 4006 bacchandum
1861 3953 2162 4011 insolenter
2196 3973 2318 4010 ver-

739 4049 954 4093 ιιιηῑυτ.
989 4039 1121 4093 Eam
1165 4041 1312 4093 enim
1347 4041 1694 4094 Occasionem
1745 4044 1892 4097 nacti
1944 4061 2007 4098 3P.
2044 4049 2312 4100 rationem

739 4132 922 4201 palam
953 4131 1260 4185 obsistendi
1294 4133 1610 4192 maximam,
1634 4133 2028 4204 liberrimaque
2046 4146 2102 4189 et
2123 4136 2316 4191 incon.

747 4222 937 4276 tineuti
964 4223 1149 4307 lingua
1177 4224 1423 4277 omnium
1442 4226 1672 4279 auribus
1696 4226 2030 4281 obtrudendi
2063 4229 2316 4282 morbum

745 4315 912 4367 animi
966 4324 1208 4368 veterem
1254 4323 1419 4384 atque
1469 4332 1752 4381 arcanum,
1802 4319 2320 4388 commendantique

750 4405 996 4473 se,quod
1029 4406 1242 4476 pridem
1273 4408 1434 4462 istius
1464 4408 1869 4478 improbitatem
1889 4412 2319 4481 perspexissent,

748 4498 804 4551 in
837 4497 1014 4564 cunis,
1064 4500 1118 4554 iu
1157 4509 1317 4554 utero
1348 4501 1532 4555 adhuc
1589 4501 2007 4558 delitescentem
2061 4512 2118 4556 et
2163 4504 2320 4573 quasi

2389 620 2766 690 περιεζώσατο
2792 620 3059 688 σύμϐολα,
3121 613 3234 690 ἰνῇ
3292 618 3360 670 τὰ
3412 618 3509 685 τῆς
3549 618 3772 687 μνήμης
3813 618 3983 686 ῆγετο

2392 713 2706 783 Δημητρίου
2746 714 2839 765 τοῦ
2875 713 3020 765 θείου
3056 713 3357 782 μάρτυρος.
3397 711 3740 777 Προστάττει
3767 710 3816 762 δ’
3845 712 3982 762 dva-

2390 805 2826 876 γορεύεσθαιμ).
2883 805 3010 878 581]
3069 802 3585 858 τελευταῖον’τοῦτον
3618 801 3860 871 (8Ηιμοῦ
3909 803 3978 871 τῇ

2392 899 2612 966 συζύγῳ
2638 897 2959 966 βασιλικῶς,
2989 898 3126 966 μετά
3162 914 3224 963 γε
3259 897 3359 966 τὴν
3393 897 3492 964 τῆς
3524 895 3796 964 βασιλίδος
3837 895 3975 946 ’Λν-

2392 1009 2491 1058 νης
2521 990 2800 1058 εὐφημίαν
2823 989 2917 1042 καὶ
2949 988 3042 1043 τοῦ
3067 987 3273 1054 ταύτης
3332 987 3451 1040 υίοῦ
3489 986 3755 1056 βασιλέως
3799 987 3985 1038 Ἰωάν-

2393 1101 2510 1138 νου.
2553 1083 2872 1154 Ἐμέμνητο
2895 1084 3001 1154 γὰρ
3027 1084 3113 1135 ἀεὶ
3143 1083 3238 1151 τῆς
3267 1081 3359 1134 τοῦ
3394 1083 3650 1142 θανόντος
3712 1079 3982 1149 βασιλέως

2392 1176 2597 1244 φιλίας.
2623 1178 2714 1228 καλ⁵
2752 1177 2860 1227 τῶν
2884 1176 3092 1228 ἐκείνου
3120 1176 3246 1243 περὶ
3306 1173 3407 1241 τῆς
3460 1172 3737 1242 βασιλείας
3779 1172 3983 1238 συνθηο

2397 1270 2512 1322 κῶν
2543 1268 2868 1322 ἐκλαθέσθαι
2899 1268 2958 1320 οὐ
2986 1268 3131 1337 μάλα
3167 1267 3418 1320 ἐϐούλετο
3441 1283 3457 1297 ο
3484 1266 3600 1320 ἀλλ’
3627 1266 3703 1329 ὡς
3768 1266 3984 1317 ἐκεῖνον

2395 1363 2522 1423 τοὺς
2547 1361 2760 1413 ἑκείνου
2792 1359 3097 1428 προύτίθει.
3131 1357 3349 1428 Πύργον
3379 1357 3487 1428 γὰρ
3536 1358 3725 1427 ἔλεγεν
3785 1356 3983 1410 ἑαυτὸν

2395 1454 2532 1524 πρὸς
2561 1453 2772 1506 ἐκείνου
2801 1452 2894 1506 τοῦ
2915 1451 3184 1522 βασιλέως.
3204 1450 3592 1523 ᾠκοδομῆσθαι
3631 1449 3766 1519 πρδς
3800 1449 3983 1519 ἀσφά-

2394 1551 2546 1603 λειαν
2573 1549 2674 1617 τῆς
2695 1549 2788 1601 τοῦ
2821 1549 3012 1612 παιδὸς
3046 1547 3325 1618 βασιλείας
3345 1563 3361 1579 ο
3397 1547 3546 1618 παρὰ
3595 1546 3850 1600 τοσοῦτον
3884 1543 3982 1601 οὖν

2397 1637 2536 1695 εἶναι
2565 1641 2644 1711 τῷ
2667 1641 2821 1694 παιδὶ
2839 1641 2908 1693 τά
2936 1641 3035 1709 τῆς
3063 1640 3369 1709 ἀσφαλείας
3397 1640 3658 1700 ἀκίνδυνά
3685 1657 3746 1693 τε
3767 1641 3862 1692 καὶ
3888 1639 3983 1710 βε-

2398 1735 2685 1800 ϐαιότερα,
2716 1733 2957 1802 παρόσον
2987 1733 3154 1784 αὑτὸν
3187 1734 3565 1804 ίσχυρότερον.

2470 1827 2543 1878 l".
2569 1824 2736 1877 Ὅθεν
2765 1826 2859 1878 καὶ
2897 1825 3034 1894 μετὰ
3087 1825 3280 1894 τρίτην
3315 1820 3472 1886 αὖθις
3512 1825 3728 1895 ἡμέραν
3778 1826 3982 1896 ῆμειψτ

2404 1918 2504 1987 τὴν
2531 1918 2735 1984 ἐσθῆτα
2765 1916 2864 1986 (9),
2897 1917 2983 1970 διὰ
3005 1916 3103 1986 τὴν
3135 1917 3231 1970 τοῦ
3289 1916 3546 1980 θανόντος
3580 1917 3850 1983 βασιλέως
3889 1919 3982 1969 ὲν-

2399 2010 2596 2077 τάφιον
2647 2009 2844 2077 λύπτρ,
2879 2011 2942 2062 ὲκ
2975 2010 3072 2078 τῆς
3109 2010 3396 2080 πορφύρας
3454 2012 3512 2072 ἐς
3560 2009 3622 2062 τὸ
3663 2009 3878 2075 λευκὸν,
3904 2009 3982 2072 ὡς

2397 2099 2598 2153 εἴθιστο
2635 2103 2760 2163 τοὺς
2795 2101 3045 2171 βασιλέας
3099 2103 3228 2171 περὶ
3256 2101 3355 2165 τας
3403 2100 3580 2166 λύπας
3629 2102 3718 2154 ἀεὶ
3757 2104 3936 2153 ποιεῖν
3963 2116 3976 2130 ⁸

2400 2194 2496 2245 καὶ
2520 2193 3037 2263 διήρκεσενέκεῖθεν
3100 2197 3317 2256 λευκοῖς
3375 2195 3640 2262 ἐνδύμασι
3671 2195 3984 2264 χρώμενος.

2398 2286 2504 2349 ἕως
2523 2288 2618 2340 καὶ
2646 2288 2742 2359 τὴν
2775 2287 3023 2357 βασιλίδα
3055 2288 3208 2341 πόλιν
3237 2287 3373 2341 ἑλὼν
3420 2289 3772 2357 αὐτοκράτωρ
3811 2289 3990 2357 ἀναμ-

2399 2379 2730 2449 φισϐήτητος
2792 2380 3034 2448 ἐγεγόνει
3088 2380 3190 2448 τῆς
3249 2382 3379 2449 ὅλης
3448 2382 3740 2451 Ῥωμαίων
3789 2384 3986 2451 ἀρχῆς.

2404 2472 2588 2540 Κὰμοὶ
2651 2473 2749 2543 τὴν
2797 2473 2982 2526 αίτίαν
3030 2473 3382 2546 διαποροῦντι
3427 2475 3540 2545 (10)
3592 2476 3764 2544 τριῶν
3823 2477 3990 2528 ἕνεκα

2403 2565 2576 2616 ποιεῖν
2606 2564 2944 2634 ἀπεκρίνατο
2970 2565 3126 2618 τοῦτο
3151 2586 3162 2596 ·
3190 2568 3410 2638 πρῶτον
3442 2568 3542 2636 μὲν
3579 2568 3846 2639 τῷ⁴φίλῳ
3883 2570 3988 2637 βα-

2405 2655 2546 2708 σιλεῖ
2577 2657 2964 2726 τελευτήσαντι
2999 2657 3206 2711 δίκαιον
3227 2660 3474 2722 ὲκτιννὺς
3506 2661 3729 2729 ὄφλημα
3757 2678 3767 2691 ·
3799 2661 3988 2713 δεύτε-

2405 2765 2499 2818 ρον
2523 2749 2611 2800 διὰ
2645 2748 2742 2817 τὴν
2769 2750 3002 2802 κατόπιν
3035 2751 3450 2822 ὲπιδραμοῦσαν
3479 2753 3573 2822 τῆς
3641 2757 3849 2824 μητρὸς
3895 2773 3987 2805 τε.

2402 2841 2598 2910 λευτήν
2629 2857 2640 2868 ·
2666 2843 2760 2895 καὶ
2787 2843 2991 2912 τρίτον,
3038 2845 3224 2912 ἐπειδὴ
3248 2847 3373 2906 τοὺς
3414 2844 3514 2897 σὺν
3568 2845 3717 2914 αὐτῷ
3777 2847 3995 2915 μακρὸν

2404 2930 2777 2996 ὑπομένοντας
2805 2933 2950 3001 ἑώρα
2983 2933 3073 2985 τὸν
3105 2933 3351 2986 κίνδυνον
3381 2934 3518 3002 μετὰ
3551 2935 3650 3002 τῆς
3689 2936 3799 2986 τῶν
3824 2936 3993 3002 άναγο

2411 3027 2588 3078 καίων
2622 3026 2849 3089 ἐνδείας,
2882 3027 2990 3077 ζεῖν
3027 3027 3211 3094 ἔκρινε
3240 3027 3340 3095 τὴν
3367 3026 3632 3095 πολυτελῆ
3691 3026 3798 3078 τῶν
3841 3026 3997 3095 βασι-

2406 3114 2574 3167 λικῶν
2625 3116 2942 3184 ἐνδυμάτων
2996 3117 3244 3184 δαπάνην
3267 3101 3496 3178 ἐκείνοις
3528 3116 3784 3186 μάλλονῆ
3818 3118 3999 3187 ἐαυτῷ

2334 3244 2375 3300 C
2407 3211 2659 3294 ἀναλρῦν.
2715 3209 2875 3264 Ἀλλὰ
2909 3211 3016 3279 γὰρ
3080 3211 3242 3271 αὐτὸς
3299 3211 3397 3278 μὲν
3443 3211 3704 3280 ἐξαπίνης
3757 3211 4001 3280 ἐντυχὼν

2411 3299 2569 3369 βιαίῳ
2592 3302 2688 3354 καὶ
2704 3302 3086 3370 ἀνταγωνιστῇ
3126 3300 3204 3370 τῷ
3235 3300 3416 3370 καιρῷ
3455 3303 3550 3354 καὶ
3589 3305 3701 3364 τοῖς
3736 3303 3998 3372 πράγμα-

2409 3414 2494 3447 σιν
2523 3394 2668 3447 οὓτω
2693 3396 2764 3447 τὰ
2795 3395 2918 3447 κατ’
2969 3395 3134 3448 αὐτόν
3164 3411 3224 3448 τε
3258 3393 3570 3463 διῳκήσατο
3607 3396 3702 3448 καὶ
3732 3400 3850 3460 ταῖς
3901 3399 3996 3449 τοῦ

2411 3488 2670 3552 θανόντος
2696 3488 2960 3558 βασιλέως
2985 3489 3282 3559 συνθήκαις
3309 3488 3540 3542 καθόσον
3564 3490 3787 3558 ἐφικτὸν
3812 3490 3997 3561 διετή-

2414 3597 2545 3648 ρησε
2575 3581 2673 3650 τὴν
2703 3579 2862 3634 αίδῶ.

2488 3670 2565 3728 Δ’.
2605 3672 2670 3724 Ἦ
2692 3671 2735 3724 δ’
2756 3673 3035 3744 όμόψυχος
3054 3672 3285 3742 ξυνωρὶς
3318 3672 3529 3744 ἐκείνη,
3563 3673 3849 3727 ἀκούσασα
3902 3673 4004 3744 τὴν

2417 3765 2526 3818 τῶν
2546 3764 2844 3836 βασιλικῶν
2868 3769 3213 3838 παρασήμων
3237 3767 3452 3821 ἐκείνου
3501 3767 3820 3838 περιϐολὴν,
3873 3768 4003 3821 ἀνευ

2415 3858 2625 3928 πήδησὲ
2648 3875 2706 3911 τε
2735 3859 2825 3925 ὑφ’
2858 3860 3054 3930 ἡδονῆς
3085 3861 3200 3925 καὶ,
3233 3860 3561 3930 μεμηνότων
3597 3860 3791 3930 ῶσπερ
3825 3877 4002 3929 μιμηο

2419 3957 2631 4025 σαμένη
2658 3955 2921 4019 διάθεσιν,
2947 3957 3083 4026 πρδς
3104 3955 3396 4026 τερατώδη
3433 3954 3695 4025 βακχείαν
3721 3956 3896 4008 ἐκίνει
3936 3955 4003 4007 τὰ

2418 4049 2546 4122 ἢθη.
2599 4048 2887 4118 Ἀφορμὴν
2935 4050 3045 4117 γὰρ
3084 4049 3343 4117 εἰληφυῖα
3380 4049 3442 4102 τὸ
3483 4051 3742 4118 πρᾶγμα,
3777 4049 3873 4100 καὶ
3919 4047 4003 4099 δι-

2419 4141 2641 4209 καίωμα
2673 4139 2936 4206 μέγιστον
2957 4138 3036 4200 είς
3060 4138 3121 4188 τδ
3139 4136 3392 4206 φανερῶς
3421 4137 3753 4204 ἀμύνεσθαι,
3803 4138 3900 4189 καὶ
3939 4138 4006 4189 τά

2421 4229 2588 4282 πάλαι
2615 4227 2715 4296 τῆς
2729 4226 2907 4295 ψυχῆς
2934 4226 3224 4295 άπόρῤητα
3252 4225 3669 4294 ἀρρωστήματα
3702 4225 4005 4295 παρρησια-

2422 4321 2628 4392 ζσμένῃ
2664 4321 2760 4372 καὶ
2781 4317 3034 4389 ἀκρατῶς
3064 4317 3265 4389 ἐχούσῃ
3286 4319 3355 4388 τῇ
3387 4317 3603 4388 γλώττῃ
3659 4317 3716 4378 ἐς
3762 4318 3861 4377 τας
3898 4316 4004 4368 τῶν

2428 4418 2565 4469 ὅλων
2588 4415 2876 4469 ὲπαντλεῖν
2899 4416 3091 4476 ἀκοάς,
3122 4415 3216 4465 καὶ
3254 4412 3498 4465 δικαιοῦν
3533 4418 3633 4481 μεν
3661 4413 3891 4474 ἑαυτοὺς
3917 4413 4010 4478 ὀρ-

2427 4510 2533 4569 θῶς
2558 4507 2960 4575 σκοπουμένους
2989 4507 3049 4560 ὲκ
3071 4504 3269 4557 πολλοῦ
3297 4505 3396 4575 τὴν
3425 4504 3654 4557 ἐκείνων
3686 4504 3890 4574 δηλαδὴ
3913 4522 4010 4556 κα-

749 4590 1042 4644 lactentem
1083 4595 1296 4660 (testem
1351 4594 1497 4646 enim
1559 4595 1840 4663 prioribus
1885 4599 2220 4667 conjecturis
2252 4614 2316 4652 ac
2359 4589 2372 4642 Ι

2387 4596 2399 4635 ⁵
2430 4601 2574 4661 κίαν,
2607 4601 2665 4651 ὲν
2693 4599 3032 4666 σπαργάνοις
3073 4598 3153 4648 ἑτι
3185 4597 3281 4649 καὶ
3314 4597 3510 4664 γάλαξι
3550 4599 4011 4667 κυοφορουμένην

750 4699 1058 4751 prmconem
1107 4700 1236 4737 vere
1270 4687 1513 4740 vocalem
1571 4688 1877 4742 accessisse
1933 4688 2006 4748 id,
2039 4689 2184 4758 quod
2221 4707 2318 4743 no-

749 4776 974 4829 vissime
1003 4786 1186 4831 actutn
1227 4788 1282 4832 et
1317 4779 1370 4832 in
1415 4779 1595 4834 lucem
1631 4783 1884 4850 perfecto
1916 4796 2073 4849 partu
2105 4784 2334 4838 tandem.

751 4868 1046 4940 aliquando
1091 4871 1301 4925 editqu
1342 4872 1525 4941 foret).
1558 4874 1668 4944 jam
1723 4889 1824 4928 nec
1879 4875 2044 4929 dubie
2092 4891 2192 4931 nec
2249 4877 2328 4930 la-

2426 4693 2702 4761 (μάρτυρα
2731 4690 2841 4758 γὰρ
2864 4685 3003 4742 εἶναι
3029 4690 3122 4740 καὶ
3147 4691 3365 4757 κήρυκα
3390 4689 3715 4757 διαπρύσιον
3739 4690 3850 4740 τῶν
3873 4707 4010 4756 προσ

2426 4784 2599 4852 τέρων
2629 4783 2954 4851 στοχασμῶν
2993 4783 3050 4832 τὸ
3072 4780 3166 4833 νῦν
3199 4782 3616 4850 πεπραγμένον,
3650 4783 3784 4850 πρὸς
3823 4781 4010 4848 ἐντελῆ

2427 4893 2546 4929 τινα
2572 4873 2901 4945 προενεχθὲν
2923 4875 3013 4924 τὸν
3037 4872 3194 4924 τόκον
3215 4872 3362 4941 ὀψὲ),
3388 4871 3775 4932 ἀνενδοιάστω,
3795 4870 3898 4942 ήδη
3922 4872 4010 4921 καὶ

2111 5089 2441 5149 Variorum
2479 5097 2662 5149 notua.

752 5267 1060 5335 eodemque
1108 5267 1284 5320 amico
1352 5267 1675 5320 cbarissimo
1730 5263 1868 5319 Lud.
1920 5263 2182 5332 Targnio,
2229 5263 2322 5330 qui

755 5339 987 5393 selectas
1039 5353 1069 5393 e
1129 5339 1314 5392 multis
1380 5340 1640 5390 lectiones
1705 5335 1899 5389 dubias
1962 5344 2148 5404 rogatu
2205 5349 2327 5388 meo

754 5425 881 5464 cum
923 5409 1015 5461 illo
1053 5411 1170 5477 ipso
1201 5409 1388 5461 codice
1419 5408 1671 5459 contulit.
1713 5406 1918 5460 Beivm.

831 5480 906 5542 (τ)
942 5480 972 5531 8
1005 5474 1229 5533 Octobr.
1267 5495 1370 5547 qua
1409 5477 1464 5531 S.
1502 5477 1756 5531 Demetrii
1813 5477 2010 5547 festum
2043 5474 2329 5528 celebrant

755 5550 930 5604 Grmci
969 5560 1019 5598 ιιι
1053 5550 1252 5612 Latini,
1286 5546 1429 5602 anno
1472 5549 1601 5602 Cbr.
1641 5548 1791 5600 l5“.
1830 5546 2044 5604 Nescio,
2076 5561 2174 5597 cur
2211 5561 2327 5599 suae

759 5622 1195 5688 inaugurationis
1243 5621 1386 5672 diem
1425 5619 1641 5672 siluerit
1697 5617 1812 5677 ipse
1865 5616 2161 5669 Cantacuz.
2204 5631 2324 5685 cap.

759 5693 852 5748 27,
889 5708 1051 5758 quam
1084 5692 1332 5759 pluribus
1366 5690 1454 5740 hic
1487 5689 1669 5741 refert.
1714 5688 1940 5741 DlYCANC.

832 5763 912 5827 (ὃ)
958 5757 1196 5814 ΡΓίιιιιΙΙΙΙ
1244 5762 1388 5813 enim
1439 5760 1608 5811 Anuze
1643 5761 1900 5824 Auguslm
1944 5757 2326 5814 acclamatum.

763 5843 879 5884 tum
937 5830 1132 5884 Juanni
1191 5831 1302 5883 ﬁlio
1357 5830 1697 5894 imperatori,
1760 5829 1920 5880 tertio
1966 5828 2086 5880 loco
2131 5827 2331 5880 Joanni

767 5903 1145 5958 Can'acuzcno
1204 5901 1520 5970 imperatori
1578 5916 1700 5954 cmn
1745 5900 1899 5952 lrcnc
1964 5898 2332 5966 imperatricc,

2429 5273 2619 5319 narrat
2651 5263 2794 5317 idem
2820 5262 3114 5316 Cautaeuz.
3157 5259 3256 5315 lib.
3289 5273 3374 5314 ιιι,
3409 5272 3530 5321 cap.
3563 5255 3658 5309 26.
3694 5254 3828 5310 Vide
3859 5270 4009 5310 euul-

2429 5337 2553 5390 dcm
2586 5333 2880 5401 Grc-goram
2912 5333 3007 5385 lib.
3045 5347 3167 5390 xm,
3207 5344 3328 5401 cap.
3359 5330 3411 5382 3.
3442 5328 3691 5401 pecus.

2502 5407 2579 5473 (9)
2636 5395 2721 5458 Id"
2753 5405 2930 5472 ipsum
2980 5402 3180 5473 ibidem
3225 5399 3388 5473 liabet
3431 5395 3850 5473 Cautacurenus
3895 5415 3913 5473 _:
3947 5397 4008 5450 de

2431 5466 2739 5545 quomore
2773 5466 3173 5527 'consuleudus
3217 5468 3484 5530 Codinus,
3526 5468 3600 5520 De
3637 5466 3776 5535 ofﬁc.
3813 5468 4004 5534 palat.,

2433 5564 2548 5612 cap.
2587 5546 2677 5599 21.
2718 5545 2949 5598 Ducuc.

2509 5603 2619 5680 (10)
2671 5615 2809 5669 lliuc
2844 5622 3070 5682 apparet
3108 5626 3291 5682 quam!
3327 5607 3670 5682 familiariter
3734 5603 4004 5682 Gregoras

2438 5677 2559 5741 cuiu
2601 5677 3009 5746 Cautacuzeno,
3056 5677 3166 5735 non
3218 5680 3392 5733 Solum
3429 5679 3664 5748 privato,
3690 5677 3795 5748 sed
3848 5678 4004 5748 etiam

2443 5762 2772 5822 imperatore
2823 5754 3022 5807 vixerit
3056 5771 3067 5805 :
3109 5767 3214 5814 qua
3249 5751 3316 5803 de.
3362 5747 3437 5804 re
3466 5749 3620 5819 plura
3669 5747 3914 5802 diximus
3955 5747 4006 5800 iu

2443 5829 2560 5881 Vita
2595 5827 2765 5896 ipsius
2800 5825 3078 5894 Gregorm.
3117 5822 3322 5875 Doms.
