4242 6446
239 398 349 467 329
637 392 710 464 [Α.
747 409 794 448 ε.
823 395 982 466 iam

1275 405 1714 467 nman
1760 388 2143 470 HISTOZUE
2186 412 2323 477 Lm.
2376 416 2515 477 xu.

2652 411 2786 484 [nte
2819 431 2861 469 ε.
2900 431 3138 471 rumne.
3177 415 3229 485 ll

3418 424 3529 489 8’30

241 503 730 584 ἀπαρακαλύπτως
759 516 896 585 πρὸς
936 517 1203 571 ἄσπονδον
1240 522 1335 573 καὶ
1364 523 1676 591 ἁκὴρυιτον
1711 523 1825 575 ἐκί-
1855 577 1858 584 ί

1954 537 2121 581 ,entcr
2166 529 2535 599 implacabilis
2596 532 3043 606 interneciuique
3094 537 3221 591 belli
3268 546 3527 594 auctores

249 626 378 678 νησε
412 610 477 662 τὰ
512 612 817 678 πράγματα
848 613 1051 681 μάχην.

321 700 398 754 E'.
425 701 538 753 Καὶ
564 695 631 769 ἦν
693 701 821 755 ίδεῖν
858 704 935 766 είς
969 703 1064 756 δύο
1106 705 1299 773 μοίρας
1359 706 1577 775 σχισθὲν
1623 707 1685 761 τὸ
1731 708 1839 759 τῶν

259 791 553 845 Ῥωμαίων
584 792 739 860 γένος
775 792 928 848 ἅπαν
953 797 1093 849 κατὰ
1116 799 1298 851 πᾶσαν
1318 800 1473 851 πόλιν
1494 800 1588 852 καὶ
1614 799 1800 869 χώραν
1821 819 1836 834 ·

247 881 333 943 εἰς
368 898 426 934 τε
454 882 515 933 τὸ
547 886 769 936 συνετὸν
793 887 889 937 καὶ
943 886 1238 942 ἀσύνετονο
1267 890 1350 953 εἴς
1407 907 1467 945 τε
1504 892 1566 945 τὸ
1617 891 1840 965 [R582]

248 972 472 1041 πλούτῳ
498 978 596 1027 καὶ
627 974 753 1049 δόξῃ
785 976 1049 1050 διαφέρον
1094 982 1273 1036 καὶτὸ
1318 984 1498 1047 ἐνδεές
1522 1002 1538 1017 ⁸
1582 984 1664 1045 είς
1690 1002 1748 1037 τε
1783 986 1844 1038 τὸ

250 1066 503 1130 παιδείας
534 1068 794 1134 εὐγενοῦς
818 1073 1091 1139 τρόφιμον
1125 1076 1221 1127 καὶ
1254 1076 1316 1129 τὸ
1375 1078 1558 1148 πάσης
1590 1079 1842 1143 παιδείας

250 1161 543 1225 παντελῶς
595 1164 892 1232 ὑπερόριον
913 1180 928 1195 ⁶
955 1167 1037 1229 εῐς
1080 1184 1138 1220 τε
1170 1168 1231 1220 τὸ
1273 1169 1487 1239 ἔμφρον
1522 1173 1615 1225 καὶ
1647 1189 1839 1241 τεταγ-

254 1253 418 1322 μένον
477 1255 575 1308 καὶ
610 1256 671 1307 τδ
703 1256 878 1324 ἄφρον
937 1258 1031 1310 καὶ
1093 1259 1397 1324 στασιῶδες
1457 1263 1553 1315 καὶ
1608 1266 1845 1333 αίμοχα-

251 1344 384 1411 ρές⁶
425 1346 520 1398 καὶ
587 1349 658 1400 τὶι
735 1346 839 1417 μὶν
905 1346 1100 1415 βελτίω
1172 1350 1350 1402 πάντα
1427 1352 1564 1422 πρὸς
1634 1355 1843 1408 ἐκεῖνον
1908 1344 1917 1357 ”

257 1440 720 1508 μετεῤῥυηκότα·
785 1440 853 1496 τὰ
904 1442 963 1495 δὲ
1023 1442 1192 1512 χείρω
1260 1444 1441 1497 πάντα
1502 1446 1640 1515 πρὸς
1707 1450 1836 1512 τοὺς

253 1531 314 1581 ὲν
346 1529 650 1601 Βυζαντίῳ.
684 1531 748 1587 Οί
776 1535 888 1604 γὰρ
912 1534 1060 1602 γένει
1093 1538 1189 1590 καὶ
1218 1534 1437 1607 πλούτῳ
1457 1538 1557 1592 καὶ
1583 1538 1713 1612 δόξῃ
1738 1541 1847 1593 τῶν

254 1621 472 1675 πολλῶν
507 1625 889 1695 ὑπερέχοντες.
926 1627 1110 1689 οίκους
1158 1630 1387 1697 ἀφέντες
1441 1631 1536 1684 καὶ
1584 1634 1847 1700 γυναῖκας

258 1715 356 1768 καὶ
396 1715 614 1782 παῖδας,
639 1718 719 1779 είς
749 1720 959 1773 ἐκεῖνον
1007 1720 1107 1793 ὅλῃ
1143 1720 1403 1790 προθέσει
1434 1722 1613 1794 ψυχῆς
1642 1714 1848 1796 ἔρρὗί

261 1825 388 1872 σαν,
437 1811 531 1863 καὶ
564 1810 747 1865 αὑτῶν
802 1812 868 1884 δὴ
907 1813 1017 1867 τῶν
1066 1813 1339 1880 φιλτάτων
1399 1814 1497 1885 τὴν
1553 1817 1847 1888 ὑπερόριον

1942 617 2302 675 exsistebant.

2014 712 2077 765 ν.
2109 714 2186 767 Ae
2220 724 2348 770 tunc
2400 716 2631 771 scissum
2683 717 2736 770 in
2771 716 2910 772 duas
2962 729 3148 789 partes
3181 718 3373 775 videre
3404 728 3523 774 erat

1944 817 2043 872 per
2078 820 2270 858 omnes
2299 816 2354 859 et
2392 806 2557 861 urbes
2586 816 2641 861 et
2673 810 2993 877 provincias
3024 824 3185 864 omne
3220 809 3531 864 Romanum

1944 912 2139 965 genus,
2166 912 2220 952 ct
2253 896 2395 951 hine
2420 898 2646 967 quidem
2677 899 3064 970 sapientiores,
3100 900 3226 956 inde
3259 901 3533 971 insipien-

1947 995 2027 1041 tes
2055 997 2201 1040 stare
2233 1005 2246 1039 τ
2280 989 2408 1042 hinc
2452 989 2704 1043 homines
2756 990 2954 1059 opibus
3011 1001 3068 1045 et
3103 991 3370 1060 dignitate
3396 993 3535 1047 etui-

1948 1086 2164 1139 nentes.
2189 1076 2321 1132 inde
2342 1094 2550 1148 egenos
2573 1096 2587 1131 :
2609 1078 2737 1133 hinc
2763 1080 3004 1135 liberalis
3024 1079 3331 1148 disciplinae
3361 1080 3539 1134 alum-

1948 1183 2071 1233 nos,
2106 1168 2235 1223 inde
2293 1170 2504 1224 alienos
2534 1171 2602 1225 ab
2640 1172 2791 1224 omni
2841 1170 3164 1241 disciplina;
3200 1172 3331 1226 hinc
3377 1173 3537 1227 deni—

1949 1276 2058 1329 que
2090 1276 2189 1315 eos
2215 1262 2309 1331 qui
2350 1262 2467 1315 sani
2498 1279 2560 1317 ac
2590 1263 2858 1317 moderati
2888 1273 3094 1325 essent.
3133 1264 3283 1317 illine
3313 1278 3410 1318 eos
3440 1264 3533 1333 qui

1949 1353 2265 1409 iusanirent
2296 1354 2775 1425 seditionibusque
2803 1364 2857 1410 et
2887 1355 3157 1426 sanguine
3186 1355 3490 1425 gauderent
3520 1374 3534 1410 :

1948 1456 2004 1501 et
2033 1446 2274 1516 optimos
2305 1448 2528 1515 quidem
2555 1462 2805 1518 quosque
2846 1448 2933 1504 isti
2974 1447 3378 1519 suﬂ‘ragantes;
3409 1463 3537 1518 pes-

1949 1540 2119 1594 simos
2156 1547 2340 1594 autem
2381 1553 2581 1595 omnes
2630 1538 2964 1612 Byzantinis.
2997 1540 3102 1608 Qui
3135 1541 3284 1597 enim
3313 1556 3538 1612 genere,

1949 1633 2147 1702 opibus
2206 1641 2263 1688 et
2301 1633 2568 1704 dignitate
2623 1632 2868 1703 reliquos
2900 1634 3207 1697 anteibant,
3242 1635 3279 1689 ii
3332 1634 3541 1689 relictis

1952 1726 2115 1792 locis,
2171 1727 2520 1799 coniugibus,
2569 1726 2780 1792 liberis,
2816 1727 2883 1781 ad
2945 1727 3111 1782 istum
3167 1729 3315 1783 omni
3352 1726 3540 1783 studio

1953 1819 2344 1881 convolabant.
2377 1820 2545 1873 vitam
2583 1818 3009 1889 iucundissimis
3054 1821 3223 1873 rebus
3242 1819 3540 1876 carituram

258 1903 619 1974 προελόμενοι
677 1906 912 1970 δίαιταν.
954 1910 1049 1963 καὶ
1106 1909 1317 1980 βέλτιον
1356 1911 1698 1981 ἡγησάμενοι
1750 1916 1850 1969 σὺν

1954 1914 2240 1984 eligentes,
2272 1922 2477 1968 etcum
2536 1912 2641 1966 isto
2670 1914 2781 1981 pati
2817 1912 3005 1981 iniqua
3058 1913 3229 1967 satius
3256 1913 3540 1977 ducentes.

257 1995 456 2063 ἐκείνῳ
480 1997 784 2068 δυστυχεῖν.
817 2000 850 2069 ἢ
889 2002 1028 2071 μετὰ
1060 2002 1267 2058 τούτων
1292 2006 1512 2076 τρυφᾷν
1536 2022 1551 2038 ο
1594 1987 1751 2075 οἶμαι
1790 2008 1851 2060 τὸ

255 2085 355 2139 τοῦ
390 2088 776 2159 Ἀναχάρσιδος
808 2092 1080 2159 λέγοντες,
1117 2094 1194 2157 ὡς
1250 2098 1508 2164 κρεῖσσον
1540 2097 1636 2150 ἕνα
1686 2099 1842 2168 φίλον

258 2180 563 2245 κεκτῆσθαι
626 2182 841 2236 πολλῶν
897 2183 1070 2251 ἄξιον,
1120 2184 1153 2255 ἢ
1209 2188 1439 2252 πολλοὺς
1499 2187 1683 2256 ἀξίους
1745 2210 1848 2260 μη⁶

256 2274 433 2338 δενός.

332 2366 426 2435 (Γ.
464 2370 640 2441 ’Υλην
664 2374 845 2429 τοίνυν
897 2378 1171 2446 εὑρόντες,
1235 2383 1301 2452 ἢν
1358 2382 1525 2435 πάλαι
1562 2380 1849 2445 ποθοῦντες

260 2454 580 2526 ἐτύγχανον,
615 2463 921 2530 φακέλλους
951 2469 1301 2540 γραμμάτων
1323 2471 1633 2542 διέπεμπον
1662 2472 1710 2522 οἱ
1741 2469 1847 2521 Bu-

260 2552 473 2617 ζάντιοι
516 2557 773 2629 πρόεδροι
806 2562 949 2615 κατὰ
974 2563 1159 2618 πᾶσαν
1186 2565 1457 2636 ἐπαρχίαν
1521 2566 1616 2618 καὶ
1670 2563 1849 2626 πόλιν,

257 2652 513 2723 ἀνάθεμα
538 2654 632 2707 καὶ
665 2655 1012 2725 ἀφορισμοὺς
1050 2659 1382 2727 περιέχοντα
1440 2659 1685 2717 πάντων,
1729 2659 1848 2711 ὅσοι

261 2746 410 2812 φί>.οι
459 2747 707 2801 θέλουσιν
748 2744 888 2801 εἶναι
913 2748 1006 2802 τοῦ
1055 2750 1554 2823 Καντακουζηνοῦ·
1606 2752 1700 2806 καὶ
1736 2752 1851 2820 ἅμα

259 2839 374 2889 πᾶν
398 2837 462 2890 τό
506 2855 567 2891 τε
595 2839 889 2909 δημοτικὸν
921 2840 1232 2910 ἔρεθίζοντα
1263 2842 1406 2896 κατὰ
1433 2842 1539 2896 τῶν
1578 2843 1851 2896 πλουσίων

260 2932 479 2985 καὶτὸν
510 2929 781 3001 βάναυσον
825 2931 984 3003 ὄχλον
1039 2935 1183 2989 κατὰ
1213 2935 1324 2988 τῶν
1382 2935 1510 3007 δόξῃ
1556 2937 1652 2989 καὶ
1700 2936 1850 3004 γέν;ι

262 3023 625 3093 προύχόντων
649 3039 663 3054 ·
700 3024 787 3077 ἵνα
817 3025 927 3077 τῶν
957 3024 1132 3089 οὑτως
1165 3027 1401 3094 ἐχόντων
1436 3028 1498 3079 ὲκ
1532 3026 1702 3094 μέσον
1752 3045 1849 3095 γε·

260 3118 532 3185 νομένων,
567 3118 811 3187 εὑχερῶς
843 3119 1000 3172 αὑτοὶ
1031 3119 1132 3186 τῆς
1166 3120 1345 3188 ἀρχῆς
1405 3121 1698 3189 ἐγκρατεῖς
1749 3138 1850 3174 κα-

257 3211 527 3275 ταστῶσι,
571 3211 735 3281 μηδὲν
760 3210 977 3265 ὁθενοῦν
1015 3211 1309 3264 ἀντίπαλον
1341 3211 1704 3282 ὑφορώμενοι.
1741 3215 1852 3267 Kal.
1879 3253 1920 3282 ,η

264 3308 456 3376 μέντοι
495 3306 592 3358 καὶ
619 3308 845 3373 γέγονεν
882 3306 1136 3361 ιντεῦθεν
1174 3307 1411 3378 μεγίστη
1435 3308 1533 3361 καὶ
1563 3307 1851 3377 πολυειδὴς

259 3398 444 3466 φθορὰ
479 3398 730 3468 πανταχῆ
754 3398 863 3451 τῶν
922 3398 1255 3468 Ῥωμαϊκῶν
1295 3399 1356 3451 ὲν
1412 3398 1612 3468 βραχεῖ
1673 3414 1853 3469 πραγ-

262 3492 477 3560 μάτων,
503 3490 623 3543 οἷαν
675 3489 851 3555 οὐδεὶς
878 3492 935 3543 ἐν
986 3491 1181 3561 βραχεῖ
1235 3491 1588 3561 παραστῆσαι
1628 3492 1853 3546 δύναται

258 3585 447 3653 λύγος.

335 3674 414 3731 Ζ’.
461 3676 520 3730 Ὀ
552 3677 654 3746 μὲν
714 3674 811 3731 οὖν
845 3677 1302 3745 Καντακουζηνδς
1372 3679 1528 3732 οὐδὲν
1572 3679 1852 3746 ὲπιδείξα·

265 3770 399 3824 σθαι
426 3768 627 3838 θάρσος
664 3768 938 3833 ὲδούλετο,
967 3768 1078 3822 οὐδ’
1100 3768 1373 3839 ἐπεχείρει
1406 3772 1542 3841 πρὸς
1575 3772 1728 3824 οὐδὲν
1746 3770 1856 3823 τῶν

260 3863 529 3916 ἁπάντων
552 3862 789 3932 σπουδῆς
827 3861 1001 3927 ἄξιον,
1034 3855 1124 3916 οἷα
1143 3861 1360 3932 φιλοῦσι
1392 3865 1571 3916 ποιεῖν
1597 3864 1648 3915 oi
1684 3862 1858 3915 τοιού-

260 3974 383 4021 τοις
406 3954 787 4027 ἐγχειροῦντες
827 3957 922 4009 καὶ
985 3956 1120 4027 πρὸς
1163 3957 1392 4010 τοιαῦτα
1438 3955 1656 4025 πελάγη
1698 3972 1854 4008 συνε-

264 4053 558 4115 λαθέντες·
588 4048 704 4104 ἀλλ’
743 4049 937 4120 ἔμενεν
966 4050 1172 4121 ἥσυχος
1237 4049 1377 4120 μετὰ
1425 4051 1526 4120 τῆς
1579 4051 1855 4119 ἑπομένης

266 4148 422 4212 αὑτῷ
457 4145 739 4216 στρατιᾶς.
798 4142 925 4214 Εἶχε
986 4145 1096 4214 γὰρ
1144 4143 1395 4209 ὁπλίτας,
1433 4142 1543 4197 τῶν
1583 4144 1682 4213 μὲν
1736 4144 1856 4196 λίαν

266 4245 515 4311 ὶρίστων
543 4240 641 4294 καὶ
679 4237 843 4310 ῥώμῃ
876 4236 1129 4309 σώματος
1158 4240 1257 4291 καὶ
1273 4237 1456 4308 ψυχῆς
1500 4237 1696 4308 ἀνδρίᾳ
1762 4239 1858 4293 καὶ

266 4335 441 4403 πείρᾳ
466 4335 857 4403 διαφερόντων,
893 4332 1027 4401 ἄχρι
1052 4333 1146 4385 καὶ
1183 4333 1241 4392 ἐς
1281 4331 1583 4401 δισχιλίους
1603 4331 1808 4394 ἱππέας
1838 4347 1853 4362 ·

265 4428 321 4481 οἳ
350 4427 445 4478 καὶ
464 4428 527 4479 τὸ
552 4424 649 4477 σὺν
680 4424 828 4492 αὐτῷ
862 4423 1046 4475 θανεῖν
1086 4422 1269 4493 πολλῷ
1324 4425 1655 4493 τιμιώτερον
1715 4420 1858 4495 ἦσαν

267 4520 594 4590 ἡγούμενοι,
627 4520 661 4591 ἢ
697 4517 838 4588 πλὴν
866 4515 1033 4571 αὑτοῦ
1074 4515 1176 4586 ζῇν
1221 4517 1348 4588 ἄχρι
1403 4520 1531 4587 μιᾶς
1556 4534 1702 4580 τινος
1756 4519 1853 4584 τῆς

1953 2020 2117 2075 quam
2152 2019 2277 2058 cum
2339 2004 2447 2059 illis
2484 2005 2671 2059 vivere
2710 2004 2983 2061 delicate:
3027 2005 3181 2071 illud,
3214 2017 3367 2073 puto,
3401 2008 3539 2062 Ana-

1953 2098 2227 2153 charsidis
2285 2108 2640 2167 usurpantes,
2690 2097 2891 2151 melius
2950 2113 3072 2153 esse
3106 2114 3276 2153 unum
3337 2097 3543 2154 habere

1952 2191 2192 2245 amicum
2252 2190 2407 2245 multi
2462 2188 2871 2255 aestimandum,
2901 2204 3069 2260 quam
3125 2190 3329 2260 nullius
3380 2192 3543 2263 pretii

1955 2283 2179 2337 multos.

2023 2373 2115 2427 Vl.
2145 2373 2500 2429 Occasionem
2528 2373 2695 2447 614
2732 2375 2917 2445 itaque
2968 2374 3138 2440 nacti,
3174 2390 3340 2445 quam
3376 2389 3546 2444 expe-

1956 2471 2143 2523 tebant
2182 2468 2419 2538 pridem,
2474 2468 2736 2537 praesules
2770 2468 3055 2540 Byzantini
3110 2484 3207 2537 per
3251 2484 3446 2523 onmes
3490 2478 3548 2523 et

1952 2560 2266 2630 provincias
2302 2569 2362 2614 et
2397 2560 2650 2615 civitates
2680 2559 2978 2615 fasciculos
3012 2559 3306 2614 mittebant
3332 2559 3544 2613 littera-

1953 2669 2101 2717 rum,
2126 2655 2421 2707 anathema
2472 2662 2529 2707 et
2578 2652 2873 2707 interdicta
2909 2651 3316 2706 continentium
3348 2650 3545 2704 adver-

1953 2761 2048 2801 sus
2071 2760 2187 2810 eos,
2220 2747 2313 2815 qui
2346 2744 2508 2804 amici
2567 2755 2756 2800 essent
2808 2744 3221 2810 Cantacuzeno,
3270 2742 3546 2811 simulque

1952 2849 2009 2894 et
2040 2839 2254 2909 plebem
2278 2853 2496 2892 omnem
2543 2838 2596 2892 in
2625 2837 2826 2892 divites
2860 2838 3220 2901 irritantium,
3246 2846 3302 2891 et
3332 2851 3547 2890 merce-

1953 2933 2164 2987 nariam
2197 2930 2605 2986 multitudinem
2640 2932 2693 2986 in
2722 2946 2817 2986 eos
2851 2930 2943 3001 qui
2971 2929 3238 3000 dignitate
3267 2939 3319 2985 et
3344 2945 3545 2999 genere

1953 3024 2320 3080 eminebant:
2366 3036 2427 3078 ut
2481 3023 2713 3078 sublatis
2778 3023 2847 3078 de
2896 3023 3082 3077 medio
3136 3022 3206 3077 iis
3258 3022 3351 3093 qui
3409 3021 3549 3077 tales

1953 3110 2135 3181 erant,
2169 3116 2328 3171 facile
2384 3115 2485 3186 ipsi
2521 3120 2739 3171 'rerum
2787 3115 3133 3170 dominatum
3196 3113 3546 3184 invaderent,

1953 3208 2094 3263 nihil
2150 3223 2480 3278 quacunque
2516 3223 2583 3261 ex
2633 3217 2789 3277 parte
2830 3208 3172 3262 contrarium
3202 3216 3549 3275 suspectum-

1954 3316 2063 3371 que
2095 3301 2363 3356 habituri.
2392 3301 2461 3356 Et
2515 3311 2668 3357 certe
2708 3300 2945 3354 maxima
2998 3298 3129 3354 inde
3164 3314 3228 3353 ac.
3260 3298 3548 3369 multiplex

1957 3393 2229 3449 universa:
2284 3395 2361 3448 rei
2416 3393 2676 3447 Romana:
2732 3393 2918 3446 clades
2970 3391 3126 3446 brevi
3190 3401 3381 3445 exorta
3441 3401 3548 3457 est,

1955 3487 2173 3557 qualem
2204 3486 2393 3554 paucis
2426 3488 2741 3556 exprimere
2771 3487 2918 3538 nulla
2956 3486 3127 3554 possit
3167 3485 3367 3539 oratio.

2027 3673 2142 3726 V'll.
2188 3672 2610 3727 Cantacuzeuus
2663 3689 2792 3724 vero
2862 3672 3011 3726 nulla
3062 3689 3120 3726 re
3166 3672 3431 3727 audacem
3490 3688 3549 3726 se

1952 3766 2279 3831 ostendere.
2312 3765 2450 3818 nihil
2503 3766 2722 3835 aggredi
2756 3765 2997 3822 volebat.
3033 3764 3176 3833 quod
3213 3781 3393 3832 opera:
3428 3778 3553 3831 pre-

1959 3854 2097 3910 tium
2136 3868 2302 3923 esset,
2347 3868 2407 3912 ut
2460 3858 2640 3912 solent
2675 3858 2709 3910 ii
2764 3858 2857 3926 qui
2909 3856 3036 3910 talia
3070 3855 3378 3923 inceptaut,
3410 3864 3467 3909 et
3496 3854 3549 3911 in

1956 3964 2055 4005 eos
2093 3964 2279 4005 rerum
2308 3958 2478 4004 astus
2506 3948 2779 4019 compulsi
2836 3957 3002 4012 sunt;
3034 3945 3131 4000 sed
3172 3945 3396 4014 quietus
3422 3960 3552 4000 cum

1957 4056 2060 4098 suo
2085 4042 2336 4098 exercitu
2393 4046 2670 4097 manebat.
2707 4039 2956 4095 Habebat
2993 4040 3144 4094 enim
3182 4047 3548 4103 armatorum,

1957 4151 2150 4192 eorum
2186 4134 2407 4204 inquam
2447 4134 2541 4205 qui
2591 4134 2753 4204 longe
2809 4132 3096 4187 fortissimi
3134 4141 3323 4187 essent
3362 4141 3419 4185 et
3452 4145 3552 4184 ro-

1957 4230 2092 4285 bore
2151 4237 2261 4282 tam
2324 4227 2493 4281 animi
2569 4242 2734 4296 quam
2787 4225 3039 4295 corporis
3100 4223 3550 4294 experientiaque

1958 4328 2305 4392 pra'starent,
2332 4320 2399 4375 ad
2436 4321 2548 4374 duo
2597 4319 2849 4389 equitum
2901 4316 3105 4381 millia;
3142 4316 3345 4386 quibus
3378 4314 3549 4368 multo

1960 4415 2326 4483 praestabilius
2352 4412 2640 4467 videbatur
2679 4410 2819 4464 mori
2855 4424 2979 4465 cum
3005 4423 3094 4471 eo,
3136 4423 3302 4478 quam
3334 4406 3453 4461 sine
3481 4420 3549 4460 eo

1960 4507 2044 4560 vel
2078 4522 2241 4559 unam
2268 4512 2482 4559 tantum
2532 4504 2679 4558 diem
2730 4505 2938 4557 vivere.
2971 4500 3076 4555 Tot
3107 4502 3291 4570 itaque
3322 4513 3385 4552 ac
3415 4497 3552 4552 tales

269 4615 513 4683 ἡμέρας.
543 4614 608 4665 οι
652 4590 769 4681 μὲν
798 4606 893 4664 οὖν
921 4611 1149 4678 λογάδες
1181 4611 1416 4664 τοιοῦτοι
1448 4612 1544 4665 καὶ
1603 4615 1848 4666 τοσοῦτοι

1955 4607 2115 4653 erant
2156 4598 2283 4652 lecti
2351 4597 2572 4651 milites.
2609 4596 2712 4661 Qui
2760 4603 2943 4648 autem
2989 4591 3292 4648 secundum
3336 4591 3405 4646 ab
3442 4590 3553 4645 illis

267 4708 367 4762 τδν
397 4704 633 4776 ἀριθμὸν
654 4699 797 4772 ἦσαν
822 4701 974 4773 αὑτῷ
999 4717 1014 4732 ·
1051 4703 1106 4755 oi.
1164 4701 1222 4755 δὲ
1260 4703 1379 4773 μετ’
1412 4703 1612 4765 αὐτοὺς
1661 4704 1857 4756 ταττόο

274 4818 433 4873 μενοι
462 4800 541 4860 δὶς
573 4798 843 4851 τοσοῦτοι.

348 4891 431 4947 11⁸.
471 4892 708 4952 Ἐκεῖνος
736 4890 837 4959 μὲν
864 4886 958 4943 οὖν
987 4889 1409 4969 διεπρερὸεύετο
1438 4889 1574 4960 πρὸς
1609 4892 1734 4955 τοὺς
1758 4892 1862 4943 Βυ-

271 4984 531 5048 ζαντίους
562 4984 629 5036 τὰ
671 4984 808 5052 πρὸς
838 4984 1063 5053 εἰρήνην
1089 4983 1283 5052 συχνὰ,
1345 4984 1437 5037 καὶ
1489 4984 1599 5036 τῶν
1654 4984 1863 5053 βασιλι-

274 5075 392 5127 κῶν
416 5072 513 5125 τοῦ
535 5072 773 5140 συζύγου
815 5071 914 5141 τὴν
954 5072 1204 5142 βασιλίδα
1229 5073 1613 5143 ἀνεμίμνησκε
1666 5074 1861 5143 διαθη-

275 5164 393 5219 κῶν
435 5165 531 5217 κα¹ι
569 5164 819 5225 ἐντολῶν,
853 5163 916 5224 ἃς
968 5165 1171 5227 ἐκεῖνος
1212 5164 1292 5216 ἔτι
1356 5166 1466 5230 ζῶν
1510 5164 1646 5234 αὐτῇ
1706 5166 1863 5217 διετί-

276 5259 426 5318 θετο,
457 5258 585 5324 περί
611 5274 667 5307 τε
689 5256 884 5326 κήδους
914 5256 1007 5309 τοῦ
1046 5257 1166 5308 νέου
1195 5258 1465 5327 βασιλέως
1489 5258 1584 5310 καὶ
1637 5258 1859 5326 ὲπιτρου

276 5353 386 5421 πῆς
420 5349 517 5402 τοῦ
548 5350 1002 5419 Καντακουζηνοῦ
1058 5349 1185 5419 ἄχρι
1214 5349 1315 5419 τῆς
1378 5350 1694 5419 πρεπούσης
1747 5352 1866 5418 ἠλι-

277 5446 408 5505 κίας
438 5441 527 5494 τοῦ
565 5442 884 5511 νέου.Μηδὲ
945 5444 1053 5512 γὰρ
1112 5442 1311 5511 χρῆναι
1368 5444 1649 5495 πιστεύειν
1707 5443 1863 5497 ἁλλο-

276 5535 449 5604 τρίοις
503 5532 847 5600 συμϐούλοις,
916 5549 1008 5586 καί
1066 5535 1245 5586 πάντα
1299 5533 1435 5604 πρὸς
1496 5534 1594 5603 τὴν
1641 5535 1855 5586 οἰκείαν

279 5623 680 5687 σπουδάζουσιν
712 5623 921 5693 ἔφεσιν.
980 5626 1074 5677 καὶ
1132 5619 1351 5678 ὄσαῬ.
1378 5623 1505 5696 585]
1551 5626 1649 5694 τὴν
1708 5625 1863 5693 ταχί-

280 5735 421 5787 στην
458 5716 759 5786 ἀνατρέψαι
787 5716 1044 5771 δύνανται
1075 5718 1175 5772 τὴν
1198 5718 1375 5784 πάλαι
1394 5721 1748 5782 κατάστασιν,
1772 5720 1867 5773 καὶ

279 5814 381 5866 ὅλα
419 5810 729 5880 συλλήϐδην
766 5810 945 5863 εἰπεῖν
970 5810 1039 5863 τὰ
1073 5811 1171 5878 τῆς
1214 5811 1492 5881 βασιλείας
1536 5813 1860 5882 πράγματα.

356 5901 434 5956 8'.
472 5901 539 5955 ἸΙ
564 5901 617 5954 δὶ
651 5902 869 5974 τοιαύτη
900 5901 992 5955 τοὺ
1016 5903 1204 5974 ἀνδρὸς
1234 5904 1507 5983 ἡμερότης
1544 5904 1639 5957 οὐκ
1668 5905 1867 5980 ἐμάλα-

1963 4693 2145 4746 locum
2178 4692 2519 4756 obtinerent,
2554 4690 2640 4743 bis
2675 4690 2903 4763 totidem
2943 4695 3123 4742 erant.

2034 4892 2174 4948 Vill.
2218 4890 2327 4946 Iste
2363 4890 2527 4961 igitur
2556 4890 2877 4956 frequentes
2905 4887 2972 4940 de
3005 4899 3138 4955 pace
3161 4882 3462 4953 legationes
3481 4881 3549 4935 ad

1964 4986 2290 5058 Byzantinos
2346 4983 2617 5043 mittebat,
2651 4990 2707 5035 et
2765 4984 3060 5049 Augustam
3095 4973 3551 5031 commonefacia-

1964 5081 2055 5134 bat
2086 5094 2357 5149 supremae
2400 5075 2705 5130 voluntatis
2734 5082 2790 5127 et
2823 5070 3206 5125 mandatorum
3258 5068 3551 5135 imperato-

1967 5170 2041 5223 ris
2071 5168 2318 5238 eonjugis
2347 5167 2457 5227 sui,
2483 5182 2604 5234 quae
2654 5165 2722 5217 ab
2768 5162 2859 5216 illo
2914 5162 3093 5214 adhuc
3124 5161 3345 5213 vivente
3391 5171 3549 5210 acce-

1964 5263 2154 5333 pisset,
2181 5258 2347 5330 615
2395 5257 2463 5312 de
2527 5256 2787 5310 afﬁnitate.
2824 5253 3062 5323 junioris
3107 5249 3454 5318 imperatoris
3481 5262 3553 5300 ac-

1965 5355 2032 5408 de
2075 5353 2243 5405 tutela
2269 5349 2659 5405 Cantacuzeno
2718 5346 3035 5407 deferenda,
3066 5342 3244 5412 quoad
3292 5341 3547 5394 idoneam

1962 5456 2175 5502 aetatem
2218 5444 2461 5513 pupillus
2512 5442 2822 5509 attigisset;
2872 5454 2975 5491 nee
3016 5437 3162 5490 enim
3208 5433 3543 5487 credendum

1964 5550 2084 5589 esse
2113 5530 2388 5586 extraneis
2414 5529 2763 5593 consiliariis,
2802 5527 2893 5596 qni
2922 5527 3105 5579 omnia
3142 5540 3240 5594 pro
3292 5538 3387 5577 sua
3418 5522 3546 5574 libi-

1964 5628 2089 5682 dine
2148 5627 2405 5680 alacriter
2458 5624 2829 5691 susciperent,
2886 5617 3372 5688 eaque‘maxime,
3426 5628 3549 5682 qua:

1966 5729 2207 5774 veterem
2231 5727 2436 5774 statum
2473 5731 2660 5770 rerum
2682 5723 2739 5769 et
2770 5715 3087 5768 universum
3117 5722 3345 5779 prorsus
3376 5706 3555 5776 impe-

1970 5815 2108 5874 rium
2144 5823 2370 5881 possent
2395 5821 2667 5864 evertere.

2040 5906 2107 5960 ll
2152 5907 2227 5962 Eia
2260 5903 2356 5958 viri
2391 5900 2704 5958 humanitas
2733 5902 2947 5959 animos
2987 5894 3372 5969 Byzantiorum
3400 5890 3543 5945 haud
