4242 6446
729 369 829 432 855
1054 361 1133 436 [Α.
1173 381 1232 420 Μ.
1270 363 1429 432 6850,
1478 377 1586 418 tun.
1632 359 1721 422 tot

2049 358 2460 421 NICETIIORI
2504 353 2886 418 GREGORXE

3102 347 3232 419 [ηερ.
3277 361 3316 399 J.
3358 357 3596 399 νιιεοιη
3629 340 3683 414 9]

3866 344 3970 407 856

803 485 865 536 ll.
911 485 1095 551 Itaque
1121 486 1416 552 imperator
1440 482 1728 536 maximam
1766 479 2136 548 optimamque
2195 491 2288 528 eo-
2319 473 2363 530 Λ

2465 473 2540 525 B'.
2585 471 2737 523 Ἐπεί
2783 486 2845 536 γε
2889 467 2992 536 μὴν
3022 469 3048 518 ὁ
3110 464 3361 534 βασιλεὺς
3396 463 3586 513 ἐθεᾶτο
3642 459 3768 527 περὶ
3811 459 3971 509 αὖτὸν

727 577 938 646 piarum
973 591 1196 628 suarum
1235 587 1443 644 partem
1466 575 1605 628 circa
1632 590 1687 625 se
1713 572 2062 637 glomeratam
2084 568 2296 624 videns.

735 666 788 723 in
819 669 1044 721 ordines
1096 682 1152 722 et
1197 667 1454 722 cohortes
1484 665 1713 727 dividit;
1773 663 1824 716 in
1859 663 2109 716 dextrum
2164 659 2300 712 sini-

729 771 1013 831 strumqne
1068 777 1237 816 cornu
1291 758 1610 817 distribuit;
1673 754 1904 808 mediam
1967 752 2289 821 phalangem

725 874 833 911 non
872 866 981 910 tam
1016 857 1068 909 in
1116 853 1446 923 profundum
1497 867 1658 920 quam
1728 851 1778 901 in
1819 849 2042 917 longum
2101 853 2156 897 et
2197 860 2294 898 an-

727 957 943 1015 gustum
977 946 1240 1001 extendit.
1276 951 1501 1013 propter
1541 941 1708 1010 636
1736 938 2017 990 hominum
2056 935 2298 1005 paucita-

730 1047 876 1102 tem;
917 1041 1086 1092 duces
1126 1037 1191 1089 iis
1219 1034 1446 1103 praeficit
1487 1034 1749 1086 Joannem
1799 1028 2064 1097 Augelnm
2092 1041 2297 1094 eosque

729 1147 942 1193 omnes.
973 1128 1065 1196 qui
1097 1128 1328 1197 proximi
1390 1135 1503 1178 tum
1545 1125 1620 1176 rei
1671 1123 1884 1176 bellicae
1953 1119 2293 1188 experientia

730 1231 843 1276 tum
878 1221 1206 1290 cognatione
1236 1229 1414 1273 erant.
1467 1217 1677 1271 Deinde
1722 1213 1963 1266 hostium
2001 1210 2296 1264 adventum

730 1315 995 1369 immotus
1018 1323 1324 1382 exspectat.
1364 1311 1549 1366 Aciem
1604 1308 1751 1362 enim
1813 1322 1880 1359 ex
1939 1305 2169 1357 adverso
2215 1304 2296 1355 in-

730 1408 976 1461 struebat
1008 1415 1064 1460 et
1114 1406 1476 1474 Apocaucus:
1535 1415 1761 1454 manum
1806 1407 1987 1451 autem
2035 1411 2158 1448 cum
2193 1395 2300 1448 illis

730 1513 1022 1555 conserere
1049 1513 1158 1551 non
1194 1497 1490 1549 admodum
1521 1493 1778 1556 audebat,
1817 1506 1941 1544 cum
1967 1489 2183 1542 videret
2202 1502 2300 1540 eos

731 1591 825 1659 qui
881 1591 1272 1659 imperatorem
1329 1587 1524 1648 armati
1587 1582 2035 1638 circumstabant.
2104 1580 2302 1633 bellico

731 1682 927 1735 ardore
961 1685 1149 1748 plenos
1197 1690 1254 1734 et
1300 1694 1368 1732 eo
1398 1678 1656 1731 redactos
1692 1673 2099 1743 desperatione,
2137 1680 2199 1723 ut
2235 1669 2300 1722 ad

730 1773 1120 1828 etfundendam
1150 1772 1388 1826 animam
1420 1768 1594 1838 parati
1618 1775 1820 1821 essent.

804 1867 894 1923 lll.
921 1867 1192 1922 Paulatim
1231 1867 1420 1934 itaque
1449 1877 1748 1918 conversus
1781 1861 2078 1928 imperator
2098 1857 2163 1910 ad
2183 1857 2305 1909 Tri-

734 1961 911 2015 ballos
937 1960 1205 2013 instructa
1235 1958 1351 2012 acie
1385 1971 1505 2011 sese
1535 1953 1854 2022 recipiebat,
1875 1951 2016 2003 malo
2048 1947 2293 2002 evidenti

738 2053 1034 2121 praeferens
1058 2052 1259 2106 malum
1283 2051 1574 2103 incertum.
1602 2048 1679 2102 Ad
1707 2054 1964 2099 externas
1977 2044 2126 2096 enim
2145 2057 2306 2110 quas-

737 2146 860 2198 dam
891 2157 1082 2210 gentes
1105 2144 1197 2212 qui
1233 2143 1285 2194 in
1319 2142 1628 2195 calamitate
1652 2148 1847 2207 sponte
1893 2155 1990 2192 sua
2039 2135 2308 2206 confuge-

740 2238 870 2298 rint.
889 2251 1080 2290 eorum
1108 2234 1482 2288 conditionem
1517 2233 1817 2300 plurimum
1849 2231 2055 2284 scimus
2074 2229 2307 2282 valuistze

739 2342 1122 2396 smpennmero
1155 2328 1219 2380 ad
1261 2325 1698 2381 misericordiam
1739 2340 1806 2378 ex
1847 2321 2176 2375 verecundia
2214 2336 2311 2373 ex-

740 2423 1059 2475 citandam:
1099 2435 1223 2474 cum
1255 2419 1359 2472 illa:
1413 2418 1667 2471 nationes
1716 2425 2041 2470 vererentur
2077 2414 2310 2467 fortasse

738 2525 790 2568 et
819 2515 1060 2568 divinam
1093 2512 1556 2581 indignationem.
1613 2521 1667 2564 et
1700 2508 2169 2564 existimationem
2205 2507 2310 2559 lio-

741 2602 974 2665 minum.
1003 2617 1124 2670 quae
1149 2601 1256 2652 vim
1277 2598 1570 2668 quamdam
1622 2612 1876 2650 arcanam
1901 2596 2066 2649 habet
2090 2609 2313 2663 persua-

741 2695 906 2747 dendi
966 2693 1245 2761 plerisque
1289 2691 1481 2744 nescio
1523 2689 1806 2758 quomodo
1832 2728 1847 2749 ,
1905 2695 1966 2740 ut
1997 2701 2186 2740 eorum
2219 2684 2310 2753 qui

743 2795 901 2838 antea
941 2785 1256 2843 floruerint.
1288 2783 1694 2843 misereantur;
1728 2791 1843 2833 tum
1871 2779 2148 2840 videlicet,
2180 2792 2308 2832 cum

746 2877 914 2928 relata
940 2885 1024 2929 est
1055 2883 1202 2927 retro
1253 2872 1495 2930 fortuna.
1539 2884 1640 2922 nec
1675 2868 1902 2936 gradum
1959 2865 2178 2919 invidizc
2213 2864 2312 2916 ob-

746 2969 970 3020 noxium
1028 2965 1253 3019 immota
1324 2960 1539 3024 tenuit,
1615 2958 1927 3014 tenerrimis
1993 2957 2117 3010 talis
2175 2955 2315 3007 male

748 3062 905 3114 fulta.
934 3059 1096 3113 Cives
1127 3066 1331 3116 autem.
1367 3057 1458 3110 ubi
1485 3054 1657 3108 semel
1723 3053 1806 3106 fas
1847 3051 2142 3118 abruptum
2205 3055 2313 3105 est.

746 3157 1126 3224 implacabiles
1151 3165 1209 3210 ut
1243 3155 1544 3224 plurimum
1573 3152 1868 3214 exsistunt,
1909 3151 1960 3203 in
1995 3149 2126 3202 iram
2153 3163 2217 3202 ac
2240 3149 2316 3201 ci-
2341 3155 2384 3214 ο

747 3252 896 3303 vium
935 3249 1138 3303 caedem
1171 3248 1356 3305 effusi.

815 3340 903 3396 ιν.
939 3339 1238 3394 Celerrime
1277 3340 1462 3408 itaque
1509 3337 1748 3404 spatium
1785 3335 2134 3403 interjectum
2189 3347 2312 3385 eum

749 3430 1189 3489 transeurrisset,
1217 3428 1362 3480 circa
1400 3427 1571 3478 ferme
1595 3426 1715 3477 illos
1746 3424 1902 3483 fines.
1925 3437 2063 3489 quos
2084 3421 2314 3474 adversa

748 3523 963 3574 fortuna
997 3519 1282 3585 ademptos
1308 3517 1574 3570 Romanis
1621 3516 1686 3568 ad
1719 3515 1994 3568 Triballos
2027 3512 2318 3567 transtule-

750 3624 854 3671 rat.
881 3627 980 3678 per
1018 3620 1185 3664 totam
1213 3617 1586 3662 commoratus
1613 3617 1698 3660 est
1735 3619 1982 3667 noctem,
2015 3605 2147 3658 illud
2184 3603 2318 3656 Leo-

752 3702 893 3755 nidae
912 3702 1189 3772 Spartani,
1211 3701 1303 3769 qui
1328 3702 1390 3753 ad
1418 3699 1817 3769 Thermopylas
1873 3697 2156 3767 pugnavit,
2174 3697 2316 3766 apud

753 3794 1048 3846 familiares
1082 3806 1211 3845 suos
1241 3805 1531 3857 usurpans.
1580 3805 1848 3843 converso
1907 3789 2195 3842 verborum
2230 3803 2322 3840 or-

751 3884 878 3936 dine
907 3901 919 3936 :
963 3882 1192 3935 «Adeste
1223 3881 1308 3934 bic
1335 3894 1641 3940 coenemus.
1677 3887 1735 3931 ut
1774 3879 1828 3931 in
1876 3878 2020 3932 Oreo
2049 3878 2320 3946 prandea-

753 3990 876 4026 mus
910 3993 927 4023 ι
958 3972 1119 4042 637
1155 3973 1231 4022 Ac
1252 3978 1474 4038 postera
1513 3969 1733 4038 quidem
1760 3968 1849 4022 die
1911 3967 2080 4020 mittit
2131 3981 2324 4036 quam-

757 4067 990 4134 primum
1029 4065 1092 4116 ad
1123 4061 1337 4114 Cralem
1373 4059 1601 4117 Servize.
1626 4060 1718 4126 qui
1754 4073 1916 4111 casus
1946 4057 2094 4110 illius
2129 4056 2322 4124 tragici

753 4160 1047 4212 certiorem
1073 4171 1197 4209 eum
1240 4153 1465 4216 faciant,
1504 4168 1569 4205 ac
1602 4149 2041 4205 misericordiam
2095 4149 2169 4201 illi
2213 4164 2328 4200 mo-

755 4260 940 4309 veant.
979 4256 1253 4315 quatenus
1284 4254 1504 4313 parest,
1534 4259 1718 4296 rerum
1746 4242 2113 4295 humanarum
2135 4239 2327 4292 infide-

756 4342 906 4393 litate
943 4350 996 4392 et
1029 4337 1377 4406 fragilissima
1407 4335 1729 4389 conditione
1786 4334 1834 4386 ei
1871 4341 2324 4386 commemorata.

757 4433 1029 4484 Incertum
1057 4430 1260 4497 quippe
1314 4442 1377 4480 ac
1432 4425 1656 4479 minime
1709 4425 2135 4477 determinatum
2181 4439 2323 4482 esse.

2402 564 2498 631 τῆς
2533 563 2816 630 δυνάμεως
2847 563 2906 610 τό
2939 576 2995 610 τε
3044 558 3301 608 πλεῖστον
3339 555 3431 606 καὶ
3468 553 3745 620 βέλτιστον
3789 550 3975 617 ἀθροιο

2403 657 2651 723 ζὸμενον,
2709 654 2788 714 είς
2818 652 3001 714 τάξεις
3035 649 3208 718 διῄρει
3254 647 3348 700 καὶ
3381 645 3689 711 φάλαγγας,
3738 641 3835 692 καὶ
3873 639 3977 690 διέ-

2401 765 2595 800 ταττεν
2627 748 2704 807 είς
2735 762 2793 796 τε
2823 744 2882 795 τὸ
2919 741 3091 804 δεξιὸν
3121 741 3213 792 καὶ
3251 740 3310 791 τὸ
3353 735 3632 802 εὐώνυμον
3661 734 3830 800 κέρας
3855 747 3871 761 ⁶
3906 730 3976 781 τὰ

2405 841 2544 910 μέσα
2575 842 2673 906 τῆς
2706 837 2985 903 φά).αγγος
3014 835 3074 886 οὗ
3115 832 3366 885 τοσοῦτον
3399 831 3474 891 είς
3514 827 3698 896 βάθος,
3736 825 3864 877 ὅσον
3899 825 3980 884 είς

2403 934 2579 1001 μῆκος
2605 931 2866 983 ἐκτείνων
2905 927 3253 994 λεπτότερον,
3305 924 3392 976 διὰ
3440 922 3539 990 τὴν
3585 915 3936 987 ὀλιγανδρίαν
3962 929 3978 944 ⁶

2402 1026 2496 1078 καὶ
2555 1024 2765 1085 τούτοις
2821 1022 3124 1087 ἐπιστήσας
3183 1016 3526 1086 στρατηγοὺς
3563 1013 3821 1078 Ἰωάννην
3889 1007 3981 1059 ἢν

2407 1116 2692 1183 Ἄγγελον.
2729 1114 2831 1166 καὶ
2855 1113 2968 1165 ὅσοι
3002 1110 3150 1162 αὺτῶ
3183 1107 3555 1174 παραπλήσιοι
3594 1103 3696 1168 τήν
3724 1118 3782 1152 τε
3814 1097 3980 1149 mu—

2406 1226 2527 1274 μιον
2554 1208 2754 1274 πεῖραν
2785 1205 2880 1257 καὶ
2905 1203 3004 1269 τὴν
3036 1202 3129 1255 τοῦ
3160 1201 3349 1268 γένους
3382 1193 3524 1265 ἦσαν
3559 1192 3855 1260 ἐγγύτητα,
3877 1188 3980 1256 τὴν

2398 1301 2510 1354 τῶν
2542 1300 2798 1351 ἐναντίων
2830 1298 3015 1348 ἵστατο
3062 1292 3371 1361 περιμένων
3405 1286 3614 1354 ἔφοδον.
3655 1285 3983 1346 Ἀντιπαρε-

2389 1395 2630 1448 *τάττετο
2671 1392 2765 1456 μὲν
2800 1391 2908 1460 γὰρ
2936 1390 3000 1440 ἐκ
3046 1386 3273 1454 θατέρου
3305 1382 3397 1435 καὶ
3427 1382 3454 1433 ὁ
3487 1379 3851 1435 ’Λπόκαυκος.
3886 1375 3980 1433 Εἰς

2403 1488 2596 1553 χεῖρας
2629 1483 2674 1534 δ’
2706 1483 2871 1549 ὁμόσε
2925 1480 3060 1531 ίέναι
3095 1477 3278 1544 σφίσιν
3309 1476 3369 1526 ού
3412 1471 3556 1542 μάλα
3588 1468 3811 1534 ἐτόλμα,
3848 1466 3981 1522 τοὺς

2405 1578 2536 1647 περὶ
2566 1577 2658 1627 τὸν
2706 1572 2929 1640 βασιλέα
2970 1569 3181 1639 βλέπων
3212 1567 3438 1626 ὁπλίτας
3469 1562 3636 1614 πολὺν
3679 1557 3771 1610 τὸν
3819 1557 3878 1607 ὲν
3912 1556 3981 1621 τῇ

2409 1673 2555 1741 μάχη
2593 1669 2764 1734 Ουμδν
2797 1669 3061 1724 πνέοντας
3094 1663 3189 1714 καὶ
3242 1660 3358 1725 ἄμα
3395 1658 3492 1725 τὴν
3525 1653 3704 1723 ψυχὴν
3747 1650 3805 1712 ἐξ
3839 1649 3980 1700 ἀπο..

2412 1764 2666 1831 γνώσεως
2699 1762 2927 1827 ἑτοίμως
2960 1758 3181 1825 ἔχοντας
3209 1755 3447 1817 ἀφιέναι.

2477 1861 2530 1911 Γ⁹
2562 1858 2724 1908 ’Ὁοεν
2754 1854 2940 1922 ἡρέμα
2980 1851 3313 1919 συστραφεὶς
3342 1845 3507 1916 ἀπῄει
3540 1837 3986 1906 συντεταγμένος

2407 1954 2505 2020 τὴν
2535 1952 2628 2004 ἐπὶ
2660 1947 2998 2018 Τριϐαλλοὺς
3047 1947 3074 1996 ὁ
3112 1940 3365 2012 βασιλεὺς
3402 1938 3540 2006 (55).
3585 1933 3682 1987 τοῖ’)
3715 1931 3984 2020 προδήλου

2405 2019 2580 2096 κακοῦ
2601 2041 2662 2092 τὺ
2679 2033 3026 2103 ἀμφισϐητού
3037 2050 3192 2100 μενον
3206 2028 3587 2099 προελόμενος.
3610 2024 3698 2095 [Ρ.
3714 2019 3849 2090 396}
3862 2020 3986 2073 Τῶν

2407 2137 2516 2206 γάρ
2549 2131 2859 2199 ἀλλοφύλων
2881 2128 3039 2190 ἐνίοις
3065 2127 3223 2195 ἴσμεν
3247 2122 3504 2182 πολλάκις
3517 2119 3615 2187 τὴν
3639 2120 3787 2171 ὲκ-πε
3799 2113 3988 2184 ριστά·

2410 2247 2545 2290 σεως
2559 2227 2808 2280 ἑκούσιον
2821 2219 3141 2287 καταφυγὴν
3161 2221 3222 2270 δυ
3232 2237 3308 2269 σω
3319 2216 3696 2285 πητικωτὲραν
3711 2227 3829 2269 πως
3843 2225 3990 2274 γινο-

2414 2323 2583 2392 μένην
2617 2320 2753 2387 πρὸς
2773 2313 2984 2374 οἶκτον,
3019 2315 3246 2382 νέμεσιν
3279 2314 3410 2365 ἴσως
3443 2307 3640 2361 δεδιόσι
3666 2306 3836 2373 δήπου
3851 2301 3990 2354 θειο-

2405 2417 2578 2483 τέραν
2610 2411 2707 2463 καὶ¹
2745 2408 3099 2476 ἀνθρωπίνην
3152 2404 3322 2456 αίδῶ·
3361 2403 3397 2471 ἢ
3452 2399 3615 2468 φύσιν
3675 2396 3991 2465 ἀπὸρῤητον

2413 2508 2528 2577 ἔχει
2579 2505 2727 2562 τινὰ,
2762 2501 2976 2554 πείθειν
3010 2500 3136 2559 τοὺς
3183 2495 3472 2555 πλείστους
3506 2491 3796 2545 ὁπώσποτε
3830 2487 3989 2536 δυνα-

2416 2603 2609 2670 μένην.
2638 2599 2765 2657 τοὺς
2792 2591 3282 2664 προηυτυχηκότας
3312 2586 3624 2650 οίκτείρειν,
3653 2584 3780 2636 ὃταν
3814 2581 3842 2631 ὁ
3876 2578 3987 2647 βίος

2414 2694 2596 2753 αὐτοῖς
2630 2692 2686 2750 ὲς
2722 2686 2985 2741 τάναντία
3020 2684 3269 2752 χωρήσῃ,
3303 2680 3399 2732 καὶ
3449 2678 3524 2746 μὴ
3553 2681 3609 2730 ὲν
3646 2675 3724 2743 τῷ
3762 2672 3991 2740 φθονου-

2419 2787 2565 2854 μένῳ
2591 2782 2692 2850 τῆς
2718 2781 2888 2848 τύχης
2942 2779 3273 2836 ἀσαλεύτους
3304 2774 3399 2842 ἔχῃ
3438 2773 3538 2830 τὰς
3568 2769 3742 2836 sapa;
3787 2765 3992 2835 κρηπῖο

2415 2877 2529 2938 δας.
2564 2873 2639 2926 Τὸ
2667 2873 2712 2924 δ’
2742 2869 3033 2938 ὁμόφυὶον,
3071 2863 3219 2927 ἇπαξ
3249 2863 3344 2915 τοῦ
3386 2862 3595 2920 εἰκότος
3649 2855 3987 2925 ἀπορραγὲν.

2416 2970 2714 3038 ἀνήκεστον
2742 2965 2818 3027 ὡς
2854 2963 2920 3015 τὰ
2953 2960 3125 3013 πολλὰ
3173 2959 3499 3010 καθίσταται
3526 2951 3666 3021 πρὸς
3693 2947 3866 3018 ὀργὴν
3897 2949 3995 2999 καὶ

2418 3059 2579 3131 χύσιν
2609 3058 2842 3125 αἵματος
2871 3051 3190 3120 συγγενοῦς.

2487 3328 2560 3397 ῥ’.
2602 3324 2815 3394 Σπουδῇ
2851 3323 3035 3376 τοίνυν
3063 3321 3160 3390 τὴν
3187 3320 3376 3390 πρόσω
3396 3318 3590 3372 διαϐὰς
3627 3315 3997 3385 πορείανὲκεί

2419 3436 2520 3471 που
2552 3421 2679 3487 περὶ
2723 3417 2849 3480 τοὺς
2893 3417 3074 3483 ὄρους,
3110 3413 3202 3475 οὓς
3243 3415 3274 3480 ἡ
3310 3410 3661 3478 κακοπραγία
3702 3408 3996 3474 Ῥωμαίων

2419 3510 2729 3580 ἀφεὶομένη
2775 3508 3083 3576 παρέσχετο
3113 3505 3455 3574 Τριεαλλοῖς,
3483 3503 3582 3566 τὴν
3611 3500 3784 3551 νύκτα
3812 3501 3994 3550 πᾶσαν

2421 3603 2697 3670 ηὐλίσατο,
2747 3603 2925 3654 ἐκεῖνο
2961 3599 3022 3652 τὸ
3053 3598 3321 3652 Λεωνίδου
3365 3595 3457 3647 τοῦ
3503 3593 3870 3662 Σπαρτιάτου,
3899 3590 3995 3641 τοῦ

2391 3697 2481 3746 ·ὲν
2511 3693 2916 3764 Θερμοπύλαις,
2973 3691 3109 3760 πρὸς
3163 3691 3294 3752 τοὺς
3338 3688 3577 3749 οἰκείους
3621 3685 4000 3752 ἀντιστρόφως

2425 3788 2827 3858 φθεγξάμενοςο
2871 3806 2889 3837 ι
2931 3785 3094 3838 Δεῦτε
3146 3783 3528 3851 δειπνήσωμεν
3591 3779 3732 3842 (56).
3790 3778 3881 3829 ἵνα
3936 3779 3997 3827 ὲν

2426 3879 2554 3949 ᾅδου
2603 3879 3006 3946 ἀριστήσωμεν.
3047 3893 3066 3926 υ
3108 3876 3188 3942 Τῇ
3220 3891 3282 3939 γε
3319 3873 3424 3942 μὴν
3470 3869 3736 3939 ὑστεραία
3787 3867 4000 3934 πέμπει

2425 3975 2550 4033 τοὺς
2608 3970 2699 4022 τὸν
2747 3969 2971 4036 Κράλην
3001 3967 3114 4033 (57)
3145 3964 3376 4034 Σερδίας
3411 3964 3510 4032 τὴν
3539 3964 3805 4030 ταχίστην
3856 3960 4001 4012 διδά-

2428 4063 2615 4124 ξοντας
2648 4061 2746 4129 τῆς
2782 4059 3170 4129 συμπεσούσης
3211 4056 3382 4122 τύχης
3415 4057 3513 4123 τὴν
3537 4054 3847 4123 τραγῳδίαν
3905 4055 4002 4104 καὶ

2430 4155 2564 4224 προς
2595 4150 2777 4205 οἶκτον
2822 4153 3145 4218 κινήσοντας
3189 4149 3314 4200 ὅσον
3365 4147 3536 4209 εἰκὸς,
3573 4145 4002 4215 ἀναμνησθέντα

2427 4245 2524 4297 τοῦ
2567 4245 2678 4298 τῶν
2713 4244 3072 4311 ἀνθρωπίνων
3112 4242 3454 4308 πραγμάτων
3488 4239 3721 4290 ἀπίστου
3753 4239 3846 4289 καὶ
3872 4237 4003 4287 ἁδε-

2430 4339 2614 4391 ϐαἰσυ·
2653 4337 2746 4388 καὶ
2781 4337 2852 4396 ὡς
2896 4333 3127 4401 ἀδήλους
3158 4333 3253 4384 καὶ
3293 4333 3498 4400 ἥκιστα
3524 4330 3840 4397 ὡρισμένας
3891 4329 4005 4396 ἔχει

2429 4427 2589 4481 ταυτὶ
2618 4429 2716 4491 τὰς
2747 4427 2966 4494 ἐφόδους
3009 4425 3131 4476 καθ’
3164 4419 3238 4475 ὦν
3280 4423 3573 4491 πορεύεται
3600 4438 3612 4451 ⁸
3661 4425 3753 4472 καί
3787 4421 3862 4481 ὡ;
3897 4423 4004 4488 χρὴ

755 4521 821 4574 ad
851 4536 988 4589 quos
1019 4518 1428 4573 vicissitudines
1493 4516 1597 4568 illa:
1660 4516 1772 4567 sint
1833 4524 2220 4582 perventurae;
2271 4512 2384 4567 et!

2390 4516 2404 4561 ⁵
2434 4520 2562 4587 περὶ
2589 4518 2697 4570 τῶν
2721 4515 3220 4583 κακοπραγούντων
3245 4514 3529 4566 ὁπώσποτε
3559 4512 3850 4579 βούλεσθαι
3881 4515 4009 4571 τοὺς

756 4624 1010 4681 oportere
1039 4612 1094 4663 in
1128 4610 1357 4663 miseros
1399 4609 1693 4676 proclivem
1749 4623 1811 4659 ac
1850 4607 2143 4674 benignam
2199 4622 2323 4660 esse

756 4721 945 4759 eorum
986 4701 1349 4762 voluntatem,
1378 4714 1614 4768 quorum
1641 4713 1726 4750 res
1751 4697 2006 4750 secundae
2047 4699 2194 4765 sint:
2231 4714 2325 4751 ex-

760 4792 1127 4849 timescendus
1162 4805 1358 4858 nempe
1408 4789 1718 4857 inopinatos
1771 4788 2005 4840 fortuna:
2077 4789 2214 4841 ictus
2274 4799 2328 4841 et

757 4887 1146 4943 alteruautium
1185 4901 1412 4939 casuum
1457 4885 1849 4941 labvrintbos:
1910 4899 2033 4936 eum
2077 4883 2127 4936 id
2163 4883 2328 4936 rebus

760 4994 976 5048 semper
1004 4995 1032 5031 a
1062 4988 1254 5030 natura
1279 4976 1429 5046 insit,
1496 4986 1552 5027 ut
1577 4975 1783 5027 exitum
1821 4977 2007 5043 petitis
2067 4975 2329 5042 improvi-

759 5085 877 5122 sum
908 5069 1172 5126 liabeant.
1208 5081 1370 5134 quam
1404 5081 1530 5117 eum
1562 5065 1655 5133 qui
1703 5065 1774 5117 sit
1808 5066 2093 5131 praevisus,
2145 5075 2200 5117 et
2250 5065 2331 5115 in-

760 5162 974 5213 felicem
1011 5158 1192 5226 potius
1230 5173 1391 5225 quam
1422 5156 1661 5208 felicem.
1694 5155 1803 5208 Sed
1859 5171 2000 5207 unus
2030 5171 2093 5206 ex
2127 5155 2193 5207 iis
2210 5153 2331 5206 Tri-

763 5254 940 5312 ballis,
1003 5251 1095 5318 qui
1129 5250 1390 5301 Romanis
1451 5248 1561 5300 illic
1608 5247 1837 5314 proximi
1872 5247 2164 5314 degebant.
2204 5261 2328 5299 eum

763 5348 815 5398 in
852 5344 1068 5398 insidiis
1103 5344 1256 5413 juxta
1290 5342 1434 5394 viam
1466 5339 1785 5394 collocasset
1816 5338 2079 5408 quosdam
2103 5355 2167 5390 ex
2193 5337 2329 5399 suis,

2434 4609 2846 4681 εύπραγοῦντας
2870 4610 2955 4661 ἀεὶ
2991 4608 3060 4658 τά
3099 4608 3344 4675 προσηνῆ
3379 4609 3471 4659 καὶ
3501 4606 3736 4675 χρηστὰ,
3766 4605 4008 4662 δεδιότας

2434 4704 2559 4763 τοὺς
2598 4704 2826 4769 ἀφανεῖς
2853 4700 3074 4763 τοξότας
3094 4699 3194 4766 τῆς
3222 4698 3389 4766 τύχης
3421 4701 3515 4750 καὶ
3554 4699 3654 4759 τὰς
3685 4698 3792 4748 τῶν
3817 4696 4009 4750 ἄλλοτ’

2437 4792 2610 4854 ἄλλως
2640 4791 2953 4860 ἐρχομένων
2973 4790 3268 4858 συμφορῶν
3293 4789 3670 4855 λαευρίνθους,
3695 4790 3805 4839 τῶν
3828 4805 4009 4855 πραγ-

2441 4886 2627 4952 μάτων
2658 4886 2745 4936 ἀεὶ
2787 4884 3034 4951 συμφυὲς
3061 4884 3125 4933 τὸ
3157 4883 3563 4950 ἀπροσδόκητον
3595 4882 3767 4948 πέρας
3804 4881 4010 4949 μᾶλλον

2430 4975 2681 5045 ἑχόντων,
2729 4975 2763 5043 ἢ
2793 4975 2856 5025 τὸ
2906 4972 3380 5041 προσδοκώμενον,
3413 4975 3506 5025 καὶ
3536 4973 3598 5022 τὸ
3639 4973 3838 5039 ἀτυχὲς
3873 4973 4009 5038 μᾶλ-

2430 5065 2518 5115 λον
2557 5065 2588 5132 ἢ
2617 5065 2678 5115 τὸ
2718 5067 2788 5115 ἐπ
2811 5063 2995 5130 τυχές.
3035 5062 3192 5114 Ἀλλά
3223 5081 3304 5122 τις
3332 5063 3439 5112 τῶν
3464 5064 3696 5127 ἄγχιστα
3714 5062 4010 5128 Ῥωμαίοις

2435 5153 2534 5220 τὴν
2547 5155 2756 5206 δίαιταν
2783 5154 3122 5220 ποιουμένων
3158 5155 3275 5229 ἐκεῖ
3300 5152 3639 5220 Τριϐαλλῶν,
3669 5151 4002 5219 προλοχίσας

2430 5249 2579 5308 “civi;
2628 5247 2734 5297 τῶν
2779 5247 2996 5298 οἰκείων
3045 5247 3194 5312 παρὰ
3241 5246 3338 5312 τὴν
3384 5245 3526 5303 ὁδὸν,
3572 5244 3850 5311 χειροῦται
3881 5245 4010 5306 τοὺς

2431 5339 2712 5407 πρέσῦεις,
2741 5337 2832 5389 καὶ
2866 5339 3002 5404 σφᾶς
3046 5338 3143 5407 τὴν
3186 5338 3446 5406 ταχίστην
3476 5336 3693 5404 κομίζει
3722 5337 3800 5405 τῷ
3835 5337 4006 5389 Ἀπο-

2095 5447 2428 5508 Variorutn
2468 5458 2651 5509 natm.

833 5564 944 5628 (55)
974 5562 1273 5616 Cantaeuz.
1305 5561 1402 5614 lib.
1439 5566 1515 5618 ιιι,
1553 5573 1675 5624 cap.
1722 5558 1811 5628 M.
1847 5556 2076 5628 Duelius.

834 5621 946 5702 (56)
1011 5632 1219 5701 Pergite
1271 5633 1449 5683 animo
1515 5621 1660 5697 forti.
1713 5621 2327 5702 Lacedtrftonii._ﬂodie

765 5693 939 5771 apud,
985 5693 1177 5770 inferos
1243 5703 1467 5770 fortasse
1515 5693 1882 5771 cantabimus:
1928 5696 2042 5771 Cie.
2081 5693 2321 5771 __Tuscul.

767 5764 961 5840 Qumt.
1017 5764 1114 5826 lib.
1179 5764 1383 5827 μενοι.
1422 5771 1540 5824 lOl.
1591 5769 1723 5822 Vide
1767 5778 1822 5820 et
1872 5767 2034 5834 hujus
2072 5764 2325 5817 Historia

2441 5555 2533 5608 lib.
2571 5574 2724 5618 xvm.
2754 5558 2892 5610 infra
2913 5573 3031 5623 cap.
3065 5559 3116 5615 5.
3142 5568 3276 5611 sect.
3309 5558 3360 5612 9.
3400 5559 3609 5611 Doms.

2510 5629 2622 5693 (57)
2657 5629 2818 5681 Istius
2845 5629 3134 5696 legationis
3179 5632 3244 5678 ad
3286 5644 3466 5694 regem
3501 5626 3707 5680 Servis:
3755 5631 4010 5683 meminit

2433 5695 2876 5758 Cantacuzenus,
2910 5713 3030 5766 cap.
3073 5699 3162 5762 ιδ,
3203 5713 3320 5766 pag.
3352 5698 3475 5749 L88.
3515 5697 3749 5752 DUCANG.
