4242 6446
728 371 832 435 $3
1013 368 1087 440 [Α.
1127 385 1183 424 It.
1224 369 1386 435 6830,
1429 387 1536 425 mn.
1580 371 1671 443 10]

1954 378 2368 441 NICEPHORI
2405 382 2791 444 GREGORIE

3091 380 3223 451 [nm
3245 396 3304 435 'J.
3353 394 3589 435 PALEOL.
3627 378 3686 450 Ξ]

3860 384 3965 448 864

730 482 802 536 ita
834 491 895 535 ut
926 499 1090 536 unum
1119 485 1376 554 deinceps
1400 495 1455 541 et
1479 487 1802 541 continuum
1833 486 1883 541 ci
1917 489 2162 544 futurum
2211 492 2282 546 sit
2322 497 2364 551 Α
2394 509 2405 544 ι

2322 497 2364 551 Α
2394 493 2488 544 καὶ
2526 494 2736 545 πόλεων
2765 492 3043 562 ἔγγραφον
3067 494 3367 564 κυριότητα
3393 512 3407 526 ο
3440 496 3514 560 ὠς
3544 497 3792 564 γίνεσθαι
3833 498 3965 564 μίαν

731 576 1021 644 imperium
1054 592 1082 629 a
1117 579 1379 634 Dalmatia
1419 591 1474 635 et
1501 582 1736 650 Illyrico.
1762 590 1816 634 et
1842 587 1988 637 omni
2034 586 2126 639 illo
2153 588 2289 640 cite-

730 666 874 717 riore
913 674 1110 729 tractu,
1155 669 1244 737 qui
1273 669 1442 724 lonici
1473 672 1637 724 maris
1671 673 1991 728 orientalem
2029 691 2182 732 oram
2209 688 2290 732 at-

728 755 906 824 tingit,
962 757 1027 810 ad
1056 757 1338 829 Philippos
1368 777 1542 832 usque
1582 772 1636 818 et
1662 762 2057 834 ChristOpoliu.

797 932 882 989 IV.
915 939 989 990 Ac
1028 939 1154 993 talia
1184 941 1408 1010 quidem
1440 955 1620 1007 erant.
1649 961 1770 1015 qua:
1810 964 1908 1018 per
1959 951 2288 1019 legationem

726 1035 780 1080 et
803 1041 988 1096 aperte
1023 1032 1345 1099 agebantur.
1379 1035 1508 1097 Qua:
1537 1053 1666 1092 vero
1700 1039 1838 1093 clam
1863 1057 2074 1097 venena
2114 1047 2295 1101 mitte-

728 1116 947 1181 bantur.
982 1123 1170 1176 crebra
1195 1139 1257 1178 ac
1290 1127 1634 1196 multiplicia,
1665 1146 1840 1199 eaque
1864 1145 2069 1196 pestem
2097 1151 2282 1192 acrem

728 1210 1178 1277 atquedifiicilem
1199 1217 1458 1276 celantia.
1490 1229 1548 1271 ut
1574 1220 1785 1287 singula
1810 1239 2290 1292 percenserentur.

730 1312 1045 1366 opusesset
1087 1304 1406 1361 Mithridate
1436 1310 1552 1373 illo,
1585 1314 1676 1381 qui
1711 1330 1833 1368 eum
1867 1331 1894 1370 a
1928 1319 2293 1388 Paphlagonia

732 1405 906 1457 usque
939 1395 1249 1460 possideret
1279 1397 1591 1466 imperiunm,
1651 1405 1798 1470 quod
1849 1422 1944 1475 per
1975 1408 2291 1463 Colchidem

730 1481 1114 1554 Lazicamque,
1149 1500 1205 1541 et
1260 1487 1567 1548 Caucaseos
1604 1508 1838 1557 montes.
1892 1501 2047 1553 ultra‘
2069 1501 2292 1556 Tanaim

730 1572 1035 1629 Ma-otidem
1071 1580 1475 1648 porrigebatur,
1524 1594 1578 1638 et
1614 1587 1678 1640 ad
1708 1586 1939 1657 Scythas
1995 1607 2168 1660 usque
2203 1609 2295 1647 oc-

729 1661 919 1715 ciduos
954 1667 1322 1736 pertingebat.
1348 1681 1401 1725 et
1428 1673 1671 1729 infensas
1695 1676 1798 1730 sibi
1837 1677 2055 1734 fecisset
2111 1683 2298 1752 vigen‘

734 1764 816 1808 tes
847 1764 958 1810 tum
992 1759 1364 1817 Romanorum
1398 1767 1563 1829 vires.
1626 1769 1958 1840 timeretque
2020 1789 2089 1827 ne
2137 1776 2294 1836 vivus

731 1857 1023 1915 caperetur
1053 1852 1257 1907 virtute
1287 1871 1350 1909 ac
1379 1856 1596 1913 fortuna
1639 1862 1906 1932 Pompeii.
1935 1880 2146 1922 venena
2176 1882 2293 1921 om-

731 1936 822 1990 nia
850 1940 1250 2008 exploraverat,
1283 1947 1445 2019 6&3
1483 1960 1540 2003 et
1563 1952 1809 2007 omnium
1856 1953 2292 2014 efficacissimum

730 2033 1338 2107 prmsentissimumque
1374 2054 1682 2109 paraverat.
1749 2062 1859 2116 quo
1892 2060 2073 2117 posset
2102 2053 2292 2118 vitam,

733 2123 823 2176 ubi
851 2139 1074 2182 necesse
1099 2141 1264 2188 esset.
1298 2133 1648 2203 abrumpere.
1705 2137 1859 2203 Quod
1916 2141 2007 2195 ille
2043 2144 2209 2212 igitur
2239 2146 2292 2198 in

732 2215 996 2283 seipsum
1032 2234 1199 2276 ausus
1229 2224 1424 2289 fuerat,
1455 2227 1506 2280 id
1540 2229 1820 2299 Byzantini
1855 2233 2044 2287 sedulo
2073 2245 2128 2290 et
2154 2247 2264 2291 stre

732 2323 840 2362 nue
873 2311 926 2364 in
961 2313 1346 2382 imperatorem
1383 2321 1774 2388 moliebantur,
1800 2326 1966 2380 nullis
2001 2344 2101 2383 nec
2130 2345 2299 2385 vene-

731 2403 818 2456 nis
849 2419 949 2457 nec
979 2408 1196 2463 insidiis
1223 2423 1536 2479 parcentes,
1564 2431 1922 2488 quascunque
1949 2421 2065 2476 sive
2085 2423 2294 2493 antiqui

733 2495 1002 2551 scelerum
1021 2500 1259 2556 artifices
1297 2504 1654 2570 invenissent,
1710 2511 1825 2564 sive
1876 2522 2076 2568 nostra:
2123 2517 2297 2571 aetatis

733 2583 982 2644 homines
1005 2590 1058 2644 in
1089 2593 1364 2658 ejusmodi
1397 2613 1557 2652 usum
1591 2602 2013 2672 excogitassent.

802 2675 866 2730 V.
907 2678 959 2732 ld
1017 2697 1148 2734 vero
1205 2685 1432 2739 miretur
1459 2689 1678 2757 aliquis,
1723 2708 1834 2760 quo
1884 2706 2042 2762 pacto
2105 2698 2290 2753 omnia

731 2770 918 2822 statim
948 2773 1502 2841 deprehenderentur
1529 2793 1584 2835 et
1617 2784 1770 2838 irrita
1799 2788 2013 2850 tierent,
2057 2789 2166 2843 Deo
2201 2792 2298 2846 ho-

736 2859 939 2914 minem
973 2865 1200 2922 illsesum
1237 2882 1292 2924 et
1323 2874 1406 2925 his
1433 2876 1693 2930 omnibus
1741 2879 1986 2934 altiorem
2021 2896 2297 2939 servante.

739 2951 931 3006 Utrum
962 2966 1200 3014 statuam
1232 2964 1423 3017 nescio
1451 2983 1466 3017 :
1501 2982 1568 3019 an
1633 2968 1893 3036 injustam
1944 2974 2295 3037 sententiam,

734 3057 840 3106 qua
873 3061 998 3099 eum
1033 3045 1275 3118 Byzantii
1308 3054 1831 3118 condemnaverant.
1892 3070 1949 3115 et
1983 3063 2301 3130 multiplicis

734 3149 798 3188 ac
817 3138 976 3192 Variae
1008 3140 1340 3212 infinitaeque
1365 3151 1608 3213 pecuniae
1630 3151 2035 3210 multationem.
2084 3170 2299 3210 summa

733 3245 860 3287 cum
889 3234 1148 3303 patientia
1178 3236 1245 3290 ab
1267 3251 1334 3289 eo
1366 3248 1671 3304 exceptam.
1700 3243 1981 3294 censuerit
2009 3243 2150 3296 Deus
2189 3244 2302 3299 suf-

739 3323 902 3379 ficere
952 3327 1018 3380 ad
1069 3329 1461 3396 explorandam
1511 3331 1753 3385 hominis
1807 3344 2090 3400 mentem,
2156 3339 2304 3392 circa

736 3433 900 3487 quam
930 3425 1102 3472 totum
1128 3419 1327 3485 divinae
1355 3422 1584 3489 iustitiae
1617 3434 1868 3477 versatur
1917 3441 2149 3482 examen
2176 3448 2191 3495 ;
2234 3445 2302 3484 an

735 3512 881 3578 quod
916 3511 1005 3565 ille
1047 3513 1301 3566 maximis
1332 3515 1685 3569 contumeliis
1726 3516 1956 3571 affectus
1987 3535 2089 3573 nec
2136 3522 2304 3575 ulcis-

738 3610 954 3654 c-eretur
978 3603 1184 3666 statim,
1204 3618 1302 3656 nec
1324 3604 1376 3656 iu
1401 3613 1680 3672 posterum
1711 3609 2013 3661 minaretur
2039 3610 2303 3665 ultionem

738 3693 1005 3755 (dolorem
1046 3694 1274 3748 fortasse
1303 3696 1526 3749 tacitum
1547 3712 1794 3760 servans,
1817 3698 1991 3752 donec
2015 3701 2304 3769 expleret),

740 3785 833 3837 sed
859 3801 1051 3838 eorum
1076 3787 1234 3839 saluti
1271 3788 1323 3840 in
1357 3789 1569 3856 primis,
1605 3791 1697 3856 qui
1740 3791 1918 3857 ipsum
1954 3790 2154 3857 injuria
2190 3792 2307 3844 alli-

741 3877 959 3930 eiebant
1013 3894 1076 3933 ac
1137 3880 1279 3932 bello
1360 3881 1876 3949 persequebantur.
1929 3883 2078 3935 omni
2140 3884 2304 3938 modo

741 3970 1073 4036 provideret,
1143 3981 1410 4039 quantum
1480 3972 1691 4027 sincera
1749 3973 1989 4027 amicitia
2022 3976 2305 4043 'prazstare

743 4063 1032 4129 potuisset.

812 4154 894 4206 Vl.
929 4155 995 4208 Et
1028 4155 1169 4209 utde
1201 4157 1388 4213 multis
1421 4172 1596 4227 pauca
1626 4158 1875 4226 quaedam
1914 4159 2003 4212 hic
2040 4160 2304 4230 subjicia-

741 4260 881 4306 uius.
914 4245 1050 4298 adeo
1085 4248 1412 4315 iniuriarum
1462 4258 1577 4303 erat
1599 4249 1908 4311 immemor,
1941 4259 2001 4303 ut
2048 4251 2309 4320 periculis

745 4347 816 4393 tot
853 4337 1275 4400 circumsessus,
1315 4347 1366 4392 et
1396 4340 1448 4393 in
1485 4341 1640 4406 ipsis,
1697 4350 1759 4394 ut
1817 4343 1888 4393 ita
1920 4340 2120 4404 dicam,
2179 4342 2306 4396 Orci

741 4429 1046 4489 visco-ribus
1103 4431 1411 4493 demersus.
1459 4436 1798 4486 sacerdotem
1831 4431 2057 4498 jusserit
2113 4434 2308 4487 memi-

693 4537 698 4543 ·
742 4522 886 4580 uisse
917 4523 1089 4576 sacris
1117 4524 1168 4590 in
1210 4524 1462 4576 cautibus
1489 4524 1723 4592 primum
1755 4524 1976 4593 quidem
2014 4526 2180 4576 Anna
2205 4524 2306 4577 im-

741 4612 1048 4680 peratricis,
1084 4614 1286 4667 deinde
1318 4614 1483 4685 6M
1514 4615 1609 4667 lilii
1644 4615 1834 4678 illius;
1871 4616 2034 4668 tertio
2067 4614 2308 4684 denique

741 4705 824 4755 Sui
860 4705 1220 4773 eonjugisque
1281 4721 1395 4759 sua:
1450 4706 1703 4774 Augustm
1751 4706 1970 4770 lrenes;
2028 4706 2195 4775 idque
2256 4707 2310 4759 in

744 4794 918 4859 aliena
957 4797 1166 4848 ditioue
1195 4812 1258 4850 ac
1291 4807 1432 4850 terra
1459 4811 1581 4849 cum
1613 4807 1779 4861 esset,
1839 4813 1940 4850 nec
1973 4798 2149 4850 libero
2182 4800 2311 4866 qui-

2393 583 2578 636 λοιπὸν
2606 584 2781 654 ἀρχὴν
2837 585 2984 652 αὐτῷ
3036 585 3232 653 συνεχῆ
3289 586 3388 654 τὴν
3420 589 3482 639 ὲκ
3521 587 3832 656 Δαλματίας
3871 589 3969 640 καὶ

2405 673 2715 742 Ἰλλυρίδος,
2750 676 2842 726 καὶ
2870 675 2970 726 ὅσα
3019 675 3225 742 μεταξὺ
3255 676 3363 728 τῶν
3395 677 3529 745 πρὸς
3562 677 3636 729 ἕω
3665 677 3966 729 τοῦἸονίου

2393 766 2592 818 κόλπου
2617 767 2780 835 ψαύει
2803 766 3050 836 πλευρῶν
3074 767 3212 836 (67),
3237 769 3371 838 ἄχρι
3402 770 3686 824 Φιλίππων
3715 773 3810 823 καὶ
3833 773 3970 840 Χριο

2395 857 2761 917 στουπόλεως.

2464 943 2535 999 Δ’.
2565 948 2672 1000 Καὶ
2713 949 2781 1000 τὰ
2825 948 2924 1016 μὶν
2960 950 3060 1017 τῆς
3093 951 3391 1020 πρεσϐείας
3445 953 3541 1005 καὶ
3573 953 3828 1021 προφανῆ
3858 970 3970 1004 τοι-

2395 1036 2513 1090 αὖτ’
2542 1035 2629 1109 ἦν.
2664 1042 2730 1091 Ἀ
2758 1041 2815 1092 δὲ
2862 1040 3044 1111 κρύφα
3077 1045 3243 1113 συχνὰ
3278 1045 3372 1097 καὶ
3406 1044 3723 1113 πολύτροπα
3770 1062 3972 1114 προσε-

2397 1130 2650 1198 πέμπετο
2678 1133 2964 1203 φάρμακα,
2996 1135 3164 1187 ὁπόσα
3188 1135 3248 1188 τὸ
3270 1136 3573 1205 θανάσιμον
3602 1134 3746 1206 εἶχεν
3776 1141 3970 1206 ἐμφωο

2394 1224 2569 1282 λεῦον,
2610 1225 2706 1289 ὁξύ
2738 1243 2797 1278 τε
2827 1228 2921 1279 καὶ
2947 1228 3408 1298 δυσκαρτέρητον.
3455 1230 3788 1298 Μιθριδάτου
3825 1231 3972 1293 τινὸς

2396 1316 2567 1368 ὲδεῖτο
2595 1319 2930 1388 σαφέστερον
2958 1318 3209 1388 ἀριθμεῖν
3232 1337 3245 1350 ·
3282 1321 3339 1381 ὃς
3365 1319 3463 1391 τὴν
3493 1322 3557 1374 ἐκ
3588 1322 3970 1388 Παφλαγονίας

2396 1407 2536 1474 ἔχων
2572 1409 2766 1476 ἀρχὲν,
2802 1411 2974 1476 ὁπόση
3021 1411 3108 1463 διὰ
3158 1411 3414 1480 Κολχίδος
3451 1415 3546 1466 καὶ
3595 1413 3839 1481 Δαζικῆς
3872 1415 3973 1465 καὶ

2394 1492 2504 1542 τῶν
2533 1493 2864 1546 Καυκασίων
2888 1495 3030 1564 ὁρῶν
3067 1499 3357 1566 ἐρχομένη,
3393 1499 3484 1549 καὶ
3512 1498 3972 1568 παραλλάττουσα

2397 1582 2598 1634 Τάναϊν
2655 1585 2751 1637 καὶ
2802 1585 3073 1647 Μαιῶτιν,
3123 1587 3298 1655 διήκει
3343 1589 3504 1657 μέχρι
3545 1591 3638 1641 καὶ
3665 1591 3720 1649 ὲς
3752 1589 3973 1651 Σκύθας

2396 1679 2522 1740 τους
2555 1679 2866 1747 ἑσπερίους,
2899 1683 2995 1733 καὶ
3020 1682 3279 1750 πολέμιον
3311 1685 3654 1751 κτησάμενος
3677 1685 3777 1754 τὴν
3803 1685 3972 1736 πάλαι

2411 1770 2701 1838 Ῥωμαίων
2732 1773 2936 1844 ἀκμὴν,
2973 1775 3064 1826 καὶ
3108 1775 3292 1838 δεδιὼς
3345 1775 3418 1845 μὴ
3452 1775 3562 1838 ζῶν
3600 1777 3872 1846 ἁλώσιμος
3904 1781 3971 1846 τῇ

2400 1865 2690 1935 Πομπηΐου
2719 1866 2945 1936 γένηται
2974 1869 3119 1938 χειρὶ
3149 1869 3244 1922 καὶ
3264 1868 3424 1940 τύχῃ,
3459 1872 3678 1924 πάντων
3712 1872 3974 1939 ἐπειρᾶτο

2402 1961 2728 2030 φαρμάκων,
2762 1963 2855 2014 καὶ
2889 1962 3102 2016 πάντων
3133 1965 3314 2034 ἐζήτει
3340 1965 3400 2017 τὸ
3433 1967 3724 2035 κράτιστον
3756 1967 3848 2018 καὶ
3878 1984 3974 2018 τα-

2399 2050 2632 2119 χύτωτον
2672 2054 2751 2116 είς
2794 2052 2892 2120 τὴν
2935 2055 3172 2126 χρειώδη
3220 2056 3313 2108 τοῦ
3351 2057 3469 2125 βίον
3514 2059 3860 2126 ἀπαλλαγήν.
3908 2061 3973 2110 Ὀ

2401 2143 2578 2196 τοίνυν
2635 2146 2841 2209 ἐκεῖνος
2897 2147 3099 2216 ἐτόλμα
3153 2148 3276 2201 καθ’
3334 2150 3552 2210 ἑαυτοῦ,
3605 2148 3753 2202 τοῦτ’
3804 2151 3975 2221 ἔδρων

2401 2234 2658 2288 ἐπιεικῶς
2683 2238 2732 2288 οί
2764 2237 3049 2302 Βυζάντιοι
3082 2241 3222 2293 κατὰ
3257 2243 3352 2295 τοῦ
3385 2242 3674 2312 βασιλέως,
3706 2244 3841 2313 μήτε
3872 2261 3977 2314 μη-

2401 2327 2550 2391 δενὸς
2589 2329 2698 2382 τῶν
2750 2331 3098 2402 δηλητηρίων
3145 2338 3472 2407 φαρμάκων,
3511 2339 3648 2409 μήτε
3701 2339 3975 2407 μηδεμιᾶς

2403 2420 2707 2489 φειδόμενοι
2741 2424 2850 2476 τῶν
2906 2426 3236 2488 ἐπιϐουλῶν.
3272 2429 3469 2482 ὁπόσαι
3530 2448 3591 2484 τε
3640 2433 3752 2493 τοῖς
3807 2431 3975 2483 πάλαι

2403 2511 2663 2580 εὕρηνται
2686 2514 2875 2578 δεινοῖς
2901 2503 2999 2585 τὴν
3025 2520 3247 2584 κακίαν,
3280 2521 3378 2574 καὶ
3398 2522 3592 2576 ὁπόσαι
3618 2523 3735 2586 τοῖς
3758 2522 3852 2577 νῦν
3888 2523 3977 2575 διὰ

2403 2605 2502 2672 τὴν
2531 2607 2790 2677 τοιαύτην
2824 2609 3202 2680 ἐπινενόηνται
3234 2614 3444 2683 χρείαν.

2477 2695 2550 2748 E'.
2591 2697 2882 2762 Θαυμάσαι
2907 2701 2952 2754 δ’
2985 2702 3048 2755 ἄν
3072 2721 3176 2765 τις.
3217 2705 3365 2767 ὅπως
3417 2706 3613 2759 ἅπαντ’
3646 2707 3875 2762 αὐτόθεν
3909 2709 3977 2777 ὴ-

2405 2787 2631 2857 λέγχετό
2657 2809 2715 2843 τε
2745 2791 2838 2843 καὶ
2869 2792 3132 2863 ἄπρακτα
3154 2791 3241 2866 ἦν,
3276 2796 3369 2850 τοῦ
3401 2797 3534 2850 Θεοῦ
3563 2799 3654 2851 τὸν
3679 2799 3848 2867 ἄνδρα
3875 2818 3977 2868 φυο

2407 2879 2700 2945 λάττοντος
2755 2885 2941 2954 ἀπαθῆ
3000 2887 3092 2939 καὶ
3162 2889 3379 2943 πάντων
3408 2889 3679 2961 ἀνώτερον
3703 2909 3715 2921 ·
3747 2892 3850 2945 οὐκ
3881 2887 3979 2944 οἷδ’

2405 2972 2689 3042 ὁπότερον,
2721 2976 2831 3028 εἴτε
2880 2977 2981 3046 τὴν
3011 2979 3195 3031 ἄδικον
3227 2981 3549 3049 καταδίκην,
3589 2982 3657 3052 ἢν
3687 2983 3737 3034 oi
3769 2984 3983 3045 Βυζάν-

2408 3082 2512 3118 τιοι
2543 3068 2800 3133 καθάπαξ
2850 3070 3186 3140 ἐψηφίσαντο
3220 3073 3342 3125 κατ’
3381 3073 3569 3136 αὑτοῦ,
3613 3077 3707 3127 καὶ
3747 3071 3824 3128 ῶν
3856 3076 3983 3146 ἔζη-

2410 3159 2608 3225 μίωται
2636 3161 2931 3213 πολυειδῶν
2962 3164 3054 3214 καὶ
3090 3164 3351 3218 ποικίλων
3395 3167 3718 3236 χρημάτων,
3751 3167 3787 3220 ἃ
3813 3185 3984 3237 προσ·

2405 3250 2473 3314 ἦν
2521 3251 2660 3316 ὑπὲρ
2705 3252 2936 3326 ἀριθμὸν
2985 3256 3205 3324 τουτῳῒ,
3283 3257 3640 3327 μακρόθυμον
3703 3259 3986 3329 ὑπομονὴν

2406 3338 2738 3407 ἀποχρῶσαν
2766 3343 3071 3411 ἡγουμένου
3115 3343 3252 3415 πρὸς
3298 3347 3533 3414 βάσανον
3571 3349 3817 3418 γνώμης,
3849 3354 3983 3420 περὶ

2413 3429 2482 3496 ἢν
2508 3430 2570 3482 τὸ
2599 3434 2884 3501 κριτήριον
2911 3435 3058 3489 ἅπαν
3080 3437 3179 3505 τῆς
3202 3438 3354 3502 θείας
3383 3441 3770 3494 ταλαντεύεται
3791 3443 3983 3510 δίκηςο

2409 3522 2512 3575 εἷθ’
2544 3525 2626 3576 ὅτι
2689 3525 2920 3594 μάλιστα
2956 3527 3172 3580 πάντων
3225 3531 3387 3593 αὐτὸς
3447 3531 3808 3602 ὑϐριζόμενος
3856 3535 3986 3588 οὔτε

2411 3615 2516 3682 μὴν
2546 3615 2870 3689 ἀνθύϐριζεν
2907 3621 2966 3681 ὲς
3009 3620 3070 3671 τὸ
3100 3620 3294 3690 παρὸ).
3332 3620 3445 3674 οὒτ’
3486 3625 3562 3686 είς
3592 3625 3653 3676 τὸ
3691 3625 3886 3692 μέλλον
3923 3629 3988 3696 ἠ-

2407 3708 2607 3773 πείλει,
2660 3710 2817 3764 κότον
2857 3711 2986 3773 ῖσως
3024 3711 3166 3781 ἔχων
3207 3711 3318 3779 (68)
3369 3715 3515 3783 ὁφρα
3566 3716 3796 3788 τελέσσῃ
3824 3733 3837 3745 ·
3873 3717 3987 3770 ἀλλ’

2407 3801 2632 3871 ἐκήδετο
2664 3803 2899 3870 μάλιστα
2929 3805 3026 3872 τῆς
3055 3805 3161 3857 τῶν
3198 3804 3532 3875 ὑϐριζόντων
3555 3810 3647 3860 καὶ
3681 3811 3990 3875 πολεμούν-

2405 3908 2514 3942 των
2551 3893 2823 3962 σωτηρίας
2885 3895 3102 3948 ἇπαντα
3149 3898 3372 3964 τρόπον,
3421 3898 3627 3951 καθόσα
3661 3898 3815 3966 φιλία
3837 3900 3992 3953 δίδω-

2410 3999 2496 4036 σιν
2527 3985 2835 4055 ἀκραιφνὴς
2865 3985 3003 4055 (69).

2482 4164 2574 4232 τῖ’.
2602 4167 2715 4220 Καὶ
2738 4167 2806 4218 ἶν’
2829 4169 2893 4219 ἐκ
2925 4167 3134 4220 πολλῶν
3171 4165 3370 4238 μέτρια
3418 4168 3758 4237 παραϐῶμεν
3798 4170 3990 4222 ἐνταυ-

2413 4254 2499 4308 θοῖ
2525 4257 2838 4328 ’τοσαύτην
2869 4254 2984 4328 εἶχε
3013 4260 3111 4327 τὴν
3144 4258 3253 4310 τῶν
3283 4259 3470 4312 κακῶν
3498 4261 3827 4327 ἀμνηστίαν,
3864 4260 3994 4312 ὥστ’

2416 4351 2475 4402 ὲν
2507 4350 2787 4411 τοσούτοις
2815 4350 3245 4420 συνειλημμένος
3267 4351 3534 4413 κινδύνοις
3561 4355 3658 4404 καὶ
3683 4349 3793 4404 οἷον
3818 4355 3995 4406 εἰπεῖν

2410 4440 2474 4491 ὲν
2497 4438 2624 4509 ᾅδου
2677 4439 3070 4509 βεὸυθισμένος
3127 4441 3348 4508 γαστρὶ.
3386 4440 3700 4508 μεμνῆσθαι
3748 4441 3826 4509 τῷ
3858 4444 3998 4510 ίερεῖ

2418 4528 2823 4597 παρεκελεύετο
2855 4530 3072 4599 πρῶτον
3124 4530 3224 4597 μὲν
3255 4530 3458 4597 Ἀννης
3491 4534 3586 4599 τῆς
3620 4531 3892 4599 βασιλίδος
3938 4535 3995 4583 ἐν

2415 4621 2536 4681 ταῖς
2601 4619 2776 4689 ίεραῖς
2835 4619 3152 4687 ὑμνῳδίαις,
3205 4619 3461 4689 δεύτερον
3519 4619 3574 4672 δὲ
3629 4622 3722 4672 τοῦ
3785 4621 3994 4689 ταύτης

2415 4709 2597 4773 υἱέως,
2633 4711 2725 4761 καὶ
2756 4709 2941 4777 τρίτον
2971 4709 3135 4761 αὐτοῦ
3173 4711 3311 4777 μετὰ
3343 4711 3437 4776 τῆς
3469 4710 3744 4776 ὁμοζύγου
3778 4711 3995 4778 βασιλί-

2410 4802 2498 4863 δος
2527 4802 2760 4872 Είρήνης
2777 4818 2792 4832 ⁶
2825 4802 2918 4853 καὶ
2942 4801 3111 4852 ταῦτα
3127 4802 3184 4852 ὲν
3215 4801 3469 4872 ἀλλοτρίᾳ
3486 4799 3560 4875 ῶν
3575 4802 3870 4874 δυναστείᾳ
3901 4805 3997 4856 καὶ

743 4889 865 4940 dem
892 4871 1086 4954 spiritu
1120 4889 1224 4941 frui
1269 4899 1454 4958 posset
1489 4907 1501 4941 :
1540 4905 1715 4958 neque
1770 4891 1840 4943 ibi
1897 4891 2098 4953 solum,
2130 4890 2222 4943 sed
2257 4901 2313 4944 et
2412 4907 2418 4917 ε

2412 4893 2506 4957 γῇ,
2557 4893 2647 4941 καὶ
2684 4891 2808 4958 μηδ’
2859 4888 3143 4958 ἐλεύθερον
3179 4889 3319 4958 ἀέρα
3363 4871 3659 4958 δυνάμενος
3705 4871 3990 4948 ἀναπνεῖν.

742 4995 1072 5050 quacunque
1098 4977 1361 5050 praeterea
1398 4997 1556 5035 suum
1594 4996 1793 5035 nomen
1843 4981 2134 5036 honorifici
2170 4998 2310 5050 pra:-

2413 4980 2642 5053 ]P.40l]
2669 4983 2745 5033 υὺ
2799 4981 2963 5049 μόνον
2996 4981 3064 5044 δ’,
3091 4980 3226 5033 ἀλλὰ
3275 4982 3370 5033 καὶ
3394 4981 3640 5052 ὅπουπερ
3674 4981 3740 5035 ἂν
3778 4985 3993 5054 ἀλλαχῆ

2065 5117 2406 5179 Variorum
2451 5123 2640 5177 notas.

815 5251 926 5316 (67)
958 5249 1133 5304 Verba
1153 5250 1393 5317 auctoris
1413 5250 1484 5302 ita
1511 5250 1818 5310 coustruxi.
1843 5249 1938 5302 καὶ
1958 5249 2062 5302 ὅσα
2097 5248 2302 5318 μεταξὺ

745 5323 960 5391 (supple
1013 5322 1112 5386 τῆς
1169 5321 1461 5390 Ἰλλυρὶδος
1531 5319 1998 5391 κείμεναλψαύει
2052 5320 2302 5390 πλευρῶν

742 5389 835 5444 τοῦ
879 5391 1065 5442 Ἰονίου
1099 5389 1443 5443 κόλπουτῶν
1478 5391 1612 5457 πρὸς
1642 5389 1736 5451 ἕω,
1765 5390 1815 5443 id
1843 5399 1949 5447 est.
1976 5397 2024 5458 et
2047 5389 2304 5458 quidquid

743 5465 876 5515 citra
902 5459 1199 5529 Illyricum,
1225 5463 1436 5529 attingit
1465 5459 1638 5512 latera
1684 5459 1965 5513 orientalia
1995 5457 2164 5513 Iouici
2192 5457 2306 5512 ma-

744 5536 838 5585 ria.
873 5532 1028 5596 Quod
1063 5532 1106 5583 si
1141 5531 1213 5582 ita
1246 5539 1656 5598 construantur.
1690 5536 1787 5582 καὶ
1819 5531 1917 5582 ὅσα
1960 5529 2163 5598 μεταξὺ
2195 5529 2306 5580 τῶν

746 5551 838 5585 rw.
873 5547 1028 5596 uuou
1063 5547 1106 5583 sn
1141 5547 1213 5582 Ita
1246 5547 1584 5584 consuuauu
1611 5547 1656 5588 r.
1690 5547 1787 5582 και
1819 5547 1917 5582 an
1960 5547 2163 5598 μεταςυ
2195 5547 2304 5580 των

746 5604 881 5668 «ob;
938 5602 1013 5653 ’ἐω
1065 5602 1282 5668 (supple
1333 5547 1603 5669 miptevz’)J
1625 5599 1787 5667 ψαύει
1836 5599 2100 5667 πλευρῶν,
2120 5600 2304 5650 Ἰονίου

745 5673 984 5735 κόλπου,
1018 5671 1344 5725 vertendum
1390 5671 1516 5732 erit.
1585 5679 1633 5724 et
1682 5669 1935 5739 quidquid
1993 5669 2091 5733 loci
2150 5671 2307 5722 citra‘

858 5805 978 5858 Nota
1003 5809 1095 5858 dici
1133 5808 1178 5858 id
1204 5809 1331 5868 apud
1365 5807 1621 5860 Triballos.
1655 5810 1845 5859 Bems.

2371 5381 2374 5384 ς
2403 5319 2615 5386 attingit
2680 5334 2698 5371 :

2412 5247 2698 5302 orientales
2756 5251 3056 5316 prouincias
3087 5248 3336 5317 positum,
3401 5247 3570 5301 Ionici
3615 5248 3781 5300 maris
3817 5247 3994 5303 latera

2611 5330 2698 5440 r80:
2756 5333 2922 5386 quam
3001 5319 3516 5387 interpretationem
3586 5318 3988 5387 praeferendam

2690 5404 2818 5440 ma.

2403 5396 2578 5459 puto.
2611 5396 2818 5459 poma.

2478 5457 2590 5526 (68)
2617 5458 2750 5510 Vide
2781 5458 2999 5511 Homer.
3040 5455 3201 5510 Iliad.
3236 5471 3275 5518 ι,
3312 5456 3399 5509 82.
3428 5471 3632 5518 somn.

2483 5531 2595 5594 ((59)
2623 5526 2865 5581 Oliscure
2892 5529 3100 5581 dictum
3127 5543 3142 5590 ;
3167 5536 3349 5597 atque,
3381 5535 3440 5580 ut
3467 5526 3992 5596 apparet,scriptum

2409 5598 2696 5651 mendose.
2755 5598 2960 5651 Tamen
3018 5600 3092 5651 ita
3147 5599 3312 5649 etiam
3367 5597 3420 5649 in
3479 5597 3667 5650 codice
3724 5597 3996 5652 Vaticano

2409 5669 2674 5738 scriptum
2714 5669 2920 5736 reperit
2947 5684 3027 5720 vtr
3050 5669 3421 5723 doctissimus.
3474 5681 3672 5720 somn.
