4242 6446
202 386 312 450 865
611 386 689 459 [Α.
729 404 780 445 c.
824 390 982 463 1542]

1196 400 1640 460 ΒῩΖΑΝΤῙΝᾹΞ
1676 401 2062 463 ΗΙδΤΟΗΙίΕ
2103 403 2254 467 LIB.
2295 403 2469 463 XIII.

2602 399 2738 473 [ων.
2792 417 2834 457 ι.
2875 415 3112 459 nuce.
3152 404 3210 476 2]

3349 408 3458 472 866

140 565 142 567 γ
202 501 458 572 πανταχῆ
485 503 553 555 δι’
587 505 840 577 εὐφήμου
867 511 967 577 τῆς
995 511 1218 579 μνήμης
1245 512 1310 564 τὸ
1335 515 1533 564 οἰκεῖον
1554 512 1784 583 ἡλπιξεν

1836 514 2037 583 iconii
2059 516 2540 570 commendatione
2592 517 2938 572 circumferri
2967 533 3126 588 posse
3175 520 3452 588 sperabat,

201 591 376 661 ὄνομα
423 594 684 650 δύνασθαι
733 599 1020 669 φέρεσθαι,
1062 603 1226 654 κάκεῖ
1265 604 1632 672 προηγεῖσθαι
1680 606 1777 670 τῆς

204 681 477 749 βασιλίδος
520 688 723 758 ’Δννης
762 690 1001 760 τοῦνομα
1036 694 1133 746 καὶ
1161 695 1302 764 πρός
1347 711 1414 761 γε
1447 695 1540 746 τοῦ
1574 694 1778 761 ταύτης

205 774 371 838 υίέως
420 777 539 846 μεθ’
572 781 792 851 ἀπάσης
836 783 1054 836 ἐκέλευε
1101 784 1322 855 γνώμης
1371 787 1468 838 καὶ
1517 787 1782 854 προαιρὲ-
1820 835 1832 846 ,

204 884 344 930 σεως
371 885 384 898 °
414 870 605 940 ὥσπερ
635 873 742 943 ἀρα
780 876 873 927 καὶ
907 878 1044 944 πρὸς
1068 878 1343 941 Δίτωλούς
1368 897 1422 930 τε
1458 880 1552 930 καὶ
1578 881 1780 930 Θεττα-

205 960 331 1022 λούς
355 978 412 1012 τε
433 964 800 1032 τὸνἌγγελον
821 970 1203 1022 ἀποστέλλοντι
1221 971 1462 1040 Ἰωάννη,
1483 970 1612 1022 ὥσθ’
1631 971 1783 1022 ἐκόν-

205 1071 318 1108 των
346 1059 540 1126 ἀρχειν
568 1059 771 1122 αὐτῶν,
810 1061 885 1122 ὡς
924 1064 1208 1130 προῖόντες
1249 1062 1486 1132 ἐροῦμεν
1513 1063 1784 1114 πλατύτε-

207 1163 322 1213 ρον,
358 1147 636 1218 ⁴προῦργου
668 1148 858 1216 γέγονε
895 1150 1304 1205 διακελεύεσθαί
1330 1170 1388 1204 τε
1426 1154 1522 1204 καὶ
1568 1170 1786 1222 παραγ-

203 1237 422 1303 γέλλειν
445 1239 638 1292 τούτου
681 1259 742 1308 γε
783 1242 968 1294 εἵνεκα
1007 1244 1246 1312 μάλιστα
1283 1246 1529 1310 πάντων,
1586 1247 1678 1298 καὶ
1710 1245 1786 1314 μὴ

208 1332 482 1399 πρότερον
546 1332 838 1400 μεθιέναι,
893 1337 1022 1404 πρὶν
1077 1336 1241 1389 αύτδν
1302 1338 1660 1406 τελεσιουργὰ
1720 1338 1787 1389 τά

205 1424 388 1476 τοιάδε
421 1427 528 1494 πρὸ
563 1427 766 1488 παντὸς
807 1428 1252 1496 ἐπαγγείλασθαι
1285 1431 1418 1501 δρᾷν
1460 1431 1785 1500 παραγγέλ-

210 1533 388 1583 ματα.
430 1518 648 1572 Ιζῐσεται
681 1519 737 1572 δέ
779 1520 1002 1583 πάντως
1035 1525 1091 1586 ἐς
1125 1524 1185 1575 τὸ
1223 1523 1478 1592 ἀκριϐὲς,
1507 1525 1565 1586 ὃς
1601 1525 1665 1576 ἂν
1703 1526 1786 1574 ἐν·

205 1607 344 1678 τύχῃ
380 1611 623 1680 ζητήσας
646 1612 726 1682 τῷ
752 1617 891 1683 πρὶς
925 1615 1090 1666 αὐτὸν
1132 1616 1489 1683 θεσπίσματι,
1522 1616 1695 1668 ταῦτά
1723 1633 1785 1668 τε

185 1705 302 1754 -καὶ
355 1704 453 1756 ὅσα
510 1705 720 1770 τούτοις
774 1708 1138 1776 προστίθησιν
1175 1709 1360 1777 ὃμοια,
1417 1713 1486 1779 τῇ
1533 1707 1782 1777 βασιλείᾳ

207 1794 327 1862 βίου
359 1797 622 1852 κελεύων.

276 1888 353 1941 Z'.
393 1888 554 1940 Τοῦθ’
584 1892 769 1962 ἰκανὸν
816 1892 994 1961 ἔγωγε
1029 1892 1195 1962 μόνον
1226 1895 1322 1946 καὶ
1362 1895 1621 1964 ἀποχρῶν
1646 1895 1788 1964 ἥγη-

204 1999 331 2050 μαι,
363 1983 474 2036 τῶν
512 1983 696 2038 ἀλλων
727 1988 900 2039 ὁπόσα
934 1986 1036 2058 τὴν
1067 1988 1263 2057 ὁμοίαν
1302 1987 1396 2040 τοῦ
1427 1988 1591 2059 ἡθους
1627 1989 1781 2056 εὐγέ-

205 2092 359 2128 νειαν
392 2075 506 2145 ἔχει
557 2077 1239 2147 σιωπωμένων,ἃπαντας
1283 2079 1516 2140 πείθειν,
1561 2075 1644 2143 οἷς
1688 2079 1780 2136 νοῦ

204 2165 306 2217 καὶ
337 2168 658 2236 φρονήσεως
697 2170 952 2238 μέτεστιν
978 2171 1246 2235 ὁπωσοῦν,
1281 2171 1532 2243 θειοτέρα
1554 2174 1782 2242 προνοίᾳ

201 2260 530 2313 διοιιεισθαι
557 2262 627 2315 τὰ
656 2263 854 2331 πάντα,
890 2266 986 2316 aut
1021 2265 1245 2336 μηδαμῆ
1279 2266 1420 2320 κατὰ
1451 2267 1512 2319 τὸ
1539 2266 1783 2333 αὐτόμα-

196 2369 301 2404 τον
343 2351 636 2422 φέρεσθαι,
680 2353 806 2425 μηδ’
836 2356 951 2408 ἀπὸ
994 2358 1164 2427 τύχης
1207 2359 1375 2424 τινος,
1426 2359 1567 2429 μήτε
1613 2360 1780 2429 μηδὲν

203 2445 318 2496 τῶν
351 2444 607 2498 ἀπάντων
635 2445 843 2512 ἕτερον,
883 2449 1022 2518 μήτε
1050 2451 1149 2519 τὴν
1181 2450 1371 2503 τούτου
1403 2454 1540 2519 πρὸς
1562 2452 1662 2523 τὴν
1689 2453 1784 2521 βα-

208 2538 536 2592 σιλεύουσαν
574 2540 742 2593 πόλιν
773 2542 1121 2610 ἀναίμακτον
1164 2543 1370 2597 εῐσοδον
1405 2547 1498 2598 καὶ
1539 2545 1637 2616 τὴν
1674 2546 1783 2599 τῶν

207 2627 514 2697 βασιλικῶν
537 2631 827 2700 ἀντίληψιν
857 2633 1086 2701 θρόνων,
1111 2635 1253 2688 οὕτω
1286 2638 1528 2706 μακροὺς
1560 2639 1654 2690 καὶ
1686 2654 1784 2690 πο-

207 2721 440 2782 λυειδεῖς
501 2723 596 2776 καὶ
650 2722 884 2776 Θανάτου
942 2725 1114 2792 φάναι
1176 2727 1424 2792 γείτονας
1471 2731 1782 2799 νενικηκότι

212 2812 519 2875 κινδύνουςο
549 2814 668 2866 ἀλλ’
695 2814 845 2883 αύτῷ
873 2815 972 2882 μὲν
1002 2817 1237 2883 ἀμοιϐὴν
1268 2818 1368 2884 τῆς
1405 2819 1622 2887 μακρᾶς
1645 2835 1784 2888 καρ-

204 2906 423 2974 τερίας,
457 2907 592 2958 πᾶσι
617 2906 664 2959 δ’
699 2906 769 2960 αὖ
799 2908 1036 2961 ἐλπίδων
1069 2908 1306 2979 ἔρεισμα
1332 2910 1608 2980 χρηστῶν,
1637 2907 1718 2972 οἷς
1751 2912 1784 2981 ή

213 2997 412 3065 γνώμη
459 2997 558 3067 τὴν
606 2997 718 3051 τῶν
759 2999 951 3052 δεινῶν
1000 3003 1304 3073 καρτερίαν
1335 3002 1514 3072 πέρας
1563 3002 1784 3070 εὐγενὲς

207 3087 536 3152 ἐκδέξεσθαι
573 3090 936 3159 ὑπισχνεῖται.

1890 606 2004 659 illic
2030 607 2198 660 Annm
2235 607 2570 676 imperaticis
2617 617 2673 662 et
2700 609 2794 662 filii
2847 611 2969 678 ejus
3022 626 3222 665 nomen
3259 613 3456 680 praeire

1891 699 2040 750 omni
2075 699 2260 751 studio
2289 714 2353 752 ac
2407 699 2689 754 voluntate
2720 701 2969 768 jubebat.
3027 701 3118 756 Sic
3156 703 3220 754 ad
3248 701 3459 756 Aitnlos

1891 789 2291 859 Thessalosque
2316 791 2578 845 Joannem
2607 793 2873 862 Angelum
2906 809 3029 847 cum
3057 797 3318 860 mitteret,
3352 795 3460 849 illis

1888 879 2204 934 volentibus
2235 881 2629 948 praefuturum;
2687 881 3149 951 quemadmodum
3202 883 3342 936 infra
3376 881 3460 934 dig

1890 983 2078 1023 cemus
2112 970 2287 1023 fusius
2315 988 2328 1035 ;
2363 971 2436 1023 nil
2468 973 2518 1024 ei
2552 971 2655 1024 fuit
2695 973 2900 1040 potius,
2929 987 3092 1039 quam
3133 965 3194 1025 υἰ
3241 972 3460 1042 juberet

1890 1063 2324 1132 prwciperetque
2357 1064 2490 1116 illud
2526 1063 2760 1117 maxime
2789 1081 2802 1117 :
2837 1079 2936 1117 nec
2963 1065 3116 1132 prius
3144 1079 3270 1118 eum
3295 1065 3462 1117 dimi-

1890 1155 1982 1217 sit,
2013 1170 2176 1222 quam
2211 1156 2302 1207 ille
2333 1155 2603 1224 ejusmodi
2647 1136 2900 1207 mandata
2933 1170 2990 1207 re
3018 1154 3133 1222 ipsa
3165 1163 3460 1208 exsecutu-

1891 1261 2012 1298 rum
2041 1262 2098 1300 se
2122 1257 2249 1299 ante
2279 1249 2464 1300 omnia
2502 1247 2866 1314 promisisset.
2903 1246 3079 1315 Atque
3141 1247 3254 1300 haec
3283 1247 3463 1315 quivis

1892 1339 2329 1406 exploratissime
2359 1340 2644 1407 percipiet,
2667 1339 2993 1406 rescriptum
3027 1340 3204 1408 ipsum
3233 1350 3459 1392 nactus:

1892 1447 2069 1501 neque
2107 1431 2221 1485 hac
2255 1433 2451 1490 solum.
2487 1432 2581 1484 sed
2611 1440 2666 1484 et
2694 1446 3035 1499 quacunque
3061 1430 3163 1483 alia
3191 1429 3276 1484 his
3303 1430 3448 1484 simi-

1893 1521 1963 1574 lia
1995 1519 2383 1589 addit,jubens
2415 1536 2564 1583 cum,
2592 1520 2839 1588 quandiu
2875 1521 3122 1573 victurus
3143 1520 3231 1580 sit,
3270 1521 3464 1573 Roma-

1895 1627 2027 1666 num
2063 1612 2353 1681 imperium
2387 1612 2536 1664 omni
2568 1611 2777 1666 honore
2805 1621 2860 1665 ct
2900 1613 3207 1667 reverentia
3255 1613 3460 1682 colere;

1831 1704 2122 1758 Ῥωμαίων
2184 1703 2604 1770 πάσαν.νέμειν
2638 1703 2777 1756 αίδῶ
2867 1707 2963 1757 καὶ
3020 1705 3313 1758 εὐλάϐειαν
3379 1706 3464 1758 διὰ

1821 1903 1861 1958 Β
1961 1887 2076 1943 Vll.
2106 1885 2289 1942 Unum
2315 1900 2416 1956 ego
2449 1885 2582 1939 illud
2613 1895 2745 1954 puto
2769 1884 3019 1939 sntIicere
3048 1901 3115 1940 ac
3169 1889 3303 1942 satis
3339 1903 3464 1944 esse

1891 1977 2129 2048 (caeteris
2167 1974 2405 2038 omissis,
2435 1990 2557 2043 qua:
2586 1989 2909 2044 generosam
2955 1973 3196 2029 indolem
3253 1979 3462 2046 pariter

1888 2070 2152 2140 arguunt)
2191 2068 2262 2122 ad
2294 2067 2740 2138 persuadendum
2771 2069 3051 2131 omnibus,
3110 2069 3204 2139 qui
3261 2070 3463 2125 mentis

1883 2174 1946 2218 et
1977 2163 2288 2232 prudentiae
2322 2177 2432 2216 non
2482 2162 2592 2216 sint
2628 2163 2856 2216 omnino
2885 2172 3160 2232 expertes,
3190 2162 3458 2217 diviniori

1889 2254 2232 2326 providentia
2259 2253 2444 2308 omnia
2474 2253 2792 2323 gubernari,
2831 2270 2939 2308 non
2967 2264 3155 2309 autem
3205 2254 3349 2309 volvi
3380 2265 3462 2310 te—

1887 2367 2074 2415 mere;
2130 2361 2294 2418 atque
2362 2360 2423 2403 ut
2469 2350 2610 2403 nihil
2667 2349 2841 2415 aliud,
2905 2351 2980 2404 ita
3031 2365 3138 2407 nec
3165 2350 3296 2404 illud
3327 2366 3461 2406 casu

1887 2445 2091 2502 factum
2120 2447 2312 2510 fuisse,
2343 2455 2403 2498 ut
2435 2443 2852 2499 Cantacuzenus
2872 2444 2990 2498 sine
3027 2445 3291 2514 sanguine
3316 2446 3463 2511 prin-

1889 2537 2064 2606 cipem
2099 2537 2290 2591 urbem
2340 2537 2575 2590 intraret
2607 2545 2664 2590 et
2695 2535 2834 2590 solio
2870 2535 3225 2606 imperatorio
3254 2539 3463 2605 potire-

1890 2636 2000 2693 tur,
2034 2627 2298 2697 periculis
2330 2626 2497 2680 tantis
2518 2634 2576 2679 et
2601 2634 2712 2679 tam
2767 2625 3167 2694 multiplicibus
3221 2629 3466 2681 exantla-

1892 2717 1982 2781 tis,
2014 2719 2268 2788 ipsoque,
2309 2727 2369 2772 ut
2422 2718 2494 2771 ita
2521 2717 2726 2780 dicam,
2759 2718 3095 2786 triumphato
3153 2718 3347 2774 mortis
3395 2720 3466 2773 li-

1890 2812 2081 2866 mine:
2111 2811 2206 2866 sed
2241 2810 2413 2864 fuisse
2465 2809 2598 2864 illud
2655 2810 2758 2878 ipsi
2808 2811 3032 2879 quidem
3082 2809 3465 2865 Cantacuzeno

1891 2901 2169 2956 diuturna:
2206 2898 2484 2969 patientia:
2517 2899 2864 2964 mercedem;
2893 2899 3017 2954 aliis
3056 2915 3186 2953 vero
3224 2884 3337 2969 spei
3370 2900 3467 2955 bo-

1891 3008 1975 3046 na:
2033 2991 2553 3056 conﬁrmationem;
2593 2989 2759 3060 διε
2791 2991 2858 3044 iis
2912 2990 3193 3057 videlicet,
3256 2994 3464 3062 quibus

1894 3084 2037 3138 mala
2075 3082 2294 3138 fortiter
2329 3082 2696 3138 tolerantibus
2749 3082 2968 3138 animus
2995 3098 3130 3139 suus
3164 3084 3465 3154 gloriosum

1893 3177 2106 3232 exitum
2130 3175 2385 3244 spondet.

278 3271 369 3324 H'.
397 3270 463 3322 Εί
501 3269 609 3338 γὰρ
631 3270 810 3324 πάντα
841 3269 960 3323 καθ’
991 3272 1195 3323 ἕκαστα
1223 3269 1619 3341 βουληθείημεν
1645 3269 1788 3338 ἀφη-

1836 3265 1858 3324 I
1967 3269 2106 3325 Vlll.
2140 3267 2303 3336 Quod
2357 3268 2403 3322 si
2455 3267 2637 3322 omnia
2687 3265 2968 3337 sigillatim
3021 3284 3464 3339 percenseamus,

208 3365 454 3431 γεῖσθαι,
483 3363 661 3416 ὁπόσα
689 3364 1009 3431 πέπρακται
1047 3363 1143 3432 μὲν
1175 3363 1439 3416 ἐπίϐουλα
1472 3363 1593 3415 κατ’
1620 3360 1788 3415 αὑτοῦ

205 3459 327 3517 τοίς
350 3455 591 3526 ἐχθροῖς,
621 3456 716 3508 καὶ
760 3453 948 3508 ὁπόσοι
999 3455 1180 3525 φιλίας
1213 3455 1528 3524 ὑποκριταὶ,
1567 3454 1790 3507 πάντων

211 3550 259 3598 δ’
284 3549 584 3618 ὑπέρτερος
612 3547 748 3617 πρός
768 3547 865 3618 τῆς
893 3548 1101 3600 ἀνωθεν
1128 3543 1196 3617 ἦν
1221 3546 1558 3618 τηρούμενος
1583 3545 1789 3613 δεξιᾶς,

211 3641 366 3693 δέδια
407 3641 485 3711 μή
541 3657 626 3701 τις
661 3641 844 3708 φιλίας
883 3658 950 3710 με
1000 3639 1279 3710 γράψηται
1305 3639 1447 3708 πρὸς
1503 3639 1596 3691 τὸν
1624 3638 1790 3708 ἄνδρα

217 3735 442 3804 μακρᾶς
472 3733 580 3784 τῶν
609 3733 725 3784 ὅσοι
755 3733 1054 3802 γυμνάσιον
1085 3732 1262 3800 ἕτεροι
1295 3731 1542 3800 γλώττης
1571 3729 1793 3784 ποιοῦν-

211 3845 306 3880 ται
337 3827 436 3896 τὴν
464 3827 571 3879 τῶν
597 3826 655 3878 ἐν
686 3843 749 3894 γε
788 3826 865 3895 τῷ
895 3826 1124 3896 παρόντι
1159 3825 1457 3895 γινομένων
1484 3842 1789 3893 συγγραφι-

213 3921 322 3986 κην
374 3920 656 3986 ἀφήγησιν
709 3919 846 3987 ἡμῖν
895 3933 956 3984 γε
1010 3916 1433 3985 παραπλησίως.
1472 3914 1537 3967 Εἰ
1572 3915 1680 3983 γάρ
1708 3931 1792 3976 τις

210 4011 326 4062 τῶν
354 4009 553 4074 ἔξωθεν
589 4008 682 4062 τοῦ
716 4008 787 4062 τὰ
817 4007 996 4062 τοιάδε
1041 4008 1386 4080 συγγράφειν
1437 4005 1610 4069 ἑστὼς
1645 4023 1792 4074 γυμ-

214 4104 430 4166 νασίου,
459 4101 716 4170 καθάπερ
743 4118 830 4164 τις
863 4100 1247 4170 Ἑλλανοδίκης
1270 4101 1363 4152 καὶ
1389 4099 1602 4168 ἀπαθὴς
1632 4097 1789 4151 ἀθλο-

218 4195 412 4263 θέτης,
445 4194 621 4247 ἐθέλει
645 4194 890 4258 σκοπεῖν,
920 4192 1114 4260 ὄψεται
1147 4191 1246 4260 μὲν
1271 4190 1397 4252 τοὺς
1425 4189 1620 4252 ἄλλους
1653 4189 1791 4257 ὀργῇ

217 4287 316 4338 καὶ
366 4283 524 4353 θυμῷ
575 4281 1091 4352 στρατηγουμένους
1150 4281 1244 4332 καὶ
1279 4280 1592 4349 γράφοντας
1642 4277 1794 4344 παρὰ

215 4376 478 4430 τοσοῦτον
511 4375 722 4437 πάθους
767 4375 1012 4435 ἐκείνους
1055 4372 1116 4424 οὑ
1152 4372 1299 4440 μάλα
1334 4370 1514 4436 ἐκτὸς,
1555 4369 1794 4439 παρόσον

217 4468 484 4538 ἀληθείας
516 4468 626 4520 οὐδ’
657 4468 794 4529 ὅλως
823 4465 991 4534 ἔμεγε
1023 4465 1216 4524 ἐκτός.

293 4561 374 4615 6⁷.
409 4563 482 4614 Ού
531 4560 638 4630 γὰρ
689 4559 994 4628 λελείψεταί
1042 4574 1131 4626 μοι
1175 4556 1287 4610 τῶν
1334 4556 1553 4608 πάντων
1603 4553 1793 4621 ὥσπερ

214 4658 371 4708 οὐδὲν
402 4655 508 4705 τῶν
533 4654 962 4721 ἐπαινουμένων,
996 4650 1167 4710 οὕτως
1198 4647 1318 4700 οὐδὲ
1341 4649 1449 4699 τῶν
1476 4647 1792 4714 ψεγομένων

213 4749 398 4813 οὐδὲν,
429 4746 558 4798 εἴτι
592 4746 689 4798 καὶ
733 4743 908 4811 τούτῳ
949 4742 1132 4808 σαφῶς
1169 4740 1445 4809 ἀνθρώπῳ
1480 4754 1542 4805 γε
1587 4738 1696 4789 δντι
1730 4739 1793 4805 ἡ·

220 4844 525 4911 μάρτηται,
556 4839 666 4890 εἴτε
694 4837 832 4889 κατά
861 4833 1085 4904 γνώμην
1115 4835 1208 4885 καὶ
1235 4832 1510 4903 βούλησιν,
1538 4831 1645 4882 εἴτε
1674 4828 1792 4882 κατ’

216 4937 467 5001 ἄγνοιαν,
504 4931 610 4983 εἴτε
655 4932 748 4982 καὶ
778 4929 874 4998 τῆς
906 4928 999 4980 τοῦ
1033 4929 1224 4997 χρόνου
1265 4943 1319 4977 τε
1367 4925 1460 4976 καὶ
1492 4923 1598 4974 τῶν
1628 4924 1794 4988 ἀνα-τ·-

213 5030 396 5080 καίων
435 5024 763 5093 βιαζομένης
783 5022 1123 5092 πραγμάτων
1146 5021 1343 5088 φορᾶς.
1380 5017 1463 5088 [ιι.
1486 5016 1612 5088 ίοέ]
1648 5016 1791 5069 Πάν-

215 5138 327 5171 των
359 5117 470 5187 γάρ
489 5115 694 5170 τούτων
729 5115 865 5182 μόνα
894 5114 962 5166 τὰ
993 5113 1131 5166 κατά
1159 5112 1386 5179 γνώμην
1408 5111 1504 5162 καὶ
1542 5110 1793 5179 βούλησιν

215 5214 332 5280 ἔχει
363 5212 426 5261 τὸ
444 5211 641 5277 κράτος
674 5206 782 5259 τῶν
818 5207 1002 5275 ψόγων
1026 5205 1118 5256 καί
1151 5203 1258 5255 τῶν
1288 5204 1547 5254 ἐπαίνων.
1579 5203 1720 5254 Ὅσα
1738 5201 1794 5253 δὲ

217 5302 451 5375 ῥεούσης
467 5302 528 5353 τό
553 5318 615 5368 γε
640 5301 815 5352 δοκεῖν
831 5299 1152 5368 αὐτομάτως
1170 5297 1262 5348 καὶ
1279 5295 1449 5362 λόγων
1460 5295 1565 5346 τῶν
1585 5311 1794 5362 προση-

215 5398 428 5449 κόντων
473 5393 574 5462 τῆς
618 5393 788 5461 τύχης
822 5393 1000 5455 ἐκτὸς,
1051 5391 1143 5442 καὶ
1181 5388 1275 5440 νῦν
1307 5388 1406 5456 μὲν
1436 5390 1497 5440 τὸ
1538 5387 1793 5454 εὔδαιμον

214 5489 565 5560 χορηγούσης
607 5485 718 5545 τοῖς
750 5484 1004 5551 γινομένο
1030 5499 1056 5544 ς
1107 5481 1204 5551 ὅλῃ
1250 5481 1396 5550 δεξιᾷ
1439 5479 1532 5531 καὶ
1574 5478 1794 5548 δρόμος

213 5581 496 5650 ἀσχέτοις,
523 5575 614 5630 νῦν
637 5577 695 5629 δὲ
717 5575 815 5644 τῆς
845 5574 1060 5635 εὐθείας
1088 5572 1510 5642 άποπλανώσης,
1545 5571 1638 5623 καὶ
1663 5570 1794 5640 πρὸς

202 5674 507 5743 ,κρημνοὺς
537 5669 905 5739 ὁδηγουμένης
937 5664 1074 5736 ὁμοῦ
1124 5666 1220 5719 καὶ
1255 5665 1551 5727 σκοπέλους
1587 5666 1793 5733 ἀτοπη-

219 5767 437 5834 μάτων,
468 5764 565 5815 καὶ
596 5763 900 5831 πράγματα
934 5759 1149 5829 θρήνων
1189 5759 1361 5828 μεστά
1417 5759 1514 5810 καὶ
1542 5757 1795 5827 δακρύων

209 5853 456 5928 ,μακρῶν
505 5852 892 5923 προξενούσης,
946 5847 1025 5914 οἷς
1083 5852 1451 5921 κακοπραγεῖν
1501 5848 1637 5919 πρὸς
1696 5850 1795 5917 τῆς

1889 3379 2013 3434 quae
2051 3371 2110 3416 et
2146 3361 2459 3439 inimiciIet
2502 3359 2760 3415 amicitia:
2807 3362 3160 3416 simulatores
3198 3361 3466 3418 insidiose

1890 3455 2157 3509 adversus
2193 3469 2315 3509 eum
2357 3452 2656 3507 machinati
2693 3463 2855 3513 sunt;
2885 3455 3088 3522 quibus
3119 3463 3300 3508 tamen
3342 3470 3464 3509 om-

1892 3548 2058 3602 nibus
2091 3548 2344 3602 altinrem
2397 3564 2521 3602 cum
2571 3548 2826 3616 praestitit
2857 3548 3042 3602 divina
3076 3548 3194 3616 ipsa
3242 3553 3465 3612 dextra;

1893 3657 2105 3708 verear,
2136 3657 2205 3694 ne
2236 3657 2322 3695 me
2365 3641 2534 3694 studii
2565 3657 2693 3710 erga
2744 3641 2893 3695 illum
2932 3641 3085 3694 nimii
3120 3653 3340 3696 accuset
3364 3643 3466 3696 ali-

1893 3735 2018 3804 quis
2046 3749 2112 3789 ex
2149 3733 2220 3787 iis
2245 3734 2337 3802 qui
2374 3735 2641 3802 linguam,
2678 3732 2753 3785 uti
2786 3747 2906 3795 nos,
2945 3741 3204 3788 exercent
3245 3733 3300 3786 in
3338 3748 3469 3787 con-

1893 3826 2183 3881 scribenda
2217 3836 2523 3893 temporum
2552 3835 2867 3878 nostrorum
2897 3823 3144 3877 historia.
3174 3822 3469 3877 Enimvero

1894 3919 1942 3973 si
1983 3919 2108 3987 quis
2134 3929 2285 3972 extra
2314 3918 2459 3970 illam
2495 3915 2885 3970 historicorum
2924 3917 3229 3986 palaestram
3260 3918 3469 3970 consti-

1895 4020 2064 4073 tutus,
2101 4021 2358 4080 tanquam
2389 4011 2721 4080 agonotheta
2762 4010 2960 4078 aliquis
2993 4023 3056 4062 ac
3097 4023 3289 4079 pugna:
3319 4007 3468 4060 arbi-

1887 4114 1981 4157 ‘tcr
2020 4104 2390 4170 incorruptus,
2426 4112 2678 4171 spectare
2716 4101 2871 4165 vclzt,
2907 4100 3110 4154 videbit
3132 4110 3291 4165 certe
3335 4098 3471 4152 alios

1898 4196 1992 4250 ira:
2035 4197 2331 4263 animoque
2385 4194 2616 4261 obsequi
2667 4201 2926 4262 tanquam
2973 4192 3123 4255 duci,
3171 4201 3340 4260 atque
3395 4190 3470 4244 ita

1888 4287 2159 4351 scribere,
2191 4297 2249 4339 ut
2272 4284 2735 4354 quemadmodum
2759 4299 2860 4353 ego
2888 4299 2995 4336 non
3027 4283 3253 4335 omnino
3277 4281 3470 4335 absum

1896 4398 1927 4436 a
1962 4381 2210 4444 veritate,
2248 4380 2328 4433 sic
2356 4389 2411 4433 et
2438 4377 2542 4446 ipsi
2578 4378 2647 4431 ab
2691 4377 2842 4430 omni
2872 4390 3097 4446 prorsus
3127 4375 3328 4429 adectu
3360 4390 3472 4428 nou

1895 4476 2005 4530 sint
2038 4473 2223 4528 alieni.

1819 4603 1872 4662 Β
1971 4567 2062 4622 IX.
2102 4566 2231 4620 Mihi
2263 4564 2410 4619 enim
2445 4573 2504 4618 ut
2559 4563 2695 4617 nihil
2747 4577 2938 4618 eorum
2979 4574 3098 4629 quae
3145 4558 3466 4620 laudantur,

1899 4660 1974 4713 ita
2013 4673 2118 4714 nec
2141 4674 2333 4712 eorum
2365 4672 2485 4726 qua:
2511 4658 2895 4724 vituperantur
2923 4653 3222 4723 quidquam
3256 4652 3472 4704 omittc~

1897 4757 2008 4810 tur,
2051 4747 2096 4801 si
2136 4745 2266 4814 quid
2297 4747 2365 4798 ab
2392 4747 2494 4797 isto
2536 4754 2722 4812 utpote
2762 4743 2984 4796 homine
3017 4750 3301 4810 peccatum
3336 4755 3471 4792 con~

1895 4847 2022 4900 stet,
2053 4839 2165 4890 sive
2193 4836 2424 4890 consilio
2470 4851 2532 4887 ac
2580 4835 2882 4894 voluntate,
2920 4833 3035 4885 sive
3084 4847 3179 4900 per
3218 4833 3473 4900 ignoran-

1899 4933 2048 4991 tiam,
2095 4930 2208 4984 sive
2261 4940 2568 4996 temporum
2624 4943 2688 4980 ac
2740 4926 3084 4979 necessitatis
3121 4925 3170 4977 τί
3218 4933 3468 4991 cogente.

1873 5023 1976 5076 .15);
2014 5023 2096 5075 his
2125 5021 2326 5090 quippe
2364 5020 2622 5074 otiinihus
2659 5035 2722 5072 ea
2770 5019 2883 5072 sala
2933 5019 3165 5071 maxime
3198 5017 3470 5070 laudanda

1897 5124 1990 5168 aut
2038 5112 2396 5181 vituperanda
2449 5121 2598 5172 sunt,
2650 5128 2771 5180 qua:
2817 5125 2922 5162 non
2979 5110 3098 5162 sine
3144 5109 3375 5162 consilio
3410 5121 3474 5160 ac

1897 5206 2175 5258 voluntate
2206 5203 2363 5255 ﬁunt.
2398 5202 2530 5266 Qua:
2578 5216 2706 5254 vero
2751 5200 3006 5253 accidunt
3041 5200 3263 5261 fluente,
3293 5212 3472 5266 quan-

1899 5310 2014 5352 tum
2043 5295 2264 5365 quidem
2292 5294 2532 5357 videtur,
2563 5304 2771 5346 temere
2802 5303 2856 5344 et
2891 5291 3027 5344 citra
3064 5291 3234 5358 legem
3265 5299 3471 5341 certam

1897 5392 2116 5443 fortuna
2156 5393 2377 5456 (nempe
2412 5385 2525 5438 haec
2564 5383 2726 5438 modo
2762 5383 3078 5435 felicitatem
3113 5387 3256 5448 larga
3307 5393 3472 5432 manu

1896 5493 1954 5536 et
1987 5480 2205 5549 profuse
2240 5478 2586 5545 imperti-tur;
2625 5476 2836 5529 modos
2862 5483 3010 5527 recta
3043 5471 3125 5524 via
3153 5473 3472 5524 aberrantes

1901 5574 1952 5626 in
2007 5585 2245 5642 praeceps
2304 5570 2416 5637 agit
2479 5577 2644 5636 atque
2705 5566 2760 5620 in
2824 5564 3080 5635 scopulos
3123 5560 3472 5622 temeritatis,

1899 5665 2229 5732 facessitquc
2303 5663 2374 5716 iis
2439 5661 2656 5731 negotia
2727 5659 2907 5711 luctus
2973 5671 3038 5709 ac
3107 5655 3473 5723 lacrymarutn

1897 5757 2064 5829 656
2096 5756 2271 5824 plena.
2313 5770 2451 5823 quos
2483 5767 2606 5806 esse
2641 5751 2887 5804 infelices
2930 5748 3095 5819 jussit
3128 5748 3446 5814 omnipotcn

1903 5861 1970 5903 llS
1999 5845 2355 5919 providenti-.1:
2383 5843 2711 5911 decretum),
2739 5857 2879 5911 quae,
2914 5841 3159 5908 inquam.
3193 5852 3222 5889 a
3251 5838 3478 5890 fortuna
