4242 6446
767 406 870 474 811
1055 401 1130 473 [Α.
1173 416 1229 456 ι.
1271 399 1434 464 6851,
1477 411 1586 451 txn.
1630 394 1715 465 ll]

2000 395 2410 455 ΝῐίίΕΙἮΟιὶΙ
2450 392 2833 455 ΟιιΕῦυιιιΕ

3905 378 4023 445 872

3118 385 3252 456 [una
3295 400 3312 436 ι
3377 395 3613 436 ΡΑΙΑΕΟΙ..
3653 377 3713 451 ἱ]

771 519 889 573 Non
935 517 1102 586 igitur
1135 513 1392 570 visitandi
1445 525 1591 564 nunc
1642 518 1879 575 teutpus,
1913 505 2009 560 sed
2063 504 2339 558 uberrime
2370 516 2411 565 Α
2444 525 2446 534 λ

2338 529 2339 550 π
2370 516 2411 565 Α
2444 522 2596 564 νους.
2630 504 2705 554 Οὐ
2741 501 2972 570 Θεωρίας
2997 496 3089 553 οὖν
3114 502 3142 551 ὁ
3182 503 3374 566 παρὼν
3417 496 3606 565 καιρὸς
3661 494 3781 547 οὐδὲ
3811 493 4013 560 λόγων,

769 608 960 664 llendi.
997 607 1188 662 Gravis
1221 605 1367 670 enini
1399 603 1486 656 hic
1517 601 1695 662 dolor,
1729 598 1818 667 qui
1850 606 1908 650 et
1951 611 2106 651 acres
2149 599 2339 649 admo-

771 715 900 754 vere
938 697 1070 752 ttiihi
1117 697 1369 749 stimulos
1402 704 1459 748 et
1499 691 1767 745 violentas
1805 688 1991 741 animo
2033 703 2155 742 meo
2192 687 2340 740 faces

772 790 992 843 videtur
1012 786 1288 850 subiicere
1312 803 1326 849 ;
1356 783 1613 853 quoniam
1642 778 1786 832 haud
1817 777 1977 831 datur
2004 793 2152 843 eum,
2184 777 2340 846 cujus

773 879 1092 946 impressam
1118 892 1248 946 gero
1277 877 1328 928 in
1361 873 1526 928 corde
1557 868 1870 938 imaginem,
1899 868 2134 920 amicum
2164 868 2341 922 intue-

774 971 820 1024 ri
854 970 1312 1040 pulcherrimum,
1343 961 1710 1036 imperatoriis
1736 963 2158 1029 circutuseptum
2182 976 2342 1014 orna-

773 1073 1000 1131 tumque
1030 1060 1391 1116 exercitibus.
1432 1076 1450 1109 ι

843 1241 932 1295 Ill.
971 1241 1082 1296 Nec
1110 1254 1239 1292 vero
1270 1237 1323 1292 id
1369 1238 1554 1308 lingua
1584 1237 1702 1308 ejus
1731 1237 1810 1291 sic
1849 1234 2087 1297 dicebat,
2130 1245 2190 1289 u-t
2222 1234 2340 1288 ani-

771 1350 897 1389 mus
926 1349 1035 1386 non
1067 1332 1393 1385 afficeretur.
1431 1329 1536 1383 Sed
1574 1329 1748 1382 multo
1778 1328 1971 1398 majori
1990 1328 2153 1411 'jntus
2183 1325 2340 1379 dolo-

772 1441 832 1480 re
866 1436 1059 1496 pectus
1088 1423 1352 1494 ﬂagrabat
1385 1431 1548 1491 atque
1584 1421 2004 1476 incendebatur.
2055 1421 2224 1486 quue
2259 1419 2340 1472 af—

771 1517 993 1571 firmare
1036 1516 1212 1570 ausim
1268 1514 1521 1584 pluribus
1581 1513 1851 1581 exemplis
1901 1512 2236 1568 deciaratum
2276 1510 2342 1564 iri

770 1606 1100 1671 evidentius,
1155 1605 1489 1675 procedente
1546 1605 1649 1658 hac
1710 1603 1960 1657 historia.
2027 1603 2180 1656 Adeo
2234 1617 2342 1654 non

770 1703 1042 1758 Barbaros
1092 1701 1330 1756 habebat
1375 1700 1538 1753 homo
1589 1699 1876 1759 barbarus.
1927 1698 2022 1754 sed
2073 1699 2343 1752 humanos

771 1811 977 1860 mores,
1009 1805 1066 1850 et
1097 1793 1341 1848 Graecam
1376 1792 1534 1860 plane
1565 1788 1967 1846 institutionem
2005 1789 2338 1842 redolentes.

769 1890 980 1944 Dlorum
1010 1887 1156 1942 enim
1194 1886 1520 1950 similitudo,
1557 1887 1602 1939 si
1641 1885 1714 1939 nil
1743 1884 2000 1953 amplius,
2033 1891 2088 1936 at
2120 1881 2345 1936 Orestas

770 1996 921 2039 certe
958 1983 1297 2054 Pyladasque
1329 1982 1472 2036 inter
1506 1996 1564 2036 se
1599 1980 1859 2036 conciliat
1887 1997 1901 2033 :
1933 1989 1988 2033 et
2029 1986 2193 2032 erant
2224 1976 2347 2046 qui-

772 2075 898 2131 dem
931 2074 1007 2129 illi
1032 2074 1225 2129 eadeui
1256 2082 1416 2143 gente
1443 2071 1667 2127 oriundi
1709 2079 1767 2125 et
1812 2071 2078 2140 sanguine
2117 2079 2346 2137 cognato

769 2163 976 2238 juncti,
1004 2159 1312 2233 ibdemque
1343 2173 1400 2217 et
1433 2162 1647 2232 legibus
1693 2172 1748 2216 et
1791 2159 2098 2229 disciplinis
2128 2157 2343 2211 imbuti.

773 2257 881 2310 Isle
915 2267 1098 2310 autem
1147 2255 1400 2310 barbaris
1442 2255 1764 2324 parentibus
1797 2261 1980 2312 natus,
2017 2251 2262 2305 tnoribus
2291 2260 2348 2304 et

771 2347 987 2417 legibus
1021 2348 1268 2401 barbaris
1297 2364 1326 2402 a
1361 2348 1593 2417 pueritia
1629 2347 1934 2404 institutus,
1971 2343 2262 2419 peregrino
2291 2353 2346 2396 et

771 2440 1025 2496 sermone
1072 2449 1129 2495 et
1168 2440 1316 2493 victu
1347 2455 1471 2493 cum
1512 2447 1780 2502 uteretur,
1819 2438 1978 2507 longo
2008 2435 2167 2500 mari,
2207 2436 2349 2490 mul-

774 2533 844 2586 tis
879 2543 935 2586 et
973 2532 1254 2587 montibus
1279 2540 1335 2586 et
1365 2532 1600 2586 vallibus
1637 2529 1924 2600 profundis
1954 2547 1980 2582 a
2007 2528 2347 2584 Cantacuze-

775 2641 846 2677 no
876 2625 1110 2688 divisus,
1142 2626 1306 2678 vitam
1353 2640 1576 2694 prorsus
1623 2623 1952 2692 disjunctatn
1989 2632 2045 2677 et
2080 2623 2155 2676 illi
2192 2623 2347 2693 igno-

774 2727 881 2768 tatn
916 2715 1129 2785 agebat,
1164 2717 1382 2784 qualem
1412 2715 1592 2783 quivis
1619 2715 1926 2784 alienigena
1956 2732 1970 2768 :
2000 2720 2131 2784 quin
2165 2724 2218 2768 et
2251 2728 2349 2782 pro

776 2807 963 2860 hostili
999 2807 1240 2860 habitam
1282 2806 1451 2876 650
1493 2806 1666 2860 ausim
1713 2806 1918 2859 dicere.
1956 2805 2141 2874 quue
2176 2803 2254 2870 fit,
2292 2814 2349 2857 ut

773 2897 938 2966 longo
975 2896 1079 2950 iste
1115 2897 1403 2951 intervallo
1435 2897 1555 2949 illos
1594 2897 1805 2949 ratione
1838 2896 2097 2949 amicitia:
2123 2895 2352 2948 transic-

776 2999 867 3050 rtt,
897 2998 950 3041 et
986 2987 1107 3058 ejus
1144 2987 1316 3056 magis
1350 3003 1512 3056 quam
1548 2987 1765 3040 illorqu
1799 2985 2033 3040 allectus
2080 2986 2148 3040 ad
2195 3001 2349 3040 sum-

777 3093 924 3133 tnum
954 3077 1190 3133 fervoris
1217 3077 1444 3148 gradum
1479 3078 1816 3147 pervenerit.

849 3257 937 3312 IV.
978 3255 1134 3321 Quod
1169 3257 1210 3309 si
1246 3255 1372 3324 quis
1404 3237 1785 3309 Cantacuzeno
1826 3255 2111 3310 blandiens
2137 3256 2190 3310 in
2221 3270 2348 3310 eum

777 3345 1029 3400 conferat
1065 3345 1336 3415 quidquid
1395 3347 1640 3398 melioris
1675 3361 1850 3399 causa:
1887 3345 2012 3410 fuit,
2065 3347 2348 3401 veritatem

776 3441 822 3491 is
851 3438 1132 3492 manifesta
1167 3438 1365 3502 injuria
1408 3439 1624 3490 alliciat.
1678 3437 1961 3491 Ambobus
1988 3454 2116 3491 sane
2147 3440 2190 3492 si
2225 3441 2349 3508 quis

776 3536 920 3585 hanc
978 3530 1181 3583 tribuat
1239 3524 1477 3592 laudem,
1529 3530 1736 3582 carebit
1791 3530 2236 3598 reprehensione.
2291 3529 2347 3584 Si

776 3640 908 3676 \ero
942 3622 1139 3690 aliquis
1181 3630 1348 3674 totam
1387 3621 1541 3674 alteri
1587 3620 1806 3690 eripiat,
1857 3637 1922 3674 eo
1956 3621 2098 3687 quod
2149 3622 2342 3675 barba-

779 3731 872 3768 rus
899 3729 1098 3783 genere
1140 3713 1307 3766 fuerit
1357 3729 1420 3765 ac
1468 3712 1694 3767 minime
1747 3712 1903 3765 nobis
1944 3712 2141 3777 aflinis,
2176 3712 2348 3766 nerui-

779 3818 902 3854 nem
945 3811 1075 3869 puto
1105 3803 1352 3854 omnium
1390 3800 1526 3863 fore,
1574 3803 1668 3870 qui
1712 3817 1822 3855 non
1857 3802 2006 3854 illiilli
2043 3805 2237 3855 merito
2269 3819 2349 3855 re-

778 3893 1104 3962 preliendat.
1136 3894 1460 3947 Animorum
1493 3894 1696 3963 quippe
1723 3894 2035 3963 eonjunctiu
2064 3904 2120 3947 et
2146 3890 2348 3960 cogna-

777 3988 853 4040 tio
910 4003 1015 4040 non
1061 4003 1124 4040 cx
1181 4001 1381 4056 genere
1431 3987 1756 4047 :esimatur.
1815 3986 1907 4038 sed
1961 4001 2025 4040 ex
2082 4003 2146 4038 eo
2201 3986 2344 4055 quod

776 4078 1059 4147 utriusque
1082 4076 1274 4131 eadem
1299 4077 1368 4130 sit
1391 4077 1665 4131 voluntas.
1695 4064 2166 4142 Quemadmodu‘m
2196 4078 2343 4131 enini

775 4173 828 4224 in
869 4170 1253 4224 instrumentis
1290 4169 1536 4233 musicis,
1574 4167 1744 4228 tibiis,
1803 4168 1952 4238 lyris,
2003 4168 2252 4229 citharis.
2286 4184 2348 4223 ac

777 4262 1070 4330 tympanis.
1125 4276 1236 4312 non
1279 4259 1524 4312 locorum
1572 4259 1829 4312 vicinitas
1875 4261 2141 4312 musicum
2186 4259 2349 4313 edicit

773 4361 1126 4413 concentum,
1157 4349 1250 4402 sed
1284 4364 1545 4402 sonorum
1594 4349 1870 4403 tuodulata
1903 4351 2212 4412 consensio,
2245 4349 2348 4403 etsi

775 4443 912 4496 lm-is
948 4443 1219 4512 disjuncta
1255 4442 1364 4494 sint
1407 4456 1471 4495 ca
1512 4457 1634 4509 quae
1679 4441 1799 4495 soni
1850 4441 2140 4496 efficientia
2193 4453 2344 4508 sunt,

2441 593 2577 646 ἀλλὰ
2609 591 2863 662 δακρύων
2917 589 3164 658 μακρῶν.
3210 585 3500 656 Ἐμὸριθές
3550 585 3658 652 γάρ
3705 583 3766 636 τὸ
3818 581 4014 640 πάθος.

2417 683 2536 741 ,καὶ
2567 681 2820 750 δριμείας
2849 678 2948 747 μὲν
2979 675 3228 747 κομίζειν
3256 675 3406 727 δοκεῖ
3434 691 3525 744 μοι
3554 674 3653 737 τὰς
3674 669 4011 739 φλεγμονὰς,

2437 774 2805 844 δριμυτέρους
2842 768 2886 822 δ’
2919 771 3150 835 ἐπάγειν
3180 786 3281 837 μου
3307 771 3374 838 τῇ
3402 765 3547 835 ψυχῇ
3577 766 3703 824 τοὺς
3750 762 4014 830 πρηστῆ-

2443 881 2543 933 pg;
2567 881 2580 893 ·
2637 863 2763 914 ἐπεὶ
2800 862 2890 914 τὸν
2951 859 3337 913 ἐντυπωθέντα
3412 875 3513 927 μου
3547 860 3614 926 τῇ
3646 854 3844 924 καρδίᾳ
3881 853 4016 906 κάλα

2439 926 2623 1006 λῖστον
2687 954 2841 1021 φίλον
2911 952 3130 1022 βλέπειν
3194 953 3294 1004 οὐκ
3351 949 3484 1019 ἔχω,
3529 949 3642 1009 τοῖς
3710 945 4013 1015 βασιλικοῖς

2441 1047 2825 1114 στρατοπέδοις
2861 1041 3361 1114 περικυκλούμενόν
3391 1057 3449 1092 τε
3485 1040 3582 1092 καὶ⁵
3607 1035 4020 1104 ἐγκαλλωπινςόο

2442 1155 2619 1208 μενον.
2663 1156 2680 1187 i

2510 1228 2584 1280 F'.
2617 1227 2724 1278 Καὶ
2755 1227 2852 1278 οὐκ
2873 1225 3025 1292 ἔλεγε
3062 1224 3161 1294 μὲν
3189 1221 3365 1276 ταῦτα
3391 1223 3457 1290 τῇ
3487 1218 3727 1287 γλώττῃ,
3754 1217 3855 1270 οὐκ
3873 1215 4017 1268 επα-

2442 1338 2535 1390 σχε
2589 1319 2770 1385 δὲτὴν
2801 1319 3001 1389 ψυχήν.
3039 1317 3202 1370 Ἀλλὰ
3238 1315 3434 1385 μακρῴ
3459 1332 3564 1366 τινι
3597 1314 3782 1383 μεῖζον
3812 1310 3874 1361 τὸ
3911 1309 4017 1359 πά-

2440 1410 2531 1473 θος
2565 1408 2710 1460 ένδον
2732 1408 2897 1462 αὑτοῦ
2931 1409 3030 1476 τὴν
3059 1405 3237 1474 ψυχὴν
3302 1403 3605 1473 ἐπυρπόλει
3664 1403 3760 1456 καὶ
3807 1402 4016 1459 ἔκαιεν,

2441 1501 2516 1563 ὼς
2562 1503 2972 1570 ἐμφανέστερον
3019 1498 3262 1568 πολλαχῆ
3330 1498 3630 1566 προϊοῦσαν
3673 1494 3871 1560 δείξειν
3915 1493 4022 1558 τὴν

2405 1639 2410 1646 .
2443 1593 2685 1660 ἱστορίαν
2705 1593 2866 1654 αὐτὸς
2899 1591 3272 1660 ἰσχυρίζομαι.
3317 1588 3508 1651 Οὕτως
3547 1587 3609 1640 οὐ
3659 1586 3942 1657 βάρϐαρον
3991 1587 4022 1638 ὁ

2444 1684 2720 1755 βάρϐαρος
2761 1679 2873 1752 εἶχε
2906 1683 2996 1734 τὸν
3040 1683 3264 1752 τρόπον,
3327 1679 3445 1733 ἀλλ’
3493 1681 3702 1750 ἥμερον
3757 1679 3849 1731 καὶ
3890 1695 4024 1729 παι-

2444 1776 2592 1837 δείας
2639 1775 2959 1843 Ἑλληνικῆς
3012 1773 3074 1825 τδ
3130 1772 3395 1842 παράπαν
3450 1773 3729 1839 ἐχόμενον.
3783 1770 3850 1822 Ἦ
3911 1768 4025 1838 γάρ

2378 1861 2418 1919 Β
2449 1868 2701 1946 ῥμοιότης
2730 1867 2838 1917 τῶν
2886 1866 3124 1933 τρόπων,
3177 1866 3223 1917 εἰ
3281 1864 3451 1942 μήτι
3519 1863 3702 1928 πλέον,
3756 1861 3872 1913 ἀλλ’
3928 1859 4025 1913 οὖν

2460 1959 2741 2030 Ὀρέσταις
2768 1957 2904 2028 ὁμοῦ
2955 1959 3054 2010 καὶ
3110 1957 3377 2019 Πυλάδαις
3427 1955 3612 2024 σαφῶς
3665 1955 3916 2006 εἰσποιεῖ.
3955 1955 4020 2006 υἱ

2451 2054 2551 2121 μὲν
2580 2053 2688 2122 γὰρ
2723 2051 3009 2121 ὁμόφυλοι,
3042 2049 3146 2114 κάξ
3204 2050 3453 2119 αἱμάτων
3508 2047 3872 2116 συγγενικῶν,
3926 2047 4025 2098 καὶ

2449 2147 2629 2216 νόμων
2663 2148 2755 2198 καὶ
2788 2145 3127 2215 μαθημάτων
3172 2146 3573 2214 μετεσχηκότες
3601 2141 3739 2213 ὁμοῦ
3765 2143 3873 2195 τῶν
3927 2143 4027 2194 αὐο

2449 2241 2558 2294 τῶν
2585 2253 2600 2268 ⁸
2632 2240 2660 2292 ὁ
2689 2239 2743 2292 δὲ
2773 2238 3048 2309 βάρὸαρον
3075 2239 3214 2306 ἔχων
3247 2238 3346 2308 τὴν
3393 2239 3631 2304 γένεσιν,
3671 2238 3767 2289 καὶ
3817 2235 4031 2305 βαρὸάο

2451 2344 2566 2397 ροις
2596 2328 2751 2397 ἤθεσί
2775 2345 2834 2381 τε
2862 2327 2955 2380 καὶ
2985 2327 3170 2396 νόμοις
3203 2326 3703 2397 συντεθραμμένος,
3748 2329 3842 2378 καὶ
3868 2327 4025 2378 αλλ’,-

2451 2421 2605 2491 φύλῳ
2635 2421 2914 2490 χρώμενος
2944 2423 3095 2490 φωνῇ
3136 2421 3230 2472 καὶ
3271 2419 3487 2488 γλώττῃ
3523 2421 3617 2472 καὶ
3668 2419 3874 2490 διαίτη,
3931 2421 4029 2472 καὶ

2454 2513 2682 2573 πολλαῖς
2705 2512 2803 2581 μὲν
2836 2512 3153 2576 Θαλάσσαις,
3204 2511 3419 2572 πολλοῖς
3448 2511 3494 2564 δ’
3515 2509 3668 2580 δρεσί
3699 2527 3758 2562 τε
3789 2515 3883 2564 καὶ
3916 2511 4024 2578 φά-

2452 2602 2615 2672 ραγξι
2667 2603 3122 2672 Καντακουζηνού
3196 2603 3562 2670 διῖστάμενος,
3623 2605 3854 2669 ἄμικτον
3909 2599 4027 2670 εἶχε

2453 2698 2632 2764 πάντη
2658 2696 2749 2747 τὸν
2781 2696 2897 2765 βίον
2924 2695 3072 2764 αὑτῷ
3113 2699 3206 2747 καὶ
3256 2697 3476 2763 ἀγνῶτα
3537 2696 3629 2749 καὶ
3685 2697 4027 2765 ἁλλὸςυλονο

2452 2789 2612 2858 φαίην
2641 2787 2688 2840 δ’
2720 2787 2786 2841 ἂν
2810 2790 2904 2841 καὶ
2946 2789 3004 2839 ἐν
3027 2789 3234 2857 ἐχθρῶν
3281 2791 3613 2856 τεταγμένον
3675 2789 3843 2860 μοίρᾳ
3873 2805 3885 2817 δ
3953 2789 4029 2852 ὡς

2454 2883 2681 2951 μακροῖς
2713 2899 2821 2934 τισι
2850 2879 2937 2933 διά
2962 2879 3136 2932 ταῦτα
3173 2883 3285 2941 τοῖς
3325 2882 3545 2950 μέτροις
3588 2887 3798 2933 τουτονὶ
3853 2898 4028 2950 παρεο

2451 2973 2665 3024 λαύνειν
2695 2975 2933 3034 ἐκείνους
2965 2974 3043 3033 είς
3076 2971 3230 3039 λόγον
3258 2972 3460 3038 φιλίας,
3484 2971 3577 3024 καὶ
3609 2973 3744 3023 πολὺ
3769 2973 3830 3023 τὸ
3855 2973 4027 3040 ὑπερ-

2453 3065 2645 3117 ϐάλλον
2670 3065 2764 3134 τῆς
2801 3063 3008 3133 Θέρμης
3067 3063 3164 3128 τὴν
3211 3061 3404 3114 τούτου
3465 3061 3669 3130 μᾶλλον
3723 3062 4029 3132 κεκτῆσθαι

2456 3159 2660 3229 σχέσιν,
2694 3157 2726 3227 ἢ
2758 3157 2854 3227 τὴν
2885 3155 3131 3208 ἐκείνων.

2525 3251 2596 3303 Δ’.
2633 3250 2690 3300 Ei
2727 3249 2781 3300 δέ
2832 3265 2914 3310 τις
2966 3246 3405 3315 Καντακουζηνῷ
3440 3245 3799 3316 χαριζόμενος
3829 3248 3890 3299 τὸ
3921 3250 4031 3300 πᾶν

2453 3342 2549 3410 τῆς
2577 3341 2847 3410 βελτίονος
2904 3342 3086 3402 αἰτίας
3123 3341 3321 3406 τουτῳῒ
3350 3341 3526 3408 φέρων
3575 3343 3880 3410 ἀνατιθείη,
3916 3343 4029 3394 ἀδι-

2457 3437 2680 3504 κήσειεν
2718 3434 2784 3486 ἂν
2821 3433 2877 3495 ἐς
2910 3433 2968 3484 τὸ
3000 3433 3277 3502 προφανὲς
3307 3450 3404 3501 την
3437 3434 3713 3502 ἀληθειαν.
3768 3436 4034 3502 Ἀμςροιζο

2455 3543 2568 3595 ροις
2595 3526 2704 3595 γάρ
2735 3527 2891 3586 εἴτις
2918 3529 3067 3576 τουτὶ
3111 3526 3400 3593 παρέχοιτο
3437 3528 3697 3592 τάγαθὸν,
3735 3528 3925 3579 οὐδένα
3965 3531 4032 3580 ἂν

2454 3619 2632 3687 σχοίη,
2656 3619 2804 3680 ὅστις·
2837 3618 2930 3670 καὶ
2963 3619 3273 3684 μέμφεσθαι
3308 3617 3567 3686 βούλοιτο.
3597 3619 3680 3689 [Ρ.
3710 3618 3836 3691 405]
3865 3621 4028 3682 ί-Σῐτις

2452 3707 2496 3759 δ’
2523 3709 2733 3760 ἐκείνου
2759 3707 3012 3772 καθάπαξ
3046 3705 3188 3758 τοῦτ’
3216 3708 3473 3778 αιταιροίη
3499 3709 3757 3773 τάγαθὸν,
3789 3712 3869 3761 οτι
3898 3713 4036 3778 βάρι

2454 3801 2622 3857 δαρον
2654 3800 2778 3869 ἔσχε
2815 3802 2874 3851 τὸ
2923 3800 3077 3866 γένος
3117 3801 3210 3850 καὶ
3237 3800 3440 3868 ἥκιστα
3484 3803 3771 3869 συγγενὲς,
3828 3803 4029 3854 οὐδενα

2453 3886 2697 3959 ἂνοῖμαι
2732 3892 2886 3959 σχοίη
2934 3891 3043 3940 τῶν
3116 3890 3356 3953 πάντων,
3408 3891 3556 3951 ὅστις
3615 3891 3713 3942 οὐκ
3770 3894 4033 3956 ἐπιεικῶς

2457 3981 2752 4051 μέμψαιτο.
2788 3982 2900 4050 ἰὴν
2940 3985 3047 4050 γαρ
3075 3981 3172 4050 τῆς
3198 3983 3374 4052 ψυχῆς
3401 3984 3657 4052 ὁμόνοιαν
3688 4001 3747 4036 τε
3776 3990 3869 4036 καὶ
3899 4001 4036 4049 συγ-

2454 4075 2669 4139 γένειαν
2695 4075 2817 4142 οὐχὶ
2843 4075 2902 4125 τὸ
2936 4074 3111 4141 γένος,
3139 4073 3256 4127 ἀλλ’
3307 4077 3340 4146 η
3366 4076 3464 4143 τῆς
3513 4076 3742 4146 γνώμης
3786 4078 4036 4131 δείκνυσι

2453 4166 2742 4233 ταυτότης.
2796 4165 2882 4227 Ὠς
2922 4167 3030 4236 γὰρ
3059 4169 3117 4218 ἐν
3147 4169 3258 4228 τοῖς
3305 4171 3586 4235 μουσικοῖς
3627 4170 3906 4236 ὀργάνοις,
3933 4173 4038 4223 ὅσα

2455 4261 2512 4308 ἐν
2543 4259 2724 4320 αυλοίς
2755 4261 2848 4310 καὶ
2878 4257 3072 4327 λύραις
3113 4259 3210 4311 καὶ
3265 4261 3520 4328 κιθάραις
3566 4267 3661 4313 καὶ
3704 4264 4034 4330 τυμπάνοις,

2452 4353 2551 4418 οὐχ
2579 4351 2742 4418 ἡτῶν
2765 4351 2944 4402 τόπων
2972 4349 3329 4419 ἐγγύτηςτὴν
3347 4353 3443 4418 τῆς
3477 4354 3741 4422 ἁρμονίχς
3766 4357 4037 4425 δημιιυρ-

2454 4444 2540 4508 γεῐ
2566 4444 2909 4509 συμφωνίαν,
2950 4441 3064 4492 ἀλλ’
3098 4444 3128 4510 ἡ
3165 4441 3263 4511 τῆς
3309 4444 3493 4514 φωνῆς
3550 4446 3793 4516 ἐμμελὴς
3853 4451 4039 4516 ὁμοιό-

778 4535 1119 4587 tantumdeut
1161 4548 1382 4600 quoque
1412 4532 1824 4601 deprehendere
1856 4543 1940 4587 est
1978 4543 2032 4587 et
2074 4534 2128 4587 in
2172 4534 2351 4588 homi-
2387 4547 2429 4602 ι)

2387 4547 2429 4602 ι)
2462 4551 2583 4601 της,
2616 4533 2715 4585 κᾶν
2748 4533 2994 4601 ἀλλήλων
3018 4533 3207 4605 πόρρω
3244 4551 3346 4586 που
3373 4536 3469 4604 τὴν
3529 4538 3762 4606 τοπικὴν
3797 4538 4039 4607 τύχωσιν

777 4641 908 4679 num
938 4624 1157 4688 animis,
1187 4624 1290 4677 etsi
1324 4625 1465 4677 forte
1489 4639 1552 4676 ex
1582 4623 1839 4693 gentibus
1868 4625 2104 4679 diversis
2133 4625 2349 4693 generis

777 4718 862 4770 sui
893 4718 1163 4786 originem
1203 4717 1429 4778 ducant,
1462 4716 1564 4768 etsi
1597 4717 1830 4771 infinitis
1859 4733 1888 4770 a
1916 4733 1974 4772 se
2004 4719 2233 4771 invicem
2268 4717 2350 4770 di-

777 4817 921 4861 stent
955 4816 1114 4860 terra:
1149 4821 1210 4858 ac
1242 4807 1408 4858 maris
1443 4805 1768 4859 intervallis.

850 5096 913 5149 γ.
961 5095 1030 5148 Iis
1056 5110 1242 5165 porro,
1275 5109 1395 5158 qua:
1421 5091 1556 5154 dixi,
1593 5090 1726 5143 fides
1753 5089 1955 5144 deinde
1987 5091 2196 5145 firmior
2222 5108 2354 5146 con-

781 5189 947 5242 stabit
977 5205 1041 5238 ex
1086 5186 1178 5247 iis,
1231 5200 1352 5252 qua:
1387 5183 1716 5251 procedente
1753 5182 1856 5235 hoc
1891 5199 2058 5250 opere
2103 5183 2355 5235 dicentur

781 5284 848 5332 de
900 5279 1120 5332 homine
1173 5277 1288 5338 illo,
1336 5291 1538 5345 genere
1582 5275 1806 5344 quidem
1852 5284 1908 5328 at
1953 5290 2061 5327 non
2108 5275 2355 5328 moribus

784 5375 1052 5434 barbaro;
1083 5367 1394 5436 cuiusmodi
1439 5377 1524 5420 est
1544 5365 1732 5420 ‘istud.
1781 5365 1917 5419 Cum
1952 5381 2017 5418 ex
2057 5364 2357 5436 Didyrnoti-

782 5467 884 5518 eho
910 5462 1222 5532 iniperatrix
1257 5461 1409 5514 lrcne
1464 5459 1695 5527 plurima
1736 5461 1785 5513 ei
1839 5461 2103 5524 mitteret,
2134 5477 2259 5528 qua:
2290 5460 2356 5513 ad

786 5558 991 5606 virtuni
1046 5563 1140 5605 aut
1192 5554 1258 5604 ad
1311 5551 1570 5604 vestitum
1624 5551 1979 5620 pertinerent,
2025 5567 2214 5618 quazve
2263 5568 2358 5604 no-

785 5656 1104 5696 cturnoruut
1139 5640 1434 5709 lcgtttinuttt
1471 5654 1628 5691 usum
1665 5639 1967 5706 evplerent,
2016 5654 2080 5692 ac
2125 5639 2359 5692 sazvien-

789 5748 896 5788 tein
933 5747 1044 5789 tum
1079 5736 1340 5802 temporis
1363 5731 1523 5802 651
1555 5731 1915 5784 hibernorum
1950 5731 2214 5801 frigorum
2247 5735 2357 5786 vim

786 5845 974 5886 arcere
1005 5838 1243 5900 possent,
1296 5827 1432 5880 nihil
1487 5835 1724 5894 unquam
1775 5825 1986 5894 accepit
2017 5841 2030 5891 ;
2068 5825 2226 5895 plane
2259 5828 2356 5880 ab-

2459 4626 2650 4695 ἔχοντα
2691 4626 2837 4677 Οέσιν
2869 4626 2938 4678 τὰ
2962 4627 3059 4694 τῆς
3113 4629 3296 4695 φωνῆς
3350 4630 3728 4699 τελεσιουργὶ,
3785 4631 3930 4683 οὕτω
3977 4633 4044 4703 δὴ

2457 4719 2518 4767 τὸ
2549 4716 2931 4786 παραπλήσιον
2964 4718 3239 4770 δείκνυται
3285 4720 3386 4772 κάν
3433 4724 3554 4782 ταίς
3588 4723 3697 4774 τῶν
3733 4725 4043 4791 ἀνθρώπιον

2457 4810 2678 4877 ψυχαῖς,
2732 4812 2837 4861 κᾶν
2886 4809 3216 4876 ἀλλοφύλους
3261 4811 3477 4880 ἔχοντες
3528 4813 3734 4881 τύχωσι
3780 4817 3879 4876 τάς
3946 4817 4045 4868 τοῦ

2461 4901 2649 4966 γένους
2675 4901 2970 4971 κρηπῖδας,
2995 4904 3098 4954 κᾶν
3123 4903 3336 4972 μυρίοις
3361 4905 3508 4972 ὅροις
3534 4905 3632 4974 γῆς
3650 4924 3739 4958 και
3767 4907 4045 4978 (nix-.15;

2461 4993 2707 5062 ἀλλήλων
2737 4996 3071 5064 ἀπέχωνται.

2537 5087 2611 5139 IS'.
2657 5087 2986 5157 Βεὸαιότερα
3015 5089 3060 5140 δ’
3100 5089 3252 5141 ἔσται
3277 5091 3388 5150 τοῖς
3431 5091 3742 5158 εἰρημένοις
3775 5093 4045 5160 ἐχέγγυα,

2462 5183 2632 5232 ὁπόσα
2685 5185 2927 5249 προῖόντι
2962 5182 3043 5252 τῷ
3071 5186 3213 5252 λόγῳ
3235 5183 3508 5248 λελέξεται
3543 5187 3669 5256 περὶ
3698 5187 3789 5238 τοῦ
3833 5191 4047 5257 βαρὸάο

2467 5289 2562 5339 ρου
2589 5271 2744 5325 τοῦδε
2778 5275 2836 5326 τὸ
2871 5275 3025 5340 γένος
3081 5279 3172 5326 καὶ
3203 5277 3262 5326 οὐ
3295 5278 3384 5327 τὸν
3413 5279 3618 5346 τρόπον
3669 5279 3864 5348 ἀνδρὸς
3890 5299 3904 5312 ο
3935 5277 4053 5334 οἷον

2464 5364 2527 5428 ὀὴ
2558 5367 2798 5417 κάκεῐνο.
2839 5366 3076 5416 Πλεῖστα
3101 5369 3207 5436 γάρ
3231 5370 3327 5435 τῆς
3360 5368 3632 5435 βασιλίδος
3671 5371 3914 5441 Ειρηνης
3983 5378 4052 5427 ἐκ

2465 5457 2850 5525 Διδυμοτείχου
2919 5460 3271 5528 πεμπούσης,
3329 5463 3503 5512 ὁπόσα
3539 5466 3617 5524 εἰς
3670 5469 3876 5534 τροφὴν
3925 5473 4054 5518 επι-

2469 5548 2677 5614 τηδεια,
2709 5551 2802 5601 καὶ
2841 5550 2944 5602 ὅσα
2976 5554 3032 5600 ἐν
3066 5551 3354 5618 ἐνδύμασι,
3421 5555 3519 5606 καὶ
3563 5554 3664 5605 ὅσα
3722 5559 4053 5624 νυκτερινῆς

2471 5642 2679 5708 σκέπης
2711 5641 3136 5708 ἀποπληροῦντα
3194 5645 3381 5711 χρείαν
3416 5649 3430 5662 '
3461 5647 3556 5712 τὴν
3606 5648 3702 5700 τοῦ
3765 5652 4054 5717 χειμερίου

2471 5735 2680 5803 ψύχους
2717 5736 3007 5788 άποσοὸεἰν
3064 5737 3320 5789 ἐδύναντο
3375 5738 3684 5807 τηνικαῦτα
3730 5741 4055 5811 δριμύτητα

2471 5829 2622 5880 οῦδὲν
2651 5828 2862 5898 οὖδαμῆ
2887 5829 3255 5898 προσεδέξατο
3281 5848 3294 5862 ο
3326 5831 3442 5883 ἀλλ’
3499 5833 3704 5901 ἔφησεν
3748 5831 3892 5888 εἶναι
3952 5851 4058 5890 σα-
