4242 6446
631 412 704 484 μ.
746 430 794 466 ο.
844 408 999 479 tam

276 420 382 483 873

1255 406 1701 469 ΒῩΖᾹΝΤΙΝᾹΞ
1740 398 2122 461 IIISTOHIE
2166 404 2307 463 LIB.
2350 403 2510 462 XIII.

2682 394 2813 466 [ιτιιιι.
2858 412 2898 449 1.
2942 406 3175 450 mutat.
3217 394 3275 465 2]

3419 398 3525 462 8H

276 536 397 604 φῶς
444 534 554 586 τῶν
585 532 973 590 ἀτοπωτάτων,
1012 530 1068 579 ὲν
1116 524 1374 594 ἀλλοτρίᾳ
1420 523 1514 575 καὶ
1567 516 1847 589 ὑπερορίῳ

1966 518 2182 572 turdum
2210 533 2334 572 esse
2366 517 2647 577 dictitans.
2683 516 2815 569 dum
2845 516 3057 571 amicus
3085 515 3265 571 alieno
3294 516 3349 570 in
3382 516 3525 583 solo,

275 628 347 695 γῇ
380 623 707 694 σκληρότητι
770 620 999 690 πλείστῃ
1052 615 1486 686 προστετηκότος
1522 610 1619 664 τοῦ
1670 609 1851 675 φίλου,

274 718 489 785 διάγειν
518 718 575 767 ὲν
600 713 922 775 εὐπαθείαις
951 711 1135 764 αὐτόν.
1167 710 1276 761 Καὶ
1305 710 1352 760 εί
1382 706 1480 776 μὲν
1498 704 1630 774 ὲνῆν
1654 702 1852 772 αἵμασι

274 810 457 881 ψυχῆς
488 808 736 877 βάψαντα
768 805 977 875 σκηνὴν
1021 806 1080 856 ὲν
1123 802 1296 872 ταύτῃ
1354 817 1421 870 με
1472 796 1851 867 σκηνοδατεῖν,

275 900 345 972 ἦν
364 902 430 958 ἂν
464 919 556 971 μοι
608 898 768 951 τοῦτο
801 896 1166 965 παραμύθιον
1213 890 1434 961 εὐγενὲς
1466 890 1602 960 πρὸς
1625 887 1854 950 ἔνδειξιν

276 997 377 1064 τῆς
403 996 461 1047 έν
494 992 692 1062 καρδίᾳ
721 990 915 1059 φλογὸς
946 991 1045 1042 καὶ
1066 986 1164 1041 τοῦ
1194 990 1332 1054 πρὸς
1362 984 1455 1036 τὸν
1481 982 1635 1049 φίλον
1652 978 1857 1043 ζῶντος

281 1087 475 1139 πόθου.
520 1083 678 1136 Ἐπεὶ
698 1082 745 1136 δ’
772 1083 1063 1151 ἀσώματος
1089 1081 1123 1148 ἠ
1140 1078 1285 1149 ψυχὴ
1314 1077 1582 1144 γενομένη
1640 1071 1857 1143 κηλῖσιν

280 1179 533 1247 αἱμάτων
558 1176 660 1228 οὐκ
691 1175 1095 1241 άναπέφυρται,
1120 1172 1221 1240 οὐχ
1254 1170 1364 1239 όρῶ
1389 1169 1473 1231 τίς
1492 1165 1711 1237 μηχανὴ
1739 1160 1859 1233 βελ-

275 1269 410 1324 τίων
440 1267 642 1334 γένοιτ’
666 1267 732 1320 ἂν
760 1267 887 1336 ιμοὶ
911 1266 1021 1317 τῶν
1036 1261 1420 1335 περισχουσῶν
1452 1277 1519 1330 με
1540 1259 1636 1312 νῦν
1654 1254 1856 1311 ὀδυνῶν

280 1361 627 1416 ἀπαλλάττου
635 1376 724 1412 σα.

357 1546 449 1610 ς’.
494 1540 721 1595 Ἐλύπει
777 1538 887 1610 γάρ
940 1539 1037 1591 καὶ
1087 1537 1286 1607 κομιδῇ
1364 1536 1732 1605 συνετάραττε
1786 1530 1863 1603 μὴ

288 1634 449 1701 μόνον
477 1632 538 1683 τὸ
567 1631 660 1684 τοῦ
694 1630 965 1699 βασιλέως
993 1629 1165 1692 πάθος
1198 1628 1386 1691 αὐτὸν,
1412 1625 1529 1681 ἀλλ’
1576 1628 1676 1695 οὐχ
1697 1621 1865 1697 ἦττον

200 1735 205 1739 ‘
284 1726 380 1776 καὶ
407 1725 473 1775 τά
507 1722 608 1790 τῆς
646 1720 919 1791 βασιλίδος
962 1720 1196 1789 δάκρυα,
1256 1719 1399 1772 κατά
1457 1719 1554 1781 τὰς
1592 1718 1867 1772 πολυπεν-

285 1816 402 1877 θεῖς
447 1815 719 1885 τρυγόνας
783 1811 1091 1883 θρηνούσης
1122 1828 1183 1865 τε
1250 1812 1343 1864 καὶ
1375 1809 1685 1880 άνιωμένης
1716 1808 1861 1878 μάλα

1955 611 2150 679 patriis
2180 612 2383 666 tinibus
2413 610 2628 681 procul,
2666 608 2891 663 fortuna
2925 608 3218 663 durissima
3248 608 3531 664 conﬂicta-

1955 713 2136 767 retur,
2182 704 2370 758 vivere
2412 718 2471 756 se
2512 701 2720 758 interea
2765 702 3131 757 molliuseule.
3173 720 3191 751 ι
3228 701 3300 756 At
3329 702 3524 756 saltem

1958 793 2291 863 (inquiebat)
2327 795 2373 847 si
2422 796 2615 849 liceret
2652 794 2849 847 anima:
2876 794 3143 861 sanguine
3172 793 3384 861 lingere
3415 803 3533 848 ten-

1957 887 2183 950 torium,
2230 895 2396 957 atque
2448 887 2501 939 in
2546 901 2616 941 eo
2662 901 2749 939 me
2797 888 3155 953 spectandum
3205 899 3533 954 proponere,

1957 977 2170 1032 illustre
2212 978 2317 1033 hoc
2360 978 2497 1032 mihi
2545 978 2801 1033 solatium
2857 987 3027 1045 esset,
3071 994 3183 1048 quo
3234 977 3561 1043 ﬂammam,

1958 1085 2083 1139 quae
2116 1070 2272 1125 ardet
2304 1071 2362 1125 in
2405 1071 2598 1136 corde,
2627 1072 2932 1142 vivumque
2980 1073 3144 1128 amici
3196 1072 3534 1128 desiderium

1967 1165 2137 1225 palam
2167 1162 2544 1218 ostenderem.
2571 1163 2844 1230 Quoniam
2894 1174 3077 1219 autem
3125 1166 3331 1230 anima,
3360 1166 3541 1221 incor-

1962 1268 2130 1324 porea
2177 1270 2301 1307 cum
2334 1255 2428 1320 sit,
2460 1255 2613 1308 nulla
2659 1256 2942 1326 sanguinis
2975 1257 3097 1311 labe
3147 1240 3398 1328 respersa
3434 1268 3541 1318 est.

1964 1360 2085 1398 non.
2104 1345 2263 1398 video
2291 1361 2529 1414 quanam
2568 1355 2835 1415 praetcrea
2869 1346 3081 1401 meliori
3114 1357 3231 1401 arte
3260 1364 3358 1403 eos
3386 1349 3541 1403 dolo-

1963 1453 2077 1497 res,
2112 1437 2314 1507 quibus
2347 1453 2494 1492 nunc
2528 1440 2834 1507 opprimor,
2866 1440 3070 1507 possim
3106 1441 3310 1497 levare.
3360 1463 3378 1495 ι

2038 1527 2128 1583 γι.
2172 1529 2458 1601 Angebant
2486 1530 2639 1584 enim
2670 1546 2797 1585 eum
2837 1545 2903 1585 ae
2932 1532 3289 1588 vehementer
3313 1547 3544 1592 contur-

1966 1622 2193 1688 babant,
2222 1638 2331 1676 non
2361 1623 2710 1692 imperatoris
2741 1623 3009 1677 duntaxat
3036 1624 3337 1690 calamitas,
3364 1630 3459 1683 sed
3487 1641 3544 1684 et

1967 1715 2217 1785 lacrymze
2244 1714 2613 1784 imperatrieis
2637 1730 2745 1769 non
2781 1716 2989 1771 minus.
3020 1718 3230 1788 Nempe
3268 1720 3382 1776 haec
3412 1739 3544 1791 qur:-

1967 1807 2210 1861 rularum
2245 1817 2524 1862 turturum
2552 1822 2707 1864 more
2737 1809 3141 1868 lamentabatur
3169 1822 3225 1866 et
3254 1816 3547 1870 acerbissi-

284 1872 502 1977 1:28.95);
523 1872 656 1977 περὶ
688 1872 782 1958 τοῦ
820 1872 1059 1972 συζύγου
1076 1872 1177 1956 καὶ
1204 1901 1494 1972 βασιλέως,
1517 1872 1855 1971 ’καὶψσφόδρα

1966 1914 2052 1954 me
2070 1899 2343 1956 maerebat
2363 1901 2436 1956 ob
2460 1902 2769 1956 absentiam
2794 1903 3044 1973 conjugis
3079 1903 3450 1974 imperatoris,
3476 1910 3545 1962 de

286 2000 687 2070 ἀδημονούσης,
734 1999 827 2051 καὶ
859 1997 977 2067 ἅμα
1002 1996 1342 2067 πανταχόθεν
1371 1996 1430 2059 ἐς
1461 1996 1656 2065 βύθους
1679 1994 1858 2047 ὠθου-

289 2097 459 2160 μένης
494 2092 760 2160 μακροὺς,
794 2089 889 2143 τοῦ
919 2088 1174 2155 καθάπαξ
1225 2095 1318 2142 καὶ
1372 2089 1505 2141 αὑτό
1539 2104 1604 2155 γε
1652 2088 1712 2141 τὸ
1760 2086 1861 2157 ζῇν

286 2184 622 2251 ἀπογνῶναι.
659 2183 729 2235 Οἵ
751 2199 810 2235 τε
850 2182 958 2251 γάρ
988 2184 1054 2235 ὲκ
1094 2180 1391 2246 Βυζαντίου
1431 2180 1711 2249 ⁴ιιιολέμιοι,
1760 2178 1859 2247 μέ-

286 2295 381 2347 χρι
440 2275 750 2344 προαυλίων
806 2273 1190 2344 Διδυμοτείχου
1242 2271 1441 2343 συχνὰς
1494 2274 1592 2334 τὰς
1639 2270 1862 2339 ἐφόδους

289 2367 627 2436 ποιούμενοι,
660 2366 857 2437 μικροῦ
885 2367 982 2419 καὶ
1013 2369 1293 2436 τειχήρεις
1329 2365 1609 2428 ἐϐιάζοντο
1638 2364 1863 2426 τούτους

287 2460 599 2529 καθῆσθαι·
632 2460 660 2512 ὃ
685 2477 740 2511 τε
771 2460 925 2527 λιμὸς
968 2460 1113 2525 μετὰ
1136 2459 1245 2510 τῶν
1277 2457 1517 2527 συνεχῶν
1566 2458 1659 2509 καὶ
1697 2456 1861 2509 πολυο

288 2554 506 2604 πλόκων
553 2551 856 2604 ἐπιϐουλῶν
905 2551 1287 2621 χαλεπώτερος
1345 2549 1526 2619 πολλῷ
1588 2548 1696 2602 τῶν
1735 2549 1867 2612 {Cte—

288 2645 381 2697 θεν
413 2645 670 2712 πολέμιος
705 2640 795 2714 ἦν,
831 2644 923 2697 άτε
952 2644 1223 2707 συνέστιος
1251 2645 1343 2696 καὶ
1373 2643 1666 2713 ὁμόστεγος
1689 2643 1867 2712 ύπάρ-

289 2755 404 2807 χων
426 2738 626 2800 αὐτός’
666 2737 721 2788 οἴ
767 2754 826 2789 τε
895 2740 1122 2808 φρουροὶ
1172 2738 1268 2789 καὶ
1335 2736 1709 2805 ἡμεροσκόποι
1755 2735 1864 2788 τῶν

293 2829 620 2894 Βυζαντίων,
652 2831 720 2883 τὰ
764 2828 954 2899 Ενεδρά
982 2847 1040 2883 τε
1082 2830 1268 2883 πάντα
1318 2830 1413 2881 καὶ
1451 2830 1550 2891 τάς
1594 2829 1869 2899 παρόδους

289 2921 664 2988 διαλαχόντες,
698 2920 950 2988 ἐμποδὼν
1002 2922 1282 2989 ἐγίγνοντο
1317 2921 1463 2989 μάλα
1503 2936 1568 2982 γε
1609 2920 1870 2990 ἐθελούσῃ

290 3013 360 3065 δι’
412 3012 755 3083 ότωνδήποτε
820 3013 994 3084 λάθρα
1032 3014 1326 3083 μανθάνειν
1387 3013 1525 3082 περὶ
1583 3010 1679 3063 τοῦ
1714 3009 1871 3081 βασι-

290 3104 447 3165 λέκος.

363 3196 447 3270 [Ρ.
475 3195 600 3269 406]
628 3200 705 3253 Z'.
738 3199 1115 3268 Παρεμυθεῖτο
1169 3198 1351 3253 τοίνυν
1396 3199 1651 3269 τοιαύτης
1697 3200 1869 3271 τύχης
1901 3241 1945 3296 c

290 3289 623 3359 τραγῳδίαις
658 3290 926 3343 συνοῦσαν
982 3290 1172 3360 αὐτὴν,
1203 3291 1301 3345 καὶ⁸
1357 3294 1670 3363 ὑπισχνεῖτο
1718 3294 1873 3364 πάσῃ

288 3378 471 3447 ψυχῆς
522 3378 799 3450 προθυμίᾳ
823 3379 896 3432 τά
933 3382 1073 3433 κατὰ
1108 3380 1336 3451 γνώμην
1361 3382 1560 3437 ἅπανθ’
1579 3385 1870 3455 ὑπηρετεῖ-

293 3467 443 3530 σθαι,
463 3466 569 3519 κᾶν
584 3467 681 3540 δέῃ
700 3468 795 3521 καὶ
822 3468 1053 3521 θάνατον
1084 3469 1375 3538 ὑπομένειν
1396 3470 1580 3525 αὐτόν.
1598 3469 1750 3546 Ἐπεὶ
1772 3471 1815 3523 δ’
1838 3470 1872 3540 ή

290 3560 438 3628 φορὰ
463 3559 558 3612 τοῦ
588 3561 852 3630 χειμῶνος
879 3560 1090 3613 ἐκείνου
1124 3559 1342 3630 νύκτωρ
1375 3562 1471 3615 καί⁵
1507 3560 1628 3631 μεθ’
1658 3562 1873 3633 ἡμέραν

294 3651 388 3703 ἀεὶ
426 3650 564 3720 πρὸς
609 3651 672 3703 τὸ
716 3652 1079 3721 ἀκμαιότερον
1126 3651 1463 3722 προῦκοπτε.
1504 3652 1602 3705 καὶ
1649 3652 1876 3706 ἀνέλπι-

291 3756 422 3791 στον
453 3741 590 3802 τέως
611 3738 777 3792 ὶτίθει
809 3741 871 3793 τὸ
912 3742 1007 3792 τοῦ
1054 3740 1219 3810 ἀέρος
1262 3742 1545 3812 μειδίαμα,
1600 3743 1698 3794 καὶ
1753 3740 1873 3810 ἅμα

294 3827 471 3898 πολλὴ
500 3828 596 3880 καὶ
622 3828 853 3900 συνεχής
879 3846 963 3887 τις
990 3829 1293 3899 ἐπενέμετο
1324 3829 1504 3901 φθορὰ
1544 3830 1636 3885 τὸν
1668 3832 1873 3903 Περσι-

293 3920 395 3972 κὺν
430 3917 683 3988 στρατὸν,
709 3919 776 3990 ἣν
814 3922 847 3990 ή
892 3919 991 3973 τοῦ
1024 3921 1293 3991 χειμῶνος
1332 3921 1545 3975 ἔτικτεν
1580 3923 1737 3993 ἀκμὴ
1777 3922 1874 3977 καὶ

292 4009 435 4079 πρός
464 4025 529 4078 γε
556 4008 668 4061 τῶν
697 4010 1017 4074 ἀναγκαίων
1060 4012 1093 4080 ή
1144 4012 1372 4082 ἀπορία,
1403 4012 1499 4064 καὶ
1529 4013 1657 4082 μήθ’
1694 4012 1874 4083 ἑαυτῷ

248 4088 253 4091 ’
297 4103 439 4172 μήτε
470 4102 585 4162 τοῖς
607 4101 783 4169 φίλοις
819 4102 878 4154 εν
933 4120 996 4168 γε
1049 4103 1130 4172 τῷ
1185 4104 1414 4175 παρόντι
1456 4104 1688 4174 ’βοηθεῖν
1725 4105 1873 4174 αὐτῷ

295 4195 482 4266 ῥᾴδιον
510 4190 602 4264 ἦν,
634 4192 890 4261 ἐμποδὼν
919 4196 1213 4264 ἱσταμένου
1268 4195 1491 4265 τρόποις
1536 4198 1875 4270 ἀπορρήτοις

290 4291 391 4344 τοῦ
425 4288 575 4342 θείου
616 4288 980 4359 βουλήματος,
1006 4289 1193 4343 οἴκαδε
1221 4289 1312 4342 τὸν
1354 4290 1744 4359 Ἑλλήσποντον
1760 4293 1875 4346 δια-

294 4383 399 4444 ϐάς
435 4381 686 4451 ἐπανῄει.

370 4474 456 4525 ιιι.
480 4471 591 4541 Τῆς
650 4470 715 4542 δὴ
779 4487 1035 4541 τοιαυτης
1090 4470 1184 4523 τοῦ
1234 4473 1443 4543 Πέρσου
1495 4478 1729 4545 σπουδῆς
1794 4482 1874 4541 εἰς

1960 2008 2071 2063 quo
2099 2002 2221 2047 erat
2260 1990 2419 2046 valde
2461 1993 2644 2048 anxia.
2679 1993 2819 2048 Tum
2853 1996 3045 2049 eadem
3079 1995 3244 2051 simul
3280 1998 3331 2051 in
3368 2000 3543 2052 maxi-

1964 2085 2070 2139 mis
2116 2084 2378 2154 periculis
2421 2085 2771 2150 versabatur,
2817 2102 2941 2149 qua:
2981 2102 3101 2142 eam
3152 2089 3233 2143 sic
3281 2106 3348 2145 ex
3391 2091 3544 2146 omni

1964 2188 2122 2250 parte
2150 2178 2608 2242 circumstabant,
2659 2188 2721 2233 ut
2769 2180 2946 2248 ipsius
2977 2195 3198 2252 quoque
3225 2181 3353 2235 vita:
3388 2199 3541 2251 spem

1964 2288 2193 2344 prorsus
2223 2271 2510 2342 abjiceret.
2542 2272 2678 2327 Nam
2708 2282 2766 2327 et
2812 2273 3000 2328 hostes
3031 2273 3098 2328 ad
3152 2275 3331 2344 ipsum
3366 2291 3543 2344 usque

1968 2362 2340 2434 Didymotichi
2387 2362 2559 2418 limen
2595 2362 2855 2434 Byzantio
2898 2364 3133 2420 subinde
3181 2377 3544 2422 excurrentes

1966 2455 2244 2509 moenibus
2281 2470 2421 2524 pene
2455 2455 2673 2510 clausos
2706 2456 2900 2511 sedere
2937 2457 3071 2513 istos
3119 2457 3391 2526 cogebant
3430 2478 3445 2512 :
3487 2468 3546 2512 et

1967 2546 2161 2611 fames,
2189 2563 2313 2601 cum
2343 2548 2561 2602 insidiis
2584 2549 2866 2605 coutinuis
2892 2560 2951 2604 et
2980 2550 3382 2621 multiplicibus
3408 2568 3544 2607 con-

1964 2640 2179 2708 juncta.
2204 2649 2432 2694 externo
2457 2638 2615 2694 hoste
2634 2641 2793 2711 longe
2819 2650 2939 2696 erat
2966 2642 3355 2714 importunior,
3384 2648 3546 2717 quip-

1972 2746 2035 2801 pe
2074 2731 2377 2785 domestiea
2410 2742 2465 2786 et
2501 2733 2934 2792 contubernalis.
2971 2735 3243 2793 Custodes
3283 2751 3545 2809 praeterea

1971 2838 2037 2877 ac
2086 2824 2465 2893 speculatores
2513 2823 2818 2895 Byzantini,
2867 2842 3060 2882 omnes
3107 2838 3164 2883 et
3211 2829 3452 2887 latebras
3492 2847 3549 2887 et

1969 2916 2184 2971 viarum
2217 2917 2363 2971 inter
2405 2933 2467 2972 se
2510 2916 2697 2987 partiti
2742 2918 2950 2985 aditus,
3002 2920 3297 2977 obstabant
3343 2924 3547 2990 eidem,

1970 3024 2080 3075 quo
2116 3010 2297 3062 minus
2347 3008 2486 3063 clam
2534 3025 2632 3077 per
2685 3025 3047 3081 quoscunque
3099 3013 3167 3067 de
3219 3012 3551 3085 imperatore

1971 3100 2386 3163 sciscitaretur;
2418 3101 2473 3155 id
2505 3102 2654 3171 quod
2688 3118 2872 3159 tamen
2908 3104 3065 3160 valde
3100 3107 3376 3177 cupiebat.

2056 3192 2168 3248 VII.
2233 3192 2522 3247 Solahatur
2582 3194 2765 3264 itaque
2827 3196 2971 3250 illam
3011 3196 3280 3254 Amurius
3319 3201 3371 3255 in
3426 3203 3551 3257 talis

1977 3284 2209 3339 fortuna:
2239 3285 2406 3356 652
2444 3287 2746 3355 tragaadiis,
2793 3290 3278 3361 promittebatque.
3320 3309 3550 3348 exsecu—

1978 3387 2161 3431 turum
2206 3393 2264 3431 se
2298 3378 2448 3431 omni
2481 3378 2663 3432 studio
2711 3380 2977 3448 quidquid
3028 3381 3104 3435 illi
3155 3385 3332 3437 visum
3385 3386 3548 3449 foret.

1975 3468 2078 3523 etsi
2112 3484 2259 3523 mors
2288 3480 2437 3524 esset
2467 3472 2582 3538 ipsa
2609 3470 2916 3526 subeunda.
2951 3473 3153 3527 Verum
3186 3476 3313 3543 quia
3348 3477 3551 3533 hiemis

1976 3561 2124 3615 illius
2157 3562 2236 3614 vis
2260 3561 2355 3614 diu
2394 3572 2672 3633 noctuque
2706 3564 3089 3621 vehementius
3115 3582 3335 3638 semper
3366 3571 3550 3641 ingra-

1975 3652 2231 3708 vescebat
2264 3670 2328 3707 ac
2360 3670 2512 3724 spem
2547 3656 2763 3710 interim
2798 3659 3095 3714 serenioris
3134 3662 3258 3717 creti
3289 3663 3557 3721 interelu-

1975 3744 2158 3810 debat,
2190 3746 2463 3816 simulque
2512 3748 2817 3803 exercitum
2855 3751 3143 3807 Persicum
3190 3755 3452 3827 frequens
3495 3771 3566 3821 et.

1973 3840 2236 3894 continua
2265 3838 2516 3908 quaedam
2546 3840 2667 3896 lues
2695 3841 3119 3916 depascebatur,
3143 3864 3309 3917 quam
3355 3860 3413 3905 et
3454 3867 3541 3907 su:-

1976 3933 2263 3986 vissimum
2289 3932 2461 4001 frigus
2490 3934 2760 4001 pariebat,
2790 3945 2846 3990 et
2872 3937 2986 4007 ipsa
3018 3955 3239 4011 quoque
3269 3958 3455 3997 rerum
3482 3945 3545 4002 ad

1977 4024 2184 4078 vir-tum
2212 4024 2649 4080 necessariarum
2689 4030 2954 4097 penuria;
2984 4046 3048 4085 ac
3080 4048 3257 4103 neque
3305 4035 3404 4090 sibi
3459 4054 3525 4091 ne

1977 4129 2085 4185 que
2117 4114 2313 4169 amicis
2352 4114 2515 4169 facile
2542 4116 2630 4170 ille
2661 4128 2875 4188 poterat
2898 4120 2952 4174 in
2985 4126 3239 4191 praesenti
3268 4127 3543 4196 epitulari,

1976 4206 2234 4261 obstante
2278 4206 2463 4260 divina
2498 4207 2804 4275 voluntate,
2852 4212 3070 4267 arcanis
3114 4215 3305 4269 nescio
3352 4218 3550 4288 quibus

1977 4299 2308 4363 rationibus,
2340 4298 2567 4352 domum
2610 4300 2837 4370 trajectu
2872 4301 3227 4375 Hellesponto
3273 4324 3549 4379 τραγ-οδω...

1976 4404 2080 4450 est.

2049 4486 2185 4541 VIII.
2213 4488 2348 4541 Cum
2382 4484 2429 4539 is
2454 4484 2647 4539 fuisset
2675 4484 2861 4538 exitus
2891 4484 3118 4542 Persica:
3153 4488 3301 4546 illius
3333 4493 3555 4561 expedi-

290 4562 455 4616 τοῦτο
508 4564 697 4626 τέλους
760 4562 1105 4630 ἐληλυουίας,
1146 4564 1391 4635 δεύτερος
1453 4569 1482 4618 ό
1525 4568 1593 4621 τά
1632 4570 1871 4639 πολέμια

1983 4580 2184 4643 tionis;
2216 4580 2501 4648 proximus
2525 4576 2908 4632 Cantaeuzeno
2939 4580 3015 4633 rei
3045 4580 3254 4636 bellica:
3286 4583 3456 4654 gloria
3485 4602 3554 4639 ex

295 4658 616 4727 κράτιστος,
667 4657 763 4709 καὶ
811 4657 917 4711 τῶν
957 4659 1015 4709 ὲν
1076 4657 1443 4727 Διδυμοτείχῳ
1497 4664 1871 4733 καταλειφθέν-

1984 4671 2221 4726 ducibus
2249 4670 2611 4741 Didymotiehi
2643 4670 2849 4725 relictis
2882 4687 3024 4727 unus
3048 4673 3131 4730 (ut
3159 4674 3420 4743 diximus)
3446 4677 3557 4730 Ma-

296 4767 407 4800 των
438 4749 761 4819 στρατηγῶν
813 4749 908 4817 (ὡς
959 4750 1305 4819 εἰρήκειμεν)
1372 4746 1479 4815 εἷς,
1551 4753 1805 4829 Μανουὴλ
1853 4763 1871 4814 ἐ

1986 4762 2115 4818 nuel
2135 4761 2559 4822 Tarchaniotes.
2586 4760 2935 4829 imperatoris
2963 4775 3246 4835 cognatus,
3275 4767 3355 4820 vir
3381 4770 3555 4821 heroi-

299 4838 880 4909 Ταρχανειώτηςθᾼ),
912 4838 970 4900 ὃς
1017 4841 1081 4907 δὴ
1134 4839 1257 4891 καθ’
1296 4837 1437 4912 αἷμα
1486 4846 1777 4915 προσήκων
1805 4848 1881 4919 τῷ

302 4931 521 5002 βασιλιεί
546 4930 641 4982 καὶ
670 4932 904 5000 ήρωῖκός
942 4949 1021 4991 τις
1041 4928 1110 5003 ἦν
1148 4934 1177 4984 ό
1225 4933 1388 5004 ἀνὴρ,
1441 4937 1531 4988 καὶ
1582 4939 1647 4991 τὰ
1700 4940 1880 4997 πάντα

299 5024 571 5090 γενναῖος,
596 5024 691 5074 καὶ
721 5025 878 5093 χεῖρα
904 5026 1000 5077 καὶ
1051 5024 1277 5094 γνώμην
1308 5027 1405 5078 καὶ
1458 5028 1709 5098 σώματος
1747 5034 1879 5087 ἀνα-

222 5119 229 5125 ’
296 5116 530 5188 δρομὴν,
559 5117 653 5167 καὶ
682 5117 900 5179 πολλαῖς
929 5119 1026 5187 μὲν
1053 5120 1354 5190 ἐναθλήσας
1409 5121 1611 5190 μάχαις
1647 5123 1874 5195 πολεμι-

298 5210 450 5268 καῖς,
485 5206 705 5268 πολλαῖς
733 5206 779 5259 δ’
812 5209 1224 5280 ἐγκαρτερήσας
1276 5212 1536 5282 πληγαῖς,
1585 5215 1873 5283 κράτιστος

296 5300 492 5367 γέγονε
518 5299 587 5350 τὰ
618 5298 675 5361 ἐς
702 5300 893 5368 πεῖραν
922 5303 1231 5373 πολεμικήν
1261 5320 1275 5333 ⁸
1304 5305 1372 5358 δι’
1409 5306 1443 5359 ἂ
1474 5306 1537 5377 δὴ
1572 5310 1664 5361 καὶ
1706 5327 1874 5380 στρα-

295 5390 467 5459 τηγὸς
503 5388 611 5441 τῶν
644 5390 701 5441 ἐν
750 5391 1114 5463 Διδυμοτείχῳ
1152 5395 1437 5463 δυνάμεων
1483 5400 1615 5468 πρὸς
1648 5399 1743 5452 τοῦ
1774 5407 1873 5471 βα-

299 5481 493 5542 σιλέως
514 5480 895 5551 καταλειφθεὶς
946 5484 1093 5554 ψυχή
1150 5504 1235 5549 τις
1294 5482 1363 5557 ἦν
1403 5490 1513 5551 τοῖς
1563 5492 1681 5544 ἐκεῖ
1723 5509 1874 5561 τηνι-

299 5572 481 5627 καῦτα
517 5573 610 5626 καὶ
637 5574 892 5643 χρηστῶν
921 5576 1154 5629 ἐλπίδων
1190 5578 1462 5651 θησαυρός
1497 5597 1510 5610 ο
1568 5577 1721 5646 οὗτος
1780 5584 1872 5637 οὖν

1984 4853 2086 4907 bus
2119 4852 2317 4907 similis
2346 4867 2411 4906 ac
2454 4867 2551 4922 per
2581 4852 2765 4905 omnia
2801 4862 3101 4919 strenuus;
3138 4872 3326 4922 manu,
3366 4862 3554 4913 consi-

1981 4945 2057 5001 lio
2088 4956 2141 4998 et
2187 4942 2437 5013 corporis
2487 4942 2815 5011 proceritate
2864 4956 3163 5014 przeslans;
3206 4948 3299 5017 qui
3337 4949 3553 5004 bellicis

1979 5034 2257 5089 laboribus
2284 5032 2636 5099 exercitatus,
2666 5044 2722 5088 et
2753 5035 2920 5088 multa
2957 5036 3186 5089 vulnera
3220 5041 3552 5095 constantis-

1978 5129 2114 5181 sime
2150 5139 2465 5194 perpessus,
2503 5138 2774 5178 summam
2818 5126 2871 5177 in
2907 5141 2962 5179 re
3006 5127 3228 5180 militari
3261 5144 3547 5198 compara-

1979 5225 2132 5270 verat
2158 5213 2578 5282 experientiam,
2622 5213 2856 5282 ideoque
2891 5214 2959 5267 ab
2994 5216 3323 5284 imperatore
3358 5220 3552 5286 praele-

1978 5316 2099 5361 etus
2128 5306 2195 5360 iis
2225 5305 2417 5373 cepiis.
2450 5320 2573 5372 qua:
2603 5304 2969 5375 Didymotichi
3004 5318 3181 5369 erant,
3214 5308 3411 5361 auium:
3451 5327 3547 5360 en-

1972 5398 2187 5470 jusilam
2218 5396 2390 5450 instar
2417 5411 2478 5449 ac
2498 5395 2648 5449 velut
2678 5396 2833 5449 home
2859 5397 2971 5466 spei
3009 5399 3301 5452 thesaurus
3331 5401 3397 5453 iis
3428 5416 3549 5453 esse

1985 5488 2272 5543 videbatur
2309 5505 2321 5540 :
2356 5487 2423 5546 is,
2460 5487 2707 5555 inquam,
2755 5488 2904 5541 solus
2939 5499 3051 5540 tum
3085 5491 3271 5541 animo
3312 5492 3553 5543 conlisus

1986 5581 2270 5650 quae:itum
2312 5578 2481 5631 exivit
2520 5577 2931 5646 imperatorem,
2970 5582 3350 5649 llidymotielm
3381 5584 3553 5636 emis-

1662 5724 1768 5782 \'a:
1790 5725 1989 5785 iorum
2032 5725 2218 5781 uotre.

372 5862 489 5932 (74)
517 5862 893 5930 Cognomento
940 5864 1264 5933 Κουρτίκης.

623 5955 889 6012 ΡΑτιιυι.
933 5955 1046 6014 Gn.
1097 5957 1392 6019 tiXH'lil

1326 5868 1624 5927 Cautum].
1657 5876 1750 5930 lib.
1794 5893 1872 5937 lit,
1912 5892 2011 5945 cap
2063 5871 2146 5931 ιο,
2181 5865 2382 5929 32,’ῖορ
2422 5865 2650 5918 Uticam

3081 5959 3159 6021 28
