4242 6446
269 405 374 477 δη
631 403 706 472 ιλ.
747 416 798 454 c.
841 386 999 467 15ἀῆ

1269 385 1710 458 ΒΥΖΑΝἸἹΝΒ
1743 389 2120 456 HISTORIA!
2148 390 2296 453 LIB.
2318 391 2394 450 XI
2413 393 2425 448 l
2444 390 2485 450 ί.

2699 399 2800 437 nar.
2840 400 2880 438 ι.
2923 396 3156 437 parum!"
3198 381 3256 451 2]

3401 387 3507 448 878

348 530 423 586 Γ..
461 528 660 597 ,Ετυχε
690 525 735 578 δι
783 519 1062 591 ἀφιγμένη
1123 513 1428 586 τηνικαῦτα
1479 515 1592 568 κάκ
1633 514 1840 599 πόλεως
1871 540 1918 595 Α
2015 536 2023 585 1

1836 532 1918 595 ῖΑ
2015 534 2105 586 lll.
2146 532 2311 587 Forte
2339 544 2407 585 eo
2458 540 2708 599 tempore
2758 530 3057 585 advenerat
3102 547 3167 586 ex
3214 531 3351 586 urbe
3383 534 3511 589 Ber-

276 620 547 690 Βερροίας
593 612 867 687 πρεσϐεία
921 608 1000 678 τῷ
1053 605 1270 676 Κράλη,
1327 606 1523 672 λόγους
1583 603 1712 675 περὶ
1767 598 1844 658 ὧν

273 714 476 784 ἀπῄτει
513 707 816 778 κομίζουσα
865 702 960 756 καὶ
1013 697 1255 769 ζητοῦσα
1319 696 1511 764 μαθεῖν
1575 693 1842 766 ἀκριϐῶς,

276 805 312 859 ἃ.
346 804 492 856 κατά
516 800 748 868 γνώμην
774 793 945 848 ἐστίν.
993 791 1226 861 Ἀπῂτει
1261 788 1309 843 δ’
1338 789 1578 858 ὑπήκοον
1615 786 1715 856 τὴν
1747 787 1846 838 πό-

279 897 364 949 λιν
395 895 572 963 τούτῳ
603 889 862 960 γενέσθαι
921 886 1015 940 καὶ
1064 883 1398 953 ὑποχείριον,
1433 883 1498 950 τῇ
1555 877 1849 949 ἀκροπόλει

278 988 522 1058 φρουρὰν
562 982 881 1055 Τριϐαλλῶν
929 978 1243 1049 ἐμϐαλόντι,
1299 974 1432 1045 πρὶν
1478 974 1545 1026 ἂν
1577 970 1848 1024 ἀκουσίων

276 1080 457 1132 αὐτῶν
499 1077 742 1146 πολέμου
805 1073 992 1143 νόμοις
1051 1065 1574 1140 ἐξανδραποδίσηται
1645 1080 1706 1116 τε
1755 1064 1853 1115 καὶ

277 1170 559 1238 διαρπὰσῃ
593 1166 689 1219 καὶ
728 1165 881 1218 πόλιν
943 1161 1038 1214 καὶ
1083 1157 1260 1219 οίκίας
1311 1155 1428 1226 ἃμα
1493 1156 1589 1208 καὶ
1637 1150 1854 1214 γυναιξὶ

275 1261 376 1313 καὶ
393 1259 629 1320 τέκνοις.
646 1256 772 1318 Τοῖς
809 1252 996 1322 μέντοι
1042 1247 1406 1319 πρεσϐεύουσι
1453 1243 1853 1309 καταπλαγεῖσι

280 1355 416 1421 πρὸς
467 1350 567 1419 τὴν
625 1347 733 1400 τῶν
781 1345 1087 1414 λεγομένων
1126 1339 1446 1410 ὲμϐρίθειαν
1498 1336 1584 1411 [Ρ.
1607 1333 1735 1406 408]
1763 1335 1854 1388 καὶ

278 1442 591 1511 ἀποτομίαν
636 1439 786 1503 ἔδοξε
821 1437 1032 1508 βέλτιον
1060 1433 1238 1501 λάθρα
1264 1429 1752 1498 κοινολογήσασθαι
1773 1425 1852 1496 τῷ

285 1536 502 1607 βασιλεῖ
532 1527 1003 1600 Καντακουζηνῷ,
1044 1527 1139 1580 καὶ
1194 1523 1378 1577 δοῦναι
1434 1521 1695 1589 λαμπρὰς
1753 1519 1854 1580 τὰς

279 1625 514 1696 ἐγγύας,
553 1625 604 1677 εὶ
647 1621 890 1694 βούλοιτο
917 1619 1018 1688 τὴν
1047 1616 1310 1684 ταχίστην
1352 1609 1534 1666 λαθὼν
1557 1610 1853 1696 παρεισελο

191 1704 197 1709 ⁷
281 1694 396 1771 θεῖν
455 1716 552 1768 καὶ
603 1712 788 1767 λαϐεῖν
826 1708 1063 1778 ἀπονητὶ
1117 1704 1216 1774 τὴν
1255 1703 1412 1755 πόλιν
1465 1701 1648 1760 αὑτός.
1703 1694 1856 1752 Εἶναι

280 1810 392 1878 γὰρ
431 1804 738 1876 μανιώδους
771 1801 952 1872 ψυχῆς
985 1799 1081 1852 καὶ
1119 1796 1368 1865 γνώμης,
1421 1793 1695 1862 αἱρεῖσθαι
1750 1789 1856 1861 πρὸ

1948 624 2100 679 rhma
2146 623 2369 694 legatio.
2398 630 2586 675 actura
2623 636 2748 675 cum
2773 620 2930 675 Crale
2961 621 3028 676 de
3073 622 3140 676 iis
3168 623 3353 688 rebus,
3388 640 3511 691 qua

1949 716 2018 773 ab
2044 732 2113 772 eo
2163 716 2510 786 petebantur.
2548 722 2605 768 et
2649 714 2910 784 quidnam
2956 715 3292 771 decrevisset
3326 718 3517 773 scisci—

1951 815 2132 860 tatura
2160 805 2467 875 diligenter.
2508 804 2735 859 Petebat
2768 815 2952 858 autem
2989 805 3101 869 ille,
3136 815 3193 860 ut
3231 807 3422 862 urbem
3459 808 3513 862 in

1951 913 2049 952 sua
2104 905 2371 966 potestate
2421 904 2478 949 et
2526 911 2690 948 manu
2747 895 2995 961 haberet,
3045 913 3109 952 ac
3159 897 3512 952 Triballicnm

1954 987 2265 1058 praesidium
2313 987 2365 1039 in
2406 1000 2586 1039 arcem
2638 985 3031 1048 introduceret,
3075 999 3363 1054 antequam
3419 1003 3517 1054 per

1952 1073 2064 1126 vim
2093 1082 2150 1127 et
2182 1072 2309 1126 belli
2334 1073 2455 1138 jure
2504 1072 2718 1136 urbem,
2747 1072 2958 1137 domos,
2999 1073 3257 1128 mulieres
3290 1075 3520 1129 liberos-

1953 1181 2060 1234 que
2109 1165 2163 1218 in
2213 1166 2534 1220 servitutem
2587 1164 2858 1234 redigeret
2897 1175 3066 1234 atque
3111 1166 3396 1236 diriperet.
3451 1168 3523 1222 At

1956 1257 2169 1325 legatis,
2205 1255 2478 1309 dictorum
2524 1255 2729 1309 duritia
2783 1265 2839 1309 et
2889 1257 3185 1312 acerbitate
3232 1258 3520 1326 perculsis,

1959 1347 2154 1400 melius
2177 1347 2349 1400 visum
2370 1356 2454 1400 est
2476 1347 2616 1400 clam
2640 1361 2764 1400 eum
2794 1345 3172 1402 Cantaeuzeno
3199 1349 3524 1418 imperatore

1957 1437 2218 1506 colloqui,
2255 1453 2318 1490 ac
2367 1437 2527 1490 (idem
2573 1441 2623 1491 ci
2655 1453 2810 1492 suam
2843 1439 2992 1492 omni
3023 1441 3276 1493 cautione
3322 1442 3526 1495 astrin-

1958 1543 2106 1597 gere,
2130 1529 2173 1581 si
2221 1528 2275 1582 in
2317 1528 2508 1581 urbem
2547 1529 2732 1581 furtim
2778 1538 2834 1583 et
2873 1545 3035 1598 quam
3084 1530 3372 1584 celerrime
3406 1546 3527 1586 sese

1963 1622 2330 1675 intromittcre
2362 1636 2590 1690 eamque
2636 1621 2752 1690 ipse
2785 1622 2935 1675 nullo
2966 1623 3155 1676 labore
3185 1639 3380 1692 capere
3410 1625 3530 1678 vcl-

1961 1711 2055 1765 let.
2089 1711 2222 1765 Esse
2250 1712 2395 1765 enim
2427 1711 2593 1764 animi
2625 1726 2688 1765 ac
2731 1713 3020 1768 sententia:
3047 1713 3303 1779 furentis,
3336 1716 3530 1769 barba-

1963 1803 2097 1856 riem
2130 1803 2455 1856 humanitati
2494 1801 2768 1870 prwl'erre,
2816 1805 3117 1872 gentilique
3146 1815 3427 1860 externam
3473 1817 3530 1858 ct

279 1900 379 1954 τοῦ
418 1898 632 1972 ἡμέρου
668 1894 729 1948 τὸ
759 1893 1062 1965 βάρϐαρον,
1095 1890 1189 1942 καὶ
1236 1887 1514 1957 προτιμᾷν
1574 1885 1673 1953 τῆς
1715 1886 1848 1952 ὁμο.
1882 1893 1924 1947 Β
1953 1912 1954 1915 η

1882 1893 2290 1965 Billegitimam
2350 1902 2698 1963 potestatem.
2763 1895 2858 1948 llis
2925 1896 2997 1949 ita
3056 1895 3396 1966 compositis,
3466 1911 3530 1950 ac

281 1993 458 2064 φύλου
485 1990 583 2060 τὴν
618 1986 918 2057 ἀλλόφυλόν
940 2001 999 2036 τε
1027 1984 1120 2035 καὶ
1167 1980 1320 2034 νόθον
1367 1979 1689 2050 ἠγεμονίαν.
1717 1974 1858 2030 Τού-

1851 2002 1858 2013 ·
1960 1987 2276 2056 priusquam
2307 1984 2536 2040 Triballi
2592 1986 2936 2055 perciperent
2982 1988 3318 2051 constitutis.
3351 1987 3526 2044 Cralis

280 2105 394 2140 των
423 2084 568 2139 οὓτω
630 2077 1114 2136 συσκευασθέντων
1157 2075 1255 2130 καὶ
1323 2073 1680 2144 κυρωθέντων
1728 2071 1858 2142 πρὶν

1852 2086 1858 2116 ι
1960 2078 2147 2132 animo
2173 2079 2432 2148 captiosis
2465 2079 2795 2148 quibusdam
2829 2082 3011 2134 verbis
3038 2095 3330 2151 suspenso,
3367 2082 3527 2152 legati

283 2176 573 2232 αἰσθέσθαι
616 2175 744 2237 τοὺς
795 2171 1159 2244 Τριϐαλλοὺς,
1220 2167 1404 2238 λόγοις
1432 2165 1861 2236 ἀπατηλοῐςτισι

1856 2201 1861 2217 ι
1961 2170 2354 2226 Βεετιιωιξιιδοε
2393 2173 2615 2226 domum
2663 2173 2866 2227 reversi
2915 2173 3030 2227 suis
3078 2173 3294 2231 civibus
3328 2191 3531 2230 renun-

288 2270 725 2342 μετεωρίσαντες
758 2264 856 2338 τὴν
888 2264 981 2319 τοῦ
1011 2263 1204 2336 Κρὰλη
1241 2261 1483 2316 διάνοιαν
1505 2261 1555 2312 οἰ
1605 2261 1670 2312 ἐκ
1726 2258 1864 2330 Βερο

1858 2288 1864 2302 ι
1964 2261 2103 2314 tiant
2127 2271 2184 2316 et
2213 2261 2348 2315 dura
2387 2260 2564 2317 Cralls
2592 2262 2755 2333 655
2788 2279 3071 2332 responsa,
3099 2275 3155 2320 et
3184 2276 3361 2336 pacta,
3413 2285 3533 2338 qua:

288 2363 441 2434 ροίας
473 2359 734 2431 πρέσϐεις
759 2356 846 2410 ἐπ’
865 2355 1018 2410 οἴκου
1050 2352 1435 2423 ἀνεχώρησαν,
1492 2349 1867 2419 ἀπαγγέλλον-

1856 2376 1867 2389 -
1964 2362 2194 2418 cogente
2221 2353 2569 2417 necessitate,
2604 2368 2727 2407 cum
2761 2353 2812 2407 id
2845 2356 3057 2409 consilii
3089 2355 3204 2425 ipsa
3235 2373 3321 2412 res
3349 2359 3531 2412 statim

281 2470 380 2516 τες
407 2456 519 2515 τοῖς
557 2453 618 2505 ἐν
648 2449 883 2522 Βερῥοίᾳ
936 2449 1038 2514 τήν
1069 2463 1127 2499 τε
1171 2445 1282 2497 τῶν
1308 2443 1402 2498 τοῦ
1453 2441 1644 2514 Κρὰλη
1691 2441 1865 2509 λόγων

1860 2456 1865 2481 ν
1965 2446 2149 2496 animo
2211 2446 2592 2515 suggessisset,
2622 2448 2724 2515 ipsi
2780 2463 2906 2502 cum
2963 2451 3290 2519 imperatore
3343 2462 3535 2521 suapte

293 2545 579 2616 βαρύτητα
624 2543 722 2597 καὶ
749 2541 816 2604 ἀς
873 2537 1316 2608 ἀναγκασθέντες
1384 2536 1541 2590 αὐτοὶ
1592 2533 1870 2602 συνθήκας
1967 2575 1968 2583 χ

911 2537 1316 2608 ναγκασθέντες
1384 2536 1541 2590 αὐτοὶ
1592 2533 1870 2602 συνθήκας
1967 2536 2290 2591 auctoritate
2322 2537 2585 2593 fecerant.

289 2638 764 2710 αὐτοκρατορικάς
838 2634 1164 2705 πεποίηνται
1211 2633 1348 2704 πρὸς
1416 2629 1664 2703 βασιλέα,
1724 2627 1819 2681 τοῦ
1880 2629 2074 2699 καιροῦ
2129 2632 2506 2702 σχεδιάσαντος
2560 2633 2658 2703 τὴν
2714 2635 2968 2708 τοιαύτην
3030 2638 3365 2708 παραχρῆμα
3421 2641 3540 2702 ἐπί.

289 2750 461 2788 νοιαν.

363 2841 438 2895 Δ’.
474 2842 738 2913 Βραχεῐαι
777 2839 916 2910 μετά
939 2837 1098 2892 τοῦτο
1126 2836 1244 2908 (80)
1300 2834 1705 2906 παρῳχηκεσαν
1734 2833 1873 2903 ἡμέο

1862 2859 1873 2873 ,
2039 2813 2128 2868 IV.
2170 2815 2332 2869 Pauci
2369 2815 2497 2871 inde
2538 2816 2859 2872 eﬂluxerant
2911 2819 3049 2885 dics,
3085 2837 3208 2877 cum
3240 2822 3537 2896 imperator

294 2953 410 3005 ραι,
434 2909 531 2987 καί
556 2909 653 2997 τας
689 2909 896 2995 οἰκείας
924 2933 952 2984 ὁ
987 2929 1242 3000 βασιλεὺς
1275 2928 1532 2997 δυνάμεις
1589 2925 1872 2978 ἀναλαϐὼν

1861 2943 1872 2976 ,
1979 2923 2109 2963 suas
2136 2909 2320 2978 c0pias
2349 2924 2534 2964 secum
2567 2910 2773 2965 ducens
2796 2914 3096 2984 egreditur,
3138 2926 3394 2972 venatum
3426 2920 3536 2974 sci-

293 3001 390 3082 ἐπὶ
426 3027 727 3098 κυνηγέσια
750 3024 914 3094 δῆθεν
970 3023 1141 3092 ἐξῄει,
1191 3021 1288 3074 καὶ
1344 3018 1686 3090 περιπάτους
1749 3019 1875 3071 ἀνέ-

1864 3043 1875 3057 .
1969 3001 2096 3057 licet
2153 3001 2635 3070 ambulatumque.
2694 3003 2843 3073 regio
2893 3005 3128 3074 quodam
3189 3009 3539 3068 relaxationis

297 3121 436 3182 σεώς
464 3094 607 3181 τινος
641 3119 738 3170 καὶ
789 3114 1070 3188 ῥᾳστώνης
1116 3111 1433 3182 βασιλικῆς.
1494 3111 1608 3164 Καὶ
1657 3109 1758 3179 μὶν
1805 3110 1872 3178 δὴ
1971 3128 1972 3135 ‘

1866 3131 1872 3178 ι
1971 3096 2179 3165 otiique
2227 3110 2467 3165 genere:
2502 3094 2732 3150 necdum
2787 3098 2961 3152 tribus
2987 3114 3053 3153 ex
3083 3115 3148 3154 eo
3193 3101 3389 3158 diebus
3426 3106 3541 3160 ela-

292 3211 450 3263 οὔπω
479 3215 626 3280 τρεῖς
653 3187 864 3263 ἐκεῖθεν
895 3207 1104 3278 ἡμέραι
1138 3203 1440 3275 παρῆλθον,
1471 3204 1568 3257 καὶ
1613 3202 1714 3273 τὴν
1770 3218 1871 3254 πο·
1898 3228 1942 3286 c

1864 3228 1942 3286 ,ϐ
1973 3187 2106 3257 psis,
2150 3187 2455 3242 aceelerato
2503 3187 2723 3250 itinere.
2764 3187 3080 3244 facillimum
3117 3192 3182 3247 ad
3223 3192 3539 3251 Berrhcnam

300 3306 458 3372 μίαν
490 3279 822 3373 ἐπιταχύνας
883 3299 1088 3370 σφόδρα
1147 3297 1530 3367 ἀταλαίπωρον
1601 3294 1730 3365 εῦρε
1770 3293 1870 3365 τὴν
1904 3279 1942 3286 ’

1863 3313 1870 3343 ,
1904 3279 1942 3286 “
1979 3279 2172 3333 urbem
2200 3279 2406 3334 aditum
2435 3279 2686 3342 oﬂ‘cndit,
2720 3283 3125 3351 excipientibus
3152 3302 3277 3341 eum
3305 3291 3538 3345 maxime

301 3400 386 3459 εἰς
452 3397 716 3468 Βέρροιαν
780 3393 985 3450 εἴσοδον
1041 3390 1178 3460 (81),
1239 3392 1337 3442 σῦν
1394 3389 1535 3441 πάνυ
1587 3387 1754 3458 πολλῇ
1798 3391 1862 3457 τῇ

1971 3374 2155 3428 studio
2195 3373 2650 3430 Berrhmensibus
2675 3391 2739 3431 ac
2773 3378 3005 3448 supinis,
3049 3392 3106 3434 ut
3140 3382 3314 3449 aiunt,
3363 3387 3537 3440 mani-

298 3463 579 3558 προθυμία
609 3488 704 3540 καὶ
725 3487 886 3556 ἡδονῇ
931 3485 1029 3538 καὶ
1090 3480 1311 3545 ὑπτίαις
1353 3479 1413 3533 τδ
1461 3479 1525 3549 δὴ
1573 3479 1867 3549 λεγόμενον
1972 3466 1973 3516 Ῐ

1866 3503 1867 3510 η
1972 3463 2094 3520 bus.
2143 3464 2351 3520 Eadem
2389 3465 2533 3519 enim
2576 3466 2823 3536 utrisque
2868 3484 2956 3522 res
3003 3486 3247 3542 magnam
3285 3475 3451 3531 simul
3487 3491 3541 3533 et

299 3580 714 3650 ὑποδεξαμένων
738 3577 847 3630 τῶν
869 3575 1174 3648 Βερροιέων
1203 3577 1378 3644 χερσί.
1431 3572 1601 3626 Τοῦτο
1646 3574 1756 3643 γάρ
1808 3572 1866 3624 ἓν

298 3677 535 3745 πρᾶγμα
579 3671 638 3724 ὃν
660 3670 990 3740 ἀμφοτέροις
1027 3666 1293 3734 ὠφελείας
1329 3666 1542 3734 μακρᾶς
1572 3665 1666 3717 καὶ
1699 3663 1868 3733 γαλῆ-

299 3785 398 3836 νης
430 3766 544 3833 ἅμα
564 3765 787 3832 γέγονεν
812 3763 1006 3825 αἰτιον,
1039 3759 1401 3828 ἀπαλλαγεῖσι
1419 3758 1526 3810 τῶν
1548 3756 1642 3809 τοῦ
1675 3755 1865 3826 Κρὰλη

300 3859 502 3930 χειρῶν
536 3860 595 3911 ἐν
618 3856 834 3925 -ταύτῷ,
872 3853 1008 3909 Θεοῦ
1061 3853 1106 3905 δ’
1157 3847 1227 3922 ἦν
1280 3852 1495 3914 πάντως
1543 3850 1604 3901 τὸ
1657 3848 1867 3919 χρῆμα,

307 3947 397 4002 τοῦ
459 3949 527 4001 τὰ
583 3947 818 4015 δυσχερῆ
888 3941 1166 4006 ποιοῦντος
1241 3940 1420 4011 ῥᾴδια,
1488 3940 1583 3992 καὶ
1647 3938 1870 3990 τούναν-

300 4043 418 4095 τίον
461 4042 532 4095 αῦ
588 4041 748 4094 ὁπότε
790 4036 1054 4108 βούλοιτο,
1118 4037 1211 4088 καὶ
1260 4029 1490 4087 οἷστισιν
1540 4031 1714 4086 ἐθέλοι
1750 4032 1870 4101 τρό-

379 4226 459 4282 E'.
507 4225 663 4280 Ἐπεὶ
689 4225 798 4296 γὰρ
840 4221 1094 4276 τεθέαται
1136 4237 1195 4273 τε
1251 4218 1345 4273 καὶ
1381 4219 1520 4287 ἔγνω
1567 4217 1750 4286 σαφῶς
1782 4218 1874 4270 τὸν

304 4317 534 4390 βασιλέα
588 4313 1087 4385 περιφρονούμενόν
1136 4329 1195 4364 τε
1232 4312 1325 4364 καὶ
1388 4309 1741 4379 ὑϐριζόμενον
1784 4308 1875 4378 ὑφ’

302 4406 382 4463 ὧν
406 4413 463 4461 ἐν
490 4409 702 4459 ἐλπίσιν
725 4407 904 4458 ἔκειτο
924 4405 1083 4476 δοχῆς
1140 4404 1234 4457 καὶ
1282 4404 1518 4471 στοργῆς
1573 4401 1875 4467 ἀξιοῦσθαι,

306 4499 566 4574 μετέθετό
590 4516 648 4551 τε
674 4497 772 4568 τὴν
799 4496 1024 4566 γνώμην
1058 4496 1218 4558 εὐθὺς
1250 4497 1343 4547 καὶ
1395 4493 1556 4571 at?ch
1584 4494 1678 4546 καὶ
1711 4494 1878 4563 δρασ-

307 4597 411 4666 μὸν
446 4595 512 4647 ἐκ
540 4593 638 4661 τῆς
665 4593 883 4661 μνήμης
925 4588 1172 4657 γίνεσθαι
1229 4586 1368 4639 ἑκών
1394 4603 1456 4653 γε
1512 4581 1652 4640 εἶναι
1709 4584 1877 4637 ἐδίδου

1975 3555 2263 3610 utilitatem
2320 3564 2376 3608 et
2428 3555 2873 3624 tranquillitatem
2923 3558 3216 3628 all‘erebat;
3282 3567 3539 3633 quoniam

1974 3647 2164 3702 eadem
2215 3646 2302 3699 via
2353 3645 2573 3715 utrique
2616 3646 2870 3701 manibus
2919 3648 3097 3704 Cralis
3159 3653 3538 3714 elahebantur.

1975 3738 2150 3806 Atque
2177 3735 2308 3789 illud
2350 3748 2480 3790 sane
2510 3750 2648 3804 opus
2695 3738 2784 3792 Dei
2819 3751 2958 3805 erat,
2992 3742 3169 3797 [acilia
3230 3747 3543 3804 exhibentis

1976 3842 2036 3882 ea
2066 3842 2186 3896 qua:
2216 3826 2456 3881 dimcilia
2487 3838 2634 3890 sunt,
2661 3839 2716 3884 et
2744 3834 3078 3888 contrarium
3142 3839 3355 3907 quoties
3389 3843 3541 3911 juvat

1976 3930 2030 3974 ct
2063 3919 2267 3990 quibus
2298 3921 2413 3974 vult
2444 3921 2621 3975 modis
2648 3920 2956 3978 etiicientis.

2051 4210 2369 4265 V.'Etenim
2419 4209 2628 4274 Crales,
2673 4226 2798 4265 eum
2848 4212 3539 4288 videi-etcxploratumqne

1985 4303 2231 4363 haberet,
2260 4301 2466 4369 deSplci
2493 4311 2549 4356 et
2570 4303 2964 4360 contumeliose
3008 4307 3195 4363 haberi
3244 4311 3539 4380 imperato-

1983 4411 2096 4449 rem
2155 4395 2223 4448 ah
2274 4394 2360 4458 iis,
2409 4407 2440 4447 a
2479 4394 2678 4462 quibus
2727 4407 3039 4465 speraverat
3083 4414 3143 4452 se
3194 4401 3431 4460 humane
3481 4424 3546 4461 ac

1985 4487 2218 4554 benigne
2246 4495 2533 4554 exceptum
2566 4486 2656 4550 iri,
2692 4491 2917 4543 mutavit
2945 4500 2999 4544 et
3047 4491 3160 4559 ipse
3203 4495 3384 4548 statim
3423 4513 3549 4552 sen-

1987 4579 2233 4642 tentiam,
2284 4587 2446 4646 atque
2480 4593 2509 4631 e
2555 4579 2816 4632 memoria
2863 4583 3120 4637 excidere
3170 4585 3314 4640 ultro
3356 4604 3548 4656 passus

306 4665 417 4741 τῶν
436 4704 496 4740 τε
536 4683 942 4754 μελετηθέντων
970 4681 1062 4733 καὶ
1095 4680 1451 4749 κυρωθέντων
1498 4680 1555 4731 ἐν
1579 4679 1655 4747 τῷ
1686 4679 1880 4746 ἀφανεῖ
1913 4665 1955 4718 Β

1870 4679 1880 4728 ε
1913 4665 1955 4718 Β
1981 4679 2085 4731 est,
2130 4685 2249 4739 qua:
2279 4677 2500 4738 prepter
2549 4671 2695 4721 illum
2746 4670 2885 4724 bona
2933 4676 3263 4741 procedente
3299 4688 3545 4750 tempore

305 4781 404 4849 τῆς
437 4777 637 4835 οἰκεία,
664 4774 888 4844 καρδίας
923 4771 1294 4842 βουλευτηρίῳ
1351 4769 1444 4822 τοῦ
1481 4769 1724 4830 ἐπιόντος
1756 4768 1876 4838 χρό-

305 4889 404 4923 νου
439 4868 576 4939 πρὸς
602 4866 838 4935 ἀμοιϐὴν
858 4865 925 4917 δι’
960 4863 1122 4918 αὐτὸν
1169 4859 1392 4928 ἀγαθῶν
1428 4858 1538 4928 (8‘2)
1559 4875 1571 4887 ·
1605 4859 1700 4910 καὶ
1743 4859 1875 4929 πρὶς

304 4961 602 5018 ἰπιϐουλάς
628 4959 765 5020 τέως
783 4955 1080 5025 ἀπησχόλει
1134 4956 1224 5005 τὸν
1250 4950 1395 5016 νοῦν,
1425 4951 1518 5004 καὶ
1567 4949 1685 5012 ὅλος
1741 4950 1879 5018 πρὸς

305 5051 640 5116 Βυζαντίους
695 5046 763 5119 ἦν
815 5049 1123 5117 ύπορρεων,
1193 5044 1458 5111 καὶπρὸς
1519 5046 1612 5104 τὰς
1673 5042 1878 5092 ἐκεῖθεν

307 5145 498 5216 ἡρέμα
526 5141 918 5208 καθελκόμενος
941 5138 1279 5203 ὑποσχέσεις.

383 5238 475 5302 ς’.
516 5233 654 5285 Ἀλλ’
696 5231 884 5298 ὥσπερ
941 5224 1217 5294 πανταχοῦ
1264 5225 1331 5278 τὰ
1378 5223 1476 5292 τῆς
1532 5223 1878 5294 ἀνθρωπίνης

313 5330 546 5400 μελέτης
586 5322 874 5393 ἡττώμενα
927 5323 1101 5372 κεῖται
1163 5315 1258 5370 τοῦ
1310 5316 1457 5368 θείου
1519 5315 1878 5386 βουλήματος,

307 5422 484 5480 οὕτως
541 5415 976 5484 ἐπικρατέστερα
1034 5408 1311 5463 κάνταῦθα
1374 5407 1468 5459 νῦν
1527 5409 1792 5472 ἐγεγόνει,
1844 5403 1879 5457 ἆ

314 5508 440 5580 μηδ’
475 5507 608 5568 ὅλως
634 5505 844 5573 οὐδαμῆ
897 5501 1261 5572 προσεδοκᾶτο
1315 5499 1426 5560 τοῖς
1485 5496 1878 5560 κινδυνεύουσι,

1987 4763 2224 4816 vicissim
2265 4761 2366 4814 sibi
2402 4760 2453 4812 in
2487 4772 2763 4829 posterum
2806 4767 3152 4831 promiserat,
3181 4781 3236 4822 et
3259 4770 3310 4824 in
3348 4789 3545 4828 arcana

1985 4853 2169 4906 cordis
2205 4853 2356 4906 curia
2397 4854 2718 4907 decreverat
2766 4872 2777 4906 :
2811 4854 3085 4924 coepitque
3114 4859 3388 4926 applicare
3425 4866 3545 4916 ani-

1988 4959 2134 4996 mum
2168 4943 2234 4996 ad
2283 4947 2546 5011 parandas
2594 4944 2817 4997 insidias
2847 4954 3100 5015 totusque
3142 4949 3207 5002 ad
3263 4951 3546 5021 Byzantios

1987 5051 2231 5103 vergere,
2283 5051 2346 5089 ac
2369 5037 2674 5105 promissis,
2717 5052 2837 5106 qme
2883 5037 3031 5091 illinc
3069 5043 3379 5100 veniebant.
3408 5060 3512 5115 pau

1987 5127 2132 5178 latim
2171 5126 2338 5180 allici.

2060 5217 2142 5270 Vl.
2188 5217 2291 5272 Sed
2331 5228 2389 5271 ut
2440 5219 2493 5272 in
2526 5219 2674 5272 omni
2707 5234 2763 5272 re
2806 5220 3033 5274 consilia
3081 5222 3317 5276 humana
3353 5223 3550 5278 divina:

1987 5310 2251 5363 voluntati
2294 5311 2679 5379 subjiciuntur,
2718 5312 2788 5364 ita
2819 5320 2929 5364 tum
2964 5328 3177 5382 quoque
3213 5315 3320 5368 illic
3369 5317 3550 5370 vicere

1985 5423 2046 5455 ea
2078 5419 2197 5471 qua:
2224 5403 2292 5456 ab
2334 5404 2419 5468 iis,
2453 5420 2684 5472 quorum
2719 5416 2836 5459 erat
2869 5407 3193 5475 periculum.
3221 5407 3390 5480 656
3426 5411 3549 5464 nul-

1986 5498 2199 5550 latenus
2238 5498 2462 5566 praevisa
2495 5502 2730 5563 luerunt,
2757 5513 2856 5552 nec
2900 5498 3191 5553 humanam
3225 5504 3276 5554 in
3310 5512 3546 5558 mentem

1628 5638 1960 5700 Vat-iorum
1993 5644 2177 5699 nunc.

386 5775 500 5842 (80)
539 5773 669 5826 Vide
703 5771 1067 5825 Cantacuzen.
1104 5770 1198 5823 lib.
1261 5785 1342 5842 ιιι.
1371 5783 1489 5842 cap.
1529 5766 1619 5818 b7.
1671 5766 1877 5820 Bonvm.

390 5839 504 5914 (δι’)
548 5846 839 5897 (lantacuz.
874 5844 968 5894 lih.
999 5857 1077 5902 ιιι,
1113 5859 1232 5909 cap.
1292 5841 1377 5891 58.
1416 5839 1650 5892 lnrcnc.

2054 5760 2272 5830 (82)1ιο
2332 5763 2496 5815 etiam
2561 5762 2758 5830 legitur
2809 5762 2861 5814 in
2900 5763 3180 5825 Vaticano,
3234 5762 3378 5816 unde
3436 5763 3551 5818 haue

1982 5836 2131 5886 valde
2161 5834 2391 5888 obscura
2424 5833 2820 5886 illustraturum
2841 5850 2923 5888 me
2952 5850 3319 5902 speraveram.
3339 5838 3547 5889 licam.
