4242 6446
744 373 850 437 883
1034 369 1109 441 [Α.
1150 387 1203 424 ι.
1239 372 1399 434 6851,
1442 390 1544 426 ικυ.
1588 373 1675 443 ll]

1979 382 2396 443 NICEPHORI
2437 384 2822 447 GREGORAS

3893 385 3998 446 884

3146 384 3281 455 [ευρ.
3322 401 3364 438 ι.
3406 399 3644 438 umet.
3687 381 3745 453 ἓ]

740 489 861 558 pias
890 489 1050 558 longe
1083 506 1363 545 mammas.
1416 493 1588 545 Erant
1641 495 1842 562 quippe
1883 495 2142 549 Romame
2186 495 2308 566 qui-
2338 498 2384 551 Α

2338 498 2384 551 Α
2415 499 2674 565 ναυτικὴν
2690 499 2918 567 δύναμιν
2946 499 3089 566 μάλα
3123 494 3534 567 πολλήν.Ἦσαν
3559 499 3998 569 γάρῬωμαῖκαὶ

739 580 867 642 dem
919 597 1086 638 naves
1125 584 1312 652 plures
1354 600 1518 652 quam
1553 586 1978 655 quinquaginta;
2018 591 2310 645 auxiliares

738 683 919 727 autem
975 689 1042 728 ex
1093 674 1316 729 Perside
1366 675 1487 730 dua:
1532 685 1586 729 et
1647 677 1860 744 viginti.
1910 678 2096 733 Rebus
2147 682 2311 749 igitur

739 765 1311 820 Thessalonicensium
1340 783 1406 821 eo
1439 767 1558 835 ipso
1589 768 1675 822 die
1699 779 1861 837 prout
1891 770 2056 824 libuit
2086 773 2312 825 ordina-

740 859 829 919 tis,
859 866 1076 925 postera
1106 857 1195 910 die
1222 857 1563 925 Apocaucus,
1599 874 1721 912 cum
1746 869 1801 913 et
1834 876 1926 912 eas
1956 877 2090 929 quas
2118 862 2295 917 Thes~

736 948 996 1000 salonieze
1044 948 1333 1001 invenerat
1379 947 1588 1016 copias,
1621 958 1677 1003 et
1708 950 1826 1004 illas
1853 968 1990 1020 quas
2018 953 2192 1007 classe
2225 970 2312 1007 se-

741 1052 867 1090 cum
927 1037 1232 1090 adduxerat
1292 1048 1397 1091 tam
1438 1037 1768 1094 domesticas
1812 1058 1975 1110 quam
2025 1055 2310 1107 externas,

738 1140 1007 1185 armasset
1056 1142 1112 1184 et
1143 1132 1517 1194 instruxisset,
1569 1134 1889 1188 Berrbmam
1947 1137 2191 1192 terrestri
2222 1139 2313 1191 iti-

738 1235 871 1274 nere
918 1236 1080 1290 quam
1133 1223 1420 1278 celerrime
1449 1225 1719 1294 proficisci
1773 1241 1960 1281 secum
2003 1231 2310 1298 constituit,

740 1312 785 1365 si
820 1313 962 1366 forte
992 1314 1340 1384 imperatoris
1385 1318 1686 1372 exercitum
1741 1321 1958 1389 assequi
2016 1334 2198 1391 posset
2255 1326 2311 1380 in

741 1403 975 1457 transitu
1004 1405 1119 1474 ejus
1159 1405 1329 1468 fluvii,
1363 1408 1455 1476 qui
1497 1409 1815 1464 Berrbceam
1855 1412 1997 1466 inter
2026 1429 2091 1468 ac
2136 1415 2312 1470 Thes-

735 1495 1030 1550 salonicam
1063 1496 1203 1551 ﬂuit.
1237 1498 1350 1552 Illic
1383 1500 1532 1554 enim
1561 1502 1797 1557 maxime
1831 1503 2058 1572 putabat
2099 1516 2310 1574 partum

737 1588 803 1643 iri
859 1591 963 1645 sibi
1016 1594 1263 1649 audaciae
1312 1597 1597 1664 praemium
1630 1613 1694 1652 ac
1742 1608 2005 1669 tropaeum
2055 1602 2312 1667 militare,

745 1682 999 1737 hostibus
1022 1684 1159 1739 forte
1194 1687 1574 1756 manipulatim
1619 1689 1881 1759 dispersis
1911 1708 1925 1745 :
1959 1701 2013 1745 et
2063 1692 2150 1748 his
2190 1694 2314 1764 qui-

735 1775 861 1828 dem
913 1776 1025 1844 jam
1087 1778 1373 1849 trajectis,
1428 1779 1536 1834 illis
1579 1795 1712 1835 vero
1759 1782 1940 1836 adhuc
1992 1784 2310 1853 trajicienti-

732 1870 876 1932 bus;
918 1868 1043 1922 aliis
1085 1868 1324 1939 denique
1353 1883 1576 1941 propter
1609 1873 1755 1944 ripas
1783 1876 2102 1930 transeundi
2138 1892 2303 1933 causa

734 1958 1031 2012 stantibus.

807 2049 899 2103 lll.
953 2050 1066 2106 Nec
1090 2066 1223 2105 vero
1253 2052 1551 2121 imperator
1572 2071 1696 2109 cum
1729 2070 1847 2109 sese
1882 2056 2007 2109 inde
2051 2056 2304 2126 proripe-

733 2153 840 2208 ret,
875 2161 1108 2200 vacuum
1140 2146 1330 2203 labore
1357 2155 1518 2215 atque
1563 2146 1880 2200 diﬂicullate
1927 2148 2028 2201 iter
2058 2148 2305 2201 invenire

733 2236 936 2306 potuit.
968 2236 1101 2291 Nam
1148 2253 1270 2292 cum
1308 2236 1510 2291 ﬂumen
1573 2238 1716 2290 haud
1764 2254 1981 2308 semper
2032 2254 2131 2292 nec
2169 2255 2307 2307 qua-

732 2345 952 2398 cunque
978 2329 1211 2383 transire
1243 2328 1557 2383 volentibus
1610 2329 1822 2383 facilem
1857 2343 1920 2384 ac
1953 2329 2199 2397 pervium
2249 2345 2307 2383 se

734 2420 1012 2482 exhibeat,
1042 2420 1133 2473 sed
1160 2421 1409 2488 angustis
1441 2421 1493 2473 in
1525 2419 1678 2482 locis,
1727 2421 1901 2489 iisque
1945 2436 2053 2475 non
2087 2423 2310 2476 cuilibet

734 2513 986 2582 trajicere
1020 2513 1261 2581 cupienti
1303 2514 1503 2578 obviis,
1551 2513 1646 2566 sed
1695 2514 1895 2582 ignotis
1932 2515 2205 2582 plerisque
2255 2525 2309 2568 et

733 2604 1128 2668 abditissimis;
1161 2621 1266 2658 non
1313 2605 1494 2658 solum
1531 2604 1708 2658 hii-me
1748 2621 1809 2656 ac
1842 2620 1991 2667 vere,
2037 2622 2143 2673 quo
2177 2615 2308 2656 tum.

738 2710 870 2762 pore
905 2695 1077 2762 major
1114 2697 1382 2748 Clltbcl‘al
1414 2711 1679 2762 aquarum
1731 2697 1808 2747 vis
1833 2737 1845 2754 .
1891 2695 2106 2747 easdem
2151 2694 2308 2748 solita

734 2793 990 2860 proluere
1015 2803 1069 2847 et
1099 2792 1363 2845 inundare
1389 2802 1657 2846 terrarum
1688 2803 1868 2860 partes
1890 2808 1904 2854 ;
1928 2791 2021 2844 sed
2052 2800 2309 2844 etaestale

734 2895 1150 2952 antnmuoque;
1189 2884 1242 2937 in
1275 2884 1442 2937 altera
1473 2884 1620 2935 fluvii
1663 2884 1776 2950 ripa
1805 2883 1913 2935 duo
1940 2883 2160 2937 circiter
2189 2883 2309 2935 mil-

735 2974 803 3026 lia
837 2974 1206 3028 Triballorum
1255 2975 1482 3028 insidias
1509 2974 1673 3044 660
1716 2974 1768 3027 ei
1808 2976 2012 3034 fecere,
2054 2991 2161 3043 qua
2194 2992 2310 3030 ma-

733 3065 880 3118 xime
915 3074 1069 3132 parte
1107 3081 1235 3118 eum
1274 3080 1398 3118 cum
1453 3065 1697 3118 exercitu
1760 3065 2083 3120 redeuntem
2134 3068 2310 3136 traje-

2422 593 2520 658 μὲν
2552 591 2680 660 νῆες
2715 591 2932 653 πλείους
2964 591 2996 660 ἦ
3039 591 3375 658 πεντήκοντα
3395 605 3409 618 ⁶
3443 589 3710 659 Περσικαὶ
3739 591 3816 648 δὲ.
3851 590 3997 642 κατα

2418 681 2739 750 συμμαχίαν
2772 682 3062 748 ἑπόμεναι,
3114 681 3209 733 δύο
3237 682 3326 732 καὶ
3346 681 3546 735 εἴκοσι.
3582 679 3667 732 Τά
3692 683 3824 746 γοῦν
3847 682 3998 734 κατὰ

2420 773 2824 842 Θεσσαλονίκην
2856 775 3158 843 πράγματα
3210 772 3530 838 διαθέμενος
3587 773 3904 841 αὑθήμερον
3968 775 3997 824 ὁ

2430 867 2774 928 ’Λπόκαυκος
2799 865 2872 928 ὡς
2900 865 3174 926 ἐϐούλετο,
3224 867 3319 917 καὶ
3356 867 3473 933 ἃμα
3517 865 3854 925 καθοπλίσας
3899 863 3997 915 καὶ

2415 957 2987 1024 παρασκευασάμενος
3019 958 3075 1017 ἐς
3117 955 3214 1022 τὴν
3263 954 3556 1024 ὑστεραίαν
3605 955 3672 1024 ἥν
3725 971 3784 1006 τε
3825 945 3995 1019 εὗρεν

2417 1051 2478 1100 ἐν
2507 1049 2877 1117 Θεσσαλονίκῃ
2904 1048 3134 1114 δύναμιν
3166 1047 3568 1115 στρατιωτικὴν
3609 1047 3706 1097 καὶ
3755 1047 3824 1115 ἣν
3851 1047 3991 1097 ἐπα-

2411 1142 2654 1210 γόμενος
2681 1137 2814 1208 ἧκεν
2830 1140 2988 1200 αὐτὸς
3016 1140 3288 1207 όμόςυλόν
3315 1157 3373 1192 τε
3402 1142 3497 1191 καὶ
3524 1140 3991 1207 ἀλλόφυλονεναυ-

2412 1230 2594 1297 τικὴν,
2625 1230 2726 1297 τὴν
2748 1229 2834 1281 διά
2860 1227 2967 1298 γῆς
2998 1229 3092 1280 ἐπὶ
3121 1231 3389 1299 Βέρροιαν
3424 1231 3778 1298 ἐπιταχύνειν
3807 1229 3984 1280 ἑνιεθυ⁸

2418 1321 2569 1392 μήθη
2625 1322 2874 1390 πορείαν,
2915 1321 2968 1372 εἴ
3004 1337 3124 1381 πως
3172 1320 3429 1389 δυνηθείη
3483 1321 3808 1373 καταλαϐεῖν
3862 1321 3996 1389 περὶ

2412 1416 2516 1485 τὴν
2547 1414 2642 1467 τοῦ
2685 1413 2887 1480 μεταξὺ
2925 1413 3189 1481 Βερῤοίας
3217 1413 3313 1466 καὶ
3355 1415 3758 1484 Θεσσαλονίκης
3773 1416 3993 1483 ῥέοντος

2412 1505 2665 1575 ποταμοῦ
2704 1506 2956 1559 διάϐασιν
2989 1504 3103 1572 (90)
3138 1506 3232 1559 τὸν
3261 1508 3356 1558 τοῦ
3414 1506 3683 1570 βασιλέως
3732 1507 3992 1577 στρατόν.

2425 1599 2693 1654 Ἐνταῦθα
2723 1599 2832 1669 γάρ
2860 1598 3077 1651 ἀνύσειν
3106 1598 3243 1668 ᾤετο
3311 1599 3547 1667 μάλιστα
3585 1600 3794 1683 τόλμης
3841 1598 4000 1664 ἀγώ-

2419 1710 2589 1762 νισμα
2622 1694 2717 1744 καὶ
2741 1693 3006 1761 τρόπαιον
3062 1691 3308 1753 ἔνοπλον,
3361 1690 3995 1759 κατακερματισθέντων

2417 1788 2547 1847 ἴσως
2571 1787 2679 1837 τῶν
2705 1785 3004 1851 πολεμίων,
3025 1787 3120 1837 καὶ
3139 1785 3247 1835 τῶν
3279 1784 3378 1849 μὲν
3402 1783 3705 1837 διαϐάντων
3735 1784 3856 1852 ἤδη,
3881 1786 3995 1834 τῶν

2410 1878 2456 1930 δ’
2478 1877 2558 1930 ἔτι
2585 1877 2995 1938 διαῦαινόντων,
3047 1875 3155 1928 τῶν
3183 1876 3237 1927 δὲ
3264 1875 3417 1946 παρὰ
3455 1875 3516 1927 τὸ
3544 1875 3718 1943 χεῖλος
3746 1875 3846 1940 τῆς
3874 1875 3995 1925 δια-

2407 1970 2622 2030 ϐάσεως
2656 1969 2990 2035 ἑστηκότων.

2477 2061 2552 2115 Γ.
2581 2060 2675 2128 Τῷ
2705 2078 2766 2127 γε
2805 2062 2909 2128 μὴν
2945 2059 3160 2125 βασιλεῖ
3196 2059 3750 2128 κατεσπουδασμένην
3797 2078 3994 2111 ποιου-

2411 2154 2556 2222 μένῳ
2617 2155 2715 2216 τὴν
2773 2151 3122 2220 ἀναχώρησιν
3179 2150 3298 2202 οὐδὲ
3355 2149 3453 2214 τὴν
3511 2152 3701 2218 πρόσω
3764 2152 3994 2220 πορείαν

2408 2245 2644 2314 ἄμοχθόν
2675 2263 2734 2296 τε
2771 2244 2866 2296 καὶ
2903 2243 3289 2310 ἀταλαίπωρον
3326 2243 3509 2311 εὑρεῖν
3549 2245 3847 2308 ἐξεγένετο.
3883 2245 3990 2294 Τοῦ

2406 2339 2513 2405 γάρ
2545 2354 2626 2388 τοι
2661 2337 2908 2404 ποταμοῦ
2953 2336 3133 2405 ἥκισθ’
3174 2337 3294 2388 δέοι
3348 2336 3693 2405 βουλομένοις
3739 2337 3822 2404 εἴη
3879 2339 3993 2398 τοῖς

2407 2429 2495 2482 ἀεὶ
2522 2430 2816 2481 διαϐαίνειν
2869 2430 3114 2481 ἐθέλουσι
3174 2428 3450 2499 προσηνὲς
3489 2428 3738 2497 πανταχῆ
3772 2448 3864 2480 και
3899 2430 3994 2497 βά-

2408 2537 2569 2588 σιμον
2621 2523 2995 2589 παρεχομένου
3047 2524 3107 2574 τὸ
3155 2522 3409 2591 ῥεῖθρον,
3469 2523 3584 2574 ἀλλ’
3640 2523 3697 2574 ὲν
3763 2523 3992 2592 βραχέσι

2407 2610 2612 2674 τόποις,
2645 2612 2737 2662 καὶ
2779 2610 2992 2674 τούτοις
3027 2613 3130 2666 οὐκ
3172 2615 3228 2673 ἐς
3259 2609 3534 2680 προῦπτον
3579 2615 3854 2681 κειμένοις
3885 2614 3993 2682 ὅτῳ

2410 2700 2476 2752 ἂν
2505 2701 2586 2768 εἴη
2619 2700 2927 2770 βουλομένῳ
2964 2705 3128 2755 παντὶ
3169 2704 3492 2768 διαὸαίνειν,
3534 2705 3651 2756 ἀλλ’
3691 2705 3992 2770 ἀγνώστοις

2407 2791 2483 2854 ὡς
2509 2793 2574 2844 τά
2601 2794 2771 2845 πολλὰ
2801 2797 2894 2845 καὶ
2926 2794 3127 2862 πολλὴν
3151 2797 3445 2864 ἐπίκρυψιν
3477 2795 3712 2864 ἔχουσιν,
3736 2798 3797 2848 ού
3829 2801 3994 2862 μόνον

2409 2887 2467 2936 ἑν
2525 2884 2794 2953 χειμῶνός
2830 2903 2888 2937 τε
2947 2888 3040 2938 καὶ
3084 2883 3219 2957 ἦρος
3259 2887 3453 2955 ὥραις,
3484 2889 3722 2957 ὁπηνίκα
3767 2889 3991 2958 δαψιλέ-

2412 2993 2602 3043 στερον
2628 2978 2742 3046 ἔχει
2767 2977 2827 3029 τὸ
2852 2978 3049 3047 κράτος
3099 2983 3133 3048 ἡ
3171 2980 3280 3030 τῶν
3327 2979 3535 3032 ὑδάτων
3570 2981 3754 3046 φύσις,
3793 2980 3993 3050 βαπτί-

2414 3068 2584 3130 ζουσά
2613 3085 2672 3120 τε
2702 3070 2792 3120 καὶ
2838 3073 3255 3133 κατακλύζουσα
3287 3073 3354 3124 τὰ
3399 3070 3684 3142 εἰθισμένα
3720 3073 3861 3142 μέρη
3895 3075 3993 3137 τῆς

735 3165 953 3209 cturutn
985 3158 1284 3225 putabant;
1317 3167 1373 3210 ut
1407 3156 1704 3224 derepente
1740 3156 1794 3208 in
1828 3157 2006 3224 ipsum
2040 3173 2142 3211 nec
2185 3160 2304 3228 opi~
2331 3173 2375 3228 ο
2408 3180 2410 3187 ι

2331 3173 2375 3228 C
2408 3160 2534 3227 γῆς,
2571 3161 2705 3213 ἀλλὰ
2747 3166 2838 3213 καὶ
2895 3162 3042 3234 θέρει
3097 3183 3154 3216 τε
3204 3168 3299 3219 καὶ
3352 3167 3716 3234 φθινοπώρῳ,
3767 3164 3991 3232 ἐνέδραν

734 3261 961 3303 nantem
1015 3251 1161 3304 circa
1212 3251 1501 3303 transitqu
1564 3249 1768 3316 impetu
1824 3249 1991 3310 facto,
2041 3260 2301 3317 tropa-um

734 3342 948 3396 illustre
998 3342 1149 3395 brevi
1189 3345 1607 3397 constituerent.
1663 3340 1773 3395 Hos
1823 3358 1958 3396 vero
2008 3344 2302 3411 imperato-

732 3435 942 3487 riorum
973 3434 1206 3487 militum
1249 3449 1619 3503 praecursores
1662 3434 1961 3502 conspicati
2013 3436 2198 3504 procul
2249 3446 2305 3491 et

735 3523 839 3592 ipsi
901 3523 1146 3577 animum
1205 3524 1633 3593 desponderant,
1687 3533 1746 3578 et
1803 3525 2017 3594 pavoris
2067 3527 2300 3583 multum

730 3616 998 3669 exercitui
1055 3617 1373 3685 injecerant.

2410 3255 2738 3323 ἐποιήσαντο
2769 3257 2918 3324 παρὰ
2941 3257 3039 3320 τὰς
3068 3257 3159 3311 ἐπὶ
3188 3258 3391 3328 θάτερα
3424 3257 3517 3311 τοῦ
3545 3255 3790 3324 ποταμοῦ
3823 3255 3994 3322 δισχί-

2411 3345 2514 3398 λιοί
2538 3365 2638 3400 που
2684 3350 2776 3401 τὸν
2815 3351 3052 3420 ἀριθμὸν
3079 3351 3295 3404 ὁπλῖται
3322 3352 3430 3405 τῶν
3460 3351 3808 3419 Τριϐαλλῶν,
3858 3349 3990 3401 ἔνθα.

2415 3434 2652 3502 μάλιστα
2675 3436 2971 3492 διαόαίνειν
3000 3440 3241 3504 ἐπίδοξος
3278 3437 3346 3511 ἦν
3376 3443 3403 3494 ὁ
3437 3440 3687 3508 βασιλεὺς
3717 3439 3860 3491 κατὰ
3887 3440 3988 3508 τὴι

2408 3527 2670 3581 ιπάνοδον
2700 3530 2840 3598 ὁμοῦ
2866 3531 2944 3601 τῷ
2973 3533 3211 3603 στρατῷ,
3234 3533 3309 3595 ὡς
3341 3534 3406 3586 ἂν
3440 3534 3702 3601 ἐξαίφνης
3731 3530 3992 3598 ἀγνοοῦσι

2411 3622 2538 3690 περὶ
2556 3621 2655 3690 τὴν
2676 3621 2928 3675 διάὸασιν
2948 3626 3370 3687 ἐπεισπεσόντες
3393 3641 3457 3677 πε
3466 3624 3718 3692 ριόὁητον
3746 3627 3990 3692 στήσωσι

729 3713 991 3779 τρόπαιον
1020 3711 1076 3762 ἐν
1119 3711 1330 3780 βραχεῖ.
1376 3708 1611 3771 Τούτους
1641 3725 1706 3776 γε
1743 3708 1850 3777 μὴν
1897 3708 1948 3760 οί
1990 3710 2296 3782 πρόδρομοι
2333 3711 2442 3765 τῶν
2476 3714 2825 3777 στρατιωτῶν
2862 3716 2956 3768 τοῦ
2987 3716 3254 3786 βασιλέως
3319 3716 3603 3788 πόρρωθεν
3658 3715 3991 3785 θεασάμενοι

731 3805 886 3858 αύτοί
924 3822 986 3856 τε
1012 3804 1406 3870 ἀπεγνώκεσαν
1433 3803 1528 3860 καὶ
1551 3803 1773 3875 μακράν
1803 3804 1902 3870 τὴν
1942 3804 2145 3858 δειλίαν
2179 3809 2305 3870 ταῖς
2344 3807 2650 3875 βασιλικαῖς
2687 3810 2980 3881 δυνάμεσιν
3009 3809 3446 3878 ὲμϐεὸλήκεσαν.

802 3925 889 3977 IV.
930 3925 1006 3978 Ac
1053 3923 1301 3976 fortassis
1346 3921 1440 3974 illa
1503 3920 1618 3990 ipsa
1665 3920 1798 3973 hora
1847 3919 2119 3989 proﬂigati
2178 3920 2309 3974 fuis-

732 4025 878 4076 sent,
909 4016 1051 4068 inter
1079 4013 1309 4067 hostiles
1330 4012 1470 4065 duos
1490 4012 1773 4067 exercitus
1799 4012 1958 4079 quasi
1991 4011 2134 4065 intra
2165 4012 2303 4066 retia

729 4105 1136 4175 comprehensi,
1169 4103 1392 4157 ﬂumine
1423 4103 1544 4171 ipso
1569 4102 1844 4163 obstante,
1871 4117 1982 4170 quo
2006 4104 2190 4154 minus
2212 4111 2308 4155 aut

2479 3918 2556 3974 Δ’.
2590 3921 2700 3974 Καὶ
2724 3920 2846 3990 τάχ’
2876 3922 2943 3974 ἂν
2971 3922 3028 3972 ὲν
3066 3921 3260 3990 ἐκείνῳ
3307 3921 3405 3989 τῆς
3451 3920 3601 3990 ὥρας
3646 3921 3986 3991 ἐφθείροντο,

2409 4013 2616 4080 μεταξὺ
2646 4013 2790 4065 δυοῖν
2835 4015 3079 4082 στρατῶν
3112 4011 3388 4081 πολεμίων
3424 4013 3500 4074 ὡς
3531 4013 3590 4066 ὲν
3623 4014 3825 4082 δικτύῳ
3857 4032 3986 4067 συν-

2409 4106 2755 4174 ειλημμένοι,
2791 4105 2885 4157 καὶ
2940 4107 3053 4175 ἅμα
3086 4105 3180 4157 τοῦ
3227 4104 3474 4172 ποταμοῦ
3525 4106 3626 4176 τὴν
3682 4123 3989 4176 στρατοπε-

732 4207 1275 4259 castrametarentur,
1299 4209 1397 4259 aut
1441 4196 1617 4250 aciem
1652 4195 1755 4248 rite
1786 4195 2167 4259 instruerent;
2198 4195 2303 4247 nisi
2402 4219 2407 4243 t

2402 4197 2551 4249 δείαν
2583 4198 2675 4250 καὶ
2702 4197 2799 4266 τὴν
2837 4197 3198 4266 ὀφειλομένην
3237 4197 3545 4266 παράταξιν
3580 4199 3912 4261 κωλύοντος,
3937 4200 3987 4251 ει

734 4292 878 4345 Deus
903 4290 1202 4359 derepente
1229 4297 1284 4338 et
1314 4301 1379 4339 ex
1425 4283 1723 4353 improviso
1771 4298 1988 4336 manum
2019 4283 2126 4338 illis
2155 4298 2305 4337 com-

733 4381 1013 4434 modasset
1041 4378 1400 4444 azljutricem;
1449 4377 1614 4438 Deus,
1651 4377 1893 4444 inquam,
1928 4375 2020 4443 qui
2059 4385 2115 4428 et
2161 4390 2303 4444 saepe

737 4473 936 4526 infecta
970 4470 1149 4524 reddit
1173 4485 1239 4523 ea
1261 4483 1501 4538 quorum
1544 4467 1777 4520 maxima
1803 4476 1921 4520 erat
1947 4466 2301 4534 exspectatio,

737 4565 888 4619 etiis
914 4579 1039 4634 qua:
1067 4562 1295 4615 minime
1333 4561 1563 4630 praevisa
1600 4559 1837 4624 fuerant,
1883 4560 2154 4613 secundos
2190 4561 2303 4612 exi-

2416 4289 2489 4356 μὴ
2521 4289 2657 4351 Θεὸς
2695 4291 2760 4342 ὲκ
2794 4290 2886 4342 τοῦ
2919 4289 3105 4357 σχεδὸν
3132 4289 3544 4358 ἀπροσδόκητον
3572 4290 3867 4358 ἐχαρίσατο
3891 4289 3991 4360 τὴν

2411 4380 2704 4446 ἐπίκουρον
2741 4382 2898 4450 χεῖρα
2922 4397 2935 4410 ·
2970 4380 3028 4443 ὃς
3060 4380 3129 4433 τά
3181 4380 3281 4450 μὲν
3329 4381 3756 4450 προσδοκώμενα
3788 4382 3991 4434 πολλά·

2411 4489 2496 4534 κις
2531 4473 2788 4542 ἄπρακτα
2818 4473 3026 4542 τίθησι,
3071 4475 3180 4533 τοῖς
3214 4473 3271 4525 δὲ
3306 4473 3534 4541 μηδαμῆ
3565 4474 3990 4543 προσδοκηθεῐσι

2409 4564 2588 4629 δεξιὰν
2619 4565 2909 4635 χαρίζεται
2966 4565 3065 4631 τὴν
3115 4565 3293 4630 λῆξιν.
3341 4565 3682 4627 Ἀπόκαυκος
3722 4565 3824 4632 μὲν
3874 4568 3990 4635 γάρ

740 4667 832 4708 tus
883 4653 1133 4721 largitur.
1183 4651 1319 4705 Nam
1371 4651 1694 4719 Apocaucus
1738 4650 1958 4717 quidem
2016 4649 2306 4703 timiditate
2338 4638 2415 4703 Di

2338 4638 2382 4693 Ι)
2409 4656 2581 4726 δειλίᾳ
2616 4659 2806 4727 μακρᾷ
2852 4658 2952 4727 τὴν
2986 4655 3165 4725 ὁρμὴν
3199 4656 3545 4724 ἀνεχαίτισεν
3584 4657 3777 4709 ἑαυτοῦ
3802 4674 3815 4686 ·
3851 4659 3989 4727 ἀνὴρ

739 4761 953 4800 summa
989 4759 1147 4797 suum
1190 4743 1308 4811 ipse
1359 4742 1624 4808 impetum
1673 4741 1950 4808 repressit.
1986 4740 2079 4794 Vir
2126 4749 2307 4793 autem

738 4839 961 4908 quidam
992 4853 1056 4888 ex
1085 4835 1235 4888 illius
1260 4834 1365 4887 loci
1400 4833 1595 4886 incolis
1625 4831 1991 4885 Triballorum
2022 4831 2313 4900 praedatio-

737 4930 904 4986 nibus
959 4942 1133 4997 nuper
1185 4925 1406 4993 elapsus
1454 4925 1598 4977 ultro
1653 4933 1767 4976 tum
1813 4923 1882 4976 ad
1929 4922 2310 4991 imperatorem

739 5021 1058 5089 transfugit,
1111 5017 1497 5087 promisitque,
1545 5015 1910 5069 indicaturum
1965 5029 2024 5068 se
2067 5015 2117 5068 ei
2151 5015 2312 5066 aliam

740 5116 810 5170 ab
839 5130 902 5168 ea
931 5129 1050 5183 quae
1088 5120 1215 5165 nota
1248 5119 1368 5164 erat
1395 5125 1494 5178 per
1521 5107 1721 5162 flumen
1752 5107 1915 5168 viam,
1949 5107 1992 5159 si
2025 5107 2128 5159 sibi
2179 5121 2318 5159 mer-

740 5221 832 5260 ces
886 5206 1111 5259 daretur
1172 5204 1334 5273 paulo
1401 5200 1676 5270 pinguior.
1737 5198 1835 5251 His
1904 5197 2313 5252 conditionibus

743 5300 1065 5352 transmisso
1089 5295 1438 5365 imperatoris
1465 5292 1730 5356 exercitu,
1763 5291 2000 5360 perculsi
2034 5291 2111 5344 rei
2145 5291 2315 5344 mira-

739 5392 865 5449 culo
895 5388 1122 5444 Triballi
1169 5390 1295 5441 inde
1345 5387 1552 5440 abeunt
1585 5385 1894 5447 celerrime,
1939 5383 2031 5437 alii
2062 5383 2169 5438 alio
2216 5398 2315 5452 per

741 5499 860 5535 cam
893 5480 1170 5551 regionem
1201 5477 1457 5546 dispersi.

2403 4749 2462 4800 δέ
2484 4765 2568 4810 τις
2589 4748 2699 4800 τῶν
2729 4749 3012 4818 ἐγχωρίων
3043 4749 3180 4819 (9|),
3208 4747 3296 4818 [Ρ.
3331 4747 3459 4818 ΗΞ]
3482 4748 3607 4818 ἄρτι
3630 4749 3728 4818 τὴν
3749 4749 3990 4816 Τριϐαλ-

2405 4840 2511 4892 λῶν
2539 4840 2761 4908 διαδρας
2793 4843 3095 4910 προνομὴν,
3148 4834 3286 4909 ἦκεν
3339 4840 3637 4907 αὐτόμολος
3682 4841 3992 4908 τηνικαῦτα

2407 4930 2484 5000 τῷ
2537 4933 2784 5002 βασιλεῖ,
2847 4933 3041 4996 δείξειν
3102 4931 3575 5000 ἐπαγγελλόμενος
3636 4935 3831 5002 ἑτέραν
3889 4935 3990 5001 τῆς

2411 5025 2758 5094 ἐγνωσμένης
2786 5025 3057 5088 διάϐασιν,
3083 5026 3130 5077 εί
3165 5026 3583 5094 δαψιλεστέρως
3603 5028 3727 5086 τοὺς
3760 5027 3989 5093 μισθοὺς

2408 5116 2692 5168 ἁπολάόοι.
2743 5118 2866 5168 Ἐπὶ
2905 5118 2969 5186 δὴ
2997 5117 3263 5179 τοιούτοις
3302 5119 3379 5186 τῷ
3421 5119 3632 5186 βασιλεί
3664 5117 3764 5185 τῆς
3795 5119 3989 5170 διαϐά-

2412 5225 2548 5271 σεως
2569 5210 2888 5280 γενομένης,
2914 5212 3282 5278 ἐκπλαγέντες
3305 5212 3513 5264 ἐκεῖθεν
3538 5213 3587 5262 οί
3614 5210 3905 5278 Τριϐαλλοὶ
3932 5211 3992 5261 τὸ

2411 5299 2504 5351 τοῦ
2532 5304 2862 5368 πράγματος
2895 5302 3198 5369 παράδοξον
3227 5301 3430 5372 ᾤχοντο
3458 5301 3556 5370 τὴν
3583 5301 3852 5370 ταχίστην
3886 5303 3990 5352 άνα

2407 5393 2510 5460 τὴν
2537 5392 2721 5461 χώραν
2744 5393 2901 5456 ἄλλος
2932 5393 3118 5447 ἄλλοθι
3143 5393 3649 5455 διασκεδασθέντες.

2080 5612 2409 5676 Variot'um
2453 5625 2638 5680 noun.

816 5763 928 5828 (illi)
993 5764 1128 5816 Axii.
1188 5761 1484 5816 Cantacuz.
1558 5761 1651 5813 lib.
1685 5775 1904 5824 inmap.
1935 5760 2023 5821 58,
2059 5760 2403 5819 59.Drc.\.\'c.

814 5829 923 5903 (9|;
961 5833 1248 5887 Cantacuz.
1279 5835 1372 5887 lib.
1413 5849 1486 5894 In,
1521 5847 1634 5899 cap.
1673 5831 1736 5884 39
1802 5830 2026 5901 Ducnc,
