4242 6446
723 416 824 481 887
1011 413 1085 478 is.
1124 431 1177 467 ιι.
1219 413 1380 477 6851,
1419 430 1524 468 IND.
1576 414 1660 485 fl]

1968 419 2380 480 NlCEl’llORl
2421 417 2800 481 GREGOHAE

3863 415 3971 476 838

3110 412 3239 482 fma.
3285 431 3322 466 ι.
3384 427 3614 465 mitem.
3662 410 3716 478 ίθὶ

723 533 932 593 nueris,
962 543 1230 584 mortuam
1262 549 1484 584 uxorein
1512 534 1696 586 statim
1727 533 1957 601 lugebis.
1997 535 2092 587 llis
2128 535 2292 587 homo

2399 537 2457 587 Ei
2519 537 2617 603 μὲν
2671 534 2939 587 ἀπολῦσαί
3000 549 3067 600 με
3121 532 3560 599 προθυμηθείης,
3618 531 3646 580 ὁ
3707 532 3830 590 παῖς
3889 547 3972 579 σοι

723 623 925 676 auditis
953 624 1238 691 perculsus
1268 635 1385 684 est;
1419 635 1471 679 et
1497 640 1683 678 secum
1710 641 1909 694 anceps
1931 626 2290 683 deliberabat.

720 714 1101 781 gravissimam
1149 718 1340 769 videns
1375 717 1632 786 utrinque
1675 718 2040 771 ealaniitatein
2096 727 2293 783 ιιι-πίεν

723 820 877 873 spem
910 805 1012 858 sibi
1053 806 1391 873 impendere.
1423 808 1628 862 Tamen
1665 824 1790 861 cum
1829 824 1894 862 ex
1925 809 2142 861 duobus
2182 808 2294 860 ine—

722 897 1043 950 vitabilibus
1098 900 1254 952 malis
1312 901 1543 953 alterum
1612 902 1712 970 ipsi
1761 911 1906 956 esset
1955 901 2289 970 eligendum,

721 989 856 1043 illud
918 992 1084 1044 miser
1135 992 1320 1062 elegit,
1352 994 1497 1063 quod
1551 1004 1672 1049 erat
1723 995 1919 1059 levius,
1970 1011 2032 1048 ac
2066 995 2294 1049 dimissa

718 1081 845 1143 avi,
907 1082 1180 1151 jacentem
1237 1085 1419 1138 subito
1482 1087 1655 1139 filium
1735 1088 1893 1142 luxit.
1950 1087 2029 1141 Ac
2109 1087 2293 1140 fabula

719 1173 937 1239 quidem
1013 1174 1084 1227 ita
1152 1191 1211 1230 se
1276 1178 1463 1232 habet.
1543 1180 1743 1246 Accipe
1805 1180 1956 1248 jam,
2023 1193 2291 1248 quorsum

719 1265 918 1318 fabulae
940 1267 1211 1320 sententia
1247 1268 1540 1336 pertineat.
1562 1268 1702 1334 Quia
1738 1270 1817 1323 rei
1856 1269 2108 1322 militaris
2133 1284 2289 1321 usum

719 1357 898 1412 habeo
962 1361 1286 1430 jampridem
1319 1402 1333 1425 ,
1403 1373 1463 1416 ut
1519 1363 1635 1431 ipse
1690 1363 1832 1427 scis;
1900 1379 2009 1415 non
2059 1364 2290 1431 ignoro,

717 1461 953 1515 quantos
1013 1452 1129 1521 ipse
1177 1452 1405 1506 diurnos
1468 1463 1720 1521 sumptus
1765 1453 2005 1512 fascias.
2057 1465 2169 1505 tum
2238 1454 2292 1505 in

717 1542 908 1610 cupias
957 1543 1197 1606 navales,
1233 1558 1353 1612 quae
1396 1555 1448 1597 te
1493 1555 1825 1612 sequuntur,
1860 1554 1974 1597 tum
2027 1543 2080 1596 in
2130 1544 2294 1611 pede-

715 1641 858 1684 stres
879 1632 1121 1701 legiones
1170 1651 1182 1685 :
1227 1649 1290 1686 ac
1306 1645 1586 1701 praeterea.
1622 1643 1884 1701 quantum
1913 1634 2200 1703 impendas
2230 1648 2294 1686 ac

713 1739 935 1792 semper
966 1725 1320 1793 impensurus
1351 1726 1428 1780 sis
1481 1726 1725 1794 pecuniae
1761 1727 1814 1778 in
1850 1727 1958 1780 illis
2011 1725 2295 1795 legationi-

699 1816 840 1879 -hus,
872 1832 1013 1884 quas
1053 1818 1276 1887 petendi
1323 1818 1512 1871 auxilii
1569 1834 1736 1873 causa
1803 1819 1870 1872 ad
1917 1817 2290 1872 Triballorum

714 1909 1020 1978 principem
1062 1909 1384 1980 frequentes
1435 1913 1645 1975 mittis;
1679 1921 1903 1965 coaetus
1952 1927 2058 1964 non
2112 1914 2288 1964 solum
2325 1899 2364 1952 Β

712 2019 944 2056 munera
979 2005 1056 2056 illi
1094 2005 1386 2074 pinguiora
1434 2006 1678 2067 mittere,
1729 2006 1891 2073 atque
1938 2005 2042 2072 ipsi
2088 2003 2288 2057 deinde

715 2111 915 2163 reginae
961 2096 1080 2164 ejus
1134 2097 1316 2159 uxori,
1367 2101 1463 2151 sed
1508 2097 1964 2169 praeteream
1999 2097 2288 2151 ambitiose

712 2188 949 2250 adulari,
974 2203 1038 2241 ac
1066 2191 1314 2256 pecuniis
1343 2192 1747 2244 circumvenire
1773 2192 2017 2259 Singulos
2040 2204 2288 2258 quosque

713 2282 1057 2334 necessarios
1109 2291 1163 2335 et
1219 2283 1450 2336 clientes
1509 2299 1702 2337 eorum
1764 2282 2135 2351 Optimatium,
2193 2281 2287 2350 qui

714 2371 1011 2436 plurimum
1069 2384 1299 2441 possunt
1362 2375 1503 2444 apud
1561 2376 1838 2445 principes
1893 2376 2286 2431 Triballoruin.

710 2464 842 2526 Quae
867 2463 1047 2517 omnia
1083 2475 1154 2523 te,
1200 2468 1451 2534 quamvis
1478 2468 1970 2536 promptissimum,
2002 2468 2197 2522 cedere
2226 2483 2290 2521 ac

712 2555 982 2609 desistere
1015 2557 1236 2626 incepto
1270 2559 1522 2627 protinus
1542 2569 1759 2628 cogent.
1791 2561 2075 2614 Exercitus
2105 2570 2287 2614 autem

713 2649 819 2700 mei
852 2659 1000 2712 sunt,
1032 2650 1269 2717 primum
1299 2666 1377 2703 ea:
1417 2650 1582 2711 vires,
1621 2667 1741 2718 qua:
1769 2667 1854 2704 me
1884 2663 2152 2720 perpetuo
2196 2667 2288 2704 co-

716 2741 999 2803 mitantur,
1027 2750 1140 2794 tum
1177 2742 1338 2794 etiam
1365 2753 1477 2796 tota
1506 2743 1618 2796 fere
1654 2743 1957 2798 Thessalia.
1994 2745 2158 2812 Atqui
2193 2759 2286 2796 ειυς

715 2831 884 2885 diisse
940 2842 990 2885 te
1040 2832 1260 2900 opinor,
1312 2842 1552 2902 quantus
1590 2833 1982 2887 Thessalorum
2011 2834 2290 2901 equitatus

713 2933 1095 2993 quantumque
1123 2925 1217 2979 ille
1255 2926 1309 2978 in
1342 2942 1402 2979 re
1429 2926 1652 2978 militari
1685 2925 1885 2979 habeat
1914 2927 2286 2994 experientim,

713 3025 770 3067 et
801 3015 1078 3083 quomodo
1100 3015 1172 3070 sit
1203 3016 1381 3085 longis
1418 3031 1481 3069 ac
1517 3016 1908 3084 multiplicibus
1933 3016 2091 3070 bellis
2131 3031 2290 3069 exer-

708 3109 932 3162 citatus.
966 3107 1068 3162 l‘las
1093 3124 1194 3177 ego
1229 3111 1420 3178 copias
1444 3109 1592 3162 domi
1618 3109 1834 3171 sedere,
1865 3109 2287 3177 quodnecessi-

714 3209 801 3252 tas
833 3209 1076 3268 urgeret,
1104 3202 1525 3268 iniperaveram,
1564 3217 1633 3254 ne
1672 3218 1740 3255 ex
1777 3201 2019 3266 duobus,
2053 3217 2287 3271 quorum

712 3303 970 3345 neutrum
1029 3295 1381 3362 expediebat,
1444 3295 1680 3348 alterum
1717 3295 2045 3354 exsisleret;
2108 3310 2288 3363 neque

711 3386 861 3440 enim
912 3403 1008 3455 par
1051 3403 1175 3442 esse
1207 3399 1435 3441 externo
1480 3389 1532 3440 in
1588 3388 1708 3442 solo
1743 3399 2022 3442 versantes
2055 3390 2289 3457 propriis

714 3479 1030 3546 sumptibus
1057 3480 1330 3540 victitare,
1357 3479 1537 3532 alieno
1563 3489 1810 3548 tempore
1835 3499 1847 3543 ;
1886 3496 2062 3547 neque
2085 3480 2152 3531 ab
2185 3480 2289 3530 illis

717 3585 877 3639 agros
913 3582 1128 3624 nostros
1161 3572 1382 3630 vastari.
1437 3586 1499 3622 ac
1547 3570 1718 3624 deleri
1767 3570 1907 3623 vites
1941 3571 2286 3634 niatnrojam

715 3662 898 3715 fructu
930 3664 1206 3731 direptas;
1244 3673 1303 3715 ut
1345 3663 1456 3715 fieri
1491 3663 1559 3714 ab
1580 3664 1913 3716 exercitibus
1931 3667 2284 3729 solet,popu-

714 3754 814 3808 lari
850 3755 1172 3823 plerumque
1218 3756 1461 3809 licentia.
1515 3756 1715 3806 Earum
1749 3756 1954 3824 quippe
1989 3771 2170 3806 rerum
2203 3754 2288 3806 di-

715 3849 894 3917 reptio
930 3849 1168 3902 dominis
1196 3849 1416 3917 quidem
1446 3849 1647 3902 damno
1670 3858 1752 3902 est
1785 3864 1847 3901 ac
1874 3848 2166 3916 plurimum
2195 3864 2289 3899 no-

713 3946 839 4000 cet;
873 3939 1270 4006 diiipieutibus
1319 3951 1501 3992 autent
1543 3955 1733 4006 parum
1793 3948 1889 3992 aut
1946 3938 2080 3991 nihil
2130 3938 2289 3990 affert

720 4031 1014 4095 utilitatis;
1045 4032 1175 4093 imo,
1212 4043 1270 4084 ut
1294 4032 1366 4084 ita
1400 4033 1600 4092 dicam,

2359 628 2746 694 -τεθνήξεταιο
2777 628 2824 678 εί
2874 626 2929 676 δὲ
2971 628 3192 692 κρατεῖν
3238 624 3465 686 ἐθέλοις,
3509 623 3609 674 οὐκ
3648 623 3711 674 ἂν
3745 622 3974 687 φθάνοις

2392 721 2723 787 τεθνηκυῖαν
2759 719 2972 789 θρηνῶν
2999 720 3094 789 τὴν
3121 718 3376 784 γυναῖκα.
3415 717 3656 784 Ἐπλήγη
3683 716 3780 783 τὴν
3800 715 3976 781 ἀκοὴν

2392 815 2423 864 ὁ
2453 815 2594 883 ἀνὴρ
2615 830 2629 844 ·
2664 815 2756 865 καὶ
2796 813 3046 881 διηπόρει
3088 811 3207 863 καθ’
3249 810 3460 870 ἐαυτὶιν,
3493 807 3753 874 μεγίστην
3777 807 3975 856 ἑκατέ-

2396 911 2570 983 ρωθεν
2610 913 2750 980 ὀρῶν
2777 910 2874 979 τὴν
2903 908 3228 978 ὲμ6ρίθειαν
3255 905 3349 957 τοῦ
3379 905 3508 972 παρ’
3540 903 3728 954 ἐλπίδα
3767 898 3972 951 δεινοῦ.

2396 1005 2589 1072 Ὅμως
2614 1005 2675 1054 ὲν
2702 1001 2905 1070 ἐκλογῇ
2948 1002 3095 1053 δυοῖν
3143 999 3436 1067 γενόμενος
3474 996 3736 1062 ἀφύκτων
3781 993 3976 1043 κακῶν

2394 1097 2456 1149 τὸ
2490 1094 2818 1162 κουφότερον
2863 1094 2892 1144 ὀ
2931 1092 3280 1158 ταλαίπωρος
3327 1089 3526 1150 εἵλετο,
3564 1086 3661 1138 καὶ
3697 1083 3852 1134 λύσιν
3897 1079 3978 1147 τῷ

2395 1187 2570 1258 δρνιθι
2597 1183 2898 1254 παρασχὼν
2931 1183 3093 1245 εὐθὺς
3115 1183 3336 1251 ἐθρήνει
3377 1180 3471 1232 τὸν
3501 1178 3668 1248 παῖδα
3694 1174 3972 1242 κείμενον.

2396 1279 2502 1332 Τοῦ
2548 1278 2718 1347 μύθου
2760 1277 2940 1329 τοίνυν
2972 1274 3144 1336 οὕτως
3197 1273 3436 1342 ἔχοντος,
3481 1271 3648 1324 ἄκουε
3694 1271 3787 1320 καὶ
3815 1265 3881 1318 δι’
3916 1265 3976 1317 ὃν

2394 1373 2422 1424 ὀ
2455 1373 2622 1440 μῦθος
2652 1370 2869 1438 εἴρηται
2906 1369 3084 1432 λόγον.
3131 1367 3286 1419 Ἐπεὶ
3307 1373 3418 1417 τῶν
3465 1358 3877 1432 στρατιωτικῶν
3917 1358 3976 1408 ὲν

2397 1466 2564 1534 πείρᾳ
2603 1465 2908 1530 γεγένημαι
2937 1461 3103 1514 πάλαι
3139 1459 3505 1528 πραγμάτων,
3540 1455 3614 1516 ῶς
3655 1471 3717 1521 γε
3751 1453 3845 1504 καὶ
3871 1450 3975 1502 οιύ⁹

2393 1558 2482 1618 τὸς
2513 1554 2691 1617 οἶσθα,
2726 1550 2843 1608 οἶδα
2892 1553 2986 1606 καὶ
3025 1554 3158 1620 ὅσην
3199 1551 3298 1621 τὴν
3341 1549 3644 1620 ἡμερήσιον
3686 1545 3849 1606 αὐτὸς
3890 1543 3978 1596 ἀεὶ

2395 1650 2642 1718 δαπάνην
2677 1647 2943 1716 ποιῇὐτῶν
2979 1645 3280 1715 χρημάτων
3320 1642 3448 1711 περί
3478 1658 3532 1692 τε
3567 1641 3666 1707 τὴν
3699 1636 3978 1705 ἑπομένην

2397 1761 2480 1794 σοι
2513 1741 2776 1811 ναυτικὴν
2801 1741 3031 1809 δύναμιν
3060 1737 3189 1807 περί
3242 1753 3302 1789 τε
3353 1735 3449 1797 τὰς
3490 1732 3722 1795 πεζικὰς
3761 1729 3978 1798 φάλαγ-

2393 1852 2517 1902 γας,
2558 1835 2652 1886 καὶ
2683 1836 2775 1886 ὲπὶ
2805 1833 3016 1893 τούτοις
3044 1833 3145 1884 ὅσα
3174 1847 3235 1882 τε
3289 1827 3601 1888 ἀναλίσκεις
3643 1825 3740 1877 καὶ
3785 1824 3887 1875 ὅσα
3921 1824 3978 1883 ἐς

2394 1930 2480 1981 ἀεὶ
2519 1925 2845 1988 ἀναλώσεις,
2890 1925 3062 1993 συχνὰ
3109 1922 3241 1992 περὶ
3297 1920 3616 1990 συμμαχίας
3670 1915 3980 1984 πρεσϐεύοι-

2394 2037 2552 2090 μενος
2589 2019 2727 2088 πρὸς
2771 2018 2863 2069 τὸν
2897 2015 3143 2085 ἡγεμόνα
3193 2013 3302 2066 τῶν
3352 2009 3704 2081 Τριϐαλλῶν
3755 2008 3853 2060 καὶ
3901 2007 3978 2076 μὴ

2393 2111 2530 2179 πρός
2561 2127 2625 2177 γε
2663 2110 2822 2178 μόνον
2874 2109 3088 2160 ἐκεῖνον
3133 2106 3274 2176 ἔχων
3302 2104 3398 2157 τοῦ
3449 2104 3644 2173 χρέους
3692 2099 3755 2152 τὸ
3802 2099 3979 2169 βίαιον

2391 2204 2792 2273 δαψιλεστέραν
2841 2204 3084 2268 πέμπειν
3137 2199 3236 2268 τὴν
3277 2197 3482 2263 δεξιᾶν,
3532 2194 3667 2264 μηδὲ
3708 2193 3850 2261 πρός
3910 2208 3976 2256 γε

2390 2299 2562 2368 δήπου
2612 2298 2728 2365 μετ’
2781 2297 2986 2346 ἐκεῖνον
3026 2294 3123 2361 τὴν
3168 2290 3468 2360 ἡγεμονίδα
3515 2288 3748 2354 σύζυγον
3779 2326 3792 2346 ,
3858 2283 3978 2336 ἀλλ’

2391 2391 2483 2442 ἐπὶ
2511 2391 2721 2449 τούτοις
2758 2388 3028 2439 θωπεύειν
3066 2385 3249 2455 ζητεῖν
3299 2389 3391 2436 καὶ
3420 2384 3669 2453 χρήμασι
3747 2378 3979 2447 περιέρ-

2393 2485 2582 2555 χεσθαι
2608 2485 2718 2544 τοῖς
2743 2483 2958 2550 ἑκάστῳ
2982 2482 3319 2549 προσήκουσι
3337 2477 3444 2530 τῶν
3474 2479 3586 2538 τοῖς
3604 2473 3840 2544 ἡγεμόσι
3861 2476 3906 2538 (ι
3925 2473 3976 2541 ι)

2397 2575 2988 2643 παραδυναστευόντων
3040 2571 3393 2640 Τριϐαλλῶν·
3451 2569 3486 2623 ὃ.
3521 2568 3701 2621 πάντα
3755 2584 3814 2618 σε
3858 2564 3976 2636 (9.5)

2391 2672 2491 2740 τὴν
2521 2671 2783 2740 ταχίστην
2827 2668 3194 2735 ἀπειρηκέναι
3248 2665 3531 2734 βιάσονται
3567 2661 3662 2714 καὶ
3706 2661 3852 2728 μάλα
3889 2676 3978 2710 τοι

2393 2762 2869 2833 προθυμούμενον.
2907 2762 2987 2812 Τα
3026 2760 3070 2811 δ’
3112 2761 3219 2827 ὲμά
3272 2757 3634 2826 στρατόπεδα.
3667 2755 3702 2822 ἦ
3736 2771 3794 2805 τε
3842 2751 3979 2820 περὶ

2390 2857 2490 2924 ἐμὲ
2519 2856 2774 2923 διηνεκὴς
2806 2853 3035 2913 δύναμις
3087 2854 3179 2904 καὶ
3224 2850 3495 2904 Θετταλία
3546 2847 3747 2919 μικροῦ
3793 2849 3973 2900 πᾶσα.

2391 2946 2613 3000 ἀκούειν
2657 2947 2705 2997 δ’
2735 2941 2888 3014 οἶμαί
2926 2962 2985 2996 σε
3035 2944 3137 3014 τὴν
3185 2945 3523 3014 Θετταλικὴν
3574 2944 3743 2994 ἵππον
3783 2941 3975 3010 ἡλίκη,

2391 3039 2489 3091 καὶ
2518 3039 2652 3104 ὅσην
2683 3037 2797 3105 ἔχει
2822 3037 2924 3104 τὴν
2963 3037 3262 3105 ἐμπειρίαν
3290 3037 3317 3086 ό
3349 3034 3577 3104 στρατὸς
3606 3035 3810 3095 ἐκεῖνος
3835 3032 3978 3100 πρὸς

2386 3132 2458 3183 τὰ
2488 3129 2748 3197 πολέμια,
2784 3131 2880 3180 καὶ
2925 3130 3073 3189 ὅπως
3123 3126 3349 3196 μακρῶν
3384 3128 3477 3179 κα)⁸
3523 3125 3787 3177 ποικίλων
3816 3122 3982 3175 πολέ-

2399 3242 2512 3292 μων
2541 3224 2678 3274 είσὶν
2709 3220 2960 3286 ἀθληταί.
3002 3220 3189 3272 Ταῦτα
3224 3219 3272 3271 δ’
3314 3219 3454 3270 οῐκοι
3486 3216 3762 3285 καθῆσθαι
3806 3232 3980 3282 προσ-

2393 3317 2671 3384 ετετάχειν
2703 3313 2812 3380 ἐγὼ
2856 3315 3016 3382 μέχρι
3049 3313 3144 3365 καὶ
3179 3313 3236 3373 ἐς
3266 3312 3357 3363 τὸν
3383 3311 3484 3379 τῆς
3508 3309 3698 3379 χρείας
3731 3307 3812 3380 [Ρ.
3846 3305 3977 3378 414]

2397 3409 2604 3477 καιρὸν,
2662 3409 2748 3460 ἵνα
2795 3408 2940 3459 δυοῖν
2999 3407 3284 3476 οὐδέτερον
3329 3405 3438 3456 τῶν
3482 3405 3543 3456 ού
3586 3403 3978 3472 συμφερόντων

2395 3502 2570 3571 ὁρῷτο
2603 3503 2914 3570 γινόμενον·
2957 3502 3091 3569 μήτε
3119 3500 3229 3568 γὰρ
3258 3500 3311 3550 ἐν
3342 3496 3597 3565 ἀλλοτρίᾳ
3631 3497 3727 3563 τὴν
3761 3495 3979 3547 δίαιταν

2397 3593 2679 3661 ἄπρακτον
2709 3592 2998 3658 τρίϐοντας
3035 3592 3235 3642 ἐνεῖναι
3282 3588 3530 3656 δαπανᾷν
3560 3586 3784 3644 ἑαυτοὺς
3830 3587 3888 3635 ὲν
3915 3585 3980 3636 οὐ

2394 3684 2596 3753 καιρῷ.
2631 3685 2769 3753 μήτε
2812 3686 2938 3745 τοὺς
2965 3683 3267 3751 ἡμετέρους
3295 3681 3453 3752 δῃοῦν
3498 3681 3702 3749 ἀγροὺς
3746 3679 3839 3731 καὶ
3880 3680 3980 3740 τὰς

2395 3776 2672 3843 ἀμπέλους
2706 3777 2761 3827 ὲν
2792 3775 2943 3843 ἀκμῇ
2974 3772 3067 3825 τοῦ
3095 3772 3309 3842 καρποῦ
3335 3770 3740 3840 καθεστηκυίας
3782 3769 3971 3833 ἀρπά-

2399 3869 2589 3930 ζοντας
2643 3866 3016 3936 διαφθείρειν⁶
3067 3862 3157 3920 οἶα
3212 3867 3362 3935 φιλεῖ
3415 3868 3528 3928 τοῖς
3593 3862 3983 3933 στρατοπέδοις

2399 3959 2724 4026 συμϐαίνειν
2755 3959 2828 4020 ὼς
2869 3955 2939 4011 τὰ
2969 3960 3140 4010 πολλὰ
3189 3958 3278 4012 διὰ
3317 3959 3419 4027 τὴν
3453 3957 3758 4027 δημοτικὴν
3807 3957 3982 4024 ἀναρ-

2397 4033 2544 4099 χίαν.
2599 4029 2665 4083 Ἦ
2706 4030 2814 4098 γὰρ
2843 4030 2952 4082 τῶν
2989 4031 3251 4082 τοιούτων
3279 4028 3456 4098 φθορά
3489 4032 3604 4090 τοῖς
3648 4028 3745 4096 μὲν
3792 4027 3980 4095 ἔχουσι

717 4123 923 4190 ζημίαν
955 4124 1187 4193 παρίκει
1241 4125 1334 4175 καὶ
1389 4124 1615 4192 βλάπτει
1656 4123 1728 4175 τά
1806 4123 2072 4192 μέγιστα·
2128 4125 2239 4184 τοῖς
2275 4121 2319 4173 δ’
2360 4121 2669 4191 ἁρπάζουσι
2723 4123 2896 4192 μικρὰ
2957 4122 3276 4191 πολλάκιςῆ
3311 4122 3463 4174 οὐδὲν
3494 4120 3725 4191 ὤνησεν,
3767 4113 3985 4174 ἀλλ’ὡς

714 4217 843 4273 lno;
871 4216 1062 4273 εἰπεῖν,

786 4312 961 4366 Labra
987 4314 1163 4382 rigat:
1198 4313 1366 4366 medio
1397 4315 1487 4367 sed
1518 4331 1621 4366 non
1659 4316 1796 4385 rigat
1836 4332 1925 4367 ore
1961 4317 2221 4384 palatum.

720 4428 845 4484 Haec
879 4437 1024 4491 sunt,
1065 4445 1184 4498 quae
1235 4430 1369 4483 mihi
1426 4431 1678 4485 militaris
1722 4432 2023 4500 disciplina:
2074 4434 2295 4486 alumno

721 4523 1024 4592 praevidere
1079 4535 1163 4576 est
1213 4541 1225 4575 :
1274 4523 1371 4576 tibi
1429 4534 1610 4576 autem
1664 4526 1908 4578 minime.
1942 4524 2077 4582 Cum
2127 4526 2294 4596 igitur

722 4626 864 4669 totas
917 4618 1080 4669 vires-
1115 4616 1164 4669 in
1220 4632 1282 4669 ea
1343 4617 1648 4686 impendas,
1678 4634 1799 4686 qua:
1851 4635 1915 4672 ex
1972 4635 2029 4671 re
2071 4620 2294 4673 minime

2404 4318 2617 4370 Χείλεα
2634 4316 2749 4385 μέν
2779 4317 2830 4369 τ’
2853 4313 3069 4382 ἐδίην’,
3094 4311 3375 4381 ὑπερῴην
3399 4314 3451 4366 δ’
3477 4314 3590 4366 οὐκ
3619 4312 3825 4381 ἐδίηνε
3842 4312 3982 4383 (96).

2401 4433 2555 4484 ταῦτ’
2586 4428 2682 4485 οὖν
2708 4432 2830 4501 ἐμοὶ
2862 4431 2986 4499 μὲν,
3039 4432 3464 4500 στρατιωτικαῖς
3503 4431 3820 4498 ἐμπειρίαις
3860 4447 3989 4482 συν-

2400 4525 2789 4594 τεθραμμένῳ,
2815 4523 3122 4593 προειδέναι
3160 4521 3377 4575 ἐπεισιο
3430 4523 3514 4575 σοὶ
3543 4523 3589 4574 δ’
3620 4523 3708 4576 οῦ.
3761 4523 3859 4575 Διὸ
3903 4526 3990 4578 σοὶ

2407 4618 2504 4685 μὲν
2541 4620 2599 4670 ἐν
2629 4618 2742 4678 τοῖς
2781 4616 3085 4686 παρέργοις
3131 4613 3234 4683 τὴν
3271 4615 3400 4685 ὅλην
3435 4616 3592 4684 ἰσχὺν
3643 4617 3988 4684 περιγίνεται

722 4720 870 4767 sunt.
903 4710 1172 4778 reliquum
1216 4719 1323 4773 est,
1355 4721 1410 4763 ut
1461 4710 1515 4763 in
1570 4727 1813 4764 summas
1865 4714 2082 4765 tandem
2130 4730 2298 4780 angu-

2372 4708 2710 4783 ,δαπανῶντι
2766 4708 3025 4775 τελευτᾷν
3073 4707 3154 4768 είς
3200 4708 3540 4776 ἀμηχανίαν,
3594 4711 3688 4760 καὶ
3735 4711 3837 4777 τὴν
3877 4712 3989 4762 τῶν

723 4800 856 4853 stias
913 4799 1206 4862 adducare,
1239 4811 1294 4852 et
1345 4802 1699 4868 pecuniarum
1755 4802 1924 4872 664
1968 4803 2294 4856 infinitatem

724 4892 1019 4944 exhaurias
1064 4892 1118 4945 in
1171 4908 1257 4944 res
1300 4892 1438 4944 male
1490 4907 1765 4952 cessuras,
1801 4903 2022 4960 propter
2059 4904 2204 4947 tuam
2240 4896 2296 4948 in

728 5001 786 5035 re
827 4984 1044 5037 militari
1101 4985 1451 5050 imperitiam.
1499 4985 1627 5036 Mihi
1683 5001 1831 5049 vero,
1879 4987 1930 5037 in
1977 5003 2086 5052 quo
2131 4988 2300 5054 impc-

728 5076 884 5129 randi
942 5090 1073 5128 u~us
1117 5091 1237 5126 cum
1294 5084 1451 5128 aetate
1502 5077 1760 5140 adolevit,
1804 5079 2157 5145 pecuniarum
2206 5095 2297 5146 pe-

730 5169 885 5222 nuria
923 5169 974 5220 in
1012 5184 1192 5221 rerum
1246 5169 1384 5221 bene
1424 5170 1786 5238 gerendarum
1830 5171 2297 5237 opportunitatem

726 5277 948 5316 cessura
997 5270 1102 5321 est,
1138 5276 1199 5313 ac
1251 5261 1528 5328 prosperis
1568 5277 1654 5314 ine
1699 5264 2046 5314 suaessihus
2082 5263 2296 5315 tandem

726 5352 942 5404 ditubit.
975 5352 1105 5416 Quae
1153 5368 1277 5403 (‘Ulll
1337 5351 1409 5404 ita
1457 5353 1585 5414 sint,
1638 5365 2008 5422 consequetur
2055 5354 2301 5420 profectu

729 5442 884 5503 illud,
932 5442 1076 5509 quod
1135 5442 1188 5494 in
1240 5441 1419 5494 fabula
1478 5452 1584 5497 est.
1619 5443 1673 5496 Si
1724 5443 1868 5496 enini
1928 5443 1994 5496 ad
2048 5452 2300 5511 sumptus

728 5535 1004 5601 pitifusos,
1048 5543 1102 5584 at
1155 5533 1376 5586 minime
1421 5534 1604 5596 utiles,
1658 5534 1928 5602 simulque
1971 5534 2039 5587 ad
2095 5535 2302 5602 impen-

731 5627 918 5679 dentia
946 5643 1009 5679 ex
1042 5625 1197 5678 bellis
1238 5625 1480 5692 pericula
1514 5626 1842 5693 respexeris,
1876 5640 2051 5695 eoque
2087 5625 2299 5694 Byzan-

2406 4800 2707 4868 χρημάτων
2743 4799 3003 4866 ἀπειρίαν
3058 4799 3250 4849 κενοῦν
3296 4800 3375 4859 είς
3425 4798 3652 4868 πράξεις
3706 4819 3992 4871 κακοπρα-

2405 4889 2629 4956 γούσας,
2669 4890 2737 4941 δι’
2775 4891 3034 4957 ἀπειρίαν
3071 4889 3166 4941 τοῦ
3222 4893 3590 4960 στρατηγεῖν,
3634 4893 3757 4960 ἐμοὶ
3801 4893 3846 4944 δ’
3891 4896 3991 4961 ἑμ-

2403 4983 2652 5051 πειρίαις
2719 4982 3184 5051 συντεθραμμένῳ
3253 4985 3646 5051 στρατηγικαῖς
3712 4985 3812 5052 τὴν
3876 4986 3989 5037 τῶν

2408 5075 2705 5145 χρημάτων
2737 5075 2946 5127 ἔνδειαν
2972 5075 3223 5142 πράξεων
3253 5075 3518 5143 εὐπορίαν
3551 5077 3825 5127 ποιεῖσθαι
3851 5096 3989 5145 χρη-

2411 5169 2551 5218 στῶν
2598 5167 2691 5218 καὶ
2739 5165 2971 5218 πλοῦτον
3017 5167 3464 5234 κατορθωμάτων
3515 5168 3574 5218 τὸ
3613 5166 3763 5228 τέλος
3818 5169 3990 5220 ἐνδεί-

2410 5259 2661 5311 κνυσθαι.
2714 5259 2933 5308 Τούτων
2969 5257 3013 5309 δ’
3051 5257 3221 5318 οὕτως
3272 5259 3526 5324 ἐχόντων,
3562 5257 3748 5325 ἕψεται
3798 5258 3860 5324 δή
3906 5277 3989 5311 σοι

2409 5349 2593 5402 λοιπὸν
2633 5349 2692 5400 τὸ
2728 5348 2823 5400 τοῦ
2868 5349 3059 5416 μύθου.
3106 5349 3166 5399 Εἰ
3212 5349 3308 5416 μὲν
3347 5348 3455 5416 γὰρ
3500 5349 3708 5400 ἀπιδὼν
3755 5351 3895 5417 πρὸς
3927 5351 3988 5401 τὸ

2409 5443 2507 5510 τῆς
2548 5442 2792 5510 δαπάνης
2824 5442 3090 5509 πολύχουν
3142 5442 3265 5506 μὲν,
3305 5442 3566 5510 ἀνόνητον
3609 5441 3683 5502 δὲ,
3738 5442 3834 5493 καὶ
3866 5442 3986 5510 ἃμα

2410 5535 2546 5598 πρὸς
2576 5533 2703 5593 τοὺς
2735 5533 2990 5592 ἐπιόντας
3014 5528 3076 5581 ἔκ
3110 5531 3218 5582 τῶν
3260 5530 3513 5597 πολέμων
3546 5531 3847 5593 κινδύνους,
3880 5548 3989 5583 πα·-

2409 5625 2714 5692 λινδρομεῖν
2769 5627 2868 5694 τὴν
2916 5626 3176 5694 ταχίστην
3228 5625 3548 5692 ἐθελήσειας
3591 5626 3649 5686 ἐς
3685 5625 3987 5689 Βυζάντιον

2043 5721 2374 5781 Varini-tun
2420 5729 2604 5778 nuta».

787 5827 911 5888 49H
942 5825 1014 5875 Ila
1039 5824 1203 5876 etiam
1233 5825 1401 5875 nodi-1i
1444 5827 1730 5877 Vaticanus
1763 5845 1772 5875 :
1801 5840 1898 5878 nec
1923 5841 2146 5885 rmrnm,
2177 5843 2296 5880 cum

734 5914 799 5952 ex
845 5914 910 5950 eu
949 5895 1144 5963 Regius
1168 5897 1473 5966 descriptus
1504 5898 1593 5950 sit.
1639 5895 1843 5948 Bums.

2484 5825 2593 5883 (93)
2633 5826 2693 5872 Ἃ
2733 5827 2902 5877 πάντα
2933 5843 2989 5878 σε
3027 5828 3143 5878 md.
3184 5826 3404 5878 VafiCun
3458 5824 3663 5878 lluivm.

2481 5895 2587 5964 {96'
2622 5896 2839 5947 Νίκωνι.
2872 5896 3010 5948 Hicd
3078 5912 3201 5960 un,
3231 5897 3351 5952 495.
