4242 6446
250 401 359 470 339
612 397 661 465 [Α
735 415 780 450 c.
830 396 987 466 ius]

1279 398 1720 459 BYZANTINJE
1761 397 2138 461 HISTORIJE
2179 402 2319 462 LIB.
2365 403 2530 460 Xlll.

2617 399 2729 468 [me
2785 431 2824 454 δ.
2870 415 3101 454 ΡΔΙΑΙῘΟΙι.
3146 401 3201 471 2}

3389 404 3496 479 890

248 521 453 585 οἴκαδε,
497 521 771 589 συμψήφῳ
819 520 886 571 δι’
921 518 1234 585 ἀπόγνωσιν
1272 523 1336 588 τῇ
1371 519 1584 590 ἀνάγκη
1619 518 1816 587 χρησά-
1854 523 1894 577 Α

1854 521 2061 577 Atium
2122 521 2321 574 reverti
2372 535 2536 589 quam
2581 520 2866 574 celerrime
2914 520 3177 582 volueris,
3209 531 3491 573 auctorem

251 637 434 687 μενος,
478 616 685 684 μακρὸν
732 616 828 682 μὲν
875 613 1133 681 ὀφλήσεις
1181 612 1272 662 τὸν
1306 612 1553 677 γέλωταο
1595 612 1818 680 αἰσχρδν

249 712 358 779 γάρ
390 727 553 778 φασιν
602 707 916 778 Ὁμηρίδαι,

355 909 542 974 δηρόν
579 925 643 961 τε
669 907 878 975 μένειν
908 908 1123 961 κενεόν
1148 925 1212 960 τε
1239 907 1481 962 νέεσθαι
1514 907 1650 978 (97).

246 1021 345 1073 καὶ
374 1022 510 1087 πρός
551 1038 612 1087 γε
658 1018 912 1090 ζημιώσῃ
961 1020 1060 1082 τάς
1099 1021 1304 1083 πόλεις,
1346 1021 1413 1083 ἃς
1459 1019 1630 1073 ἐπιὼν
1660 1021 1821 1084 αὐτὸς

245 1112 480 1178 ἀπονητὶ
511 1111 764 1174 καθέξειν
790 1112 1016 1174 ἐλπίζω.
1049 1113 1111 1164 El
1134 1113 1192 1164 δὲ
1221 1113 1280 1164 τὸ
1321 1112 1395 1181 μὴ
1423 1114 1689 1175 τοιούτοις
1719 1131 1821 1166 πε-

243 1205 658 1270 ριπεπτωκέναι
691 1203 958 1265 κινδύνοις
1004 1203 1140 1272 όμοῦ
1169 1206 1266 1256 καὶ
1292 1205 1518 1258 ὀνείδεσι
1553 1206 1818 1272 φυλαττό-

245 1311 410 1361 μενος
439 1293 782 1363 παραμένειν
822 1294 903 1347 ιτι
935 1295 1318 1364 φιλονεικοίης,
1355 1298 1455 1351 οὐκ
1498 1299 1564 1351 ἂν
1595 1298 1820 1366 φθάνοις

250 1392 393 1462 μετὰ
417 1392 509 1446 τοῦ
561 1395 774 1461 γέλωτα
821 1393 1008 1459 δφλειν
1051 1397 1266 1466 μακρὸν
1309 1399 1402 1450 καὶ
1445 1398 1544 1468 τὴν
1579 1399 1820 1468 κεφαλὴν

244 1485 673 1552 ἀφαιρούμενος.
714 1487 807 1538 καὶ⁵
855 1485 1043 1555 βιαίως
1086 1486 1262 1551 οὕτως
1317 1489 1676 1560 ἀπορρηγνὺς
1723 1489 1821 1557 τὴν

248 1577 446 1645 ψυχὴν,
475 1577 694 1630 ἐπειδὰν
721 1579 1058 1632 κυκλωθεῖσα
1093 1581 1131 1646 ἠ
1179 1579 1354 1644 πόλις,
1394 1579 1454 1632 τὸ
1478 1580 1570 1632 σδν
1601 1579 1696 1633 νῦν
1728 1580 1821 1649 ὁρ-

247 1670 538 1737 μητήριον,
578 1670 640 1722 ἐκ
690 1687 750 1723 τε
791 1669 895 1740 γῆς
947 1672 1042 1723 καὶ
1099 1670 1370 1739 θαλάττης
1421 1671 1557 1740 μετὰ
1605 1672 1821 1725 πολλῶν

240 1763 489 1823 ἐπιόντος
519 1762 654 1832 ἐμοῦ
677 1764 785 1816 τῶν
812 1763 1117 1832 δυνάμεων,
1160 1765 1252 1816 ἐπὶ
1278 1764 1371 1816 τὸν
1403 1763 1572 1816 αἴτιον
1618 1764 1823 1834 τρέψη-

1923 629 2034 682 prre
2073 613 2456 681 desperatione
2501 621 2724 665 secutus
2773 613 3178 671 necessitatem,
3224 613 3497 665 maximus

1921 707 2028 761 erit
2057 706 2126 759 de
2172 716 2221 759 te
2254 706 2395 759 risus
2434 724 2445 758 :
2485 716 2642 773 turpe
2689 705 2834 758 enim
2885 720 3010 758 esse
3057 703 3368 758 llomcridze
3411 704 3486 756 di-

1923 802 2136 864 ctitant,

2222 916 2476 969 mansisse
2504 916 2592 968 diu
2629 928 2955 982 vacuumque
2983 913 3192 965 reverti.

1923 1035 2000 1088 Ac
2033 1041 2299 1101 praeterea
2335 1031 2498 1084 urbes
2521 1029 2824 1083 amissurus
2845 1044 2926 1090 es,
2949 1043 3088 1097 quas
3113 1041 3215 1096 ego
3240 1025 3496 1079 obeundo

1919 1122 2075 1177 nullo
2103 1131 2161 1174 ut
2193 1137 2354 1188 spero
2387 1120 2572 1172 labore
2605 1128 2866 1186 capturus
2905 1132 3047 1170 sum.
3086 1117 3142 1170 Si
3181 1131 3333 1178 vero,
3367 1115 3496 1167 dum

1921 1228 2084 1268 caves
2116 1229 2182 1265 ne
2215 1213 2267 1266 in
2303 1212 2390 1265 illa
2429 1210 2669 1279 pericula
2701 1209 2866 1262 simul
2895 1225 2960 1261 ac
3011 1207 3212 1276 probra
3259 1206 3495 1268 incidas,

1923 1307 2277 1377 pertinaciter
2309 1304 2490 1356 adhuc
2538 1301 2844 1366 manserisf;
2881 1316 2990 1353 non
3038 1299 3247 1368 poteris
3292 1297 3494 1362 facere,

1922 1400 2055 1469 quin
2079 1406 2280 1466 praeter
2318 1397 2486 1449 risum
2517 1395 2582 1449 de
2621 1404 2671 1448 te
2698 1394 2932 1446 multum
2972 1390 3149 1460 capite
3179 1389 3343 1444 etiam
3383 1389 3498 1457 ple-

1922 1493 2091 1546 ctaris
2116 1491 2466 1557 animamque
2506 1489 2580 1540 ita
2614 1487 2858 1541 violento
2901 1486 3016 1539 fato
3051 1483 3346 1546 eﬂ'undas;
3380 1494 3499 1536 tum

1921 1583 2176 1638 videlicet
2200 1597 2323 1636 cum
2362 1581 2689 1644 urbs,tuum
2722 1595 2869 1633 nunc
2894 1577 3227 1647 perfugium,
3252 1574 3499 1644 undique

1923 1678 2308 1734 circumsessa.
2346 1682 2573 1742 urgente
2611 1687 2697 1726 me
2730 1672 2939 1740 magnis
2972 1686 3094 1723 cum
3127 1668 3304 1738 c0piis
3351 1657 3498 1722 terra

1925 1783 1989 1822 ac
2033 1768 2193 1832 mari,
2236 1766 2288 1819 in
2346 1776 2419 1831 te,
2455 1765 2548 1834 qui
2584 1764 2852 1818 malorum
2902 1772 3095 1817 auctor
3125 1760 3318 1825 fueris,
3361 1760 3498 1813 iram

237 1853 331 1904 ταί
359 1870 417 1905 σε
447 1855 547 1922 τὴν
590 1855 781 1923 ὀργήν.
826 1854 1272 1924 Μεταπέμψομαι
1304 1856 1411 1926 γάρ
1448 1857 1508 1908 ού
1561 1856 1819 1909 Θετταλι-
1846 1854 1893 1913 Β

1846 1854 1893 1913 Β
1921 1875 2138 1914 omnem
2164 1866 2362 1912 vertet.
2403 1859 2689 1911 Arcessam
2727 1870 2924 1923 nempe
2963 1869 3075 1908 non
3115 1851 3497 1907 Thessalicum

245 1945 352 2009 χὴν
385 1945 546 2013 μόνον
577 1946 764 2008 ῖππον,
801 1947 895 2000 καὶ
916 1948 1016 2000 ὅσα
1048 1948 1260 2002 ἐκεῖθεν
1295 1950 1653 2018 στρατόπεδα,
1680 1950 1817 2002 ἀλλὰ

242 2036 341 2087 (τοῦ
368 2054 430 2104 γε
457 2037 642 2090 εἵνεκα
678 2040 772 2090 καὶ
805 2040 1082 2109 Περσικὰς
1109 2040 1167 2107 ἐξ
1217 2041 1402 2104 Ἀσίας
1430 2043 1708 2110 δυνάμεις.
1742 2041 1814 2096 Σὺ

240 2131 353 2196 γάρ
388 2129 489 2200 ἤδη
521 2129 664 2182 τοῦτ’
703 2131 1037 2202 ἐπεπράχεις
1082 2134 1320 2202 πρῶτος,
1367 2134 1488 2186 καθ’
1525 2135 1815 2204 ὁμοφύλων

233 2218 306 2271 δι’
347 2221 451 2287 ἐμὲ
507 2221 786 2291 Περσικὴν
823 2224 1022 2287 ἐλάσας
1071 2224 1322 2294 δύναμιν.
1377 2227 1450 2278 Τὸ
1496 2226 1541 2278 δ’
1591 2230 1657 2281 ἐκ
1706 2231 1816 2281 τῶν

236 2313 449 2377 ὁμοίων
495 2317 586 2368 τδν
639 2318 956 2387 άδικήσαντ*
992 2320 1318 2386 ἀμύνεσθαι,
1359 2326 1407 2376 εί
1443 2323 1544 2392 μὲν
1589 2323 1816 2392 ἀνενέγ-

233 2405 437 2474 κλητον
469 2399 611 2460 εῖναι
663 2410 873 2478 κρίνοις
921 2412 1104 2477 αὐτὸς,
1138 2414 1313 2476 άθῶος
1363 2415 1496 2482 ἐγὼ,
1543 2420 1641 2472 καὶ
1681 2418 1815 2485 πρὸς

231 2514 271 2550 α
287 2497 422 2551 ὶτῶν
450 2499 549 2569 τὴν
584 2502 890 2569 μαρτυρίαν
912 2501 1005 2556 τοῦ
1039 2506 1526 2575 συγκεχωρηκότος
1549 2506 1815 2576 λαμϐάνω

233 2591 350 2642 τῶν
425 2592 845 2661 βασκαινόντων.
907 2595 967 2648 Εί
1021 2598 1067 2648 δ’
1124 2598 1202 2658 είς
1255 2598 1599 2667 ἐγκλήματος
1657 2600 1816 2667 λόγον

237 2687 275 2740 ἀ
313 2686 466 2754 ἀγεις
491 2689 695 2755 τούμὸν
729 2691 983 2757 πρᾶγμα,
1017 2689 1136 2760 ῶρα
1179 2709 1261 2744 σοι
1292 2693 1624 2760 λογίζεσθαι,
1657 2697 1816 2764 πηλί-

237 2794 358 2829 κιυν
395 2778 490 2829 καὶ
519 2777 660 2830 ὅσων
691 2779 802 2830 τῶν
837 2780 1196 2849 ἐγκλημάτων
1242 2783 1545 2835 ὑπεύθυνον
1585 2785 1650 2836 σὺ
1685 2802 1816 2837 σαυ-

233 2874 331 2923 τδιν
361 2873 695 2940 ἐπεπράχεις
726 2872 1034 2942 ἐθελοντὴς,
1073 2876 1212 2929 κατά
1250 2893 1309 2927 τε
1352 2874 1436 2947 [Ρ.
1470 2874 1597 2948 415]
1648 2877 1814 2947 μηδὲν

233 2964 555 3027 ἀδικοῦντος
582 2965 720 3018 ὅπλα
752 2964 988 3018 τοσαῦτα
1025 2967 1194 3020 κινῶν
1224 2968 1438 3020 ἀσεϐῶν
1473 2970 1678 3038 ἀναμὶξ
1721 2971 1815 3022 καὶ

230 3059 544 3130 ὁμοφύλων,
583 3061 675 3114 καὶ
702 3060 922 3114 πάντων
947 3061 1188 3129 ἀφειδῶν
1221 3061 1542 3131 χρημάτων,
1577 3063 1672 3116 καὶ
1712 3064 1818 3116 πᾶ-

234 3170 340 3204 σχν
388 3151 675 3221 Ῥωμαίων
703 3153 805 3222 γῆν
828 3152 1179 3223 διαφθείρων,
1210 3154 1305 3206 καὶ
1342 3153 1478 3216 νεὼς
1508 3155 1812 3225 καθαιρῶν,

233 3247 332 3296 καὶ
393 3243 717 3312 μιασμάτων
764 3245 1048 3314 ἐμπιπλὰς
1107 3245 1269 3314 ἱερὰ,
1311 3245 1404 3298 καὶ
1457 3247 1812 3315 πολυτρόπως

228 3339 348 3399 τυῖς
387 3336 553 3398 θείοις
577 3337 949 3405 ἐμπαροινῶν,
982 3338 1075 3390 καὶ
1102 3338 1286 3406 πάσης
1310 3339 1502 3392 πολιὰν
1532 3341 1812 3407 εὐγενείας

229 3432 300 3480 ἐκ
350 3430 515 3496 μέσου
559 3428 748 3490 ποιῶν,
802 3430 896 3481 καὶ
937 3429 1114 3483 πάντα
1152 3432 1361 3501 φύρδην
1400 3433 1512 3484 ἄνω
1542 3433 1634 3484 καὶ
1664 3432 1814 3485 κάτω

229 3522 424 3577 κυκῶν
454 3522 550 3574 καὶ
578 3521 923 3591 διαστρέφων
945 3539 956 3552 ·
996 3524 1078 3575 ἵνα
1110 3523 1164 3575 τί
1203 3525 1461 3593 γένηται;
1500 3525 1586 3578 ἵνα
1618 3527 1679 3578 σὺ
1716 3526 1812 3591 μό-

225 3630 432 3683 ναρχιις
461 3615 760 3682 καταστῇς,
793 3613 1039 3683 μείζοσιν
1067 3615 1100 3686 ἢ
1143 3616 1284 3668 κατὰ
1311 3617 1369 3668 σέ
1401 3619 1493 3669 καὶ
1515 3617 1613 3686 τὴν
1643 3618 1813 3687 τύχην

226 3706 333 3772 τὴν
361 3705 460 3775 σὴν
487 3705 794 3758 ἐπιϐάλλων
815 3705 1131 3774 πράγμασι.
1163 3707 1277 3774 Τῆς
1305 3709 1563 3772 ἀπονοίας
1585 3726 1600 3740 ο
1624 3709 1812 3779 ὥσπερ

225 3799 300 3852 ἂν
329 3799 377 3850 εί
414 3797 603 3866 μηδεὶς
630 3796 739 3863 τῶν
763 3799 1067 3866 γινομένων
1089 3799 1331 3868 ἐπόπτης
1362 3801 1568 3863 δίκαιος
1599 3797 1687 3871 ἦν,
1717 3803 1812 3855 καὶ

223 3889 415 3941 πάντα
451 3887 668 3940 διοικῶν
707 3890 847 3957 πρὸς
886 3888 948 3940 τὸ
996 3889 1228 3958 βέλτιον,
1274 3889 1389 3943 αλλ’
1439 3892 1812 3964 ἀκυϐέρνητον

224 3976 349 4049 εἷχε
386 3981 450 4033 τὸ
488 3983 597 4034 πᾶν
631 3985 727 4032 aut
776 3981 1076 4051 πλημμελῆ
1108 3982 1203 4052 τὴν
1261 3983 1458 4052 φοράν.
1519 3987 1629 4040 Καὶ
1656 3987 1810 4040 ταῦτ’

225 4075 354 4129 οὐδὲ
384 4075 524 4145 πρὸς
550 4073 652 4137 τὰς
695 4073 836 4142 ἐμάς
881 4075 1060 4141 φυγάς
1099 4078 1193 4129 καὶ
1231 4078 1397 4145 τύχας
1436 4079 1642 4132 ἀπιδὼν
1686 4099 1812 4135 συν-

225 4169 399 4229 έσεως
439 4165 617 4219 ὁτιοῦν
653 4167 734 4228 είς
761 4166 1075 4238 δυσώπησιν
1121 4168 1389 4238 ἐδυνήθης
1429 4169 1636 4236 λαϐεῖν,
1663 4173 1813 4236 ὅπως

222 4261 354 4321 τὼς
382 4257 484 4328 μέν
524 4257 734 4326 φίλους,
772 4259 870 4311 καὶ
904 4258 1106 4322 πολλὰς
1147 4259 1464 4328 ὀφείλοντας
1496 4263 1687 4332 ἔμοιγε
1717 4265 1816 4334 χά-

228 4367 413 4421 ριτας,
449 4349 525 4413 ὡς
557 4350 852 4419 πολεμίους
882 4351 1150 4415 ἐξώπλισε
1184 4354 1306 4405 κατ’
1351 4353 1486 4422 ἐμοῦ
1520 4355 1580 4407 τὸ
1605 4358 1814 4424 μανιῶ-

222 4445 318 4506 δες
357 4443 456 4511 τῆς
494 4442 763 4511 γνώμης·
817 4443 942 4505 τοὺς
993 4443 1037 4495 δ’
1075 4443 1308 4513 ἐχθροὺς
1357 4446 1453 4497 καὶ
1502 4445 1808 4516 δυσμενεῖς,

228 4535 327 4601 ὑφ’
356 4529 434 4587 ῶν
467 4551 558 4601 μοι
584 4533 828 4604 προσῆκε
870 4533 1104 4602 πάσχειν
1143 4534 1358 4602 μᾶλλον.
1382 4536 1591 4602 κακῶς,
1622 4539 1812 4605 φίλους

224 4629 284 4680 αἱ
313 4627 416 4694 τῆς
454 4625 612 4694 δίκης
663 4624 996 4692 πλάστιγγες
1045 4624 1255 4691 ἔδειξαν
1285 4626 1570 4696 άκριὸἐῖς·
1614 4629 1707 4679 καὶ
1752 4628 1812 4680 ὃν

224 4721 256 4771 ὁ
292 4717 562 4786 ὑμέτερος
589 4715 799 4768 κλύδων
837 4717 917 4776 εἰς
947 4715 1233 4784 πυθμένας
1263 4718 1570 4785 κατήνεγκε
1604 4735 1815 4785 compo-

228 4811 364 4882 ρῶν,
396 4809 695 4879 ὑπέρτερον
734 4807 1056 4877 παραδόξως
1112 4808 1270 4878 ὑμῶν
1320 4811 1626 4879 ἐπεπράχει
1656 4811 1811 4874 Θεός.

226 4903 342 4958 Καὶ
374 4901 492 4964 νῦν,
538 4901 613 4962 ὡς
660 4901 812 4969 ὁρᾷς,
868 4901 991 4968 ἐμοὶ
1045 4901 1144 4968 μὲν
1200 4902 1453 4971 ἐξονρίας
1492 4901 1706 4956 ἅπαντά
1748 4920 1813 4972 γε

219 4999 420 5067 χωρεῖ,
454 4997 550 5049 καὶ
588 4996 832 5064 χωρήσει
873 4993 968 5058 ξύν
1006 5009 1072 5059 γε
1102 4992 1245 5060 Θεῷ.
1293 4994 1367 5045 Σὺ
1409 4993 1457 5046 δ’
1487 4993 1642 5056 ὅλους
1686 4995 1818 5062 ἀνη-

222 5087 428 5146 λωκὼς
466 5085 770 5154 χρημάτων
803 5084 1033 5154 σωροὺς,
1059 5083 1169 5136 τῶν
1197 5085 1246 5135 τ’
1284 5085 1434 5154 ἐμῶν
1464 5084 1666 5153 δηλαδὴ
1697 5085 1818 5152 μεθ’

220 5183 328 5233 ὅσα
359 5182 470 5236 τοῖς
503 5176 812 5246 βασιλικοῖς
839 5175 967 5244 ἐνῆν
1006 5173 1488 5243 πρυτανείοιςκαὶ
1518 5177 1618 5228 ὅσα
1651 5177 1817 5227 πᾶσιν

224 5272 479 5337 εὖγενέσι
510 5268 885 5336 ταμιευόμενα
931 5267 1223 5334 πέπρακας
1267 5265 1538 5336 ἅρπαγμα
1595 5267 1819 5337 λῃστρι-

221 5368 348 5430 κὸν,
394 5363 550 5415 οὐδὲν
576 5362 739 5415 πλέον
767 5360 1075 5429 κατορθοῖς,
1113 5361 1146 5428 ἢ
1185 5360 1277 5412 τὸν
1304 5359 1622 5429 Πηνελόπης
1649 5359 1816 5426 ὑφαί-

225 5478 346 5516 νεις
383 5457 566 5510 ίστόνο
621 5456 681 5508 ὃν
722 5457 1058 5524 πανημέριον
1113 5453 1475 5520 ὑφαινόμενον
1517 5453 1577 5504 τὸ
1627 5455 1816 5514 σκότος

222 5552 425 5607 ἀνέλυε
461 5550 560 5617 τῆς
609 5551 841 5602 κατόπιν
877 5547 1088 5608 νυκτός.
1135 5545 1304 5614 Δῆλον
1335 5539 1428 5596 οὖν
1460 5542 1526 5596 ἂν
1562 5542 1812 5595 ἐντεῦθεν

225 5645 318 5715 εἴη
356 5645 446 5697 καὶ
472 5646 583 5707 τοῖς
625 5641 801 5711 μικρά
838 5638 1148 5709 φρονοῦσιν,
1180 5637 1256 5701 ὡς
1297 5639 1425 5708 ὑμῖν
1464 5637 1563 5706 μὲν
1589 5636 1811 5690 ἀδικοῦ-

1920 1953 2082 2007 modo
2110 1952 2440 2021 equitatum,
2468 1958 2523 2004 et
2554 1949 2821 2018 quidquid
2856 1948 3010 2002 illinc
3054 1946 3335 2014 copiarum
3367 1953 3453 1998 est
3480 1961 3496 2008 ;

1919 2046 2014 2100 sed
2050 2046 2127 2099 tui
2165 2043 2386 2112 quidem
2428 2057 2591 2097 causa
2632 2051 2686 2095 et
2737 2041 2989 2095 Persicas
3038 2053 3106 2092 ex
3154 2036 3279 2090 Asia
3328 2035 3496 2088 vires.

1916 2137 2035 2192 Jam
2070 2137 2218 2190 enim
2269 2145 2325 2188 tu
2365 2133 2686 2189 commisisti
2723 2132 2774 2187 id
2807 2133 3036 2201 primus,
3072 2130 3166 2199 qui
3220 2128 3498 2185 Persicam

1918 2243 2143 2284 manum
2202 2226 2308 2282 mei
2366 2241 2531 2282 causa
2591 2226 2645 2279 in
2701 2225 2848 2278 cives
2894 2222 3197 2278 immisisti.
3237 2221 3499 2292 lnjuriam

1917 2333 2102 2378 autem
2134 2320 2299 2376 simili
2336 2319 2480 2374 facto
2510 2318 2727 2385 ulcisci,
2762 2318 2922 2386 culpa
2953 2317 3117 2387 665
3151 2330 3347 2369 vacare
3380 2314 3498 2383 ipse

1919 2417 1962 2470 si
1989 2415 2225 2486 judicas,
2256 2414 2522 2469 innocens
2570 2421 2719 2466 certe
2768 2426 2891 2482 ego,
2924 2419 2980 2465 et
3024 2424 3298 2464 concessae
3325 2407 3498 2463 veniae

1921 2507 2292 2563 testimonium
2323 2505 2535 2576 accipio
2567 2507 2634 2560 ab
2661 2506 2796 2576 ipsis
2827 2503 3310 2560 obtrectatoribus.
3337 2500 3494 2566 Quod

1916 2602 1962 2654 si
1995 2599 2197 2654 factum
2228 2599 2361 2654 illud
2397 2615 2578 2654 meum
2629 2600 2682 2652 iu
2714 2599 2924 2653 crimen
2953 2597 3220 2655 adducas.
3251 2597 3364 2666 jam
3397 2594 3497 2648 tibi

1918 2693 2272 2759 cogitandum
2330 2704 2435 2758 est,
2487 2700 2623 2762 quot
2681 2703 2737 2746 et
2797 2692 3021 2760 quantis
3062 2689 3394 2745 criminibus
3446 2699 3500 2742 te

1918 2785 2218 2840 obnoxium
2261 2785 2404 2838 ultro
2438 2784 2656 2848 feceris,
2693 2799 2818 2838 cum
2867 2792 2949 2837 tot
2991 2783 3045 2836 in
3104 2797 3190 2836 me
3229 2782 3498 2835 innocen-

1920 2882 2028 2926 tem
2083 2871 2388 2925 intidelium
2442 2871 2755 2940 promiscue
2805 2887 2870 2926 ac
2919 2871 3121 2926 civium
3177 2886 3331 2924 arma
3376 2885 3499 2924 mo-

1918 2964 2066 3030 visti,
2117 2979 2243 3019 cum
2306 2964 2442 3018 nulli
2499 2966 2744 3035 sumptui
2808 2965 3129 3036 pepercisti,
3161 2980 3285 3019 cum
3327 2973 3498 3018 totam

1918 3059 2293 3114 Romanorum
2331 3057 2602 3112 ditionem
2649 3059 2958 3125 vastavisti,
2989 3059 3191 3128 ternpla
3224 3057 3501 3122 evertistl,

1919 3165 2074 3204 sacra
2112 3147 2261 3205 omni
2294 3149 2503 3203 scelere
2556 3149 2796 3213 violasti,
2833 3167 2957 3206 cum
2990 3150 3048 3206 in
3080 3151 3266 3205 divina
3310 3150 3502 3204 multi-

1919 3240 2114 3295 {ariam
2137 3251 2192 3311 et
2231 3241 2675 3311 petulantissime
2716 3242 3016 3298 bacchatus
3051 3258 3131 3308 es,
3162 3258 3288 3296 cum
3319 3243 3501 3298 omnis

1921 3331 2227 3386 nobilitatis
2257 3333 2629 3388 venerandam
2661 3335 2918 3389 canitiem
2961 3335 3032 3389 de
3081 3335 3265 3390 medio
3305 3344 3496 3390 sustuo

1919 3426 2054 3490 listi,
2079 3441 2201 3479 cum
2236 3426 2417 3480 omnia
2452 3427 2605 3481 nullo
2636 3427 2956 3482 discrimine
2980 3443 3199 3481 sursum
3236 3427 3495 3480 deorsum

1922 3516 2186 3570 miscuisti
2223 3528 2389 3586 atque
2422 3518 2726 3584 invertisti;
2773 3536 2883 3588 quo
2915 3519 3190 3574 consilio?
3235 3519 3499 3573 nimirum

1921 3623 1982 3666 ut
2016 3619 2072 3664 tu
2101 3609 2250 3663 solus
2277 3625 2467 3662 rerum
2499 3612 2765 3678 potircre,
2799 3613 3003 3681 majora
3052 3621 3104 3666 te
3134 3627 3197 3665 ac
3227 3623 3318 3665 tua
3358 3626 3495 3664 con—

1920 3703 2128 3757 ditione
2183 3701 2463 3757 aﬂ‘ectans.
2501 3704 2645 3758 Proh
2699 3704 3068 3759 dementiam!
3104 3705 3260 3773 quasi
3318 3705 3502 3759 nullus

1920 3796 2062 3851 foret
2086 3796 2295 3851 arbiter
2316 3797 2523 3867 justus,
2552 3813 2581 3851 a
2617 3814 2727 3868 quo
2757 3798 3102 3866 aspiceretur
3126 3798 3497 3867 quodcunque

1921 3889 2002 3954 ﬁt,
2035 3907 2064 3943 a
2104 3905 2213 3958 quo
2267 3890 2455 3944 omnia
2502 3905 2667 3960 quam
2702 3891 2905 3959 Optime
2936 3890 3500 3955 administrarentur;

1918 3989 2014 4043 sed
2068 3988 2325 4042 universa
2363 3986 2516 4053 nullo
2568 3995 2805 4053 rectore,
2837 3988 2987 4040 nulla
3041 3987 3158 4056 lege
3223 3986 3388 4040 irent.
3422 3985 3500 4039 Ac

1921 4081 2229 4151 nequidem
2260 4079 2326 4134 ad
2358 4096 2476 4134 mea
2507 4080 2700 4135 exsilia
2724 4095 2981 4148 measque
3004 4080 3344 4133 calamitates
3371 4095 3497 4133 cum

1921 4174 2255 4244 respiceres,
2298 4173 2508 4227 erudiri
2561 4173 2630 4227 ad
2687 4173 3074 4226 verecundiam
3123 4172 3373 4241 potuisti,
3407 4188 3492 4224 co-

1919 4267 2142 4338 gitando
2204 4266 2484 4338 quomodo
2547 4282 2644 4321 eos
2697 4266 2943 4335 quidem,
2994 4267 3086 4336 qui
3147 4265 3282 4319 milii
3340 4265 3502 4320 amici

1918 4371 2075 4414 erant
2115 4373 2177 4413 ac
2210 4359 2509 4429 plurimum
2542 4359 2676 4413 mihi
2713 4357 3198 4424 debebant,animi
3232 4358 3317 4412 sui
3350 4356 3503 4411 furor

1921 4453 1976 4506 in
2006 4468 2090 4507 me
2119 4463 2377 4521 tanquam
2412 4452 2599 4505 hostes
2629 4452 2924 4504 armaverit
2953 4468 2964 4502 :
3001 4450 3258 4504 inimicos
3287 4461 3498 4513 autem,

1920 4550 1975 4594 et
2013 4557 2128 4604 eos,
2179 4558 2209 4595 a
2268 4542 2473 4610 quibus
2532 4541 2655 4594 lazdi
2721 4556 2806 4594 me
2839 4541 3054 4610 aequius
3103 4551 3241 4601 erat,
3296 4541 3504 4596 amicos

1917 4634 2051 4689 mihi
2076 4634 2276 4689 divina
2296 4634 2524 4704 justitize
2568 4633 2754 4688 lances
2795 4649 2958 4687 veros
2988 4649 3051 4686 ac
3087 4644 3268 4687 certos
3303 4633 3504 4701 proba-

1917 4728 2134 4788 verint;
2169 4734 2225 4779 et
2268 4740 2432 4793 quem
2485 4736 2668 4778 vester
2719 4723 2812 4777 ille
2867 4733 3035 4778 aestus
3086 4724 3140 4776 in
3195 4721 3502 4790 profundos

1915 4817 2296 4872 calamitatum
2341 4818 2541 4869 lluctus
2587 4827 2879 4870 merserat.
2929 4829 3055 4867 eum
3095 4814 3245 4868 Deus
3299 4824 3503 4882 printer

1917 4923 2139 4962 omnem
2195 4907 2514 4977 opinionem
2575 4905 2735 4959 vobis
2800 4907 3053 4959 altiorem
3111 4905 3380 4958 effecerit.
3433 4905 3504 4959 Et

1915 5017 2086 5065 nunc,
2126 5010 2186 5054 ut
2219 4999 2391 5062 vides,
2425 4998 2559 5052 mihi
2597 4999 2819 5067 quidem
2856 4999 3040 5052 omnia
3077 4997 3203 5050 ﬂatu
3236 5015 3500 5065 prospero

1918 5104 2073 5158 eunt,
2106 5102 2161 5147 et
2208 5108 2375 5162 porro
2415 5091 2574 5145 ibunt
2608 5092 2720 5145 Deo
2761 5092 3012 5161 juvante.
3044 5091 3123 5144 Tu
3170 5091 3334 5161 666
3367 5108 3499 5146 vero

1919 5185 2263 5254 consumptis
2310 5183 2677 5254 pecuniarum
2724 5184 2961 5248 acervis,
2996 5199 3244 5237 mearum
3276 5199 3500 5251 nempe,

1918 5283 2120 5342 praeter
2156 5272 2208 5326 id
2243 5288 2407 5326 omne
2449 5272 2596 5341 quod
2632 5272 2946 5340 principum
2980 5273 3193 5326 aerariis
3235 5274 3415 5327 inerat
3444 5283 3501 5328 et

1917 5362 2185 5432 quidquid
2218 5362 2362 5430 apud
2396 5362 2609 5415 nobiles
2631 5378 2824 5417 omnes
2857 5363 3158 5431 repositum
3188 5363 3500 5418 latronibus

1918 5457 2240 5525 rapiendum
2272 5456 2496 5521 dedisti,
2525 5457 2661 5509 nihil
2687 5455 2836 5509 aliud
2868 5455 2973 5509 nisi
3005 5456 3306 5525 Penelopes
3332 5457 3494 5510 telam

1925 5545 2169 5610 texuisti,
2205 5561 2367 5616 quam
2420 5555 2529 5599 tota
2571 5545 2660 5600 die
2701 5546 3035 5599 elaboratam
3082 5547 3362 5614 sequentis
3396 5561 3494 5600 no-

1923 5637 2027 5691 ctis
2083 5638 2278 5692 umbra
2330 5638 2632 5692 relexebat.
2687 5637 2844 5693 Patet
2891 5636 3081 5705 itaque
3141 5636 3268 5692 inde
3318 5633 3501 5694 cuivis

1551 5750 1885 5816 Variorum
1915 5763 2082 5814 notae

303 5881 841 5952 (97)llomcr.11§ad
899 5902 955 5939 ιι.
1016 5883 1218 5939 130nm.
