4242 6446
263 405 372 474 339
624 401 673 468 [Α
747 419 792 455 (;.
843 400 999 471 ius]

1291 401 1732 463 BYZANTINJE
1772 401 2150 465 HISTORIAE
2192 406 2331 466 LIB.
2377 406 2542 464 Xlll.

2629 403 2741 472 [111⁵
2797 435 2836 457 δ.
2882 419 3113 458 πιλιιῑοι..
3158 405 3213 475 2}

3401 407 3508 483 890

260 525 466 590 οἴκαδε,
509 525 783 594 συμψήφῳ
832 524 898 574 δι’
933 523 1246 589 ἀπόγνωσιν
1284 526 1349 591 τῇ
1383 523 1596 594 ἀνάγκη
1631 522 1828 591 χρησα-
1866 527 1906 581 Α

1866 527 1906 581 Α
1942 525 2074 578 tium
2135 525 2333 577 reverti
2384 539 2548 593 quam
2593 524 2879 577 celerrime
2926 524 3189 585 volueris.
3221 535 3503 577 auctorem

263 641 446 690 μενος,
490 620 697 688 μακρὸν
744 620 840 686 μὲν
887 617 1146 685 ὀφλήσεις
1193 616 1284 666 τὸν
1319 616 1565 681 γέλωταο
1607 616 1830 684 αἱσχρδν

261 717 369 784 γάρ
402 731 565 782 φασιν
614 711 928 782 Ὁμηρίδαι,

367 913 554 978 δηρόν
591 930 656 966 τε
681 911 890 980 μένειν
921 913 1135 964 κενεόν
1161 929 1224 964 τε
1251 911 1493 965 νέεσθαι
1525 911 1662 982 (97).

257 1027 356 1076 καὶ
386 1027 522 1092 πρός
563 1042 624 1091 γε
669 1023 924 1094 ζημιώσῃ
973 1024 1072 1086 τὰς
1111 1024 1316 1087 πόλεις,
1358 1024 1426 1087 ἃς
1472 1023 1642 1077 ἐπιὼν
1673 1025 1833 1088 αὐτὸς

257 1116 491 1182 ἀπονητὶ
523 1116 775 1177 καθέξειν
801 1116 1028 1178 ἐλπίζω.
1062 1117 1123 1168 Εἰ
1147 1117 1204 1168 δὲ
1233 1117 1292 1168 τὸ
1333 1116 1408 1185 μὴ
1435 1118 1701 1179 τοιούτοις
1731 1135 1832 1170 πε-

256 1209 670 1274 ριπεπτωκέναι
704 1208 970 1269 κινδύνοις
1016 1207 1152 1276 όμοῦ
1182 1211 1278 1261 καὶ
1305 1209 1530 1262 ὀνείδεσι
1565 1210 1830 1276 φυλαττό-

257 1315 423 1365 μενος
451 1297 794 1367 παραμένειν
835 1299 914 1351 ἐτι
948 1299 1330 1368 φιλονεικοιης,
1367 1302 1468 1355 οὐκ
1510 1303 1575 1356 ἂν
1607 1302 1831 1370 φθάνοις

263 1396 405 1465 μετά
428 1396 522 1450 τοῦ
572 1398 785 1466 γέλωτα
833 1397 1020 1463 ϐφλειν
1063 1400 1278 1469 μακρὸν
1322 1402 1414 1453 καὶ
1457 1401 1556 1471 τὴν
1591 1402 1831 1472 κεφαλὴν

257 1489 684 1557 ἀφαιρούμενος.
726 1491 818 1542 καὶ
867 1489 1055 1558 βιαίως
1098 1489 1274 1554 οὕτως
1329 1492 1688 1562 ἀπορρηγνὺς
1734 1493 1833 1561 τὴν

260 1581 458 1649 ψυχὴν,
487 1582 706 1634 ἐπειδὰν
733 1582 1070 1635 κυκλωθεῖσα
1105 1585 1142 1649 ὴ
1190 1581 1366 1648 πόλις,
1406 1583 1466 1635 τὸ
1490 1583 1582 1635 σὺν
1614 1583 1709 1636 νῦν
1740 1583 1833 1653 όρ.

259 1674 549 1742 μητήριον.
591 1674 652 1725 εκ
701 1691 762 1726 τε
802 1672 906 1744 γῆς
959 1675 1054 1727 καὶ
1110 1674 1382 1743 Θαλάττης
1433 1675 1569 1744 μετὰ
1617 1675 1834 1729 πολλῶν

253 1767 500 1826 ἐπιόντος
531 1766 665 1836 ἐμοῦ
688 1768 797 1819 τῶν
824 1767 1129 1836 δυνάμεων,
1172 1769 1264 1820 ἐπὶ
1290 1767 1383 1820 τὸν
1415 1767 1584 1820 αἴτιον
1630 1769 1835 1838 τρέψη-

1935 633 2046 686 ρτίιι
2085 617 2469 684 desperatione
2514 626 2736 668 secutus
2784 617 3190 675 ncccssitatem.
3236 617 3510 669 maximus

1933 711 2040 765 erit
2069 710 2138 762 de
2184 719 2234 762 te
2266 709 2407 763 risus
2447 728 2458 762 :
2497 720 2654 777 turpe
2701 709 2846 762 enim
2898 724 3022 762 esse
3068 707 3379 761 llomeridze
3423 707 3498 760 di-

1934 806 2148 868 ctitant,

2235 919 2488 972 mansisse
2516 920 2604 971 diu
2642 932 2967 986 vacuumque
2995 917 3204 969 reverti.

1935 1037 2012 1092 Ac
2044 1044 2311 1105 praeterea
2347 1034 2510 1087 nrbes
2533 1034 2836 1087 amissurus
2858 1048 2938 1094 es.
2961 1047 3100 1101 quas
3125 1045 3227 1100 ego
3252 1029 3509 1083 obeundo

1932 1126 2086 1180 nullo
2115 1135 2173 1177 ut
2206 1140 2366 1192 spero
2401 1123 2584 1176 labore
2617 1133 2878 1190 capturus
2918 1136 3059 1174 sum.
3098 1121 3154 1174 Si
3194 1135 3344 1181 vero.
3380 1119 3509 1172 dum

1933 1232 2096 1272 caves
2128 1233 2194 1269 ne
2227 1216 2280 1270 in
2315 1216 2403 1268 illa
2441 1214 2681 1283 pericula
2713 1213 2878 1266 simul
2908 1229 2972 1265 ac
3023 1211 3223 1280 probra
3271 1210 3506 1272 incidas,

1935 1311 2289 1380 pertinaciter
2322 1308 2503 1360 adhuc
2551 1305 2856 1369 manserisf;
2893 1319 3002 1357 non
3051 1303 3258 1372 poteris
3304 1301 3507 1366 facere,

1934 1403 2067 1473 quin
2091 1410 2292 1470 prater
2331 1400 2499 1452 risum
2529 1399 2595 1453 de
2631 1408 2683 1452 te
2710 1399 2944 1450 multum
2984 1395 3161 1464 capite
3191 1394 3355 1448 etiam
3395 1393 3510 1461 ple-

1934 1496 2104 1550 ctaris
2128 1495 2479 1561 animamque
2519 1493 2591 1544 ita
2627 1491 2871 1545 violento
2914 1490 3028 1543 fato
3063 1487 3358 1550 eﬂ'undas;
3393 1497 3512 1539 tum

1934 1587 2188 1642 videlicet
2212 1601 2336 1640 cum
2374 1585 2701 1648 urbs.tuum
2734 1599 2882 1637 nunc
2906 1581 3239 1651 perfugium,
3264 1579 3512 1648 undique

1936 1681 2320 1738 circumsessa.
2358 1687 2585 1746 urgente
2624 1691 2708 1730 me
2742 1675 2952 1744 magnis
2984 1690 3106 1727 cum
3139 1672 3316 1742 c0piis
3363 1660 3509 1726 terra

1937 1788 2001 1826 ac
2046 1772 2205 1836 mari,
2248 1770 2301 1823 in
2359 1779 2432 1834 te,
2468 1769 2560 1838 qui
2596 1768 2864 1822 malorum
2915 1777 3106 1821 auctor
3137 1764 3330 1830 fueris,
3373 1763 3511 1816 iram

249 1857 343 1908 ται
371 1875 429 1909 σε
459 1859 558 1926 τὴν
601 1858 793 1927 ὀργήν.
838 1858 1284 1928 Μεταπέμψομαι
1316 1860 1423 1930 γάρ
1460 1860 1521 1912 ού
1573 1860 1832 1913 Θετταλι-
1859 1858 1905 1918 Β

1859 1858 1905 1918 Β
1933 1878 2150 1918 omnem
2176 1870 2375 1916 vertet.
2415 1863 2701 1915 Arcessam
2740 1874 2938 1927 nempe
2976 1873 3087 1912 non
3127 1855 3509 1910 Thessalicum

258 1948 364 2014 κῆν
397 1949 557 2017 μόνον
588 1950 776 2012 ῖππον,
812 1951 907 2004 καὶ
928 1952 1028 2005 ὃσα
1060 1952 1272 2005 ἐκεῖθεν
1307 1954 1666 2022 στρατόπεδα,
1693 1954 1829 2007 ἀλλὰ

255 2040 354 2091 (τοῦ
381 2058 441 2108 γε
467 2042 654 2094 εἵνεκα
689 2044 783 2095 καὶ
816 2044 1094 2113 Περσικὰς
1121 2045 1178 2111 ἐξ
1229 2045 1414 2108 Ἀσίας
1442 2047 1720 2115 δυνάμεις.
1755 2046 1828 2100 Σὺ

253 2135 365 2200 γάρ
400 2133 500 2204 ἢδη
531 2133 676 2187 τοῦτ’
715 2136 1049 2206 ἐπεπράχεις
1094 2138 1332 2205 πρῶτος,
1379 2138 1500 2190 καθ’
1537 2139 1827 2208 ὁμοφύλων

245 2222 318 2275 δι’
360 2225 462 2292 ἐμὲ
518 2225 798 2295 Περσικὴν
835 2228 1034 2291 ἐλάσας
1083 2229 1335 2298 δύναμιν.
1389 2231 1464 2283 Τὸ
1509 2231 1554 2283 δ’
1603 2235 1669 2285 ἐκ
1719 2235 1828 2285 τῶν

248 2318 460 2381 ὁμοίων
506 2321 598 2372 τδν
650 2322 968 2392 άδικήσαντ*
1003 2324 1331 2389 ἀμύνεσθαι,
1372 2330 1420 2380 εἰ
1457 2328 1556 2397 μὲν
1602 2327 1829 2396 ἀνενέγ-

247 2409 448 2478 κλητον
480 2404 623 2463 εἶναι
675 2414 884 2482 κρίνοις
933 2415 1117 2481 αὐτὸς,
1151 2417 1326 2480 άθῶος
1376 2419 1508 2487 ἐγὼ,
1555 2423 1652 2476 καὶ
1693 2423 1827 2489 πρὸς

243 2502 433 2554 αὒτῶν
461 2503 560 2573 τὴν
595 2506 902 2573 μαρτυρίαν
923 2506 1016 2560 τοῦ
1051 2511 1538 2580 συγκεχωρηκότος
1561 2510 1827 2580 λαμϐάνω

247 2595 362 2646 τῶν
437 2596 856 2665 βασκαινόντων.
918 2598 979 2652 E!
1033 2602 1079 2653 δ’
1136 2602 1215 2662 εἰς
1267 2603 1611 2671 ἐγκλήματος
1669 2604 1828 2671 λόγον

249 2691 286 2744 ἀ
324 2690 477 2758 άγεις
502 2692 707 2759 τούμὸν
741 2695 994 2760 πρᾶγμα,
1029 2693 1148 2765 ῶρα
1191 2714 1273 2748 σοι
1305 2697 1636 2764 λογίζεσθαι,
1669 2701 1828 2768 πηλί-

249 2798 369 2832 κιυν
405 2783 500 2833 καὶ
530 2781 672 2834 ὅσων
703 2783 814 2834 τῶν
848 2784 1208 2854 ἐγκλημάτων
1254 2787 1557 2840 ὑπεύθυνον
1597 2789 1662 2840 συ
1697 2807 1828 2841 σαυ-

245 2879 342 2926 τδιν
373 2878 708 2945 ἐπεπράχεις
738 2877 1046 2947 ἐθελοντὴς,
1085 2880 1224 2933 κατά
1263 2897 1321 2931 τε
1365 2879 1448 2951 [Ρ.
1483 2879 1609 2952 415]
1660 2881 1825 2951 μηδὲν

244 2968 567 3031 ἀδικοῦντος
594 2969 732 3022 ὅπλα
765 2969 1000 3022 τοσαῦτα
1036 2971 1206 3024 κινῶν
1237 2973 1450 3025 ἀσεϐῶν
1485 2974 1690 3042 ἀναμὶξ
1733 2975 1828 3026 καὶ

241 3063 556 3133 ὁμοφύλων,
594 3065 687 3118 καὶ
715 3064 934 3118 πάντων
959 3065 1199 3132 ἀφειδῶν
1234 3066 1555 3135 χρημάτων,
1590 3067 1684 3120 καὶ
1724 3068 1829 3120 πᾶ-

246 3175 350 3208 σχν
400 3156 687 3225 Ῥωμαίων
715 3157 818 3225 γῆν
840 3156 1192 3227 διαφθείρων,
1223 3157 1318 3211 καὶ
1354 3156 1490 3220 νεὼς
1521 3159 1824 3228 καθαιρῶν,

244 3250 343 3300 καὶ
406 3247 729 3317 μιασμάτων
776 3249 1060 3318 ἐμπιπλὰς
1120 3249 1282 3319 ιερὰ,
1323 3250 1416 3302 καὶ
1469 3251 1824 3320 πολυτρόπως

241 3343 359 3404 τοῖς
399 3340 564 3402 θείοις
589 3342 961 3410 ἐμπαροινῶν,
994 3343 1088 3394 καὶ
1115 3343 1299 3410 πάσης
1323 3344 1515 3396 πολιὰν
1544 3345 1824 3411 εὐγενείας

242 3435 311 3485 ἐκ
362 3434 526 3500 μέσου
571 3432 760 3494 ποιῶν,
813 3435 908 3485 καὶ
949 3434 1126 3488 πάντα
1165 3436 1373 3506 φύρδην
1413 3437 1524 3488 ἂνω
1554 3437 1646 3488 καὶ
1677 3437 1826 3489 κάτω

242 3526 436 3582 κυκῶν
465 3526 562 3578 καὶ
591 3526 936 3595 διαστρέφων
957 3544 969 3556 °
1008 3529 1091 3580 ῖνα
1122 3527 1176 3579 τί
1215 3529 1473 3598 γένηταις
1513 3530 1598 3582 ῖνα
1630 3531 1692 3582 σὺ
1728 3530 1824 3596 μό·

237 3635 443 3686 ναρχος
472 3621 772 3687 καταστῇς,
806 3618 1051 3687 μείζοσιν
1079 3619 1112 3690 ἢ
1155 3620 1296 3672 κατὰ
1323 3620 1381 3672 σὲ
1413 3623 1506 3673 καὶ
1527 3621 1626 3691 τὴν
1656 3623 1826 3691 τύχην

237 3711 345 3776 τὴν
373 3709 472 3779 σὴν
498 3709 806 3763 ἐπιϐάλλων
826 3710 1143 3779 πράγμασι.
1175 3711 1289 3778 Τῆς
1317 3713 1575 3776 ἀπονοίας
1598 3731 1612 3744 ·
1637 3713 1824 3783 ὥσπερ

238 3803 312 3856 ἂν
341 3804 389 3853 εἰ
426 3801 615 3870 μηδεὶς
643 3801 750 3867 τῶν
775 3803 1078 3869 γινομένων
1101 3803 1343 3872 ἐπόπτης
1375 3805 1582 3867 δίκαιος
1612 3800 1700 3875 ἦν,
1729 3808 1824 3859 καὶ

237 3893 427 3944 πάντα
464 3892 681 3944 διοικῶν
720 3894 859 3962 πρὸς
898 3893 960 3945 τὸ
1009 3895 1240 3962 βέλτιον,
1286 3894 1401 3948 αλλ’
1451 3896 1824 3968 ἀκυϐέρνητον

237 3979 362 4052 εἶχε
397 3985 461 4037 τὸ
501 3986 610 4038 πᾶν
643 3989 740 4036 καὶ
789 3986 1088 4055 πλημμελῆ
1119 3987 1215 4056 τὴν
1273 3987 1470 4056 φοράν.
1531 3991 1641 4044 Καὶ
1669 3990 1823 4044 ταῦτ’

237 4079 366 4133 οὐδὲ
396 4079 537 4148 πρὸς
563 4077 665 4141 τὰς
707 4079 848 4146 ἐμὰς
894 4081 1071 4146 φυγάς
1112 4083 1205 4133 καὶ
1244 4083 1409 4150 τύχας
1448 4083 1655 4136 ἀπιδὼν
1699 4103 1825 4139 συν-

237 4173 412 4233 έσεως
452 4169 630 4224 ότιοῦν
666 4172 747 4233 εις
773 4171 1087 4241 δυσώπησιν
1133 4173 1400 4243 ἐδυνήθης
1441 4174 1649 4240 λαϐεῖν,
1675 4178 1825 4240 ὅπως

237 4265 367 4326 τιὺς
395 4262 497 4333 μέν
536 4262 748 4330 φίλους,
784 4263 882 4315 καὶ
916 4263 1118 4327 πολλὰς
1159 4264 1475 4332 ὀφείλοντας
1508 4267 1699 4336 ἔμοιγε
1729 4269 1828 4338 χά-

241 4371 427 4425 ριτας,
462 4355 537 4418 ὡς
569 4354 864 4424 πολεμίους
894 4354 1162 4419 ἐξώπλισε
1197 4358 1319 4410 κατ’
1363 4359 1498 4427 ἐμοῦ
1532 4360 1592 4412 τὸ
1617 4362 1826 4429 μανιῶ-

237 4449 331 4510 δες
369 4448 468 4516 τῆς
505 4447 775 4516 γνώμης·
829 4447 954 4509 τοὺς
1005 4448 1050 4500 δ’
1088 4448 1320 4518 ἐχθροὺς
1369 4451 1465 4502 καὶ
1514 4450 1821 4521 δυσμενεῖς,

243 4540 341 4605 ὑφ’
369 4533 446 4592 ῶν
480 4555 570 4605 μοι
596 4537 841 4609 προσῆκε
883 4538 1117 4607 πάσχειν
1155 4539 1369 4608 μᾶλλον,
1394 4540 1602 4606 κακῶς,
1634 4543 1824 4610 φίλους
1857 4585 1903 4642 D

240 4633 298 4684 al
327 4631 428 4698 τῆς
466 4630 624 4698 δίκης
676 4628 1009 4696 πλάστιγγες
1057 4629 1266 4696 ἔδειξαν
1298 4631 1582 4700 ἀκριϐέῖς’
1626 4634 1720 4684 καὶ
1765 4633 1824 4684 ὂν

241 4725 272 4774 ὀ
306 4721 575 4789 ὑμέτερος
602 4719 811 4772 κλύδων
849 4721 930 4780 εἰς
959 4719 1246 4789 πυθμένας
1275 4722 1583 4789 κατήνεγκε
1615 4739 1827 4790 συμφο-

244 4816 376 4885 ρῶν,
409 4813 708 4884 ὑπέρτερον
746 4811 1069 4882 παραδόξως
1125 4813 1282 4883 ὑμῶν
1332 4815 1638 4884 ἐπεπράχει
1669 4815 1824 4878 Θεός.

244 4908 356 4961 Καὶ
387 4906 504 4968 νῦν,
551 4905 626 4967 ὡς
673 4905 825 4974 ὁρᾷς,
881 4906 1003 4973 ἐμοὶ
1058 4905 1156 4972 μὲν
1213 4906 1465 4975 ἐξουριας
1504 4906 1718 4961 ἅπαντά
1761 4925 1826 4976 γε

235 5002 434 5070 χωρεῖ,
467 5001 563 5053 καὶ
600 5000 845 5069 χωρήσει
885 4997 980 5062 ξύν
1018 5013 1084 5064 γε
1115 4997 1256 5065 Θεῷ.
1305 4998 1379 5050 Σὺ
1422 4999 1470 5051 δ’
1499 4998 1654 5061 ὅλους
1698 5001 1830 5067 ἀνη-

239 5091 442 5150 λωκὼς
479 5090 782 5158 χρημάτων
815 5088 1046 5158 σωροὺς,
1072 5088 1181 5140 τῶν
1210 5090 1258 5139 τ’
1296 5089 1446 5158 ἐμῶν
1476 5089 1679 5158 δηλαδὴ
1710 5090 1831 5157 μεθ’

237 5187 342 5237 ὅσα.
373 5186 484 5240 τοῖς
517 5180 824 5250 βασιλικοῖς
852 5179 979 5248 ἐνῆν
1019 5178 1501 5247 πρυτανείοιςκαὶ
1531 5181 1630 5232 ὃσα
1663 5181 1829 5232 πᾶσιν

240 5277 493 5342 εὐγενέσι
523 5273 898 5341 ταμιευόμενα
943 5271 1236 5339 πέπρακας
1279 5269 1550 5340 ἅρπαγμα
1608 5272 1831 5342 λῃστρι-

239 5372 363 5433 κὸν,
408 5367 562 5419 οὐδὲν
589 5366 752 5418 πλέον
781 5364 1088 5433 κατορθοῖς,
1126 5366 1158 5433 ἢ
1197 5365 1290 5416 τὸν
1316 5364 1635 5433 Πηνελόπης
1662 5363 1828 5431 ὑφαί-

242 5482 361 5520 νεις
397 5462 578 5514 ιστόνο
634 5460 694 5512 δν
735 5461 1072 5528 πανημέριον
1126 5458 1488 5525 ὑφαινόμενον
1530 5458 1590 5508 τὸ
1640 5459 1828 5519 σκότος

239 5556 439 5611 ἀνέλυε
474 5554 574 5621 τῆς
621 5555 854 5607 κατόπιν
889 5551 1101 5612 νυκτός.
1148 5549 1318 5617 Δῆλον
1348 5543 1441 5600 οῦν
1473 5547 1539 5600 ἂν
1575 5546 1825 5600 ἐντεῦθεν

241 5650 331 5719 εἴη
370 5648 596 5710 καὶτοῖς
639 5645 814 5715 μικρὰ
850 5642 1161 5714 φρονοῦσιν,
1193 5641 1268 5705 ὡς
1310 5643 1438 5712 ὑμῖν
1477 5641 1576 5711 μὲν
1602 5641 1822 5694 ἀδικοῦ-

1933 1957 2094 2011 modo
2122 1956 2452 2025 equitatum,
2480 1962 2535 2008 et
2567 1953 2833 2022 quidquid
2868 1952 3022 2006 illinc
3066 1951 3347 2018 c0piarum
3379 1957 3465 2002 est
3492 1965 3508 2012 ;

1932 2050 2026 2104 sed
2062 2050 2139 2103 tui
2178 2047 2399 2115 quidem
2440 2061 2603 2101 causa
2645 2055 2698 2100 et
2749 2045 3000 2099 Persicas
3051 2057 3118 2096 ex
3166 2039 3291 2094 Asia
3340 2039 3508 2092 vires.

1928 2141 2047 2196 Jam
2082 2140 2230 2194 enim
2281 2148 2337 2192 tu
2377 2137 2699 2193 commisisti
2735 2136 2786 2191 id
2820 2137 3048 2205 primus.
3085 2134 3179 2204 qui
3232 2133 3510 2189 Persicam

1931 2247 2155 2288 manum
2214 2231 2320 2286 mei
2378 2245 2544 2286 causa
2603 2230 2658 2283 in
2713 2229 2860 2282 cives
2907 2227 3209 2282 immisisti.
3249 2225 3512 2296 lnjuriam

1929 2338 2114 2382 autem
2146 2325 2311 2380 simili
2348 2323 2492 2379 facto
2523 2322 2739 2389 ulcisci,
2774 2322 2934 2390 culpa
2965 2321 3130 2392 665
3163 2335 3359 2374 vacare
3393 2319 3510 2387 ipse

1931 2421 1974 2475 si
2001 2419 2237 2490 judicas,
2268 2419 2535 2473 innocens
2582 2425 2732 2470 certe
2781 2431 2904 2486 ego.
2937 2423 2993 2470 et
3037 2429 3310 2468 concessa:
3338 2412 3510 2466 venia:

1933 2512 2304 2567 testimonium
2336 2509 2548 2579 accipio
2579 2511 2648 2564 ab
2675 2511 2809 2580 ipsis
2840 2507 3322 2564 obtrectatoribus.
3349 2504 3506 2571 Quod

1928 2606 1974 2658 si
2007 2604 2209 2658 factum
2240 2604 2373 2658 illud
2410 2619 2590 2658 meum
2641 2605 2695 2656 in
2727 2603 2936 2658 crimen
2966 2601 3234 2658 adducas.
3264 2601 3376 2670 jam
3409 2598 3509 2652 tibi

1930 2697 2284 2764 c0gitandum
2342 2707 2447 2761 est,
2499 2704 2636 2766 quot
2693 2707 2750 2750 et
2810 2696 3034 2765 quantis
3075 2693 3407 2750 criminibus
3459 2702 3512 2746 to

1930 2789 2230 2844 obnoxium
2273 2789 2416 2842 ultro
2451 2788 2669 2852 feceris,
2705 2803 2831 2842 cum
2880 2796 2961 2841 tot
3003 2787 3058 2840 in
3118 2801 3203 2840 mc
3241 2786 3510 2839 innocen-

1933 2886 2040 2930 tem
2095 2875 2401 2929 infidelium
2454 2875 2768 2944 promiscue
2818 2891 2882 2930 ac
2932 2875 3134 2930 civium
3189 2890 3343 2928 arma
3388 2889 3511 2928 mo-

1931 2968 2080 3035 visti,
2130 2983 2256 3023 cum
2318 2969 2455 3022 nulli
2511 2970 2757 3040 sumptui
2821 2969 3142 3040 pepercisti,
3175 2984 3298 3023 cum
3340 2977 3511 3022 totam

1931 3063 2305 3117 Romanorum
2345 3062 2614 3116 ditionem
2661 3062 2971 3128 vastavisti,
3003 3063 3203 3132 ternpla
3237 3061 3514 3125 evertisti,

1931 3169 2087 3208 sacra
2124 3151 2274 3209 omni
2306 3153 2516 3207 scelere
2568 3153 2809 3218 violasti,
2845 3171 2969 3210 cum
3003 3154 3060 3210 in
3093 3155 3279 3209 divina
3323 3153 3514 3208 multi-

1932 3244 2127 3299 fariam
2150 3255 2204 3316 et
2244 3245 2687 3316 petulantissime
2729 3246 3028 3302 bacchatus
3064 3262 3143 3312 es,
3175 3261 3300 3300 cum
3331 3247 3514 3301 omnis

1933 3336 2239 3390 nobilitatis
2269 3337 2641 3392 venerandam
2673 3339 2930 3393 canitiem
2974 3339 3044 3393 de
3094 3339 3278 3394 medio
3317 3347 3508 3394 sustu—

1932 3430 2066 3494 listi,
2091 3445 2214 3484 cum
2248 3431 2429 3484 omnia
2464 3431 2617 3485 nullo
2648 3431 2968 3486 discrimine
2992 3447 3211 3486 sursum
3249 3431 3507 3484 deorsum

1934 3521 2198 3575 miscuisti
2235 3532 2401 3590 atque
2434 3523 2738 3588 invertisti;
2785 3539 2895 3592 quo
2927 3524 3203 3578 consilio?
3248 3523 3511 3577 nimirum

1935 3627 1994 3670 ut
2029 3623 2085 3667 tu
2114 3614 2262 3666 solus
2290 3629 2480 3667 rerum
2511 3616 2777 3683 potircrc,
2811 3617 3015 3685 majora
3065 3625 3116 3669 te
3147 3630 3210 3669 ac
3240 3627 3330 3670 tua
3370 3631 3507 3668 con-

1933 3707 2141 3761 ditione
2195 3706 2475 3762 aﬂ‘ectans.
2513 3708 2657 3762 Proh
2711 3708 3080 3762 dementiam!
3116 3709 3272 3778 quasi
3331 3709 3515 3763 nullus

1933 3800 2075 3855 foret
2099 3801 2307 3855 arbiter
2328 3802 2535 3871 justus.
2564 3818 2592 3856 ο
2629 3819 2739 3872 quo
2770 3802 3114 3870 aspiceretur
3139 3802 3509 3871 quodcunth

1933 3893 2016 3957 ﬁt,
2047 3911 2077 3947 a
2117 3910 2226 3962 quo
2279 3895 2467 3947 omnia
2514 3910 2680 3964 quam
2715 3895 2917 3964 Optime
2948 3894 3512 3960 administrarentur;

1931 3994 2027 4047 sed
2081 3991 2337 4046 universa
2375 3991 2528 4057 nullo
2580 3999 2817 4056 rectore,
2850 3991 2998 4044 nulla
3053 3991 3170 4060 lege
3235 3989 3401 4044 irent.
3435 3990 3513 4043 Ac

1933 4085 2242 4155 nequidem
2273 4083 2339 4138 ad
2371 4101 2488 4139 mea
2519 4085 2712 4140 exsilia
2736 4099 2993 4152 measque
3015 4084 3356 4137 calamitates
3384 4098 3510 4136 cum

1935 4178 2268 4248 respiceres,
2309 4177 2520 4232 erudiri
2573 4178 2642 4231 ad
2699 4177 3086 4230 verecundiam
3135 4176 3385 4245 potuisti,
3419 4193 3504 4228 co-

1932 4272 2156 4342 gitando
2217 4270 2496 4342 quomodo
2560 4287 2656 4325 eos
2709 4270 2955 4339 quidem,
3006 4271 3098 4340 qui
3159 4269 3295 4324 mihi
3352 4269 3514 4324 amici

1931 4375 2088 4419 erant
2129 4378 2191 4418 ac
2224 4364 2520 4433 plurimum
2554 4363 2688 4417 mihi
2725 4361 3210 4428 debebant,animi
3244 4362 3329 4415 sui
3362 4361 3515 4416 {uror

1933 4457 1989 4510 in
2018 4472 2104 4511 me
2131 4467 2389 4525 tanquam
2425 4457 2611 4510 hostes
2641 4455 2935 4509 armaverit
2965 4472 2976 4506 :
3013 4454 3270 4508 inimicos
3299 4465 3510 4517 autem,

1932 4555 1987 4599 et
2025 4562 2142 4608 eos.
2193 4562 2223 4600 a
2281 4546 2485 4614 quibus
2544 4545 2667 4599 laedi
2733 4560 2817 4598 me
2850 4545 3067 4614 aequius
3115 4555 3253 4606 erat.
3308 4546 3516 4599 amicos

1930 4639 2064 4694 mihi
2089 4638 2536 4708 divinaejustitize
2581 4637 2766 4691 lances
2807 4653 2970 4691 veros
3000 4653 3063 4691 ac
3100 4649 3280 4692 certos
3315 4638 3516 4705 proba-

1929 4732 2147 4794 verint;
2181 4739 2238 4784 et
2280 4745 2444 4797 quem
2497 4740 2680 4782 vester
2732 4727 2824 4781 ille
2879 4737 3047 4782 aestus
3098 4729 3153 4780 in
3207 4726 3514 4794 profundos

1927 4822 2308 4877 calamitatum
2353 4822 2553 4874 ﬂuctus
2599 4831 2891 4875 merserat.
2941 4834 3067 4872 eum
3107 4819 3258 4872 Deus
3311 4828 3515 4886 praeter

1930 4928 2152 4967 onmem
2208 4911 2526 4981 opinionem
2589 4910 2748 4963 vobis
2812 4911 3066 4962 altiorem
3123 4910 3392 4962 effecerit.
3444 4910 3516 4963 Et

1928 5021 2098 5069 nunc,
2139 5014 2198 5058 ut
2232 5003 2404 5066 vides,
2438 5002 2572 5056 mihi
2609 5003 2831 5071 quidem
2868 5003 3052 5056 omnia
3089 5001 3216 5055 flatu
3248 5019 3512 5069 prospero

1930 5108 2086 5162 eunt,
2118 5107 2174 5152 et
2221 5112 2387 5166 porro
2428 5096 2586 5149 ibunt
2621 5095 2732 5149 Deo
2773 5096 3024 5165 juvante.
3057 5095 3136 5147 Tu
3182 5096 3346 5165 666
3378 5111 3511 5150 vero

1932 5189 2276 5258 consumptis
2322 5187 2689 5258 pecuniarum
2736 5188 2974 5252 acervis,
3009 5203 3256 5241 incarum
3288 5202 3512 5255 nempe,

1930 5287 2132 5347 praeter
2168 5277 2220 5330 id
2255 5293 2420 5330 omne
2461 5276 2609 5345 quod
2645 5276 2958 5344 principum
2992 5278 3205 5330 aerariis
3247 5278 3427 5331 inerat
3455 5287 3513 5332 et

1929 5366 2197 5437 quidquid
2230 5367 2375 5434 apud
2409 5366 2622 5419 nobiles
2643 5382 2837 5421 omnes
2869 5367 3170 5434 repositum
3201 5367 3512 5422 latronibus

1931 5461 2253 5529 rapiendum
2284 5460 2508 5525 dedisti,
2537 5461 2674 5514 nihil
2699 5459 2848 5513 aliud
2880 5459 2985 5513 nisi
3018 5459 3319 5528 Penelopes
3344 5461 3506 5514 telam

1937 5551 2182 5614 texuisti,
2217 5566 2379 5620 quam
2432 5559 2541 5603 tota
2583 5550 2672 5604 die
2714 5550 3047 5603 elaboratam
3094 5551 3375 5618 sequentis
3409 5564 3506 5604 no-

1935 5641 2039 5695 ctis
2096 5643 2291 5697 umbra
2342 5643 2644 5697 relexcbat.
2700 5641 2856 5698 Patet
2903 5641 3094 5709 itaque
3153 5640 3280 5696 inde
3330 5637 3514 5698 cuivis

1564 5755 1898 5820 Variorum
1928 5767 2095 5818 notae

317 5886 428 5955 (97)
466 5886 679 5944 lloincr.
713 5889 854 5942 Iliad
913 5906 968 5942 ιι.
1029 5887 1232 5943 Bonis.
