4242 6446
739 424 837 487 89]
1034 419 1106 486 IL
1155 435 1186 471 tt
1238 416 1398 479 6831,
1445 433 1545 470 ικυ.
1595 418 1681 488 Η]

1993 423 2408 487 NICEPHORI
2450 427 2834 490 GREGOR/E

3126 424 3258 495 [ιιιιι.
3303 442 3343 478 ι.
3389 439 3624 478 νλιιοι..
3666 426 3722 496 51

3905 430 4018 495 892

741 549 906 603 etiam
961 547 1255 603 medior-ris
1307 546 1510 614 ingenii
1563 545 1812 609 homini,
1867 547 2090 601 minime
2146 549 2316 603 Deum
2347 557 2395 615 Α

2347 557 2395 615 Α
2423 570 2508 604 σιν
2536 553 2739 622 ἥκιστα
2783 549 3190 622 συλλαμϐάνειν
3227 549 3401 603 ἐθέλει
3441 549 3502 602 τὸ
3553 548 3696 601 θεῖον
3726 567 3740 580 ο
3789 550 4011 603 ἀδικου-

743 643 879 697 velle
908 641 1100 696 adesse
1129 641 1286 694 vobis
1331 639 1591 709 iniuriam
1643 638 2016 705 facientibus;
2055 641 2190 695 mihi
2224 658 2321 696 au-

2431 643 2579 712 μένῳ
2611 643 2657 694 δ’
2684 641 2874 712 ἔμοιγε
2906 643 3001 695 καὶ
3048 641 3194 711 μάλα
3228 640 3486 709 μάλιστα.
3543 639 3654 692 Καὶ
3683 638 3802 692 δέον
3841 641 4007 709 ὑμᾶς,

742 744 871 796 tem,
937 735 1031 803 qui
1093 733 1291 803 injuria
1354 733 1587 788 aﬂ‘ectus
1643 747 1787 796 sum,
1832 732 2149 788 adfuturum
2203 751 2324 791 esse

2427 737 2864 804 ἀφοσιουμένους
2903 734 3003 804 τὴν
3041 737 3106 788 ὲκ
3152 733 3291 786 Θεοῦ
3321 733 3568 802 νέμεσιν,
3603 734 3664 787 τὸ
3707 735 3808 801 τῆς
3839 735 4009 804 ὀργῆς

739 826 999 881 maxime.
1028 827 1093 881 Et
1135 835 1317 879 tamen
1353 839 1476 878 cum
1526 835 1780 893 oporteat
1808 841 1926 888 vos,
1959 826 2201 881 divinam
2235 829 2322 882 in-

738 919 1113 987 dignationem
1147 919 1436 980 reveritos,
1478 916 1723 972 furorem
1755 919 1924 973 animi
1961 922 2320 989 impotentem

740 1012 1072 1081 reprimere,
1106 1012 1280 1065 nihilo
1325 1011 1497 1080 magis
1543 1011 1702 1065 vobis
1755 1013 1906 1065 venit
1947 1012 2001 1067 in
2054 1023 2320 1077 mentem,

741 1103 962 1159 tandem
996 1115 1054 1158 ut
1090 1103 1386 1173 aliquando
1410 1104 1728 1173 quiescatis.
1756 1105 1824 1160 At
1852 1106 1953 1159 nisi
1988 1106 2171 1160 statim
2203 1107 2320 1176 ipse

741 1195 1005 1265 fugitivus
1050 1195 1238 1257 abeas,
1280 1196 1324 1249 si
1375 1205 1426 1249 te
1487 1195 1712 1248 sinister
1745 1196 1946 1266 aliquis
1993 1197 2208 1267 genius,
2243 1206 2322 1252 te-

737 1302 863 1339 cum
897 1286 1170 1350 habitans,
1206 1287 1271 1340 ad
1307 1286 1596 1355 septimam
1637 1303 1812 1356 usque
1851 1289 1996 1342 diem
2027 1290 2228 1344 durare
2264 1299 2320 1345 et

737 1392 958 1432 manere
993 1377 1082 1432 hic
1115 1390 1294 1444 cogat,
1324 1377 1532 1432 videbis
1566 1394 1698 1432 sane
1730 1380 1984 1448 graviora
2031 1381 2202 1435 multo
2236 1382 2318 1436 di-

735 1474 842 1528 ctis
881 1473 1042 1529 facta.
1093 1495 1110 1526 δ

810 1566 896 1621 Ill.
939 1567 1308 1622 Haeclocutus
1337 1567 1546 1636 legatos
1577 1567 1807 1622 dimisit.
1835 1567 1954 1637 Ipse
1999 1569 2180 1637 parari
2213 1585 2319 1623 na-

735 1659 971 1712 viculam
1032 1669 1089 1712 et
1147 1658 1332 1713 rheda:
1386 1659 1699 1727 impositam
1755 1659 2064 1714 clanculum
2113 1660 2220 1714 alia
2251 1659 2321 1716 de

738 1761 892 1816 parte
941 1749 995 1804 in
1056 1765 1207 1804 mare
1264 1749 1543 1818 deportari
1600 1751 1838 1816 curavit,
1874 1751 2021 1820 quod
2059 1753 2318 1807 Berrhma

737 1842 902 1896 distat
933 1852 1153 1896 centum
1184 1850 1239 1896 et
1271 1842 1551 1911 sexaginta
1581 1841 1773 1895 stadiis
1802 1861 1815 1896 :
1847 1851 2013 1913 atque
2060 1848 2132 1897 ita
2165 1842 2318 1897 misit

2425 825 2670 894 ἐπίσχειν
2696 825 3052 894 ἀταμίευτον,
3108 825 3241 894 ὑμῖν
3268 822 3315 877 δ’
3353 824 3586 892 ἠρεμεῖν
3623 825 3723 876 οὒκ
3764 827 3846 887 είς
3877 825 4012 894 μνή-

2428 935 2533 986 μην
2569 919 2681 972 οὐδ’
2706 919 2805 988 ὀψὲ
2834 918 2941 972 τῶν
2969 918 3174 988 χρόνων
3222 917 3467 988 ἔρχεται.
3515 919 3704 986 Ὅμως
3731 919 3780 969 εἰ
3826 919 3904 986 μὴ
3948 920 4009 970 ἐν

2421 1011 2501 1080 τῷ
2535 1011 2738 1065 αὐτίκα
2787 1009 3011 1080 φεύγων
3043 1011 3206 1074 αὐτὸς
3253 1010 3472 1080 οίχήσῃ,
3505 1008 3902 1077 κακοδαιμονία
3950 1009 4010 1062 δέ

2422 1120 2507 1166 τις
2559 1102 2838 1165 συνέστιος
2891 1101 3032 1155 κατά
3070 1101 3280 1171 ’χώραν
3330 1101 3461 1168 άχρι
3520 1097 3614 1150 καὶ
3661 1098 3718 1157 ις
3769 1097 4011 1164 ἑϐδόμην

2420 1194 2639 1265 ἡμέραν
2685 1196 3066 1265 διακαρτερεῖν
3115 1191 3424 1260 ἀναγκάσει
3471 1189 3611 1262 ἔργα
3660 1190 3838 1257 λόγων
3885 1190 4008 1259 ὕψει

2425 1286 2605 1359 πολλῷ
2645 1277 3036 1358 κραταιότδερα.

2489 1560 2564 1617 Γ.
2594 1560 2760 1615 Ταῦτ’
2800 1559 2972 1612 εἰπὼν
3002 1560 3128 1622 τοὺς
3171 1557 3273 1628 μὲν
3299 1556 3564 1627 πρέσϐεις
3591 1555 3771 1624 ἀφῆκε
3803 1553 4010 1624 πορςί-

2420 1655 2606 1708 εσθαι·
2656 1652 2818 1718 αὐτὸς
2867 1653 2913 1706 δ’
2941 1652 3170 1705 ἀκάτιον
3224 1649 3654 1708 κατεσκευακὼς
3712 1647 3890 1714 λάθρα
3941 1644 4012 1696 δι’

2421 1748 2634 1818 ἀμάξης
2667 1750 3008 1818 κατήνεγκεν
3061 1745 3362 1813 ἀλλαχόθεν
3413 1744 3495 1806 είς
3547 1740 3842 1800 θάλατταν,
3882 1755 4014 1791 στα-

2420 1842 2565 1903 δίους
2600 1839 2864 1912 Βεῤῥοίας
2891 1838 3179 1908 διέχουσαν
3235 1837 3501 1905 ἐξήκοντα
3547 1835 3641 1886 καὶ
3689 1833 3907 1893 ἑκατὸν,
3943 1832 4014 1882 δι’

738 1934 968 2003 legatos,
1032 1934 1212 2006 Lydia
1259 1944 1531 2002 satrapam
1589 1934 1877 1988 Amurium
1932 1935 2317 1988 arcessituros.
2355 1947 2395 2000 Β

2355 1947 2395 2000 Β
2425 1924 2485 1984 οὗ
2515 1931 2613 2002 τὴν
2665 1930 3006 1984 καλέσουσαν
3055 1928 3394 1982 ἀπεστάλκει
3429 1924 3732 1995 πρεσϐείαν
3779 1925 3873 1975 τῗιν
3917 1923 4015 1989 τῆς

737 2028 866 2082 Erat
901 2038 1084 2084 autem
1117 2031 1289 2086 ferme
1329 2031 1464 2086 illud
1501 2039 1739 2100 tempus,
1768 2046 1884 2101 qua
1913 2029 2080 2085 Canis
2106 2031 2311 2085 oritur.

2426 2027 2628 2088 Λυδίας
2659 2023 2948 2094 σατράπην
2962 2023 3189 2093 ’Δμούμ
3215 2020 3334 2074 Καὶ
3353 2014 3421 2090 ἦν
3441 2019 3470 2072 ὁ
3493 2019 3683 2089 καιρδις
3711 2015 4016 2088 τηνικαῦτα

2429 2120 2584 2192 παρά
2613 2119 2712 2182 τάς
2742 2117 2836 2171 τοῦ
2870 2116 3046 2180 Κυνὸς
3079 2115 3354 2176 ἐπιτολάς.

2193 2254 2420 2318 CAPUT
2461 2261 2554 2315 IX.

737 2369 1003 2448 Apocauci
1035 2395 1375 2449 responsum;
1420 2386 1573 2452 cujus
1613 2379 1730 2435 dum
1756 2389 1933 2452 partes
1964 2397 1983 2436 :
2011 2377 2210 2447 prima.
2246 2383 2310 2434 de
2343 2380 2894 2452 mendacii-crimine:
2926 2378 3121 2452 altera,
3152 2379 3215 2433 de
3247 2377 3517 2452 arcessiti:
3556 2376 3842 2430 Barbarrs.
3879 2376 4010 2452 Ejus

811 2451 910 2503 tiri
939 2468 1046 2504 mos
1075 2467 1368 2520 perversus.
1411 2449 1478 2504 Ut
1515 2460 1719 2505 tentata
1748 2449 1840 2518 per
1863 2455 2150 2507 exercitum
2184 2453 2310 2505 urbe
2337 2452 2608 2515 Berrhaaa,
2641 2453 2753 2518 ipse
2781 2449 3163 2520 Thessalonica?
3214 2449 3472 2520 manserit
3509 2463 3527 2500 :
3557 2465 3820 2515 arrogans
3874 2450 4015 2499 idem

809 2531 860 2572 et
892 2519 1124 2574 timidus.
1162 2521 1522 2588 Sagittarium
1549 2525 1854 2584 summittit.
1897 2526 1985 2589 qui
2015 2524 2448 2578 Cantacuzenum
2489 2531 2643 2575 noctu
2673 2522 2900 2590 occidat.
2935 2519 3265 2590 Sagittarius
3296 2529 3374 2571 ter
3409 2519 3612 2585 frustra
3665 2535 3771 2570 rem
3805 2535 4021 2586 amre;-

804 2609 894 2645 sus
925 2594 1131 2645 veniam
1161 2594 1283 2662 petit
1320 2609 1383 2644 ac
1415 2593 1728 2646 dimittitur.
1769 2594 2074 2655 Apocaucus
2108 2592 2344 2660 pericula
2380 2594 2739 2661 impendentia
2763 2589 2919 2644 celeri
2944 2589 3070 2661 fuga
3104 2592 3467 2662 prayer-titur,
3515 2590 3704 2643 insciis
3738 2589 4019 2642 Thessalo-

807 2663 1122 2715 nicensibus.
1159 2661 1333 2715 Persa:
1365 2666 1504 2727 apud
1537 2680 1620 2716 eos
1654 2663 1822 2716 relicti
1866 2666 1996 2733 [uade
2028 2673 2075 2716 et
2111 2666 2326 2732 impune
2367 2674 2713 2733 grauantur.

812 2758 852 2814 Ι.
899 2740 1154 2813 Reversis
1216 2759 1474 2813 Bcrrhma
1534 2760 1746 2829 legatis.
1809 2760 2159 2828 Apoeaucus.
2222 2759 2314 2812 ubi

735 2851 1049 2904 renuntiata
1103 2850 1275 2903 audiit
1319 2869 1332 2904 :
1380 2871 1397 2901 ι
1447 2852 1559 2920 Ego
1609 2869 1762 2916 vero,
1799 2851 1998 2921 inquit,
2036 2868 2315 2920 nunquam

736 2943 842 2996 hoc
877 2941 1120 2996 dederim
1157 2942 1447 3012 degeneris
1483 2945 1651 2997 animi
1688 2960 1830 3000 esse.
1855 2960 1918 2998 ac
1950 2959 2056 2997 non
2088 2944 2316 2996 omnino

736 3033 960 3104 dignum
1007 3050 1094 3097 eo,
1128 3034 1220 3103 qui
1288 3036 1624 3089 exercitibus
1678 3036 1885 3105 priesit,
1943 3036 2164 3089 mentiri
2217 3035 2317 3088 ali-

736 3125 977 3195 quando.
1013 3125 1154 3191 Quin
1191 3125 1322 3178 illud
1361 3129 1835 3195 pernecessarium
1884 3142 2006 3182 οδες
2057 3127 2316 3189 dixerim,

733 3228 793 3273 et
824 3220 1067 3272 omnium
1109 3219 1328 3288 quidem
1363 3221 1597 3273 maxime
1627 3221 1974 3290 imperatori.
2003 3221 2138 3274 Cum
2171 3221 2316 3274 enim

2502 2758 2589 2830 [P.
2619 2759 2748 2829 416]
2800 2758 2876 2813 Δ’.
2927 2757 3292 2812 Ἐπανιόντων
3345 2757 3402 2810 δὲ
3455 2757 3564 2811 τῶν
3615 2757 3904 2827 πρέσὸεων
3955 2760 4019 2809 ἐκ

2428 2851 2715 2922 Βερῤοίας,
2761 2851 3101 2912 Ἀπόκαυκος
3134 2849 3463 2918 διακηκοὼς,
3507 2870 3524 2901 ι
3575 2850 3724 2928 Ἐγὼ.
3749 2851 3792 2902 δ’
3827 2852 3928 2903 οὐκ
3955 2853 4020 2903 ἄν

2429 2943 2550 2996 ποθ’
2589 2944 2989 3014 ὁμολογήσαιμι
3020 2942 3173 2996 νόθον
3200 2938 3342 2997 εἶναι
3374 2942 3470 2996 καὶ
3513 2944 3588 3013 μὴ
3634 2944 3778 2997 πάνυ
3810 2945 4022 3012 προσῆ-

2428 3053 2524 3090 κον
2550 3038 2661 3099 τοῖς
2693 3038 3022 3107 στρατηγεῖν
3048 3035 3395 3106 αἱρουμένοις
3425 3036 3575 3105 (ἔφη)
3598 3037 3661 3089 τὸ
3692 3038 4018 3105 ψεύδεσθαι,

2425 3130 2505 3181 ὅτι
2538 3129 2612 3200 μὴ
2647 3131 2738 3182 καὶ
2773 3129 3008 3199 μάλιστά
3039 3147 3224 3198 σφισιν
3256 3130 3517 3184 ἀπάντων
3547 3126 3687 3184 εἶναι
3715 3131 3828 3182 τῶν
3851 3134 4021 3198 ἀναγο

2425 3225 2751 3280 καιοτάτων.
2782 3227 2940 3278 Δυοῖν
2979 3224 3086 3294 γάρ
3121 3225 3300 3278 ὄντοιν
3334 3226 3708 3294 πραγμάτοιν,
3752 3226 4015 3294 ἀληθεΐας

736 3313 858 3365 duae
920 3328 1008 3367 res
1049 3313 1181 3376 sint,
1213 3315 1418 3366 veritas
1473 3323 1529 3367 et
1582 3313 1956 3375 mendacium,
2022 3330 2192 3367 unum
2253 3293 2390 3368 exC

2347 3293 2390 3350 ο
2423 3317 2518 3371 καὶ
2559 3317 2813 3386 ψεύδους,
2845 3317 2903 3370 ἒν
2947 3317 3009 3382 ἐξ
3050 3293 3381 3387 ἀμφοτέρων
3431 3315 3720 3387 πορίζεται
3767 3293 3963 3386 κέρδος
3993 3320 4017 3368 ὁ

736 3412 971 3470 utraque
1022 3418 1080 3456 re
1120 3401 1554 3456 emolumentum
1607 3404 1770 3473 637
1812 3404 2049 3473 percipit
2085 3407 2322 3473 impera-

2425 3409 2734 3479 στρατηγὸς
2766 3409 2903 3481 (98),
2955 3410 3079 3462 καθ’
3128 3410 3395 3478 ὁπότερον
3442 3410 3529 3478 ἴδῃ
3574 3407 3929 3462 συνωθοῦσαν
3959 3409 4018 3460 τ’)

738 3504 846 3560 tor,
879 3503 1043 3564 prout
1089 3495 1238 3549 videt
1271 3495 1324 3549 in
1378 3496 1516 3548 hanc
1564 3496 1645 3549 vel
1681 3497 1826 3549 illam
1863 3506 2072 3565 partem
2132 3509 2322 3550 neces—

2425 3500 2706 3569 συμφέρον
2738 3501 2841 3571 τὴν
2881 3500 2978 3570 τῆς
3017 3501 3210 3570 χρείας
3253 3501 3526 3570 ἀνάγκην.
3563 3501 3881 3566 Φιλοσόφοις
3912 3502 4019 3567 γὰρ

735 3586 900 3641 sitate
928 3587 1240 3656 impellente
1279 3588 1546 3643 inclinare
1596 3589 1920 3642 utilitatem.
1950 3587 2029 3643 Ac
2078 3587 2322 3658 philoso-

2425 3591 2520 3643 καὶ
2546 3591 2693 3655 ὅσοις
2721 3591 2784 3644 τὺ
2829 3591 2904 3662 μὴ
2954 3591 3130 3660 πάντη
3181 3590 3278 3643 τοῦ
3315 3589 3434 3659 βίόυ
3487 3589 3808 3641 κοινωνικὸν
3845 3607 4023 3657 πραγ-

737 3679 976 3748 phorum
1009 3680 1257 3750 quidem,
1293 3691 1348 3734 et
1378 3696 1570 3734 eorum
1623 3681 1717 3751 qui
1751 3683 1876 3735 vita:
1913 3682 2164 3736 societati
2212 3697 2321 3735 non

2428 3682 2723 3750 ματεύεται
2781 3682 2912 3736 ῐδιον
2957 3682 3025 3735 ἂν
3065 3683 3149 3751 εῐη
3183 3682 3241 3733 τὸ
3273 3681 3503 3751 ψεύδους
3549 3682 3752 3743 παντὸς
3781 3681 4021 3749 ἄμικτξν

738 3772 966 3826 omnino
991 3772 1235 3835 student,
1271 3776 1551 3843 proprium
1589 3773 1757 3828 fuerit
1786 3774 2029 3844 linguam
2061 3775 2129 3828 ab
2165 3774 2325 3828 omni’

2422 3791 2483 3826 τε
2542 3775 2642 3828 καὶΙ
2688 3774 2878 3845 ἀϐαφῆ
2929 3774 3030 3844 τὴν
3078 3774 3338 3842 γλῶτταν
3387 3778 3598 3843 τηρεῖν,
3643 3769 3724 3836 οἷς
3777 3773 4018 3840 οὐδεμία

738 3864 1033 3920 mendacio
1054 3865 1289 3919 alienam
1325 3875 1381 3920 et
1411 3866 1686 3921 sinceram
1735 3881 1981 3930 servare,
2010 3881 2134 3921 cum
2169 3866 2321 3920 nulla

2425 3865 2689 3935 πρόσεστι
2724 3866 2841 3936 βίου
2887 3867 3130 3935 φροντὶς,
3167 3865 3576 3934 παρενηνέχθαι
3614 3868 3712 3934 τῆς
3751 3866 4017 3935 ἀληθείας

740 3958 902 4012 sitiis
945 3957 1070 4011 vita:
1105 3973 1259 4021 cura,
1301 3973 1423 4027 quae
1467 3966 1528 4012 ut
1572 3957 1832 4012 recedant
1860 3974 1890 4012 a
1922 3959 2156 4013 veritate
2199 3974 2326 4028 per-

2426 3957 2714 4012 πείθουσα.
2741 3951 2835 4020 Οἷς
2857 3957 2904 4011 δ’
2925 3958 3263 4027 ἀληθεύσασι
3287 3959 3388 4028 μὲν
3420 3959 3592 4011 ἐνίοτε
3615 3958 4023 4011 διακινδυνεύε-

741 4050 992 4103 suadeat.
1024 4050 1093 4102 At
1135 4037 1173 4103 ii
1223 4050 1449 4119 quibus.
1481 4051 1525 4104 si
1579 4066 1710 4106 vera
1763 4051 1972 4115 dicant,
2007 4060 2186 4104 metus
2219 4060 2322 4116 est,

2427 4067 2520 4102 ται
2551 4048 2737 4111 πόλεις
2763 4050 3100 4122 αὐτάνδρους
3132 4051 3228 4103 καὶ
3258 4050 3604 4119 στρατόπεδα
3637 4049 3796 4102 πάντ’
3820 4051 4023 4102 ἀπολέ-

741 4154 812 4192 ne
846 4139 1130 4192 universas
1173 4139 1427 4193 civitates
1456 4155 1520 4194 ac
1573 4150 1714 4194 totos
1758 4141 2036 4196 exercitus
2069 4140 2322 4210 perdant,

2428 4144 2575 4207 σθαι,
2633 4142 3001 4212 ψευσαμένοις
3052 4143 3099 4196 δ’
3159 4143 3290 4214 ὃλην
3345 4143 3630 4213 ἀκραιφνῆ
3679 4145 4020 4213 χαρίσασθαι

743 4228 1143 4283 mentientibus
1189 4239 1372 4282 autem
1426 4244 1554 4297 spes
1611 4241 1694 4284 est
1744 4231 2013 4300 integram
2074 4232 2322 4284 omnium

2430 4231 2740 4302 σωτηρίαν
2783 4230 2888 4284 ποῦ
2940 4233 3040 4285 οὐκ
3071 4233 3139 4286 ἂν
3189 4233 3422 4296 ἀτοπίας
3475 4233 3714 4299 ἐλαύνοι,
3767 4236 3876 4303 πρὸ
3923 4237 4017 4287 τοῦ

738 4322 978 4375 salutem
1026 4320 1370 4386 vindicandi,
1405 4335 1516 4390 quo
1554 4335 1666 4374 non
1708 4321 1786 4375 illi
1828 4323 2082 4377 amentiae
2134 4337 2331 4392 perve-

2429 4324 2804 4393 συμφέροντος
2833 4325 3065 4393 ψεύδους
3118 4325 3398 4395 αἱρεῖσθαι
3445 4328 3506 4378 τὸ
3554 4326 3624 4380 τά
3654 4326 3860 4396 ἔσχατα
3890 4328 4023 4395 βλά·

741 4414 924 4479 niant,
980 4415 1025 4468 si
1087 4413 1456 4482 perniciosam
1509 4414 1798 4468 veritatem
1857 4414 1978 4468 utili
2037 4414 2325 4469 mendacio

2430 4431 2563 4467 πτον
2591 4415 2691 4482 τῆς
2717 4414 2977 4484 ἀληθείας
3005 4431 3020 4479 ;
3051 4413 3201 4482 Ἐγὼ
3229 4416 3339 4486 γὰρ
3373 4417 3633 4487 μυριάκις
3674 4416 3742 4469 ἂν
3769 4416 4020 4485 ἑλοίμην,

745 4507 985 4575 priorem
1020 4504 1295 4559 habeant?
1320 4504 1616 4558 Enimvero
1642 4519 1743 4575 ego
1773 4505 1985 4559 centies
2009 4504 2324 4568 maluerim,

2431 4505 2548 4570 ἐξὸν
2576 4505 2839 4576 μετάτοῦ
2889 4505 3212 4575 ψεύδεσθαι,
3267 4499 3466 4570 σώζειν
3514 4509 3609 4561 καὶ
3662 4509 3854 4570 πόλεις
3882 4511 4022 4579 ὁμοῦ

741 4599 791 4650 si
856 4595 1082 4666 possim,
1111 4593 1429 4649 mentiendo
1475 4608 1697 4649 servare
1750 4601 1805 4648 et
1853 4593 2017 4648 urbes
2067 4602 2124 4648 et
2173 4609 2328 4648 exer-
2363 4639 2407 4694 ο

2363 4639 2407 4694 0
2433 4597 2528 4650 καὶ
2561 4597 2927 4668 στρατόπεδα,
2957 4598 3053 4650 τοῦ
3089 4615 3153 4667 γε
3185 4600 3282 4664 ξὺν
3318 4602 3382 4670 τῇ
3411 4600 3640 4670 ἀληθεία
3672 4601 3809 4669 πρὸς
3845 4601 4024 4671 βάρα-

745 4689 913 4752 citus,
966 4703 1130 4757 quam
1184 4697 1400 4741 servata
1448 4684 1680 4740 veritate
1732 4686 1917 4739 omnia
1964 4695 2162 4754 sponte
2209 4700 2330 4754 pes-
2363 4684 2400 4694 '

2363 4684 2400 4694 ⁷
2435 4689 2566 4758 θρον
2595 4687 2873 4752 ἀπωλείας
2905 4687 3155 4742 ἐλαύνειν
3180 4689 3384 4744 ἅπανθ’
3404 4690 3574 4744 ἑκών.
3615 4691 4022 4746 ’Δνυποστάτου

744 4781 1027 4836 sumdare.
1061 4779 1200 4834 Cum
1244 4779 1394 4833 enim
1441 4793 1500 4833 re
1539 4787 1594 4832 et
1625 4777 1929 4832 substantia
1971 4788 2156 4834 careat
2184 4795 2335 4833 men-

2434 4780 2544 4851 γάρ
2577 4779 2730 4842 ὄντος
2769 4781 2866 4832 καὶ
2917 4781 3172 4834 ἀνουσίου
3224 4780 3321 4834 τοῦ
3375 4781 3628 4851 ψεύδους,
3680 4782 3900 4853 ἀνάγκη
3934 4786 4025 4836 τὸν

746 4871 993 4933 dacium.
1040 4873 1144 4925 hoc
1171 4872 1263 4940 qui
1309 4875 1517 4931 utatur,
1544 4883 1671 4924 eum
1707 4884 1930 4923 necesse
1975 4879 2081 4930 est,
2109 4868 2334 4938 quando

749 4965 949 5023 utitur,
1007 4962 1140 5015 nihil
1193 4961 1341 5014 aliud
1405 4959 1510 5013 nisi
1566 4960 1619 5013 id
1679 4975 1863 5029 agere,
1913 4967 1972 5011 ut
2025 4959 2333 5013 substantia

748 5056 1000 5110 veritatis
1047 5055 1269 5108 silentio
1329 5051 1568 5122 quodam
1637 5065 1703 5105 ac
1751 5051 2003 5117 parciore
2055 5067 2156 5105 usu
2203 5067 2330 5120 pre-

750 5157 968 5210 matur;
1011 5143 1474 5214 quemadmodum
1519 5142 1576 5195 in
1625 5143 1982 5211 supellectili,
2016 5157 2142 5212 qua:
2177 5157 2331 5197 sum-

752 5240 1101 5312 ptuosissima
1144 5246 1275 5291 sunt
1325 5251 1389 5289 ac
1435 5234 1859 5304 pretiosissima.
1898 5249 1962 5288 ea
2014 5251 2044 5288 a
2088 5235 2334 5288 dominis

755 5349 902 5389 nunc
941 5330 1384 5393 absconduntur,
1419 5327 1550 5397 quia
1582 5326 1654 5380 ita
1685 5325 1946 5393 expedit;
1980 5343 2128 5382 nunc
2153 5325 2335 5381 homi-

2437 4870 2611 4941 τούτῳ
2641 4871 2950 4941 χρώμενον,
2982 4871 3144 4925 ὁπότε
3177 4871 3379 4942 χρῷτο,
3417 4873 3586 4944 μηδὲν
3613 4875 3741 4926 ἀλλο
3772 4893 3834 4941 γε
3865 4876 4024 4947 δρᾷν,

2434 4963 2468 5033 ἢ
2500 4965 2714 5034 σιωπήν
2743 4980 2865 5016 τινα
2891 4967 2987 5018 καὶ
3015 4963 3183 5033 φειδὼ
3211 4964 3310 5033 τῆς
3339 4964 3579 5032 ἀληθοῦς
3612 4965 3802 5026 οὐσίας
3839 4985 4024 5034 πραγο

2437 5055 2769 5124 ματεύεσθαι
2791 5071 2804 5084 '
2841 5056 3095 5125 καθάπερ
3127 5055 3302 5124 δήπου
3331 5057 3430 5109 καὶ
3457 5056 3558 5108 ὅσα
3587 5057 3695 5109 τῶν
3722 5061 4027 5127 κειμηλίων

2439 5144 2875 5216 πολυτελέστερά
2896 5163 2954 5198 τε
2990 5148 3088 5199 καὶ
3115 5147 3425 5217 τιμιώτερα
3455 5149 3567 5210 τοῖς
3585 5148 3769 5217 ἔχουσι
3799 5149 3898 5202 νῦν
3925 5153 4027 5218 μὲν

2439 5239 2779 5291 καλύπτεται
2811 5239 2905 5292 τοῦ
2938 5240 3314 5308 συμφέροντος
3350 5241 3563 5300 εἵνεκα.
3597 5240 3692 5292 νῦν
3735 5240 3783 5293 δ’
3829 5241 4024 5313 ὥσπερ

2441 5329 2902 5401 ἀνακαλυπτήρια
2949 5331 3101 5385 θύειν
3151 5331 3265 5403 (99)
3294 5335 3407 5396 τοῖς
3438 5333 3546 5386 τῶν
3591 5334 3900 5405 ἀνθρώπων
3930 5340 4029 5406 ὀφ-

2083 5441 2416 5504 Variorum
2450 5451 2639 5504 notua.

831 5547 947 5613 (98)
978 5543 1088 5598 Τοῦ
1121 5545 1228 5612 γάρ
1256 5544 1422 5596 αὐτοῦ
1463 5541 1767 5612 γλιχόμεθα
1805 5543 1858 5594 οἰ
1903 5559 1961 5594 τε
2010 5540 2335 5613 ψευδόμενοι

759 5621 855 5674 καὶ
893 5612 944 5668 οἱ
973 5619 1039 5685 τῇ
1065 5616 1295 5684 ἀληθείη
1323 5615 1734 5683 διαχρεώμενοι.
1773 5615 1834 5665 Οἱ
1870 5613 1977 5734 ἕέν
2005 5628 2066 5677 γε
2109 5612 2336 5679 ψεύδον-

759 5709 848 5734 ταιι
878 5688 1021 5734 τότε-
1055 5688 1194 5734 ἐπάν
1220 5702 1272 5734 τι
1302 5684 1537 5734 μέλλωσι
1566 5685 1706 5734 τοῖσι
1764 5683 1866 5734 ὠεύ
1905 5700 1987 5734 εσι
2051 5683 2336 5734 πείσαντες

757 5709 848 5744 ται
878 5683 1194 5746 τότεξὲπάν
1220 5683 1277 5735 τι
1301 5684 1537 5752 μέλλωσι
1566 5685 1706 5734 τοῖσι
1764 5683 1987 5749 ψεύδεσι
2051 5683 2338 5744 πείσαντες

760 5757 1150 5827 κερδήσεσθαι⁶
1183 5757 1232 5806 οἱ
1259 5753 1683 5827 δ’-ἀληθίςονταί
1710 5771 1810 5827 τι,
1846 5753 1956 5827 ἶνα.
2104 5752 2343 5827 ἀληθηῖῃ

758 5822 1178 5885 ἐπισπάσωνται
1207 5825 1416 5894 κέρδος,
1447 5834 1554 5879 etc.
1598 5825 1789 5878 Darius
1820 5825 1961 5892 apud
2006 5822 2343 5878 Herodotum

765 5906 820 5957 iu
861 5899 1064 5952 ΤΙιυίὶιι.
1092 5897 1300 5951 Romam

2507 5542 2862 5620 (99)_S__citum
2915 5545 3046 5612 quid
3110 5546 3318 5602 Graecis
3375 5548 3448 5601 sit
3512 5547 4025 5620 ἀνακαλυπτήριον,

2439 5613 2560 5667 dies
2585 5613 2818 5686 scilicet,
2842 5631 2954 5686 quo
2983 5631 3184 5686 sponsa
3211 5622 3325 5672 sive
3355 5634 3492 5671 nova
3537 5629 3703 5686 nupta
3739 5613 3891 5674 facie
3941 5613 4032 5679 re;

2444 5693 2583 5737 tecta
2623 5685 2823 5756 prodit.
2858 5685 2988 5738 Vide
3026 5685 3284 5756 Hesych..
3319 5685 3623 5750 Pollucem,
3648 5699 3703 5740 et
3742 5690 3899 5746 alios.
3926 5694 4032 5750 Du.

2443 5755 2792 5808 ωειλ-Νῦν
2892 5757 3084 5824 ὣσπερ
3105 5755 3556 5826 ἀνακαλυπτήςιια
3583 5757 3732 5809 θύειν
3765 5771 3877 5817 etc.
3896 5763 4037 5819 Sun.

2449 5840 2569 5902 sunt
2598 5825 2878 5902 esprcssi;
2923 5828 3088 5902 verba
3130 5844 3236 5880 non
3258 5825 3495 5880 reddidi.
3535 5829 3663 5902 ξΑνα
3703 5829 4032 5902 ἀλυπεήρια

2452 5893 2601 5947 θύειν
2641 5893 2745 5950 hoc
2809 5899 2926 5952 loco
2978 5896 3121 5952 idem
3183 5910 3265 5954 cst
3329 5910 3494 5967 atque
3523 5893 4032 5962 ἀνακαλύηιεσῖαι.
