4242 6446
254 349 363 414 893
646 349 721 422 [Α.
764 368 813 405 c.
863 353 1018 421 tstst

1286 362 1719 422 BYZANTIN}:
1760 363 2140 424 ῘΙΙΞΤΟΠΙΕ
2163 365 2306 424 LIB.
2330 365 2498 426 Xlll.

2619 362 2752 433 [um
2797 377 2838 416 ι.
2883 376 3121 416 ινιωεοι..
3162 360 3218 432 3]

3398 365 3504 427 89i

254 469 480 539 θαλμοῖς
515 473 603 525 τὸν
635 473 748 526 ίσον
777 473 955 538 ἔξεστι
992 476 1221 544 τρόπον.
1254 476 1408 529 Ἵλατ’
1453 478 1512 530 οὐ
1547 479 1774 541 δικαίως
1802 481 1830 532 6
1863 487 1904 540 Α

1825 507 1830 528 .
1863 487 1904 540 Α
1937 496 2067 535 num
2105 481 2302 548 oculis,
2333 483 2484 537 velut
2508 497 2661 536 novae
2711 492 2894 548 nuptae
2941 482 3126 551 posito
3169 481 3500 543 ﬂammeolo.

255 561 714 631 Καντακουζηνδς
743 564 844 634 τὴν
871 568 1091 636 γραφὴν
1129 569 1252 636 ἐμοὶ
1279 568 1372 620 τοῦ
1407 568 1725 636 ψεύδεσθαι,
1754 569 1828 632 ῶς

249 671 315 720 γε
343 654 518 723 οἶμαι,
557 661 970 728 προστρίϐεται,
1010 661 1104 714 τοῦ
1140 662 1449 724 λυσιτελοῦς
1489 664 1562 724 ώς
1594 664 1827 731 μάλιστα

249 751 567 818 ποιουμένῳ
615 751 714 821 τὴν
753 753 1036 821 πρόνοιαν.
1085 753 1224 820 Ἐγώ
1272 754 1379 822 γὰρ
1430 755 1720 821 ἐλάττωμα
1761 755 1828 808 ἂν

249 842 550 910 ἡγησάμην
596 843 644 894 εί
699 845 773 913 μὴ
804 844 1044 908 τοιοῦτος
1094 847 1249 915 είην’
1301 847 1538 916 κάκείνῳ
1582 848 1628 900 δ’
1660 845 1749 911 αὖ,
1779 850 1828 901 εί

249 935 563 1003 στρατηγοῦ
621 940 794 989 ποιεῖν
851 939 1102 992 ἐϐούλετο
1156 942 1427 1010 πρᾶγμα,
1482 943 1594 993 τότ’
1646 942 1710 995 ἄν
1759 960 1827 1012 με

247 1027 510 1096 λοιδορεῖν
548 1030 738 1098 ἐχρῆν,
776 1030 865 1082 ὅτε
907 1031 984 1100 μὴ
1017 1031 1156 1084 οὕτω
1189 1035 1303 1094 τοῖς
1327 1035 1430 1085 ἀνὰ
1459 1037 1647 1102 χεῖρας
1677 1035 1827 1105 ἐώρα

252 1136 323 1185 με
374 1120 666 1189 πράγμασι
717 1124 1037 1190 προσιόντα.
1088 1124 1219 1194 Ἐμέ
1266 1125 1314 1177 δ’
1359 1128 1536 1180 ἐκεῖνο
1590 1127 1829 1194 μάλιστα

249 1215 476 1266 πάντων
505 1215 725 1286 ἐπαίρει
757 1215 1065 1285 θαυμάζειν
1093 1218 1326 1284 ἐκείνου,
1354 1220 1471 1279 πῶς
1498 1221 1653 1272 ταῦτ’
1681 1222 1830 1274 ἐπεί-

248 1319 409 1366 γεται
439 1305 594 1375 δρᾷν,
631 1307 719 1378 [Ρ.
752 1305 882 1380 ιη]
939 1304 1020 1372 οἷς
1082 1309 1359 1374 ὀνειδίζων
1409 1312 1655 1374 ἐκτόπως
1705 1314 1830 1381 ἐμοὶ

252 1396 597 1468 λοιδορεῖται,
647 1400 750 1470 τὴν
808 1401 1152 1472 βαρϐαρικήν
1183 1423 1325 1475 φημι
1376 1409 1471 1459 καὶ
1528 1407 1830 1474 ἀλλόφυλον

252 1491 595 1558 συμμαχίαν.
622 1492 828 1562 Είγὰρ
858 1495 917 1548 ἐν
960 1484 1262 1566 ἀλλοτρίοις
1303 1499 1647 1568 πταίσμασιν
1688 1499 1825 1552 ίδίαν

250 1580 559 1647 ἀσφάλειαν
582 1584 876 1652 ἐγκωμίων
898 1586 1065 1648 αὐτὸς
1089 1590 1385 1658 ἐπορίσατο
1409 1591 1502 1643 καὶ
1529 1589 1607 1659 τῷ
1626 1590 1738 1642 δντι
1761 1592 1832 1644 τά

253 1690 347 1740 μοι
379 1675 747 1744 πεπραγμένα
783 1679 1085 1748 μεμίσηκε,
1136 1682 1324 1733 ποθεῖν
1354 1682 1454 1734 οὒκ
1491 1683 1682 1752 ἐχρῆν,
1707 1683 1829 1736 οὒδέ

255 1763 571 1830 μιμεῖσθαι.
624 1764 698 1818 Τὸ
731 1767 837 1835 γὰρ
879 1769 1169 1836 μιμεῖσθαι
1220 1770 1504 1839 φιλοῦντός
1544 1775 1709 1834 ἐστιν,
1765 1775 1826 1826 οὐ

1933 585 2161 645 possunt
2187 578 2436 632 eamdem
2468 579 2539 631 ob
2568 592 2791 631 causam
2817 578 3115 646 spectanda
3150 576 3361 639 ol'l'erri.
3381 577 3501 631 Non

1923 669 2072 737 juste
2115 669 2300 739 itaque
2349 668 2768 724 Cantacuzenus
2821 670 3028 722 crimen
3067 669 3198 725 mihi
3233 668 3501 723 mendacii

1931 762 2015 829 (ut
2041 761 2260 829 quidem
2313 761 2467 829 puto)
2497 740 2677 816 inurit
2711 778 2723 814 :
2764 761 2899 814 mihi
2947 761 3191 829 inquam,
3221 763 3315 830 qui
3350 762 3503 815 utili-

1932 852 2062 907 tatis
2108 852 2449 921 potissimam
2506 857 2773 909 rationem
2826 852 3026 907 habeo.
3089 853 3202 905 lmo
3255 870 3355 922 ego
3415 870 3503 906 me

1931 941 2160 995 minoris
2203 943 2584 997 aestimandum
2639 955 2909 1012 putarem,
2958 944 3002 998 si
3064 944 3335 1010 ejusmodi
3393 959 3501 995 non

1928 1049 2131 1087 essem.
2167 1032 2273 1086 Iste
2323 1045 2529 1097 autent.
2564 1035 2609 1089 si
2676 1036 2728 1090 id
2789 1035 2936 1103 quod
2987 1036 3341 1103 imperatoris
3385 1049 3505 1088 erat

1930 1126 2109 1180 facere
2143 1126 2432 1191 voluisset,
2458 1139 2589 1182 tunc
2621 1129 2751 1182 mihi
2803 1129 2995 1181 debuit
3027 1129 3345 1188 convitiari,
3376 1144 3501 1180 cum

1929 1221 2152 1274 videbat
2187 1237 2271 1274 me
2305 1238 2412 1275 non
2447 1221 2666 1291 aggredi
2691 1237 2753 1275 ea
2782 1237 2902 1290 qu'e
2932 1225 3154 1290 exsequi
3190 1232 3298 1276 tam
3346 1222 3507 1276 facile

1926 1312 2175 1383 «668
2200 1325 2510 1382 promptum
2544 1323 2710 1368 esset.
2749 1312 2866 1366 Jatn
2912 1329 3040 1367 vero
3078 1329 3203 1366 cum
3241 1322 3300 1366 nt
3343 1315 3511 1367 mirer

1930 1401 2034 1455 hoc
2066 1403 2295 1456 maxime
2337 1403 2587 1463 inducor,
2617 1404 2763 1472 quod
2795 1420 2857 1457 ea
2893 1403 3074 1458 facere
3104 1404 3352 1466 molitur,
3381 1421 3502 1472 qua:

1930 1494 2061 1548 mihi
2095 1503 2153 1548 ut
2187 1495 2384 1562 probra
2428 1495 2729 1550 insolenter
2775 1497 2966 1564 objicit
3003 1513 3015 1550 :
3055 1502 3332 1550 armorum
3387 1496 3510 1550 dico

1929 1601 2056 1640 cum
2091 1584 2341 1641 Barbarie
2381 1595 2436 1641 et
2480 1585 2802 1653 alienigenis
2835 1587 3178 1642 societatem.
3209 1587 3343 1640 Nam
3376 1587 3418 1640 si
3453 1587 3510 1639 in

1929 1679 2119 1732 alienis
2159 1679 2334 1732 ruinis
2384 1679 2604 1732 laudum
2651 1695 2873 1733 suarum
2933 1680 3291 1734 stabilitatem
3337 1680 3510 1732 collo-

1931 1770 2094 1828 cavit.
2123 1781 2179 1824 et
2225 1786 2413 1825 revera
2466 1771 2593 1824 odio
2629 1773 2701 1825 illi
2741 1781 2870 1825 sunt
2917 1787 2976 1825 ea
3029 1787 3149 1840 quae
3193 1771 3356 1839 gessi,
3385 1771 3516 1823 alle—

259 1855 582 1922 μισοῦντος,
634 1862 728 1913 καὶ
779 1861 1156 1929 θαυμάζοντος
1217 1864 1417 1930 μᾶλλον
1467 1867 1499 1936 ἢ
1548 1866 1828 1934 ψέγοντος.
1865 1858 1906 1912 Β

1865 1858 1906 1912 Β
1935 1875 2084 1916 ctare
2115 1874 2278 1931 atque
2322 1863 2523 1917 imitari
2558 1865 2701 1917 haud
2736 1865 3046 1933 oportebat.
3078 1864 3281 1916 Imitari
3312 1863 3513 1930 quippe

255 1949 448 2012 Οὐδεὶς
489 1953 601 2018 γὰρ
627 1951 666 2006 ἃ
696 1956 847 2020 μισεῖ
889 1954 1024 2025 δρᾷν
1066 1956 1131 2008 ἐκ
1182 1955 1362 2027 ψυχῆς
1391 1957 1690 2026 ἐπείγεται.
1737 1959 1830 2012 τοῦ

261 2041 585 2112 βιαζομένου
639 2048 840 2109 παντὸς
907 2049 973 2101 ἐκ
1036 2050 1211 2102 ποδῶν
1291 2052 1602 2118 ἱσταμένου.
1663 2053 1722 2106 Ei
1773 2054 1831 2106 δὲ

256 2136 474 2206 γλώττῃ
514 2137 611 2206 μὲν
651 2137 973 2206 λοιδορεῖται
1002 2141 1216 2203 τούτοις
1263 2137 1344 2202 οἷς
1389 2144 1488 2212 ἐμέ
1522 2145 1834 2212 πράττοντα

260 2226 474 2295 βλέπει,
523 2228 712 2298 ἔργοις
757 2231 803 2284 δ’
847 2233 946 2302 οὐχ
999 2234 1150 2297 ὅπως
1196 2233 1298 2286 οὐκ
1351 2235 1682 2290 ἀποσπεύδει
1732 2239 1834 2305 τὴν

262 2322 519 2392 μίμησιν,
569 2325 708 2378 ἀλλὰ
755 2326 848 2380 καὶ
902 2329 1522 2396 προσεπιδαψιλεύεται,
1572 2331 1732 2401 δῆλον
1759 2332 1834 2395 ώς

257 2413 360 2482 οὐχ
389 2415 471 2466 ὃτι
497 2417 672 2484 μισῶν
690 2418 1037 2486 λοιδορεῖται,
1072 2422 1187 2474 ἀλλ’
1215 2425 1296 2477 ὅτι
1329 2425 1403 2494 μὴ
1429 2425 1641 2492 πρῶτος
1672 2425 1835 2484 αὐτὸς

260 2506 572 2576 ἐπεπράχει
606 2509 985 2579 δυσχεραίνει⁶
1024 2513 1162 2567 ὥστε
1213 2516 1358 2568 δυοῖν
1409 2518 1667 2588 ὁπότερον
1710 2516 1836 2570 καθ’

260 2599 458 2669 ἐτέρου
485 2601 807 2673 ψηφισθείη,
844 2606 940 2659 καὶ
986 2607 1200 2678 θατέρῳ
1243 2608 1402 2662 τοῦτο
1445 2612 1669 2673 δικαίως
1711 2613 1838 2664 ἁκο-

263 2689 528 2762 λουθήσῃ,
567 2695 661 2746 καὶ
687 2696 887 2762 ὁμοίως
916 2698 1244 2768 ἀμφοτέροις
1281 2700 1313 2769 ἢ
1354 2702 1420 2753 τὰ
1453 2701 1551 2768 τῆς
1577 2701 1836 2770 ἐπιτιμή-

265 2799 405 2840 σεως
436 2786 470 2854 ἢ
519 2785 585 2837 τὰ
613 2788 714 2855 τῆς
746 2788 1079 2860 συγγνώμης
1111 2793 1199 2859 ἐφ’
1232 2793 1444 2861 ὁμοίοις
1494 2795 1605 2855 τοῖς
1652 2795 1836 2864 πράγ-

265 2892 439 2945 μασιν
469 2877 684 2945 ἕψεται.
724 2898 742 2930 ι

340 3149 412 3202 B‘.
468 3150 702 3210 Ἐκεῖνος
756 3151 852 3220 μὲν
906 3151 999 3205 οὖν
1052 3154 1206 3207 ταῦτ’
1242 3155 1421 3224 ξέλεξε,
1481 3157 1687 3226 σφόδρα
1741 3159 1908 3251 τῆς(Ξ

265 3241 465 3294 ἑαυτοῦ
531 3243 1005 3314 καταψευδόμενος
1066 3247 1316 3314 φύσεως,
1372 3250 1466 3301 καί
1518 3249 1835 3320 πιθανότητι

263 3334 515 3403 γλώττης
536 3337 636 3406 τὴν
660 3339 767 3390 τῶν
798 3341 1142 3410 πραγμάτων
1163 3342 1521 3395 ὐποκλέπτων
1552 3343 1833 3413 ἀλήθειαν.

269 3427 434 3490 Ἔθος
459 3433 568 3498 γὰρ
599 3430 749 3500 αὖτῴ
775 3432 1021 3503 διηνεκὲς
1047 3435 1218 3496 τουτὶ,
1244 3436 1337 3487 καὶ
1365 3435 1630 3498 πολλάκις
1660 3437 1836 3506 τούτῳ

267 3524 590 3592 περιφανῶς
631 3525 1126 3590 ἑνεκαλλωπίσατο,
1161 3528 1324 3597 ἕτερα
1382 3529 1482 3596 μὲν
1516 3532 1583 3600 τῇ
1619 3529 1835 3600 γλώττῃ

263 3617 590 3685 προφέρειν,
635 3619 799 3685 ἐτερα
838 3619 881 3672 δ’
911 3622 969 3673 ἐν
1016 3623 1083 3690 τῇ
1128 3621 1338 3689 διανοίᾳ
1377 3621 1704 3688 καλύπτειν,
1745 3625 1841 3674 καὶ

271 3711 595 3778 μαχομένην
626 3711 896 3764 δεικνύειν
940 3715 1022 3782 si}!
1053 3711 1266 3784 γλώττῃ
1300 3714 1408 3766 τῶν
1437 3715 1714 3784 λογισμῶν
1743 3717 1842 3787 τὴν

274 3802 534 3871 μελέτην.
577 3803 755 3856 Πολλὰ
792 3804 894 3874 μὲν
926 3800 1019 3858 οὖν
1053 3806 1332 3859 κάνταῦθα
1359 3810 1424 3878 τῇ
1466 3808 1680 3878 γλώττῃ
1713 3808 1844 3878 θρα-

269 3895 570 3963 συνόμενος
593 3897 704 3959 τοῖς
737 3895 917 3964 ἔργοις
940 3896 1223 3967 ἠλέγχετο.
1271 3899 1442 3962 mare;
1481 3900 1581 3968 μὲν
1609 3900 1720 3970 γὰρ
1753 3901 1842 3953 διὰ

268 3989 391 4048 δέος
421 3989 479 4040 ἐν
508 3988 877 4059 Θεσσαλονίκῃ
931 3990 1239 4058 παρέμεινε
1265 4006 1280 4021 ⁹
1336 3991 1437 4060 τὴν
1469 3992 1525 4043 δέ
1580 3991 1843 4062 στρατιὰν

267 4084 380 4136 τῶν
410 4083 700 4150 ἐπισήμων
731 4082 811 4134 ἐνὶ
855 4083 1132 4151 παραδοὺς
1183 4083 1276 4136 ἐπὶ
1310 4083 1574 4155 Βέρῤοιαν
1606 4084 1843 4153 ἔπεμψε,

270 4172 651 4243 παραγγείλας
683 4175 811 4242 ἄχρι
843 4191 1010 4245 τριων
1061 4177 1180 4226 ἐκεῖ
1239 4174 1674 4245 παραδείξαντας
1717 4177 1846 4229 ἐαυ-

270 4269 399 4329 τοῦς
427 4266 651 4334 ἡμερῶν
695 4268 794 4335 τὴν
821 4267 1086 4336 ταχίστην
1130 4267 1439 4319 ἐπανιέναι.
1474 4269 1548 4321 0-3
1581 4267 1687 4338 γὰρ
1719 4268 1852 4337 δράο

275 4361 472 4422 σοντὲις
507 4377 558 4412 τι
597 4362 844 4426 γενναῖον
879 4361 1017 4426 σφᾶς
1045 4358 1357 4426 ἐπεπόμφει
1379 4373 1395 4389 ο
1432 4359 1539 4410 τῶν
1567 4358 1674 4429 γὰρ
1701 4360 1848 4428 ἀμη-

273 4451 457 4519 χάνων
498 4447 556 4500 ἒν
593 4449 774 4500 ἐδόκει
801 4446 947 4500 τοῦτ’
971 4447 1117 4517 αὐτῷ
1137 4463 1151 4478 ·
1184 4445 1302 4499 ἀλλ’
1335 4445 1457 4499 ὅσον
1489 4446 1563 4513 μὴ
1590 4447 1849 4515 φωραθῆ-

1933 1957 2167 2012 amantis
2207 1967 2312 2019 est,
2375 1972 2480 2010 non
2541 1959 2868 2020 aversantis,
2925 1967 2980 2012 et
3028 1958 3146 2026 ejus
3199 1957 3371 2025 magis
3418 1955 3512 2024 qui

1934 2051 2258 2113 admiretur,
2290 2066 2452 2119 quam
2489 2051 2610 2120 ejus
2666 2051 2760 2120 qui
2803 2052 3098 2118 vituperet.
3151 2051 3322 2105 Nemo
3368 2050 3514 2104 enim

1934 2159 2071 2212 quas
2105 2159 2192 2197 res
2211 2142 2345 2199 odit.
2365 2158 2457 2197 eas
2477 2157 2606 2197 vere
2641 2153 2696 2197 et
2732 2157 2797 2197 ex
2830 2144 3032 2204 animo,
3065 2157 3188 2195 cum
3219 2142 3402 2195 omnis
3431 2143 3517 2194 vis

1934 2234 2113 2298 abest,
2147 2233 2327 2288 facere
2355 2234 2558 2289 studet.
2595 2234 2751 2300 Quod
2791 2236 2834 2290 si
2867 2250 2954 2298 ea,
2981 2251 3103 2304 quae
3146 2249 3242 2302 per
3276 2249 3363 2288 me
3398 2234 3515 2288 ﬁeri

1935 2327 2105 2388 videt.
2139 2326 2323 2396 lingua
2388 2327 2611 2396 quidem
2669 2327 2760 2381 ille
2819 2327 3170 2390 criminatur,
3209 2342 3267 2380 re
3323 2337 3508 2379 autem

1936 2416 2052 2486 ipsa
2084 2433 2189 2471 non
2221 2417 2396 2470 solum
2435 2433 2545 2471 non
2584 2417 2847 2472 abhorret
2898 2417 2966 2469 ab
3014 2416 3303 2478 imitando,
3337 2416 3429 2470 sed
3463 2425 3519 2470 et

1935 2509 2162 2578 insuper
2214 2511 2493 2564 cumulum
2552 2510 2707 2562 addit
2741 2510 3012 2563 :evidens
3064 2520 3148 2562 est
3197 2524 3359 2570 eum,
3407 2523 3515 2561 non

1937 2600 2064 2669 quia
2100 2601 2300 2664 oderit,
2328 2601 2648 2666 criminari,
2683 2601 2777 2655 sed
2820 2602 2948 2668 quia
3004 2601 3214 2668 primus
3264 2601 3410 2653 haud
3441 2599 3520 2652 fe-

1937 2692 2095 2757 cerit,
2146 2692 2271 2746 ideo
2325 2694 2552 2746 moleste
2609 2692 2775 2746 ferre.
2830 2692 3186 2759 Utraeuuque
3243 2692 3412 2759 igitur
3465 2691 3518 2744 in

1940 2800 2108 2838 unum
2145 2799 2175 2839 e
2204 2785 2368 2838 nobis
2401 2785 2486 2838 lex
2517 2786 2623 2838 lata
2654 2785 2842 2845 fuerit,
2877 2801 2939 2837 ea
2981 2785 3032 2836 in
3070 2785 3300 2837 alterum
3353 2784 3516 2838 etiam

1942 2879 2136 2933 merito
2188 2879 2348 2932 cadat
2403 2893 2630 2933 necesse
2677 2886 2783 2937 est,
2814 2886 2871 2931 et
2924 2894 2988 2929 ex
3041 2877 3315 2930 similibus
3363 2876 3522 2930 factis

1941 2970 2174 3024 similem
2232 2971 2492 3038 utrinque
2557 2970 2820 3038 consequi
2881 2969 3368 3038 reprehensionem
3421 2976 3518 3022 aut

1943 3062 2182 3116 Veniam.
2231 3081 2248 3113 ι

2015 3155 2079 3209 ll.
2111 3155 2234 3208 Haec
2266 3165 2414 3212 sunt.
2452 3171 2572 3225 qu:e
2632 3155 2720 3208 ille
2765 3153 2930 3219 dixit,
2979 3157 3046 3208 de
3079 3169 3174 3207 sua
3213 3153 3394 3206 indole
3425 3153 3522 3204 ad-

1943 3246 2164 3301 modum
2200 3247 2492 3308 mentiens.
2514 3263 2576 3301 ac
2604 3247 2877 3302 sermonis
2910 3246 3298 3316 probabilitate
3341 3259 3524 3297 rerum

1942 3339 2227 3392 veritatem
2265 3339 2589 3393 obscuratis.
2625 3339 2738 3394 Mos
2787 3341 2936 3393 cnim
2980 3339 3069 3392 hic
3116 3338 3192 3393 illi
3227 3347 3526 3407 perpetuus

1941 3431 2095 3485 fuit:
2137 3447 2313 3500 coque
2364 3447 2422 3484 se
2475 3432 2655 3500 palam
2704 3446 2846 3499 saepe
2885 3444 3143 3498 tanquam
3199 3437 3526 3483 ornamento

1943 3525 2128 3593 aliquo
2180 3525 2500 3587 venditavit,
2563 3525 2707 3594 quod
2758 3524 2906 3578 aliud
2964 3539 3059 3577 ore
3110 3523 3521 3592 pronuntiaret.

1943 3614 2090 3667 aliud
2123 3615 2176 3667 in
2211 3615 2395 3667 animo
2420 3614 2694 3667 occultum
2745 3614 2990 3674 haberet.
3023 3622 3078 3666 et
3112 3628 3354 3683 pugnare
3395 3627 3521 3666 cum

1943 3703 2128 3772 lingua
2182 3704 2408 3758 consilia
2466 3705 2586 3774 ejus
2664 3715 2718 3758 ct
2791 3705 3156 3774 cogitationes
3209 3717 3522 3773 appareret.

1944 3795 2164 3849 Multam
2213 3794 2377 3865 igitur
2421 3805 2533 3848 tum
2580 3810 2798 3864 quoque
2831 3795 3114 3849 audaciam
3152 3795 3341 3848 verbis
3391 3810 3521 3862 pro.

1946 3886 2124 3941 fessus
2185 3886 2343 3940 factis
2400 3886 2856 3955 redarguebatnr.
2922 3887 3056 3941 Nam
3120 3887 3235 3953 ipse
3297 3885 3523 3954 quidem

1947 3977 2351 4033 Thessalonica:
2398 3980 2599 4033 mansit
2643 3995 2751 4048 prae
2801 3989 2947 4033 metu
2989 3978 3197 4050 :669
3224 3978 3526 4032 exercitum

1950 4079 2132 4124 autem
2182 4071 2274 4124 uai
2323 4085 2388 4124 ex
2433 4072 2769 4140 primoribus
2812 4073 3166 4126 commissum
3201 4070 3518 4124 Berrhoeam

1951 4160 2559 4230 misit,pr:ecepitque,
2619 4170 2908 4230 postquam
2967 4175 3024 4215 se
3086 4161 3196 4215 illic
3254 4177 3350 4230 per
3410 4172 3522 4214 tres

1950 4249 2066 4305 dies
2127 4260 2521 4314 ostentassent,
2586 4261 2644 4304 ut
2695 4251 2939 4306 redirent
2987 4267 3150 4320 quam
3201 4251 3514 4306 celerrime.

1951 4341 2069 4397 Non
2113 4342 2257 4396 enim
2289 4353 2348 4395 nt
2390 4341 2597 4411 aliquid
2636 4341 2881 4408 praeclari
2922 4340 3184 4404 facerent,
3215 4357 3311 4396 eos
3345 4343 3510 4395 mise—

1952 4442 2074 4497 rat;
2113 4435 2205 4502 qui
2257 4432 2406 4485 nullo
2457 4431 2618 4485 modo
2668 4430 2783 4484 fieri
2837 4431 2889 4484 id
2937 4433 3096 4502 p’asse
3135 4430 3523 4496 existimabat;

273 4557 367 4592 ναι
394 4541 493 4608 τὴν
526 4538 715 4602 τούτου
749 4536 950 4591 δειλίαν
978 4539 1089 4599 τοῖς
1121 4537 1424 4597 πλείστοις.
1471 4535 1585 4588 Τοῦ
1631 4537 1741 4604 γάρ
1767 4553 1848 4589 τοι
1879 4537 1928 4596 D

1835 4554 1848 4588 ι
1879 4537 1928 4596 ι)
1952 4520 2046 4575 sed
2088 4530 2146 4572 ut
2175 4536 2242 4573 ne
2290 4536 2319 4575 a
2371 4519 2645 4592 plerisque
2678 4520 2942 4574 timiditas
2971 4521 3091 4585 ejus
3127 4520 3510 4588 deprehende-

277 4631 518 4698 θράσους
556 4629 748 4699 ἀνδρίᾳ
779 4632 874 4682 καὶ
918 4629 1096 4700 τόλμῃ
1136 4629 1408 4697 πολεμικῇ
1461 4629 1729 4680 συνοικεῖν
1761 4627 1852 4679 οὑ-

275 4724 430 4791 δαμῆ
459 4723 780 4792 δυναμένου,
836 4722 953 4784 πῶς
985 4722 1050 4774 ἂν
1085 4721 1268 4783 αὐτὸς,
1318 4719 1528 4788 μακρὸν
1576 4719 1674 4788 μὲν
1704 4721 1761 4771 ἐν
1787 4721 1849 4788 τῇ

278 4814 497 4881 γλώττῃ
534 4814 595 4865 τὸ
627 4813 828 4881 θράσος
861 4812 1016 4882 ἔχων,
1055 4811 1402 4880 μακροτέραν
1446 4809 1490 4862 δ’
1522 4813 1579 4862 ἐν
1606 4815 1672 4880 τῇ
1705 4811 1849 4880 ψυχῇ

275 4905 381 4973 τὴν
433 4903 638 4955 δειλίαν
680 4905 1132 4970 γεγυμνωμένοις
1185 4901 1398 4968 ξίφεσιν
1450 4901 1484 4970 ἢ
1531 4903 1691 4962 αὑτός
1734 4903 1854 4954 ποθ’

275 4995 616 5063 ὁμιλήσειεν,
652 4995 684 5062 ἤ
715 4995 957 5047 πείσειεν
988 4994 1214 5057 ἄλλους
1259 4993 1452 5045 Θᾶττον
1511 4993 1709 5062 μεντᾶν
1759 4993 1852 5045 τοῦ

279 5085 537 5151 σώματος
598 5085 1096 5154 ἀπορῤηγνυμένην
1150 5085 1410 5137 θεάσαιτο
1463 5085 1562 5152 τὴν
1591 5084 1787 5153 ψυχὴν,
1819 5085 1852 5152 ἦ

283 5175 736 5245 συρῤηγνυμένου
766 5175 1008 5245 πολέμου
1056 5178 1303 5244 πάταγον
1330 5177 1508 5228 ὅπλων
1539 5176 1850 5227 ἀκούσειεν.

354 5353 434 5406 Γ.
474 5353 629 5406 Ἐπεὶ
665 5355 847 5406 τοίνυν
873 5355 1404 5424 πεπαρρησιασμὲνῃ
1450 5355 1598 5424 μάχῃ
1632 5355 1723 5407 τὸν
1754 5372 1853 5406 τιο-

281 5449 477 5517 λὲμιον
501 5447 599 5499 οὐκ
629 5448 756 5518 ἐνῆν
780 5447 1247 5517 κατεργάσασθαι,
1301 5448 1434 5516 πρὸς
1459 5446 1557 5509 τὰς
1584 5450 1639 5499 ἐν
1671 5449 1853 5515 κρυφῇ

1949 4622 2125 4667 retur.
2153 4613 2445 4666 Enimvero
2498 4613 2543 4666 si
2603 4613 2750 4666 nulla
2796 4628 2915 4667 esse
2981 4621 3162 4681 potest
3196 4612 3519 4683 arrugantLe

1952 4720 2078 4760 cum
2113 4704 2438 4757 fortitudine
2469 4712 2524 4757 et
2553 4703 2746 4756 bellica
2776 4704 3219 4772 magnanimitate
3248 4704 3524 4766 societas;

1952 4797 2230 4867 quomodo
2283 4797 2394 4856 ille,
2436 4796 2523 4848 cui
2580 4805 2790 4849 tantum
2853 4796 2906 4847 in
2963 4795 3146 4864 lingua
3193 4795 3522 4863 arrogantiae

1954 4898 2095 4951 erat,
2126 4888 2179 4939 in
2222 4888 2406 4941 animo
2450 4895 2633 4939 autem
2694 4887 3004 4941 timiditatis
3053 4887 3226 4940 tnulto
3258 4887 3400 4953 plus,
3433 4902 3534 4938 nu-

1961 4981 2105 5035 datis
2157 4981 2384 5034 ensibus
2434 4989 2528 5033 aut
2579 4979 2692 5049 ipse
2746 4979 3106 5044 interfuisset,
3164 4988 3257 5032 aut
3305 4977 3428 5031 aliis
3476 4987 3537 5029 ut

1963 5071 2300 5124 interessent
2345 5069 2757 5138 persuasisset?
2806 5069 2980 5123 Citius
3038 5069 3282 5138 profecto
3339 5083 3533 5122 erum-

1961 5178 2178 5237 pentem
2231 5178 2457 5231 corpore
2498 5164 2736 5217 animam
2794 5164 3047 5228 vidisset,
3075 5179 3239 5232 quam
3300 5164 3354 5215 in
3402 5161 3541 5218 belli.

1960 5259 2218 5314 conflictu
2253 5258 2493 5311 sonitum
2526 5258 2789 5311 audiisset
2821 5273 3123 5310 armorum.

2033 5353 2123 5408 Ill.
2153 5352 2290 5418 Quia
2342 5350 2510 5420 igitur
2555 5359 2746 5417 aperto
2788 5349 2958 5404 Marte
3003 5349 3216 5405 hostem
3253 5347 3548 5418 profligare

1967 5444 2113 5500 haud
2152 5453 2390 5513 poterat,
2427 5441 2492 5495 ad
2549 5457 2681 5496 suas
2727 5441 2847 5496 illas
2897 5442 3079 5496 denuo
3110 5443 3353 5496 occultas
3396 5451 3547 5494 artes

1593 5585 1922 5646 Variorum
1956 5589 2144 5644 notae.

287 5741 518 5808 Proprie
546 5739 746 5795 dicitur
774 5739 841 5794 de
888 5741 1044 5795 novis
1075 5742 1281 5808 nuptis,
1314 5757 1383 5807 qu
1404 5756 1432 5792 ι»
1469 5756 1578 5806 quo
1603 5740 1691 5793 die
1724 5740 1872 5794 liam-

291 5813 531 5868 metvlutn
568 5814 863 5879 ponebant,
897 5812 1037 5864 dona
1078 5832 1104 5865 ιι
1141 5829 1251 5865 mar
1283 5823 1333 5863 tu
1367 5824 1418 5863 et
1453 5812 1518 5862 ab
1540 5812 1728 5864 amicis
1760 5829 1871 5865 Inn—

1982 5736 2070 5790 riti
2094 5734 2456 5804 accipiebant,
2495 5736 2638 5791 dicta
2670 5735 2876 5790 idcirco
2908 5735 3378 5804 ἀνακαλυπτήρια.
3421 5734 3551 5785 Bon.

1979 5823 2086 5860 VL".
