4242 6446
712 386 820 452 899
980 378 1056 452 [Α.
1103 395 1154 434 ιι.
1195 377 1359 444 683i,
1403 393 1510 434 IND.
1553 374 1646 449 il]

1934 375 2110 438 NICE
2119 375 2351 440 PHORI
2390 375 2775 441 GREGORE

3118 375 3252 448 [ιιιιδ.
3295 391 3337 429 ι.
3383 389 3619 430 ratam.
3666 373 3723 451 5]

3888 377 3997 442 900

711 501 831 553 loca
883 496 1120 550 maxime
1167 494 1504 558 afﬂixerunt,
1556 491 1815 548 homines
1862 505 1928 548 ac
1976 503 2178 563 pecora
2222 505 2292 545 ex

2409 508 2504 544 σαν
2519 492 2600 562 (6)
2633 493 2888 561 μάλιστα,
2926 491 3252 563 ἀνθρώπους
3282 494 3377 545 καὶ
3427 491 3753 562 βοσκήματα
3791 507 3998 561 συναρι

712 589 862 658 agris
907 586 1216 656 abigentes,
1246 596 1412 655 atque
1457 596 1627 639 etiam
1669 584 1862 640 multis
1910 582 2154 653 gladium
2190 582 2295 635 ho-

713 682 893 736 stilem
955 682 1178 750 impune
1226 680 1584 734 intentantes.
1627 677 1765 734 Cum
1811 688 1996 733 autem
2055 676 2128 731 ibi
2165 675 2297 730 Per-

713 775 840 829 sicae
870 774 1064 828 classis
1097 772 1262 844 673
1299 772 1408 827 dux
1444 771 1805 837 substitisset,
1839 771 1995 826 venit
2040 768 2110 824 ad
2163 782 2295 824 eum

714 868 879 937 paulo
913 877 1034 934 post
1082 875 1138 920 et
1183 868 1480 934 imperator
1531 864 1792 920 Berrltt'ea
1827 878 2104 932 egressus,
2143 877 2297 917 man-

713 963 838 1014 data
895 961 1130 1014 Manueli

713 1069 838 1106 cum
870 1062 1029 1106 actate
1061 1055 1146 1105 vix
1176 1052 1452 1120 ephebum
1487 1052 1801 1114 excederet,
1833 1065 1934 1104 nec
1969 1049 2101 1103 dum
2139 1049 2298 1106 malta

712 1153 891 1217 prima
929 1147 1187 1216 lanu5ine
1213 1145 1501 1208 ﬂorerent,
1537 1145 1767 1198 senilem
1801 1144 1856 1197 in
1899 1143 2082 1196 animo
2115 1142 2300 1196 alebat

711 1240 1084 1310 prudentiam,
1149 1249 1207 1294 et
1257 1237 1422 1294 simul
1469 1251 1592 1290 cum
1648 1247 1802 1307 patre
1856 1237 2170 1307 longinquae
2230 1251 2300 1288 ac

711 1332 982 1386 subdialis
1011 1330 1222 1386 militia:
1260 1330 1399 1383 mala
1430 1328 1523 1382 diu
1557 1332 1855 1397 perpessus
1888 1327 2154 1398 praaclaro
2191 1341 2294 1379 usu

719 1425 788 1480 ad
826 1424 1131 1494 imperandi
1171 1422 1523 1492 disciplinam
1565 1419 1905 1475 exercitatus
1935 1429 2090 1485 erat;
2132 1429 2299 1488 atque

712 1517 785 1572 ob
849 1517 901 1571 id
957 1516 1137 1586 ipsum
1175 1516 1228 1570 ei
1288 1516 1594 1584 imperator
1653 1529 1717 1569 ac
1755 1522 1914 1583 pater
1959 1512 2108 1566 illius
2144 1511 2299 1564 urbis

713 1610 958 1680 regimen
992 1610 1329 1673 crediderat,
1360 1623 1485 1678 quae
1530 1608 1637 1678 ipsi
1669 1606 1940 1661 hactenus
1971 1604 2303 1658 fundamen-

714 1715 830 1760 tum
877 1719 940 1757 ac
975 1702 1134 1756 radix
1168 1702 1352 1756 fuerat
1387 1702 1630 1755 fortuna:
1671 1699 1726 1753 in
1769 1699 1967 1752 melius
1999 1696 2296 1751 mutandze.

1203 959 1314 1012 lilio
1386 974 1571 1012 rerum
1637 957 2140 1012 administratione.
2189 954 2356 1022 Qui'

2399 583 2666 648 πάζοντες
2704 583 2763 650 ἐξ
2797 585 3008 656 ἀγρῶν,
3071 587 3165 638 καὶ
3195 587 3374 648 οἰκίας
3428 583 3861 654 πυρπολοῦντες,
3898 585 4001 638 καὶ

2397 677 2618 740 πολλοῖς
2645 679 2739 731 τὸν
2765 677 3030 748 πολέμιον
3052 679 3276 749 σίδηρον
3311 678 3717 748 καταφέροντες
3760 681 4000 732 ἀναντα-

2399 772 2683 845 γώνιστον..
2713 769 2805 841 Τῷ
2841 789 2905 840 γε
2941 772 3046 842 μὴν
3075 773 3332 843 ναυάρχῳ
3361 771 3455 825 τοῦ
3489 771 3676 824 στόλου
3707 772 3849 825 κατὰ
3887 771 3998 843 χώ-

2404 880 2505 934 ραν
2558 865 2805 934 μείναντι
2854 859 2957 938 ἧκε
3024 865 3162 936 μετά
3224 866 3399 936 βραχὺ
3453 865 3602 917 καὶὸ
3644 863 3898 934 βασιλεὺς
3931 867 3999 918 ἐκ

2400 956 2690 1027 Βερῤοίας,
2727 957 2838 1010 τῶν
2890 958 3010 1010 ἐκεῖ
3061 959 3416 1028 πραγμάτων
3463 958 3759 1025 ἐπίτροπον
3793 958 3869 1026 (7)
3904 958 4002 1010 τὸν

2403 1049 2521 1100 υἱὸν
2549 1048 2960 1110 καταλελοιπὼς
3006 1051 3299 1121 Μανουήλ·
3336 1050 3393 1113 ὃς
3438 1051 3562 1120 ἄρτι
3619 1050 3744 1103 καθ’
3777 1050 4002 1118 ἡλικίαν

2400 1141 2492 1194 τὸν
2519 1140 2720 1212 ἔφηϐον
2751 1144 3171 1214 παραλλάττων,
3200 1143 3294 1197 καὶ⁸
3327 1146 3494 1214 μήπω
3527 1145 3660 1214 μηδὲ
3695 1137 3800 1196 τὸν
3841 1143 3992 1216 πρῶ-

2398 1249 2491 1284 τον
2523 1233 2763 1302 ἀνθήσας
2794 1235 2971 1288 ῐουλον
3020 1239 3078 1289 ὲν
3110 1239 3232 1298 ταῖς
3281 1239 3561 1305 παρειαῖς,
3621 1236 3997 1304 πρεσϐυτικὴν

2398 1327 2460 1378 ὲν
2489 1329 2553 1396 τῇ
2614 1326 2758 1396 ψυχῇ
2793 1329 2894 1396 τὴν
2931 1330 3150 1382 σύνεσιν
3185 1329 3378 1381 ἔϐοσκε
3431 1329 3525 1381 καὶ
3570 1329 3690 1395 ἅμα
3719 1329 3796 1397 τῷ
3828 1329 4006 1398 πατρὶ

2401 1419 2540 1487 πρὸς
2567 1423 2687 1483 ταῖς
2717 1421 3029 1494 ὑπερορίοις
3067 1425 3160 1476 καὶ
3203 1422 3498 1492 ὑπαίθροις
3550 1423 4005 1492 στρατοπεδείαις

2400 1512 2598 1581 μακρὰ
2636 1517 3144 1585 συγκακοπαθήσας
3175 1516 3310 1586 πρὸς
3342 1517 3604 1587 λαμπράν
3632 1519 3730 1585 τῆς
3755 1534 4004 1587 στρατηο

2402 1603 2567 1670 γικῆς
2594 1606 2891 1677 ἐμπειρίας
2919 1609 3300 1678 γεγύμνασται
3334 1609 3570 1679 ἄσκησιν
3591 1627 3606 1641 ο
3651 1610 3747 1662 καὶ
3769 1609 3838 1662 δι’
3865 1610 4009 1662 αύτό

2405 1695 2471 1760 γέ
2500 1711 2584 1748 τοι
2606 1698 2760 1751 τουτὶ
2793 1698 2892 1769 τὴν
2921 1699 3024 1769 τῆς
3046 1702 3306 1770 τοιαύτης
3333 1702 3545 1765 πόλεως
3567 1703 3596 1754 ὁ
3628 1702 3883 1773 βασιλεὺς
3907 1704 4007 1754 καὶ

708 1797 849 1854 Cum
905 1798 1091 1865 itaque
1142 1793 1270 1850 inde
1312 1792 1650 1848 excessisset
1696 1792 2021 1860 imperator,
2056 1798 2112 1842 et
2155 1787 2301 1842 circa

2409 1787 2591 1859 πατὴρ
2624 1791 3010 1844 ὲπεπιστεύκει
3034 1795 3364 1864 ἐπιτροπὴν,
3400 1796 3433 1865 ἡ
3470 1795 3677 1864 κρηπὶς
3719 1794 3816 1847 καὶ
3871 1793 4008 1863 ῥίζα

712 1888 1118 1944 Thessalonicae
1168 1901 1397 1956 campos
1439 1882 1646 1939 Persici
1678 1882 1957 1938 exercitus
1994 1880 2193 1934 ducem
2221 1879 2306 1933 of-

2409 1882 2546 1943 τέως
2569 1884 2721 1954 αύτῷ
2754 1887 2851 1956 τῆς
2875 1887 2939 1940 ὲκ
2972 1888 3080 1942 τῶν
3102 1890 3366 1960 χειρόνων
3407 1891 3462 1953 ές
3494 1891 3594 1954 τὰς
3631 1889 3878 1960 βελτίους
3911 1891 4012 1943 τύ·

711 1980 998 2045 fendisset,
1039 1994 1283 2049 eumque
1339 1987 1398 2032 ut
1443 1993 1541 2046 par
1586 1983 1710 2030 erat
1768 1973 2089 2037 salutasset,
2135 1973 2299 2026 ambo

711 2075 843 2144 quid
875 2074 1020 2128 facto
1043 2087 1186 2143 opus
1218 2070 1364 2126 foret
1389 2071 1537 2124 inter
1567 2084 1626 2122 se
1657 2067 2056 2120 deliberarunt.

2409 1992 2510 2045 χας
2533 1976 2772 2047 κατέστη
2815 1978 3146 2049 μεταϐολῆς.
3175 1981 3334 2034 Οὕτω
3365 1981 3547 2035 τοίνυν
3568 1981 3740 2035 ἐλθὼν
3767 1984 3830 2035 ὲκ
3865 1982 4010 2052 Bap-

2411 2069 2612 2139 ροίαςὸ
2651 2069 2932 2139 βασιλεὺς,
2969 2073 3063 2126 καὶ
3102 2074 3247 2144 ἀμφὶ
3297 2077 3429 2136 τοὺς
3467 2074 3568 2144 τῆς
3599 2075 4012 2149 Θεσσαλονίκης

712 2171 918 2241 ἀγροὺς
965 2168 1044 2239 τῷ
1084 2169 1189 2237 τῆς
1252 2165 1529 2235 Περσικῆς
1584 2164 1867 2231 δυνάμεως
1922 2159 2299 2229 ἐντετυχηκὼς
2336 2162 2569 2235 ἡγεμόνι
2606 2168 2708 2237 (8),
2737 2170 2833 2224 καὶ⁵
2883 2171 3272 2242 ἀσπασάμενος
3303 2174 3371 2227 τὰ
3415 2174 3630 2239 εἰκότα,
3701 2176 3832 2244 περὶ
3893 2173 4011 2227 τῶι

713 2265 1005 2338 πρακτέων
1036 2264 1205 2333 ἄμφω
1245 2261 1389 2314 κατά
1427 2261 1568 2329 σφᾶς
1596 2257 1965 2310 ἐϐουλεύοντο.

784 2357 877 2413 ιιι.
913 2355 1438 2411 Thessalonicenses
1487 2361 1695 2416 autent,
1751 2367 1876 2406 cum
1915 2354 2173 2426 gregibus
2228 2364 2313 2408 at-

713 2465 822 2520 que
866 2447 1132 2502 armentis
1177 2445 1322 2497 intra
1363 2458 1550 2497 muros
1588 2443 1860 2508 conclusi,
1895 2454 1952 2500 et
1985 2445 2086 2515 ipsi
2122 2459 2309 2499 rerum

717 2539 1158 2596 necessariarum
1181 2535 1410 2604 penuria
1441 2534 1786 2600 laborabant,
1817 2544 1873 2590 et
1897 2536 2086 2592 bestiis
2105 2537 2310 2601 deerat,

714 2649 827 2705 quo
861 2633 1166 2686 alerentur.
1200 2629 1330 2694 Qua:
1361 2643 1486 2681 cum
1526 2626 1842 2695 frequentes
1869 2629 2116 2698 quotidie
2146 2627 2311 2683 cade-

715 2734 860 2786 rent,
878 2735 932 2778 et
951 2734 1089 2777 teter
1103 2722 1227 2775 inde
1240 2721 1376 2773 odor
1391 2734 1575 2773 aerem
1589 2719 1941 2788 corrupisset,
1959 2720 2086 2774 hinc
2105 2719 2306 2795 factum

715 2829 821 2880 est,
843 2827 900 2870 ut
924 2831 1051 2870 cum
1085 2814 1136 2867 id
1161 2814 1307 2867 cives
1348 2825 1494 2880 aegre
1519 2810 1747 2875 ferrent,
1771 2821 1955 2880 aperta
1977 2811 2176 2864 seditio
2199 2812 2310 2864 or?-

716 2919 890 2963 retur.
908 2907 1119 2973 Quibus
1137 2905 1283 2960 enim
1305 2903 1419 2956 ruri
1447 2901 1819 2971 possessiones
1851 2911 2030 2966 erant,
2061 2902 2125 2956 iis
2151 2917 2311 2972 agros

715 3001 921 3055 vastari
976 3013 1143 3069 grave
1192 3007 1333 3050 erat.
1388 2994 1496 3047 Sed
1541 3004 1596 3048 et
1647 2993 1739 3061 qui
1787 2994 2054 3062 pecudum
2094 3011 2307 3064 greges.

716 3105 774 3150 et
807 3094 973 3148 boum
1024 3091 1175 3161 juga,
1203 3100 1260 3142 et
1285 3088 1536 3158 jumenta
1564 3086 1668 3138 alia
1700 3085 1960 3153 quaelibet
2012 3087 2308 3149 habebant,

718 3190 756 3241 ii
797 3201 1019 3256 quoque
1067 3183 1316 3236 molestia
1364 3178 1775 3242 afticiebantur,
1818 3193 1942 3231 cum
1990 3189 2043 3231 ct
2092 3179 2303 3230 illarum

721 3293 902 3333 rerum
941 3280 1123 3343 jacere
1170 3272 1451 3327 c0nfusam
1511 3281 1769 3339 stragem,
1824 3280 1881 3324 et
1923 3284 2050 3324 suas
2084 3270 2150 3323 de
2202 3257 2376 3324 illisC

717 3388 847 3443 spes
874 3367 1037 3425 simul
1061 3380 1253 3422 omnes
1282 3363 1570 3418 intermori
1593 3363 1868 3419 viderent.
1894 3360 2104 3426 Quibus
2123 3372 2303 3415 autent

721 3479 901 3519 coaava
932 3470 1231 3532 paupertas
1277 3458 1600 3519 inoleverat,
1631 3454 1799 3526 674
1836 3467 2064 3526 angusta
2099 3470 2152 3507 re
2187 3457 2305 3507 ani-

724 3571 869 3611 mum
923 3554 1145 3608 acribus
1194 3549 1433 3606 stimulis
1509 3558 1780 3618 urgente,
1834 3547 1871 3600 ii
1925 3547 2208 3600 turbarum
2258 3556 2313 3600 ct

725 3648 1057 3703 tumultuunt
1097 3658 1365 3698 novorum
1408 3639 1709 3710 cupiditate
1758 3639 2062 3702 fervebant,
2100 3647 2154 3692 et
2180 3653 2310 3691 ocu-

726 3744 903 3795 lorum
955 3736 1348 3806 malignitatem
1383 3734 1438 3787 in
1471 3732 1671 3787 divites
1719 3731 2077 3787 intendebant
2099 3773 2113 3797 ,
2147 3742 2200 3784 ct
2232 3731 2314 3783 fu-

725 3847 906 3888 rorem
938 3830 1104 3884 animi
1140 3827 1223 3882 sui
1252 3825 1558 3897 gestiebant
1583 3838 1865 3878 exercere.

797 4037 890 4092 IV.
927 4035 1024 4090 His
1054 4035 1128 4088 ita
1158 4031 1412 4086 bifariam
1439 4029 1655 4092 divisis,
1679 4029 1849 4084 etiam
1879 4029 2037 4083 tertia
2065 4029 2313 4099 quadam

724 4129 891 4185 factio
940 4125 1194 4189 accessit,
1240 4123 1415 4194 plebis
1453 4123 1740 4190 colluvies,
1791 4138 1915 4193 quae
1955 4124 2021 4178 de
2056 4123 2180 4192 jure
2222 4133 2318 4178 aut

728 4220 930 4292 injuria
977 4218 1117 4273 nihil
1165 4217 1466 4287 quidquam
1513 4215 1700 4278 audit;
1733 4215 1828 4270 sed
1857 4215 2016 4269 facile
2058 4227 2315 4284 tanquam

727 4312 1150 4366 instrumentum
1205 4324 1236 4362 a
1283 4308 1534 4378 quolibet
1581 4307 1802 4362 volente
1845 4308 2122 4373 trahitur,
2173 4323 2316 4378 quo~

727 4416 947 4471 cunque
1013 4399 1180 4455 animi
1246 4398 1405 4468 praait
1475 4396 1832 4466 pervicacia,
1898 4396 1953 4451 in
2015 4399 2314 4468 perniciem

729 4511 919 4548 eorum
959 4492 1167 4563 quibus
1235 4489 1534 4544 invidetur.
1591 4488 1782 4558 Neque
1829 4490 1975 4543 enim
2042 4491 2313 4558 ejusmodi

731 4586 984 4640 homines
1028 4599 1185 4639 suam
1237 4583 1519 4637 libidinem
1567 4581 1844 4636 dominam
1885 4581 2029 4637 ferre
2063 4595 2313 4653 possunt,

729 4693 909 4748 neque
955 4678 1285 4731 constitutas
1314 4675 1384 4749 ab
1414 4674 1663 4743 antiquis
1697 4674 1883 4743 leges;
1935 4676 2028 4744 qui
2061 4677 2230 4730 vitam
2261 4677 2316 4730 in

726 4766 887 4823 libris
934 4776 1255 4836 perpetuam
1307 4762 1532 4827 habent,
1587 4773 1755 4832 atque
1804 4763 1930 4818 inde
1977 4765 2320 4834 respublicas

731 4859 1040 4913 ordinando
1064 4866 1121 4912 et
1142 4869 1438 4926 pravorum
1469 4854 1763 4909 aﬂ‘ectunm
1788 4864 1971 4909 motus
1990 4857 2320 4927 corrigendo

730 4953 1016 5006 hominum
1063 4949 1310 5004 felicitati
1361 4962 1579 5017 semper
1629 4949 1966 5002 consulunt:
1998 4951 2115 5015 sed,
2146 4952 2317 5006 veluti

730 5044 898 5096 maris
947 5043 1148 5095 fluctus
1188 5039 1418 5095 cuilibet
1469 5048 1632 5094 vento
1666 5039 1917 5095 savienti
1967 5039 2123 5096 facile
2158 5043 2316 5098 obsc-

729 5144 965 5205 qncutes
998 5133 1237 5187 infelicia
1269 5132 1480 5202 navigia
1511 5131 1646 5201 ipsis
1675 5146 1798 5185 cum
1827 5131 2145 5188 hominibus
2172 5152 2318 5190 mer-

731 5237 887 5298 gunt,
936 5229 1017 5282 sic
1068 5225 1158 5280 isti
1206 5224 1436 5279 divitum
1487 5225 1679 5278 domos
1715 5224 1962 5279 funditus
2007 5239 2318 5283 evertentcs

735 5320 986 5373 hostilem
1047 5317 1289 5388 gladium
1343 5318 1396 5369 in
1450 5316 1777 5398 miserorum
1837 5328 2003 5386 caput
2070 5320 2211 5373 ftetlc
2264 5334 2318 5374 ct

733 5413 1067 5481 impotenter
1095 5411 1215 5466 sine
1249 5409 1360 5463 ulla
1392 5409 1608 5464 ratione
1637 5409 1933 5465 incutiunt.

2484 2336 2560 2407 1";
2599 2354 2726 2417 Τοῖς
2784 2373 2848 2423 γε
2907 2357 3016 2426 μὴν
3073 2358 3555 2426 Θεσσαλονικεὼι,
3606 2363 3802 2431 τειχῶν
3855 2361 4011 2424 ἐντὸς

2411 2445 2817 2515 συγκλεισθεῖσι
2865 2451 3005 2518 μετά
3046 2452 3158 2506 τῶν
3217 2454 3487 2523 ποιμνίων
3543 2455 3638 2507 καὶ
3680 2453 4002 2524 βουκολίων,

2408 2540 2592 2604 αὐτοῖς
2623 2557 2683 2594 τε
2710 2542 3134 2614 έστενοχωρεῖτο
3179 2547 3248 2600 τὰ
3283 2547 3574 2618 ἐπιτήδεια
3609 2549 3701 2600 καὶ
3731 2551 3842 2608 τοῖς
3873 2548 4003 2601 ἀλό-

2407 2649 2526 2701 γοις
2557 2631 2718 2697 ζώοις
2748 2633 2896 2705 χιλὸς
2930 2637 3032 2689 οὐκ
3056 2633 3126 2710 ἦν
3149 2652 3164 2668 ·
3199 2637 3320 2711 ἀδὴ
3346 2641 3440 2692 καὶ
3467 2639 3592 2693 καθ’
3625 2641 3843 2711 ἡμέραν
3864 2639 4004 2695 ἄλλα.

2408 2724 2497 2778 ἐπ’
2532 2725 2714 2790 ἄλλοις
2738 2727 2996 2794 ίπιπτον,
3033 2732 3130 2784 καὶ
3161 2731 3222 2784 τὸ
3257 2730 3510 2785 ἐντεῦθεν
3542 2733 3782 2796 δυσῶδες
3819 2735 4002 2784 νοσεῖν

2408 2819 2794 2888 παρεσκεύαζε
2816 2823 2907 2874 τὸν
2935 2823 3074 2893 ἀέρα
3095 2838 3110 2854 ⁸
3137 2824 3230 2894 ὑφ’
3258 2819 3334 2879 ὧν
3362 2825 3687 2895 ἀχθομένοις
3712 2824 3998 2877 συνέϐαινε

2407 2910 2719 2976 στασιάζειν
2774 2913 3046 2984 λαμπρῶς
3082 2919 3196 2978 τοῖς
3254 2915 3522 2977 πολίταις.
3586 2909 3682 2977 Οἷς
3732 2914 3833 2983 μὲν
3886 2912 3999 2982 γὰρ

2406 3006 2631 3074 κτήσεις
2661 3005 2737 3076 (9)
2767 2999 2912 3076 ἦσαν
2936 3006 3144 3076 ἀγρῶν,
3174 3006 3440 3077 ἄχθεσθαι
3483 3008 3631 3077 ἐνῆν,
3658 3007 3766 3059 τῶν
3806 3006 3998 3076 ἀγρῶν

2405 3097 2721 3167 δῃουμένων
2749 3117 2763 3130 ο
2785 3092 2868 3164 οἷς
2890 3100 2936 3152 δ’
2961 3101 3155 3169 ἀγέλαι
3180 3102 3474 3169 ποιμνίων.
3505 3103 3601 3155 καὶ
3631 3102 3804 3170 ζεύγη
3835 3099 3999 3170 βοῶν,

2409 3191 2506 3243 καὶ
2534 3193 2706 3244 ὁπόσα
2739 3193 2849 3246 τῶν
2881 3194 3203 3265 ἀχθοφόρων
3224 3195 3400 3260 ζώων,
3425 3195 3683 3248 ἀνιᾶσθαι
3711 3193 4003 3247 συνέϐαινε

2413 3283 2512 3336 καὶ
2541 3284 2750 3351 αὐτοῖς,
2787 3285 2927 3337 αὑτά
2949 3304 3004 3339 τε
3043 3287 3339 3358 θεωμένοις
3371 3289 3491 3358 είκῆ
3539 3289 3876 3358 φθειρόμενα
3907 3287 4006 3341 καὶ

2414 3376 2616 3446 ἁθρόας
2661 3377 2761 3438 τάς
2806 3377 2894 3429 ἐπ’
2923 3379 3106 3442 αὐτοῖς
3163 3378 3384 3442 ἐλπίδας
3421 3379 3763 3450 θνησκούσας
3796 3379 4003 3432 αὐτῶν.

2416 3464 2510 3531 Ui;
2540 3468 2584 3521 δ’
2622 3470 2905 3540 ἡλικιῶτις
2941 3466 3007 3542 ἦν
3036 3473 3069 3541 ή
3108 3471 3267 3524 πενία
3303 3471 3399 3525 καὶ
3432 3473 3492 3524 τὸ
3518 3471 3721 3540 κοῦφον
3755 3471 3852 3524 τοῦ
3886 3471 4007 3540 βίου

2415 3563 2475 3615 τὸ
2508 3567 2582 3633 μὴ
2609 3564 2934 3633 βουλόμενον
2969 3565 3204 3634 ἰσχυρῶς
3237 3565 3498 3634 ὲμάστιξε
3525 3566 3628 3633 τῆς
3659 3565 4008 3634 ψυχῆς,τούο

2416 3672 2526 3716 τοις
2549 3656 2592 3706 δ’
2627 3656 2812 3724 ἔφεσις
2837 3660 3000 3711 νεωτέ
3013 3676 3121 3728 ρων
3148 3660 3469 3728 συνήκμαζε
3503 3659 3763 3729 ταραχῶν
3797 3659 3893 3711 καὶ
3917 3658 4009 3711 00-

2419 3746 2623 3819 ρύϐων,
2655 3752 2750 3802 καὶ
2786 3752 2926 3804 κατὰ
2958 3752 3068 3804 τῶν
3101 3752 3374 3805 πλουείων
3403 3755 3434 3822 ὴ
3463 3752 3737 3822 βασκανία
3762 3753 3878 3822 (10)
3897 3755 4009 3808 τῶν

2417 3839 2712 3908 ὀφθαλμῶν
2736 3841 2992 3908 ἐτείνετο,
3025 3842 3120 3895 καὶ
3152 3842 3219 3894 τὸ
3273 3843 3504 3911 μανικὸν
3540 3844 3771 3913 ⁴ήσκεῖτο
3802 3843 4010 3914 σέὸδεια

2416 3934 2512 4002 τῆς
2537 3933 2789 4002 γνώμης.

2489 4027 2564 4082 Δ’.
2603 4023 2820 4078 Τούτων
2855 4024 2900 4077 δ’
2930 4025 3104 4089 οὕτως
3137 4025 3486 4097 διῃρημένων
3513 4025 3700 4096 διπλῇ,
3724 4027 3818 4078 καὶ
3851 4027 4013 4098 τρίτη

2422 4121 2587 4189 μοῖρά
2619 4137 2701 4182 τις
2726 4121 2910 4182 αὐτοῖς
2945 4122 3213 4190 ἐπεφύετο
3238 4122 3617 4194 συρφετώδης,
3657 4123 4013 4194 δικαιοσύνης

2420 4214 2549 4281 πέρι
2575 4210 2662 4282 [Ρ.
2689 4212 2818 4286 421]
2850 4215 2947 4267 καί
2977 4215 3193 4278 ἀδικίας
3223 4216 3379 4269 οὐδὲν
3403 4217 3694 4282 ἰπαῖουσα,
3733 4217 3850 4271 ἀλλ’
3878 4220 4014 4286 ἀγο-

2423 4305 2560 4375 μένη
2607 4307 2804 4377 ῥαδίως
2862 4306 3119 4378 καθάπερ
3169 4309 3335 4362 ὅπλον
3378 4311 3487 4372 τοῖς
3522 4310 3681 4377 ἄγειν
3709 4311 4016 4377 ἐθέλουσιν,

2419 4399 2539 4450 ὅποι
2566 4400 2627 4450 τὸ
2659 4398 2888 4462 αὔθαδες
2921 4400 3212 4469 ὑφηγεῖται
3241 4402 3339 4471 τῆς
3370 4403 3618 4474 γνώμης,
3657 4406 3750 4456 ἐπὶ
3781 4406 4010 4474 πο-ιήρῳ

2418 4490 2528 4542 τῶν
2561 4490 2965 4562 φθονουμένων.
3024 4491 3165 4545 Οῠτε
3223 4494 3334 4563 γὰρ
3379 4495 3681 4566 αὐτονομίᾳ
3736 4495 4017 4548 δουλεύειν

2350 4611 2396 4668 D
2421 4578 2561 4635 οἶδεν
2586 4585 2614 4635 ὀ
2637 4583 2807 4653 δῆμος
2829 4579 3004 4648 οὗτος.
3035 4584 3159 4638 οὔτε
3189 4586 3376 4654 νόμοις
3403 4585 3619 4658 ἀνδρῶν
3651 4587 3925 4652 παλαιῶν,
3955 4590 4018 4641 τὸ

2409 4675 2522 4745 ζῇν
2551 4678 2609 4728 έν
2633 4681 2750 4739 ταῖς
2783 4677 2991 4745 βίϐλοις
3019 4678 3281 4748 ἐχόντων,
3328 4681 3585 4732 κάκεῖθεν
3637 4680 3706 4733 τά
3759 4679 4018 4734 πολιτικά

2423 4768 2804 4839 ρυθμιζόντων
2832 4772 3160 4841 πράγματα.
3193 4773 3289 4824 καὶ
3319 4775 3432 4835 τοῖς
3467 4772 3576 4824 τῶν
3606 4773 3829 4825 ἀτόπων
3864 4775 4018 4843 κινήκ

2426 4878 2592 4933 μασιν
2616 4861 2784 4927 ἕξεων
2816 4863 2950 4934 πρὸς
2982 4863 3042 4915 τὸ
3093 4861 3356 4934 εὔδαιμον
3415 4863 3857 4934 νομοθετούντων
3885 4867 4018 4919 ἀεί·

2423 4954 2561 5017 ἀλλ’,
2629 4955 2820 5027 ῶσπερ
2874 4957 3148 5027 θαλάττης
3201 4958 3422 5027 κύματα
3470 4960 3638 5011 πᾶσιν
3669 4959 4017 5028 ἀγριαίνου-τι

2426 5047 2733 5117 πνεύμασιν
2762 5048 3006 5120 εὐχερῶς
3037 5051 3334 5104 ὑπείκοντα
3380 5052 3477 5114 τὰς
3515 5051 3804 5120 δυστυχεῖς
3841 5070 4018 5104 κατα·

2425 5136 2613 5191 δύουσι
2662 5139 2773 5192 τῶν
2831 5141 3072 5196 ὁλκάδων
3115 5142 3476 5214 αὐτάνδρους,
3512 5143 3687 5206 οὕτως
3734 5139 3884 5196 οὗτοι
3919 5146 4018 5207 τὰς

2425 5231 2537 5283 τῶν
2567 5232 2905 5304 εὐδαιμόνων
2932 5237 3108 5300 οἰκίας
3139 5239 3201 5289 ὲκ
3248 5237 3468 5309 βάθρων
3499 5238 3900 5306 ἀνατρέποντες
3958 5239 4023 5290 τὸ

2427 5324 2685 5395 πολέμιον
2739 5331 2994 5397 ἀκρατῶς
3055 5331 3195 5382 κατὰ
3245 5331 3342 5398 τῆς
3376 5332 3482 5382 τῶν
3537 5330 3744 5384 ἀθλίων
3769 5330 4022 5399 κεφαλῆς

2425 5418 2752 5486 ἐπιφέρουσι
2785 5419 2939 5490 ξίφος
2971 5422 3211 5490 ἀφειδῶς
3233 5403 3328 5476 καὶ
3359 5421 3452 5487 ξύν
3481 5438 3544 5490 γι
3573 5422 3718 5492 λόγῳ
3745 5421 3944 5475 cuia-ai.

2053 5506 2391 5571 \‘ariorum
2426 5523 2616 5574 nota).

803 5609 879 5680 (6)
911 5608 1116 5663 Tamen
1145 5607 1564 5662 Cantacuzenns
1607 5610 1684 5664 ait
1712 5622 1771 5662 se
1803 5625 2028 5677 Operam
2065 5619 2179 5662 tum
2211 5611 2308 5662 de-

731 5683 900 5743 disse,
939 5696 1002 5732 ne
1035 5681 1158 5748 quid
1189 5680 1366 5731 tralia
1398 5681 1665 5745 provincia
1699 5681 1996 5733 detrimenti
2023 5683 2301 5749 acciperet.

733 5757 829 5805 lib.
866 5769 943 5809 ιιι,
968 5768 1088 5820 cap.
1127 5750 1214 5802 64.
1252 5750 1465 5806 Βυικίκ.

805 5824 1271 5890 (7)Cantnenzen.
1327 5822 1556 5890 captiti,
1612 5820 1886 5892 pag.568.
1960 5821 2193 5876 Dl‘CANG.

806 5893 884 5964 (8)
909 5901 1206 5948 tantatuz.
1266 5894 1399 5947 ibid.
1438 5893 1668 5946 DI‘CASG.

2488 5615 2563 5685 (9)
2587 5617 2974 5691 Cantacuzen.
3009 5637 3129 5691 cap.
3161 5619 3253 5675 64.
3292 5621 3524 5676 Decus.

2491 5690 2602 5758 (l0)
2657 5689 2804 5745 Utin
2865 5689 3179 5746 divites‘ac
3238 5693 3401 5748 Urbis
3459 5694 3735 5762 primores
3784 5694 4024 5761 grassati

2416 5756 2870 5821 fuerintletotne,
2910 5765 3157 5831 pluribus
3213 5776 3395 5817 narrat
3446 5756 3744 5818 (autat-ul.
3787 5756 3902 5818 Ἧι».
3938 5782 4022 5829 ιιι,

2417 5844 2552 5898 (ηψπ
2580 5833 2667 5884 ιιι.
2703 5831 2937 5885 υιέιικι..
