4242 6446
237 409 346 472 981
649 404 724 477 [Α.
763 419 814 461 c.
860 405 1020 476 1345]

1276 409 1718 472 ΒΥΖΛΝΤῙΝΕ
1759 411 2142 474 ΗΙΞΤΟΠΙΕ
2180 417 2319 478 LIB.
2365 419 2533 478 Xiil.

2649 414 2785 488 {una
2826 432 2869 471 ι.
2914 422 3148 474 mmet.
3186 417 3242 493 3]

3402 422 3512 489 902

308 523 384 580 E'.
413 525 810 600 ῐιεπλασμένης
831 522 924 580 οὖν
949 525 1153 596 ἀρτίως
1175 527 1254 590 είς
1277 526 1372 579 τὸν
1402 527 1572 596 δῆμον
1603 529 1815 596 ῥυείσης

2003 531 2062 585 ν.
2098 531 2234 586 Cum
2269 534 2452 602 itaque
2481 533 2625 587 fama
2654 549 2848 588 recens
2891 534 3124 590 conficta
3151 535 3219 589 ad
3248 539 3508 606 populum

236 619 451 686 φήμης,
486 617 564 681 ὡς
597 618 710 680 τοῖς
758 618 976 687 πλούτῳ
1008 619 1102 671 καὶ
1153 618 1346 684 ἀγροῖς
1382 617 1477 668 καὶ
1517 616 1826 686 βοσκήμασι

235 710 521 779 βρίθουσιν
549 710 900 764 ἀναπετάσαι
933 711 1032 774 τὰς
1051 710 1154 777 τῆς
1183 715 1398 772 πολεως
1433 709 1608 774 πύλας
1642 709 1826 779 κρύφα

237 804 568 874 μελετηϐείη
605 803 685 873 τῷ
712 803 939 872 ’βασιλιῖ
986 801 1432 870 Καντακουζηνῷ
1483 800 1583 868 τὴν
1619 799 1826 870 ζημίαν

229 899 291 950 οὑ
321 897 609 968 φέρουσιν,
644 899 722 959 εἰς
751 896 1048 950 ἀντίπαλον
1077 898 1316 966 ἔστησαν
1358 895 1556 965 μοῖραν
1586 896 1633 947 οἱ
1659 894 1823 948 πλού-

225 1009 325 1044 του
357 991 454 1044 καὶ
481 991 643 1061 δόξης
672 992 954 1060 ἐφιέμενοι.
994 992 1248 1054 πένητες,
1272 989 1368 1041 καὶ
1388 988 1486 1058 τὴν
1511 988 1818 1060 ἀνάῤῥησιν

226 1086 324 1138 τοῦ
356 1085 622 1154 ὀνόματος
649 1085 744 1136 τοῦ
781 1083 1046 1152 βασιλέως
1095 1083 1344 1136 Ἰωάννου
1384 1081 1485 1133 τοῦ
1524 1082 1818 1134 Παλαιολό-

228 1194 331 1243 γου
365 1178 508 1244 μετὰ
525 1176 627 1243 τῆς
647 1176 856 1244 μητρὸς
889 1177 984 1227 ἐπὶ
1010 1179 1180 1244 μέσης
1205 1191 1263 1226 τε
1282 1172 1582 1243 διαρρήδην
1610 1172 1817 1240 ὕμνουν

219 1268 326 1336 τῆς
358 1267 568 1329 πόλεως
620 1265 717 1318 καὶ
753 1265 873 1334 ἅμα
905 1266 1160 1334 Ζηλωτὰς
1189 1265 1335 1330 σφᾶς
1380 1262 1578 1324 αὐτοὺς
1610 1263 1815 1316 ὲπωνό-

221 1361 403 1431 μαζον
424 1361 563 1430 (Η),
589 1360 822 1428 ὀνόμασι
849 1361 1108 1429 χρηστοῖς
1131 1357 1234 1426 τὴν
1251 1356 1357 1425 τῆς
1383 1356 1584 1417 κακίας
1613 1356 1812 1409 ὑπόθε-

223 1473 313 1508 σιν
367 1454 816 1523 περιπέττοντις,
867 1452 964 1504 καὶ
993 1449 1088 1502 τὸν
1117 1451 1297 1520 δῆμον
1351 1449 1430 1510 είς
1493 1450 1814 1518 συμμαχίαν

218 1547 476 1609 ἐκάλουν,
517 1544 725 1614 κερδῶν
771 1543 1011 1612 ἑτοίμων
1037 1541 1220 1596 ἐλπίσι
1245 1541 1374 1603 τοὺς
1418 1538 1568 1609 σφῶν
1601 1538 1812 1608 θυμοὺς

201 1640 659 1710 παραθήγοντες.

293 1735 386 1800 ς’.
425 1730 583 1784 Οὕτω
635 1728 700 1798 δὴ
745 1722 841 1781 οὖν
891 1725 1082 1796 ὥσπερ
1131 1725 1313 1795 βιαίου
1353 1724 1809 1795 κατασκήψαντος

218 1824 536 1892 πνεύματος
563 1821 643 1882 είς
662 1819 760 1888 τὴν
789 1817 969 1883 πόλιν,
992 1814 1226 1887 θόρυϐος
1256 1813 1360 1866 ἀνὰ
1388 1814 1602 1876 πάντας
1633 1816 1696 1885 δη
1707 1815 1805 1883 μό-

1934 636 2231 688 manasset,
2275 641 2371 680 eos
2403 626 2496 695 qui
2527 624 2726 694 opibus
2755 634 2811 680 et
2851 627 2998 696 agris
3023 637 3079 681 et
3108 643 3167 682 re
3196 631 3508 698 pecuniaria

1931 716 2297 780 abundarent,
2367 717 2697 772 damnorum
2767 719 3133 800 impatientes,
3200 722 3510 777 decretisse

1929 805 2067 860 clam
2103 807 2254 863 urbis
2296 819 2480 879 portas
2512 811 2828 879 imperatori
2858 810 3238 866 Cantacuzeno
3271 813 3510 882 aperire,

1928 892 1964 947 ii
1998 911 2288 965 pauperes,
2327 900 2419 968 qui
2451 914 2616 968 opum
2654 911 2709 954 et
2735 901 2923 970 glorite
2962 914 3283 971 appetentes
3323 920 3456 958 eran
3489 943 3508 968 ,

1925 1003 1992 1041 ex
2021 990 2253 1044 adverso
2277 992 2719 1059 insurrexerunt,
2752 1005 2806 1048 et
2828 1004 2935 1048 tam
2964 995 3191 1050 Joannis
3221 997 3505 1067 Palaeologi

1925 1078 2285 1149 imperatoris
2332 1099 2494 1152 quam
2548 1086 2694 1140 illius
2746 1090 2935 1141 matris
2990 1104 3187 1142 nomen
3237 1091 3289 1143 in
3328 1092 3506 1144 media

1925 1174 2058 1228 urbe
2090 1175 2236 1230 clare
2264 1186 2319 1230 et
2349 1190 2534 1245 aperte
2584 1180 2951 1243 celebrarunt,
2995 1182 3271 1252 iidemque
3305 1199 3365 1239 se
3400 1184 3505 1237 Ze-

1921 1265 2059 1322 lotas
2091 1280 2499 1338 nuncuparunt,
2537 1274 2798 1340 speciosis
2827 1273 2990 1343 675
3038 1291 3234 1343 nempe
3269 1277 3506 1331 nomini-

1922 1355 2025 1410 bus
2081 1359 2284 1412 malum
2337 1361 2678 1430 prapositum
2729 1366 2972 1419 velantes
3003 1407 3016 1426 .
3070 1377 3124 1421 et
3182 1369 3396 1436 plebem
3452 1375 3505 1426 in

1915 1443 2185 1499 auxilium
2221 1447 2584 1514 advocarunt,
2627 1453 2800 1520 parati
2847 1455 3206 1512 emolumenti
3252 1474 3349 1530 spe
3380 1463 3505 1517 ani-

1915 1548 2070 1587 mum
2108 1536 2253 1592 illius
2285 1551 2566 1597 acuentes.

1986 1713 2073 1770 Vl.
2127 1716 2265 1772 Cum
2315 1720 2481 1791 igitur
2531 1723 2608 1777 ita
2660 1726 2715 1780 in
2765 1728 2958 1785 urbem
2995 1734 3152 1802 quasi
3204 1735 3500 1794 vehemens

1912 1807 2135 1874 quidatn
2200 1822 2396 1868 ventus
2451 1815 2713 1885 impetum
2766 1821 3033 1889 fecisset,
3087 1829 3353 1885 tumultus
3404 1847 3506 1900 per

220 1934 318 1979 τας
775 1882 1074 1974 ἀτακτοςξ
1095 1910 1191 1962 καὶ
1252 1909 1453 1969 πάντες
1482 1882 1809 1978 ἁθρόοιντῶν

1911 1911 2131 1955 Omnem
2166 1904 2446 1960 civitatem
2485 1910 2787 1978 vagabatur
2834 1914 3200 1982 inordinatus.
3228 1929 3282 1975 et
3313 1922 3502 1976 cuncti

218 2010 413 2065 οίκιιῖιν
443 2006 932 2075 εὑθίιςὲξιχὶοντο,
969 2004 1067 2058 καὶ
1116 2002 1227 2056 τῶν
1280 2001 1483 2068 ἔξωθεν
1525 2000 1808 2070 πολεμίων

218 2103 379 2158 αὐτοὶ
405 2100 725 2170 πικρότεροι
753 2099 874 2160 τοῖς»
912 2095 1193 2158 πλουσίοις
1246 2095 1511 2161 ἐγίνοντο,
1537 2095 1631 2147 τόν
1658 2110 1718 2145 τε
1751 2094 1808 2145 ἂν

217 2197 339 2258 ταῖς
371 2195 568 2254 οἰκίαις
582 2189 816 2242 πλοῦτον
837 2187 1115 2257 ἅρπαγμα
1143 2187 1444 2257 λῃστρικὸν
1473 2185 1811 2253 καθιστάμε-

215 2306 298 2341 νοι
326 2290 420 2340 καὶ
455 2284 635 2338 αὐτῶν
665 2283 811 2344 ὅσοις
840 2280 1205 2350 ἐνετύγχανον
1251 2277 1491 2346 ἀφειδῶς
1519 2277 1809 2344 ἀποσφάτ-

208 2397 427 2440 τοντες,
456 2379 550 2430 καὶ
578 2374 878 2429 πολιτικῶν
913 2373 1164 2441 αἱμάτων
1193 2371 1480 2440 κρατῆρας
1519 2368 1806 2431 κενοῦντες

216 2474 277 2522 ἑν
307 2473 435 2531 ταῖς
459 2468 749 2528 πλατείαις
785 2465 885 2535 τῆς
919 2466 1148 2527 πόλεως.
1184 2463 1256 2515 Τό
1287 2479 1350 2530 γε
1375 2462 1487 2532 μὴν
1529 2461 1803 2532 ἔκκριτον,

219 2565 461 2616 καὶόσον
480 2561 579 2630 τῆς
610 2561 820 2620 πόλεως
874 2559 994 2627 ὅψις
1039 2558 1315 2626 ὑπῆρχεν,
1350 2558 1428 2617 εἰς
1452 2554 1610 2606 τοῦτο
1641 2571 1805 2606 κακο-

217 2653 507 2722 δαιμονίας
537 2651 716 2722 ἠλάθη
759 2651 846 2704 διά
879 2667 942 2717 γε
973 2650 1038 2720 δὴ
1068 2649 1129 2701 τὸ
1178 2652 1274 2717 τῆς
1300 2648 1486 2708 οὐσίας
1523 2646 1801 2716 εὔδαιμον.

217 2744 441 2798 Τούτων
471 2743 513 2795 δ’
544 2744 594 2795 oi.
629 2742 727 2813 μὲν
752 2741 984 2794 θανάτου
1018 2742 1175 2811 δίκην
1229 2739 1422 2791 ἔδοσαν
1481 2739 1800 2806 αὐθημερὸν

215 2841 336 2900 ταῖς
400 2839 501 2904 τῆς
553 2838 859 2904 δημοτικῆς
900 2835 1208 2904 παρανοίας
1238 2835 1477 2903 ὁρμαῖς·
1530 2826 1606 2884 ῶν
1641 2831 1687 2883 δ’
1746 2833 1803 2883 ὲν

217 2931 477 2998 ὑποψίαις
510 2929 590 2981 ἔτι
641 2928 702 2981 τὸ
733 2928 836 2995 τῆς
868 2925 1038 2995 τύχης
1071 2925 1252 2977 ἔκειτο
1311 2923 1503 2994 μέλλον
1537 2924 1554 2992 (
1581 2924 1799 2982 πλείους

215 3027 261 3077 δ’
290 3023 431 3076 εἶναι
463 3024 570 3074 τῶν
600 3023 924 3074 ἑαλωκότων
962 3019 1294 3072 συνέπιπτεν
1356 3020 1557 3087 σφᾶς),
1591 3018 1802 3080 τούτοις

212 3118 260 3171 δ’
294 3116 794 3185 ἐσκυθρωπακόσῐν
840 3113 967 3183 ἐνῆν
1019 3115 1294 3182 οἰκουρεῖν
1319 3152 1334 3175 ,
1376 3111 1797 3181 φυλαττομένοις

1912 1990 2230 2062 frequentes
2261 1999 2518 2056 domibus
2545 2003 2728 2056 statim
2763 2006 3148 2075 ejiciebatttur.
3175 2013 3501 2067 saeviebant-

1910 2097 2018 2151 que
2060 2083 2146 2139 isti
2181 2085 2233 2138 in
2270 2087 2471 2142 divites
2507 2091 2792 2148 crudelius
2831 2111 2995 2164 quam
3047 2099 3160 2168 ipse
3210 2100 3346 2156 foris
3393 2105 3506 2157 im-

1910 2175 2126 2231 minens
2189 2178 2381 2235 hostis.
2443 2182 2575 2237 Nam
2622 2195 2677 2239 et
2719 2203 2891 2256 opes,
2950 2207 3073 2261 qua:
3129 2193 3182 2247 in
3234 2195 3500 2253 domibus

1908 2277 2118 2332 essent,
2149 2268 2423 2324 latronum
2470 2289 2621 2330 more
2657 2277 3011 2346 diripiebant,
3046 2291 3102 2336 et
3137 2299 3498 2357 quoscunque

1909 2356 2140 2412 divitum
2190 2361 2571 2428 ollendissent,
2609 2382 2703 2422 eos
2730 2368 3035 2426 foedissime
3066 2375 3412 2445 jugulabant,
3441 2391 3499 2436 et

1910 2451 1963 2504 in
2002 2452 2153 2507 urbis
2195 2455 2386 2522 plateis
2416 2459 2631 2514 civilem
2677 2464 2998 2532 sanguinem
3028 2467 3177 2539 large
3207 2472 3494 2543 eﬂ'useqnc

1909 2539 2258 2597 hauriebam.
2319 2545 2630 2602 Lectissitni
2692 2561 2842 2606 certe
2893 2555 3098 2611 civium
3143 2569 3199 2614 et
3246 2579 3495 2634 quoquot

1907 2643 2066 2686 erant
2095 2634 2148 2686 in
2182 2635 2320 2689 urbe
2351 2642 2782 2708 conspectiores.
2819 2645 2869 2698 in
2898 2662 2962 2702 ea
2988 2650 3491 2713 mala~ineiderunt.

1906 2737 1972 2774 eo
2005 2725 2147 2791 quod
2181 2724 2341 2781 bonis
2370 2729 2743 2788 abundarent.
2781 2736 2856 2790 Ex
2883 2737 2967 2793 his
2996 2757 3158 2808 porro
3187 2746 3278 2800 alii
3308 2751 3497 2803 statim

1911 2817 2193 2883 popularis
2225 2818 2449 2875 insaniae
2477 2823 2684 2893 impetu
2711 2843 2900 2896 pinnas
2919 2830 3215 2892 dederunt.
3246 2837 3492 2902 Quorum

1907 2916 2088 2961 autem
2130 2910 2310 2964 adhuc
2344 2913 2616 2968 incertum
2667 2928 2785 2974 erat
2830 2937 3081 2989 quaenam
3128 2927 3310 2982 futura
3345 2945 3491 2986 esset

1911 3000 2129 3054 fortuna
2168 3003 2245 3072 (et
2285 3005 2317 3056 ii
2344 3006 2566 3074 quidem
2597 3009 2954 3081 deprehensis
2984 3017 3167 3083 plures
3197 3024 3398 3093 erant),
3431 3026 3501 3079 iis

1908 3092 2181 3148 tristitiam
2249 3098 2406 3150 vultu
2480 3101 2900 3169 praeferentibus
2962 3109 3107 3162 domi
3166 3117 3495 3172 manendum

216 3215 290 3273 ib.-
321 3215 389 3263 τὰ
420 3211 595 3263 πολλα
627 3209 688 3260 τό
741 3206 793 3275 γ’
822 3209 878 3260 ἐν
909 3207 1138 3276 ἀγοραῖς
1168 3205 1266 3256 καὶ
1311 3203 1558 3272 θεάτροις
1587 3207 1801 3275 παρῤη-

1909 3196 2027 3238 erat
2054 3229 2068 3248 ,
2124 3190 2565 3261 cavendumque,
2605 3208 2671 3250 ne
2701 3197 2832 3263 quid
2868 3199 2919 3252 in
2953 3201 3076 3256 foro
3123 3216 3219 3259 aut
3264 3208 3496 3267 theatris

217 3303 444 3357 σιὰξεσθ
456 3321 530 3357 αι.

383 3321 530 3357 suat.

277 3321 499 3450 ῗΚαὶ
527 3393 645 3464 τάχ’
669 3393 735 3445 ἂν
762 3390 1128 3460 ἐτεθνήκεσαν
1154 3388 1258 3440 ὑπὸ
1286 3389 1463 3449 δέους,
1484 3389 1531 3439 εἰ
1567 3387 1639 3456 μή
1663 3402 1808 3448 τινες

212 3490 280 3538 ἐκ
332 3484 601 3555 βασιλέως
654 3482 860 3546 ἔξωθεν
922 3480 1137 3540 ἐλπίδες
1190 3478 1639 3546 είσπορευόμεναί
1692 3492 1808 3537 πως

214 3576 591 3646 ἁνερῤώννυόν
613 3591 673 3625 τε
700 3573 838 3642 πρὸς
866 3571 929 3624 τὸ
959 3571 1199 3639 εὔψυχον
1222 3570 1323 3620 καὶ
1367 3570 1426 3619 τὸ
1459 3569 1806 3636 λογιζόμενον

215 3668 508 3737 τῆςψοχῆς
540 3666 673 3734 πρὸ,
701 3665 951 3732 τὸμῆφον
975 3662 1358 3716 ἀνεκαλοῦντο.
1395 3661 1561 3713 Μὸναι
1579 3673 1686 3730 γαρ
1712 3655 1808 3714 αὗ-

210 3779 301 3814 ται
328 3757 672 3831 μοχθούντων
697 3758 949 3826 ἑωρῶντο
965 3758 1248 3827 τέρπουσα
1269 3755 1577 3823 τηνικαῦτα
1597 3755 1803 3824 κρηπὶς

213 3853 515 3922 λογισμῶν,
549 3850 643 3903 καὶ
674 3852 814 3919 πρός
842 3865 933 3916 γε,
968 3848 1056 3920 [Ρ.
1087 3845 1220 3919 422]
1248 3847 1551 3916 φροντίδων
1574 3850 1651 3908 εἰς
1672 3849 1804 3899 από-

209 3963 413 4013 γνωσιν
438 3942 763 3995 ὁλισθαίνειν
793 3941 1246 4003 κινδυνευουσῶν,
1287 3941 1462 4008 πρᾶος
1494 3943 1660 4007 φαναι
1697 3941 1794 3992 καί

209 4054 352 4099 τινος
415 4033 636 4097 ἀπόζων
690 4032 967 4102 εὐθυμίας
1015 4033 1278 4102 ζέφυρος.
1345 4031 1407 4084 Ei
1461 4034 1570 4098 γὰρ
1615 4032 1799 4084 καὶτὸ

208 4127 406 4196 ψεῦδος
433 4128 734 4196 ὀμόστεγον
757 4123 930 4177 ἐνίοτε
960 4123 1248 4190 φαίνονται
1288 4126 1652 4193 κεκτημέναι,
1680 4124 1798 4176 ἀλλ’

207 4220 304 4273 οὖν
331 4217 564 4271 τοιαῦτα
596 4236 712 4279 πως
759 4217 1136 4270 εἰδωλοποιεῖν
1183 4215 1531 4282 ἐπεφύκεσαν
1571 4218 1657 4268 ἀεὶ
1703 4217 1797 4268 καὶ

206 4310 666 4381 προτνποῦσθαι,
731 4309 989 4378 καθάπερ
1029 4311 1096 4360 ὲκ
1177 4308 1438 4374 γειτόνων
1495 4307 1795 4377 παριοῦσαι

194 4405 518 4472 *παρήγοροι
547 4400 885 4462 πιτιτοὺσαις
918 4400 980 4466 ἐξ
1002 4399 1243 4470 ἀθυμίας
1287 4399 1510 4468 ψυχαῖς,
1551 4404 1648 4461 τας
1692 4400 1790 4468 τῆς

203 4495 442 4565 ὀρέξεως
478 4493 781 4561 φαντασίας
811 4491 1190 4562 συλλήπτορας
1221 4492 1481 4560 ἔχουσαι.
1542 4491 1707 4544 Ἀλλὰ
1731 4494 1790 4544 τὸ

1914 3278 2076 3346 paulo
2108 3280 2372 3335 audacius
2404 3285 2890 3353 proloquercntur.

1986 3370 2094 3425 VII.
2144 3377 2322 3442 Atque
2376 3375 2451 3428 illi
2506 3393 2616 3445 pra:
2665 3389 2812 3434 metu
2885 3383 3136 3442 fortassis
3198 3395 3489 3451 exanimati

1909 3475 2114 3529 c~sent,
2152 3467 2252 3519 nisi
2297 3484 2393 3523 eos
2423 3486 2550 3538 spes
2600 3487 2720 3539 quae
2745 3474 2846 3527 iam
2897 3476 3032 3532 foris
3058 3481 3125 3534 ab
3158 3482 3490 3552 imperatore

1908 3559 2260 3616 advenientes
2288 3565 2354 3616 ad
2391 3565 2781 3622 confidendum
2830 3571 3156 3635 ercxissent.
3187 3592 3492 3648 eorumque

1903 3647 2170 3719 judicium
2202 3654 2268 3706 ad
2299 3657 2588 3712 sanitatem
2645 3672 3016 3717 rcvucasseut.
3051 3662 3142 3723 Er
3167 3669 3314 3729 enim
3359 3647 3487 3732 soise

1900 3743 2201 3812 jucundum
2254 3747 2588 3804 videbantur
2615 3769 2684 3806 eo
2716 3763 2957 3824 tempore
2990 3761 3286 3821 laborantis
3315 3772 3453 3824 ratio
3473 3804 3484 3813 -

1904 3838 1990 3890 nis
2024 3839 2417 3893 adminiculum
2450 3859 2462 3894 :
2497 3853 2661 3912 atque
2708 3847 2798 3902 hic
2829 3849 2961 3905 lenis
3005 3858 3158 3921 quasi
3205 3858 3488 3933 Zephyrus

1900 3943 2092 3981 eorum
2140 3946 2303 3985 curas
2367 3934 2734 4002 desperationi
2793 3943 3074 4009 proximas
3129 3947 3380 4018 levabat,
3428 3968 3484 4010 et

1901 4020 2190 4087 quentdam
2240 4025 2411 4078 veluti
2447 4026 2674 4082 odorem
2716 4035 3034 4090 securitatis
3066 4042 3334 4107 spirabat.
3363 4045 3480 4102 Etsi

1897 4114 2043 4163 enim
2075 4127 2201 4180 spes
2233 4113 2337 4167 illa:
2374 4115 2630 4170 videntur
2677 4120 2974 4190 aliquando
3020 4129 3232 4183 socium
3280 4132 3480 4190 habere

1898 4200 2266 4266 mendacium,
2298 4215 2352 4257 at
2382 4221 2443 4258 ea
2470 4207 2638 4279 676
2670 4225 2889 4282 semper
2934 4216 3151 4272 illarum
3182 4221 3263 4276 vis
3287 4235 3392 4288 est,
3425 4239 3485 4283 ut

1903 4289 2220 4348 istiusmodi
2256 4297 2522 4367 imagines
2547 4302 2785 4358 offerant
2817 4316 2872 4360 et
2910 4323 3239 4380 proponant,
3269 4332 3332 4372 ac
3363 4330 3482 4373 tan-

1898 4400 2064 4452 quam
2115 4387 2508 4444 cousolatrices
2549 4391 2752 4448 labanti
2783 4411 2848 4450 ex
2881 4399 3262 4468 desperatione
3295 4411 3482 4463 animo

1895 4474 2073 4526 adsint
2107 4478 2175 4529 de
2205 4479 2538 4548 propinquo,
2585 4485 2873 4552 speciebus
2905 4505 3101 4561 nempe
3139 4495 3207 4550 iis
3231 4514 3354 4567 qua:
3386 4518 3483 4572 ap-

210 4587 311 4656 μὲν
341 4587 575 4654 πάσχειν
609 4587 671 4636 ὲκ
695 4584 946 4653 διαδοχῆς
992 4582 1232 4652 συνεχῶς
1259 4587 1370 4645 τοῖς
1415 4583 1789 4654 ταλαιπώροις
1825 4573 1866 4629 0
1899 4567 2087 4632 νειίιυί
2149 4569 2336 4624 ίηευηί
2394 4573 2803 4642 θάίυνδηιίυυε·
2853 4581 2924 4634 Al
2975 4583 3199 4642 ἱηιετὶηι
3258 4593 3482 4650 miserLs

202 4680 487 4731 ἐλέλειπτο
521 4679 613 4730 καὶ
641 4678 826 4746 παρῆν
855 4693 869 4706 ·
917 4677 978 4728 τὸ
999 4676 1056 4729 δὲ
1093 4679 1202 4727 τῶν
1234 4677 1468 4728 ἐλπίδων
1507 4677 1789 4746 προμηθὲς

205 4773 338 4823 σκιά.
365 4787 446 4830 τις
477 4764 545 4838 ἦν
578 4769 770 4837 ἡδονῆς
805 4770 897 4820 καὶ
953 4767 1193 4830 δικτύοις
1224 4771 1567 4836 συναγομὲνη
1612 4768 1747 4836 πνοή
1770 4784 1783 4797 ο

203 4852 286 4918 οἷς
320 4857 381 4909 τὸ
443 4858 541 4926 μὲν
577 4858 823 4928 διαρρείν
872 4857 1068 4925 ἁθρόον
1113 4857 1291 4910 ἔνεστι
1353 4859 1593 4922 πάντως,
1625 4859 1684 4910 τὸ
1731 4859 1788 4910 δὲ

208 4951 397 5020 μένειν
425 4951 562 5010 ὅλως
591 4951 690 5000 οὐκ
720 4949 921 5000 ἔνεστι.

279 5215 363 5266 d'.
405 5211 495 5280 Ὶῷ
527 5215 623 5280 μὲν
646 5214 753 5280 γὰρ
784 5211 893 5262 τῶν
913 5212 1136 5281 Περςῶν
1164 5214 1391 5282 ἡγεμόνι
1420 5231 1612 5282 περιστ
1627 5233 1783 5285 ρατοο

203 5304 459 5356 πεδεύειν
496 5302 667 5353 ἐδόκει
696 5302 795 5370 τὴν
837 5301 991 5354 πόλιν
1026 5302 1088 5352 ἐκ
1127 5318 1183 5352 τε
1214 5301 1317 5368 γῆς
1368 5318 1460 5354 και
1491 5303 1785 5371 θαλάττης,

201 5401 297 5450 καὶ
329 5396 450 5446 ὅλον
481 5396 542 5446 τὸ
569 5394 667 5462 τῆς
729 5394 1042 5464 πολιορκίας
1090 5395 1324 5461 ἐπάγειν
1376 5396 1439 5445 ἑκ
1469 5394 1569 5447 τοῦ
1604 5413 1782 5464 παρα-

201 5488 395 5556 χρῆαα
430 5486 624 5554 βίαιον,
653 5487 744 5538 καὶ
775 5486 850 5553 μὴ
876 5484 1082 5552 τρίϐειν
1115 5483 1291 5552 ἡσυχῆ
1321 5483 1661 5553 καθημένους
1688 5487 1779 5537 τὸν

200 5597 420 5651 χριινον,
473 5582 650 5647 ἔργοις
701 5578 817 5630 ἐνὸν
852 5579 917 5629 τὰ
948 5575 1047 5643 τῆς
1080 5576 1257 5645 μάχης
1292 5579 1348 5629 ἐν
1377 5575 1573 5646 βραχεί
1602 5577 1782 5647 κρῖνε-

1897 4657 2004 4708 illis
2040 4657 2088 4709 id
2122 4660 2564 4729 relinquebatur,
2597 4666 2646 4719 id
2679 4681 2992 4738 supererat,
3029 4685 3085 4730 ut
3114 4692 3305 4734 eorum
3339 4687 3478 4738 mala

1895 4745 2050 4812 quasi
2091 4763 2187 4816 per
2221 4752 2626 4807 successionem
2682 4759 3156 4818 continuarentur.
3210 4769 3346 4837 Spes
3375 4788 3475 4824 au-

1897 4848 2003 4888 tem
2038 4838 2140 4892 illa:
2176 4843 2532 4908 providentes
2583 4847 2720 4900 nihil
2753 4850 2900 4904 aliud
2942 4866 3120 4920 erant,
3170 4860 3273 4912 nisi
3321 4864 3478 4916 volu-

1897 4934 2061 4997 ptatis
2098 4932 2289 4985 umbra
2323 4936 2571 5002 quantam
2612 4947 2665 4990 et
2705 4953 2904 4996 ventus
2952 4956 3175 5000 coactus
3203 4949 3255 5004 in
3297 4954 3430 5006 retia
3462 4972 3476 5016 ;

1896 5035 2130 5088 quorum
2163 5039 2226 5077 ea
2253 5037 2336 5077 est
2366 5037 2580 5093 natura,
2616 5044 2675 5084 ut
2702 5036 2888 5086 statim
2936 5037 3207 5104 perﬂuant
3234 5045 3381 5097 omni
3411 5063 3476 5100 es

1898 5121 2074 5178 parte,
2113 5130 2333 5170 manere
2365 5127 2545 5171 autem
2589 5120 2746 5189 plena
2777 5136 3073 5194 nequeant.

1981 5202 2113 5260 \‘lll.
2159 5205 2374 5260 Etenim
2422 5208 2710 5265 Persarum
2759 5215 2981 5282 quidem
3028 5217 3156 5274 duci
3201 5223 3475 5290 placebat,

1898 5300 2137 5354 obsideri
2181 5300 2371 5352 utbem
2405 5311 2511 5353 tam
2548 5317 2575 5356 a
2614 5314 2757 5357 terra
2805 5321 2966 5374 quam
3000 5324 3027 5362 a
3067 5315 3222 5375 mari,
3251 5331 3314 5370 ac
3351 5326 3476 5371 totis

1898 5393 2078 5447 statim
2111 5389 2317 5443 vitibus
2340 5395 2735 5461 oppugnationi
2767 5396 3037 5466 incumbi,
3069 5420 3169 5459 nec
3196 5407 3297 5460 teri
3333 5417 3468 5461 tem-

1893 5501 1994 5554 pus
2039 5485 2112 5536 nil
2163 5485 2404 5553 agendo;
2457 5486 2606 5553 quia,
2648 5491 2694 5542 si
2743 5503 3014 5560 ageretur,
3063 5496 3214 5551 brevi
3256 5509 3478 5568 poterat

1893 5577 2063 5631 armis
2090 5574 2351 5641 decerni;
2386 5575 2551 5644 idque
2583 5591 2650 5631 co
2681 5583 2872 5649 magis,
2900 5584 3045 5652 quod
3081 5586 3321 5658 adjutrix
3359 5590 3472 5661 jam

1524 5715 1858 5776 Variorum
1914 5724 2105 5780 notaa.

273 5876 387 5944 (tt)
453 5873 584 5927 Vide
623 5875 788 5929 Gloss.
821 5873 954 5928 med.
1007 5872 1215 5925 Gra’cil.
1251 5872 1306 5924 in
1360 5869 1458 5923 hac
1486 5881 1636 5921 voce.
1667 5867 1897 5922 Dt‘cuc.
