4242 6446
272 401 378 466 913
520 397 598 472 [Α.
641 414 691 453 c.
738 399 897 471 1345]

1149 405 1591 466 ΒΥΖΑΝῚῚΝίΕ
1629 409 2011 469 ιίιςιῸιιιΑξ
2046 411 2187 474 LIB.
2221 411 2392 473 XIII.

3417 406 3525 469 9M

2684 403 2818 478 [ηερ.
2858 422 2878 460 ι
2947 418 3180 460 ρλιεοι..
3220 403 3275 474 3]

247 524 462 592 ‘:ai:pprp
510 526 606 578 καὶ
669 525 891 594 σκόλοψι
924 523 1132 595 βραχῦν
1176 541 1300 578 τινα
1343 517 1528 595 ’χῶρον
1562 525 1845 595 όρίσαντες
1877 534 1917 586 Α

1877 534 1917 586 Α
1946 533 2060 602 agri
2096 532 2331 601 spatium
2367 531 2513 588 fossa
2545 539 2603 586 et
2631 531 2773 585 vallo
2802 545 2927 584 cum
2961 527 3326 587 definiisscnt,
3365 525 3524 580 habi-

269 617 579 684 οτείχιστον
610 614 792 685 ᾤκουν
820 615 983 668 αὐτόν
1003 633 1016 646 ο
1049 616 1234 684 ἡρέμα
1272 615 1318 668 δ’
1359 615 1553 669 ἔπειτα
1584 619 1675 669 καὶ
1707 617 1848 670 κατά

276 709 451 777 βραχὺ
515 709 803 779 προίόντος
841 709 936 764 τοῦ
996 710 1189 780 χρόνου
1220 711 1402 774 λίθους
1438 711 1501 764 ἐκ
1534 729 1594 764 τε
1622 713 1724 780 γῆς
1758 713 1851 768 καὶ

275 798 546 868 θαλάττης
573 800 892 869 κομίζοντες
935 801 1112 862 οίιιίας
1138 801 1192 864 ἐς
1217 817 1277 854 τε
1318 801 1520 865 πλάτος
1554 803 1650 854 καὶ
1679 801 1851 871 μῆκος

274 890 609 962 ᾠκοδόμουν,
643 894 778 963 πρὸς
805 893 974 947 πολὺν
1009 894 1100 946 τὸν
1132 895 1270 964 ἀέρα
1300 895 1392 949 τὸν
1422 895 1620 966 δροφον
1649 895 1851 966 ἀναιρέ-

279 1002 462 1054 ροντες
488 1003 504 1019 ι
534 987 609 1050 ὡς
633 989 690 1040 ἐν
715 987 913 1056 βραχεῐ
936 988 1014 1057 τῷ
1045 988 1224 1058 χρόνῳ
1256 989 1499 1050 πλείονος
1526 988 1559 1058 ἢ
1591 987 1732 1041 κατὰ
1759 988 1852 1040 τὸν

275 1080 503 1132 δοθέντα
527 1081 670 1132 κατά
692 1081 752 1133 τὸ
777 1081 1002 1150 λεληθὸς
1023 1079 1326 1152 δράξασθαι
1351 1082 1541 1137 τόπου.
1577 1081 1851 1152 Προφάσει

273 1170 542 1224 Wet-xtth
599 1171 862 1227 πλειόνων
919 1172 1001 1226 ἐτι
1036 1177 1130 1227 καὶ
1168 1172 1459 1241 μειζόνων,
1514 1173 1610 1244 τῆς
1660 1174 1850 1246 χρείας

274 1263 440 1331 δῆθεν
485 1262 592 1316 τῶν
623 1264 1096 1335 εἰσκομιζομένων
1138 1267 1582 1336 ἀναγκαζούσης,
1612 1267 1706 1319 καὶ
1741 1267 1854 1320 τῶν

277 1357 417 1425 πρὸς
448 1355 550 1427 τὴν
576 1357 784 1427 πρᾶσιν
826 1361 920 1412 καὶ
969 1359 1178 1427 ἀγορὰν
1206 1358 1618 1428 προτιθεμένων
1653 1359 1854 1424 ὠνίων,

275 1445 767 1516 εὑρυχωροτέρους
788 1447 1030 1500 ἐτίθεντο
1062 1448 1184 1509 τοὺς
1219 1447 1330 1500 τῶν
1366 1447 1650 1501 σκολόπων
1671 1465 1730 1501 τε
1761 1449 1859 1501 καὶ

275 1539 500 1605 τάφρων
555 1538 764 1604 ιλικας,
827 1540 924 1592 καὶ
985 1539 1183 1610 τειχῶν
1230 1538 1524 1593 δπετίθουν
1559 1541 1856 1610 κρηπῖδας,

281 1629 548 1698 μειζόνων
574 1630 809 1686 ἐλπίδων
855 1631 1194 1700 ἐπαγγελίαν
1245 1631 1477 1702 ἐχούσας
1497 1647 1524 1669 ο·
1575 1633 1674 1686 καὶ
1713 1633 1858 1685 οὕτω

211 1729 219 1736 “
277 1723 515 1794 σμικρὴν
537 1725 630 1778 ἐπὶ
652 1726 874 1796 σμικρῷ
898 1723 1149 1786 τιθέντες
1179 1725 1338 1778 πόλιν
1371 1724 1586 1796 ἐχυρῶς
1616 1725 1710 1779 τοῦ
1744 1743 1859 1780 τει-

1955 635 2140 680 lavere
2185 625 2296 681 illic
2344 627 2553 696 absque
2600 623 2792 678 muris.
2839 623 3205 678 Pedctentim
3233 620 3439 675 deinde
3472 630 3527 672 et

1953 717 2236 788 paulatim,
2268 718 2601 788 procedente
2647 727 2910 786 tempore,
2944 715 3223 786 lapidibus
3272 722 3418 772 terra
3465 729 3531 768 ac

1955 812 2090 865 mari
2136 811 2438 876 convectis,
2486 812 2538 866 in
2579 811 2750 866 latum
2799 820 2856 864 ct
2893 790 3114 879 longum
3163 808 3527 867 aedificarunt.

1954 913 2095 960 tecta
2127 905 2241 974 ipsa
2274 905 2327 958 in
2371 904 2542 958 altum
2581 904 2930 966 attollentes;
2967 902 3046 956 sic
3093 912 3153 954 ut
3183 901 3368 953 furtim
3406 899 3529 966 plus

1955 997 2114 1065 spatii
2142 1012 2304 1066 quam
2333 996 2434 1050 sibi
2468 997 2656 1050 datum
2689 995 2868 1050 fuerat
2902 994 3053 1049 brevi
3083 1003 3330 1060 tempore
3364 989 3529 1061 685

1955 1091 2370 1159 occupaverint.
2397 1087 2556 1143 Plura
2579 1103 2709 1143 vero
2734 1097 2789 1142 et
2821 1087 3024 1156 majora
3058 1084 3285 1142 azdificia
3317 1093 3534 1136 exstru-

1955 1181 2080 1237 enali
2116 1197 2278 1237 causa
2305 1181 2483 1252 (quasi
2510 1183 2817 1251 importata:
2841 1179 3073 1234 sarcina:
3100 1186 3155 1233 et
3189 1194 3275 1254 res
3304 1176 3370 1231 ad
3399 1192 3534 1228 vcn-

1955 1273 2195 1328 dendum
2239 1274 2644 1345 emendumquc
2694 1272 2990 1346 proposita:
3031 1271 3315 1341 exigerent
3366 1281 3534 1338 atque

1956 1362 2259 1432 cogerent),
2290 1362 2558 1418 fossarum
2613 1372 2670 1418 et
2721 1363 2990 1418 vallorum
3039 1361 3310 1414 ambitum
3366 1359 3535 1413 latius

1959 1464 2346 1524 porrexerunt,
2376 1465 2432 1510 et
2461 1472 2523 1510 ea
2552 1459 2803 1526 iecerunt
2841 1455 3124 1510 murorum
3158 1453 3535 1515 fundamenta,

1959 1561 2081 1616 quae
2113 1547 2288 1616 majus
2319 1546 2524 1615 aliquid
2569 1548 2965 1617 pollicerentur
2994 1564 3006 1598 :
3042 1554 3207 1615 atque
3249 1545 3322 1598 ita
3355 1543 3539 1614 parvis

1957 1657 2126 1712 parva
2188 1641 2529 1695 incrementa
2575 1639 2830 1695 addendo
2891 1639 3083 1694 urbem
3133 1635 3540 1692 munitionibus

1962 1737 2348 1802 ﬁrmaverunt;
2391 1738 2464 1791 ita
2497 1744 2555 1789 ut
2593 1737 2704 1807 jam
2741 1737 2794 1790 in
2834 1743 2954 1791 tuto
2988 1745 3136 1791 esset
3167 1732 3535 1789 habitantium

276 1814 547 1886 χίσματος
575 1816 807 1887 ἔχουσαν
841 1819 1258 1888 κατεστήσαντο
1277 1834 1291 1850 °
1330 1819 1407 1882 ὡς
1437 1819 1496 1871 ἐν
1523 1818 1728 1888 βεϐαίῳ
1761 1819 1858 1889 τὴν
1891 1874 1930 1896 n

1563 1818 1728 1887 εσαίῳ
1761 1819 1858 1889 τὴν
1891 1874 1930 1896 η
1963 1825 2133 1887 salus.
2170 1841 2273 1881 nec
2305 1826 2467 1882 facile
2494 1830 2562 1881 ab
2592 1827 2704 1880 ullo
2728 1826 2968 1881 obsideri
2997 1833 3238 1896 possent.

277 1911 389 1962 τῶν
437 1909 794 1964 ἐνοικούντων
853 1911 1156 1980 ἀσφάλειαν
1209 1911 1312 1983 ήδη
1352 1911 1592 1976 κεῖσθαι,
1652 1912 1749 1965 καὶ
1784 1913 1860 1980 μὴ

279 2003 529 2073 εὐχερῶς
559 2002 648 2072 ὑφ’
681 2005 1022 2074 ότωνδήποτε
1049 2004 1199 2076 ἔχειν
1223 2003 1658 2076 πολιορκεῖσθαι.

349 2098 426 2150 Δ’.
457 2095 549 2165 Τῷ
603 2095 669 2166 δὴ
695 2097 924 2168 τοιούτῳ
987 2099 1371 2168 προτερήματι
1423 2097 1547 2159 τοὺς
1597 2097 1864 2161 Λατίνους

280 2187 627 2259 ἐπαρθέντας
681 2188 820 2256 πρὸς
867 2188 931 2242 τὸ
977 2188 1496 2260 ὑπεροπτικώτερον
1524 2187 1710 2258 αὔξειν
1737 2204 1865 2239 συν·

281 2281 465 2335 ἐδαινε
493 2279 592 2351 τὴν
620 2280 772 2350 σφῶν
825 2282 1006 2336 αὐτῶν
1032 2282 1273 2353 συγγενῆ
1303 2283 1403 2352 τῆς
1429 2279 1726 2342 αὐθαδείας
1756 2296 1861 2347 κη-

282 2375 437 2428 λίδα’
491 2374 568 2438 ὡς
607 2376 670 2428 ἐκ
721 2375 816 2428 τοῦ
850 2374 1098 2445 μείζονος
1136 2377 1238 2448 ἠδη
1265 2377 1500 2439 καὶτοῖς
1528 2374 1671 2433 κατά
1700 2375 1868 2444 συνή-

284 2469 441 2522 θειαν
482 2468 772 2541 προσιοῦσι
810 2467 1048 2532 Σκύθαις
1104 2467 1205 2533 τΞς
1261 2469 1587 2540 ἀποκρίσεις
1640 2469 1866 2524 διδόναι.

289 2564 456 2633 ’Λρτι
509 2565 694 2618 τοίνυν
756 2564 1099 2636 θρασύτερον
1152 2563 1264 2634 (2‘2)
1300 2563 1461 2631 λόγον
1521 2563 1756 2628 ἀποδοὺς
1789 2563 1870 2616 ἐνί

281 2672 395 2710 τινι
419 2655 526 2711 τῶν
553 2657 613 2710 ἐν
639 2660 707 2728 τῇ
729 2656 908 2728 ἀγορᾷ
932 2656 1157 2709 Σκυθῶν
1176 2673 1260 2719 τις
1280 2655 1388 2709 τῶν
1413 2657 1485 2708 τὰ
1509 2655 1645 2708 ὥνια
1671 2673 1870 2726 κεκτη.

291 2750 472 2820 μένων
497 2749 743 2803 Λατίνων
791 2748 978 2818 μύωπι
1010 2749 1319 2819 πέπληκται
1338 2749 1476 2818 πρὸς
1509 2732 1613 2802 τοῦ
1639 2747 1870 2802 Σκύθἰυ.

302 2843 364 2897 ’0
397 2843 443 2896 δ’
477 2841 641 2904 εὐθὺς
669 2840 848 2894 ἀνεῖλε
880 2839 1026 2910 ξίφει
1061 2840 1153 2893 τὸν
1181 2839 1458 2894 παίσαντα
1479 2855 1493 2869 ·
1523 2839 1619 2893 καὶ
1642 2839 1872 2910 θόρυϐος

290 2934 542 2988 ἐντεῦθεν
582 2934 687 2987 ἀνα
737 2934 835 3003 τὴν
877 2932 1086 3004 ἀγορὰν
1140 2932 1517 2990 διεσκέδασται
1576 2933 1720 2986 πάνυ
1792 2950 1875 2988 τοι

292 3031 572 3086 πλεῖστος.

2035 2101 2126 2159 ιν.
2164 2099 2240 2154 Eo
2272 2114 2532 2156 successu
2569 2100 2736 2155 animi
2766 2101 3083 2157 Latinorum
3115 2100 3195 2154 sic
3229 2097 3357 2154 elati
3388 2107 3542 2159 sunt,

1965 2205 2028 2251 ut
2058 2195 2396 2266 arrogantia,
2426 2209 2593 2264 quam
2643 2193 2719 2249 illi
2767 2193 2945 2248 labem
2992 2194 3291 2263 ingenitam
3339 2191 3543 2260 alioqui

1968 2273 2193 2354 habent,
2222 2292 2484 2360 majorem
2518 2291 2571 2345 in
2605 2289 2826 2343 modum
2852 2300 3032 2350 aucta,
3059 2289 3166 2359 iam
3196 2286 3544 2357 quasi-supe-

1971 2383 2112 2438 riore
2144 2382 2211 2437 de
2239 2383 2361 2438 loco
2392 2382 2611 2453 Scythis
2634 2383 2704 2437 de
2737 2396 2888 2436 more
2922 2379 3252 2436 adeuntibus
3280 2392 3544 2446 responsa

1970 2475 2286 2530 redderent.
2312 2475 2504 2547 Itaque
2533 2490 2657 2529 cum
2702 2474 3030 2529 insolentius
3060 2472 3152 2527 uni
3191 2487 3383 2526 eorum
3415 2468 3547 2541 Scy—

1972 2569 2212 2633 tharum,
2241 2569 2336 2639 qui
2391 2569 2446 2623 in
2493 2567 2611 2623 foro
2658 2575 2841 2629 erant,
2887 2565 3264 2637 respondisset
3302 2579 3447 2620 unus
3475 2579 3542 2618 ex

1976 2660 2184 2716 Latinis
2216 2661 2638 2725 mercatoribus,
2661 2675 2788 2714 eum
2816 2661 3014 2729 Scytha
3035 2655 3258 2713 stimulo
3285 2655 3546 2726 percutit.

1973 2756 2069 2811 llle
2100 2770 2251 2814 eum,
2281 2770 2310 2808 a
2341 2771 2453 2824 quo
2479 2769 2777 2825 percussus
2807 2753 3007 2816 fuerat,
3045 2753 3228 2822 gladio
3256 2750 3547 2806 interimit.

1975 2847 2266 2904 Tumultus
2291 2848 2726 2925 indeplurimus.
2743 2845 2928 2902 forum
2958 2854 3306 2917 pervagatur.

367 3124 443 3178 E'.
479 3122 654 3176 Τοῦτο
711 3122 847 3193 πρὸς
897 3114 1012 3176 ῶτα
1072 3122 1369 3191 γενόμενον
1413 3119 1491 3189 τῷ
1517 3119 1625 3175 τῶν
1654 3117 1878 3172 Σκυθῶν

2051 3120 2116 3176 ιε.
2153 3121 2229 3177 Ea
2257 3137 2316 3176 re
2341 3120 2530 3176 audita
2561 3120 2887 3193 Scytharum
2913 3121 3174 3191 princeps
3201 3120 3280 3175 ira
3313 3121 3562 3188 percitus

295 3214 524 3287 ἀςιχηγῷ
556 3215 728 3285 ὀργῆς
757 3214 1064 3286 ἐπεπράχει
1111 3215 1294 3284 πλήρη
1327 3215 1423 3268 καὶ
1457 3211 1636 3280 θυμοῦ
1669 3211 1878 3282 βαρῦα-
1905 3227 1951 3287 ο

1905 3227 1951 3287 ο
1981 3221 2038 3268 et
2073 3213 2272 3283 spiritu
2302 3213 2590 3268 barbarico
2625 3211 2824 3282 plenus
2854 3213 3002 3283 (nam
3035 3211 3274 3266 maximo
3299 3212 3385 3266 sui
3421 3226 3525 3265 con
3545 3241 3559 3247 -

301 3307 457 3378 ρικοῦ
491 3307 725 3377 μεστόν·
758 3308 1156 3377 περιφρόνησιν
1186 3307 1298 3376 γὰρ
1355 3305 1552 3360 ἐαυτοῦ
1585 3306 1684 3372 τὴν
1720 3302 1874 3372 μεγί-

1984 3313 2192 3372 temptu
2227 3302 2431 3359 factum
2460 3318 2582 3358 esse
2609 3303 2788 3365 duxit,
2814 3311 2874 3357 ut
2901 3302 2956 3357 in
2983 3301 3166 3357 medio
3192 3316 3297 3356 suo
3327 3302 3562 3372 imperio

305 3422 440 3471 στην
475 3401 613 3459 εἶναι
643 3405 701 3456 τὸ
741 3405 973 3472 πρᾶγμα
999 3399 1180 3470 ᾠήθη.
1215 3400 1350 3470 πρὸς
1378 3398 1552 3469 μέσην
1581 3397 1749 3451 αὐτοῦ
1777 3395 1880 3465 τὴν

1984 3396 2273 3465 mediaque
2305 3396 2514 3450 ditiOue
2567 3394 2780 3450 facinus
2824 3394 2959 3449 illud
2989 3395 3451 3464 perpetraretur),
3486 3393 3564 3449 ad

297 3495 601 3567 ἡγεμονίαν
660 3497 752 3548 καὶ
809 3495 1171 3563 ἐπικράτειαν
1223 3495 1476 3559 γεγονός·
1532 3491 1626 3543 καὶ
1656 3487 1881 3557 πίμψας

1984 3488 2218 3546 Latinos.
2238 3487 2427 3555 mittit,
2455 3487 2548 3556 qui
2584 3487 2813 3558 jubeant
2842 3487 3114 3542 facessere
3152 3502 3250 3542 eos
3280 3489 3566 3557 quampri-

298 3587 742 3645 ἀπαλλάττεσθαι
781 3587 876 3641 τοῦ
905 3586 1112 3639 οἰκείου
1140 3585 1309 3638 τόπου
1343 3583 1443 3654 τὴν
1465 3581 1730 3652 ταχίστην
1759 3580 1881 3633 ἐκέ-

1986 3592 2135 3630 mum
2183 3578 2253 3632 ab
2303 3579 2397 3633 illo
2451 3578 2594 3643 loco,
2649 3586 2837 3648 utpote
2891 3592 3016 3633 suo.
3063 3579 3131 3632 At
3183 3577 3261 3632 illi
3309 3578 3376 3631 ad
3415 3593 3575 3631 arma.

301 3685 428 3738 λευε
458 3685 586 3744 τοὺς
621 3680 909 3744 Λατίνους.
955 3681 1019 3732 υἱ
1054 3679 1112 3734 δέ
1145 3677 1280 3749 πρδς
1339 3676 1480 3729 ὅπλα
1509 3677 1882 3746 χωρήσαντες,

1986 3680 2142 3746 eum,
2177 3671 2500 3740 munitaque
2551 3669 2689 3726 urbe
2741 3673 2951 3742 legatos
2983 3685 3176 3740 aspere
3221 3685 3284 3725 ac
3329 3671 3567 3739 superbe

301 3781 400 3834 καὶ
430 3781 528 3848 τὴν
556 3778 710 3832 πόλιν
757 3776 1217 3844 ἀσφαλισάμενοι.
1274 3771 1504 3842 τραχέσι
1553 3771 1735 3836 λόγοις
1791 3769 1886 3822 καὶ

1987 3763 2212 3820 allocuti
2243 3763 2553 3819 dimittunt.
2594 3763 2650 3817 Id
2684 3779 2816 3817 vero
2849 3763 3108 3835 Scytham
3141 3764 3566 3819 vehementissi-

301 3871 678 3940 ὑπερηφάνοις
704 3871 830 3932 τοὺς
855 3867 1116 3938 πρέσϐεις
1145 3864 1501 3932 ἀπέπεμψαν.
1533 3862 1704 3918 τοῦτο
1749 3861 1886 3930 πρδς

1991 3873 2076 3911 ma
2124 3857 2205 3911 ira
2251 3857 2436 3911 denuo
2478 3856 2696 3912 efferat.
2741 3855 3085 3928 Scytharum.
3120 3856 3307 3927 itaque
3360 3866 3567 3927 partem

303 3965 545 4035 ἐσχάτην
575 3963 815 4032 ἐξέμηνε¹
837 3962 928 4014 τὸν
951 3958 1166 4028 Σκύθην
1197 3957 1372 4029 ὀργὴν
1404 3956 1485 4010 ἔτι
1505 3972 1520 3985 ’
1556 3957 1650 4008 καὶ
1688 3957 1884 4023 μοῖραν

1989 3948 2158 4017 686
2183 3948 2346 4016 legit;
2379 3957 2494 4000 tum
2527 3946 2688 4001 aliam
2715 3948 2903 4002 stalim
2946 3947 3214 4018 adjungit,
3245 3962 3348 4002 nec
3392 3958 3574 4002 cessat

301 4057 707 4126 ἀπολεξάμενος
737 4054 1040 4121 Σκυθικὴν,
1071 4054 1170 4106 καὶ⁵
1206 4051 1353 4121 μάλα
1380 4049 1570 4119 ἀλλην,
1607 4049 1712 4101 οὐκ
1743 4047 1887 4101 ἀνίει

1683 4065 1712 4101 κ
1743 4047 1887 4101 ἀνίει
1992 4042 2129 4096 alios
2160 4055 2329 4110 super
2357 4040 2510 4098 alios.
2529 4040 2750 4094 mittere
2783 4041 2975 4095 urbem
3013 4043 3358 4096 obscssuros.

301 4149 543 4218 πάμπων
600 4148 766 4218 ἀλλην
819 4147 906 4199 ἐπ’
935 4146 1074 4217 ἄλλῃ
1138 4145 1310 4215 συχνά
1363 4143 1502 4213 πρὶς
1556 4141 1889 4210 πολιορκίαν
2375 4170 2378 4173 λ
2576 4130 2583 4132 “

303 4243 514 4298 αὐτῶν.

378 4335 469 4405 IP.
499 4332 626 4405 429]
681 4335 772 4407 Ci”.
813 4331 957 4387 ⁹Λλλ*
982 4332 1180 4387 ἐκεῖνοι
1218 4329 1318 4393 τὰς
1375 4329 1634 4395 ἐπάλξεις
1681 4326 1894 4381 ενδοθεν

2069 4334 2156 4388 τι.
2190 4333 2253 4387 AI.
2285 4333 2338 4387 hi
2371 4332 2914 4388 munitointrorsum
2941 4329 3083 4386 vallo
3108 4329 3245 4386 viris
3269 4331 3573 4398 armisque,

304 4424 761 4496 καταφράξαντες
790 4423 1020 4494 ἀνδράσι
1051 4422 1146 4478 καὶ
1192 4421 1383 4484 ὅπλοις
1407 4422 1503 4475 καὶ
1533 4422 1672 4475 πᾶσι
1711 4436 1895 4490 μηχα-

1999 4442 2064 4482 ac
2109 4427 2399 4481 tormentis
2451 4423 2868 4495 cujusqucmodi
2941 4422 3265 4485 missilibus,
3321 4421 3577 4491 Scythica

303 4520 549 4593 νήμασιν
579 4516 869 4586 ἑκηϐόλοις
893 4513 1062 4570 πολλά
1104 4514 1218 4567 τῶν
1250 4513 1536 4568 Σκυθικῶν
1575 4512 1893 4581 κατεγέλων
1926 4586 1958 4593 _

1926 4586 1958 4593 _
2001 4522 2106 4576 tela
2139 4535 2364 4590 prorsus
2395 4517 2721 4573 irridebant.
2753 4517 2834 4572 Ad
2872 4519 3005 4581 haec,
3035 4517 3164 4586 quia
3195 4515 3363 4570 maris
3407 4515 3581 4584 impe-

307 4586 506 4683 βελῶν.
543 4609 752 4672 ’Δλλως
771 4624 834 4662 τε
869 4608 962 4663 καὶ
987 4605 1560 4676 θαλαττοκρατόῦντες
1585 4606 1763 4671 αὐτοὶ,
1795 4604 1892 4659 καὶ
1926 4586 1969 4640 D

1926 4586 1969 4640 θ
1999 4615 2084 4668 rio
2123 4613 2500 4685 potiebantur,
2544 4621 2600 4667 et
2649 4626 2830 4665 rerum
2871 4608 3311 4663 necessariarum
3360 4606 3579 4676 copiam

305 4705 413 4775 τὴν
439 4702 550 4756 τῶν
571 4699 894 4770 ἐπιτηδείων
918 4697 1183 4767 ἀφθονίαν
1212 4700 1277 4752 tat
1298 4696 1578 4766 θαλάσσης
1605 4695 1896 4768 ἐσκομιζὸ-

1998 4688 2216 4761 omnem
2245 4705 2350 4761 sibi
2386 4704 2516 4760 inde
2557 4702 2973 4772 comparabant,
3007 4701 3215 4756 idcirco
3247 4700 3577 4771 Scytharum

310 4811 494 4866 μενοι,
537 4795 667 4868 περὶ
728 4790 1016 4860 ἐλαχίστου
1044 4790 1145 4853 τὰς
1176 4789 1284 4844 τῶν
1315 4789 1544 4844 Σκυθῶν
1577 4790 1804 4858 ἐφόδους
1837 4807 1897 4844 τε

1999 4798 2266 4867 impetum
2296 4806 2353 4852 et
2386 4795 2811 4852 circumstantes
2842 4793 3125 4849 exercitus
3156 4789 3373 4844 minimi
3406 4788 3578 4844 iacie-

308 4887 409 4938 καὶ
442 4883 1068 4953 περιστρατοπεδεύσας
1088 4881 1356 4936 ἐτίθεντο’
1391 4884 1487 4935 καὶ
1517 4883 1581 4936 τό
1597 4900 1660 4952 γε
1687 4884 1905 4952 μεῖζον,

2000 4889 2132 4945 bant
2161 4907 2175 4944 :
2212 4897 2268 4945 et
2298 4887 2444 4959 quod
2478 4887 2657 4958 majus
2683 4894 2788 4949 est,
2814 4882 3138 4938 triremibus
3159 4879 3581 4951 quamplurimis

307 4978 394 5032 ὅτι
429 4977 682 5049 τριήρεσι
707 4975 989 5040 πλείσταις
1031 4975 1426 5047 περιπλέοντες
1461 4993 1523 5029 τε
1576 4976 1676 5030 καὶ⁸
1721 4994 1900 5048 παρα-

2000 4988 2170 5036 totam
2201 4981 2530 5052 Scytharum
2563 4978 2895 5034 maritimam
2925 4990 3078 5031 oram
3110 4975 3318 5028 circum
3351 4987 3416 5026 ac
3446 4987 3582 5041 pra:-

308 5069 573 5131 πλέοντες
624 5067 805 5121 πᾶσαν
847 5066 948 5139 τὴν
996 5066 1106 5119 τῶν
1134 5065 1362 5119 Σκυθῶν
1392 5068 1673 5136 παραλίαν
1702 5068 1799 5122 δύο
1821 5067 1892 5127 τὰ

2007 5084 2089 5130 ter
2117 5073 2281 5139 vecti,
2312 5073 2588 5144 duplicem
2623 5071 2733 5127 illis
2781 5068 3089 5125 molestiam
3141 5081 3375 5138 eamque
3410 5067 3587 5120 maxia

309 5159 673 5234 χαλεπώτατα
707 5177 861 5229 σφισι
890 5159 1224 5230 προῦξένουν
1245 5175 1259 5190 ο
1300 5159 1360 5212 ἓν
1401 5161 1524 5228 μὲν,
1553 5161 1634 5214 ὅτι
1665 5161 1896 5234 μηδαμῆ

2005 5183 2150 5221 mam
2178 5166 2519 5224 exhibebant
2559 5184 2573 5220 :
2621 5166 2802 5235 primo
2830 5164 2959 5234 quia
2990 5176 3266 5232 nusquam
3299 5159 3580 5229 appellere

307 5253 600 5323 καταίρειν
624 5253 732 5305 τῶν
759 5251 1059 5322 φορτηγῶν
1081 5251 1328 5306 ὁλκάδων
1349 5252 1464 5306 οὐδ’
1491 5253 1746 5324 ἡντινοῦν
1773 5271 1896 5307 συν-

2003 5258 2220 5316 emcndi
2249 5273 2311 5313 ac
2333 5257 2608 5313 vendendi
2635 5271 2799 5312 causa
2825 5255 3176 5325 patiebantur
3194 5268 3388 5308 navem
3411 5252 3577 5306 ullam

309 5345 560 5415 εχὼρουν
587 5343 793 5413 ἀγορᾶς
822 5344 921 5396 καὶ
950 5343 1207 5413 πράσεως
1231 5342 1432 5397 ἕνεκαο
1453 5342 1483 5396 ὃ
1509 5344 1719 5415 σφόδρα
1748 5345 1896 5398 ἐκεί-

2006 5349 2351 5412 onerariam;
2381 5349 2525 5418 quod
2555 5348 2690 5403 istos
2717 5347 2944 5418 quidem
2974 5344 3133 5400 valde
3167 5344 3428 5414 angebat,
3459 5342 3584 5413 qui-

314 5455 445 5501 νους
467 5436 678 5501 ἐλύπει,
703 5436 764 5489 τό
785 5453 846 5489 τε
881 5435 1205 5505 περιττεῦον
1235 5436 1496 5508 ἀνόνητον
1542 5438 1767 5508 ἔχοντας
1803 5443 1898 5494 καὶ

2009 5442 2113 5497 bus
2163 5422 2389 5496 minime
2438 5442 2570 5496 utile
2608 5451 2755 5496 esset
2798 5440 2874 5505 id,
2931 5455 3043 5510 quo
3091 5434 3461 5500 abundarent,
3519 5451 3585 5490 ac

312 5530 378 5582 τδ
413 5529 596 5586 ἐνδέον
647 5529 1043 5598 ἀνεπινόητονο
1100 5529 1356 5601 δεύτερον
1395 5531 1464 5595 δ’,
1518 5531 1601 5584 δτι
1660 5531 1754 5586 καὶ
1788 5534 1897 5587 τῶν

1882 5552 1897 5584 θ
2006 5536 2233 5590 minime
2263 5535 2506 5605 parabile
2532 5536 2606 5601 id,
2627 5549 2739 5605 quo
2759 5543 3023 5604 egerent:
3051 5531 3252 5587 deinde
3275 5531 3403 5600 quia
3434 5531 3557 5584 navi

314 5621 454 5675 νεῶν
481 5620 825 5692 ἐκπηδῶντες
856 5621 1029 5676 ἐνίοτε
1068 5621 1165 5676 καὶ
1192 5621 1408 5693 ἐνιαχοῦ
1459 5624 1662 5695 πολλὴν
1704 5626 1767 5679 ἐκ
1798 5626 1898 5695 τῆς

2007 5627 2115 5684 bus
2139 5627 2455 5685 exsilientes
2485 5627 2782 5698 aliquando
2811 5635 2865 5681 et
2899 5627 3066 5682 certis
3095 5626 3149 5681 in
3191 5624 3328 5682 locis
3354 5622 3586 5677 multum

1672 5765 2008 5830 Variorum
2050 5775 2234 5829 noue.

391 5885 504 5958 (22)
540 5886 835 5945 Cantacuz.
867 5888 1004 5945 ibid.
1039 5904 1159 5962 pag.
1189 5890 1313 5947 8l2.
1349 5889 1581 5947 Ducnc.
