  <div class='ocr_page' id='page_1' title='image "/cluster/home/n/w/nwhite01/storage/ocr_20150623/148/nnc1.0046980490/488.png"; bbox 0 0 4242 6446; ppageno 0'>
   <div class='ocr_carea' id='block_1_1' title="bbox 227 393 990 468">
    <p class='ocr_par' dir='ltr' id='par_1_1' title="bbox 227 393 990 468">
     <span class='ocr_line' id='line_1_1' title="bbox 227 393 990 468; baseline 0.003 -19"><span class='ocrx_word' id='word_1_1' title='bbox 227 399 334 464; x_wconf 65' lang='grc'><strong>9³7</strong></span> <span class='ocrx_word' id='word_1_2' title='bbox 617 393 694 465; x_wconf 74' lang='grc' dir='ltr'><strong>[ι.</strong></span> <span class='ocrx_word' id='word_1_3' title='bbox 734 409 784 449; x_wconf 92' lang='lat' dir='ltr'><strong>c.</strong></span> <span class='ocrx_word' id='word_1_4' title='bbox 827 394 990 468; x_wconf 69' lang='lat' dir='ltr'><strong>tut]</strong></span> 
     </span>
    </p>
   </div>
   <div class='ocr_carea' id='block_1_2' title="bbox 1227 393 2432 459">
    <p class='ocr_par' dir='ltr' id='par_1_2' title="bbox 1227 393 2432 459">
     <span class='ocr_line' id='line_1_2' title="bbox 1227 393 2432 459; baseline -0.002 -2"><span class='ocrx_word' id='word_1_5' title='bbox 1227 393 1665 459; x_wconf 69' lang='grc' dir='ltr'><strong>ΒΥΖΑΝΤΙΝᾹΞ</strong></span> <span class='ocrx_word' id='word_1_6' title='bbox 1701 394 2080 456; x_wconf 71' lang='grc' dir='ltr'><strong>ΗΙΞΤΟΒῘᾹΞ</strong></span> <span class='ocrx_word' id='word_1_7' title='bbox 2100 397 2243 454; x_wconf 81' lang='lat' dir='ltr'><strong>LIB.</strong></span> <span class='ocrx_word' id='word_1_8' title='bbox 2289 396 2432 454; x_wconf 80' lang='lat' dir='ltr'><strong>XIV.</strong></span> 
     </span>
    </p>
   </div>
   <div class='ocr_carea' id='block_1_3' title="bbox 3365 384 3470 448">
    <p class='ocr_par' dir='ltr' id='par_1_3' title="bbox 3365 384 3470 448">
     <span class='ocr_line' id='line_1_3' title="bbox 3365 384 3470 448; baseline 0.019 -2"><span class='ocrx_word' id='word_1_9' title='bbox 3365 384 3470 448; x_wconf 76' lang='lat'><strong>938</strong></span> 
     </span>
    </p>
   </div>
   <div class='ocr_carea' id='block_1_4' title="bbox 2601 383 3205 460">
    <p class='ocr_par' dir='ltr' id='par_1_4' title="bbox 2601 383 3205 460">
     <span class='ocr_line' id='line_1_4' title="bbox 2601 383 3205 460; baseline 0.003 -20"><span class='ocrx_word' id='word_1_10' title='bbox 2601 389 2734 460; x_wconf 71' lang='grc' dir='ltr'>[ιιιει.</span> <span class='ocrx_word' id='word_1_11' title='bbox 2776 405 2818 443; x_wconf 72' lang='grc' dir='ltr'>ι.</span> <span class='ocrx_word' id='word_1_12' title='bbox 2862 401 3102 444; x_wconf 66' lang='grc' dir='ltr'>ριιεοι..</span> <span class='ocrx_word' id='word_1_13' title='bbox 3146 383 3205 454; x_wconf 70' lang='grc' dir='ltr'><strong>ὃ]</strong></span> 
     </span>
    </p>
   </div>
   <div class='ocr_carea' id='block_1_5' title="bbox 230 499 1905 583">
    <p class='ocr_par' dir='ltr' id='par_1_5' title="bbox 230 509 1905 583">
     <span class='ocr_line' id='line_1_5' title="bbox 230 509 1905 583; baseline -0.003 -19"><span class='ocrx_word' id='word_1_14' title='bbox 230 511 528 580; x_wconf 80' lang='grc' dir='ltr'><strong>ποιουμένη</strong></span> <span class='ocrx_word' id='word_1_15' title='bbox 552 509 632 580; x_wconf 83' lang='grc' dir='ltr'><strong>τῷ</strong></span> <span class='ocrx_word' id='word_1_16' title='bbox 662 511 836 575; x_wconf 71' lang='grc' dir='ltr'>ὕδατι,</span> <span class='ocrx_word' id='word_1_17' title='bbox 886 511 1033 566; x_wconf 78' lang='grc' dir='ltr'>οὕτω</span> <span class='ocrx_word' id='word_1_18' title='bbox 1076 510 1260 583; x_wconf 84' lang='grc' dir='ltr'>μέντοι</span> <span class='ocrx_word' id='word_1_19' title='bbox 1310 511 1560 579; x_wconf 76' lang='grc' dir='ltr'>διαυγὴς,</span> <span class='ocrx_word' id='word_1_20' title='bbox 1587 511 1661 572; x_wconf 85' lang='grc' dir='ltr'>ὡς</span> <span class='ocrx_word' id='word_1_21' title='bbox 1701 509 1794 560; x_wconf 76' lang='grc' dir='ltr'>καὶ</span> <span class='ocrx_word' id='word_1_22' title='bbox 1825 516 1869 570; x_wconf 73' lang='grc' dir='ltr'>Α</span> <span class='ocrx_word' id='word_1_23' title='bbox 1899 522 1905 575; x_wconf 66' lang='grc' dir='ltr'><strong>ι</strong></span> 
     </span>
    </p>
   </div>
   <div class='ocr_carea' id='block_1_6' title="bbox 1795 499 3470 583">
    <p class='ocr_par' dir='ltr' id='par_1_6' title="bbox 1825 499 3470 577">
     <span class='ocr_line' id='line_1_6' title="bbox 1825 499 3470 577; baseline -0.001 -19"><span class='ocrx_word' id='word_1_24' title='bbox 1825 516 1869 570; x_wconf 73' lang='grc' dir='ltr'>Α</span> <span class='ocrx_word' id='word_1_25' title='bbox 1899 499 2223 575; x_wconf 83' lang='lat' dir='ltr'><strong>pellucidus,</strong></span> <span class='ocrx_word' id='word_1_26' title='bbox 2254 517 2314 560; x_wconf 89' lang='lat' dir='ltr'><strong>ut</strong></span> <span class='ocrx_word' id='word_1_27' title='bbox 2344 505 2557 577; x_wconf 69' lang='lat' dir='ltr'><strong>arboris</strong></span> <span class='ocrx_word' id='word_1_28' title='bbox 2605 504 3070 574; x_wconf 79' lang='lat' dir='ltr'><strong>pulchritudinem</strong></span> <span class='ocrx_word' id='word_1_29' title='bbox 3096 501 3180 555; x_wconf 72' lang='lat' dir='ltr'><strong>vel</strong></span> <span class='ocrx_word' id='word_1_30' title='bbox 3215 501 3329 568; x_wconf 78' lang='lat' dir='ltr'><strong>ipsa</strong></span> <span class='ocrx_word' id='word_1_31' title='bbox 3352 503 3470 558; x_wconf 63' lang='lat' dir='ltr'><strong>sola</strong></span> 
     </span>
    </p>
   </div>
   <div class='ocr_carea' id='block_1_7' title="bbox 228 599 1793 672">
    <p class='ocr_par' dir='ltr' id='par_1_7' title="bbox 228 599 1793 672">
     <span class='ocr_line' id='line_1_7' title="bbox 228 599 1793 672; baseline -0.004 -17"><span class='ocrx_word' id='word_1_32' title='bbox 228 607 293 655; x_wconf 81' lang='grc' dir='ltr'>τὸ</span> <span class='ocrx_word' id='word_1_33' title='bbox 327 604 422 656; x_wconf 81' lang='grc' dir='ltr'><strong>τοῦ</strong></span> <span class='ocrx_word' id='word_1_34' title='bbox 458 604 677 671; x_wconf 78' lang='grc' dir='ltr'><strong>δένδρου</strong></span> <span class='ocrx_word' id='word_1_35' title='bbox 725 603 922 666; x_wconf 80' lang='grc' dir='ltr'>κάλλος</span> <span class='ocrx_word' id='word_1_36' title='bbox 957 621 1073 666; x_wconf 90' lang='grc' dir='ltr'><strong>πως</strong></span> <span class='ocrx_word' id='word_1_37' title='bbox 1104 604 1567 672; x_wconf 80' lang='grc' dir='ltr'>ἀποματτομένην</span> <span class='ocrx_word' id='word_1_38' title='bbox 1621 599 1793 667; x_wconf 78' lang='grc' dir='ltr'>αὐτὴν</span> 
     </span>
    </p>
   </div>
   <div class='ocr_carea' id='block_1_8' title="bbox 227 691 1796 766">
    <p class='ocr_par' dir='ltr' id='par_1_8' title="bbox 227 691 1796 766">
     <span class='ocr_line' id='line_1_8' title="bbox 227 691 1796 766; baseline -0.003 -20"><span class='ocrx_word' id='word_1_39' title='bbox 227 695 358 748; x_wconf 82' lang='grc' dir='ltr'>καθ’</span> <span class='ocrx_word' id='word_1_40' title='bbox 403 696 574 764; x_wconf 81' lang='grc' dir='ltr'>αὐτὴν</span> <span class='ocrx_word' id='word_1_41' title='bbox 621 696 722 765; x_wconf 80' lang='grc' dir='ltr'>τὴν</span> <span class='ocrx_word' id='word_1_42' title='bbox 747 697 1096 766; x_wconf 78' lang='grc' dir='ltr'><strong>ὑπογραφὴν,</strong></span> <span class='ocrx_word' id='word_1_43' title='bbox 1129 698 1225 750; x_wconf 78' lang='grc' dir='ltr'>καὶ</span> <span class='ocrx_word' id='word_1_44' title='bbox 1254 695 1350 748; x_wconf 90' lang='grc' dir='ltr'><strong>δύο</strong></span> <span class='ocrx_word' id='word_1_45' title='bbox 1383 694 1511 764; x_wconf 74' lang='grc' dir='ltr'>μιᾶς</span> <span class='ocrx_word' id='word_1_46' title='bbox 1537 709 1680 754; x_wconf 86' lang='grc' dir='ltr'>τινος</span> <span class='ocrx_word' id='word_1_47' title='bbox 1717 691 1796 761; x_wconf 62' lang='lat' dir='ltr'><strong>pt-</strong></span> 
     </span>
    </p>
   </div>
   <div class='ocr_carea' id='block_1_9' title="bbox 228 776 1794 852">
    <p class='ocr_par' dir='ltr' id='par_1_9' title="bbox 228 776 1794 852">
     <span class='ocr_line' id='line_1_9' title="bbox 228 776 1794 852; baseline -0.01 -9"><span class='ocrx_word' id='word_1_48' title='bbox 228 780 330 848; x_wconf 77' lang='grc' dir='ltr'>ζης</span> <span class='ocrx_word' id='word_1_49' title='bbox 358 778 706 835; x_wconf 72' lang='grc' dir='ltr'>δοκεῖν·εἷναι</span> <span class='ocrx_word' id='word_1_50' title='bbox 735 782 966 850; x_wconf 84' lang='grc' dir='ltr'>φύεσθαι</span> <span class='ocrx_word' id='word_1_51' title='bbox 1005 782 1116 852; x_wconf 84' lang='lat'><strong>(60)</strong></span> <span class='ocrx_word' id='word_1_52' title='bbox 1148 782 1342 851; x_wconf 80' lang='grc' dir='ltr'><strong>δένδρα</strong></span> <span class='ocrx_word' id='word_1_53' title='bbox 1363 797 1379 814; x_wconf 76' lang='grc' dir='ltr'><strong>ο</strong></span> <span class='ocrx_word' id='word_1_54' title='bbox 1417 779 1478 832; x_wconf 77' lang='grc' dir='ltr'>τὸ</span> <span class='ocrx_word' id='word_1_55' title='bbox 1533 779 1630 848; x_wconf 89' lang='grc' dir='ltr'><strong>μέν</strong></span> <span class='ocrx_word' id='word_1_56' title='bbox 1663 776 1794 839; x_wconf 78' lang='grc' dir='ltr'>ἀνω,</span> 
     </span>
    </p>
   </div>
   <div class='ocr_carea' id='block_1_10' title="bbox 223 869 1796 944">
    <p class='ocr_par' dir='ltr' id='par_1_10' title="bbox 223 869 1796 944">
     <span class='ocr_line' id='line_1_10' title="bbox 223 869 1796 944; baseline -0.001 -22"><span class='ocrx_word' id='word_1_57' title='bbox 223 871 292 921; x_wconf 81' lang='grc' dir='ltr'>τὸ</span> <span class='ocrx_word' id='word_1_58' title='bbox 322 873 454 940; x_wconf 75' lang='grc' dir='ltr'>πρὸς</span> <span class='ocrx_word' id='word_1_59' title='bbox 483 875 636 942; x_wconf 67' lang='grc' dir='ltr'>ἡμᾶς</span> <span class='ocrx_word' id='word_1_60' title='bbox 667 875 888 944; x_wconf 88' lang='grc' dir='ltr'>ἀνίσχον</span> <span class='ocrx_word' id='word_1_61' title='bbox 913 891 927 905; x_wconf 82' lang='lat'><strong>&#39;</strong></span> <span class='ocrx_word' id='word_1_62' title='bbox 957 873 1020 926; x_wconf 86' lang='grc' dir='ltr'><strong>τδ</strong></span> <span class='ocrx_word' id='word_1_63' title='bbox 1046 873 1091 922; x_wconf 82' lang='grc' dir='ltr'>δ’</span> <span class='ocrx_word' id='word_1_64' title='bbox 1123 873 1229 926; x_wconf 75' lang='grc' dir='ltr'>ὑπὸ</span> <span class='ocrx_word' id='word_1_65' title='bbox 1269 873 1370 942; x_wconf 81' lang='grc' dir='ltr'>γῆν</span> <span class='ocrx_word' id='word_1_66' title='bbox 1401 869 1796 940; x_wconf 73' lang='grc' dir='ltr'>αἰωρούμενον.</span> 
     </span>
    </p>
   </div>
   <div class='ocr_carea' id='block_1_11' title="bbox 239 961 1802 1035">
    <p class='ocr_par' dir='ltr' id='par_1_11' title="bbox 239 961 1802 1035">
     <span class='ocr_line' id='line_1_11' title="bbox 239 961 1802 1035; baseline -0.001 -22"><span class='ocrx_word' id='word_1_67' title='bbox 239 963 382 1014; x_wconf 76' lang='grc' dir='ltr'>Ὑπὸ</span> <span class='ocrx_word' id='word_1_68' title='bbox 413 964 476 1032; x_wconf 83' lang='grc' dir='ltr'>δὴ</span> <span class='ocrx_word' id='word_1_69' title='bbox 510 965 684 1035; x_wconf 83' lang='grc' dir='ltr'>τούτῳ</span> <span class='ocrx_word' id='word_1_70' title='bbox 723 966 900 1035; x_wconf 84' lang='grc' dir='ltr'>βραχὺ</span> <span class='ocrx_word' id='word_1_71' title='bbox 941 966 1276 1028; x_wconf 67' lang='grc' dir='ltr'><strong>κατακλίνας</strong></span> <span class='ocrx_word' id='word_1_72' title='bbox 1306 967 1334 1018; x_wconf 89' lang='grc' dir='ltr'><strong>ό</strong></span> <span class='ocrx_word' id='word_1_73' title='bbox 1368 961 1624 1034; x_wconf 77' lang='grc' dir='ltr'>βασιλεὺς</span> <span class='ocrx_word' id='word_1_74' title='bbox 1676 961 1802 1012; x_wconf 80' lang='grc' dir='ltr'>ἐαυ-</span> 
     </span>
    </p>
   </div>
   <div class='ocr_carea' id='block_1_12' title="bbox 229 1057 1801 1132">
    <p class='ocr_par' dir='ltr' id='par_1_12' title="bbox 229 1057 1801 1132">
     <span class='ocr_line' id='line_1_12' title="bbox 229 1057 1801 1132; baseline 0.01 -25"><span class='ocrx_word' id='word_1_75' title='bbox 229 1059 324 1108; x_wconf 68' lang='grc' dir='ltr'><strong>τὸν</strong></span> <span class='ocrx_word' id='word_1_76' title='bbox 354 1061 430 1120; x_wconf 82' lang='grc' dir='ltr'><strong>είς</strong></span> <span class='ocrx_word' id='word_1_77' title='bbox 450 1058 619 1112; x_wconf 81' lang='grc' dir='ltr'>ὕπνον</span> <span class='ocrx_word' id='word_1_78' title='bbox 659 1063 894 1131; x_wconf 78' lang='grc' dir='ltr'><strong>ἐτράπη,</strong></span> <span class='ocrx_word' id='word_1_79' title='bbox 932 1064 1028 1116; x_wconf 75' lang='grc' dir='ltr'>καὶ</span> <span class='ocrx_word' id='word_1_80' title='bbox 1063 1063 1178 1132; x_wconf 73' lang='grc' dir='ltr'>ἅμα</span> <span class='ocrx_word' id='word_1_81' title='bbox 1211 1063 1387 1114; x_wconf 77' lang='grc' dir='ltr'>ἐδόκει</span> <span class='ocrx_word' id='word_1_82' title='bbox 1421 1059 1606 1128; x_wconf 80' lang='grc' dir='ltr'>φωνῆς</span> <span class='ocrx_word' id='word_1_83' title='bbox 1634 1057 1801 1124; x_wconf 78' lang='grc' dir='ltr'>ἀορά-</span> 
     </span>
    </p>
   </div>
   <div class='ocr_carea' id='block_1_13' title="bbox 230 1149 1798 1224">
    <p class='ocr_par' dir='ltr' id='par_1_13' title="bbox 230 1149 1798 1224">
     <span class='ocr_line' id='line_1_13' title="bbox 230 1149 1798 1224; baseline 0.007 -26"><span class='ocrx_word' id='word_1_84' title='bbox 230 1165 341 1210; x_wconf 92' lang='grc' dir='ltr'><strong>τως</strong></span> <span class='ocrx_word' id='word_1_85' title='bbox 371 1151 609 1216; x_wconf 84' lang='grc' dir='ltr'>ἀκούειν,</span> <span class='ocrx_word' id='word_1_86' title='bbox 657 1171 676 1203; x_wconf 78' lang='grc' dir='ltr'><strong>ι</strong></span> <span class='ocrx_word' id='word_1_87' title='bbox 704 1152 979 1224; x_wconf 84' lang='grc' dir='ltr'>Ἐγειραι,</span> <span class='ocrx_word' id='word_1_88' title='bbox 1007 1175 1024 1206; x_wconf 76' lang='grc' dir='ltr'><strong>ι</strong></span> <span class='ocrx_word' id='word_1_89' title='bbox 1077 1154 1362 1222; x_wconf 79' lang='grc' dir='ltr'><strong>λεγούσης,</strong></span> <span class='ocrx_word' id='word_1_90' title='bbox 1404 1171 1421 1203; x_wconf 79' lang='lat' dir='ltr'><strong>t</strong></span> <span class='ocrx_word' id='word_1_91' title='bbox 1443 1154 1469 1204; x_wconf 86' lang='grc'>6</span> <span class='ocrx_word' id='word_1_92' title='bbox 1503 1149 1798 1210; x_wconf 80' lang='grc' dir='ltr'><strong>καθεύδων.</strong></span> 
     </span>
    </p>
   </div>
   <div class='ocr_carea' id='block_1_14' title="bbox 236 1241 1804 1317">
    <p class='ocr_par' dir='ltr' id='par_1_14' title="bbox 236 1241 1804 1317">
     <span class='ocr_line' id='line_1_14' title="bbox 236 1241 1804 1317; baseline 0.003 -27"><span class='ocrx_word' id='word_1_93' title='bbox 236 1241 330 1291; x_wconf 75' lang='grc' dir='ltr'>καὶ</span> <span class='ocrx_word' id='word_1_94' title='bbox 356 1241 572 1295; x_wconf 78' lang='grc' dir='ltr'><strong>ἀνάστα.</strong></span> <span class='ocrx_word' id='word_1_95' title='bbox 601 1243 714 1313; x_wconf 80' lang='grc'><strong>(61)</strong></span> <span class='ocrx_word' id='word_1_96' title='bbox 739 1247 802 1298; x_wconf 90' lang='grc' dir='ltr'><strong>ἐκ</strong></span> <span class='ocrx_word' id='word_1_97' title='bbox 842 1247 951 1299; x_wconf 90' lang='grc' dir='ltr'><strong>τῶν</strong></span> <span class='ocrx_word' id='word_1_98' title='bbox 989 1247 1221 1317; x_wconf 83' lang='grc' dir='ltr'>νεκρῶν,</span> <span class='ocrx_word' id='word_1_99' title='bbox 1255 1247 1351 1299; x_wconf 79' lang='grc' dir='ltr'>καὶ</span> <span class='ocrx_word' id='word_1_100' title='bbox 1386 1243 1681 1312; x_wconf 77' lang='grc' dir='ltr'>ἐπιφαύσει</span> <span class='ocrx_word' id='word_1_101' title='bbox 1721 1258 1804 1294; x_wconf 90' lang='grc' dir='ltr'><strong>σοι</strong></span> 
     </span>
    </p>
   </div>
   <div class='ocr_carea' id='block_1_15' title="bbox 231 1333 1806 1410">
    <p class='ocr_par' dir='ltr' id='par_1_15' title="bbox 231 1333 1806 1410">
     <span class='ocr_line' id='line_1_15' title="bbox 231 1333 1806 1410; baseline 0.014 -27"><span class='ocrx_word' id='word_1_102' title='bbox 231 1333 260 1383; x_wconf 84' lang='grc' dir='ltr'>ὁ</span> <span class='ocrx_word' id='word_1_103' title='bbox 321 1333 587 1401; x_wconf 83' lang='grc' dir='ltr'>Χριστός·</span> <span class='ocrx_word' id='word_1_104' title='bbox 636 1356 654 1388; x_wconf 78' lang='grc' dir='ltr'><strong>ι</strong></span> <span class='ocrx_word' id='word_1_105' title='bbox 713 1338 873 1402; x_wconf 82' lang='grc' dir='ltr'>εὐθύς</span> <span class='ocrx_word' id='word_1_106' title='bbox 928 1358 986 1394; x_wconf 80' lang='grc' dir='ltr'>τι</span> <span class='ocrx_word' id='word_1_107' title='bbox 1037 1341 1575 1410; x_wconf 75' lang='grc' dir='ltr'>διαγρηγορήσανταο</span> <span class='ocrx_word' id='word_1_108' title='bbox 1637 1337 1806 1406; x_wconf 76' lang='grc' dir='ltr'>ζάλην</span> 
     </span>
    </p>
   </div>
   <div class='ocr_carea' id='block_1_16' title="bbox 238 1422 1809 1504">
    <p class='ocr_par' dir='ltr' id='par_1_16' title="bbox 238 1422 1809 1504">
     <span class='ocr_line' id='line_1_16' title="bbox 238 1422 1809 1504; baseline 0.004 -30"><span class='ocrx_word' id='word_1_109' title='bbox 238 1422 436 1490; x_wconf 70' lang='grc' dir='ltr'>ἔχοντα</span> <span class='ocrx_word' id='word_1_110' title='bbox 469 1426 750 1497; x_wconf 83' lang='grc' dir='ltr'><strong>λογισμῶν</strong></span> <span class='ocrx_word' id='word_1_111' title='bbox 783 1433 1084 1501; x_wconf 81' lang='grc' dir='ltr'>ἀναστῆναι</span> <span class='ocrx_word' id='word_1_112' title='bbox 1116 1432 1266 1503; x_wconf 71' lang='lat'><strong>(62)°</strong></span> <span class='ocrx_word' id='word_1_113' title='bbox 1315 1431 1404 1504; x_wconf 87' lang='lat' dir='ltr'><strong>[P.</strong></span> <span class='ocrx_word' id='word_1_114' title='bbox 1439 1430 1568 1501; x_wconf 66' lang='lat'><strong>“2|</strong></span> <span class='ocrx_word' id='word_1_115' title='bbox 1593 1431 1685 1484; x_wconf 82' lang='grc' dir='ltr'><strong>καί</strong></span> <span class='ocrx_word' id='word_1_116' title='bbox 1725 1446 1809 1493; x_wconf 89' lang='grc' dir='ltr'><strong>τις</strong></span> 
     </span>
    </p>
   </div>
   <div class='ocr_carea' id='block_1_17' title="bbox 234 1516 1810 1596">
    <p class='ocr_par' dir='ltr' id='par_1_17' title="bbox 234 1516 1810 1596">
     <span class='ocr_line' id='line_1_17' title="bbox 234 1516 1810 1596; baseline 0.006 -31"><span class='ocrx_word' id='word_1_117' title='bbox 234 1516 357 1568; x_wconf 84' lang='grc' dir='ltr'>ἐκεῖ</span> <span class='ocrx_word' id='word_1_118' title='bbox 381 1518 570 1588; x_wconf 86' lang='grc' dir='ltr'>παρὼν</span> <span class='ocrx_word' id='word_1_119' title='bbox 609 1520 873 1590; x_wconf 77' lang='grc' dir='ltr'>ᾀσμάτων</span> <span class='ocrx_word' id='word_1_120' title='bbox 903 1524 1231 1596; x_wconf 85' lang='grc' dir='ltr'>δημιουργὸς</span> <span class='ocrx_word' id='word_1_121' title='bbox 1247 1523 1418 1594; x_wconf 81' lang='grc' dir='ltr'>λύραν</span> <span class='ocrx_word' id='word_1_122' title='bbox 1448 1541 1506 1576; x_wconf 83' lang='grc' dir='ltr'><strong>τε</strong></span> <span class='ocrx_word' id='word_1_123' title='bbox 1527 1524 1810 1594; x_wconf 76' lang='grc' dir='ltr'>ἡρμόσατο</span> 
     </span>
    </p>
   </div>
   <div class='ocr_carea' id='block_1_18' title="bbox 235 1604 1811 1682">
    <p class='ocr_par' dir='ltr' id='par_1_18' title="bbox 235 1604 1811 1682">
     <span class='ocr_line' id='line_1_18' title="bbox 235 1604 1811 1682; baseline -0.004 -13"><span class='ocrx_word' id='word_1_124' title='bbox 235 1604 555 1677; x_wconf 66' lang='grc' dir='ltr'><strong>ὲξεττίττηδες</strong></span> <span class='ocrx_word' id='word_1_125' title='bbox 592 1614 708 1673; x_wconf 78' lang='grc' dir='ltr'>καὶ,</span> <span class='ocrx_word' id='word_1_126' title='bbox 758 1607 874 1664; x_wconf 72' lang='grc' dir='ltr'>οἷον</span> <span class='ocrx_word' id='word_1_127' title='bbox 930 1613 1143 1666; x_wconf 83' lang='grc' dir='ltr'>πείθειν</span> <span class='ocrx_word' id='word_1_128' title='bbox 1186 1615 1428 1675; x_wconf 79' lang='grc' dir='ltr'>ἅπαντας</span> <span class='ocrx_word' id='word_1_129' title='bbox 1479 1615 1695 1682; x_wconf 76' lang='grc' dir='ltr'>ἀνέχειν</span> <span class='ocrx_word' id='word_1_130' title='bbox 1723 1611 1811 1664; x_wconf 77' lang='grc' dir='ltr'>ἐπ’</span> 
     </span>
    </p>
   </div>
   <div class='ocr_carea' id='block_1_19' title="bbox 238 1697 1812 1776">
    <p class='ocr_par' dir='ltr' id='par_1_19' title="bbox 238 1697 1812 1776">
     <span class='ocr_line' id='line_1_19' title="bbox 238 1697 1812 1776; baseline 0.008 -27"><span class='ocrx_word' id='word_1_131' title='bbox 238 1699 430 1763; x_wconf 80' lang='grc' dir='ltr'>αὑτοῦ,</span> <span class='ocrx_word' id='word_1_132' title='bbox 470 1697 622 1772; x_wconf 79' lang='grc' dir='ltr'>ᾆσμα</span> <span class='ocrx_word' id='word_1_133' title='bbox 658 1704 1048 1774; x_wconf 84' lang='grc' dir='ltr'>ἀνεκρούσατο.</span> <span class='ocrx_word' id='word_1_134' title='bbox 1101 1706 1213 1758; x_wconf 79' lang='grc' dir='ltr'><strong>Καὶ</strong></span> <span class='ocrx_word' id='word_1_135' title='bbox 1266 1702 1423 1776; x_wconf 79' lang='grc' dir='ltr'>ἦντὸ</span> <span class='ocrx_word' id='word_1_136' title='bbox 1483 1704 1576 1758; x_wconf 81' lang='grc' dir='ltr'>τοῦ</span> <span class='ocrx_word' id='word_1_137' title='bbox 1630 1705 1812 1776; x_wconf 80' lang='grc' dir='ltr'>ᾄσμα-</span> 
     </span>
    </p>
   </div>
   <div class='ocr_carea' id='block_1_20' title="bbox 238 1792 1810 1866">
    <p class='ocr_par' dir='ltr' id='par_1_20' title="bbox 238 1792 1810 1866">
     <span class='ocr_line' id='line_1_20' title="bbox 238 1792 1810 1866; baseline 0.004 -25"><span class='ocrx_word' id='word_1_138' title='bbox 238 1807 331 1852; x_wconf 85' lang='grc' dir='ltr'><strong>τος</strong></span> <span class='ocrx_word' id='word_1_139' title='bbox 352 1802 366 1816; x_wconf 81' lang='lat'><strong><em>°</em></strong></span> <span class='ocrx_word' id='word_1_140' title='bbox 400 1809 419 1841; x_wconf 79' lang='grc' dir='ltr'><strong>ι</strong></span> <span class='ocrx_word' id='word_1_141' title='bbox 445 1792 670 1860; x_wconf 79' lang='grc' dir='ltr'>’Δνδρες</span> <span class='ocrx_word' id='word_1_142' title='bbox 704 1795 914 1864; x_wconf 75' lang='grc' dir='ltr'>(φησὶν)</span> <span class='ocrx_word' id='word_1_143' title='bbox 946 1798 994 1848; x_wconf 79' lang='lat' dir='ltr'><strong>ot</strong></span> <span class='ocrx_word' id='word_1_144' title='bbox 1043 1796 1179 1866; x_wconf 79' lang='grc' dir='ltr'>τῷδε</span> <span class='ocrx_word' id='word_1_145' title='bbox 1209 1796 1286 1866; x_wconf 84' lang='grc' dir='ltr'>τῷ</span> <span class='ocrx_word' id='word_1_146' title='bbox 1327 1796 1530 1865; x_wconf 83' lang='grc' dir='ltr'>δένδρῳ</span> <span class='ocrx_word' id='word_1_147' title='bbox 1563 1799 1658 1848; x_wconf 72' lang='grc' dir='ltr'>καὶ</span> <span class='ocrx_word' id='word_1_148' title='bbox 1684 1795 1810 1864; x_wconf 73' lang='grc' dir='ltr'>τῇδε</span> 
     </span>
    </p>
   </div>
   <div class='ocr_carea' id='block_1_21' title="bbox 1899 591 3470 666">
    <p class='ocr_par' dir='ltr' id='par_1_21' title="bbox 1899 591 3470 666">
     <span class='ocr_line' id='line_1_21' title="bbox 1899 591 3470 666; baseline -0.006 -17"><span class='ocrx_word' id='word_1_149' title='bbox 1899 599 2076 666; x_wconf 80' lang='lat' dir='ltr'><strong>imago</strong></span> <span class='ocrx_word' id='word_1_150' title='bbox 2106 597 2455 666; x_wconf 78' lang='lat' dir='ltr'><strong>exprimeret,</strong></span> <span class='ocrx_word' id='word_1_151' title='bbox 2483 596 2713 665; x_wconf 62' lang='lat' dir='ltr'><strong>duaeque</strong></span> <span class='ocrx_word' id='word_1_152' title='bbox 2753 594 2822 650; x_wconf 89' lang='lat' dir='ltr'><strong>ab</strong></span> <span class='ocrx_word' id='word_1_153' title='bbox 2841 594 3033 649; x_wconf 86' lang='lat' dir='ltr'><strong>eadem</strong></span> <span class='ocrx_word' id='word_1_154' title='bbox 3066 593 3252 647; x_wconf 84' lang='lat' dir='ltr'><strong>radice</strong></span> <span class='ocrx_word' id='word_1_155' title='bbox 3293 591 3470 660; x_wconf 85' lang='lat' dir='ltr'><strong>pultn-</strong></span> 
     </span>
    </p>
   </div>
   <div class='ocr_carea' id='block_1_22' title="bbox 1898 685 3466 758">
    <p class='ocr_par' dir='ltr' id='par_1_22' title="bbox 1898 685 3466 758">
     <span class='ocr_line' id='line_1_22' title="bbox 1898 685 3466 758; baseline 0 -18"><span class='ocrx_word' id='word_1_156' title='bbox 1898 689 2012 743; x_wconf 93' lang='lat' dir='ltr'><strong>lare</strong></span> <span class='ocrx_word' id='word_1_157' title='bbox 2058 689 2285 742; x_wconf 82' lang='lat' dir='ltr'><strong>arbores</strong></span> <span class='ocrx_word' id='word_1_158' title='bbox 2322 689 2690 758; x_wconf 66' lang='lat' dir='ltr'><strong>_vidercntur;</strong></span> <span class='ocrx_word' id='word_1_159' title='bbox 2738 687 2827 740; x_wconf 89' lang='lat' dir='ltr'><strong>illa</strong></span> <span class='ocrx_word' id='word_1_160' title='bbox 2875 686 3099 756; x_wconf 85' lang='lat' dir='ltr'><strong>quidem</strong></span> <span class='ocrx_word' id='word_1_161' title='bbox 3146 700 3364 740; x_wconf 84' lang='lat' dir='ltr'><strong>sursum</strong></span> <span class='ocrx_word' id='word_1_162' title='bbox 3399 685 3466 740; x_wconf 81' lang='lat' dir='ltr'><strong>ad</strong></span> 
     </span>
    </p>
   </div>
   <div class='ocr_carea' id='block_1_23' title="bbox 1903 773 3470 846">
    <p class='ocr_par' dir='ltr' id='par_1_23' title="bbox 1903 773 3470 846">
     <span class='ocr_line' id='line_1_23' title="bbox 1903 773 3470 846; baseline -0.004 -14"><span class='ocrx_word' id='word_1_163' title='bbox 1903 795 2008 834; x_wconf 91' lang='lat' dir='ltr'><strong>nos</strong></span> <span class='ocrx_word' id='word_1_164' title='bbox 2041 796 2234 835; x_wconf 82' lang='lat' dir='ltr'><strong>versus</strong></span> <span class='ocrx_word' id='word_1_165' title='bbox 2265 790 2468 841; x_wconf 88' lang='lat' dir='ltr'><strong>erecta,</strong></span> <span class='ocrx_word' id='word_1_166' title='bbox 2496 781 2584 834; x_wconf 87' lang='lat' dir='ltr'><strong>illa</strong></span> <span class='ocrx_word' id='word_1_167' title='bbox 2620 795 2750 834; x_wconf 86' lang='lat' dir='ltr'><strong>vero</strong></span> <span class='ocrx_word' id='word_1_168' title='bbox 2781 779 2883 833; x_wconf 87' lang='lat' dir='ltr'><strong>sub</strong></span> <span class='ocrx_word' id='word_1_169' title='bbox 2923 787 3066 832; x_wconf 90' lang='lat' dir='ltr'><strong>terra</strong></span> <span class='ocrx_word' id='word_1_170' title='bbox 3098 773 3470 846; x_wconf 84' lang='lat' dir='ltr'><strong>pensilis.Sub</strong></span> 
     </span>
    </p>
   </div>
   <div class='ocr_carea' id='block_1_24' title="bbox 1900 869 3466 940">
    <p class='ocr_par' dir='ltr' id='par_1_24' title="bbox 1900 869 3466 940">
     <span class='ocr_line' id='line_1_24' title="bbox 1900 869 3466 940; baseline -0.003 -16"><span class='ocrx_word' id='word_1_171' title='bbox 1900 885 1966 924; x_wconf 90' lang='lat' dir='ltr'><strong>eo</strong></span> <span class='ocrx_word' id='word_1_172' title='bbox 2003 871 2236 939; x_wconf 85' lang='lat' dir='ltr'><strong>tegmine</strong></span> <span class='ocrx_word' id='word_1_173' title='bbox 2268 871 2581 940; x_wconf 76' lang='lat' dir='ltr'><strong>imperator,</strong></span> <span class='ocrx_word' id='word_1_174' title='bbox 2607 885 2839 940; x_wconf 89' lang='lat' dir='ltr'><strong>corpore</strong></span> <span class='ocrx_word' id='word_1_175' title='bbox 2869 871 3147 940; x_wconf 85' lang='lat' dir='ltr'><strong>paululum</strong></span> <span class='ocrx_word' id='word_1_176' title='bbox 3186 869 3466 930; x_wconf 81' lang='lat' dir='ltr'><strong>reclinato,</strong></span> 
     </span>
    </p>
   </div>
   <div class='ocr_carea' id='block_1_25' title="bbox 1903 946 3470 1030">
    <p class='ocr_par' dir='ltr' id='par_1_25' title="bbox 1903 946 3470 1030">
     <span class='ocr_line' id='line_1_25' title="bbox 1903 946 3470 1030; baseline -0.003 -14"><span class='ocrx_word' id='word_1_177' title='bbox 1903 961 2146 1016; x_wconf 88' lang='lat' dir='ltr'><strong>dormire</strong></span> <span class='ocrx_word' id='word_1_178' title='bbox 2174 963 2358 1030; x_wconf 71' lang='lat' dir='ltr'><strong>erepit,</strong></span> <span class='ocrx_word' id='word_1_179' title='bbox 2382 971 2438 1015; x_wconf 93' lang='lat' dir='ltr'><strong>et</strong></span> <span class='ocrx_word' id='word_1_180' title='bbox 2469 964 2629 1017; x_wconf 84' lang='lat' dir='ltr'><strong>simul</strong></span> <span class='ocrx_word' id='word_1_181' title='bbox 2659 978 2847 1016; x_wconf 86' lang='lat' dir='ltr'><strong>vocem</strong></span> <span class='ocrx_word' id='word_1_182' title='bbox 2898 946 3164 1015; x_wconf 86' lang='lat' dir='ltr'><strong>incertum</strong></span> <span class='ocrx_word' id='word_1_183' title='bbox 3198 960 3343 1014; x_wconf 90' lang='lat' dir='ltr'><strong>unde</strong></span> <span class='ocrx_word' id='word_1_184' title='bbox 3365 959 3470 1013; x_wconf 78' lang='lat' dir='ltr'><strong>sibi</strong></span> 
     </span>
    </p>
   </div>
   <div class='ocr_carea' id='block_1_26' title="bbox 1908 1051 3474 1122">
    <p class='ocr_par' dir='ltr' id='par_1_26' title="bbox 1908 1051 3474 1122">
     <span class='ocr_line' id='line_1_26' title="bbox 1908 1051 3474 1122; baseline -0.001 -16"><span class='ocrx_word' id='word_1_185' title='bbox 1908 1053 2059 1107; x_wconf 79' lang='lat' dir='ltr'><strong>visus</strong></span> <span class='ocrx_word' id='word_1_186' title='bbox 2109 1064 2189 1106; x_wconf 87' lang='lat' dir='ltr'><strong>est</strong></span> <span class='ocrx_word' id='word_1_187' title='bbox 2237 1054 2425 1117; x_wconf 81' lang='lat' dir='ltr'><strong>audire</strong></span> <span class='ocrx_word' id='word_1_188' title='bbox 2471 1055 2799 1110; x_wconf 86' lang='lat' dir='ltr'><strong>clamantem</strong></span> <span class='ocrx_word' id='word_1_189' title='bbox 2836 1074 2850 1108; x_wconf 89' lang='lat'><strong>:</strong></span> <span class='ocrx_word' id='word_1_190' title='bbox 2901 1075 2918 1105; x_wconf 82' lang='grc' dir='ltr'><strong>ι</strong></span> <span class='ocrx_word' id='word_1_191' title='bbox 2957 1054 3350 1122; x_wconf 77' lang='lat' dir='ltr'><strong>Expergiscere</strong></span> <span class='ocrx_word' id='word_1_192' title='bbox 3378 1051 3474 1121; x_wconf 88' lang='lat' dir='ltr'><strong>qui</strong></span> 
     </span>
    </p>
   </div>
   <div class='ocr_carea' id='block_1_27' title="bbox 1907 1145 3475 1216">
    <p class='ocr_par' dir='ltr' id='par_1_27' title="bbox 1907 1145 3475 1216">
     <span class='ocr_line' id='line_1_27' title="bbox 1907 1145 3475 1216; baseline 0 -17"><span class='ocrx_word' id='word_1_193' title='bbox 1907 1145 2135 1204; x_wconf 75' lang='lat' dir='ltr'><strong>dormis.</strong></span> <span class='ocrx_word' id='word_1_194' title='bbox 2195 1157 2250 1199; x_wconf 86' lang='lat' dir='ltr'><strong>et</strong></span> <span class='ocrx_word' id='word_1_195' title='bbox 2300 1163 2534 1216; x_wconf 80' lang='lat' dir='ltr'><strong>exsurge</strong></span> <span class='ocrx_word' id='word_1_196' title='bbox 2589 1163 2618 1200; x_wconf 91' lang='lat' dir='ltr'><strong>a</strong></span> <span class='ocrx_word' id='word_1_197' title='bbox 2683 1149 2933 1214; x_wconf 89' lang='lat' dir='ltr'><strong>mortuis,</strong></span> <span class='ocrx_word' id='word_1_198' title='bbox 2998 1158 3055 1202; x_wconf 89' lang='lat' dir='ltr'><strong>et</strong></span> <span class='ocrx_word' id='word_1_199' title='bbox 3096 1147 3348 1202; x_wconf 83' lang='lat' dir='ltr'><strong>Christus</strong></span> <span class='ocrx_word' id='word_1_200' title='bbox 3381 1148 3475 1201; x_wconf 91' lang='lat' dir='ltr'><strong>tibi</strong></span> 
     </span>
    </p>
   </div>
   <div class='ocr_carea' id='block_1_28' title="bbox 1909 1237 3479 1307">
    <p class='ocr_par' dir='ltr' id='par_1_28' title="bbox 1909 1237 3479 1307">
     <span class='ocr_line' id='line_1_28' title="bbox 1909 1237 3479 1307; baseline 0 -16"><span class='ocrx_word' id='word_1_201' title='bbox 1909 1237 2228 1306; x_wconf 70' lang='lat' dir='ltr'><strong>prazlueebit</strong></span> <span class='ocrx_word' id='word_1_202' title='bbox 2258 1237 2272 1266; x_wconf 83' lang='grc'>¹</span> <span class='ocrx_word' id='word_1_203' title='bbox 2319 1257 2337 1288; x_wconf 74' lang='grc' dir='ltr'><strong>ι</strong></span> <span class='ocrx_word' id='word_1_204' title='bbox 2370 1255 2383 1290; x_wconf 92' lang='lat'><strong>:</strong></span> <span class='ocrx_word' id='word_1_205' title='bbox 2431 1248 2544 1291; x_wconf 90' lang='lat' dir='ltr'><strong>tum</strong></span> <span class='ocrx_word' id='word_1_206' title='bbox 2590 1240 2774 1293; x_wconf 89' lang='lat' dir='ltr'><strong>subito</strong></span> <span class='ocrx_word' id='word_1_207' title='bbox 2815 1238 3254 1307; x_wconf 57' lang='lat' dir='ltr'><strong>extiergefaetum</strong></span> <span class='ocrx_word' id='word_1_208' title='bbox 3293 1253 3479 1292; x_wconf 89' lang='lat' dir='ltr'><strong>surre-</strong></span> 
     </span>
    </p>
   </div>
   <div class='ocr_carea' id='block_1_29' title="bbox 1909 1329 3477 1411">
    <p class='ocr_par' dir='ltr' id='par_1_29' title="bbox 1909 1329 3477 1411">
     <span class='ocr_line' id='line_1_29' title="bbox 1909 1329 3477 1411; baseline 0.001 -29"><span class='ocrx_word' id='word_1_209' title='bbox 1909 1329 2094 1390; x_wconf 76' lang='lat' dir='ltr'><strong>xisse,</strong></span> <span class='ocrx_word' id='word_1_210' title='bbox 2164 1329 2340 1384; x_wconf 87' lang='lat' dir='ltr'><strong>tacitis</strong></span> <span class='ocrx_word' id='word_1_211' title='bbox 2407 1331 2832 1400; x_wconf 72' lang='lat' dir='ltr'><strong>cogitationibus</strong></span> <span class='ocrx_word' id='word_1_212' title='bbox 2894 1340 3249 1411; x_wconf 48' lang='lat' dir='ltr'><strong>aestuantem:</strong></span> <span class='ocrx_word' id='word_1_213' title='bbox 3312 1343 3477 1400; x_wconf 88' lang='lat' dir='ltr'><strong>atque</strong></span> 
     </span>
    </p>
   </div>
   <div class='ocr_carea' id='block_1_30' title="bbox 1912 1421 3477 1494">
    <p class='ocr_par' dir='ltr' id='par_1_30' title="bbox 1912 1421 3477 1494">
     <span class='ocr_line' id='line_1_30' title="bbox 1912 1421 3477 1494; baseline 0.001 -19"><span class='ocrx_word' id='word_1_214' title='bbox 1912 1422 2074 1492; x_wconf 79' lang='lat'><strong>706</strong></span> <span class='ocrx_word' id='word_1_215' title='bbox 2120 1421 2193 1476; x_wconf 86' lang='lat' dir='ltr'><strong>ibi</strong></span> <span class='ocrx_word' id='word_1_216' title='bbox 2255 1439 2495 1491; x_wconf 58' lang='lat' dir='ltr'><strong>prirsens</strong></span> <span class='ocrx_word' id='word_1_217' title='bbox 2541 1425 2764 1492; x_wconf 90' lang='lat' dir='ltr'><strong>quidam</strong></span> <span class='ocrx_word' id='word_1_218' title='bbox 2830 1425 3172 1478; x_wconf 65' lang='lat' dir='ltr'><strong>citharoedus</strong></span> <span class='ocrx_word' id='word_1_219' title='bbox 3223 1434 3278 1478; x_wconf 89' lang='lat' dir='ltr'><strong>et</strong></span> <span class='ocrx_word' id='word_1_220' title='bbox 3307 1425 3477 1494; x_wconf 83' lang='lat' dir='ltr'><strong>lyram</strong></span> 
     </span>
    </p>
   </div>
   <div class='ocr_carea' id='block_1_31' title="bbox 1912 1513 3483 1583">
    <p class='ocr_par' dir='ltr' id='par_1_31' title="bbox 1912 1513 3483 1583">
     <span class='ocr_line' id='line_1_31' title="bbox 1912 1513 3483 1583; baseline 0.001 -15"><span class='ocrx_word' id='word_1_221' title='bbox 1912 1513 2118 1583; x_wconf 88' lang='lat' dir='ltr'><strong>aptavit</strong></span> <span class='ocrx_word' id='word_1_222' title='bbox 2165 1524 2442 1578; x_wconf 85' lang='lat' dir='ltr'><strong>accurate,</strong></span> <span class='ocrx_word' id='word_1_223' title='bbox 2489 1525 2545 1567; x_wconf 91' lang='lat' dir='ltr'><strong>et</strong></span> <span class='ocrx_word' id='word_1_224' title='bbox 2591 1516 2759 1583; x_wconf 87' lang='lat' dir='ltr'><strong>pulsis</strong></span> <span class='ocrx_word' id='word_1_225' title='bbox 2811 1516 3011 1569; x_wconf 84' lang='lat' dir='ltr'><strong>fidibus</strong></span> <span class='ocrx_word' id='word_1_226' title='bbox 3056 1519 3128 1569; x_wconf 89' lang='lat' dir='ltr'><strong>ita</strong></span> <span class='ocrx_word' id='word_1_227' title='bbox 3173 1517 3395 1578; x_wconf 81' lang='lat' dir='ltr'><strong>cecinit,</strong></span> <span class='ocrx_word' id='word_1_228' title='bbox 3425 1528 3483 1569; x_wconf 88' lang='lat' dir='ltr'><strong>ut</strong></span> 
     </span>
    </p>
   </div>
   <div class='ocr_carea' id='block_1_32' title="bbox 1917 1605 3484 1675">
    <p class='ocr_par' dir='ltr' id='par_1_32' title="bbox 1917 1605 3484 1675">
     <span class='ocr_line' id='line_1_32' title="bbox 1917 1605 3484 1675; baseline 0.001 -16"><span class='ocrx_word' id='word_1_229' title='bbox 1917 1613 2158 1662; x_wconf 81' lang='lat' dir='ltr'><strong>attentos</strong></span> <span class='ocrx_word' id='word_1_230' title='bbox 2198 1620 2393 1659; x_wconf 89' lang='lat' dir='ltr'><strong>omnes</strong></span> <span class='ocrx_word' id='word_1_231' title='bbox 2426 1606 2530 1660; x_wconf 89' lang='lat' dir='ltr'><strong>sibi</strong></span> <span class='ocrx_word' id='word_1_232' title='bbox 2573 1605 2799 1660; x_wconf 85' lang='lat' dir='ltr'><strong>faceret.</strong></span> <span class='ocrx_word' id='word_1_233' title='bbox 2829 1607 2992 1660; x_wconf 82' lang='lat' dir='ltr'><strong>Erant</strong></span> <span class='ocrx_word' id='word_1_234' title='bbox 3021 1617 3204 1665; x_wconf 82' lang='lat' dir='ltr'><strong>autem</strong></span> <span class='ocrx_word' id='word_1_235' title='bbox 3242 1623 3363 1675; x_wconf 66' lang='lat' dir='ltr'><strong>qua:</strong></span> <span class='ocrx_word' id='word_1_236' title='bbox 3392 1624 3484 1661; x_wconf 80' lang='lat' dir='ltr'><strong>ca-</strong></span> 
     </span>
    </p>
   </div>
   <div class='ocr_carea' id='block_1_33' title="bbox 1915 1696 3486 1769">
    <p class='ocr_par' dir='ltr' id='par_1_33' title="bbox 1915 1696 3486 1769">
     <span class='ocr_line' id='line_1_33' title="bbox 1915 1696 3486 1769; baseline -0.001 -18"><span class='ocrx_word' id='word_1_237' title='bbox 1915 1700 2079 1753; x_wconf 84' lang='lat' dir='ltr'><strong>nebat</strong></span> <span class='ocrx_word' id='word_1_238' title='bbox 2104 1696 2481 1769; x_wconf 81' lang='lat' dir='ltr'><strong>hujuscemodi</strong></span> <span class='ocrx_word' id='word_1_239' title='bbox 2509 1709 2525 1749; x_wconf 90' lang='lat'><strong>:</strong></span> <span class='ocrx_word' id='word_1_240' title='bbox 2554 1715 2573 1747; x_wconf 82' lang='grc'><em>‹</em></span> <span class='ocrx_word' id='word_1_241' title='bbox 2608 1696 2652 1749; x_wconf 94' lang='grc' dir='ltr'>Ο</span> <span class='ocrx_word' id='word_1_242' title='bbox 2686 1712 2801 1760; x_wconf 86' lang='lat' dir='ltr'><strong>vos,</strong></span> <span class='ocrx_word' id='word_1_243' title='bbox 2825 1697 3020 1764; x_wconf 88' lang='lat' dir='ltr'><strong>inquit,</strong></span> <span class='ocrx_word' id='word_1_244' title='bbox 3058 1699 3336 1764; x_wconf 88' lang='lat' dir='ltr'><strong>mortales,</strong></span> <span class='ocrx_word' id='word_1_245' title='bbox 3356 1699 3486 1751; x_wconf 88' lang='lat' dir='ltr'><strong>huic</strong></span> 
     </span>
    </p>
   </div>
   <div class='ocr_carea' id='block_1_34' title="bbox 1915 1790 3482 1860">
    <p class='ocr_par' dir='ltr' id='par_1_34' title="bbox 1915 1790 3482 1860">
     <span class='ocr_line' id='line_1_34' title="bbox 1915 1790 3482 1860; baseline -0.001 -15"><span class='ocrx_word' id='word_1_246' title='bbox 1915 1791 2099 1845; x_wconf 90' lang='lat' dir='ltr'><strong>arbori</strong></span> <span class='ocrx_word' id='word_1_247' title='bbox 2128 1801 2183 1846; x_wconf 90' lang='lat' dir='ltr'><strong>et</strong></span> <span class='ocrx_word' id='word_1_248' title='bbox 2239 1791 2366 1844; x_wconf 85' lang='lat' dir='ltr'><strong>huic</strong></span> <span class='ocrx_word' id='word_1_249' title='bbox 2417 1804 2644 1854; x_wconf 82' lang='lat' dir='ltr'><strong>prorsus</strong></span> <span class='ocrx_word' id='word_1_250' title='bbox 2685 1791 2892 1844; x_wconf 73' lang='lat' dir='ltr'><strong>umbrae</strong></span> <span class='ocrx_word' id='word_1_251' title='bbox 2945 1790 3180 1856; x_wconf 83' lang='lat' dir='ltr'><strong>similes;</strong></span> <span class='ocrx_word' id='word_1_252' title='bbox 3211 1799 3482 1860; x_wconf 84' lang='lat' dir='ltr'><strong>quatenus</strong></span> 
     </span>
    </p>
   </div>
   <div class='ocr_carea' id='block_1_35' title="bbox 240 1868 1915 1959">
    <p class='ocr_par' dir='ltr' id='par_1_35' title="bbox 240 1868 1882 1959">
     <span class='ocr_line' id='line_1_35' title="bbox 240 1868 1882 1959; baseline 0.004 -26"><span class='ocrx_word' id='word_1_253' title='bbox 240 1886 309 1950; x_wconf 74' lang='grc' dir='ltr'><strong>τῇ</strong></span> <span class='ocrx_word' id='word_1_254' title='bbox 361 1885 492 1954; x_wconf 67' lang='grc' dir='ltr'>σκιᾷ</span> <span class='ocrx_word' id='word_1_255' title='bbox 551 1887 934 1954; x_wconf 84' lang='grc' dir='ltr'>προσεοικότες</span> <span class='ocrx_word' id='word_1_256' title='bbox 987 1888 1253 1958; x_wconf 85' lang='grc' dir='ltr'>ἀτεχνῶς,</span> <span class='ocrx_word' id='word_1_257' title='bbox 1282 1888 1522 1959; x_wconf 89' lang='grc' dir='ltr'>παρόσον</span> <span class='ocrx_word' id='word_1_258' title='bbox 1574 1887 1669 1940; x_wconf 78' lang='grc' dir='ltr'><strong>νῦν</strong></span> <span class='ocrx_word' id='word_1_259' title='bbox 1709 1888 1810 1956; x_wconf 72' lang='grc' dir='ltr'>μὲν</span> <span class='ocrx_word' id='word_1_260' title='bbox 1841 1868 1882 1923; x_wconf 70' lang='grc' dir='ltr'><strong>Β</strong></span> 
     </span>
    </p>
   </div>
   <div class='ocr_carea' id='block_1_36' title="bbox 1808 1868 3483 1959">
    <p class='ocr_par' dir='ltr' id='par_1_36' title="bbox 1808 1868 3483 1952">
     <span class='ocr_line' id='line_1_36' title="bbox 1808 1868 3483 1952; baseline 0 -16"><span class='ocrx_word' id='word_1_261' title='bbox 1808 1868 1882 1923; x_wconf 73' lang='grc' dir='ltr'><strong>ιθ</strong></span> <span class='ocrx_word' id='word_1_262' title='bbox 1914 1899 2110 1952; x_wconf 88' lang='lat' dir='ltr'><strong>nempe</strong></span> <span class='ocrx_word' id='word_1_263' title='bbox 2152 1885 2205 1936; x_wconf 93' lang='lat' dir='ltr'><strong>in</strong></span> <span class='ocrx_word' id='word_1_264' title='bbox 2264 1885 2439 1938; x_wconf 73' lang='lat' dir='ltr'><strong>:etatis</strong></span> <span class='ocrx_word' id='word_1_265' title='bbox 2493 1882 2627 1937; x_wconf 83' lang='lat' dir='ltr'><strong>ﬂore</strong></span> <span class='ocrx_word' id='word_1_266' title='bbox 2671 1899 2791 1938; x_wconf 83' lang='lat' dir='ltr'><strong>esse</strong></span> <span class='ocrx_word' id='word_1_267' title='bbox 2848 1883 3107 1938; x_wconf 84' lang='lat' dir='ltr'><strong>videmini</strong></span> <span class='ocrx_word' id='word_1_268' title='bbox 3165 1900 3334 1947; x_wconf 89' lang='lat' dir='ltr'><strong>nunc,</strong></span> <span class='ocrx_word' id='word_1_269' title='bbox 3361 1901 3483 1937; x_wconf 77' lang='lat' dir='ltr'><strong>mth</strong></span> 
     </span>
    </p>
   </div>
   <div class='ocr_carea' id='block_1_37' title="bbox 243 1974 1809 2052">
    <p class='ocr_par' dir='ltr' id='par_1_37' title="bbox 243 1974 1809 2052">
     <span class='ocr_line' id='line_1_37' title="bbox 243 1974 1809 2052; baseline 0.005 -27"><span class='ocrx_word' id='word_1_270' title='bbox 243 1974 398 2043; x_wconf 81' lang='grc' dir='ltr'>ὥρας</span> <span class='ocrx_word' id='word_1_271' title='bbox 434 1978 754 2047; x_wconf 82' lang='grc' dir='ltr'>μετέχοντες</span> <span class='ocrx_word' id='word_1_272' title='bbox 794 1980 1075 2048; x_wconf 81' lang='grc' dir='ltr'>φαίνεσθε,</span> <span class='ocrx_word' id='word_1_273' title='bbox 1118 1985 1242 2036; x_wconf 77' lang='grc' dir='ltr'>ὅσον</span> <span class='ocrx_word' id='word_1_274' title='bbox 1304 1982 1350 2036; x_wconf 81' lang='grc' dir='ltr'>δ’</span> <span class='ocrx_word' id='word_1_275' title='bbox 1381 1981 1535 2036; x_wconf 76' lang='grc' dir='ltr'>οΰπω</span> <span class='ocrx_word' id='word_1_276' title='bbox 1592 1982 1809 2052; x_wconf 85' lang='grc' dir='ltr'>ἁωρίας</span> 
     </span>
    </p>
   </div>
   <div class='ocr_carea' id='block_1_38' title="bbox 235 2069 1813 2144">
    <p class='ocr_par' dir='ltr' id='par_1_38' title="bbox 235 2069 1813 2144">
     <span class='ocr_line' id='line_1_38' title="bbox 235 2069 1813 2144; baseline 0.004 -26"><span class='ocrx_word' id='word_1_277' title='bbox 235 2069 660 2139; x_wconf 80' lang='grc' dir='ltr'>ἐπιδραμούσης</span> <span class='ocrx_word' id='word_1_278' title='bbox 716 2072 1012 2144; x_wconf 80' lang='grc' dir='ltr'>οίχήσεσθε</span> <span class='ocrx_word' id='word_1_279' title='bbox 1068 2075 1204 2144; x_wconf 74' lang='grc' dir='ltr'>πρὸς</span> <span class='ocrx_word' id='word_1_280' title='bbox 1272 2074 1564 2144; x_wconf 88' lang='grc' dir='ltr'>μαρασμόν</span> <span class='ocrx_word' id='word_1_281' title='bbox 1603 2091 1662 2126; x_wconf 89' lang='grc' dir='ltr'><strong>τε</strong></span> <span class='ocrx_word' id='word_1_282' title='bbox 1719 2075 1813 2126; x_wconf 80' lang='grc' dir='ltr'>καὶ</span> 
     </span>
    </p>
   </div>
   <div class='ocr_carea' id='block_1_39' title="bbox 241 2158 1812 2234">
    <p class='ocr_par' dir='ltr' id='par_1_39' title="bbox 241 2158 1812 2234">
     <span class='ocr_line' id='line_1_39' title="bbox 241 2158 1812 2234; baseline 0.004 -26"><span class='ocrx_word' id='word_1_283' title='bbox 241 2158 476 2226; x_wconf 80' lang='grc' dir='ltr'>φθορὰν,</span> <span class='ocrx_word' id='word_1_284' title='bbox 515 2160 674 2229; x_wconf 83' lang='grc' dir='ltr'>δεῦρο</span> <span class='ocrx_word' id='word_1_285' title='bbox 712 2160 777 2232; x_wconf 79' lang='grc' dir='ltr'>δὴ</span> <span class='ocrx_word' id='word_1_286' title='bbox 822 2163 1127 2231; x_wconf 72' lang='grc' dir='ltr'>χαίρωμεν,</span> <span class='ocrx_word' id='word_1_287' title='bbox 1185 2165 1280 2216; x_wconf 74' lang='grc' dir='ltr'>καὶ</span> <span class='ocrx_word' id='word_1_288' title='bbox 1343 2164 1701 2234; x_wconf 78' lang='grc' dir='ltr'>ἐντρυφῶμεν</span> <span class='ocrx_word' id='word_1_289' title='bbox 1744 2165 1812 2232; x_wconf 81' lang='grc' dir='ltr'><strong>τῇ</strong></span> 
     </span>
    </p>
   </div>
   <div class='ocr_carea' id='block_1_40' title="bbox 247 2238 1808 2325">
    <p class='ocr_par' dir='ltr' id='par_1_40' title="bbox 247 2238 1808 2325">
     <span class='ocr_line' id='line_1_40' title="bbox 247 2238 1808 2325; baseline 0.004 -27"><span class='ocrx_word' id='word_1_290' title='bbox 247 2238 482 2314; x_wconf 80' lang='grc' dir='ltr'>νεότητι,</span> <span class='ocrx_word' id='word_1_291' title='bbox 516 2252 646 2320; x_wconf 72' lang='grc' dir='ltr'>πρὶν</span> <span class='ocrx_word' id='word_1_292' title='bbox 677 2252 767 2305; x_wconf 77' lang='grc' dir='ltr'>τὸν</span> <span class='ocrx_word' id='word_1_293' title='bbox 809 2252 1040 2307; x_wconf 83' lang='grc' dir='ltr'>θάνατον</span> <span class='ocrx_word' id='word_1_294' title='bbox 1089 2255 1260 2324; x_wconf 83' lang='grc' dir='ltr'>αὐτῆς</span> <span class='ocrx_word' id='word_1_295' title='bbox 1294 2255 1764 2325; x_wconf 84' lang='grc' dir='ltr'>κατορχήσασθαι.</span> <span class='ocrx_word' id='word_1_296' title='bbox 1789 2273 1808 2306; x_wconf 73' lang='grc' dir='ltr'><strong>ι</strong></span> 
     </span>
    </p>
   </div>
   <div class='ocr_carea' id='block_1_41' title="bbox 318 2339 1815 2414">
    <p class='ocr_par' dir='ltr' id='par_1_41' title="bbox 318 2339 1815 2414">
     <span class='ocr_line' id='line_1_41' title="bbox 318 2339 1815 2414; baseline 0.003 -23"><span class='ocrx_word' id='word_1_297' title='bbox 318 2339 388 2392; x_wconf 88' lang='lat' dir='ltr'><strong>Z&#39;.</strong></span> <span class='ocrx_word' id='word_1_298' title='bbox 428 2341 537 2410; x_wconf 72' lang='grc' dir='ltr'><strong>Τὴν</strong></span> <span class='ocrx_word' id='word_1_299' title='bbox 563 2342 627 2412; x_wconf 80' lang='grc' dir='ltr'>δὴ</span> <span class='ocrx_word' id='word_1_300' title='bbox 669 2343 928 2413; x_wconf 79' lang='grc' dir='ltr'>τοιαύτην</span> <span class='ocrx_word' id='word_1_301' title='bbox 979 2344 1168 2414; x_wconf 82' lang='grc' dir='ltr'>μαθὼν</span> <span class='ocrx_word' id='word_1_302' title='bbox 1199 2347 1226 2397; x_wconf 84' lang='grc' dir='ltr'><strong>ό</strong></span> <span class='ocrx_word' id='word_1_303' title='bbox 1252 2345 1552 2414; x_wconf 88' lang='grc' dir='ltr'>Μομιτίλας</span> <span class='ocrx_word' id='word_1_304' title='bbox 1598 2347 1661 2396; x_wconf 84' lang='grc' dir='ltr'><strong>ἐκ</strong></span> <span class='ocrx_word' id='word_1_305' title='bbox 1708 2345 1815 2396; x_wconf 83' lang='grc' dir='ltr'><strong>τῶν</strong></span> 
     </span>
    </p>
   </div>
   <div class='ocr_carea' id='block_1_42' title="bbox 245 2427 1814 2505">
    <p class='ocr_par' dir='ltr' id='par_1_42' title="bbox 245 2427 1814 2505">
     <span class='ocr_line' id='line_1_42' title="bbox 245 2427 1814 2505; baseline 0.002 -22"><span class='ocrx_word' id='word_1_306' title='bbox 245 2433 646 2501; x_wconf 72' lang='grc' dir='ltr'>ἡμεροσκόπων</span> <span class='ocrx_word' id='word_1_307' title='bbox 694 2433 1003 2505; x_wconf 82' lang='grc' dir='ltr'>διατριϐὴν,</span> <span class='ocrx_word' id='word_1_308' title='bbox 1050 2435 1280 2502; x_wconf 79' lang='grc' dir='ltr'>ἔγγιστά</span> <span class='ocrx_word' id='word_1_309' title='bbox 1333 2453 1433 2488; x_wconf 88' lang='grc' dir='ltr'><strong>που</strong></span> <span class='ocrx_word' id='word_1_310' title='bbox 1476 2427 1814 2504; x_wconf 68' lang='grc' dir='ltr'>’ποιούμενος</span> 
     </span>
    </p>
   </div>
   <div class='ocr_carea' id='block_1_43' title="bbox 245 2522 1813 2596">
    <p class='ocr_par' dir='ltr' id='par_1_43' title="bbox 245 2522 1813 2596">
     <span class='ocr_line' id='line_1_43' title="bbox 245 2522 1813 2596; baseline 0.003 -23"><span class='ocrx_word' id='word_1_311' title='bbox 245 2522 564 2592; x_wconf 72' lang='grc' dir='ltr'>ἐξεπίτηδες</span> <span class='ocrx_word' id='word_1_312' title='bbox 591 2525 688 2588; x_wconf 84' lang='grc' dir='ltr'><strong>τὰς</strong></span> <span class='ocrx_word' id='word_1_313' title='bbox 707 2525 993 2595; x_wconf 81' lang='grc' dir='ltr'>διατριϐάς</span> <span class='ocrx_word' id='word_1_314' title='bbox 1017 2529 1113 2582; x_wconf 75' lang='grc' dir='ltr'>καὶ</span> <span class='ocrx_word' id='word_1_315' title='bbox 1149 2527 1333 2594; x_wconf 81' lang='grc' dir='ltr'>φιλίαν</span> <span class='ocrx_word' id='word_1_316' title='bbox 1362 2527 1813 2596; x_wconf 78' lang='grc' dir='ltr'>ὑποκρινόμενος,</span> 
     </span>
    </p>
   </div>
   <div class='ocr_carea' id='block_1_44' title="bbox 247 2612 1818 2686">
    <p class='ocr_par' dir='ltr' id='par_1_44' title="bbox 247 2612 1818 2686">
     <span class='ocr_line' id='line_1_44' title="bbox 247 2612 1818 2686; baseline 0.003 -22"><span class='ocrx_word' id='word_1_317' title='bbox 247 2612 394 2678; x_wconf 78' lang='grc' dir='ltr'>εγνω</span> <span class='ocrx_word' id='word_1_318' title='bbox 424 2615 550 2682; x_wconf 81' lang='grc' dir='ltr'>πρὶν</span> <span class='ocrx_word' id='word_1_319' title='bbox 580 2614 939 2684; x_wconf 83' lang='grc' dir='ltr'>ἀθροισθῆναι</span> <span class='ocrx_word' id='word_1_320' title='bbox 980 2616 1041 2668; x_wconf 86' lang='grc' dir='ltr'>τὸ</span> <span class='ocrx_word' id='word_1_321' title='bbox 1081 2618 1419 2686; x_wconf 84' lang='grc' dir='ltr'>στράτευμα,</span> <span class='ocrx_word' id='word_1_322' title='bbox 1459 2618 1556 2669; x_wconf 78' lang='grc' dir='ltr'>καὶ</span> <span class='ocrx_word' id='word_1_323' title='bbox 1591 2619 1720 2684; x_wconf 76' lang='grc' dir='ltr'>πρὶν</span> <span class='ocrx_word' id='word_1_324' title='bbox 1760 2618 1818 2668; x_wconf 83' lang='grc' dir='ltr'>τὸ</span> 
     </span>
    </p>
   </div>
   <div class='ocr_carea' id='block_1_45' title="bbox 247 2705 1818 2776">
    <p class='ocr_par' dir='ltr' id='par_1_45' title="bbox 247 2705 1818 2776">
     <span class='ocr_line' id='line_1_45' title="bbox 247 2705 1818 2776; baseline 0.001 -19"><span class='ocrx_word' id='word_1_325' title='bbox 247 2705 435 2775; x_wconf 74' lang='grc' dir='ltr'>δρᾶμα</span> <span class='ocrx_word' id='word_1_326' title='bbox 497 2709 588 2759; x_wconf 73' lang='grc' dir='ltr'><strong>τὸν</strong></span> <span class='ocrx_word' id='word_1_327' title='bbox 648 2707 878 2776; x_wconf 81' lang='grc' dir='ltr'>βασιλέα</span> <span class='ocrx_word' id='word_1_328' title='bbox 927 2707 1143 2776; x_wconf 80' lang='grc' dir='ltr'>μαθεῖν,</span> <span class='ocrx_word' id='word_1_329' title='bbox 1180 2709 1465 2761; x_wconf 74' lang='grc' dir='ltr'>ἐπιθέσθαι</span> <span class='ocrx_word' id='word_1_330' title='bbox 1517 2711 1567 2761; x_wconf 72' lang='lat' dir='ltr'><strong>oi</strong></span> <span class='ocrx_word' id='word_1_331' title='bbox 1616 2709 1818 2769; x_wconf 64' lang='grc' dir='ltr'>τελέως</span> 
     </span>
    </p>
   </div>
   <div class='ocr_carea' id='block_1_46' title="bbox 249 2801 1819 2871">
    <p class='ocr_par' dir='ltr' id='par_1_46' title="bbox 249 2801 1819 2871">
     <span class='ocr_line' id='line_1_46' title="bbox 249 2801 1819 2871; baseline 0.001 -19"><span class='ocrx_word' id='word_1_332' title='bbox 249 2801 721 2869; x_wconf 78' lang='grc' dir='ltr'>ἀφροντιστοῦντι.</span> <span class='ocrx_word' id='word_1_333' title='bbox 760 2802 852 2856; x_wconf 86' lang='grc' dir='ltr'>Ἐν</span> <span class='ocrx_word' id='word_1_334' title='bbox 905 2801 1114 2865; x_wconf 81' lang='grc' dir='ltr'>τούτοις</span> <span class='ocrx_word' id='word_1_335' title='bbox 1152 2802 1323 2855; x_wconf 75' lang='grc' dir='ltr'>ὄντων</span> <span class='ocrx_word' id='word_1_336' title='bbox 1386 2803 1679 2871; x_wconf 72' lang='grc' dir='ltr'>τοιγαροῦν</span> <span class='ocrx_word' id='word_1_337' title='bbox 1709 2803 1819 2853; x_wconf 90' lang='grc' dir='ltr'><strong>τῶν</strong></span> 
     </span>
    </p>
   </div>
   <div class='ocr_carea' id='block_1_47' title="bbox 253 2892 1818 2963">
    <p class='ocr_par' dir='ltr' id='par_1_47' title="bbox 253 2892 1818 2963">
     <span class='ocr_line' id='line_1_47' title="bbox 253 2892 1818 2963; baseline 0.001 -21"><span class='ocrx_word' id='word_1_338' title='bbox 253 2893 595 2960; x_wconf 82' lang='grc' dir='ltr'>πραγμάτων</span> <span class='ocrx_word' id='word_1_339' title='bbox 614 2893 868 2958; x_wconf 86' lang='grc' dir='ltr'>ἐκείνοις,</span> <span class='ocrx_word' id='word_1_340' title='bbox 893 2895 988 2945; x_wconf 73' lang='grc' dir='ltr'>καὶ</span> <span class='ocrx_word' id='word_1_341' title='bbox 1022 2892 1115 2945; x_wconf 85' lang='grc' dir='ltr'>τοῦ</span> <span class='ocrx_word' id='word_1_342' title='bbox 1152 2893 1303 2962; x_wconf 72' lang='grc' dir='ltr'>ἡλίου</span> <span class='ocrx_word' id='word_1_343' title='bbox 1330 2894 1430 2963; x_wconf 79' lang='grc' dir='ltr'>τῆς</span> <span class='ocrx_word' id='word_1_344' title='bbox 1473 2895 1688 2963; x_wconf 73' lang='grc' dir='ltr'>ἡμέρας</span> <span class='ocrx_word' id='word_1_345' title='bbox 1716 2893 1818 2962; x_wconf 72' lang='grc' dir='ltr'>ήδη</span> 
     </span>
    </p>
   </div>
   <div class='ocr_carea' id='block_1_48' title="bbox 254 2984 1820 3055">
    <p class='ocr_par' dir='ltr' id='par_1_48' title="bbox 254 2984 1820 3055">
     <span class='ocr_line' id='line_1_48' title="bbox 254 2984 1820 3055; baseline 0.001 -20"><span class='ocrx_word' id='word_1_346' title='bbox 254 2984 383 3046; x_wconf 82' lang='grc' dir='ltr'>τοὺς</span> <span class='ocrx_word' id='word_1_347' title='bbox 418 2984 621 3054; x_wconf 77' lang='grc' dir='ltr'>μεταξὺ</span> <span class='ocrx_word' id='word_1_348' title='bbox 670 2985 1139 3054; x_wconf 87' lang='grc' dir='ltr'>παραλλάττοντος</span> <span class='ocrx_word' id='word_1_349' title='bbox 1199 2986 1461 3055; x_wconf 80' lang='grc' dir='ltr'>δρόμους,</span> <span class='ocrx_word' id='word_1_350' title='bbox 1495 2985 1820 3052; x_wconf 75' lang='grc' dir='ltr'>ἀγγέλλεται</span> 
     </span>
    </p>
   </div>
   <div class='ocr_carea' id='block_1_49' title="bbox 257 3076 1823 3147">
    <p class='ocr_par' dir='ltr' id='par_1_49' title="bbox 257 3076 1823 3147">
     <span class='ocr_line' id='line_1_49' title="bbox 257 3076 1823 3147; baseline 0 -18"><span class='ocrx_word' id='word_1_351' title='bbox 257 3076 570 3144; x_wconf 73' lang='grc' dir='ltr'>Μομιτίὶας</span> <span class='ocrx_word' id='word_1_352' title='bbox 629 3077 856 3146; x_wconf 73' lang='grc' dir='ltr'>ὁπλίτην</span> <span class='ocrx_word' id='word_1_353' title='bbox 896 3077 1130 3147; x_wconf 78' lang='grc' dir='ltr'>στρατὸν</span> <span class='ocrx_word' id='word_1_354' title='bbox 1181 3076 1525 3146; x_wconf 68' lang='grc' dir='ltr'>ἐπαγόμενος</span> <span class='ocrx_word' id='word_1_355' title='bbox 1557 3080 1652 3132; x_wconf 74' lang='grc' dir='ltr'>καὶ</span> <span class='ocrx_word' id='word_1_356' title='bbox 1672 3078 1823 3141; x_wconf 82' lang='grc' dir='ltr'>ὅλαις</span> 
     </span>
    </p>
   </div>
   <div class='ocr_carea' id='block_1_50' title="bbox 1914 1973 3492 2044">
    <p class='ocr_par' dir='ltr' id='par_1_50' title="bbox 1914 1973 3492 2044">
     <span class='ocr_line' id='line_1_50' title="bbox 1914 1973 3492 2044; baseline 0.003 -19"><span class='ocrx_word' id='word_1_357' title='bbox 1914 1982 2116 2034; x_wconf 85' lang='lat' dir='ltr'><strong>autem,</strong></span> <span class='ocrx_word' id='word_1_358' title='bbox 2155 1973 2246 2026; x_wconf 91' lang='lat' dir='ltr'><strong>ubi</strong></span> <span class='ocrx_word' id='word_1_359' title='bbox 2285 1975 2652 2043; x_wconf 88' lang='lat' dir='ltr'><strong>importunum</strong></span> <span class='ocrx_word' id='word_1_360' title='bbox 2670 1985 2895 2042; x_wconf 85' lang='lat' dir='ltr'><strong>tempus</strong></span> <span class='ocrx_word' id='word_1_361' title='bbox 2939 1975 3227 2044; x_wconf 77' lang='lat' dir='ltr'><strong>ingruerit,</strong></span> <span class='ocrx_word' id='word_1_362' title='bbox 3284 1991 3492 2030; x_wconf 78' lang='lat' dir='ltr'><strong>marce-</strong></span> 
     </span>
    </p>
   </div>
   <div class='ocr_carea' id='block_1_51' title="bbox 1916 2066 3465 2136">
    <p class='ocr_par' dir='ltr' id='par_1_51' title="bbox 1916 2066 3465 2136">
     <span class='ocr_line' id='line_1_51' title="bbox 1916 2066 3465 2136; baseline 0.002 -18"><span class='ocrx_word' id='word_1_363' title='bbox 1916 2066 2084 2118; x_wconf 85' lang='lat' dir='ltr'><strong>scetis</strong></span> <span class='ocrx_word' id='word_1_364' title='bbox 2113 2074 2278 2134; x_wconf 89' lang='lat' dir='ltr'><strong>atque</strong></span> <span class='ocrx_word' id='word_1_365' title='bbox 2330 2069 2396 2118; x_wconf 85' lang='lat' dir='ltr'><strong>ad</strong></span> <span class='ocrx_word' id='word_1_366' title='bbox 2460 2067 2741 2119; x_wconf 90' lang='lat' dir='ltr'><strong>interitum</strong></span> <span class='ocrx_word' id='word_1_367' title='bbox 2789 2066 3108 2134; x_wconf 88' lang='lat' dir='ltr'><strong>redigemini</strong></span> <span class='ocrx_word' id='word_1_368' title='bbox 3139 2085 3152 2120; x_wconf 90' lang='lat'><strong>:</strong></span> <span class='ocrx_word' id='word_1_369' title='bbox 3185 2067 3290 2121; x_wconf 92' lang='lat' dir='ltr'><strong>huc</strong></span> <span class='ocrx_word' id='word_1_370' title='bbox 3322 2070 3465 2136; x_wconf 77' lang='lat' dir='ltr'><strong>agite</strong></span> 
     </span>
    </p>
   </div>
   <div class='ocr_carea' id='block_1_52' title="bbox 1916 2158 3482 2230">
    <p class='ocr_par' dir='ltr' id='par_1_52' title="bbox 1916 2158 3482 2230">
     <span class='ocr_line' id='line_1_52' title="bbox 1916 2158 3482 2230; baseline 0.004 -22"><span class='ocrx_word' id='word_1_371' title='bbox 1916 2158 2075 2226; x_wconf 77' lang='lat' dir='ltr'><strong>genio</strong></span> <span class='ocrx_word' id='word_1_372' title='bbox 2131 2158 2533 2226; x_wconf 85' lang='lat' dir='ltr'><strong>indulgeamus,</strong></span> <span class='ocrx_word' id='word_1_373' title='bbox 2576 2173 2638 2212; x_wconf 89' lang='lat' dir='ltr'><strong>ac</strong></span> <span class='ocrx_word' id='word_1_374' title='bbox 2682 2159 3046 2223; x_wconf 75' lang='lat' dir='ltr'><strong>iuventutem,</strong></span> <span class='ocrx_word' id='word_1_375' title='bbox 3096 2169 3386 2230; x_wconf 82' lang='lat' dir='ltr'><strong>antequam</strong></span> <span class='ocrx_word' id='word_1_376' title='bbox 3435 2162 3482 2214; x_wconf 79' lang='lat' dir='ltr'><strong>ei</strong></span> 
     </span>
    </p>
   </div>
   <div class='ocr_carea' id='block_1_53' title="bbox 1918 2250 3148 2310">
    <p class='ocr_par' dir='ltr' id='par_1_53' title="bbox 1918 2250 3148 2310">
     <span class='ocr_line' id='line_1_53' title="bbox 1918 2250 3148 2310; baseline 0.002 -9"><span class='ocrx_word' id='word_1_377' title='bbox 1918 2265 2065 2301; x_wconf 85' lang='lat' dir='ltr'><strong>mors</strong></span> <span class='ocrx_word' id='word_1_378' title='bbox 2096 2251 2343 2310; x_wconf 87' lang='lat' dir='ltr'><strong>insultet,</strong></span> <span class='ocrx_word' id='word_1_379' title='bbox 2376 2250 2427 2302; x_wconf 89' lang='lat' dir='ltr'><strong>in</strong></span> <span class='ocrx_word' id='word_1_380' title='bbox 2459 2250 2672 2302; x_wconf 89' lang='lat' dir='ltr'><strong>deliciis</strong></span> <span class='ocrx_word' id='word_1_381' title='bbox 2705 2250 3082 2306; x_wconf 83' lang='lat' dir='ltr'><strong>traducamus.</strong></span> <span class='ocrx_word' id='word_1_382' title='bbox 3131 2271 3148 2303; x_wconf 75' lang='grc' dir='ltr'><strong>ι</strong></span> 
     </span>
    </p>
   </div>
   <div class='ocr_carea' id='block_1_54' title="bbox 1992 2341 3489 2416">
    <p class='ocr_par' dir='ltr' id='par_1_54' title="bbox 1992 2341 3489 2416">
     <span class='ocr_line' id='line_1_54' title="bbox 1992 2341 3489 2416; baseline 0.004 -22"><span class='ocrx_word' id='word_1_383' title='bbox 1992 2342 2101 2395; x_wconf 85' lang='lat' dir='ltr'><strong>VII.</strong></span> <span class='ocrx_word' id='word_1_384' title='bbox 2133 2341 2269 2395; x_wconf 85' lang='lat' dir='ltr'><strong>Cum</strong></span> <span class='ocrx_word' id='word_1_385' title='bbox 2335 2343 2407 2395; x_wconf 76' lang='lat' dir='ltr'><strong>ibi</strong></span> <span class='ocrx_word' id='word_1_386' title='bbox 2443 2343 2826 2410; x_wconf 86' lang='lat' dir='ltr'><strong>imperatorem</strong></span> <span class='ocrx_word' id='word_1_387' title='bbox 2859 2347 3189 2400; x_wconf 89' lang='lat' dir='ltr'><strong>commorari</strong></span> <span class='ocrx_word' id='word_1_388' title='bbox 3221 2362 3252 2400; x_wconf 91' lang='lat' dir='ltr'><strong>e</strong></span> <span class='ocrx_word' id='word_1_389' title='bbox 3290 2362 3489 2416; x_wconf 80' lang='lat' dir='ltr'><strong>specu-</strong></span> 
     </span>
    </p>
   </div>
   <div class='ocr_carea' id='block_1_55' title="bbox 1919 2434 3492 2509">
    <p class='ocr_par' dir='ltr' id='par_1_55' title="bbox 1919 2434 3492 2509">
     <span class='ocr_line' id='line_1_55' title="bbox 1919 2434 3492 2509; baseline 0.006 -23"><span class='ocrx_word' id='word_1_390' title='bbox 1919 2434 2185 2486; x_wconf 90' lang='lat' dir='ltr'><strong>latoribus</strong></span> <span class='ocrx_word' id='word_1_391' title='bbox 2219 2435 2505 2487; x_wconf 77' lang='lat' dir='ltr'><strong>didit-isset</strong></span> <span class='ocrx_word' id='word_1_392' title='bbox 2549 2435 2862 2499; x_wconf 78' lang='lat' dir='ltr'><strong>Momitilas,</strong></span> <span class='ocrx_word' id='word_1_393' title='bbox 2891 2436 2983 2505; x_wconf 92' lang='lat' dir='ltr'><strong>qui</strong></span> <span class='ocrx_word' id='word_1_394' title='bbox 3019 2441 3266 2507; x_wconf 83' lang='lat' dir='ltr'><strong>proxime</strong></span> <span class='ocrx_word' id='word_1_395' title='bbox 3289 2449 3344 2494; x_wconf 89' lang='lat' dir='ltr'><strong>et</strong></span> <span class='ocrx_word' id='word_1_396' title='bbox 3376 2442 3492 2509; x_wconf 76' lang='lat' dir='ltr'><strong>ipse</strong></span> 
     </span>
    </p>
   </div>
   <div class='ocr_carea' id='block_1_56' title="bbox 1920 2525 3493 2597">
    <p class='ocr_par' dir='ltr' id='par_1_56' title="bbox 1920 2525 3493 2597">
     <span class='ocr_line' id='line_1_56' title="bbox 1920 2525 3493 2597; baseline 0.006 -21"><span class='ocrx_word' id='word_1_397' title='bbox 1920 2526 2172 2578; x_wconf 89' lang='lat' dir='ltr'><strong>consulto</strong></span> <span class='ocrx_word' id='word_1_398' title='bbox 2225 2525 2548 2579; x_wconf 84' lang='lat' dir='ltr'><strong>versabatur</strong></span> <span class='ocrx_word' id='word_1_399' title='bbox 2584 2527 2988 2597; x_wconf 87' lang='lat' dir='ltr'><strong>amicitiamque</strong></span> <span class='ocrx_word' id='word_1_400' title='bbox 3032 2531 3360 2594; x_wconf 82' lang='lat' dir='ltr'><strong>simulabat;</strong></span> <span class='ocrx_word' id='word_1_401' title='bbox 3397 2533 3493 2585; x_wconf 71' lang='lat' dir='ltr'><strong>de-</strong></span> 
     </span>
    </p>
   </div>
   <div class='ocr_carea' id='block_1_57' title="bbox 1920 2618 3489 2693">
    <p class='ocr_par' dir='ltr' id='par_1_57' title="bbox 1920 2618 3489 2693">
     <span class='ocr_line' id='line_1_57' title="bbox 1920 2618 3489 2693; baseline 0.004 -23"><span class='ocrx_word' id='word_1_402' title='bbox 1920 2618 2115 2680; x_wconf 81' lang='lat' dir='ltr'><strong>crevit,</strong></span> <span class='ocrx_word' id='word_1_403' title='bbox 2147 2618 2461 2686; x_wconf 82' lang='lat' dir='ltr'><strong>priusquam</strong></span> <span class='ocrx_word' id='word_1_404' title='bbox 2486 2619 2759 2673; x_wconf 83' lang='lat' dir='ltr'><strong>exercitus</strong></span> <span class='ocrx_word' id='word_1_405' title='bbox 2788 2634 2934 2674; x_wconf 89' lang='lat' dir='ltr'><strong>esset</strong></span> <span class='ocrx_word' id='word_1_406' title='bbox 2971 2633 3352 2693; x_wconf 83' lang='lat' dir='ltr'><strong>congregatus,</strong></span> <span class='ocrx_word' id='word_1_407' title='bbox 3386 2625 3489 2677; x_wconf 78' lang='lat' dir='ltr'><strong>im-</strong></span> 
     </span>
    </p>
   </div>
   <div class='ocr_carea' id='block_1_58' title="bbox 1923 2711 3497 2785">
    <p class='ocr_par' dir='ltr' id='par_1_58' title="bbox 1923 2711 3497 2785">
     <span class='ocr_line' id='line_1_58' title="bbox 1923 2711 3497 2785; baseline 0.006 -23"><span class='ocrx_word' id='word_1_408' title='bbox 1923 2717 2227 2776; x_wconf 86' lang='lat' dir='ltr'><strong>peratorem</strong></span> <span class='ocrx_word' id='word_1_409' title='bbox 2267 2711 2506 2763; x_wconf 92' lang='lat' dir='ltr'><strong>nondum</strong></span> <span class='ocrx_word' id='word_1_410' title='bbox 2535 2726 2764 2782; x_wconf 86' lang='lat' dir='ltr'><strong>gnarum</strong></span> <span class='ocrx_word' id='word_1_411' title='bbox 2812 2714 2931 2784; x_wconf 86' lang='lat' dir='ltr'><strong>ejus</strong></span> <span class='ocrx_word' id='word_1_412' title='bbox 2977 2714 3192 2779; x_wconf 68' lang='lat' dir='ltr'><strong>fabulae,</strong></span> <span class='ocrx_word' id='word_1_413' title='bbox 3218 2731 3339 2784; x_wconf 65' lang='lat' dir='ltr'><strong>qua;</strong></span> <span class='ocrx_word' id='word_1_414' title='bbox 3370 2731 3497 2785; x_wconf 77' lang='lat' dir='ltr'><strong>age-</strong></span> 
     </span>
    </p>
   </div>
   <div class='ocr_carea' id='block_1_59' title="bbox 1925 2801 3499 2863">
    <p class='ocr_par' dir='ltr' id='par_1_59' title="bbox 1925 2801 3499 2863">
     <span class='ocr_line' id='line_1_59' title="bbox 1925 2801 3499 2863; baseline 0.006 -10"><span class='ocrx_word' id='word_1_415' title='bbox 1925 2802 2106 2863; x_wconf 82' lang='lat' dir='ltr'><strong>batur,</strong></span> <span class='ocrx_word' id='word_1_416' title='bbox 2157 2815 2221 2854; x_wconf 90' lang='lat' dir='ltr'><strong>ac</strong></span> <span class='ocrx_word' id='word_1_417' title='bbox 2277 2801 2353 2852; x_wconf 91' lang='lat' dir='ltr'><strong>nil</strong></span> <span class='ocrx_word' id='word_1_418' title='bbox 2411 2801 2518 2855; x_wconf 86' lang='lat' dir='ltr'><strong>tale</strong></span> <span class='ocrx_word' id='word_1_419' title='bbox 2575 2812 2914 2858; x_wconf 90' lang='lat' dir='ltr'><strong>metuentem</strong></span> <span class='ocrx_word' id='word_1_420' title='bbox 2969 2805 3357 2861; x_wconf 84' lang='lat' dir='ltr'><strong>adoriri.Cum</strong></span> <span class='ocrx_word' id='word_1_421' title='bbox 3391 2809 3499 2863; x_wconf 83' lang='lat' dir='ltr'><strong>illis</strong></span> 
     </span>
    </p>
   </div>
   <div class='ocr_carea' id='block_1_60' title="bbox 1925 2890 3499 2970">
    <p class='ocr_par' dir='ltr' id='par_1_60' title="bbox 1925 2890 3499 2970">
     <span class='ocr_line' id='line_1_60' title="bbox 1925 2890 3499 2970; baseline 0.008 -26"><span class='ocrx_word' id='word_1_422' title='bbox 1925 2893 2108 2960; x_wconf 78' lang='lat' dir='ltr'><strong>itaque</strong></span> <span class='ocrx_word' id='word_1_423' title='bbox 2140 2906 2206 2945; x_wconf 88' lang='lat' dir='ltr'><strong>eo</strong></span> <span class='ocrx_word' id='word_1_424' title='bbox 2238 2890 2292 2944; x_wconf 91' lang='lat' dir='ltr'><strong>in</strong></span> <span class='ocrx_word' id='word_1_425' title='bbox 2332 2901 2478 2946; x_wconf 88' lang='lat' dir='ltr'><strong>statu</strong></span> <span class='ocrx_word' id='word_1_426' title='bbox 2513 2908 2625 2948; x_wconf 72' lang='lat' dir='ltr'><strong>suae</strong></span> <span class='ocrx_word' id='word_1_427' title='bbox 2674 2910 2761 2949; x_wconf 90' lang='lat' dir='ltr'><strong>res</strong></span> <span class='ocrx_word' id='word_1_428' title='bbox 2792 2904 3000 2960; x_wconf 84' lang='lat' dir='ltr'><strong>essent,</strong></span> <span class='ocrx_word' id='word_1_429' title='bbox 3023 2897 3156 2952; x_wconf 88' lang='lat' dir='ltr'><strong>solis</strong></span> <span class='ocrx_word' id='word_1_430' title='bbox 3180 2916 3346 2954; x_wconf 85' lang='lat' dir='ltr'><strong>cursu</strong></span> <span class='ocrx_word' id='word_1_431' title='bbox 3385 2904 3499 2970; x_wconf 84' lang='lat' dir='ltr'><strong>jam</strong></span> 
     </span>
    </p>
   </div>
   <div class='ocr_carea' id='block_1_61' title="bbox 1925 2984 3496 3054">
    <p class='ocr_par' dir='ltr' id='par_1_61' title="bbox 1925 2984 3496 3054">
     <span class='ocr_line' id='line_1_61' title="bbox 1925 2984 3496 3054; baseline 0.006 -18"><span class='ocrx_word' id='word_1_432' title='bbox 1925 2984 2206 3037; x_wconf 86' lang='lat' dir='ltr'><strong>meridiem</strong></span> <span class='ocrx_word' id='word_1_433' title='bbox 2241 2993 2644 3054; x_wconf 64' lang='lat' dir='ltr'><strong>praetergresso,</strong></span> <span class='ocrx_word' id='word_1_434' title='bbox 2684 2987 2994 3054; x_wconf 88' lang='lat' dir='ltr'><strong>nuntiatur,</strong></span> <span class='ocrx_word' id='word_1_435' title='bbox 3022 2987 3337 3044; x_wconf 79' lang='lat' dir='ltr'><strong>Momitilam</strong></span> <span class='ocrx_word' id='word_1_436' title='bbox 3371 3007 3496 3046; x_wconf 77' lang='lat' dir='ltr'><strong>cuni</strong></span> 
     </span>
    </p>
   </div>
   <div class='ocr_carea' id='block_1_62' title="bbox 1925 3075 3500 3153">
    <p class='ocr_par' dir='ltr' id='par_1_62' title="bbox 1925 3075 3500 3153">
     <span class='ocr_line' id='line_1_62' title="bbox 1925 3075 3500 3153; baseline 0.007 -26"><span class='ocrx_word' id='word_1_437' title='bbox 1925 3075 2166 3128; x_wconf 79' lang='lat' dir='ltr'><strong>exercitu</strong></span> <span class='ocrx_word' id='word_1_438' title='bbox 2208 3075 2598 3132; x_wconf 71' lang='lat' dir='ltr'><strong>venire’armis</strong></span> <span class='ocrx_word' id='word_1_439' title='bbox 2649 3077 2944 3143; x_wconf 84' lang='lat' dir='ltr'><strong>instructo,</strong></span> <span class='ocrx_word' id='word_1_440' title='bbox 2987 3088 3041 3134; x_wconf 86' lang='lat' dir='ltr'><strong>et</strong></span> <span class='ocrx_word' id='word_1_441' title='bbox 3072 3081 3210 3136; x_wconf 80' lang='lat' dir='ltr'><strong>laxis</strong></span> <span class='ocrx_word' id='word_1_442' title='bbox 3235 3083 3299 3137; x_wconf 86' lang='lat' dir='ltr'><strong>ad</strong></span> <span class='ocrx_word' id='word_1_443' title='bbox 3329 3084 3500 3153; x_wconf 90' lang='lat' dir='ltr'><strong>impe-</strong></span> 
     </span>
    </p>
   </div>
   <div class='ocr_carea' id='block_1_63' title="bbox 259 3166 1934 3261">
    <p class='ocr_par' dir='ltr' id='par_1_63' title="bbox 259 3166 1934 3261">
     <span class='ocr_line' id='line_1_63' title="bbox 259 3166 1934 3261; baseline 0.005 -44"><span class='ocrx_word' id='word_1_444' title='bbox 259 3167 437 3234; x_wconf 74' lang='grc' dir='ltr'>ἡνίαις</span> <span class='ocrx_word' id='word_1_445' title='bbox 491 3166 733 3220; x_wconf 75' lang='grc' dir='ltr'>ἐλαύνων</span> <span class='ocrx_word' id='word_1_446' title='bbox 781 3168 839 3230; x_wconf 89' lang='grc' dir='ltr'><strong>ἐς</strong></span> <span class='ocrx_word' id='word_1_447' title='bbox 898 3168 957 3220; x_wconf 83' lang='grc' dir='ltr'>τὸ</span> <span class='ocrx_word' id='word_1_448' title='bbox 1007 3169 1101 3221; x_wconf 82' lang='grc' dir='ltr'>τοῦ</span> <span class='ocrx_word' id='word_1_449' title='bbox 1137 3170 1401 3240; x_wconf 78' lang='grc' dir='ltr'>βασιλέως</span> <span class='ocrx_word' id='word_1_450' title='bbox 1434 3169 1816 3240; x_wconf 83' lang='grc' dir='ltr'>στρατόπεδον.</span> <span class='ocrx_word' id='word_1_451' title='bbox 1853 3183 1934 3261; x_wconf 76' lang='lat' dir='ltr'><strong>C1</strong></span> 
     </span>
    </p>
   </div>
   <div class='ocr_carea' id='block_1_64' title="bbox 1827 3166 3502 3261">
    <p class='ocr_par' dir='ltr' id='par_1_64' title="bbox 1853 3167 3502 3261">
     <span class='ocr_line' id='line_1_64' title="bbox 1853 3167 3502 3261; baseline 0.004 -41"><span class='ocrx_word' id='word_1_452' title='bbox 1853 3203 1897 3261; x_wconf 62' lang='grc' dir='ltr'>ε</span> <span class='ocrx_word' id='word_1_453' title='bbox 1925 3169 2126 3222; x_wconf 88' lang='lat' dir='ltr'><strong>ratoris</strong></span> <span class='ocrx_word' id='word_1_454' title='bbox 2154 3176 2331 3222; x_wconf 83' lang='lat' dir='ltr'><strong>castra</strong></span> <span class='ocrx_word' id='word_1_455' title='bbox 2366 3167 2598 3223; x_wconf 84' lang='lat' dir='ltr'><strong>habenis</strong></span> <span class='ocrx_word' id='word_1_456' title='bbox 2637 3170 2989 3224; x_wconf 90' lang='lat' dir='ltr'><strong>contendere.</strong></span> <span class='ocrx_word' id='word_1_457' title='bbox 3026 3170 3086 3225; x_wconf 90' lang='lat' dir='ltr'><strong>ld</strong></span> <span class='ocrx_word' id='word_1_458' title='bbox 3121 3187 3315 3227; x_wconf 86' lang='lat' dir='ltr'><strong>omnes</strong></span> <span class='ocrx_word' id='word_1_459' title='bbox 3349 3173 3502 3228; x_wconf 89' lang='lat' dir='ltr'><strong>dere-</strong></span> 
     </span>
    </p>
   </div>
   <div class='ocr_carea' id='block_1_65' title="bbox 258 3257 1826 3333">
    <p class='ocr_par' dir='ltr' id='par_1_65' title="bbox 258 3257 1826 3333">
     <span class='ocr_line' id='line_1_65' title="bbox 258 3257 1826 3333; baseline 0.003 -24"><span class='ocrx_word' id='word_1_460' title='bbox 258 3257 431 3310; x_wconf 79' lang='grc' dir='ltr'>Τοῦτο</span> <span class='ocrx_word' id='word_1_461' title='bbox 462 3257 667 3321; x_wconf 81' lang='grc' dir='ltr'>πάντας</span> <span class='ocrx_word' id='word_1_462' title='bbox 707 3260 771 3311; x_wconf 84' lang='grc' dir='ltr'><strong>ἐκ</strong></span> <span class='ocrx_word' id='word_1_463' title='bbox 805 3258 898 3312; x_wconf 85' lang='grc' dir='ltr'><strong>τοῦ</strong></span> <span class='ocrx_word' id='word_1_464' title='bbox 940 3262 1281 3330; x_wconf 81' lang='grc' dir='ltr'>παραχρῆμα</span> <span class='ocrx_word' id='word_1_465' title='bbox 1309 3262 1604 3330; x_wconf 74' lang='grc' dir='ltr'>λογισμοὺς</span> <span class='ocrx_word' id='word_1_466' title='bbox 1634 3262 1826 3333; x_wconf 74' lang='grc' dir='ltr'>ἔθραυ-</span> 
     </span>
    </p>
   </div>
   <div class='ocr_carea' id='block_1_66' title="bbox 256 3339 1828 3419">
    <p class='ocr_par' dir='ltr' id='par_1_66' title="bbox 256 3339 1828 3419">
     <span class='ocr_line' id='line_1_66' title="bbox 256 3339 1828 3419; baseline 0.004 -19"><span class='ocrx_word' id='word_1_467' title='bbox 256 3347 321 3400; x_wconf 79' lang='grc' dir='ltr'><strong>σέ</strong></span> <span class='ocrx_word' id='word_1_468' title='bbox 351 3363 409 3399; x_wconf 86' lang='grc' dir='ltr'><strong>τε</strong></span> <span class='ocrx_word' id='word_1_469' title='bbox 434 3349 529 3400; x_wconf 66' lang='grc' dir='ltr'><strong>κα)⁵</strong></span> <span class='ocrx_word' id='word_1_470' title='bbox 563 3339 900 3418; x_wconf 79' lang='grc' dir='ltr'>συνεκύκησε</span> <span class='ocrx_word' id='word_1_471' title='bbox 921 3349 1014 3402; x_wconf 81' lang='grc' dir='ltr'>τοῦ</span> <span class='ocrx_word' id='word_1_472' title='bbox 1048 3369 1105 3402; x_wconf 79' lang='grc' dir='ltr'>τιι.</span> <span class='ocrx_word' id='word_1_473' title='bbox 1131 3351 1400 3419; x_wconf 85' lang='grc' dir='ltr'>βασιλέως</span> <span class='ocrx_word' id='word_1_474' title='bbox 1429 3354 1525 3404; x_wconf 75' lang='grc' dir='ltr'>καὶ</span> <span class='ocrx_word' id='word_1_475' title='bbox 1556 3354 1700 3414; x_wconf 72' lang='grc' dir='ltr'>ὅσοι,</span> <span class='ocrx_word' id='word_1_476' title='bbox 1734 3354 1828 3418; x_wconf 81' lang='grc' dir='ltr'>ξύν</span> 
     </span>
    </p>
   </div>
   <div class='ocr_carea' id='block_1_67' title="bbox 261 3439 1830 3513">
    <p class='ocr_par' dir='ltr' id='par_1_67' title="bbox 261 3439 1830 3513">
     <span class='ocr_line' id='line_1_67' title="bbox 261 3439 1830 3513; baseline 0.002 -21"><span class='ocrx_word' id='word_1_477' title='bbox 261 3455 327 3503; x_wconf 80' lang='grc' dir='ltr'><strong>γε</strong></span> <span class='ocrx_word' id='word_1_478' title='bbox 385 3439 537 3509; x_wconf 87' lang='grc' dir='ltr'><strong>αύτῷ</strong></span> <span class='ocrx_word' id='word_1_479' title='bbox 592 3442 842 3509; x_wconf 75' lang='grc' dir='ltr'>παρεῖναι</span> <span class='ocrx_word' id='word_1_480' title='bbox 911 3440 1237 3513; x_wconf 85' lang='grc' dir='ltr'>τετύχηκεν,</span> <span class='ocrx_word' id='word_1_481' title='bbox 1275 3443 1688 3512; x_wconf 79' lang='grc' dir='ltr'>ἀπαρασκεύοις</span> <span class='ocrx_word' id='word_1_482' title='bbox 1736 3446 1830 3498; x_wconf 81' lang='grc' dir='ltr'>καὶ</span> 
     </span>
    </p>
   </div>
   <div class='ocr_carea' id='block_1_68' title="bbox 257 3529 1828 3603">
    <p class='ocr_par' dir='ltr' id='par_1_68' title="bbox 257 3529 1828 3603">
     <span class='ocr_line' id='line_1_68' title="bbox 257 3529 1828 3603; baseline 0.002 -19"><span class='ocrx_word' id='word_1_483' title='bbox 257 3532 494 3596; x_wconf 87' lang='grc' dir='ltr'>τούτοις,</span> <span class='ocrx_word' id='word_1_484' title='bbox 537 3531 630 3583; x_wconf 75' lang='grc' dir='ltr'><strong>καί</strong></span> <span class='ocrx_word' id='word_1_485' title='bbox 653 3531 796 3584; x_wconf 88' lang='grc' dir='ltr'>πάνυ</span> <span class='ocrx_word' id='word_1_486' title='bbox 862 3529 1142 3601; x_wconf 80' lang='grc' dir='ltr'>βραχέσιν,</span> <span class='ocrx_word' id='word_1_487' title='bbox 1193 3532 1414 3601; x_wconf 77' lang='grc' dir='ltr'>καὶτῆς</span> <span class='ocrx_word' id='word_1_488' title='bbox 1471 3533 1639 3603; x_wconf 87' lang='grc' dir='ltr'>τύχης</span> <span class='ocrx_word' id='word_1_489' title='bbox 1684 3533 1828 3588; x_wconf 78' lang='grc' dir='ltr'>οὕτω</span> 
     </span>
    </p>
   </div>
   <div class='ocr_carea' id='block_1_69' title="bbox 261 3621 1831 3695">
    <p class='ocr_par' dir='ltr' id='par_1_69' title="bbox 261 3621 1831 3695">
     <span class='ocr_line' id='line_1_69' title="bbox 261 3621 1831 3695; baseline 0.003 -22"><span class='ocrx_word' id='word_1_490' title='bbox 261 3622 532 3693; x_wconf 86' lang='grc' dir='ltr'>λαμπρῶς</span> <span class='ocrx_word' id='word_1_491' title='bbox 565 3621 892 3691; x_wconf 87' lang='grc' dir='ltr'>ἐλαυνούσης</span> <span class='ocrx_word' id='word_1_492' title='bbox 924 3625 1018 3675; x_wconf 77' lang='grc' dir='ltr'>καὶ</span> <span class='ocrx_word' id='word_1_493' title='bbox 1055 3621 1403 3692; x_wconf 87' lang='grc' dir='ltr'>συνωθούσης</span> <span class='ocrx_word' id='word_1_494' title='bbox 1443 3626 1500 3676; x_wconf 91' lang='grc' dir='ltr'><strong>ἐν</strong></span> <span class='ocrx_word' id='word_1_495' title='bbox 1543 3625 1714 3695; x_wconf 61' lang='grc' dir='ltr'>στεινῷ</span> <span class='ocrx_word' id='word_1_496' title='bbox 1743 3643 1831 3678; x_wconf 88' lang='grc' dir='ltr'>κο-</span> 
     </span>
    </p>
   </div>
   <div class='ocr_carea' id='block_1_70' title="bbox 264 3712 1830 3784">
    <p class='ocr_par' dir='ltr' id='par_1_70' title="bbox 264 3712 1830 3784">
     <span class='ocr_line' id='line_1_70' title="bbox 264 3712 1830 3784; baseline 0.003 -20"><span class='ocrx_word' id='word_1_497' title='bbox 264 3714 394 3782; x_wconf 75' lang='grc' dir='ltr'>μιδῆ</span> <span class='ocrx_word' id='word_1_498' title='bbox 426 3713 524 3781; x_wconf 83' lang='grc' dir='ltr'>τῆς</span> <span class='ocrx_word' id='word_1_499' title='bbox 553 3712 701 3783; x_wconf 84' lang='grc' dir='ltr'>ὥρας</span> <span class='ocrx_word' id='word_1_500' title='bbox 731 3715 789 3765; x_wconf 85' lang='grc' dir='ltr'>τὸ</span> <span class='ocrx_word' id='word_1_501' title='bbox 816 3714 1068 3783; x_wconf 79' lang='grc' dir='ltr'>πρᾶγμα,</span> <span class='ocrx_word' id='word_1_502' title='bbox 1111 3716 1208 3767; x_wconf 68' lang='grc' dir='ltr'><strong>κα)⁸</strong></span> <span class='ocrx_word' id='word_1_503' title='bbox 1235 3715 1504 3784; x_wconf 86' lang='grc' dir='ltr'>μηδεμίαν</span> <span class='ocrx_word' id='word_1_504' title='bbox 1529 3716 1642 3767; x_wconf 81' lang='grc' dir='ltr'>οὐδ’</span> <span class='ocrx_word' id='word_1_505' title='bbox 1676 3717 1830 3768; x_wconf 79' lang='grc' dir='ltr'>ὁθεν-</span> 
     </span>
    </p>
   </div>
   <div class='ocr_carea' id='block_1_71' title="bbox 267 3805 1832 3878">
    <p class='ocr_par' dir='ltr' id='par_1_71' title="bbox 267 3805 1832 3878">
     <span class='ocr_line' id='line_1_71' title="bbox 267 3805 1832 3878; baseline 0.002 -21"><span class='ocrx_word' id='word_1_506' title='bbox 267 3806 368 3858; x_wconf 79' lang='grc' dir='ltr'>οῦν</span> <span class='ocrx_word' id='word_1_507' title='bbox 418 3805 648 3876; x_wconf 85' lang='grc' dir='ltr'>ἐχούσης</span> <span class='ocrx_word' id='word_1_508' title='bbox 676 3805 947 3877; x_wconf 79' lang='grc' dir='ltr'>διαφυγὴν</span> <span class='ocrx_word' id='word_1_509' title='bbox 979 3805 1076 3859; x_wconf 84' lang='grc' dir='ltr'>καὶ</span> <span class='ocrx_word' id='word_1_510' title='bbox 1120 3807 1443 3876; x_wconf 85' lang='grc' dir='ltr'>ἀπόδρασιν.</span> <span class='ocrx_word' id='word_1_511' title='bbox 1478 3807 1602 3871; x_wconf 88' lang='grc' dir='ltr'>Τοῖς</span> <span class='ocrx_word' id='word_1_512' title='bbox 1625 3825 1682 3860; x_wconf 90' lang='grc' dir='ltr'><strong>τε</strong></span> <span class='ocrx_word' id='word_1_513' title='bbox 1723 3808 1832 3878; x_wconf 85' lang='grc' dir='ltr'>γὰρ</span> 
     </span>
    </p>
   </div>
   <div class='ocr_carea' id='block_1_72' title="bbox 269 3896 1832 3966">
    <p class='ocr_par' dir='ltr' id='par_1_72' title="bbox 269 3896 1832 3966">
     <span class='ocr_line' id='line_1_72' title="bbox 269 3896 1832 3966; baseline 0.001 -17"><span class='ocrx_word' id='word_1_514' title='bbox 269 3898 458 3960; x_wconf 71' lang='grc' dir='ltr'>ἵπποις</span> <span class='ocrx_word' id='word_1_515' title='bbox 488 3897 592 3949; x_wconf 86' lang='grc' dir='ltr'>ἀνὰ</span> <span class='ocrx_word' id='word_1_516' title='bbox 611 3896 708 3966; x_wconf 75' lang='grc' dir='ltr'><strong>τὴν</strong></span> <span class='ocrx_word' id='word_1_517' title='bbox 728 3898 865 3949; x_wconf 84' lang='grc' dir='ltr'>πόαν</span> <span class='ocrx_word' id='word_1_518' title='bbox 888 3897 1358 3962; x_wconf 77' lang='grc' dir='ltr'>διεσκεδασμένοις</span> <span class='ocrx_word' id='word_1_519' title='bbox 1397 3898 1659 3965; x_wconf 82' lang='grc' dir='ltr'>νέμεσθαι</span> <span class='ocrx_word' id='word_1_520' title='bbox 1692 3897 1832 3962; x_wconf 83' lang='grc' dir='ltr'>τέως</span> 
     </span>
    </p>
   </div>
   <div class='ocr_carea' id='block_1_73' title="bbox 271 3988 1836 4060">
    <p class='ocr_par' dir='ltr' id='par_1_73' title="bbox 271 3988 1836 4060">
     <span class='ocr_line' id='line_1_73' title="bbox 271 3988 1836 4060; baseline -0.001 -17"><span class='ocrx_word' id='word_1_521' title='bbox 271 3991 557 4044; x_wconf 85' lang='grc' dir='ltr'>συνέϐαινε</span> <span class='ocrx_word' id='word_1_522' title='bbox 584 4007 598 4020; x_wconf 79' lang='grc' dir='ltr'><strong>ο</strong></span> <span class='ocrx_word' id='word_1_523' title='bbox 637 3990 730 4042; x_wconf 75' lang='grc' dir='ltr'>καὶ</span> <span class='ocrx_word' id='word_1_524' title='bbox 772 3988 888 4058; x_wconf 72' lang='grc' dir='ltr'>ἅμα</span> <span class='ocrx_word' id='word_1_525' title='bbox 930 3990 1030 4059; x_wconf 81' lang='grc' dir='ltr'>τῆς</span> <span class='ocrx_word' id='word_1_526' title='bbox 1068 3991 1328 4060; x_wconf 80' lang='grc' dir='ltr'>στρατιᾶς</span> <span class='ocrx_word' id='word_1_527' title='bbox 1362 3990 1423 4040; x_wconf 77' lang='grc' dir='ltr'>τὸ</span> <span class='ocrx_word' id='word_1_528' title='bbox 1465 3990 1562 4058; x_wconf 79' lang='grc' dir='ltr'>μὲν</span> <span class='ocrx_word' id='word_1_529' title='bbox 1587 3989 1668 4041; x_wconf 80' lang='grc' dir='ltr'><strong>ἐτι</strong></span> <span class='ocrx_word' id='word_1_530' title='bbox 1707 3991 1836 4056; x_wconf 78' lang='grc' dir='ltr'>περὶ</span> 
     </span>
    </p>
   </div>
   <div class='ocr_carea' id='block_1_74' title="bbox 264 4067 1835 4150">
    <p class='ocr_par' dir='ltr' id='par_1_74' title="bbox 264 4067 1835 4150">
     <span class='ocr_line' id='line_1_74' title="bbox 264 4067 1835 4150; baseline 0 -18"><span class='ocrx_word' id='word_1_531' title='bbox 264 4081 372 4150; x_wconf 76' lang='grc' dir='ltr'>τὴν</span> <span class='ocrx_word' id='word_1_532' title='bbox 420 4078 756 4148; x_wconf 81' lang='grc' dir='ltr'>Κομοτηνῶν</span> <span class='ocrx_word' id='word_1_533' title='bbox 790 4078 944 4131; x_wconf 85' lang='grc' dir='ltr'>πόλιν</span> <span class='ocrx_word' id='word_1_534' title='bbox 998 4078 1449 4148; x_wconf 78' lang='grc' dir='ltr'>ἀπεριμερίμνως</span> <span class='ocrx_word' id='word_1_535' title='bbox 1495 4067 1589 4141; x_wconf 66' lang='grc' dir='ltr'><strong>τάς</strong></span> <span class='ocrx_word' id='word_1_536' title='bbox 1625 4080 1835 4148; x_wconf 79' lang='grc' dir='ltr'>ἀγορὰς</span> 
     </span>
    </p>
   </div>
   <div class='ocr_carea' id='block_1_75' title="bbox 271 4171 1836 4244">
    <p class='ocr_par' dir='ltr' id='par_1_75' title="bbox 271 4171 1836 4244">
     <span class='ocr_line' id='line_1_75' title="bbox 271 4171 1836 4244; baseline -0.002 -17"><span class='ocrx_word' id='word_1_537' title='bbox 271 4175 512 4244; x_wconf 78' lang='grc' dir='ltr'>περιῄει,</span> <span class='ocrx_word' id='word_1_538' title='bbox 551 4173 618 4224; x_wconf 86' lang='grc' dir='ltr'><strong>τά</strong></span> <span class='ocrx_word' id='word_1_539' title='bbox 649 4171 786 4242; x_wconf 79' lang='grc' dir='ltr'>πρὸς</span> <span class='ocrx_word' id='word_1_540' title='bbox 835 4172 1024 4242; x_wconf 55' lang='grc' dir='ltr'>χρείαν</span> <span class='ocrx_word' id='word_1_541' title='bbox 1052 4171 1350 4240; x_wconf 80' lang='grc' dir='ltr'>ὠνούμενοι</span> <span class='ocrx_word' id='word_1_542' title='bbox 1370 4188 1384 4200; x_wconf 80' lang='lat'>&#39;</span> <span class='ocrx_word' id='word_1_543' title='bbox 1411 4172 1473 4223; x_wconf 80' lang='grc' dir='ltr'>τὸ</span> <span class='ocrx_word' id='word_1_544' title='bbox 1498 4173 1542 4222; x_wconf 82' lang='grc' dir='ltr'>δ’</span> <span class='ocrx_word' id='word_1_545' title='bbox 1570 4172 1712 4236; x_wconf 76' lang='grc' dir='ltr'>ἐξιὸν</span> <span class='ocrx_word' id='word_1_546' title='bbox 1736 4173 1836 4224; x_wconf 78' lang='grc' dir='ltr'>οὐκ</span> 
     </span>
    </p>
   </div>
   <div class='ocr_carea' id='block_1_76' title="bbox 268 4265 1837 4336">
    <p class='ocr_par' dir='ltr' id='par_1_76' title="bbox 268 4265 1837 4336">
     <span class='ocr_line' id='line_1_76' title="bbox 268 4265 1837 4336; baseline -0.003 -16"><span class='ocrx_word' id='word_1_547' title='bbox 268 4272 329 4320; x_wconf 85' lang='grc' dir='ltr'><strong>ἐν</strong></span> <span class='ocrx_word' id='word_1_548' title='bbox 364 4268 568 4336; x_wconf 77' lang='grc' dir='ltr'>σπουδῇ</span> <span class='ocrx_word' id='word_1_549' title='bbox 624 4267 756 4334; x_wconf 81' lang='grc' dir='ltr'>πρὸς</span> <span class='ocrx_word' id='word_1_550' title='bbox 794 4265 1019 4334; x_wconf 85' lang='grc' dir='ltr'>βασιλέα</span> <span class='ocrx_word' id='word_1_551' title='bbox 1076 4265 1336 4335; x_wconf 85' lang='grc' dir='ltr'>πρόνοιαν</span> <span class='ocrx_word' id='word_1_552' title='bbox 1383 4267 1616 4316; x_wconf 86' lang='grc' dir='ltr'>ἐποιεῖτο</span> <span class='ocrx_word' id='word_1_553' title='bbox 1665 4267 1837 4315; x_wconf 85' lang='grc' dir='ltr'>ποιεῖ-</span> 
     </span>
    </p>
   </div>
   <div class='ocr_carea' id='block_1_77' title="bbox 273 4356 1833 4431">
    <p class='ocr_par' dir='ltr' id='par_1_77' title="bbox 273 4356 1833 4431">
     <span class='ocr_line' id='line_1_77' title="bbox 273 4356 1833 4431; baseline -0.006 -16"><span class='ocrx_word' id='word_1_554' title='bbox 273 4363 520 4431; x_wconf 80' lang='grc' dir='ltr'>σθαιτὴν</span> <span class='ocrx_word' id='word_1_555' title='bbox 546 4360 752 4429; x_wconf 74' lang='grc' dir='ltr'>ἄφιξιν,</span> <span class='ocrx_word' id='word_1_556' title='bbox 795 4359 891 4412; x_wconf 66' lang='lat' dir='ltr'><strong>ita</strong></span> <span class='ocrx_word' id='word_1_557' title='bbox 947 4358 1025 4428; x_wconf 84' lang='grc' dir='ltr'>μὴ</span> <span class='ocrx_word' id='word_1_558' title='bbox 1073 4357 1449 4427; x_wconf 87' lang='grc' dir='ltr'>προμαθόντες</span> <span class='ocrx_word' id='word_1_559' title='bbox 1481 4358 1543 4409; x_wconf 86' lang='grc' dir='ltr'>τὸ</span> <span class='ocrx_word' id='word_1_560' title='bbox 1584 4356 1833 4426; x_wconf 80' lang='grc' dir='ltr'>συμϐάνο</span> 
     </span>
    </p>
   </div>
   <div class='ocr_carea' id='block_1_78' title="bbox 267 4446 1493 4527">
    <p class='ocr_par' dir='ltr' id='par_1_78' title="bbox 267 4446 1493 4527">
     <span class='ocr_line' id='line_1_78' title="bbox 267 4446 1493 4527; baseline -0.007 -18"><span class='ocrx_word' id='word_1_561' title='bbox 267 4456 386 4509; x_wconf 82' lang='grc' dir='ltr'>ἀλλ’</span> <span class='ocrx_word' id='word_1_562' title='bbox 415 4453 601 4523; x_wconf 76' lang='grc' dir='ltr'>ἠρέμα</span> <span class='ocrx_word' id='word_1_563' title='bbox 629 4454 721 4503; x_wconf 69' lang='grc' dir='ltr'>καὶ</span> <span class='ocrx_word' id='word_1_564' title='bbox 745 4451 888 4501; x_wconf 87' lang='grc' dir='ltr'><strong>κατά</strong></span> <span class='ocrx_word' id='word_1_565' title='bbox 916 4448 1111 4517; x_wconf 80' lang='grc' dir='ltr'>σχολὴν</span> <span class='ocrx_word' id='word_1_566' title='bbox 1140 4446 1493 4527; x_wconf 76' lang='grc' dir='ltr'>ἐπορεύοντο.</span> 
     </span>
    </p>
   </div>
   <div class='ocr_carea' id='block_1_79' title="bbox 1933 3260 3501 3336">
    <p class='ocr_par' dir='ltr' id='par_1_79' title="bbox 1933 3260 3501 3336">
     <span class='ocr_line' id='line_1_79' title="bbox 1933 3260 3501 3336; baseline 0.005 -25"><span class='ocrx_word' id='word_1_567' title='bbox 1933 3268 2096 3328; x_wconf 90' lang='lat' dir='ltr'><strong>pente</strong></span> <span class='ocrx_word' id='word_1_568' title='bbox 2142 3260 2356 3313; x_wconf 76' lang='lat' dir='ltr'><strong>animos</strong></span> <span class='ocrx_word' id='word_1_569' title='bbox 2415 3260 2648 3329; x_wconf 88' lang='lat' dir='ltr'><strong>perculit</strong></span> <span class='ocrx_word' id='word_1_570' title='bbox 2673 3269 2730 3315; x_wconf 91' lang='lat' dir='ltr'><strong>et</strong></span> <span class='ocrx_word' id='word_1_571' title='bbox 2758 3262 3131 3328; x_wconf 82' lang='lat' dir='ltr'><strong>conturbavit,</strong></span> <span class='ocrx_word' id='word_1_572' title='bbox 3157 3274 3272 3319; x_wconf 87' lang='lat' dir='ltr'><strong>tum</strong></span> <span class='ocrx_word' id='word_1_573' title='bbox 3329 3266 3501 3336; x_wconf 84' lang='lat' dir='ltr'><strong>ipsius</strong></span> 
     </span>
    </p>
   </div>
   <div class='ocr_carea' id='block_1_80' title="bbox 1934 3352 3499 3424">
    <p class='ocr_par' dir='ltr' id='par_1_80' title="bbox 1934 3352 3499 3424">
     <span class='ocr_line' id='line_1_80' title="bbox 1934 3352 3499 3424; baseline 0.006 -21"><span class='ocrx_word' id='word_1_574' title='bbox 1934 3352 2303 3419; x_wconf 86' lang='lat' dir='ltr'><strong>imperatoris,</strong></span> <span class='ocrx_word' id='word_1_575' title='bbox 2349 3362 2465 3406; x_wconf 90' lang='lat' dir='ltr'><strong>tum</strong></span> <span class='ocrx_word' id='word_1_576' title='bbox 2499 3354 2743 3408; x_wconf 91' lang='lat' dir='ltr'><strong>omnium</strong></span> <span class='ocrx_word' id='word_1_577' title='bbox 2803 3355 3053 3422; x_wconf 89' lang='lat' dir='ltr'><strong>illorum,</strong></span> <span class='ocrx_word' id='word_1_578' title='bbox 3107 3357 3202 3424; x_wconf 90' lang='lat' dir='ltr'><strong>qui</strong></span> <span class='ocrx_word' id='word_1_579' title='bbox 3264 3371 3388 3411; x_wconf 91' lang='lat' dir='ltr'><strong>cum</strong></span> <span class='ocrx_word' id='word_1_580' title='bbox 3434 3373 3499 3412; x_wconf 89' lang='lat' dir='ltr'><strong>eo</strong></span> 
     </span>
    </p>
   </div>
   <div class='ocr_carea' id='block_1_81' title="bbox 1934 3442 3503 3518">
    <p class='ocr_par' dir='ltr' id='par_1_81' title="bbox 1934 3442 3503 3518">
     <span class='ocr_line' id='line_1_81' title="bbox 1934 3442 3503 3518; baseline 0.004 -22"><span class='ocrx_word' id='word_1_581' title='bbox 1934 3443 2072 3496; x_wconf 87' lang='lat' dir='ltr'><strong>forte</strong></span> <span class='ocrx_word' id='word_1_582' title='bbox 2104 3442 2334 3498; x_wconf 87' lang='lat' dir='ltr'><strong>aderant</strong></span> <span class='ocrx_word' id='word_1_583' title='bbox 2361 3444 2618 3513; x_wconf 82' lang='lat' dir='ltr'><strong>imparati</strong></span> <span class='ocrx_word' id='word_1_584' title='bbox 2647 3455 2702 3500; x_wconf 89' lang='lat' dir='ltr'><strong>et</strong></span> <span class='ocrx_word' id='word_1_585' title='bbox 2735 3445 2837 3515; x_wconf 90' lang='lat' dir='ltr'><strong>ipsi</strong></span> <span class='ocrx_word' id='word_1_586' title='bbox 2865 3456 2923 3501; x_wconf 90' lang='lat' dir='ltr'><strong>et</strong></span> <span class='ocrx_word' id='word_1_587' title='bbox 2964 3449 3255 3518; x_wconf 85' lang='lat' dir='ltr'><strong>perpauci;</strong></span> <span class='ocrx_word' id='word_1_588' title='bbox 3284 3449 3503 3503; x_wconf 81' lang='lat' dir='ltr'><strong>fortuna</strong></span> 
     </span>
    </p>
   </div>
   <div class='ocr_carea' id='block_1_82' title="bbox 1935 3537 3504 3608">
    <p class='ocr_par' dir='ltr' id='par_1_82' title="bbox 1935 3537 3504 3608">
     <span class='ocr_line' id='line_1_82' title="bbox 1935 3537 3504 3608; baseline 0.006 -20"><span class='ocrx_word' id='word_1_589' title='bbox 1935 3543 2043 3589; x_wconf 87' lang='lat' dir='ltr'><strong>tam</strong></span> <span class='ocrx_word' id='word_1_590' title='bbox 2076 3545 2265 3605; x_wconf 81' lang='lat' dir='ltr'><strong>aperte</strong></span> <span class='ocrx_word' id='word_1_591' title='bbox 2323 3552 2414 3591; x_wconf 89' lang='lat' dir='ltr'><strong>res</strong></span> <span class='ocrx_word' id='word_1_592' title='bbox 2468 3537 2721 3606; x_wconf 86' lang='lat' dir='ltr'><strong>adigente</strong></span> <span class='ocrx_word' id='word_1_593' title='bbox 2771 3546 2826 3591; x_wconf 86' lang='lat' dir='ltr'><strong>et</strong></span> <span class='ocrx_word' id='word_1_594' title='bbox 2874 3539 3238 3608; x_wconf 87' lang='lat' dir='ltr'><strong>compellente</strong></span> <span class='ocrx_word' id='word_1_595' title='bbox 3285 3541 3338 3596; x_wconf 90' lang='lat' dir='ltr'><strong>in</strong></span> <span class='ocrx_word' id='word_1_596' title='bbox 3381 3557 3504 3597; x_wconf 89' lang='lat' dir='ltr'><strong>eam</strong></span> 
     </span>
    </p>
   </div>
   <div class='ocr_carea' id='block_1_83' title="bbox 1935 3627 3507 3703">
    <p class='ocr_par' dir='ltr' id='par_1_83' title="bbox 1935 3627 3507 3703">
     <span class='ocr_line' id='line_1_83' title="bbox 1935 3627 3507 3703; baseline 0.006 -24"><span class='ocrx_word' id='word_1_597' title='bbox 1935 3627 2198 3695; x_wconf 87' lang='lat' dir='ltr'><strong>temporis</strong></span> <span class='ocrx_word' id='word_1_598' title='bbox 2254 3627 2584 3697; x_wconf 83' lang='lat' dir='ltr'><strong>angustiam,</strong></span> <span class='ocrx_word' id='word_1_599' title='bbox 2627 3643 2803 3697; x_wconf 89' lang='lat' dir='ltr'><strong>neque</strong></span> <span class='ocrx_word' id='word_1_600' title='bbox 2859 3630 3028 3683; x_wconf 93' lang='lat' dir='ltr'><strong>ullum</strong></span> <span class='ocrx_word' id='word_1_601' title='bbox 3069 3647 3392 3703; x_wconf 87' lang='lat' dir='ltr'><strong>quacunque</strong></span> <span class='ocrx_word' id='word_1_602' title='bbox 3437 3649 3507 3688; x_wconf 82' lang='lat' dir='ltr'><strong>ex</strong></span> 
     </span>
    </p>
   </div>
   <div class='ocr_carea' id='block_1_84' title="bbox 1936 3717 3508 3790">
    <p class='ocr_par' dir='ltr' id='par_1_84' title="bbox 1936 3717 3508 3790">
     <span class='ocr_line' id='line_1_84' title="bbox 1936 3717 3508 3790; baseline 0.006 -20"><span class='ocrx_word' id='word_1_603' title='bbox 1936 3728 2090 3787; x_wconf 87' lang='lat' dir='ltr'><strong>parte</strong></span> <span class='ocrx_word' id='word_1_604' title='bbox 2147 3717 2412 3787; x_wconf 78' lang='lat' dir='ltr'><strong>eﬂugium</strong></span> <span class='ocrx_word' id='word_1_605' title='bbox 2470 3729 2566 3772; x_wconf 89' lang='lat' dir='ltr'><strong>aut</strong></span> <span class='ocrx_word' id='word_1_606' title='bbox 2606 3729 2890 3789; x_wconf 88' lang='lat' dir='ltr'><strong>receptum</strong></span> <span class='ocrx_word' id='word_1_607' title='bbox 2937 3723 3231 3790; x_wconf 57' lang='lat' dir='ltr'><strong>praebente.</strong></span> <span class='ocrx_word' id='word_1_608' title='bbox 3274 3724 3409 3778; x_wconf 85' lang='lat' dir='ltr'><strong>Nam</strong></span> <span class='ocrx_word' id='word_1_609' title='bbox 3451 3732 3508 3779; x_wconf 81' lang='lat' dir='ltr'><strong>et</strong></span> 
     </span>
    </p>
   </div>
   <div class='ocr_carea' id='block_1_85' title="bbox 1934 3809 3509 3881">
    <p class='ocr_par' dir='ltr' id='par_1_85' title="bbox 1934 3809 3509 3881">
     <span class='ocr_line' id='line_1_85' title="bbox 1934 3809 3509 3881; baseline 0.003 -19"><span class='ocrx_word' id='word_1_610' title='bbox 1934 3811 2062 3878; x_wconf 90' lang='lat' dir='ltr'><strong>equi</strong></span> <span class='ocrx_word' id='word_1_611' title='bbox 2088 3825 2183 3878; x_wconf 90' lang='lat' dir='ltr'><strong>per</strong></span> <span class='ocrx_word' id='word_1_612' title='bbox 2224 3810 2450 3864; x_wconf 86' lang='lat' dir='ltr'><strong>herbam</strong></span> <span class='ocrx_word' id='word_1_613' title='bbox 2495 3809 2730 3880; x_wconf 85' lang='lat' dir='ltr'><strong>dispersi</strong></span> <span class='ocrx_word' id='word_1_614' title='bbox 2762 3821 2876 3864; x_wconf 92' lang='lat' dir='ltr'><strong>tum</strong></span> <span class='ocrx_word' id='word_1_615' title='bbox 2915 3812 3057 3866; x_wconf 86' lang='lat' dir='ltr'><strong>forte</strong></span> <span class='ocrx_word' id='word_1_616' title='bbox 3095 3813 3420 3881; x_wconf 83' lang='lat' dir='ltr'><strong>pascebant;</strong></span> <span class='ocrx_word' id='word_1_617' title='bbox 3451 3823 3509 3866; x_wconf 80' lang='lat' dir='ltr'><strong>et</strong></span> 
     </span>
    </p>
   </div>
   <div class='ocr_carea' id='block_1_86' title="bbox 1937 3903 3511 3978">
    <p class='ocr_par' dir='ltr' id='par_1_86' title="bbox 1937 3903 3511 3978">
     <span class='ocr_line' id='line_1_86' title="bbox 1937 3903 3511 3978; baseline 0.003 -22"><span class='ocrx_word' id='word_1_618' title='bbox 1937 3903 2099 3957; x_wconf 89' lang='lat' dir='ltr'><strong>simul</strong></span> <span class='ocrx_word' id='word_1_619' title='bbox 2129 3920 2218 3978; x_wconf 12' lang='lat' dir='ltr'><strong>ex.</strong></span> <span class='ocrx_word' id='word_1_620' title='bbox 2252 3903 2488 3957; x_wconf 89' lang='lat' dir='ltr'><strong>militum</strong></span> <span class='ocrx_word' id='word_1_621' title='bbox 2541 3919 2772 3959; x_wconf 88' lang='lat' dir='ltr'><strong>numero</strong></span> <span class='ocrx_word' id='word_1_622' title='bbox 2803 3905 2896 3959; x_wconf 87' lang='lat' dir='ltr'><strong>alii</strong></span> <span class='ocrx_word' id='word_1_623' title='bbox 2944 3905 3165 3975; x_wconf 90' lang='lat' dir='ltr'><strong>quidem</strong></span> <span class='ocrx_word' id='word_1_624' title='bbox 3212 3907 3395 3962; x_wconf 88' lang='lat' dir='ltr'><strong>adhuc</strong></span> <span class='ocrx_word' id='word_1_625' title='bbox 3451 3907 3511 3961; x_wconf 91' lang='lat' dir='ltr'><strong>in</strong></span> 
     </span>
    </p>
   </div>
   <div class='ocr_carea' id='block_1_87' title="bbox 1939 3996 3508 4063">
    <p class='ocr_par' dir='ltr' id='par_1_87' title="bbox 1939 3996 3508 4063">
     <span class='ocr_line' id='line_1_87' title="bbox 1939 3996 3508 4063; baseline 0.004 -15"><span class='ocrx_word' id='word_1_626' title='bbox 1939 3996 2072 4049; x_wconf 89' lang='lat' dir='ltr'><strong>urbe</strong></span> <span class='ocrx_word' id='word_1_627' title='bbox 2124 3996 2550 4050; x_wconf 82' lang='lat' dir='ltr'><strong>Comotenornm</strong></span> <span class='ocrx_word' id='word_1_628' title='bbox 2601 3997 2782 4052; x_wconf 86' lang='lat' dir='ltr'><strong>securi</strong></span> <span class='ocrx_word' id='word_1_629' title='bbox 2833 3997 2946 4052; x_wconf 88' lang='lat' dir='ltr'><strong>fora</strong></span> <span class='ocrx_word' id='word_1_630' title='bbox 3009 3999 3392 4063; x_wconf 86' lang='lat' dir='ltr'><strong>circumibant,</strong></span> <span class='ocrx_word' id='word_1_631' title='bbox 3441 4015 3508 4055; x_wconf 86' lang='lat' dir='ltr'><strong>ea</strong></span> 
     </span>
    </p>
   </div>
   <div class='ocr_carea' id='block_1_88' title="bbox 1938 4087 3508 4157">
    <p class='ocr_par' dir='ltr' id='par_1_88' title="bbox 1938 4087 3508 4157">
     <span class='ocr_line' id='line_1_88' title="bbox 1938 4087 3508 4157; baseline 0.002 -17"><span class='ocrx_word' id='word_1_632' title='bbox 1938 4103 2060 4156; x_wconf 64' lang='lat' dir='ltr'><strong>qua;</strong></span> <span class='ocrx_word' id='word_1_633' title='bbox 2099 4088 2220 4141; x_wconf 91' lang='lat' dir='ltr'><strong>usui</strong></span> <span class='ocrx_word' id='word_1_634' title='bbox 2263 4096 2449 4141; x_wconf 83' lang='lat' dir='ltr'><strong>essent</strong></span> <span class='ocrx_word' id='word_1_635' title='bbox 2492 4088 2850 4156; x_wconf 88' lang='lat' dir='ltr'><strong>emptitantes</strong></span> <span class='ocrx_word' id='word_1_636' title='bbox 2886 4104 2899 4139; x_wconf 92' lang='lat'><strong>:</strong></span> <span class='ocrx_word' id='word_1_637' title='bbox 2929 4087 3023 4155; x_wconf 93' lang='lat' dir='ltr'><strong>qui</strong></span> <span class='ocrx_word' id='word_1_638' title='bbox 3079 4100 3262 4143; x_wconf 90' lang='lat' dir='ltr'><strong>autem</strong></span> <span class='ocrx_word' id='word_1_639' title='bbox 3298 4091 3508 4157; x_wconf 76' lang='lat' dir='ltr'><strong>egressi</strong></span> 
     </span>
    </p>
   </div>
   <div class='ocr_carea' id='block_1_89' title="bbox 1939 4178 3513 4250">
    <p class='ocr_par' dir='ltr' id='par_1_89' title="bbox 1939 4178 3513 4250">
     <span class='ocr_line' id='line_1_89' title="bbox 1939 4178 3513 4250; baseline 0.003 -20"><span class='ocrx_word' id='word_1_640' title='bbox 1939 4188 2122 4242; x_wconf 85' lang='lat' dir='ltr'><strong>erant,</strong></span> <span class='ocrx_word' id='word_1_641' title='bbox 2164 4179 2232 4232; x_wconf 90' lang='lat' dir='ltr'><strong>ab</strong></span> <span class='ocrx_word' id='word_1_642' title='bbox 2277 4180 2346 4231; x_wconf 88' lang='lat' dir='ltr'><strong>iis</strong></span> <span class='ocrx_word' id='word_1_643' title='bbox 2403 4178 2626 4231; x_wconf 89' lang='lat' dir='ltr'><strong>minime</strong></span> <span class='ocrx_word' id='word_1_644' title='bbox 2658 4179 3072 4247; x_wconf 81' lang='lat' dir='ltr'><strong>providebatur,</strong></span> <span class='ocrx_word' id='word_1_645' title='bbox 3099 4180 3258 4250; x_wconf 81' lang='lat'><strong>707</strong></span> <span class='ocrx_word' id='word_1_646' title='bbox 3313 4191 3372 4234; x_wconf 91' lang='lat' dir='ltr'><strong>ut</strong></span> <span class='ocrx_word' id='word_1_647' title='bbox 3405 4181 3513 4234; x_wconf 87' lang='lat' dir='ltr'><strong>iter</strong></span> 
     </span>
    </p>
   </div>
   <div class='ocr_carea' id='block_1_90' title="bbox 1941 4269 3508 4339">
    <p class='ocr_par' dir='ltr' id='par_1_90' title="bbox 1941 4269 3508 4339">
     <span class='ocr_line' id='line_1_90' title="bbox 1941 4269 3508 4339; baseline 0.001 -16"><span class='ocrx_word' id='word_1_648' title='bbox 1941 4269 2007 4323; x_wconf 84' lang='lat' dir='ltr'><strong>ad</strong></span> <span class='ocrx_word' id='word_1_649' title='bbox 2039 4270 2423 4338; x_wconf 89' lang='lat' dir='ltr'><strong>imperatorem</strong></span> <span class='ocrx_word' id='word_1_650' title='bbox 2454 4270 2851 4332; x_wconf 85' lang='lat' dir='ltr'><strong>accelerarent,</strong></span> <span class='ocrx_word' id='word_1_651' title='bbox 2875 4278 2933 4323; x_wconf 88' lang='lat' dir='ltr'><strong>ut</strong></span> <span class='ocrx_word' id='word_1_652' title='bbox 2969 4272 3062 4339; x_wconf 89' lang='lat' dir='ltr'><strong>qui</strong></span> <span class='ocrx_word' id='word_1_653' title='bbox 3097 4271 3230 4324; x_wconf 89' lang='lat' dir='ltr'><strong>illud</strong></span> <span class='ocrx_word' id='word_1_654' title='bbox 3254 4281 3508 4324; x_wconf 86' lang='lat' dir='ltr'><strong>eventum</strong></span> 
     </span>
    </p>
   </div>
   <div class='ocr_carea' id='block_1_91' title="bbox 1944 4355 3513 4429">
    <p class='ocr_par' dir='ltr' id='par_1_91' title="bbox 1944 4355 3513 4429">
     <span class='ocr_line' id='line_1_91' title="bbox 1944 4355 3513 4429; baseline 0.002 -17"><span class='ocrx_word' id='word_1_655' title='bbox 1944 4359 2333 4428; x_wconf 64' lang='lat' dir='ltr'><strong>pmcognitum</strong></span> <span class='ocrx_word' id='word_1_656' title='bbox 2359 4373 2468 4411; x_wconf 91' lang='lat' dir='ltr'><strong>non</strong></span> <span class='ocrx_word' id='word_1_657' title='bbox 2502 4355 2808 4413; x_wconf 87' lang='lat' dir='ltr'><strong>haberent:</strong></span> <span class='ocrx_word' id='word_1_658' title='bbox 2842 4359 2939 4414; x_wconf 88' lang='lat' dir='ltr'><strong>sed</strong></span> <span class='ocrx_word' id='word_1_659' title='bbox 2980 4359 3036 4413; x_wconf 88' lang='lat' dir='ltr'><strong>bi</strong></span> <span class='ocrx_word' id='word_1_660' title='bbox 3074 4360 3410 4429; x_wconf 80' lang='lat' dir='ltr'><strong>pedetentim</strong></span> <span class='ocrx_word' id='word_1_661' title='bbox 3450 4376 3513 4415; x_wconf 89' lang='lat' dir='ltr'><strong>ac</strong></span> 
     </span>
    </p>
   </div>
   <div class='ocr_carea' id='block_1_92' title="bbox 1942 4449 2474 4504">
    <p class='ocr_par' dir='ltr' id='par_1_92' title="bbox 1942 4449 2474 4504">
     <span class='ocr_line' id='line_1_92' title="bbox 1942 4449 2474 4504; baseline -0.002 -1"><span class='ocrx_word' id='word_1_662' title='bbox 1942 4451 2089 4504; x_wconf 84' lang='lat' dir='ltr'><strong>lente</strong></span> <span class='ocrx_word' id='word_1_663' title='bbox 2122 4449 2474 4504; x_wconf 89' lang='lat' dir='ltr'><strong>incedebant.</strong></span> 
     </span>
    </p>
   </div>
   <div class='ocr_carea' id='block_1_93' title="bbox 340 4523 2015 4612">
    <p class='ocr_par' dir='ltr' id='par_1_93' title="bbox 340 4523 1918 4612">
     <span class='ocr_line' id='line_1_93' title="bbox 340 4523 1918 4612; baseline -0.002 -21"><span class='ocrx_word' id='word_1_664' title='bbox 340 4547 426 4599; x_wconf 80' lang='lat' dir='ltr'><strong>H&#39;,</strong></span> <span class='ocrx_word' id='word_1_665' title='bbox 452 4544 643 4612; x_wconf 82' lang='grc' dir='ltr'>Ὅμως</span> <span class='ocrx_word' id='word_1_666' title='bbox 703 4542 782 4602; x_wconf 82' lang='grc' dir='ltr'><strong>είς</strong></span> <span class='ocrx_word' id='word_1_667' title='bbox 838 4539 972 4591; x_wconf 81' lang='grc' dir='ltr'>Θεὸν</span> <span class='ocrx_word' id='word_1_668' title='bbox 1005 4539 1034 4589; x_wconf 84' lang='grc' dir='ltr'><strong>ὁ</strong></span> <span class='ocrx_word' id='word_1_669' title='bbox 1083 4537 1337 4607; x_wconf 81' lang='grc' dir='ltr'>βασιλεὺς</span> <span class='ocrx_word' id='word_1_670' title='bbox 1375 4523 1678 4600; x_wconf 44' lang='grc' dir='ltr'>’ἀναῖείνας</span> <span class='ocrx_word' id='word_1_671' title='bbox 1741 4539 1839 4600; x_wconf 76' lang='grc' dir='ltr'><strong>τὰς</strong></span> <span class='ocrx_word' id='word_1_672' title='bbox 1875 4541 1918 4595; x_wconf 87' lang='lat' dir='ltr'><strong>D</strong></span> 
     </span>
    </p>
   </div>
   <div class='ocr_carea' id='block_1_94' title="bbox 1836 4523 3511 4612">
    <p class='ocr_par' dir='ltr' id='par_1_94' title="bbox 1836 4539 3511 4610">
     <span class='ocr_line' id='line_1_94' title="bbox 1836 4539 3511 4610; baseline -0.001 -15"><span class='ocrx_word' id='word_1_673' title='bbox 1836 4541 1918 4595; x_wconf 87' lang='lat' dir='ltr'><strong>&#39;D</strong></span> <span class='ocrx_word' id='word_1_674' title='bbox 2019 4539 2148 4594; x_wconf 78' lang='lat' dir='ltr'><strong>Vlll.</strong></span> <span class='ocrx_word' id='word_1_675' title='bbox 2187 4541 2440 4592; x_wconf 79' lang='lat' dir='ltr'><strong>Attamen</strong></span> <span class='ocrx_word' id='word_1_676' title='bbox 2507 4541 2829 4610; x_wconf 87' lang='lat' dir='ltr'><strong>imperator,</strong></span> <span class='ocrx_word' id='word_1_677' title='bbox 2899 4539 3130 4594; x_wconf 80' lang='lat' dir='ltr'><strong>sublatis</strong></span> <span class='ocrx_word' id='word_1_678' title='bbox 3182 4540 3248 4594; x_wconf 85' lang='lat' dir='ltr'><strong>ad</strong></span> <span class='ocrx_word' id='word_1_679' title='bbox 3312 4541 3511 4595; x_wconf 64' lang='lat' dir='ltr'><strong>caelum</strong></span> 
     </span>
    </p>
   </div>
   <div class='ocr_carea' id='block_1_95' title="bbox 267 4628 1839 4710">
    <p class='ocr_par' dir='ltr' id='par_1_95' title="bbox 267 4628 1839 4710">
     <span class='ocr_line' id='line_1_95' title="bbox 267 4628 1839 4710; baseline -0.007 -20"><span class='ocrx_word' id='word_1_680' title='bbox 267 4640 458 4710; x_wconf 79' lang='grc' dir='ltr'>χεῖρας</span> <span class='ocrx_word' id='word_1_681' title='bbox 495 4636 610 4704; x_wconf 79' lang='grc' dir='ltr'>ἃμα</span> <span class='ocrx_word' id='word_1_682' title='bbox 656 4636 768 4694; x_wconf 86' lang='grc' dir='ltr'>τοῖς</span> <span class='ocrx_word' id='word_1_683' title='bbox 797 4630 933 4699; x_wconf 84' lang='grc' dir='ltr'>ἀμφ’</span> <span class='ocrx_word' id='word_1_684' title='bbox 984 4629 1281 4698; x_wconf 66' lang='grc' dir='ltr'>αύτῷ-κάκ</span> <span class='ocrx_word' id='word_1_685' title='bbox 1337 4629 1443 4680; x_wconf 86' lang='grc' dir='ltr'><strong>τῶν</strong></span> <span class='ocrx_word' id='word_1_686' title='bbox 1491 4628 1719 4680; x_wconf 78' lang='grc' dir='ltr'>ἐνόντων</span> <span class='ocrx_word' id='word_1_687' title='bbox 1765 4629 1839 4692; x_wconf 82' lang='grc' dir='ltr'><strong>ὡς</strong></span> 
     </span>
    </p>
   </div>
   <div class='ocr_carea' id='block_1_96' title="bbox 272 4721 1842 4801">
    <p class='ocr_par' dir='ltr' id='par_1_96' title="bbox 272 4721 1842 4801">
     <span class='ocr_line' id='line_1_96' title="bbox 272 4721 1842 4801; baseline -0.016 -16"><span class='ocrx_word' id='word_1_688' title='bbox 272 4733 402 4801; x_wconf 77' lang='grc' dir='ltr'>ἐνῆν</span> <span class='ocrx_word' id='word_1_689' title='bbox 437 4729 791 4796; x_wconf 81' lang='grc' dir='ltr'>ὁπλισάμενοι</span> <span class='ocrx_word' id='word_1_690' title='bbox 822 4724 1111 4792; x_wconf 85' lang='grc' dir='ltr'>ἐμάχοντο,</span> <span class='ocrx_word' id='word_1_691' title='bbox 1146 4721 1238 4772; x_wconf 83' lang='grc' dir='ltr'>τοῦ</span> <span class='ocrx_word' id='word_1_692' title='bbox 1289 4721 1686 4789; x_wconf 69' lang='grc' dir='ltr'>προστυχόντος</span> <span class='ocrx_word' id='word_1_693' title='bbox 1711 4722 1842 4772; x_wconf 68' lang='lat' dir='ltr'><strong>Em.</strong></span> 
     </span>
    </p>
   </div>
   <div class='ocr_carea' id='block_1_97' title="bbox 277 4814 1844 4884">
    <p class='ocr_par' dir='ltr' id='par_1_97' title="bbox 277 4814 1844 4884">
     <span class='ocr_line' id='line_1_97' title="bbox 277 4814 1844 4884; baseline -0.01 -5"><span class='ocrx_word' id='word_1_694' title='bbox 277 4843 401 4884; x_wconf 84' lang='grc' dir='ltr'>στος</span> <span class='ocrx_word' id='word_1_695' title='bbox 431 4821 804 4879; x_wconf 83' lang='grc' dir='ltr'>ἐπιϐαίνοντες</span> <span class='ocrx_word' id='word_1_696' title='bbox 839 4817 1029 4879; x_wconf 82' lang='grc' dir='ltr'>ἵππου,</span> <span class='ocrx_word' id='word_1_697' title='bbox 1064 4814 1187 4882; x_wconf 76' lang='grc' dir='ltr'>δίχα</span> <span class='ocrx_word' id='word_1_698' title='bbox 1232 4814 1547 4878; x_wconf 71' lang='grc' dir='ltr'>σαλπίγγων</span> <span class='ocrx_word' id='word_1_699' title='bbox 1595 4815 1687 4865; x_wconf 83' lang='grc' dir='ltr'>καὶ</span> <span class='ocrx_word' id='word_1_700' title='bbox 1743 4831 1844 4864; x_wconf 88' lang='grc' dir='ltr'>πα-</span> 
     </span>
    </p>
   </div>
   <div class='ocr_carea' id='block_1_98' title="bbox 283 4903 1842 4986">
    <p class='ocr_par' dir='ltr' id='par_1_98' title="bbox 283 4903 1842 4986">
     <span class='ocr_line' id='line_1_98' title="bbox 283 4903 1842 4986; baseline -0.008 -18"><span class='ocrx_word' id='word_1_701' title='bbox 283 4915 586 4986; x_wconf 75' lang='grc' dir='ltr'>ρατάξεως,</span> <span class='ocrx_word' id='word_1_702' title='bbox 625 4911 718 4962; x_wconf 77' lang='grc' dir='ltr'>καὶ</span> <span class='ocrx_word' id='word_1_703' title='bbox 752 4911 840 4960; x_wconf 83' lang='grc' dir='ltr'>τὸν</span> <span class='ocrx_word' id='word_1_704' title='bbox 871 4907 1002 4977; x_wconf 68' lang='grc' dir='ltr'>ᾅδην</span> <span class='ocrx_word' id='word_1_705' title='bbox 1038 4905 1154 4957; x_wconf 87' lang='grc' dir='ltr'>κατ’</span> <span class='ocrx_word' id='word_1_706' title='bbox 1189 4903 1501 4973; x_wconf 61' lang='grc' dir='ltr'>ὀφθαλμοὺς</span> <span class='ocrx_word' id='word_1_707' title='bbox 1556 4906 1842 4972; x_wconf 70' lang='grc' dir='ltr'>ἱστάμενον</span> 
     </span>
    </p>
   </div>
   <div class='ocr_carea' id='block_1_99' title="bbox 280 4993 1844 5078">
    <p class='ocr_par' dir='ltr' id='par_1_99' title="bbox 280 4993 1844 5078">
     <span class='ocr_line' id='line_1_99' title="bbox 280 4993 1844 5078; baseline -0.008 -16"><span class='ocrx_word' id='word_1_708' title='bbox 280 5013 552 5078; x_wconf 84' lang='grc' dir='ltr'>ἄντικρυς</span> <span class='ocrx_word' id='word_1_709' title='bbox 612 5005 924 5073; x_wconf 76' lang='grc' dir='ltr'>βλέποντες.</span> <span class='ocrx_word' id='word_1_710' title='bbox 956 5001 1065 5052; x_wconf 77' lang='grc' dir='ltr'><strong>Καὶ</strong></span> <span class='ocrx_word' id='word_1_711' title='bbox 1101 4993 1170 5068; x_wconf 77' lang='grc' dir='ltr'>ἦν</span> <span class='ocrx_word' id='word_1_712' title='bbox 1200 4998 1326 5049; x_wconf 86' lang='grc' dir='ltr'>ἰδεῖν</span> <span class='ocrx_word' id='word_1_713' title='bbox 1368 4998 1514 5064; x_wconf 73' lang='grc' dir='ltr'>μάλα</span> <span class='ocrx_word' id='word_1_714' title='bbox 1552 4998 1844 5067; x_wconf 82' lang='grc' dir='ltr'>ἀγχιστρό-</span> 
     </span>
    </p>
   </div>
   <div class='ocr_carea' id='block_1_100' title="bbox 274 5091 1845 5173">
    <p class='ocr_par' dir='ltr' id='par_1_100' title="bbox 274 5091 1845 5173">
     <span class='ocr_line' id='line_1_100' title="bbox 274 5091 1845 5173; baseline -0.008 -18"><span class='ocrx_word' id='word_1_715' title='bbox 274 5121 410 5173; x_wconf 80' lang='grc' dir='ltr'>φους</span> <span class='ocrx_word' id='word_1_716' title='bbox 433 5103 526 5154; x_wconf 72' lang='grc' dir='ltr'>καὶ</span> <span class='ocrx_word' id='word_1_717' title='bbox 546 5102 647 5152; x_wconf 84' lang='grc' dir='ltr'>οὐκ</span> <span class='ocrx_word' id='word_1_718' title='bbox 681 5101 736 5150; x_wconf 82' lang='grc' dir='ltr'><strong>ἐν</strong></span> <span class='ocrx_word' id='word_1_719' title='bbox 763 5096 988 5166; x_wconf 76' lang='grc' dir='ltr'>προνοίᾳ</span> <span class='ocrx_word' id='word_1_720' title='bbox 1024 5095 1129 5145; x_wconf 82' lang='grc' dir='ltr'>τινὶ</span> <span class='ocrx_word' id='word_1_721' title='bbox 1161 5093 1257 5152; x_wconf 73' lang='grc' dir='ltr'>τὰς</span> <span class='ocrx_word' id='word_1_722' title='bbox 1284 5091 1547 5156; x_wconf 74' lang='grc' dir='ltr'>διεξόδους</span> <span class='ocrx_word' id='word_1_723' title='bbox 1581 5095 1671 5142; x_wconf 65' lang='grc' dir='ltr'>καὶ</span> <span class='ocrx_word' id='word_1_724' title='bbox 1703 5091 1845 5156; x_wconf 78' lang='grc' dir='ltr'>διεξ-</span> 
     </span>
    </p>
   </div>
   <div class='ocr_carea' id='block_1_101' title="bbox 273 5182 1841 5262">
    <p class='ocr_par' dir='ltr' id='par_1_101' title="bbox 273 5182 1841 5262">
     <span class='ocr_line' id='line_1_101' title="bbox 273 5182 1841 5262; baseline -0.01 -13"><span class='ocrx_word' id='word_1_725' title='bbox 273 5199 496 5256; x_wconf 81' lang='grc' dir='ltr'>ελάσεις</span> <span class='ocrx_word' id='word_1_726' title='bbox 533 5193 630 5262; x_wconf 77' lang='grc' dir='ltr'>τῆς</span> <span class='ocrx_word' id='word_1_727' title='bbox 703 5189 882 5260; x_wconf 82' lang='grc' dir='ltr'>μάχης</span> <span class='ocrx_word' id='word_1_728' title='bbox 945 5183 1383 5252; x_wconf 80' lang='grc' dir='ltr'>καθισταμένας·</span> <span class='ocrx_word' id='word_1_729' title='bbox 1455 5182 1589 5234; x_wconf 74' lang='grc' dir='ltr'>ἀλλὰ</span> <span class='ocrx_word' id='word_1_730' title='bbox 1633 5184 1841 5252; x_wconf 81' lang='grc' dir='ltr'>φύρδην</span> 
     </span>
    </p>
   </div>
   <div class='ocr_carea' id='block_1_102' title="bbox 346 5337 808 5407">
    <p class='ocr_par' dir='ltr' id='par_1_102' title="bbox 346 5337 808 5407">
     <span class='ocr_line' id='line_1_102' title="bbox 346 5337 808 5407; baseline -0.011 -14"><span class='ocrx_word' id='word_1_731' title='bbox 346 5342 364 5371; x_wconf 86' lang='grc'>¹</span> <span class='ocrx_word' id='word_1_732' title='bbox 403 5338 600 5407; x_wconf 77' lang='lat' dir='ltr'><strong>Ephes.</strong></span> <span class='ocrx_word' id='word_1_733' title='bbox 634 5353 683 5402; x_wconf 83' lang='grc' dir='ltr'><strong>ν,</strong></span> <span class='ocrx_word' id='word_1_734' title='bbox 722 5337 808 5390; x_wconf 73' lang='grc'><strong>14.</strong></span> 
     </span>
    </p>
   </div>
   <div class='ocr_carea' id='block_1_103' title="bbox 1951 4630 3510 4701">
    <p class='ocr_par' dir='ltr' id='par_1_103' title="bbox 1951 4630 3510 4701">
     <span class='ocr_line' id='line_1_103' title="bbox 1951 4630 3510 4701; baseline -0.001 -17"><span class='ocrx_word' id='word_1_735' title='bbox 1951 4631 2224 4692; x_wconf 85' lang='lat' dir='ltr'><strong>manibus,</strong></span> <span class='ocrx_word' id='word_1_736' title='bbox 2253 4641 2308 4684; x_wconf 92' lang='lat' dir='ltr'><strong>et</strong></span> <span class='ocrx_word' id='word_1_737' title='bbox 2333 4631 2367 4682; x_wconf 90' lang='lat' dir='ltr'><strong>ii</strong></span> <span class='ocrx_word' id='word_1_738' title='bbox 2400 4645 2537 4699; x_wconf 88' lang='lat' dir='ltr'><strong>quos</strong></span> <span class='ocrx_word' id='word_1_739' title='bbox 2565 4645 2753 4685; x_wconf 88' lang='lat' dir='ltr'><strong>secum</strong></span> <span class='ocrx_word' id='word_1_740' title='bbox 2788 4630 3043 4696; x_wconf 83' lang='lat' dir='ltr'><strong>habebat,</strong></span> <span class='ocrx_word' id='word_1_741' title='bbox 3088 4633 3320 4701; x_wconf 81' lang='lat' dir='ltr'><strong>arreptis</strong></span> <span class='ocrx_word' id='word_1_742' title='bbox 3348 4640 3510 4699; x_wconf 77' lang='lat' dir='ltr'><strong>prout</strong></span> 
     </span>
    </p>
   </div>
   <div class='ocr_carea' id='block_1_104' title="bbox 1951 4723 3515 4792">
    <p class='ocr_par' dir='ltr' id='par_1_104' title="bbox 1951 4723 3515 4792">
     <span class='ocr_line' id='line_1_104' title="bbox 1951 4723 3515 4792; baseline -0.001 -17"><span class='ocrx_word' id='word_1_743' title='bbox 1951 4723 2104 4776; x_wconf 85' lang='lat' dir='ltr'><strong>licuit</strong></span> <span class='ocrx_word' id='word_1_744' title='bbox 2129 4723 2317 4785; x_wconf 87' lang='lat' dir='ltr'><strong>armis,</strong></span> <span class='ocrx_word' id='word_1_745' title='bbox 2347 4739 2467 4790; x_wconf 64' lang='lat' dir='ltr'><strong>quae</strong></span> <span class='ocrx_word' id='word_1_746' title='bbox 2491 4731 2602 4776; x_wconf 87' lang='lat' dir='ltr'><strong>tum</strong></span> <span class='ocrx_word' id='word_1_747' title='bbox 2633 4725 3016 4792; x_wconf 87' lang='lat' dir='ltr'><strong>suppetebant,</strong></span> <span class='ocrx_word' id='word_1_748' title='bbox 3043 4739 3346 4778; x_wconf 87' lang='lat' dir='ltr'><strong>conscenso</strong></span> <span class='ocrx_word' id='word_1_749' title='bbox 3365 4724 3515 4791; x_wconf 64' lang='lat' dir='ltr'><strong>quic-</strong></span> 
     </span>
    </p>
   </div>
   <div class='ocr_carea' id='block_1_105' title="bbox 1950 4815 3512 4886">
    <p class='ocr_par' dir='ltr' id='par_1_105' title="bbox 1950 4815 3512 4886">
     <span class='ocr_line' id='line_1_105' title="bbox 1950 4815 3512 4886; baseline -0.001 -17"><span class='ocrx_word' id='word_1_750' title='bbox 1950 4831 2056 4884; x_wconf 86' lang='lat' dir='ltr'><strong>que</strong></span> <span class='ocrx_word' id='word_1_751' title='bbox 2114 4825 2317 4869; x_wconf 87' lang='lat' dir='ltr'><strong>temere</strong></span> <span class='ocrx_word' id='word_1_752' title='bbox 2373 4830 2516 4884; x_wconf 84' lang='lat' dir='ltr'><strong>equo</strong></span> <span class='ocrx_word' id='word_1_753' title='bbox 2566 4815 2774 4884; x_wconf 85' lang='lat' dir='ltr'><strong>absque</strong></span> <span class='ocrx_word' id='word_1_754' title='bbox 2833 4818 2958 4870; x_wconf 75' lang='lat' dir='ltr'><strong>tuba</strong></span> <span class='ocrx_word' id='word_1_755' title='bbox 3010 4818 3268 4886; x_wconf 87' lang='lat' dir='ltr'><strong>nulloque</strong></span> <span class='ocrx_word' id='word_1_756' title='bbox 3318 4818 3512 4869; x_wconf 82' lang='lat' dir='ltr'><strong>ordine</strong></span> 
     </span>
    </p>
   </div>
   <div class='ocr_carea' id='block_1_106' title="bbox 1953 4907 3512 4977">
    <p class='ocr_par' dir='ltr' id='par_1_106' title="bbox 1953 4907 3512 4977">
     <span class='ocr_line' id='line_1_106' title="bbox 1953 4907 3512 4977; baseline 0 -18"><span class='ocrx_word' id='word_1_757' title='bbox 1953 4917 2283 4976; x_wconf 83' lang='lat' dir='ltr'><strong>pugnarunt,</strong></span> <span class='ocrx_word' id='word_1_758' title='bbox 2314 4915 2541 4959; x_wconf 90' lang='lat' dir='ltr'><strong>mortem</strong></span> <span class='ocrx_word' id='word_1_759' title='bbox 2565 4908 2635 4960; x_wconf 89' lang='lat' dir='ltr'><strong>ob</strong></span> <span class='ocrx_word' id='word_1_760' title='bbox 2683 4907 2869 4961; x_wconf 90' lang='lat' dir='ltr'><strong>oculos</strong></span> <span class='ocrx_word' id='word_1_761' title='bbox 2925 4909 3154 4977; x_wconf 76' lang='lat' dir='ltr'><strong>positam</strong></span> <span class='ocrx_word' id='word_1_762' title='bbox 3215 4909 3512 4961; x_wconf 63' lang='lat' dir='ltr'><strong>intuentes.</strong></span> 
     </span>
    </p>
   </div>
   <div class='ocr_carea' id='block_1_107' title="bbox 1957 4999 3520 5067">
    <p class='ocr_par' dir='ltr' id='par_1_107' title="bbox 1957 4999 3520 5067">
     <span class='ocr_line' id='line_1_107' title="bbox 1957 4999 3520 5067; baseline -0.003 -13"><span class='ocrx_word' id='word_1_763' title='bbox 1957 5003 2022 5055; x_wconf 77' lang='lat' dir='ltr'><strong>Et</strong></span> <span class='ocrx_word' id='word_1_764' title='bbox 2043 5017 2172 5054; x_wconf 88' lang='lat' dir='ltr'><strong>sane</strong></span> <span class='ocrx_word' id='word_1_765' title='bbox 2198 4999 2383 5053; x_wconf 87' lang='lat' dir='ltr'><strong>videre</strong></span> <span class='ocrx_word' id='word_1_766' title='bbox 2415 5008 2534 5051; x_wconf 90' lang='lat' dir='ltr'><strong>erat</strong></span> <span class='ocrx_word' id='word_1_767' title='bbox 2563 4999 2716 5051; x_wconf 74' lang='lat' dir='ltr'><strong>valde</strong></span> <span class='ocrx_word' id='word_1_768' title='bbox 2754 5001 3061 5053; x_wconf 78' lang='lat' dir='ltr'><strong>instabilem</strong></span> <span class='ocrx_word' id='word_1_769' title='bbox 3097 5015 3159 5054; x_wconf 85' lang='lat' dir='ltr'><strong>ac</strong></span> <span class='ocrx_word' id='word_1_770' title='bbox 3196 5017 3302 5053; x_wconf 92' lang='lat' dir='ltr'><strong>non</strong></span> <span class='ocrx_word' id='word_1_771' title='bbox 3339 5003 3520 5067; x_wconf 78' lang='lat' dir='ltr'><strong>provi-</strong></span> 
     </span>
    </p>
   </div>
   <div class='ocr_carea' id='block_1_108' title="bbox 1953 5091 3517 5161">
    <p class='ocr_par' dir='ltr' id='par_1_108' title="bbox 1953 5091 3517 5161">
     <span class='ocr_line' id='line_1_108' title="bbox 1953 5091 3517 5161; baseline -0.003 -15"><span class='ocrx_word' id='word_1_772' title='bbox 1953 5093 2136 5146; x_wconf 89' lang='lat' dir='ltr'><strong>dentia</strong></span> <span class='ocrx_word' id='word_1_773' title='bbox 2197 5092 2376 5159; x_wconf 88' lang='lat' dir='ltr'><strong>aliqua</strong></span> <span class='ocrx_word' id='word_1_774' title='bbox 2434 5091 2794 5144; x_wconf 82' lang='lat' dir='ltr'><strong>constitutum</strong></span> <span class='ocrx_word' id='word_1_775' title='bbox 2863 5093 3111 5144; x_wconf 83' lang='lat' dir='ltr'><strong>ordinem</strong></span> <span class='ocrx_word' id='word_1_776' title='bbox 3164 5107 3396 5161; x_wconf 66' lang='lat' dir='ltr'><strong>pugna},</strong></span> <span class='ocrx_word' id='word_1_777' title='bbox 3461 5092 3517 5142; x_wconf 86' lang='lat' dir='ltr'><strong>in</strong></span> 
     </span>
    </p>
   </div>
   <div class='ocr_carea' id='block_1_109' title="bbox 1953 5182 3520 5252">
    <p class='ocr_par' dir='ltr' id='par_1_109' title="bbox 1953 5182 3520 5252">
     <span class='ocr_line' id='line_1_109' title="bbox 1953 5182 3520 5252; baseline -0.003 -14"><span class='ocrx_word' id='word_1_778' title='bbox 1953 5186 2335 5252; x_wconf 86' lang='lat' dir='ltr'><strong>eruptionibus</strong></span> <span class='ocrx_word' id='word_1_779' title='bbox 2369 5183 2858 5238; x_wconf 76' lang='lat' dir='ltr'><strong>excursionibusve</strong></span> <span class='ocrx_word' id='word_1_780' title='bbox 2924 5185 3206 5247; x_wconf 81' lang='lat' dir='ltr'><strong>faciendis,</strong></span> <span class='ocrx_word' id='word_1_781' title='bbox 3241 5182 3334 5236; x_wconf 82' lang='lat' dir='ltr'><strong>sed</strong></span> <span class='ocrx_word' id='word_1_782' title='bbox 3393 5198 3520 5250; x_wconf 83' lang='lat' dir='ltr'><strong>pro-</strong></span> 
     </span>
    </p>
   </div>
   <div class='ocr_carea' id='block_1_110' title="bbox 1597 5428 2162 5489">
    <p class='ocr_par' dir='ltr' id='par_1_110' title="bbox 1597 5428 2162 5489">
     <span class='ocr_line' id='line_1_110' title="bbox 1597 5428 2162 5489; baseline 0.007 -4"><span class='ocrx_word' id='word_1_783' title='bbox 1597 5428 1939 5487; x_wconf 83' lang='lat' dir='ltr'><strong>Variorum</strong></span> <span class='ocrx_word' id='word_1_784' title='bbox 1983 5437 2162 5489; x_wconf 62' lang='lat' dir='ltr'><strong>nota}.</strong></span> 
     </span>
    </p>
   </div>
   <div class='ocr_carea' id='block_1_111' title="bbox 347 5551 1837 5632">
    <p class='ocr_par' dir='ltr' id='par_1_111' title="bbox 347 5551 1837 5632">
     <span class='ocr_line' id='line_1_111' title="bbox 347 5551 1837 5632; baseline -0.009 -18"><span class='ocrx_word' id='word_1_785' title='bbox 347 5561 461 5632; x_wconf 84' lang='lat'><strong>(60)</strong></span> <span class='ocrx_word' id='word_1_786' title='bbox 486 5556 728 5612; x_wconf 81' lang='lat' dir='ltr'><strong>Verbum</strong></span> <span class='ocrx_word' id='word_1_787' title='bbox 753 5552 894 5606; x_wconf 76' lang='grc' dir='ltr'>εἶναι</span> <span class='ocrx_word' id='word_1_788' title='bbox 913 5553 1134 5632; x_wconf 78' lang='lat' dir='ltr'><strong>videtur</strong></span> <span class='ocrx_word' id='word_1_789' title='bbox 1161 5551 1399 5632; x_wconf 66' lang='lat' dir='ltr'><strong>auoloco</strong></span> <span class='ocrx_word' id='word_1_790' title='bbox 1429 5560 1632 5632; x_wconf 60' lang='lat' dir='ltr'><strong>motuin</strong></span> <span class='ocrx_word' id='word_1_791' title='bbox 1655 5551 1837 5632; x_wconf 72' lang='lat' dir='ltr'><strong>fuisse.</strong></span> 
     </span>
    </p>
   </div>
   <div class='ocr_carea' id='block_1_112' title="bbox 271 5622 1843 5702">
    <p class='ocr_par' dir='ltr' id='par_1_112' title="bbox 271 5622 1843 5702">
     <span class='ocr_line' id='line_1_112' title="bbox 271 5622 1843 5702; baseline -0.011 -15"><span class='ocrx_word' id='word_1_792' title='bbox 271 5622 589 5702; x_wconf 60' lang='lat' dir='ltr'><strong>Legendum</strong></span> <span class='ocrx_word' id='word_1_793' title='bbox 630 5628 880 5702; x_wconf 72' lang='lat' dir='ltr'><strong>fortasse,</strong></span> <span class='ocrx_word' id='word_1_794' title='bbox 945 5624 1114 5702; x_wconf 61' lang='grc' dir='ltr'>αύτὴν</span> <span class='ocrx_word' id='word_1_795' title='bbox 1154 5622 1276 5673; x_wconf 67' lang='grc' dir='ltr'>καθ’</span> <span class='ocrx_word' id='word_1_796' title='bbox 1307 5623 1530 5702; x_wconf 37' lang='grc' dir='ltr'>ταύτην-</span> <span class='ocrx_word' id='word_1_797' title='bbox 1553 5622 1690 5702; x_wconf 64' lang='grc' dir='ltr'>εἶναι</span> <span class='ocrx_word' id='word_1_798' title='bbox 1747 5623 1843 5702; x_wconf 74' lang='grc' dir='ltr'>τὴν</span> 
     </span>
    </p>
   </div>
   <div class='ocr_carea' id='block_1_113' title="bbox 271 5691 1841 5768">
    <p class='ocr_par' dir='ltr' id='par_1_113' title="bbox 271 5691 1841 5768">
     <span class='ocr_line' id='line_1_113' title="bbox 271 5691 1841 5768; baseline -0.01 -12"><span class='ocrx_word' id='word_1_799' title='bbox 271 5691 623 5768; x_wconf 73' lang='grc' dir='ltr'>ὑπδγρτι·,;ἠν,</span> <span class='ocrx_word' id='word_1_800' title='bbox 656 5699 748 5748; x_wconf 81' lang='grc' dir='ltr'>καὶ</span> <span class='ocrx_word' id='word_1_801' title='bbox 790 5697 883 5768; x_wconf 72' lang='grc' dir='ltr'><strong>δύο</strong></span> <span class='ocrx_word' id='word_1_802' title='bbox 925 5691 1077 5762; x_wconf 81' lang='grc' dir='ltr'>μιᾶς</span> <span class='ocrx_word' id='word_1_803' title='bbox 1117 5709 1260 5754; x_wconf 74' lang='grc' dir='ltr'>τινος</span> <span class='ocrx_word' id='word_1_804' title='bbox 1292 5692 1448 5760; x_wconf 75' lang='grc' dir='ltr'>ῥίζης</span> <span class='ocrx_word' id='word_1_805' title='bbox 1503 5691 1680 5742; x_wconf 72' lang='grc' dir='ltr'>δοκεῖν</span> <span class='ocrx_word' id='word_1_806' title='bbox 1709 5691 1841 5757; x_wconf 77' lang='grc' dir='ltr'>φύε-</span> 
     </span>
    </p>
   </div>
   <div class='ocr_carea' id='block_1_114' title="bbox 273 5765 1021 5838">
    <p class='ocr_par' dir='ltr' id='par_1_114' title="bbox 273 5765 1021 5838">
     <span class='ocr_line' id='line_1_114' title="bbox 273 5765 1021 5838; baseline -0.013 -12"><span class='ocrx_word' id='word_1_807' title='bbox 273 5765 403 5826; x_wconf 78' lang='grc' dir='ltr'>σθαι</span> <span class='ocrx_word' id='word_1_808' title='bbox 425 5765 632 5838; x_wconf 79' lang='grc' dir='ltr'>δένδρα</span> <span class='ocrx_word' id='word_1_809' title='bbox 665 5779 772 5819; x_wconf 90' lang='lat' dir='ltr'><strong>ete.</strong></span> <span class='ocrx_word' id='word_1_810' title='bbox 803 5765 1021 5838; x_wconf 66' lang='grc' dir='ltr'>ΒηινιΝ.</span> 
     </span>
    </p>
   </div>
   <div class='ocr_carea' id='block_1_115' title="bbox 350 5830 1837 5914">
    <p class='ocr_par' dir='ltr' id='par_1_115' title="bbox 350 5830 1837 5914">
     <span class='ocr_line' id='line_1_115' title="bbox 350 5830 1837 5914; baseline -0.007 -17"><span class='ocrx_word' id='word_1_811' title='bbox 350 5842 463 5914; x_wconf 86' lang='lat'><strong>(6|)</strong></span> <span class='ocrx_word' id='word_1_812' title='bbox 498 5830 690 5893; x_wconf 76' lang='lat' dir='ltr'><strong>Iisdem</strong></span> <span class='ocrx_word' id='word_1_813' title='bbox 706 5839 890 5890; x_wconf 69' lang='lat' dir='ltr'><strong>verbis</strong></span> <span class='ocrx_word' id='word_1_814' title='bbox 919 5837 1031 5887; x_wconf 73' lang='lat' dir='ltr'><strong>haec</strong></span> <span class='ocrx_word' id='word_1_815' title='bbox 1057 5834 1226 5887; x_wconf 87' lang='lat' dir='ltr'><strong>refert</strong></span> <span class='ocrx_word' id='word_1_816' title='bbox 1247 5833 1610 5888; x_wconf 84' lang='lat' dir='ltr'><strong>Cantacuzen.</strong></span> <span class='ocrx_word' id='word_1_817' title='bbox 1633 5830 1728 5887; x_wconf 86' lang='lat' dir='ltr'><strong>lib.</strong></span> <span class='ocrx_word' id='word_1_818' title='bbox 1757 5849 1837 5902; x_wconf 82' lang='lat' dir='ltr'><strong>tn,</strong></span> 
     </span>
    </p>
   </div>
   <div class='ocr_carea' id='block_1_116' title="bbox 499 5930 1262 5998">
    <p class='ocr_par' dir='ltr' id='par_1_116' title="bbox 499 5930 1262 5998">
     <span class='ocr_line' id='line_1_116' title="bbox 499 5930 1262 5998; baseline -0.013 0"><span class='ocrx_word' id='word_1_819' title='bbox 499 5943 772 5998; x_wconf 67' lang='lat' dir='ltr'><strong>PATROL-</strong></span> <span class='ocrx_word' id='word_1_820' title='bbox 803 5937 924 5994; x_wconf 70' lang='lat' dir='ltr'><strong>(in.</strong></span> <span class='ocrx_word' id='word_1_821' title='bbox 957 5934 1063 5994; x_wconf 72' lang='lat' dir='ltr'><strong>(LX</strong></span> <span class='ocrx_word' id='word_1_822' title='bbox 1080 5930 1262 5990; x_wconf 70' lang='lat' dir='ltr'><strong>Ll&#39;lll</strong></span> 
     </span>
    </p>
   </div>
   <div class='ocr_carea' id='block_1_117' title="bbox 1953 5552 2481 5619">
    <p class='ocr_par' dir='ltr' id='par_1_117' title="bbox 1953 5552 2481 5619">
     <span class='ocr_line' id='line_1_117' title="bbox 1953 5552 2481 5619; baseline -0.002 -15"><span class='ocrx_word' id='word_1_823' title='bbox 1953 5567 2068 5619; x_wconf 76' lang='lat' dir='ltr'><strong>Cap.</strong></span> <span class='ocrx_word' id='word_1_824' title='bbox 2106 5552 2191 5604; x_wconf 72' lang='grc' dir='ltr'>τι».</span> <span class='ocrx_word' id='word_1_825' title='bbox 2232 5553 2481 5606; x_wconf 62' lang='lat' dir='ltr'><strong>Domxc.‘</strong></span> 
     </span>
    </p>
   </div>
   <div class='ocr_carea' id='block_1_118' title="bbox 2025 5616 3520 5686">
    <p class='ocr_par' dir='ltr' id='par_1_118' title="bbox 2025 5616 3520 5686">
     <span class='ocr_line' id='line_1_118' title="bbox 2025 5616 3520 5686; baseline -0.001 -14"><span class='ocrx_word' id='word_1_826' title='bbox 2025 5616 2596 5686; x_wconf 59' lang='lat' dir='ltr'><strong>(UQ)C:tntacuzettus,</strong></span> <span class='ocrx_word' id='word_1_827' title='bbox 2631 5619 2769 5676; x_wconf 79' lang='lat' dir='ltr'><strong>Hist.</strong></span> <span class='ocrx_word' id='word_1_828' title='bbox 2821 5619 2919 5672; x_wconf 92' lang='lat' dir='ltr'><strong>lib.</strong></span> <span class='ocrx_word' id='word_1_829' title='bbox 2955 5633 3035 5679; x_wconf 85' lang='lat' dir='ltr'><strong>Ill,</strong></span> <span class='ocrx_word' id='word_1_830' title='bbox 3068 5632 3188 5686; x_wconf 91' lang='lat' dir='ltr'><strong>cap.</strong></span> <span class='ocrx_word' id='word_1_831' title='bbox 3221 5617 3308 5672; x_wconf 89' lang='lat'><strong>70.</strong></span> <span class='ocrx_word' id='word_1_832' title='bbox 3343 5616 3418 5670; x_wconf 88' lang='lat' dir='ltr'><strong>ait</strong></span> <span class='ocrx_word' id='word_1_833' title='bbox 3462 5632 3520 5670; x_wconf 86' lang='lat' dir='ltr'><strong>se</strong></span> 
     </span>
    </p>
   </div>
   <div class='ocr_carea' id='block_1_119' title="bbox 1953 5691 3520 5751">
    <p class='ocr_par' dir='ltr' id='par_1_119' title="bbox 1953 5691 3520 5751">
     <span class='ocr_line' id='line_1_119' title="bbox 1953 5691 3520 5751; baseline -0.001 -9"><span class='ocrx_word' id='word_1_834' title='bbox 1953 5693 2136 5743; x_wconf 68' lang='lat' dir='ltr'><strong>:llldilﬂ</strong></span> <span class='ocrx_word' id='word_1_835' title='bbox 2166 5695 2215 5744; x_wconf 89' lang='lat' dir='ltr'><strong>in</strong></span> <span class='ocrx_word' id='word_1_836' title='bbox 2253 5695 2460 5745; x_wconf 67' lang='lat' dir='ltr'><strong>somnis</strong></span> <span class='ocrx_word' id='word_1_837' title='bbox 2487 5707 2617 5744; x_wconf 79' lang='lat' dir='ltr'><strong>voce</strong></span> <span class='ocrx_word' id='word_1_838' title='bbox 2649 5692 2951 5751; x_wconf 80' lang='lat' dir='ltr'><strong>turbatum,</strong></span> <span class='ocrx_word' id='word_1_839' title='bbox 2981 5691 3164 5742; x_wconf 85' lang='lat' dir='ltr'><strong>statim</strong></span> <span class='ocrx_word' id='word_1_840' title='bbox 3199 5692 3520 5745; x_wconf 72' lang='lat' dir='ltr'><strong>surrexisse.</strong></span> 
     </span>
    </p>
   </div>
   <div class='ocr_carea' id='block_1_120' title="bbox 1955 5757 3520 5819">
    <p class='ocr_par' dir='ltr' id='par_1_120' title="bbox 1955 5757 3520 5819">
     <span class='ocr_line' id='line_1_120' title="bbox 1955 5757 3520 5819; baseline -0.007 -5"><span class='ocrx_word' id='word_1_841' title='bbox 1955 5763 2026 5817; x_wconf 86' lang='lat' dir='ltr'><strong>De</strong></span> <span class='ocrx_word' id='word_1_842' title='bbox 2067 5764 2370 5819; x_wconf 72' lang='lat' dir='ltr'><strong>cithartedo</strong></span> <span class='ocrx_word' id='word_1_843' title='bbox 2404 5772 2459 5817; x_wconf 92' lang='lat' dir='ltr'><strong>et</strong></span> <span class='ocrx_word' id='word_1_844' title='bbox 2481 5761 2547 5816; x_wconf 88' lang='lat' dir='ltr'><strong>de</strong></span> <span class='ocrx_word' id='word_1_845' title='bbox 2570 5761 2843 5815; x_wconf 85' lang='lat' dir='ltr'><strong>cantilena</strong></span> <span class='ocrx_word' id='word_1_846' title='bbox 2869 5769 3013 5814; x_wconf 83' lang='lat' dir='ltr'><strong>tacet</strong></span> <span class='ocrx_word' id='word_1_847' title='bbox 3044 5760 3287 5813; x_wconf 87' lang='lat' dir='ltr'><strong>omnino.</strong></span> <span class='ocrx_word' id='word_1_848' title='bbox 3309 5757 3520 5810; x_wconf 64' lang='lat' dir='ltr'><strong>Bon-tn.</strong></span> 
     </span>
    </p>
   </div>
   <div class='ocr_carea' id='block_1_121' title="bbox 3088 5921 3169 5980">
    <p class='ocr_par' dir='ltr' id='par_1_121' title="bbox 3088 5921 3169 5980">
     <span class='ocr_line' id='line_1_121' title="bbox 3088 5921 3169 5980; baseline 0.012 -1"><span class='ocrx_word' id='word_1_849' title='bbox 3088 5921 3169 5980; x_wconf 89' lang='lat'><strong>30</strong></span> 
     </span>
    </p>
   </div>
  </div>
