4242 6446
717 393 820 456 943
998 388 1071 456 ῘΑ.
1118 406 1174 442 u.
1216 387 1506 445 6852.1xe.
1553 390 1641 459 1‘2]

1896 396 2305 457 NICEPHORI
2348 398 2735 458 GREGORE

3111 394 3242 464 [una
3285 412 3326 450 ι.
3364 394 3609 451 pauent.
3654 399 3707 468 4]

3859 405 3968 465 944

723 505 964 572 pondus,
1025 513 1277 557 mortuus
1337 505 1390 557 in
1431 505 1537 556 ima
1589 519 1855 572 aquarum
1905 505 2120 564 dolatus
2179 519 2282 560 est.
2319 524 2398 564 At

2319 524 2360 564 Α
2392 507 2596 577 ἄψυχος
2655 508 2868 575 φόρτος,
2902 508 2957 569 ἐς
3004 509 3127 570 τοὺς
3178 509 3286 562 τῶν
3321 510 3528 563 ὑδάτων
3570 514 3848 580 πυθμένας
3881 533 3968 566 νε-

718 598 960 650 Ρινιιιιιιη
994 597 1097 649 hoc
1125 595 1230 648 fuit
1261 596 1555 664 Apocauco
1616 595 1852 649 fortunae
1885 597 2108 660 vulnus,
2175 597 2286 665 prio

716 708 973 757 tuumque
1009 691 1143 745 illud
1169 690 1490 760 przesagium
1514 691 1747 753 exstitit,
1767 707 1885 760 quo
1920 701 2190 745 mutatum
2218 692 2285 745 iri

715 786 769 836 in
809 788 965 853 pejus
997 793 1052 837 et
1106 783 1360 838 funditus
1409 799 1662 837 eversum
1701 785 1765 837 iri
1828 785 1976 838 illius
2009 785 2284 838 fortunam

712 877 1047 944 apparuerit.

791 967 900 1022 Vll.
937 967 1042 1022 Sed
1068 978 1124 1022 et
1159 969 1392 1023 alterum
1442 969 1577 1022 illud
1621 980 1890 1038 praeterea
1923 970 2283 1025 infortunium

714 1061 762 1112 ei
799 1061 1016 1115 accidit.
1045 1061 1285 1115 Joannes
1311 1061 1566 1126 Gabalas,
1610 1063 1799 1116 multis
1853 1063 1961 1132 jam
1996 1079 2288 1130 argumen—

714 1153 782 1205 tis
813 1167 936 1206 cum
965 1154 1332 1221 persensisset
1353 1153 1599 1206 cavillari
1629 1153 2003 1221 Apucaucum,
2024 1155 2119 1224 qui
2144 1154 2287 1208 ludi-

713 1245 925 1299 ticando
982 1244 1302 1300 ostenderet
1370 1247 1528 1308 satis.
1585 1248 1812 1301 minime
1860 1249 2000 1301 velle
2033 1263 2089 1302 se
2116 1249 2282 1301 filiam

710 1353 863 1392 suam
899 1338 986 1390 isti
1051 1341 1410 1407 thSpOttSﬂm;
1479 1339 1791 1393 clanculum
1850 1340 1916 1392 ad
1968 1341 2282 1408 imperatri-

710 1444 826 1480 cem
866 1431 1075 1482 Annam
1107 1429 1318 1485 accedit
1343 1431 1503 1498 eique
1527 1430 1755 1494 indicat,
1785 1431 1986 1485 habere
2018 1432 2071 1484 in
2099 1432 2282 1486 animo

711 1522 1085 1587 Apocaucum,
1144 1522 1440 1576 transferre
1474 1523 1527 1576 in
1567 1524 1844 1592 propriam
1891 1541 2071 1578 arcem
2121 1525 2283 1595 hujus

713 1616 880 1666 ti.iuui
921 1614 1333 1682 imperatorem,
1369 1625 1532 1682 atque
1564 1617 1612 1668 ei
1647 1616 1814 1668 ﬁliam
1848 1630 2006 1668 suam
2049 1621 2285 1685 patriar-

709 1709 826 1762 chm
858 1711 1168 1761 interventu
1212 1723 1438 1761 uxorem
1472 1708 1624 1762 dare.
1660 1707 1925 1762 «Necesse
1961 1717 2044 1762 est
2095 1708 2281 1777 itaque

711 1801 960 1868 (inquit),
1027 1809 1085 1852 ut
1139 1799 1293 1853 illum
1349 1801 1506 1868 711
1567 1800 1829 1854 Perintho
1874 1801 2278 1869 quamprimum

708 1909 975 1950 arcessas.
1013 1902 1305 1962 antequam
1349 1893 1559 1947 retibus
1590 1893 1770 1960 praeda
1805 1894 2014 1947 inclusa
2049 1894 2172 1947 sit.»
2215 1906 2243 1936 ο

795 1977 929 2037 Vill.
963 1984 1016 2037 Id
1044 2000 1168 2036 cum
1206 1985 1387 2038 statim
1415 1993 1558 2037 esset
1584 1984 1910 2052 perfectum,
1943 1987 2115 2039 sensit
2134 1987 2280 2055 Apo-

706 2092 908 2130 caucus
941 2077 1239 2143 patefactas
1270 2091 1390 2129 esse
1442 2075 1689 2135 insidias.
1755 2087 1917 2145 atquc
1960 2078 2108 2132 illico
2164 2088 2278 2132 sta-

711 2169 832 2225 tuit.
869 2169 1045 2222 soluta
1079 2168 1166 2222 illa
1199 2167 1508 2231 obsidione,
1545 2167 1866 2238 Byzantium
1896 2185 2057 2238 quam
2107 2172 2280 2224 celer-

706 2261 845 2314 rime
877 2260 1148 2322 redire,ac
1172 2259 1243 2313 ita
1266 2259 1572 2328 periculum
1599 2261 1890 2314 imminens
1908 2271 2276 2317 antevertere.

708 2354 950 2406 Reverso
985 2354 1168 2421 itaque
1197 2353 1372 2406 visum
1401 2361 1508 2411 est.
1541 2363 1835 2422 antequam
1868 2355 2043 2409 oculis
2069 2355 2278 2423 pudore

705 2444 930 2499 suffusis
962 2447 1366 2513 imperatricem
1396 2445 1685 2513 aspiceret,
1725 2462 1917 2516 magna
1949 2448 2196 2516 pecuniae
2225 2449 2275 2502 vi

706 2537 1106 2588 circumvenire
1142 2535 1347 2589 aulicas
1399 2537 1683 2600 mulieres,
1746 2553 1976 2606 quarum
2040 2539 2275 2593 maxima

709 2639 836 2681 tunc
867 2637 985 2681 erat
1011 2628 1334 2690 auctoritas,
1395 2638 1447 2681 ct
1490 2643 1652 2682 omne
1699 2629 1861 2682 simul
1922 2630 2274 2696 famulitium,

705 2719 850 2787 quod
912 2719 1316 2785 imperatoriam
1365 2718 1588 2771 domum
1640 2720 1913 2788 impleret.
1972 2719 2125 2785 Quod
2150 2737 2274 2774 cum

705 2811 799 2863 ille
829 2825 1040 2862 summa
1070 2808 1348 2877 diiigentia
1377 2809 1619 2872 fecisset,
1688 2827 1750 2864 ac
1804 2828 1901 2881 per
1963 2815 2083 2867 illas
2108 2815 2274 2867 etiam

704 2903 1036 2970 imperatrici
1071 2903 1432 2970 promisisset,
1482 2903 1778 2955 allaturum
1818 2919 1874 2957 se
1906 2905 2274 2972 pulcherrima

702 3006 756 3048 et
791 2996 1182 3064 pretiosissima
1211 2995 1278 3049 de
1312 2997 1425 3049 suis
1458 2997 1731 3049 thesauris
1779 3006 2031 3057 uulnera,
2084 2999 2273 3066 pristi-

704 3105 827 3141 nam
863 3089 1235 3158 dignationem
1279 3089 1505 3156 recepit.
1565 3087 1702 3141 Tum
1755 3090 2018 3144 festinans
2076 3091 2273 3144 muniit

2307 1860 2355 1918 B

2390 600 2517 666 κρδς
2573 602 2986 668 κατενήνεκται.
3047 601 3244 670 Πρώτη
3301 604 3401 671 μὲν
3444 600 3539 656 οὖν
3593 604 3732 673 αὕτη
3772 608 3967 672 γέγονε

2389 694 2615 764 θραῦσις
2662 693 2990 764 Ἀποκαύκῳ
3009 696 3118 764 ’τῆς
3155 694 3315 763 δόξης
3345 699 3442 749 καὶ
3485 697 3601 766 ἅμα
3634 699 3970 767 προαναφώ-

2386 803 2542 853 νησις
2572 786 2670 854 τῆς
2717 786 2810 837 ἐπὶ
2854 786 2924 839 τὰ
2950 787 3122 856 χείρω
3169 787 3471 857 μεταϐολῆς
3515 789 3611 840 καὶ
3656 805 3970 857 καταστρε-

2386 878 2517 946 φῆς.

2455 967 2531 1022 Ζ’.
2559 967 2825 1039 Δεύτερον
2845 969 2894 1023 δ’
2917 969 3011 1022 ἐπὶ
3034 969 3209 1042 τούτῳ
3239 973 3655 1025 συνεπεπτώκει
3682 973 3758 1036 τῷ
3803 975 3860 1024 Ἀ
3872 991 3967 1023 πο-

2384 1060 2576 1130 καύκῳ
2621 1061 2946 1130 δυστύχημα
2981 1063 3118 1115 τόδε.
3146 1062 3203 1115 ’0
3234 1064 3485 1126 Γαϐαλᾶς
3530 1067 3779 1134 Ἰωάννὴς
3820 1066 3962 1135 (68).

2380 1154 2449 1206 ὲκ
2489 1153 2708 1205 πολλῶν
2757 1154 2861 1223 ἤδη
2919 1155 3163 1223 σημείων
3231 1157 3551 1225 αἰσθόμενος
3615 1158 3966 1211 Ἀπόκαυκον

2385 1244 2908 1313 παραλογιζόμενον,
2939 1247 3042 1297 κάν
3085 1245 3163 1313 τῷ
3212 1248 3660 1316 παρακρούεσθαξ
3693 1266 3810 1311 πως
3854 1249 3965 1301 65-.-

2384 1337 2590 1390 κνύντα
2635 1337 2696 1388 τὸ
2748 1337 2950 1404 ἥκιστα
3000 1337 3286 1406 βούλεσθαι
3332 1340 3428 1408 τὴν
3479 1342 3616 1408 πρὸς
3668 1341 3830 1392 αὑτὸν
3867 1342 3964 1392 ττι-5

2383 1430 2582 1498 κήδους
2633 1429 2858 1496 ἐγγύην,
2910 1431 3084 1499 λάθρα
3135 1432 3375 1501 προσιὼν
3426 1435 3595 1505 Ἀννῃ
3648 1435 3840 1502 μηνύει
3893 1439 3959 1501 τῇ

2385 1519 2635 1587 βασιλίδι,
2676 1519 2748 1581 ὼς
2794 1520 3134 1582 ’Δπόκαυκος
3182 1521 3452 1591 μελετῴη,
3509 1523 3852 1590 μετενεγκὼν
3881 1528 3964 1584 εἰς

2380 1612 2441 1663 τὸ
2477 1609 2670 1663 ἑαυτοῦ
2716 1611 2973 1679 φρούριον
3025 1610 3249 1679 βασιλέα
3298 1614 3390 1664 τὸν
3420 1614 3511 1665 σὺν
3561 1614 3696 1677 υἱὸν,
3746 1615 3834 1666 διὰ
3864 1615 3962 1666 τοῦ

2383 1706 2725 1774 πατριάρχου
2748 1704 3004 1768 συζεῦξαι
3025 1707 3090 1774 τῇ
3121 1706 3316 1757 ἑαυτοῦ
3343 1705 3573 1775 θυγατρί
3597 1707 3733 1774 (69).
3763 1709 3962 1776 Xpei‘w

2382 1798 2474 1852 οὖν
2514 1799 2578 1849 ὲκ
2617 1797 2904 1865 Πειρίνθου
2941 1812 3001 1848 σε
3047 1798 3276 1866 τάχιστα
3325 1800 3789 1867 μεταπέμψασθαι
3830 1800 3962 1852 τοῦ-

2379 1906 2494 1948 τον,
2528 1889 2692 1958 πρινὴ
2732 1889 2793 1942 τὸ
2834 1888 3059 1958 θήραμα
3099 1890 3351 1956 γενέσθαι
3377 1891 3610 1945 δικτύων
3641 1894 3814 1954 ἐντός.

2455 1981 2536 2032 H'.
2571 1973 2648 2032 Οὖ
2678 1980 3024 2044 τελεσθέντος
3075 1983 3258 2046 εὐθὺς,
3311 1984 3654 2053 φωραθεῖσαν
3698 1985 3963 2054 αἰσθόμε-

2382 2091 2470 2136 νος
2496 2073 2594 2143 τὴν
2626 2073 2917 2142 ἐπιϐουλὴν
2962 2074 2990 2124 ὀ
3037 2074 3375 2138 ’Λπύκαυκος
3415 2078 3555 2141 ἔγνω
3609 2078 3962 2146 παραχρῆμα

2378 2165 2762 2227 καταλελυκὼς
2813 2167 2909 2236 τὴν
2961 2168 3279 2234 πολιορκίαν
3329 2169 3548 2236 ἐκείνην
3598 2171 3799 2236 φθῆναι
3861 2171 3960 2220 τὶν

2377 2260 2660 2322 ἐφεστῶτα
2689 2258 2952 2322 κίνδυνον,
3005 2258 3195 2323 διαϐὰς
3230 2261 3309 2320 είς
3346 2260 3638 2325 Βυζάντιον
3669 2261 3769 2330 τὴν
3796 2264 3958 2331 ταχί-

2380 2366 2534 2416 στην.
2571 2348 2789 2414 Ἐδοξεν
2823 2344 2916 2401 οὖν
2939 2350 3232 2414 ἐπανιόντι,
3264 2351 3390 2420 πρὶν
3414 2351 3826 2421 αἰσχυνομένοις
3855 2355 3963 2416 δμ-

2383 2457 2515 2509 μασι
2545 2441 2645 2509 τὴν
2684 2440 2929 2510 βασιλίδα
2962 2441 3283 2505 θεάσασθαι,
3316 2445 3563 2513 χρήμασι
3593 2448 3959 2514 παμπληθέσι

2378 2532 2689 2601 περιελθεῖν
2719 2532 2818 2602 τὴν
2853 2537 3261 2599 γυναικωνῖτιν,
3298 2539 3354 2587 ὲν
3469 2535 3530 2586 τὸ
3575 2536 3808 2604 μάλιστα
3860 2537 3958 2588 δν-

2379 2624 2611 2692 νάμενον
2643 2618 2710 2693 ἦν
2746 2623 3072 2692 τηνικαῦτα,
3101 2625 3192 2675 καὶ
3221 2623 3336 2692 ἅμα
3365 2623 3461 2691 τὴν
3486 2622 3786 2692 θεραπείαν
3813 2623 3958 2676 ἃπα-

2382 2732 2502 2778 σαν,
2539 2716 2634 2783 ὃση
2681 2715 2779 2781 τὴν
2836 2714 3303 2783 αὐτοκρατορικὴν
3354 2715 3533 2767 οἰκίαν
3581 2715 3844 2784 ἐπλήρου.
3889 2718 3957 2765 ’0

2377 2807 2441 2876 δὴ
2477 2808 2707 2874 τάχιστα
2761 2805 3082 2877 πεπραχὼς,
3118 2810 3208 2858 καὶ
3235 2806 3304 2858 δι’
3356 2807 3534 2860 αὐτῶν
3573 2810 3667 2858 καὶ
3718 2807 3955 2875 βασιλίδι

2376 2900 2443 2950 τὰ
2475 2899 2733 2951 κάλλιστά
2763 2916 2820 2950 τε
2850 2901 2942 2950 καὶ
2977 2899 3281 2968 τιμιώτατα
3317 2900 3426 2952 τῶν
3457 2901 3756 2969 κειμηλίων
3785 2919 3954 2971 προσ-

2376 2991 2544 3042 οίσειν
2573 2991 3062 3059 ἐπαγγειλάμενος,
3102 2991 3200 3059 τῆς
3243 2991 3516 3060 προτέρας
3552 2991 3712 3055 αὖθις
3759 2994 3957 3061 ἔτυχεν

2377 3082 2637 3146 εὐδοξίας.
2669 3083 2775 3132 Καὶ⁴
2810 3080 3049 3142 σπεύσας
3079 3080 3374 3149 ὠχύρωσεν
3400 3079 3557 3142 αὖθις
3587 3083 3682 3133 καὶ
3714 3083 3956 3150 ἀνεπλή-

703 3180 770 3233 de
812 3195 952 3232 novo
973 3187 1026 3233 et
1053 3178 1363 3244 resarcivit,
1405 3179 1675 3247 quidquid
1728 3189 1887 3234 terraa
1942 3181 2186 3235 motibus
2218 3182 2269 3234 in
2301 3205 2343 3260 α

2301 3205 2343 3260 c
2382 3191 2576 3242 ρωσεν,
2605 3174 2654 3223 εἰ
2702 3173 2752 3222 τί
2791 3189 2894 3223 που
2926 3171 3017 3224 τοῦ
3072 3175 3313 3240 μεγάλου
3356 3175 3564 3241 τείχους
3607 3175 3702 3242 τῆς
3743 3175 3955 3234 πόλεως

705 3286 901 3341 magno
933 3269 1086 3324 urbis
1113 3285 1272 3321 muro
1310 3270 1494 3323 laesum
1525 3278 1671 3323 esset
1693 3279 1751 3323 et
1783 3271 2090 3339 neglectum
2119 3288 2272 3325 man-

702 3364 904 3417 sisset:
935 3363 1064 3415 item
1089 3363 1357 3432 quidquid
1391 3362 1446 3414 in
1480 3361 1695 3415 duobus
1728 3364 1908 3416 muris
1924 3365 2274 3419 extrinsecus

703 3454 1139 3518 circumductis;
1179 3469 1412 3521 quorum
1452 3452 1591 3505 alter
1634 3453 1962 3522 jampridem
2001 3470 2029 3507 a
2075 3454 2273 3508 funda-

705 3563 820 3602 tore
849 3549 1011 3602 simul
1045 3564 1168 3602 cum
1199 3564 1395 3616 magno
1427 3562 1582 3600 muro
1613 3545 1867 3600 conditus
1895 3545 2109 3610 fuerat;
2140 3548 2274 3599 alte-

708 3657 827 3693 rum
864 3641 1186 3699 novissime.
1211 3639 1579 3693 Cantacuzeni
1614 3637 1925 3708 futuraeque
1975 3640 2043 3692 ab
2072 3653 2140 3691 eo
2164 3639 2266 3692 ob-

701 3735 932 3786 sidionis
975 3742 1144 3794 metu,
1201 3732 1268 3784 ad
1313 3731 1416 3783 viri
1447 3731 1795 3784 altitudinem
1848 3730 2099 3784 exterius
2156 3731 2270 3798 ipse

699 3833 1067 3884 ustruxerat,
1131 3826 1276 3877 circa
1309 3825 1672 3877 maximarum
1743 3822 2271 3890 admirabilinmque

699 3919 967 3971 fossarum
1001 3916 1364 3983 crepidinem,
1401 3919 1674 3984 ductoque
1695 3917 1854 3970 initio
1882 3916 1950 3969 ab
1974 3915 2041 3968 iis
2077 3914 2270 3983 portis,
2318 3927 2334 3942 ι’

699 4026 821 4078 qua:
856 4018 984 4062 sunt
1006 4018 1132 4062 ante
1167 4011 1452 4078 palatium,
1487 4009 1552 4060 ad
1576 4009 1786 4062 Aureas
1813 4008 2060 4075 proxime
2087 4015 2272 4074 portas

701 4115 794 4166 per
823 4110 1027 4152 terram
1067 4114 1323 4152 auroram
1362 4113 1554 4152 versus
1575 4098 2042 4151 circumduxcrat.

2378 3267 2782 3336 τεθραυσμένον
2814 3266 2916 3317 ὑπὸ
2942 3265 3049 3317 τῶν
3082 3266 3324 3334 σεισμῶν
3365 3265 3730 3325 ἐλλέλειπται,
3780 3268 3877 3319 καί
3903 3271 3959 3320 εἴ

2375 3361 2429 3411 τί
2464 3375 2567 3411 που
2604 3358 2713 3410 τῶν
2771 3357 2969 3422 ἔξωθεν
3006 3358 3357 3426 ἐληλαμένων
3399 3358 3494 3410 δύο
3546 3362 3954 3428 προτειχισμὰ-

2376 3466 2502 3506 των,
2537 3448 2628 3498 τοῦ
2662 3465 2721 3498 τε
2752 3448 2918 3500 πάλαι
2954 3447 3031 3515 τῷ
3072 3448 3169 3515 τῆς
3204 3449 3411 3507 πόλεως
3446 3449 3661 3518 οἰκιστῇ
3705 3466 3952 3515 συγκατ-

2375 3539 2820 3607 οικεδομηθέντος
2891 3539 3026 3606 ὁμοῦ
3095 3543 3205 3601 τοῖς
3263 3541 3520 3608 μεγάλοις
3591 3543 3798 3610 τείχεσι
3857 3547 3956 3594 καὶ

2376 3623 2548 3693 οὗπερ
2591 3629 2811 3698 ἀρτίως,
2857 3628 2943 3680 διὰ
2971 3630 3060 3680 τὸν
3095 3630 3188 3680 τοῦ
3227 3631 3684 3700 Καντακονζηνοῦ
3715 3633 3809 3683 καὶ
3855 3634 3954 3699 τῆς

2375 3721 2587 3774 ἐκεῖθεν
2639 3722 2954 3788 πολιορκίας
3003 3721 3188 3782 φόϐον,
3233 3722 3366 3789 πρὸς
3425 3723 3766 3791 ἀνδρὸμηκες
3818 3723 3955 3789 agro;

2375 3815 2532 3874 αὐτὸς
2561 3814 2853 3882 ἀνήγερεν
2885 3812 3155 3880 ἐξωτέρω.
3191 3815 3320 3881 περὶ
3351 3814 3419 3865 τὰ
3468 3815 3621 3883 χείλη
3652 3815 3760 3866 τῶν
3795 3820 3955 3883 μεγί-

2377 3925 2517 3960 στων
2551 3907 2642 3958 καὶ
2686 3906 3003 3974 θαυμασίων
3048 3907 3292 3974 τάφρων,
3341 3908 3648 3976 ἀρξάμενος
3699 3911 3807 3959 ἀπὸ
3843 3910 3955 3961 τῶν

2375 4000 2482 4068 πρὸ
2523 3999 2614 4050 τοῦ
2651 3998 2914 4048 παλατίου
2952 3999 3156 4058 πυλῶν,
3189 4000 3282 4051 καὶ
3316 4000 3644 4067 περιελάσας
3669 4001 3798 4071 ἄχρι
3846 4001 3955 4053 τῶν

2376 4090 2639 4155 Χρυσέων
2672 4091 2900 4154 ἔγγιστα
2929 4087 3014 4138 διὰ
3045 4086 3145 4156 τῆς
3171 4087 3368 4156 χέρσου
3401 4088 3538 4156 πρὸς
3565 4081 3659 4140 ἔω.

2139 4221 2364 4278 CAPUT
2409 4219 2496 4271 Vl.

1125 4326 1315 4379 Clades
1345 4341 1407 4379 ea:
1431 4326 1707 4395 grandine.
1737 4325 1813 4378 De
1842 4333 2036 4377 natura
2073 4320 2370 4394 grandinis.
2409 4317 2627 4370 Grande
2656 4317 2853 4384 furoris
2885 4316 3052 4368 divini
3083 4317 3517 4370 instrumentum.

772 4449 812 4502 l.
840 4447 913 4500 Ea
944 4459 1107 4513 porro
1159 4450 1482 4510 tempestate
1520 4439 1684 4494 etiam
1743 4437 2028 4508 grandinis
2085 4437 2262 4490 conti-

699 4556 842 4595 unus
867 4549 922 4592 et
956 4537 1392 4590 violentissimus
1435 4533 1606 4586 imber
1633 4531 1866 4596 exstitit,
1935 4530 2029 4599 qui
2063 4539 2118 4583 et
2147 4530 2262 4596 ipse

698 4632 901 4688 furoris
927 4629 1119 4692 divini,
1151 4630 1522 4681 Romanorum
1543 4626 1708 4679 rebus
1729 4625 1838 4694 jam
1868 4622 2260 4684 incumbentis,

2440 4431 2520 4501 [P.
2557 4430 2684 4501 446]
2728 4433 2805 4483 Δ’.
2845 4431 3129 4496 Γεγονέναι
3165 4430 3209 4481 δ’
3238 4433 3294 4483 ἐν
3333 4431 3545 4492 τούτοις
3591 4435 3700 4495 τοῖς
3736 4438 3952 4504 χρέντις

2373 4525 2743 4592 συμπέπτωκε
2803 4525 2895 4574 καὶ
2945 4522 3188 4590 χαλάζης
3229 4525 3402 4590 φορὰν
3433 4525 3632 4594 συνεχῆ
3684 4531 3782 4578 καὶ
3815 4533 3955 4600 ραγο

2371 4618 2548 4674 δαίαν,
2602 4617 2699 4684 τῆς
2751 4614 3188 4683 ἐπιπολαζούσης
3236 4614 3337 4684 ἤδη
3381 4617 3512 4684 περὶ
3555 4618 3621 4668 τὰ
3658 4619 3951 4687 Ῥωμαίων

696 4725 856 4794 712
890 4722 1150 4775 ίηάίείυῐη
1177 4719 1307 4781 fuit,
1339 4728 1395 4772 et
1424 4730 1677 4787 tanquam
1708 4719 1846 4786 ignis
1877 4717 2054 4785 ignem
2073 4730 2266 4783 super-
2297 4745 2344 4800 ο

2297 4745 2344 4800 D
2374 4709 2672 4776 πράγματα
2719 4707 3009 4774 θεομηνίας
3045 4706 3313 4773 σύμϐολον
3360 4704 3527 4759 οὖσαν
3577 4711 3669 4762 καὶ
3718 4712 3948 4778 ταύτην,

695 4820 864 4868 venit.
932 4813 1148 4866 Etenim
1209 4809 1340 4863 illud
1413 4809 1521 4862 late
1586 4808 1842 4862 diffusum
1900 4816 1984 4860 est
2034 4806 2260 4866 malum,

698 4919 812 4960 tum
842 4907 892 4956 in
929 4905 1108 4971 spicas
1169 4911 1228 4954 et
1282 4901 1335 4952 in
1367 4900 1507 4953 alios
1564 4899 1800 4964 fructus,
1867 4908 1980 4950 tum
2014 4897 2261 4950 omnium

696 5003 930 5053 maxime
957 4997 1011 5049 in
1041 4997 1200 5057 vites,
1237 4996 1313 5048 ita
1355 5005 1412 5048 ut
1440 5009 1508 5047 ne
1543 5002 1731 5063 postea
1788 4992 2014 5062 quidem
2069 4992 2266 5044 revivi-

696 5106 851 5146 scere
887 5089 1187 5156 potuerint.

767 5263 831 5316 ll.
863 5260 1078 5314 Norunt
1113 5259 1313 5328 quippe
1347 5260 1429 5327 (ut
1459 5257 1676 5328 opinor)
1741 5274 1955 5321 omnes,
1990 5257 2260 5327 ejusmodi

691 5370 811 5408 esse
845 5349 1127 5421 grandinis
1154 5365 1374 5419 corpus,
1410 5358 1469 5402 ut
1500 5352 1716 5417 quoties
1773 5359 1829 5401 et
1881 5364 2000 5417 qua:
2032 5350 2259 5411 invadit,

695 5462 804 5502 non
836 5444 998 5497 modo
1031 5454 1157 5495 tunc
1189 5458 1367 5510 neque
1403 5458 1464 5496 ea
1489 5443 1602 5495 sola
1635 5459 1732 5512 per
1756 5457 1874 5496 eam
1912 5443 2263 5509 exstinguan-

698 5552 786 5593 tur
817 5549 868 5592 et
895 5545 1258 5598 marcescant,
1292 5535 1384 5589 sed
1417 5537 1578 5589 etiam
1618 5551 1703 5599 ea,
1761 5551 1880 5604 quae
1909 5535 2054 5587 circa
2088 5544 2214 5587 sunt
2244 5554 2256 5598 ;

2370 4800 2460 4850 καὶ
2503 4794 2613 4851 οἷόν
2649 4818 2697 4851 τι
2739 4800 2848 4867 πῦρ
2881 4798 2970 4851 ἐπὶ
3010 4800 3143 4869 πυρὶ
3194 4803 3803 4871 προσεπενηνεγμένην.
3842 4807 3948 4858 Πο-

2370 4888 2567 4958 λύχουν
2596 4892 2703 4958 γὰρ
2738 4893 2877 4942 κατά
2923 4907 2981 4942 τε
3012 4891 3118 4940 τῶν
3165 4891 3458 4958 ἀσταχύων
3489 4894 3579 4944 καὶ
3611 4892 3721 4945 τῶν
3759 4911 3822 4960 γε
3851 4896 3948 4946 ἄ).-

2370 4982 2477 5032 λων
2529 4980 2847 5047 ἐγχενέσθαι
2907 4986 2966 5032 τὸ
3018 4980 3211 5049 βλάϐος
3261 4982 3528 5050 καρπῶν·
3582 4983 3691 5035 τῶν
3724 5002 3785 5048 γε
3843 4988 3952 5053 μὴν

2372 5074 2653 5141 ἀμπέλων,
2691 5072 2898 5125 τούτων
2934 5074 2987 5125 δὲ
3022 5075 3117 5126 καὶ
3154 5073 3366 5126 πάντων
3404 5074 3661 5140 μάλιστα,
3699 5075 3773 5137 ὡς
3812 5081 3950 5146 μηδέ

2373 5167 2495 5222 to);
2539 5165 2725 5214 ἔπειτα
2755 5165 2973 5232 χρόνους
3009 5163 3307 5215 ἀναϐιῶναι
3335 5165 3613 5217 δύνασθαι.

2444 5256 2515 5307 B'.
2551 5256 2765 5308 Είδέναι
2792 5256 2896 5325 γὰρ
2923 5251 3076 5323 οἶμαι
3105 5256 3330 5316 πάντας,
3361 5255 3434 5318 ὡς
3463 5257 3557 5324 οὐχ
3581 5258 3667 5307 ὅτε
3702 5258 3793 5308 καὶ
3826 5261 3952 5310 καθ’

2370 5342 2443 5402 ὧν
2479 5351 2778 5420 ἐνσκήπτει
2812 5351 2870 5400 τὸ
2916 5350 3012 5417 τῆς
3048 5349 3286 5418 χαλάζης
3324 5350 3482 5417 σῶμα
3528 5351 3775 5418 καρπῶν,
3830 5357 3952 5406 τότε

2373 5444 2529 5512 μόνον
2579 5447 2671 5494 καὶ
2703 5443 2924 5504 τούτους
2975 5445 3166 5510 μόνους
3214 5443 3472 5510 ὲκτυφλοῖ
3523 5447 3611 5495 καὶ
3664 5447 3948 5514 μαραίνει,

2368 5535 2501 5587 ἀλλὰ
2551 5538 2642 5586 καὶ
2677 5534 2744 5586 τὰ
2780 5535 2934 5604 τέριξ
2967 5535 3104 5600 ἅμα,
3138 5537 3230 5588 καὶ
3274 5539 3329 5597 ἐς
3365 5537 3529 5588 πολὺν
3575 5537 3663 5588 τὸν
3699 5540 3892 5607 χρόνον
3922 5541 3952 5592 ὁ

2014 5659 2354 5718 Variorum
2403 5666 2590 5718 nota».

766 5766 876 5835 (68)
910 5765 1047 5819 Tum
1107 5780 1334 5834 magnus
1369 5765 1663 5832 logotheta,
1719 5771 1904 5830 postea
1968 5763 2132 5816 variis
2169 5781 2268 5816 au-

693 5849 813 5892 ctus
876 5835 1256 5906 dignitatibus.
1293 5836 1660 5889 Cantacuzen.
1708 5837 1802 5887 lib.
1872 5851 1949 5894 ut,
1995 5849 2115 5903 cap.
2177 5835 2266 5887 72.

2377 5765 2524 5816 lllius
2558 5781 2662 5816 non
2695 5766 2860 5816 samo!
2901 5765 3026 5818 alibi
3064 5767 3330 5819 meminit.
3376 5767 3610 5821 Ducam.

2452 5837 2564 5905 (b9)
2597 5836 2893 5889 (Lautacuz.
2931 5837 3025 5890 lib.
3063 5853 3282 5905 υκαι).
3335 5840 3421 5892 87.
3458 5840 3686 5892 Ουολδῦ.
