4242 6446
260 397 367 463 949
617 398 694 469 [Α.
737 412 789 457 c.
834 400 994 473 1344]

1279 405 1723 469 ΒῩΖΑΝΤΙΝΔΕ
1761 404 2146 466 HISTORIA!
2182 410 2325 470 LIB.
2363 409 2523 471 XIV-

3393 394 3506 461 950

2624 401 2756 476 [nm
2796 416 2841 455 ι.
2880 412 3119 455 νηιοι..
3157 395 3234 468 ι]

252 512 567 582 θρωπίνων,
626 514 850 570 πλουτεῖ
874 533 888 549 ο
927 516 1024 571 καὶ
1076 517 1224 587 γένει
1276 520 1548 572 παντοίων
1599 518 1831 585 ὀρνίθων
1861 521 1905 577 Α

1828 542 1831 557 ι
1861 521 1905 577 Α
1935 523 2025 583 tis.
2065 522 2350 578 hominum
2384 538 2547 577 manu
2577 522 2847 586 excultis;
2900 530 2957 575 et
2996 517 3145 574 omni
3181 515 3365 571 avium
3409 530 3503 582 ge-

251 612 598 679 περιηχιίται
625 627 641 643 ο
676 612 770 664 καὶ
817 609 996 694 σμ’ήνη
1048 612 1314 680 μελιττῶν
1366 615 1484 667 ἐκεῖ
1522 614 1832 683 περιτρέχει

250 699 323 754 τὰ
347 701 504 773 ἄνθη,
542 703 638 756 καὶ
672 702 858 774 ἡρόμα
893 706 986 758 τὸν
1022 705 1161 775 ἀέρα
1193 706 1540 775 περιδομσετ.
1575 706 1685 759 Καὶ
1713 706 1836 777 τέρ-

255 789 405 860 ψιὼς
429 809 516 857 τις
543 794 749 854 πέπλος
777 794 1033 850 ἐντεῦθεν
1060 797 1343 865 ὑφαίνεται
1374 795 1523 863 εόνος
1550 799 1668 851 tu!
1695 814 1827 865 συμ-

261 886 453 958 μιγὴς,
490 887 591 942 οὐκ
621 884 758 961 ἦρος
786 888 908 961 ὥρᾳ
951 891 1108 962 μόνῃ,
1149 891 1265 944 ἀλλ’
1307 892 1366 945 ἐν
1401 890 1604 945 ἀπαντι
1653 889 1835 961 καιρῷ

260 978 359 1031 καὶ
409 978 606 1049 χρόνῳ,
662 979 1060 1049 δμοζυγοῦντος
1106 981 1194 1035 ἀεὶ
1242 980 1339 1035 τοῦ
1391 980 1502 1034 τῶν
1556 982 1839 1048 τεσσάρων

260 1070 427 1137 ὡρῶν
458 1071 663 1125 κύκλου
694 1073 830 1141 πρὸς
853 1073 1049 1143 ὁμοίαν
1073 1074 1174 1142 τὴν
1198 1074 1362 1146 χάριν
1387 1076 1484 1129 καὶ
1510 1054 1706 1145 ἡδονὴν
1731 1075 1841 1128 τῶν

259 1156 620 1228 ἀνθρωπίνων
648 1161 1017 1231 αἰσθητηρίων
1044 1178 1059 1193 ·
1096 1163 1189 1217 καὶ
1223 1161 1442 1228 μάλισθ’
1461 1162 1539 1217 ὅτ’
1573 1165 1639 1217 ἑκ
1672 1163 1839 1233 μέσου

256 1246 354 1299 τοῦ
401 1247 623 1311 ἀλσους
649 1250 745 1304 καὶ
790 1251 900 1303 τῶν
932 1252 1116 1321 φυτῶν
1146 1252 1371 1308 ἐκείνων
1418 1252 1636 1324 δρθριος
1683 1256 1715 1322 ἠ
1743 1255 1843 1322 τῆς

257 1338 484 1407 ἀηδόνος
535 1340 790 1410 ὴχήσασα
837 1342 1069 1411 μουσικὴ
1105 1344 1320 1414 meam
1363 1346 1479 1409 τοῖς
1532 1346 1649 1398 ἐκεῖ
1680 1346 1843 1413 μονά-

259 1428 450 1491 ζουσιν
497 1432 671 1483 είπετν
725 1434 815 1486 καὶ
848 1436 1107 1503 συνυμνοϊ
1151 1435 1243 1487 τὸν
1274 1436 1500 1506 Κύριον.
1551 1434 1706 1506 Ἔχει
1736 1437 1844 1507 γάρ

259 1521 490 1591 κάκείνη
526 1522 620 1575 καὶ
650 1524 886 1594 κιθάραν
924 1526 1017 1579 ἐπὶ
1068 1528 1299 1597 στήθους
1337 1527 1519 1582 ἔνθεόν
1555 1546 1699 1589 τινα.
1750 1532 1844 1581 καὶ

258 1610 563 1681 ψαλτήριον
589 1613 849 1683 ἔμφυτον,
881 1617 975 1669 καὶ
1000 1620 1265 1690 μουσικὴν
1293 1620 1631 1689 ἐναρμόνιον,
1668 1621 1728 1686 ἐξ
1747 1623 1845 1676 αύ-

258 1702 539 1769 τοσχεδίου
604 1706 1108 1776 περισαλπίςουσαν
1164 1710 1290 1773 τοὺς
1345 1712 1645 1773 ἀκούοντας
1704 1715 1846 1766 πάνυ

262 1811 346 1846 τοι
386 1795 660 1865 ἐμμελῶς.
694 1799 803 1853 Καὶ
838 1799 954 1869 ἅμα
1000 1805 1203 1873 πηγαῖς
1248 1805 1541 1873 αὐτοφυῶν
1574 1806 1785 1860 ὑδάτων
1818 1808 1847 1860 ό

264 1886 443 1957 χῶρος
476 1888 697 1959 ἄρδεταί
726 1909 783 1944 τε
833 1893 929 1946 καὶ
981 1892 1386 1957 περιαντλείται
1428 1898 1683 1965 πολλαῖς*
1743 1899 1841 1970 ῥύ-

262 1996 397 2040 ακες
450 1982 846 2048 ἀποδλύζοντες
880 1986 1104 2042 ἄλλοθεν
1150 1989 1300 2044 ἄλλοι
1351 1992 1562 2061 μυρίων
1603 1993 1843 2061 γίνονται

263 2074 456 2136 παῖδες
511 2075 724 2145 πηγῶν,
780 2080 876 2132 καὶ
936 2079 1191 2148 ἀλλήλοις
1243 2081 1427 2151 ἡρέμα
1488 2083 1583 2136 καὶ
1646 2082 1842 2154 λάθρα,

264 2163 593 2230 κλέπτοντες
626 2166 816 2234 ὥσπερ
846 2169 938 2221 τὸν
963 2168 1186 2239 δρόμον,
1221 2170 1525 2225 κοινούνται
1550 2173 1611 2225 τὸ
1641 2174 1843 2244 ῥεῦμα,

263 2251 379 2308 οἷον
411 2257 658 2326 ἐπίτηδες
700 2263 796 2314 καὶ
838 2260 994 2315 αὐτοὶ
1036 2262 1373 2326 σιωπῶντες.
1408 2264 1502 2318 καί
1544 2282 1690 2328 τινος
1724 2284 1848 2319 παιο

265 2345 415 2409 δείας
443 2349 854 2419 αἰσθανομένοις
898 2351 1100 2421 ὁμοίως
1140 2354 1607 2424 ἀντιποιούμενοι,
1650 2358 1746 2410 καὶ
1769 2358 1849 2410 δι·-

264 2437 446 2501 δόντες
482 2439 730 2505 ἐξουσίαν
759 2445 980 2514 μακρὰν
1009 2448 1120 2510 τοῖς
1155 2449 1272 2499 ἐκεῖ
1308 2450 1623 2517 μονασταϊς,
1651 2449 1851 2518 ἀθόρυο

268 2529 363 2581 σον
396 2530 509 2598 βίον
540 2532 823 2598 ἀνύοντας,
849 2538 919 2588 τά
956 2537 1133 2609 πτερά
1176 2538 1274 2608 τῆς
1307 2539 1471 2609 εὐχῆς
1497 2540 1678 2610 ἠσυχῆ
1710 2541 1849 2610 πρὸς

266 2619 401 2674 Θεδν
434 2624 798 2694 ἀναπέμπειν,
826 2627 1017 2682 δτικαὶ
1041 2630 1239 2700 πολλὴν
1272 2633 1405 2700 πρὸς
1439 2632 1672 2702 ἡσυχίαν
1705 2650 1849 2703 παρ-

265 2711 380 2780 έχει
427 2714 521 2785 τὴν
567 2718 798 2784 εὐφυΐαν
824 2722 935 2783 τοίς
970 2720 1068 2791 τὴν
1117 2723 1370 2789 οὐράνιον
1403 2726 1459 2777 ὲν
1493 2728 1563 2795 γῇ
1600 2728 1848 2794 μετιέναι

265 2800 511 2855 ὲθέλουσι
541 2805 835 2873 πολιτείαν,
861 2812 953 2863 καὶ
974 2812 1109 2878 πρός
1132 2828 1194 2879 γε
1216 2812 1318 2882 τὴν
1336 2816 1602 2885 χορηγίαν
1631 2815 1741 2867 τῶν
1766 2818 1847 2880 εἰς

266 2893 474 2963 τροφὴν
505 2898 763 2951 παντοίαν
791 2901 1108 2970 ἐπιτηδείως
1132 2903 1367 2971 ἐχόντων
1388 2906 1620 2972 ἄφθονον
1639 2905 1850 2960 οἴκοθεν

265 2986 450 3039 οἴκαδε
502 2990 594 3042 τὸν
644 2991 854 3044 ᾶπαντα
905 2994 1096 3063 χρόνον
1182 2996 1502 3064 πορίζεται·
1565 2998 1658 3051 καὶ
1734 2998 1849 3068 ἅμα

268 3078 513 3151 θαλάσση
544 3085 732 3152 μακρᾷ
776 3087 1159 3153 στεφανοῦται,
1196 3087 1281 3159 [Ρ.
1304 3090 1433 3163 449]
1462 3092 1659 3162 πολλὴν
1685 3091 1759 3154 ὡς
1787 3093 1850 3143 ἐκ

1934 626 2067 665 nere
2091 621 2368 678 personat.
2420 609 2540 666 lllic
2583 626 2750 681 apum
2779 610 3031 664 examina
3085 607 3296 661 circum
3339 602 3506 656 ﬂores

1934 702 2187 765 volitant.
2222 713 2279 758 et
2309 702 2417 758 leni
2448 718 2677 758 susurro
2701 717 2797 771 per
2819 716 3001 756 aerem
3033 698 3233 768 passim
3262 711 3507 750 murum—

1935 809 2079 854 rant.
2110 797 2325 866 Quibus
2356 815 2423 855 ex
2476 799 2643 855 rebus
2668 800 2814 853 inter
2844 812 2902 852 se
2945 793 3252 852 contulistis
3276 789 3509 846 eillcitur

1936 892 2107 945 mirus
2132 890 2353 960 quidam
2382 891 2675 961 voluptatis
2695 896 3019 953 contextus;
3050 901 3159 942 non
3202 898 3332 939 vere
3369 881 3511 938 dun-

1937 993 2110 1047 taxat,
2140 984 2235 1040 sed
2271 992 2329 1040 et
2377 984 2572 1054 quovis
2601 992 2871 1053 tempore,
2914 976 3358 1047 conspirautibus
3388 989 3511 1042 pcr-

1939 1084 2101 1143 petua
2138 1076 2516 1133 vicissitudine
2546 1085 2780 1147 quatuor
2807 1073 2937 1129 anni
2970 1067 3405 1139 tempestatibus,
3443 1063 3513 1118 ad

1939 1168 2186 1223 eamdem
2221 1171 2591 1225 ammnitatem
2611 1168 2971 1237 eamdemque
2995 1178 3215 1233 semper
3244 1158 3513 1217 exhiben-

1940 1260 2063 1314 dam
2086 1261 2365 1315 hominum
2382 1260 2972 1328 sensibusvoluptatem
2993 1275 3009 1322 ;
3027 1272 3091 1312 ac
3118 1265 3233 1311 tum
3258 1252 3514 1314 maxime,

1941 1368 2065 1407 cum
2093 1354 2273 1409 medio
2307 1370 2372 1409 ex
2404 1355 2543 1410 saltu
2578 1364 2634 1409 et
2670 1355 2737 1407 ab
2787 1352 2895 1407 illis
2928 1348 3220 1404 arboribus
3253 1358 3518 1399 resonans

1945 1445 2247 1498 matutinus
2282 1446 2527 1499 luscinia:
2581 1454 2780 1499 cantus
2820 1441 2969 1497 velut
3012 1436 3398 1493 admudulatur
3427 1433 3515 1491 iis,

1944 1536 2036 1604 qui
2062 1535 2173 1589 illic
2204 1536 2436 1590 so'itarii
2470 1538 2684 1601 vivunt,
2716 1534 2997 1602 Deumque
3021 1546 3124 1585 una
3158 1544 3281 1583 cum
3311 1526 3378 1581 iis
3403 1524 3518 1583 col-

1944 1626 2147 1682 laudat.
2173 1627 2362 1685 Gestat
2394 1629 2541 1685 enim
2591 1638 2647 1684 et
2689 1628 2776 1683 illa
2807 1626 2860 1681 in
2889 1626 3013 1681 sinu
3044 1623 3317 1678 citharam
3347 1632 3523 1687 quan-

1946 1718 2071 1774 dam
2099 1719 2381 1785 entheam,
2416 1718 2836 1789 ingenitumque
2871 1714 3215 1786 psalterium,
3265 1718 3322 1765 et
3356 1706 3527 1787 musi-

1949 1827 2067 1866 cam
2102 1812 2404 1865 harmoniae
2434 1811 2671 1880 plenam,
2700 1824 2820 1879 quae
2843 1824 2961 1871 eos,
2995 1823 3024 1861 a
3053 1805 3256 1876 quibus
3282 1801 3524 1862 auditur,

1950 1916 2074 1974 apte
2133 1903 2427 1959 admodum
2477 1916 2531 1957 et
2580 1916 2891 1965 numerose,
2948 1899 3114 1969 idque
3154 1913 3222 1969 ex
3255 1904 3524 1964 tempore.

1945 1999 2334 2055 circumsonat.
2369 1999 2515 2053 ltlem
2543 2011 2712 2068 porro
2742 1998 2893 2051 locus
2914 1994 3223 2048 nativarum
3256 2001 3522 2058 aquarum

1946 2091 2192 2147 fontibus
2222 2091 2403 2145 multis
2438 2090 2643 2158 rigatur
2664 2098 2720 2142 et
2751 2083 3086 2142 circumduxit
3121 2097 3138 2137 :
3178 2080 3389 2147 rivique
3430 2075 3525 2129 alii

1948 2184 2171 2240 aliunde
2197 2184 2561 2239 scaturientes
2589 2197 2653 2255 ex
2687 2177 2996 2235 innumeris
3022 2174 3268 2231 fontibus
3284 2184 3524 2225 nascun-

1949 2287 2060 2339 tur,
2116 2275 2487 2346 paulatimque
2540 2280 2598 2327 et
2651 2271 2819 2334 clam,
2876 2282 3035 2323 suum
3090 2265 3244 2335 quasi
3303 2273 3527 2316 cursum

1948 2367 2207 2426 furando.
2267 2367 2505 2421 invicem
2570 2378 2743 2430 aquas
2804 2357 3253 2419 communicant;
3303 2354 3528 2409 silentes

1950 2460 2049 2530 ipsi
2071 2474 2290 2531 quoque
2319 2467 2576 2527 tanquam
2597 2453 2868 2516 consulto,
2895 2461 2950 2507 et
2972 2449 3315 2519 disciplinam
3338 2460 3533 2516 quam-

1950 2554 2098 2616 dam,
2130 2569 2192 2607 ac
2222 2554 2264 2607 si
2304 2552 2369 2606 iis
2421 2550 2630 2603 inesset
2663 2560 2882 2607 sensus,
2920 2543 3020 2613 ipsi
3054 2542 3216 2596 etiam
3252 2535 3484 2608 professi
3512 2554 3527 2593 :

1953 2663 2147 2717 nempe
2176 2655 2236 2701 ut
2277 2647 2394 2716 ejus
2430 2643 2535 2698 loci
2585 2640 2886 2699 monachis.
2917 2638 3080 2691 vitam
3116 2634 3267 2688 nullo
3293 2632 3529 2685 tumultu

1952 2740 2328 2811 perturbatam
2382 2734 2754 2806 exigentibus,
2789 2739 3119 2801 potestatem
3171 2725 3336 2795 716
3386 2724 3528 2776 inte-

1951 2848 2100 2902 gram
2132 2831 2356 2889 faciant.
2393 2827 2673 2894 supplices
2706 2832 2959 2877 votorum
3015 2834 3222 2890 pennas
3262 2815 3326 2869 ad
3364 2815 3530 2868 Deum

1953 2918 2243 2986 t~anquille
2297 2915 2602 2970 attollendi.
2659 2913 2867 2980 Quippe
2928 2910 2995 2963 ad
3062 2906 3417 2963 solitudinem
3477 2914 3534 2955 et

1952 3013 2192 3081 quietem
2244 3008 2481 3062 maxime
2514 3005 2727 3060 habiles
2773 3002 2951 3057 reddit
2984 3015 3140 3054 mons
3176 2999 3266 3052 ille
3292 3012 3409 3061 eos,
3440 2993 3532 3063 qui

1954 3105 2237 3157 ctelestem
2273 3103 2325 3155 in
2362 3110 2507 3155 terra
2539 3099 2663 3153 vitae
2701 3097 2971 3151 rationem
3005 3090 3214 3163 ingredi
3242 3089 3434 3151 Velint,
3472 3102 3536 3140 ac

268 3171 470 3223 κύκλου
513 3174 816 3246 κομιζούσῃ
861 3178 961 3246 τὴν
998 3180 1157 3248 χάριν
1196 3181 1369 3246 αὐτῷ,
1413 3184 1563 3250 παρὰ
1597 3188 1849 3241 τοσοῦτον
1878 3218 1923 3275 c

1878 3218 1923 3275 ο
1958 3197 2025 3251 iis
2057 3197 2238 3250 oumis
2267 3194 2481 3262 generis
2505 3191 2761 3245 alimenta
2788 3198 3050 3255 perpetuo
3079 3194 3136 3238 et
3167 3182 3374 3237 affatim
3408 3195 3534 3249 sup-

275 3263 351 3333 μὴ
385 3265 546 3331 νῆσον
572 3260 714 3320 εἶναι
744 3268 1001 3335 καθάπαξ
1031 3272 1163 3324 αὐτὸ
1196 3277 1575 3346 συγχωρούσῃ.
1607 3280 1847 3349 παρόσον

272 3356 451 3425 ίσθμῷ
482 3376 587 3410 τινι
626 3360 699 3429 μὴ
729 3361 827 3413 σὺν
881 3362 1028 3432 πόνῳ
1072 3365 1416 3433 καρποῦσθαι
1472 3371 1564 3421 καὶ
1600 3371 1698 3439 τὴν
1747 3373 1851 3437 ἔξω

273 3454 541 3518 χεομένην
568 3454 613 3503 εί
675 3453 848 3521 μῆκος
878 3455 992 3521 ἅμα
1024 3458 1113 3509 καὶ
1156 3457 1357 3521 πλάτος
1393 3460 1617 3529 ἤπειρον
1645 3464 1848 3520 δίδωσι.

277 3542 385 3592 Καὶ
415 3543 596 3604 ἁπλῶς
631 3546 963 3615 πανταχόθεν
999 3550 1115 3600 ἐκεῖ
1146 3549 1211 3601 τά
1243 3551 1338 3618 τῆς
1366 3552 1563 3621 ἀρετῆς
1614 3572 1851 3622 συγκρο-

272 3635 442 3685 τεῖται
475 3635 835 3703 γνωρίσματα
869 3637 1005 3707 πρός
1034 3656 1092 3691 τε
1124 3642 1223 3708 τῆς
1245 3643 1459 3707 φύσεως
1488 3647 1621 3711 πρός
1654 3663 1708 3698 τε
1750 3648 1851 3715 τῆς

272 3725 381 3774 τῶν
412 3726 706 3780 οἰκούντων
735 3730 1043 3798 ἀσκήσεως.
1075 3733 1150 3783 Ui;
1182 3735 1420 3800 γυναίων
1444 3735 1579 3797 ὅλως
1600 3738 1715 3788 ἐκεῖ
1739 3740 1853 3801 ξυν-

277 3815 460 3880 αυλία,
526 3820 619 3869 καὶ
664 3819 964 3873 ἀκόλαστον
997 3823 1171 3891 δμμα,
1225 3825 1317 3875 καὶ
1351 3826 1586 3895 χλιδτῖισα
1623 3846 1852 3898 κομμω-

274 3912 423 3982 τικὴ,
460 3915 553 3965 καὶ
587 3914 685 3966 ὅσα
716 3918 816 3982 τὴν
844 3917 1077 3986 ἀρχαίαν
1112 3918 1203 3970 τοῦ
1230 3918 1409 3987 ὄφεως
1454 3922 1674 3987 ὁμιλίαν
1711 3925 1856 3976 ἐκεί·-

276 4022 377 4074 νην
422 4009 500 4066 εἰς
566 4008 855 4074 ὲγκαινίων
916 4011 1037 4061 τινα
1097 4012 1321 4076 συνάγει
1385 4016 1694 4083 πανήγυριν
1760 4019 1856 4069 καὶ

278 4098 495 4169 μακροῦ
541 4100 818 4161 κυκεῶνος
866 4102 956 4153 καὶ
991 4102 1260 4167 κλύδωνος
1306 4105 1397 4156 τὴν
1438 4105 1552 4173 βίον
1583 4108 1856 4179 ἐμπίπλη-

277 4209 365 4244 σιν
384 4208 398 4222 ·
428 4192 539 4244 οὐδ’
563 4192 823 4263 ἐμπορίαι
855 4194 1128 4263 δημόσιοι,
1157 4198 1250 4249 καὶ
1282 4199 1498 4264 ἀγοραὶ,
1529 4202 1622 4255 καὶ
1652 4203 1856 4270 ἁγορα-

277 4286 453 4351 νόμοι,
490 4285 583 4337 καὶ
620 4285 911 4338 δικαστικά
943 4287 1185 4357 βήματα,
1236 4289 1331 4341 καὶ
1366 4288 1612 4357 γλώττης
1658 4294 1859 4345 ἐπίδει-

278 4381 384 4441 ξνς,
419 4378 514 4429 καί
549 4378 715 4444 τῦφος
746 4378 1068 4450 ἀπδδίφρου
1097 4378 1369 4442 θεσπίζων
1398 4382 1467 4433 τὰ
1493 4383 1589 4451 τῆς
1621 4384 1859 4452 ὀρέξεως

276 4470 508 4541 νόμιμα.
542 4469 677 4522 Οὐδὲ
704 4470 918 4524 δουλεία
956 4473 1049 4525 καὶ
1083 4471 1341 4527 αὑθεντία
1372 4476 1588 4545 μερίζει
1618 4478 1711 4529 τὸν
1740 4478 1857 4547 βίον

1957 3288 2164 3357 peditat
2194 3286 2341 3338 domi
2382 3292 2531 3337 nata.
2567 3280 2670 3335 Sed
2706 3288 2761 3333 et
2798 3279 2933 3331 mari
2977 3290 3170 3344 magno
3213 3281 3533 3334 coronatur,

1953 3382 2098 3450 quod
2124 3380 2173 3432 ei
2222 3377 2452 3431 mnltmn
2501 3372 2741 3441 undique
2789 3370 2949 3425 all‘ert
2992 3366 3315 3427 venustatis,
3358 3379 3424 3417 ac
3468 3377 3537 3416 eo

1956 3482 2166 3525 tuntun
2222 3467 2456 3521 insulam
2511 3464 2736 3518 omnino
2771 3460 2887 3514 fleri
2940 3474 3046 3513 non
3083 3457 3232 3518 sinit,
3274 3463 3333 3510 ut
3365 3453 3535 3522 possit

1954 3540 2063 3631 per.
2084 3559 2345 3612 isthmum
2368 3554 2719 3620 interiectum
2750 3550 2892 3603 facili
2917 3550 3108 3602 labore
3141 3546 3382 3600 fructum
3413 3558 3537 3612 per-

1954 3656 2142 3722 eipere
2198 3650 2363 3704 etiam
2423 3661 2486 3699 ex
2546 3652 2727 3709 terra;
2775 3657 2896 3712 quae
2933 3641 2986 3694 in
3018 3641 3236 3707 longum
3283 3636 3446 3691 simul
3478 3652 3540 3691 ac

1957 3745 2127 3797 latum
2177 3755 2347 3809 porro
2393 3735 2642 3791 excurrit
2694 3750 2760 3788 ac
2799 3731 3149 3787 diffunditur.
3211 3729 3366 3793 Illuc,
3428 3742 3553 3785 uno

1956 3837 2148 3898 verbo,
2186 3834 2334 3887 omni
2368 3849 2431 3885 ex
2487 3839 2639 3899 parte
2691 3826 3063 3882 conﬂuuntca
3112 3837 3234 3891 quae
3281 3822 3536 3874 virtutem

1957 3924 2319 3978 excellentem
2352 3929 2610 3990 arguunt,
2665 3919 2780 3971 sive
2844 3916 2949 3970 loci
3003 3922 3254 3967 naturam
3304 3923 3538 3978 spectes,

1956 4016 2071 4069 sive
2100 4013 2460 4068 habitantium
2505 4009 2835 4064 institutum.
2869 4007 3148 4075 Nusquam
3181 4005 3255 4059 ibi
3306 4003 3536 4057 mulier.

1959 4107 2210 4161 cularum
2249 4103 2654 4166 contubernia;
2710 4114 2981 4170 nusquam
3027 4097 3223 4153 oculus
3275 4097 3538 4163 intempe-

1963 4210 2091 4249 rans
2137 4203 2193 4248 et
2224 4193 2575 4253 clleminatus
2602 4190 2711 4244 fuci
2743 4189 2894 4243 nitor
2934 4196 2989 4243 et
3016 4200 3358 4257 quaecunque
3386 4196 3537 4239 vetc-

1962 4303 2077 4343 rem
2114 4287 2259 4339 illam
2295 4285 2419 4339 vita:
2448 4281 2932 4346 consuetudinem,
2964 4296 3087 4350 quae
3113 4296 3236 4334 cum
3276 4278 3542 4347 Serpente

1961 4384 2088 4438 olim
2139 4364 2262 4443 fuit,
2304 4380 2542 4450 qundam
2574 4378 2738 4432 veluti
2791 4376 3160 4431 encaeniorum
3208 4374 3346 4429 festo
3382 4388 3541 4427 reno-

1962 4482 2114 4539 vant,
2168 4488 2233 4527 ac
2263 4488 2458 4541 magna
2505 4469 2853 4533 confusione,
2890 4467 3099 4537 magnis
3129 4467 3412 4521 turbarum
3441 4462 3543 4517 llu-

276 4564 435 4616 ὲκεῖ’
478 4561 594 4615 ἀλλ’
654 4563 926 4633 ίσηγορία,
986 4566 1082 4618 καὶ
1132 4566 1427 4635 μετριότης
1486 4569 1855 4639 φρονήματος,
1892 4564 1935 4620 ι»

1892 4564 1935 4620 ι»
1963 4566 2147 4621 ctibus
2178 4567 2340 4619 vitam
2377 4564 2627 4633 implent.
2659 4563 2941 4631 Nusquam
2983 4558 3057 4614 ibi
3104 4560 3326 4613 venales
3357 4560 3412 4614 in
3445 4576 3542 4631 pu-

278 4655 377 4707 καὶ
408 4651 589 4724 ἧθουξ
610 4657 892 4723 σεμνότης,
929 4656 1024 4707 καὶ
1054 4655 1402 4728 δικαιοσύνης
1444 4659 1692 4727 εὐγένεια
1727 4677 1859 4732 σκης

279 4744 503 4799 νοσατεῖ
535 4745 625 4797 καὶ
663 4748 1013 4816 περιχορεύει
1041 4748 1131 4800 τὸν
1172 4749 1349 4818 χῶρον
1383 4752 1610 4815 ἐκεῖνον,
1641 4755 1735 4806 καὶ
1760 4754 1861 4806 ὅσα

278 4839 382 4907 τὴν
433 4837 615 4890 ἔνθεον
671 4841 728 4891 ἐν
771 4842 839 4908 γῇ
893 4839 1221 4911 δημιουργεί
1271 4842 1569 4907 πολιτείαν,
1606 4826 1704 4897 καὶ
1761 4845 1861 4916 τὴν

278 4931 453 4991 ὅντως
499 4931 556 4982 ὲν
583 4930 725 4999 ψυχῇ
779 4933 1098 4997 φιλοσοφίαν
1152 4931 1463 5002 ἐργάζεται.
1512 4935 1589 4987 Οὐ
1630 4934 1859 5000 πλοῦτος

281 5026 404 5092 ἐκεῖ
440 5024 533 5075 καὶ
572 5023 784 5092 δαπάνη
821 5025 1121 5092 χρημάτων
1156 5028 1248 5075 καὶ
1281 5025 1623 5094 βλακεύουσα
1662 5027 1864 5098 θρύψις

283 5116 740 5182 ἐμπιιλιτεύεταισ
784 5117 899 5169 ἀλλ’
951 5118 1098 5171 ἆπαν
1139 5119 1287 5169 ἐστὶν
1330 5120 1544 5187 ἀληθῶς
1576 5122 1773 5187 σεμνόν
1805 5138 1863 5173 τε

284 5208 381 5260 καὶ
412 5208 717 5276 ἐλευθέριον
749 5203 899 5279 ἦθος,
928 5210 1020 5262 καὶ
1050 5211 1103 5270 ἐς
1131 5211 1197 5260 τά
1228 5210 1330 5278 τῆς
1356 5210 1559 5279 ἀρετῆς
1590 5212 1863 5281 ἀνάκτορα

284 5298 543 5363 σπεῦδον,
585 5300 801 5353 καὶτὸν
846 5299 1051 5368 Δώριον
1087 5300 1285 5369 τρόπον
1330 5300 1406 5361 ὡς
1445 5301 1662 5368 ἀληθῶς
1692 5303 1865 5372 ἡρμο-

285 5390 488 5458 σμένον
522 5390 656 5459 πρδς
682 5392 749 5443 τά
785 5392 947 5447 καλά.

1964 4658 2107 4713 blico
2141 4673 2384 4721 merces;
2425 4671 2696 4724 nusquam
2736 4654 2877 4719 fora,
2908 4662 3003 4707 aut
3035 4653 3245 4716 aediles,
3283 4653 3544 4724 autjudi-

1964 4770 2088 4807 cum
2145 4752 2464 4815 tribunalia,
2519 4759 2614 4801 aut
2664 4747 2864 4815 lingua:
2922 4744 3264 4807 venditatio,
3326 4753 3423 4798 aut
3475 4745 3543 4798 de

1964 4843 2139 4898 curuli
2172 4843 2303 4896 sella
2341 4841 2533 4902 fastus,
2560 4840 2684 4909 jura
2727 4852 2824 4906 pro
2873 4836 3104 4890 libidine
3148 4836 3539 4901 interpretans.

1965 4932 2085 4987 Non
2132 4931 2245 4986 illic
2284 4931 2411 4983 vita:
2444 4928 2693 4983 conditio
2722 4926 2779 4979 in
2806 4925 3133 4980 servitutem
3162 4931 3328 4992 atque
3372 4923 3545 4979 iume—

1968 5026 2108 5079 rium
2141 5022 2312 5078 herile
2336 5022 2513 5075 divisa
2537 5029 2642 5074 est.
2674 5016 2783 5072 Sed
2810 5026 2867 5072 et
2899 5014 3163 5086 loquendi
3193 5029 3350 5083 aequa
3384 5012 3550 5069 liber-

1966 5126 2067 5181 tas,
2099 5124 2154 5169 et
2206 5113 2374 5167 animi
2412 5111 2739 5175 moderatio,
2789 5119 2847 5164 et
2892 5123 3106 5162 morum
3160 5107 3442 5171 honestas,
3492 5114 3549 5160 et

1958 5208 2185 5279 justitiae
2220 5206 2532 5275 ingenuitas
2562 5205 2749 5258 loeum
2779 5202 2934 5256 illum
2962 5216 3061 5272 pro
3082 5200 3299 5256 theatro
3321 5199 3547 5266 habent,

1963 5312 2020 5355 et
2071 5300 2242 5353 choro
2293 5296 2462 5352 veluti
2510 5296 2777 5359 lustrant,
2820 5308 3011 5362 eaque
3056 5307 3251 5346 omnes
3292 5290 3549 5354 virtutes,

1963 5408 2085 5461 quae
2111 5391 2388 5447 cmlestem
2426 5388 2477 5441 in
2510 5400 2658 5441 terra
2691 5400 2874 5440 rerum
2914 5384 3163 5439 ordinem
3210 5382 3454 5453 pariunt.
3483 5396 3552 5436 ac

281 5498 473 5536 veram
525 5482 579 5536 in
609 5484 820 5537 animos
868 5484 1265 5555 philosophiam
1301 5485 1586 5540 invehunt.
1618 5484 1737 5538 Non
1784 5483 1857 5538 ibi
1898 5498 2031 5552 opes
2093 5497 2157 5537 ac
2199 5478 2501 5551 pecuniarii
2573 5487 2856 5546 sumptus;
2904 5489 3017 5529 non
3047 5472 3124 5528 ibi
3162 5486 3348 5527 socors
3391 5471 3554 5527 luxu-

284 5578 366 5631 ria
414 5589 653 5648 regnat:
713 5580 809 5634 sed
883 5590 1057 5635 totum
1118 5581 1278 5651 717
1324 5582 1447 5635 vita:
1492 5579 1824 5643 institutum,
1868 5580 2159 5633 honestum
2210 5591 2267 5630 re
2316 5576 2431 5645 ipsa
2483 5582 2535 5628 et
2593 5570 2842 5635 liberale,
2911 5568 3157 5625 studiose
3198 5565 3268 5621 ad
3314 5564 3552 5621 sacraria

285 5677 520 5733 Virtutis
547 5676 742 5746 pergit,
768 5686 824 5730 et
850 5678 1038 5730 Dorica
1062 5677 1218 5745 plane
1249 5674 1529 5730 harmonia
1560 5690 1682 5728 cum
1717 5676 1861 5729 bono
1903 5683 1957 5729 et
2002 5674 2232 5744 pulchro
2270 5671 2542 5741 congruit.

357 5774 435 5827 A'.
478 5773 664 5825 Πᾶσαν
694 5772 795 5842 μὲν
821 5772 931 5841 γὰρ
954 5770 1277 5841 αὐτομάτως
1311 5770 1485 5821 εἰπεῖν
1511 5770 1605 5821 καὶ
1634 5769 1661 5820 ὁ
1694 5768 1867 5837 χῶρος

286 5867 501 5929 ὲκείεος
533 5865 863 5920 ἁποσττεύδει
892 5866 985 5919 καὶ
1016 5863 1318 5919 ἀπωθεῖται
1349 5859 1569 5927 κακίαν,
1605 5864 1784 5916 πᾶσαν
1821 5861 1866 5915 δ’

2052 5767 2136 5822 ιγ.
2177 5765 2407 5821 Omnem
2442 5767 2585 5818 enim
2618 5766 2770 5819 lorus
2802 5764 2891 5818 ille
2920 5767 3114 5830 suapte
3147 5754 3555 5829 quodammodo

1980 5860 2235 5915 uiuandat
2266 5859 2453 5928 procul
2501 5867 2663 5928 atque
2706 5855 2929 5926 capellit
2958 5851 3368 5923 improbitatem
3394 5866 3409 5917 ;
3441 5848 3556 5906 vir-
