  <div class='ocr_page' id='page_1' title='image "/cluster/home/n/w/nwhite01/storage/ocr_20150623/148/nnc1.0046980490/495.png"; bbox 0 0 4242 6446; ppageno 0'>
   <div class='ocr_carea' id='block_1_1' title="bbox 688 381 1587 455">
    <p class='ocr_par' dir='ltr' id='par_1_1' title="bbox 688 381 1587 455">
     <span class='ocr_line' id='line_1_1' title="bbox 688 381 1587 455; baseline -0.013 -5"><span class='ocrx_word' id='word_1_1' title='bbox 688 386 790 452; x_wconf 76' lang='grc'><strong>951</strong></span> <span class='ocrx_word' id='word_1_2' title='bbox 939 381 1013 455; x_wconf 80' lang='grc' dir='ltr'><strong>[Α.</strong></span> <span class='ocrx_word' id='word_1_3' title='bbox 1057 399 1113 438; x_wconf 86' lang='lat' dir='ltr'><strong>tt.</strong></span> <span class='ocrx_word' id='word_1_4' title='bbox 1157 382 1449 446; x_wconf 63' lang='lat'><strong>6852.130.</strong></span> <span class='ocrx_word' id='word_1_5' title='bbox 1496 382 1587 455; x_wconf 73' lang='grc'><strong>12]</strong></span> 
     </span>
    </p>
   </div>
   <div class='ocr_carea' id='block_1_2' title="bbox 1890 383 2745 452">
    <p class='ocr_par' dir='ltr' id='par_1_2' title="bbox 1890 383 2745 452">
     <span class='ocr_line' id='line_1_2' title="bbox 1890 383 2745 452; baseline 0.002 -4"><span class='ocrx_word' id='word_1_6' title='bbox 1890 383 2316 450; x_wconf 77' lang='lat' dir='ltr'><strong>NICEPHOR‘I</strong></span> <span class='ocrx_word' id='word_1_7' title='bbox 2357 387 2745 452; x_wconf 67' lang='grc' dir='ltr'><strong>ΟΒΕῧΟΗιΕ</strong></span> 
     </span>
    </p>
   </div>
   <div class='ocr_carea' id='block_1_3' title="bbox 3086 381 3691 457">
    <p class='ocr_par' dir='ltr' id='par_1_3' title="bbox 3086 381 3691 457">
     <span class='ocr_line' id='line_1_3' title="bbox 3086 381 3691 457; baseline -0.002 -18"><span class='ocrx_word' id='word_1_8' title='bbox 3086 385 3221 457; x_wconf 71' lang='lat' dir='ltr'><strong>(utr.</strong></span> <span class='ocrx_word' id='word_1_9' title='bbox 3266 400 3312 441; x_wconf 78' lang='grc' dir='ltr'>ι.</span> <span class='ocrx_word' id='word_1_10' title='bbox 3352 399 3596 443; x_wconf 56' lang='lat' dir='ltr'><strong>estmons</strong></span> <span class='ocrx_word' id='word_1_11' title='bbox 3637 381 3691 455; x_wconf 80' lang='grc' dir='ltr'>ι]</span> 
     </span>
    </p>
   </div>
   <div class='ocr_carea' id='block_1_4' title="bbox 3857 387 3965 449">
    <p class='ocr_par' dir='ltr' id='par_1_4' title="bbox 3857 387 3965 449">
     <span class='ocr_line' id='line_1_4' title="bbox 3857 387 3965 449; baseline -0.009 0"><span class='ocrx_word' id='word_1_12' title='bbox 3857 387 3965 449; x_wconf 70' lang='lat'><strong>952</strong></span> 
     </span>
    </p>
   </div>
   <div class='ocr_carea' id='block_1_5' title="bbox 697 501 2372 578">
    <p class='ocr_par' dir='ltr' id='par_1_5' title="bbox 697 501 2346 565">
     <span class='ocr_line' id='line_1_5' title="bbox 697 501 2346 565; baseline 0.002 -8"><span class='ocrx_word' id='word_1_13' title='bbox 697 514 870 559; x_wconf 89' lang='lat' dir='ltr'><strong>tutettt</strong></span> <span class='ocrx_word' id='word_1_14' title='bbox 906 513 1089 558; x_wconf 91' lang='lat' dir='ltr'><strong>autem</strong></span> <span class='ocrx_word' id='word_1_15' title='bbox 1119 517 1336 558; x_wconf 89' lang='lat' dir='ltr'><strong>omnem</strong></span> <span class='ocrx_word' id='word_1_16' title='bbox 1364 503 1621 558; x_wconf 89' lang='lat' dir='ltr'><strong>adsciscit</strong></span> <span class='ocrx_word' id='word_1_17' title='bbox 1657 509 1712 557; x_wconf 90' lang='lat' dir='ltr'><strong>et</strong></span> <span class='ocrx_word' id='word_1_18' title='bbox 1741 501 1808 556; x_wconf 88' lang='lat' dir='ltr'><strong>ad</strong></span> <span class='ocrx_word' id='word_1_19' title='bbox 1841 516 1898 556; x_wconf 89' lang='lat' dir='ltr'><strong>se</strong></span> <span class='ocrx_word' id='word_1_20' title='bbox 1931 503 2269 565; x_wconf 88' lang='lat' dir='ltr'><strong>intromittit,</strong></span> <span class='ocrx_word' id='word_1_21' title='bbox 2303 506 2346 560; x_wconf 80' lang='grc' dir='ltr'>Α</span> 
     </span>
    </p>
   </div>
   <div class='ocr_carea' id='block_1_6' title="bbox 2282 501 3957 578">
    <p class='ocr_par' dir='ltr' id='par_1_6' title="bbox 2303 503 3957 578">
     <span class='ocr_line' id='line_1_6' title="bbox 2303 503 3957 578; baseline -0.002 -18"><span class='ocrx_word' id='word_1_22' title='bbox 2303 506 2346 560; x_wconf 80' lang='grc' dir='ltr'>Α</span> <span class='ocrx_word' id='word_1_23' title='bbox 2375 505 2607 559; x_wconf 80' lang='grc' dir='ltr'>είσποιεῐ</span> <span class='ocrx_word' id='word_1_24' title='bbox 2640 506 2733 560; x_wconf 66' lang='grc' dir='ltr'><strong>καλ⁵</strong></span> <span class='ocrx_word' id='word_1_25' title='bbox 2767 505 3113 571; x_wconf 75' lang='grc' dir='ltr'>εἰσοικίξεται</span> <span class='ocrx_word' id='word_1_26' title='bbox 3145 506 3349 578; x_wconf 81' lang='grc' dir='ltr'>αρετήν</span> <span class='ocrx_word' id='word_1_27' title='bbox 3375 521 3389 538; x_wconf 78' lang='grc' dir='ltr'><strong>ο</strong></span> <span class='ocrx_word' id='word_1_28' title='bbox 3427 521 3579 576; x_wconf 84' lang='grc' dir='ltr'>παρα</span> <span class='ocrx_word' id='word_1_29' title='bbox 3607 503 3866 559; x_wconf 81' lang='grc' dir='ltr'>τοσοῦτόν</span> <span class='ocrx_word' id='word_1_30' title='bbox 3900 523 3957 557; x_wconf 83' lang='grc' dir='ltr'><strong>τε</strong></span> 
     </span>
    </p>
   </div>
   <div class='ocr_carea' id='block_1_7' title="bbox 698 593 2268 663">
    <p class='ocr_par' dir='ltr' id='par_1_7' title="bbox 698 593 2268 663">
     <span class='ocr_line' id='line_1_7' title="bbox 698 593 2268 663; baseline -0.003 -14"><span class='ocrx_word' id='word_1_31' title='bbox 698 607 919 663; x_wconf 87' lang='lat' dir='ltr'><strong>tantque</strong></span> <span class='ocrx_word' id='word_1_32' title='bbox 977 603 1062 647; x_wconf 91' lang='lat' dir='ltr'><strong>est</strong></span> <span class='ocrx_word' id='word_1_33' title='bbox 1106 609 1296 647; x_wconf 88' lang='lat' dir='ltr'><strong>amans</strong></span> <span class='ocrx_word' id='word_1_34' title='bbox 1349 593 1503 656; x_wconf 91' lang='lat' dir='ltr'><strong>recti,</strong></span> <span class='ocrx_word' id='word_1_35' title='bbox 1556 608 1716 661; x_wconf 88' lang='lat' dir='ltr'><strong>quatn</strong></span> <span class='ocrx_word' id='word_1_36' title='bbox 1775 593 1930 662; x_wconf 86' lang='lat' dir='ltr'><strong>pravi</strong></span> <span class='ocrx_word' id='word_1_37' title='bbox 1992 593 2268 648; x_wconf 92' lang='lat' dir='ltr'><strong>lnimicus.</strong></span> 
     </span>
    </p>
   </div>
   <div class='ocr_carea' id='block_1_8' title="bbox 698 682 2274 754">
    <p class='ocr_par' dir='ltr' id='par_1_8' title="bbox 698 682 2274 754">
     <span class='ocr_line' id='line_1_8' title="bbox 698 682 2274 754; baseline -0.003 -15"><span class='ocrx_word' id='word_1_38' title='bbox 698 684 865 754; x_wconf 88' lang='lat' dir='ltr'><strong>quue</strong></span> <span class='ocrx_word' id='word_1_39' title='bbox 894 683 1038 738; x_wconf 90' lang='lat' dir='ltr'><strong>idem</strong></span> <span class='ocrx_word' id='word_1_40' title='bbox 1092 683 1181 738; x_wconf 86' lang='lat' dir='ltr'><strong>ille</strong></span> <span class='ocrx_word' id='word_1_41' title='bbox 1224 699 1380 737; x_wconf 86' lang='lat' dir='ltr'><strong>tnons</strong></span> <span class='ocrx_word' id='word_1_42' title='bbox 1419 682 1627 752; x_wconf 88' lang='lat' dir='ltr'><strong>pridem</strong></span> <span class='ocrx_word' id='word_1_43' title='bbox 1677 693 1834 736; x_wconf 91' lang='lat' dir='ltr'><strong>antea</strong></span> <span class='ocrx_word' id='word_1_44' title='bbox 1872 683 2166 737; x_wconf 91' lang='lat' dir='ltr'><strong>declaravit</strong></span> <span class='ocrx_word' id='word_1_45' title='bbox 2210 698 2274 736; x_wconf 89' lang='lat' dir='ltr'><strong>ac</strong></span> 
     </span>
    </p>
   </div>
   <div class='ocr_carea' id='block_1_9' title="bbox 695 775 2270 848">
    <p class='ocr_par' dir='ltr' id='par_1_9' title="bbox 695 775 2270 848">
     <span class='ocr_line' id='line_1_9' title="bbox 695 775 2270 848; baseline -0.002 -20"><span class='ocrx_word' id='word_1_46' title='bbox 695 777 1103 848; x_wconf 69' lang='lat' dir='ltr'><strong>praenuntiavit,</strong></span> <span class='ocrx_word' id='word_1_47' title='bbox 1141 793 1246 830; x_wconf 83' lang='lat' dir='ltr'><strong>non</strong></span> <span class='ocrx_word' id='word_1_48' title='bbox 1281 776 1446 829; x_wconf 87' lang='lat' dir='ltr'><strong>labris</strong></span> <span class='ocrx_word' id='word_1_49' title='bbox 1475 788 1566 828; x_wconf 90' lang='lat' dir='ltr'><strong>aut</strong></span> <span class='ocrx_word' id='word_1_50' title='bbox 1598 775 1706 829; x_wconf 88' lang='lat' dir='ltr'><strong>ullo</strong></span> <span class='ocrx_word' id='word_1_51' title='bbox 1740 776 1844 829; x_wconf 86' lang='lat' dir='ltr'><strong>alio</strong></span> <span class='ocrx_word' id='word_1_52' title='bbox 1869 777 2017 830; x_wconf 81' lang='lat' dir='ltr'><strong>vocis</strong></span> <span class='ocrx_word' id='word_1_53' title='bbox 2045 789 2270 844; x_wconf 87' lang='lat' dir='ltr'><strong>organo,</strong></span> 
     </span>
    </p>
   </div>
   <div class='ocr_carea' id='block_1_10' title="bbox 699 868 2272 939">
    <p class='ocr_par' dir='ltr' id='par_1_10' title="bbox 699 868 2272 939">
     <span class='ocr_line' id='line_1_10' title="bbox 699 868 2272 939; baseline -0.001 -16"><span class='ocrx_word' id='word_1_54' title='bbox 699 871 790 923; x_wconf 81' lang='lat' dir='ltr'><strong>sed</strong></span> <span class='ocrx_word' id='word_1_55' title='bbox 825 869 1084 939; x_wconf 85' lang='lat' dir='ltr'><strong>operibus</strong></span> <span class='ocrx_word' id='word_1_56' title='bbox 1119 868 1272 938; x_wconf 90' lang='lat' dir='ltr'><strong>quasi</strong></span> <span class='ocrx_word' id='word_1_57' title='bbox 1309 868 1588 932; x_wconf 90' lang='lat' dir='ltr'><strong>animatis,</strong></span> <span class='ocrx_word' id='word_1_58' title='bbox 1621 883 1741 938; x_wconf 73' lang='lat' dir='ltr'><strong>quae</strong></span> <span class='ocrx_word' id='word_1_59' title='bbox 1771 884 1867 937; x_wconf 90' lang='lat' dir='ltr'><strong>per</strong></span> <span class='ocrx_word' id='word_1_60' title='bbox 1897 883 2115 920; x_wconf 88' lang='lat' dir='ltr'><strong>onmem</strong></span> <span class='ocrx_word' id='word_1_61' title='bbox 2151 883 2272 936; x_wconf 80' lang='lat' dir='ltr'><strong>pos-</strong></span> 
     </span>
    </p>
   </div>
   <div class='ocr_carea' id='block_1_11' title="bbox 699 961 2272 1031">
    <p class='ocr_par' dir='ltr' id='par_1_11' title="bbox 699 961 2272 1031">
     <span class='ocr_line' id='line_1_11' title="bbox 699 961 2272 1031; baseline -0.001 -15"><span class='ocrx_word' id='word_1_62' title='bbox 699 972 823 1016; x_wconf 86' lang='lat' dir='ltr'><strong>sent</strong></span> <span class='ocrx_word' id='word_1_63' title='bbox 856 971 1015 1017; x_wconf 74' lang='lat' dir='ltr'><strong>terra:</strong></span> <span class='ocrx_word' id='word_1_64' title='bbox 1051 972 1105 1016; x_wconf 91' lang='lat' dir='ltr'><strong>et</strong></span> <span class='ocrx_word' id='word_1_65' title='bbox 1149 964 1316 1016; x_wconf 90' lang='lat' dir='ltr'><strong>maris</strong></span> <span class='ocrx_word' id='word_1_66' title='bbox 1346 962 1534 1016; x_wconf 93' lang='lat' dir='ltr'><strong>orbem</strong></span> <span class='ocrx_word' id='word_1_67' title='bbox 1583 961 1794 1031; x_wconf 85' lang='lat' dir='ltr'><strong>pulchri</strong></span> <span class='ocrx_word' id='word_1_68' title='bbox 1845 962 2087 1030; x_wconf 82' lang='lat' dir='ltr'><strong>rectique</strong></span> <span class='ocrx_word' id='word_1_69' title='bbox 2140 977 2272 1030; x_wconf 68' lang='lat' dir='ltr'><strong>prae-</strong></span> 
     </span>
    </p>
   </div>
   <div class='ocr_carea' id='block_1_12' title="bbox 700 1052 2274 1120">
    <p class='ocr_par' dir='ltr' id='par_1_12' title="bbox 700 1052 2274 1120">
     <span class='ocr_line' id='line_1_12' title="bbox 700 1052 2274 1120; baseline -0.002 -13"><span class='ocrx_word' id='word_1_70' title='bbox 700 1055 920 1109; x_wconf 83' lang='lat' dir='ltr'><strong>conium</strong></span> <span class='ocrx_word' id='word_1_71' title='bbox 984 1055 1294 1108; x_wconf 71' lang='lat' dir='ltr'><strong>diﬂ‘undere</strong></span> <span class='ocrx_word' id='word_1_72' title='bbox 1360 1069 1424 1107; x_wconf 83' lang='lat' dir='ltr'><strong>ac</strong></span> <span class='ocrx_word' id='word_1_73' title='bbox 1481 1053 1796 1120; x_wconf 66' lang='lat' dir='ltr'><strong>praedicare.</strong></span> <span class='ocrx_word' id='word_1_74' title='bbox 1868 1052 2058 1106; x_wconf 78' lang='lat' dir='ltr'><strong>Xerxa:</strong></span> <span class='ocrx_word' id='word_1_75' title='bbox 2127 1053 2274 1106; x_wconf 87' lang='lat' dir='ltr'><strong>enim</strong></span> 
     </span>
    </p>
   </div>
   <div class='ocr_carea' id='block_1_13' title="bbox 701 1142 2276 1212">
    <p class='ocr_par' dir='ltr' id='par_1_13' title="bbox 701 1142 2276 1212">
     <span class='ocr_line' id='line_1_13' title="bbox 701 1142 2276 1212; baseline -0.003 -12"><span class='ocrx_word' id='word_1_76' title='bbox 701 1147 848 1201; x_wconf 90' lang='lat' dir='ltr'><strong>illius</strong></span> <span class='ocrx_word' id='word_1_77' title='bbox 877 1147 1078 1200; x_wconf 81' lang='lat' dir='ltr'><strong>veteris</strong></span> <span class='ocrx_word' id='word_1_78' title='bbox 1108 1145 1404 1200; x_wconf 86' lang='lat' dir='ltr'><strong>Barbarum</strong></span> <span class='ocrx_word' id='word_1_79' title='bbox 1429 1154 1485 1198; x_wconf 89' lang='lat' dir='ltr'><strong>et</strong></span> <span class='ocrx_word' id='word_1_80' title='bbox 1516 1145 1750 1198; x_wconf 81' lang='lat' dir='ltr'><strong>ferocem</strong></span> <span class='ocrx_word' id='word_1_81' title='bbox 1784 1145 2050 1207; x_wconf 83' lang='lat' dir='ltr'><strong>animum,</strong></span> <span class='ocrx_word' id='word_1_82' title='bbox 2083 1142 2176 1212; x_wconf 91' lang='lat' dir='ltr'><strong>qui</strong></span> <span class='ocrx_word' id='word_1_83' title='bbox 2222 1144 2276 1196; x_wconf 91' lang='lat' dir='ltr'><strong>itt</strong></span> 
     </span>
    </p>
   </div>
   <div class='ocr_carea' id='block_1_14' title="bbox 700 1236 2276 1308">
    <p class='ocr_par' dir='ltr' id='par_1_14' title="bbox 700 1236 2276 1308">
     <span class='ocr_line' id='line_1_14' title="bbox 700 1236 2276 1308; baseline -0.004 -14"><span class='ocrx_word' id='word_1_84' title='bbox 700 1241 874 1308; x_wconf 83' lang='lat' dir='ltr'><strong>ipsam</strong></span> <span class='ocrx_word' id='word_1_85' title='bbox 903 1255 1086 1294; x_wconf 91' lang='lat' dir='ltr'><strong>rerum</strong></span> <span class='ocrx_word' id='word_1_86' title='bbox 1112 1249 1364 1293; x_wconf 86' lang='lat' dir='ltr'><strong>naturam</strong></span> <span class='ocrx_word' id='word_1_87' title='bbox 1397 1237 1682 1292; x_wconf 84' lang='lat' dir='ltr'><strong>libidinem</strong></span> <span class='ocrx_word' id='word_1_88' title='bbox 1725 1246 1779 1290; x_wconf 91' lang='lat' dir='ltr'><strong>et</strong></span> <span class='ocrx_word' id='word_1_89' title='bbox 1814 1236 2093 1290; x_wconf 78' lang='lat' dir='ltr'><strong>lasciviam</strong></span> <span class='ocrx_word' id='word_1_90' title='bbox 2122 1248 2276 1290; x_wconf 88' lang='lat' dir='ltr'><strong>suam</strong></span> 
     </span>
    </p>
   </div>
   <div class='ocr_carea' id='block_1_15' title="bbox 699 1329 2278 1400">
    <p class='ocr_par' dir='ltr' id='par_1_15' title="bbox 699 1329 2278 1400">
     <span class='ocr_line' id='line_1_15' title="bbox 699 1329 2278 1400; baseline -0.001 -18"><span class='ocrx_word' id='word_1_91' title='bbox 699 1333 1009 1395; x_wconf 78' lang='lat' dir='ltr'><strong>exercebat,</strong></span> <span class='ocrx_word' id='word_1_92' title='bbox 1039 1341 1202 1400; x_wconf 88' lang='lat' dir='ltr'><strong>atque</strong></span> <span class='ocrx_word' id='word_1_93' title='bbox 1229 1330 1283 1383; x_wconf 91' lang='lat' dir='ltr'><strong>itt</strong></span> <span class='ocrx_word' id='word_1_94' title='bbox 1315 1339 1525 1383; x_wconf 89' lang='lat' dir='ltr'><strong>tantum</strong></span> <span class='ocrx_word' id='word_1_95' title='bbox 1554 1330 1730 1383; x_wconf 89' lang='lat' dir='ltr'><strong>elatus</strong></span> <span class='ocrx_word' id='word_1_96' title='bbox 1750 1338 1888 1392; x_wconf 90' lang='lat' dir='ltr'><strong>erat,</strong></span> <span class='ocrx_word' id='word_1_97' title='bbox 1918 1340 1977 1380; x_wconf 85' lang='grc' dir='ltr'><strong>ιιι</strong></span> <span class='ocrx_word' id='word_1_98' title='bbox 2007 1329 2278 1382; x_wconf 86' lang='lat' dir='ltr'><strong>elementa</strong></span> 
     </span>
    </p>
   </div>
   <div class='ocr_carea' id='block_1_16' title="bbox 700 1421 2280 1490">
    <p class='ocr_par' dir='ltr' id='par_1_16' title="bbox 700 1421 2280 1490">
     <span class='ocr_line' id='line_1_16' title="bbox 700 1421 2280 1490; baseline -0.002 -15"><span class='ocrx_word' id='word_1_99' title='bbox 700 1424 882 1476; x_wconf 83' lang='lat' dir='ltr'><strong>omnia</strong></span> <span class='ocrx_word' id='word_1_100' title='bbox 927 1423 1184 1478; x_wconf 86' lang='lat' dir='ltr'><strong>novando</strong></span> <span class='ocrx_word' id='word_1_101' title='bbox 1237 1433 1495 1481; x_wconf 89' lang='lat' dir='ltr'><strong>mutaret,</strong></span> <span class='ocrx_word' id='word_1_102' title='bbox 1544 1437 1668 1474; x_wconf 84' lang='lat' dir='ltr'><strong>cum</strong></span> <span class='ocrx_word' id='word_1_103' title='bbox 1708 1422 1825 1490; x_wconf 89' lang='lat' dir='ltr'><strong>ejus</strong></span> <span class='ocrx_word' id='word_1_104' title='bbox 1878 1421 2049 1489; x_wconf 88' lang='lat' dir='ltr'><strong>ipsius</strong></span> <span class='ocrx_word' id='word_1_105' title='bbox 2079 1422 2280 1472; x_wconf 79' lang='lat' dir='ltr'><strong>montis</strong></span> 
     </span>
    </p>
   </div>
   <div class='ocr_carea' id='block_1_17' title="bbox 704 1509 2283 1583">
    <p class='ocr_par' dir='ltr' id='par_1_17' title="bbox 704 1509 2283 1583">
     <span class='ocr_line' id='line_1_17' title="bbox 704 1509 2283 1583; baseline -0.004 -15"><span class='ocrx_word' id='word_1_106' title='bbox 704 1515 909 1568; x_wconf 81' lang='lat' dir='ltr'><strong>isthmo</strong></span> <span class='ocrx_word' id='word_1_107' title='bbox 951 1513 1198 1583; x_wconf 75' lang='lat' dir='ltr'><strong>perfosso</strong></span> <span class='ocrx_word' id='word_1_108' title='bbox 1245 1523 1441 1565; x_wconf 90' lang='lat' dir='ltr'><strong>terram</strong></span> <span class='ocrx_word' id='word_1_109' title='bbox 1475 1514 1529 1566; x_wconf 91' lang='lat' dir='ltr'><strong>itt</strong></span> <span class='ocrx_word' id='word_1_110' title='bbox 1583 1527 1729 1564; x_wconf 88' lang='lat' dir='ltr'><strong>mare</strong></span> <span class='ocrx_word' id='word_1_111' title='bbox 1771 1512 2152 1574; x_wconf 85' lang='lat' dir='ltr'><strong>convertisset,</strong></span> <span class='ocrx_word' id='word_1_112' title='bbox 2202 1509 2283 1562; x_wconf 82' lang='lat' dir='ltr'><strong>lo-</strong></span> 
     </span>
    </p>
   </div>
   <div class='ocr_carea' id='block_1_18' title="bbox 703 1603 2279 1673">
    <p class='ocr_par' dir='ltr' id='par_1_18' title="bbox 703 1603 2279 1673">
     <span class='ocr_line' id='line_1_18' title="bbox 703 1603 2279 1673; baseline -0.003 -15"><span class='ocrx_word' id='word_1_113' title='bbox 703 1620 939 1673; x_wconf 76' lang='lat' dir='ltr'><strong>cumque</strong></span> <span class='ocrx_word' id='word_1_114' title='bbox 983 1605 1035 1657; x_wconf 88' lang='lat' dir='ltr'><strong>itt</strong></span> <span class='ocrx_word' id='word_1_115' title='bbox 1067 1605 1260 1658; x_wconf 68' lang='lat' dir='ltr'><strong>insulae</strong></span> <span class='ocrx_word' id='word_1_116' title='bbox 1290 1603 1518 1670; x_wconf 77' lang='lat' dir='ltr'><strong>formam</strong></span> <span class='ocrx_word' id='word_1_117' title='bbox 1558 1603 1894 1673; x_wconf 82' lang='lat' dir='ltr'><strong>redegisset;</strong></span> <span class='ocrx_word' id='word_1_118' title='bbox 1951 1618 2073 1656; x_wconf 89' lang='lat' dir='ltr'><strong>cum</strong></span> <span class='ocrx_word' id='word_1_119' title='bbox 2108 1612 2279 1654; x_wconf 91' lang='lat' dir='ltr'><strong>terre-</strong></span> 
     </span>
    </p>
   </div>
   <div class='ocr_carea' id='block_1_19' title="bbox 702 1695 2276 1766">
    <p class='ocr_par' dir='ltr' id='par_1_19' title="bbox 702 1695 2276 1766">
     <span class='ocr_line' id='line_1_19' title="bbox 702 1695 2276 1766; baseline -0.004 -15"><span class='ocrx_word' id='word_1_120' title='bbox 702 1709 844 1752; x_wconf 74' lang='lat' dir='ltr'><strong>stres</strong></span> <span class='ocrx_word' id='word_1_121' title='bbox 873 1697 1056 1766; x_wconf 91' lang='lat' dir='ltr'><strong>copias</strong></span> <span class='ocrx_word' id='word_1_122' title='bbox 1091 1712 1189 1766; x_wconf 87' lang='lat' dir='ltr'><strong>per</strong></span> <span class='ocrx_word' id='word_1_123' title='bbox 1213 1712 1362 1749; x_wconf 86' lang='lat' dir='ltr'><strong>mare</strong></span> <span class='ocrx_word' id='word_1_124' title='bbox 1412 1697 1821 1760; x_wconf 88' lang='lat' dir='ltr'><strong>transmisisset,</strong></span> <span class='ocrx_word' id='word_1_125' title='bbox 1872 1695 2276 1763; x_wconf 74' lang='lat' dir='ltr'><strong>ell‘ecissetque,</strong></span> 
     </span>
    </p>
   </div>
   <div class='ocr_carea' id='block_1_20' title="bbox 703 1788 2274 1856">
    <p class='ocr_par' dir='ltr' id='par_1_20' title="bbox 703 1788 2274 1856">
     <span class='ocr_line' id='line_1_20' title="bbox 703 1788 2274 1856; baseline -0.003 -13"><span class='ocrx_word' id='word_1_126' title='bbox 703 1800 764 1845; x_wconf 89' lang='lat' dir='ltr'><strong>ttt</strong></span> <span class='ocrx_word' id='word_1_127' title='bbox 794 1790 1001 1845; x_wconf 88' lang='lat' dir='ltr'><strong>navalis</strong></span> <span class='ocrx_word' id='word_1_128' title='bbox 1029 1791 1310 1845; x_wconf 88' lang='lat' dir='ltr'><strong>videretur</strong></span> <span class='ocrx_word' id='word_1_129' title='bbox 1351 1790 1395 1844; x_wconf 93' lang='lat' dir='ltr'><strong>is</strong></span> <span class='ocrx_word' id='word_1_130' title='bbox 1434 1790 1729 1848; x_wconf 78' lang='lat' dir='ltr'><strong>exercitus,</strong></span> <span class='ocrx_word' id='word_1_131' title='bbox 1778 1788 1871 1856; x_wconf 88' lang='lat' dir='ltr'><strong>qui</strong></span> <span class='ocrx_word' id='word_1_132' title='bbox 1916 1795 2037 1840; x_wconf 90' lang='lat' dir='ltr'><strong>erat</strong></span> <span class='ocrx_word' id='word_1_133' title='bbox 2100 1795 2274 1838; x_wconf 87' lang='lat' dir='ltr'><strong>terre-</strong></span> 
     </span>
    </p>
   </div>
   <div class='ocr_carea' id='block_1_21' title="bbox 703 1878 2278 1952">
    <p class='ocr_par' dir='ltr' id='par_1_21' title="bbox 703 1878 2278 1952">
     <span class='ocr_line' id='line_1_21' title="bbox 703 1878 2278 1952; baseline -0.004 -14"><span class='ocrx_word' id='word_1_134' title='bbox 703 1885 854 1950; x_wconf 89' lang='lat' dir='ltr'><strong>sttis,</strong></span> <span class='ocrx_word' id='word_1_135' title='bbox 910 1883 1079 1949; x_wconf 89' lang='lat' dir='ltr'><strong>illius,</strong></span> <span class='ocrx_word' id='word_1_136' title='bbox 1115 1883 1358 1952; x_wconf 86' lang='lat' dir='ltr'><strong>inquam,</strong></span> <span class='ocrx_word' id='word_1_137' title='bbox 1395 1881 1589 1935; x_wconf 75' lang='lat' dir='ltr'><strong>Xerxaa</strong></span> <span class='ocrx_word' id='word_1_138' title='bbox 1636 1880 1948 1949; x_wconf 85' lang='lat' dir='ltr'><strong>superbiam</strong></span> <span class='ocrx_word' id='word_1_139' title='bbox 2000 1879 2054 1932; x_wconf 92' lang='lat' dir='ltr'><strong>in</strong></span> <span class='ocrx_word' id='word_1_140' title='bbox 2111 1878 2278 1932; x_wconf 89' lang='lat' dir='ltr'><strong>totius</strong></span> 
     </span>
    </p>
   </div>
   <div class='ocr_carea' id='block_1_22' title="bbox 703 1969 2276 2042">
    <p class='ocr_par' dir='ltr' id='par_1_22' title="bbox 703 1969 2276 2042">
     <span class='ocr_line' id='line_1_22' title="bbox 703 1969 2276 2042; baseline -0.004 -16"><span class='ocrx_word' id='word_1_141' title='bbox 703 1974 854 2029; x_wconf 86' lang='lat' dir='ltr'><strong>orbis</strong></span> <span class='ocrx_word' id='word_1_142' title='bbox 878 1974 1323 2042; x_wconf 79' lang='lat' dir='ltr'><strong>frequentissimo</strong></span> <span class='ocrx_word' id='word_1_143' title='bbox 1364 1974 1575 2027; x_wconf 83' lang='lat' dir='ltr'><strong>theatro</strong></span> <span class='ocrx_word' id='word_1_144' title='bbox 1608 1970 2052 2041; x_wconf 81' lang='lat' dir='ltr'><strong>splendidissime</strong></span> <span class='ocrx_word' id='word_1_145' title='bbox 2074 1969 2276 2038; x_wconf 80' lang='lat' dir='ltr'><strong>arguit,</strong></span> 
     </span>
    </p>
   </div>
   <div class='ocr_carea' id='block_1_23' title="bbox 704 2061 2280 2135">
    <p class='ocr_par' dir='ltr' id='par_1_23' title="bbox 704 2061 2280 2135">
     <span class='ocr_line' id='line_1_23' title="bbox 704 2061 2280 2135; baseline -0.005 -14"><span class='ocrx_word' id='word_1_146' title='bbox 704 2075 760 2121; x_wconf 88' lang='lat' dir='ltr'><strong>et</strong></span> <span class='ocrx_word' id='word_1_147' title='bbox 793 2067 911 2135; x_wconf 88' lang='lat' dir='ltr'><strong>ejus</strong></span> <span class='ocrx_word' id='word_1_148' title='bbox 937 2066 1137 2121; x_wconf 72' lang='lat' dir='ltr'><strong>fastum</strong></span> <span class='ocrx_word' id='word_1_149' title='bbox 1170 2066 1405 2120; x_wconf 81' lang='lat' dir='ltr'><strong>maxima</strong></span> <span class='ocrx_word' id='word_1_150' title='bbox 1435 2081 1499 2119; x_wconf 81' lang='lat' dir='ltr'><strong>ex</strong></span> <span class='ocrx_word' id='word_1_151' title='bbox 1532 2073 1683 2133; x_wconf 89' lang='lat' dir='ltr'><strong>parte</strong></span> <span class='ocrx_word' id='word_1_152' title='bbox 1731 2062 1798 2116; x_wconf 90' lang='lat' dir='ltr'><strong>ad</strong></span> <span class='ocrx_word' id='word_1_153' title='bbox 1846 2077 2050 2115; x_wconf 91' lang='lat' dir='ltr'><strong>morem</strong></span> <span class='ocrx_word' id='word_1_154' title='bbox 2082 2061 2280 2114; x_wconf 85' lang='lat' dir='ltr'><strong>huma-</strong></span> 
     </span>
    </p>
   </div>
   <div class='ocr_carea' id='block_1_24' title="bbox 708 2159 2284 2227">
    <p class='ocr_par' dir='ltr' id='par_1_24' title="bbox 708 2159 2284 2227">
     <span class='ocr_line' id='line_1_24' title="bbox 708 2159 2284 2227; baseline -0.006 -12"><span class='ocrx_word' id='word_1_155' title='bbox 708 2161 916 2216; x_wconf 90' lang='lat' dir='ltr'><strong>niorem</strong></span> <span class='ocrx_word' id='word_1_156' title='bbox 971 2159 1210 2222; x_wconf 84' lang='lat' dir='ltr'><strong>reduxit,</strong></span> <span class='ocrx_word' id='word_1_157' title='bbox 1265 2172 1328 2212; x_wconf 91' lang='lat' dir='ltr'><strong>ac</strong></span> <span class='ocrx_word' id='word_1_158' title='bbox 1375 2173 1470 2227; x_wconf 85' lang='lat' dir='ltr'><strong>per</strong></span> <span class='ocrx_word' id='word_1_159' title='bbox 1511 2173 1636 2210; x_wconf 92' lang='lat' dir='ltr'><strong>eum</strong></span> <span class='ocrx_word' id='word_1_160' title='bbox 1701 2171 1892 2209; x_wconf 84' lang='lat' dir='ltr'><strong>omnes</strong></span> <span class='ocrx_word' id='word_1_161' title='bbox 1937 2163 1992 2208; x_wconf 90' lang='lat' dir='ltr'><strong>et</strong></span> <span class='ocrx_word' id='word_1_162' title='bbox 2043 2168 2196 2222; x_wconf 83' lang='lat' dir='ltr'><strong>rcges</strong></span> <span class='ocrx_word' id='word_1_163' title='bbox 2228 2161 2284 2206; x_wconf 86' lang='lat' dir='ltr'><strong>et</strong></span> 
     </span>
    </p>
   </div>
   <div class='ocr_carea' id='block_1_25' title="bbox 709 2244 2279 2317">
    <p class='ocr_par' dir='ltr' id='par_1_25' title="bbox 709 2244 2279 2317">
     <span class='ocr_line' id='line_1_25' title="bbox 709 2244 2279 2317; baseline -0.006 -11"><span class='ocrx_word' id='word_1_164' title='bbox 709 2253 878 2306; x_wconf 88' lang='lat' dir='ltr'><strong>duces</strong></span> <span class='ocrx_word' id='word_1_165' title='bbox 908 2259 964 2305; x_wconf 88' lang='lat' dir='ltr'><strong>et</strong></span> <span class='ocrx_word' id='word_1_166' title='bbox 1001 2259 1250 2317; x_wconf 85' lang='lat' dir='ltr'><strong>satrapas</strong></span> <span class='ocrx_word' id='word_1_167' title='bbox 1282 2246 1636 2317; x_wconf 88' lang='lat' dir='ltr'><strong>supercilium</strong></span> <span class='ocrx_word' id='word_1_168' title='bbox 1693 2245 2135 2313; x_wconf 87' lang='lat' dir='ltr'><strong>intempestivum</strong></span> <span class='ocrx_word' id='word_1_169' title='bbox 2184 2244 2279 2297; x_wconf 83' lang='lat' dir='ltr'><strong>ab—</strong></span> 
     </span>
    </p>
   </div>
   <div class='ocr_carea' id='block_1_26' title="bbox 703 2334 2278 2412">
    <p class='ocr_par' dir='ltr' id='par_1_26' title="bbox 703 2334 2278 2412">
     <span class='ocr_line' id='line_1_26' title="bbox 703 2334 2278 2412; baseline -0.006 -16"><span class='ocrx_word' id='word_1_170' title='bbox 703 2346 877 2412; x_wconf 88' lang='lat' dir='ltr'><strong>jicere</strong></span> <span class='ocrx_word' id='word_1_171' title='bbox 925 2351 978 2396; x_wconf 88' lang='lat' dir='ltr'><strong>et</strong></span> <span class='ocrx_word' id='word_1_172' title='bbox 1025 2340 1447 2394; x_wconf 82' lang='lat' dir='ltr'><strong>moderatiorem</strong></span> <span class='ocrx_word' id='word_1_173' title='bbox 1503 2337 1749 2391; x_wconf 87' lang='lat' dir='ltr'><strong>animum</strong></span> <span class='ocrx_word' id='word_1_174' title='bbox 1791 2335 2021 2389; x_wconf 90' lang='lat' dir='ltr'><strong>induere</strong></span> <span class='ocrx_word' id='word_1_175' title='bbox 2069 2334 2278 2387; x_wconf 85' lang='lat' dir='ltr'><strong>docuit.</strong></span> 
     </span>
    </p>
   </div>
   <div class='ocr_carea' id='block_1_27' title="bbox 705 2426 2281 2496">
    <p class='ocr_par' dir='ltr' id='par_1_27' title="bbox 705 2426 2281 2496">
     <span class='ocr_line' id='line_1_27' title="bbox 705 2426 2281 2496; baseline -0.008 -5"><span class='ocrx_word' id='word_1_176' title='bbox 705 2437 860 2491; x_wconf 81' lang='lat' dir='ltr'><strong>Adeo</strong></span> <span class='ocrx_word' id='word_1_177' title='bbox 889 2443 1128 2488; x_wconf 88' lang='lat' dir='ltr'><strong>montem</strong></span> <span class='ocrx_word' id='word_1_178' title='bbox 1163 2432 1315 2486; x_wconf 90' lang='lat' dir='ltr'><strong>illum</strong></span> <span class='ocrx_word' id='word_1_179' title='bbox 1351 2430 1419 2484; x_wconf 91' lang='lat' dir='ltr'><strong>ab</strong></span> <span class='ocrx_word' id='word_1_180' title='bbox 1448 2430 1606 2483; x_wconf 93' lang='lat' dir='ltr'><strong>initio</strong></span> <span class='ocrx_word' id='word_1_181' title='bbox 1635 2436 1827 2482; x_wconf 85' lang='lat' dir='ltr'><strong>natura</strong></span> <span class='ocrx_word' id='word_1_182' title='bbox 1860 2428 1969 2496; x_wconf 84' lang='lat' dir='ltr'><strong>ipsa</strong></span> <span class='ocrx_word' id='word_1_183' title='bbox 2010 2426 2281 2481; x_wconf 81' lang='lat' dir='ltr'><strong>oﬂicittatn</strong></span> 
     </span>
    </p>
   </div>
   <div class='ocr_carea' id='block_1_28' title="bbox 705 2520 2281 2594">
    <p class='ocr_par' dir='ltr' id='par_1_28' title="bbox 705 2520 2281 2594">
     <span class='ocr_line' id='line_1_28' title="bbox 705 2520 2281 2594; baseline -0.008 -11"><span class='ocrx_word' id='word_1_184' title='bbox 705 2528 929 2594; x_wconf 84' lang='lat' dir='ltr'><strong>virtutis</strong></span> <span class='ocrx_word' id='word_1_185' title='bbox 952 2544 1071 2583; x_wconf 85' lang='lat' dir='ltr'><strong>esse</strong></span> <span class='ocrx_word' id='word_1_186' title='bbox 1089 2527 1282 2591; x_wconf 76' lang='lat' dir='ltr'><strong>voluit,</strong></span> <span class='ocrx_word' id='word_1_187' title='bbox 1310 2535 1362 2579; x_wconf 90' lang='lat' dir='ltr'><strong>et</strong></span> <span class='ocrx_word' id='word_1_188' title='bbox 1386 2540 1578 2580; x_wconf 89' lang='lat' dir='ltr'><strong>omnes</strong></span> <span class='ocrx_word' id='word_1_189' title='bbox 1603 2524 1926 2594; x_wconf 85' lang='lat' dir='ltr'><strong>jampridem</strong></span> <span class='ocrx_word' id='word_1_190' title='bbox 1951 2520 2015 2573; x_wconf 88' lang='lat' dir='ltr'><strong>ad</strong></span> <span class='ocrx_word' id='word_1_191' title='bbox 2040 2535 2281 2573; x_wconf 89' lang='lat' dir='ltr'><strong>amorem</strong></span> 
     </span>
    </p>
   </div>
   <div class='ocr_carea' id='block_1_29' title="bbox 708 2610 2286 2689">
    <p class='ocr_par' dir='ltr' id='par_1_29' title="bbox 708 2610 2286 2689">
     <span class='ocr_line' id='line_1_29' title="bbox 708 2610 2286 2689; baseline -0.008 -15"><span class='ocrx_word' id='word_1_192' title='bbox 708 2625 826 2689; x_wconf 68' lang='lat' dir='ltr'><strong>eius</strong></span> <span class='ocrx_word' id='word_1_193' title='bbox 857 2621 1065 2683; x_wconf 85' lang='lat' dir='ltr'><strong>allicit;</strong></span> <span class='ocrx_word' id='word_1_194' title='bbox 1106 2636 1213 2672; x_wconf 91' lang='lat' dir='ltr'><strong>non</strong></span> <span class='ocrx_word' id='word_1_195' title='bbox 1265 2634 1361 2673; x_wconf 89' lang='lat' dir='ltr'><strong>eos</strong></span> <span class='ocrx_word' id='word_1_196' title='bbox 1412 2617 1614 2679; x_wconf 89' lang='lat' dir='ltr'><strong>solum,</strong></span> <span class='ocrx_word' id='word_1_197' title='bbox 1666 2617 1867 2685; x_wconf 86' lang='lat' dir='ltr'><strong>quibus</strong></span> <span class='ocrx_word' id='word_1_198' title='bbox 1915 2611 2146 2680; x_wconf 78' lang='lat' dir='ltr'><strong>contigit</strong></span> <span class='ocrx_word' id='word_1_199' title='bbox 2177 2610 2286 2662; x_wconf 84' lang='lat' dir='ltr'><strong>vir-</strong></span> 
     </span>
    </p>
   </div>
   <div class='ocr_carea' id='block_1_30' title="bbox 713 2707 2283 2780">
    <p class='ocr_par' dir='ltr' id='par_1_30' title="bbox 713 2707 2283 2780">
     <span class='ocr_line' id='line_1_30' title="bbox 713 2707 2283 2780; baseline -0.008 -15"><span class='ocrx_word' id='word_1_200' title='bbox 713 2717 844 2768; x_wconf 81' lang='lat' dir='ltr'><strong>tutis</strong></span> <span class='ocrx_word' id='word_1_201' title='bbox 869 2723 922 2768; x_wconf 83' lang='lat' dir='ltr'><strong>et</strong></span> <span class='ocrx_word' id='word_1_202' title='bbox 954 2711 1367 2780; x_wconf 84' lang='lat' dir='ltr'><strong>tranquillitatis</strong></span> <span class='ocrx_word' id='word_1_203' title='bbox 1403 2708 1548 2762; x_wconf 91' lang='lat' dir='ltr'><strong>illius</strong></span> <span class='ocrx_word' id='word_1_204' title='bbox 1583 2707 1687 2760; x_wconf 91' lang='lat' dir='ltr'><strong>ntel</strong></span> <span class='ocrx_word' id='word_1_205' title='bbox 1727 2715 2006 2772; x_wconf 84' lang='lat' dir='ltr'><strong>utcunque</strong></span> <span class='ocrx_word' id='word_1_206' title='bbox 2040 2709 2283 2770; x_wconf 80' lang='lat' dir='ltr'><strong>gustare,</strong></span> 
     </span>
    </p>
   </div>
   <div class='ocr_carea' id='block_1_31' title="bbox 707 2797 2287 2874">
    <p class='ocr_par' dir='ltr' id='par_1_31' title="bbox 707 2797 2287 2874">
     <span class='ocr_line' id='line_1_31' title="bbox 707 2797 2287 2874; baseline -0.01 -12"><span class='ocrx_word' id='word_1_207' title='bbox 707 2825 898 2864; x_wconf 90' lang='lat' dir='ltr'><strong>verum</strong></span> <span class='ocrx_word' id='word_1_208' title='bbox 928 2819 984 2861; x_wconf 89' lang='lat' dir='ltr'><strong>et</strong></span> <span class='ocrx_word' id='word_1_209' title='bbox 1008 2822 1121 2867; x_wconf 89' lang='lat' dir='ltr'><strong>eos,</strong></span> <span class='ocrx_word' id='word_1_210' title='bbox 1153 2806 1249 2874; x_wconf 93' lang='lat' dir='ltr'><strong>qui</strong></span> <span class='ocrx_word' id='word_1_211' title='bbox 1283 2805 1424 2858; x_wconf 82' lang='lat' dir='ltr'><strong>fama</strong></span> <span class='ocrx_word' id='word_1_212' title='bbox 1467 2812 1519 2855; x_wconf 88' lang='lat' dir='ltr'><strong>et</strong></span> <span class='ocrx_word' id='word_1_213' title='bbox 1550 2801 1716 2870; x_wconf 78' lang='lat'><strong>718</strong></span> <span class='ocrx_word' id='word_1_214' title='bbox 1746 2797 2026 2852; x_wconf 77' lang='lat' dir='ltr'><strong>auditione</strong></span> <span class='ocrx_word' id='word_1_215' title='bbox 2058 2810 2287 2862; x_wconf 81' lang='lat' dir='ltr'><strong>accepe-</strong></span> 
     </span>
    </p>
   </div>
   <div class='ocr_carea' id='block_1_32' title="bbox 714 2895 2284 2970">
    <p class='ocr_par' dir='ltr' id='par_1_32' title="bbox 714 2895 2284 2970">
     <span class='ocr_line' id='line_1_32' title="bbox 714 2895 2284 2970; baseline -0.01 -16"><span class='ocrx_word' id='word_1_216' title='bbox 714 2913 840 2956; x_wconf 79' lang='lat' dir='ltr'><strong>runt</strong></span> <span class='ocrx_word' id='word_1_217' title='bbox 871 2903 990 2970; x_wconf 85' lang='lat' dir='ltr'><strong>ejus</strong></span> <span class='ocrx_word' id='word_1_218' title='bbox 1035 2899 1139 2953; x_wconf 86' lang='lat' dir='ltr'><strong>loci</strong></span> <span class='ocrx_word' id='word_1_219' title='bbox 1172 2896 1551 2952; x_wconf 77' lang='lat' dir='ltr'><strong>excellentiam</strong></span> <span class='ocrx_word' id='word_1_220' title='bbox 1583 2911 1595 2946; x_wconf 93' lang='lat'><strong>:</strong></span> <span class='ocrx_word' id='word_1_221' title='bbox 1628 2895 1784 2962; x_wconf 82' lang='lat' dir='ltr'><strong>cujus</strong></span> <span class='ocrx_word' id='word_1_222' title='bbox 1831 2908 1895 2946; x_wconf 90' lang='lat' dir='ltr'><strong>ea</strong></span> <span class='ocrx_word' id='word_1_223' title='bbox 1941 2901 2024 2944; x_wconf 89' lang='lat' dir='ltr'><strong>est</strong></span> <span class='ocrx_word' id='word_1_224' title='bbox 2069 2897 2284 2952; x_wconf 84' lang='lat' dir='ltr'><strong>natura,</strong></span> 
     </span>
    </p>
   </div>
   <div class='ocr_carea' id='block_1_33' title="bbox 713 2983 2289 3060">
    <p class='ocr_par' dir='ltr' id='par_1_33' title="bbox 713 2983 2289 3060">
     <span class='ocr_line' id='line_1_33' title="bbox 713 2983 2289 3060; baseline -0.011 -12"><span class='ocrx_word' id='word_1_225' title='bbox 713 3007 772 3048; x_wconf 93' lang='lat' dir='ltr'><strong>ttt</strong></span> <span class='ocrx_word' id='word_1_226' title='bbox 814 3009 876 3048; x_wconf 80' lang='lat' dir='ltr'><strong>ex</strong></span> <span class='ocrx_word' id='word_1_227' title='bbox 923 2994 991 3047; x_wconf 85' lang='lat' dir='ltr'><strong>iis</strong></span> <span class='ocrx_word' id='word_1_228' title='bbox 1037 2991 1128 3060; x_wconf 89' lang='lat' dir='ltr'><strong>qui</strong></span> <span class='ocrx_word' id='word_1_229' title='bbox 1163 2990 1232 3045; x_wconf 89' lang='lat' dir='ltr'><strong>ad</strong></span> <span class='ocrx_word' id='word_1_230' title='bbox 1287 2989 1617 3044; x_wconf 89' lang='lat' dir='ltr'><strong>hodiernum</strong></span> <span class='ocrx_word' id='word_1_231' title='bbox 1651 2985 1796 3038; x_wconf 89' lang='lat' dir='ltr'><strong>diem</strong></span> <span class='ocrx_word' id='word_1_232' title='bbox 1833 2985 1904 3038; x_wconf 89' lang='lat' dir='ltr'><strong>ibi</strong></span> <span class='ocrx_word' id='word_1_233' title='bbox 1949 2983 2289 3045; x_wconf 81' lang='lat' dir='ltr'><strong>habit:.ruut,</strong></span> 
     </span>
    </p>
   </div>
   <div class='ocr_carea' id='block_1_34' title="bbox 711 3074 2288 3146">
    <p class='ocr_par' dir='ltr' id='par_1_34' title="bbox 711 3074 2288 3146">
     <span class='ocr_line' id='line_1_34' title="bbox 711 3074 2288 3146; baseline -0.009 -9"><span class='ocrx_word' id='word_1_234' title='bbox 711 3085 1179 3141; x_wconf 64' lang='lat' dir='ltr'><strong>celebratissimos</strong></span> <span class='ocrx_word' id='word_1_235' title='bbox 1232 3081 1354 3136; x_wconf 90' lang='lat' dir='ltr'><strong>illos</strong></span> <span class='ocrx_word' id='word_1_236' title='bbox 1387 3080 1598 3142; x_wconf 84' lang='lat' dir='ltr'><strong>reddat,</strong></span> <span class='ocrx_word' id='word_1_237' title='bbox 1643 3079 1736 3146; x_wconf 79' lang='lat' dir='ltr'><strong>qui</strong></span> <span class='ocrx_word' id='word_1_238' title='bbox 1787 3076 2060 3130; x_wconf 84' lang='lat' dir='ltr'><strong>sinceram</strong></span> <span class='ocrx_word' id='word_1_239' title='bbox 2103 3082 2158 3126; x_wconf 83' lang='lat' dir='ltr'><strong>ct</strong></span> <span class='ocrx_word' id='word_1_240' title='bbox 2203 3074 2288 3124; x_wconf 90' lang='lat' dir='ltr'><strong>in-</strong></span> 
     </span>
    </p>
   </div>
   <div class='ocr_carea' id='block_1_35' title="bbox 2377 595 3965 668">
    <p class='ocr_par' dir='ltr' id='par_1_35' title="bbox 2377 595 3965 668">
     <span class='ocr_line' id='line_1_35' title="bbox 2377 595 3965 668; baseline -0.001 -19"><span class='ocrx_word' id='word_1_241' title='bbox 2377 597 2683 666; x_wconf 84' lang='grc' dir='ltr'>φιλόκαλος,</span> <span class='ocrx_word' id='word_1_242' title='bbox 2738 597 2978 668; x_wconf 79' lang='grc' dir='ltr'>παρόσον</span> <span class='ocrx_word' id='word_1_243' title='bbox 3035 599 3152 650; x_wconf 75' lang='grc' dir='ltr'>ἐστὶ</span> <span class='ocrx_word' id='word_1_244' title='bbox 3214 597 3604 667; x_wconf 85' lang='grc' dir='ltr'><strong>μισοπόνηρος.</strong></span> <span class='ocrx_word' id='word_1_245' title='bbox 3651 598 3760 650; x_wconf 72' lang='grc' dir='ltr'><strong>Καὶ</strong></span> <span class='ocrx_word' id='word_1_246' title='bbox 3799 595 3965 650; x_wconf 81' lang='grc' dir='ltr'>τοῦτο</span> 
     </span>
    </p>
   </div>
   <div class='ocr_carea' id='block_1_36' title="bbox 2383 688 3962 758">
    <p class='ocr_par' dir='ltr' id='par_1_36' title="bbox 2383 688 3962 758">
     <span class='ocr_line' id='line_1_36' title="bbox 2383 688 3962 758; baseline -0.004 -14"><span class='ocrx_word' id='word_1_247' title='bbox 2383 691 2553 744; x_wconf 80' lang='grc' dir='ltr'>πάλαι</span> <span class='ocrx_word' id='word_1_248' title='bbox 2585 689 3012 758; x_wconf 77' lang='grc' dir='ltr'>προανειρώνησέ</span> <span class='ocrx_word' id='word_1_249' title='bbox 3059 707 3116 741; x_wconf 89' lang='grc' dir='ltr'><strong>τε</strong></span> <span class='ocrx_word' id='word_1_250' title='bbox 3149 690 3242 740; x_wconf 81' lang='grc' dir='ltr'>καὶ</span> <span class='ocrx_word' id='word_1_251' title='bbox 3289 689 3714 757; x_wconf 78' lang='grc' dir='ltr'><strong>προεθέσπισεν,</strong></span> <span class='ocrx_word' id='word_1_252' title='bbox 3746 689 3808 739; x_wconf 86' lang='grc' dir='ltr'><strong>ού</strong></span> <span class='ocrx_word' id='word_1_253' title='bbox 3845 688 3962 757; x_wconf 81' lang='grc' dir='ltr'><strong>χεί-</strong></span> 
     </span>
    </p>
   </div>
   <div class='ocr_carea' id='block_1_37' title="bbox 2379 775 3964 851">
    <p class='ocr_par' dir='ltr' id='par_1_37' title="bbox 2379 775 3964 851">
     <span class='ocr_line' id='line_1_37' title="bbox 2379 775 3964 851; baseline -0.002 -18"><span class='ocrx_word' id='word_1_254' title='bbox 2379 783 2495 834; x_wconf 86' lang='grc' dir='ltr'>λεσι</span> <span class='ocrx_word' id='word_1_255' title='bbox 2529 781 2623 834; x_wconf 76' lang='grc' dir='ltr'><strong>καὶ</strong></span> <span class='ocrx_word' id='word_1_256' title='bbox 2665 783 2992 850; x_wconf 84' lang='grc' dir='ltr'>φωνητικοῖς</span> <span class='ocrx_word' id='word_1_257' title='bbox 3019 781 3272 851; x_wconf 73' lang='grc' dir='ltr'><strong>ὀργάνοις</strong></span> <span class='ocrx_word' id='word_1_258' title='bbox 3301 782 3463 841; x_wconf 68' lang='grc' dir='ltr'>τισὶν,</span> <span class='ocrx_word' id='word_1_259' title='bbox 3494 780 3609 833; x_wconf 85' lang='grc' dir='ltr'>ἀλλ’</span> <span class='ocrx_word' id='word_1_260' title='bbox 3638 782 3819 850; x_wconf 77' lang='grc' dir='ltr'>ἔργοις</span> <span class='ocrx_word' id='word_1_261' title='bbox 3848 775 3964 831; x_wconf 76' lang='grc' dir='ltr'>οἷον</span> 
     </span>
    </p>
   </div>
   <div class='ocr_carea' id='block_1_38' title="bbox 2377 871 3963 946">
    <p class='ocr_par' dir='ltr' id='par_1_38' title="bbox 2377 871 3963 946">
     <span class='ocr_line' id='line_1_38' title="bbox 2377 871 3963 946; baseline -0.004 -18"><span class='ocrx_word' id='word_1_262' title='bbox 2377 875 2644 946; x_wconf 71' lang='grc' dir='ltr'>ἐμψύχοις</span> <span class='ocrx_word' id='word_1_263' title='bbox 2673 876 2768 929; x_wconf 76' lang='grc' dir='ltr'>καὶ</span> <span class='ocrx_word' id='word_1_264' title='bbox 2801 876 2886 928; x_wconf 77' lang='grc' dir='ltr'>διὰ</span> <span class='ocrx_word' id='word_1_265' title='bbox 2937 876 3115 942; x_wconf 82' lang='grc' dir='ltr'>πάσης</span> <span class='ocrx_word' id='word_1_266' title='bbox 3149 876 3249 943; x_wconf 72' lang='grc' dir='ltr'>γῆς</span> <span class='ocrx_word' id='word_1_267' title='bbox 3304 875 3399 926; x_wconf 65' lang='grc' dir='ltr'><strong>καὶ</strong></span> <span class='ocrx_word' id='word_1_268' title='bbox 3442 873 3718 939; x_wconf 75' lang='grc' dir='ltr'><strong>Θαλάσσης</strong></span> <span class='ocrx_word' id='word_1_269' title='bbox 3765 871 3825 922; x_wconf 71' lang='grc' dir='ltr'>τὸ</span> <span class='ocrx_word' id='word_1_270' title='bbox 3857 872 3963 939; x_wconf 82' lang='grc' dir='ltr'><strong>κή-</strong></span> 
     </span>
    </p>
   </div>
   <div class='ocr_carea' id='block_1_39' title="bbox 2382 963 3960 1035">
    <p class='ocr_par' dir='ltr' id='par_1_39' title="bbox 2382 963 3960 1035">
     <span class='ocr_line' id='line_1_39' title="bbox 2382 963 3960 1035; baseline -0.004 -18"><span class='ocrx_word' id='word_1_271' title='bbox 2382 984 2567 1035; x_wconf 86' lang='grc' dir='ltr'>ρυγμα</span> <span class='ocrx_word' id='word_1_272' title='bbox 2613 965 2706 1019; x_wconf 79' lang='grc' dir='ltr'><strong>τοῦ</strong></span> <span class='ocrx_word' id='word_1_273' title='bbox 2747 965 2912 1019; x_wconf 83' lang='grc' dir='ltr'>καλοῦ</span> <span class='ocrx_word' id='word_1_274' title='bbox 2973 966 3370 1034; x_wconf 69' lang='grc' dir='ltr'><strong>παραπέμπειν</strong></span> <span class='ocrx_word' id='word_1_275' title='bbox 3411 966 3504 1017; x_wconf 74' lang='grc' dir='ltr'>καὶ</span> <span class='ocrx_word' id='word_1_276' title='bbox 3551 964 3765 1032; x_wconf 80' lang='grc' dir='ltr'>ἐξηχεῖν</span> <span class='ocrx_word' id='word_1_277' title='bbox 3793 963 3960 1012; x_wconf 80' lang='grc' dir='ltr'>δυνα-</span> 
     </span>
    </p>
   </div>
   <div class='ocr_carea' id='block_1_40' title="bbox 2383 1054 3966 1130">
    <p class='ocr_par' dir='ltr' id='par_1_40' title="bbox 2383 1054 3966 1130">
     <span class='ocr_line' id='line_1_40' title="bbox 2383 1054 3966 1130; baseline -0.008 -16"><span class='ocrx_word' id='word_1_278' title='bbox 2383 1061 2584 1130; x_wconf 86' lang='grc' dir='ltr'>μένοις.</span> <span class='ocrx_word' id='word_1_279' title='bbox 2617 1058 2817 1130; x_wconf 79' lang='grc' dir='ltr'><strong>Ξέρξου</strong></span> <span class='ocrx_word' id='word_1_280' title='bbox 2846 1060 2954 1130; x_wconf 86' lang='grc' dir='ltr'><strong>γὰρ</strong></span> <span class='ocrx_word' id='word_1_281' title='bbox 3003 1058 3214 1112; x_wconf 79' lang='grc' dir='ltr'>ἐκείνου</span> <span class='ocrx_word' id='word_1_282' title='bbox 3245 1058 3340 1110; x_wconf 79' lang='grc' dir='ltr'><strong>τοῦ</strong></span> <span class='ocrx_word' id='word_1_283' title='bbox 3371 1059 3541 1110; x_wconf 81' lang='grc' dir='ltr'>πάλαι</span> <span class='ocrx_word' id='word_1_284' title='bbox 3579 1056 3638 1108; x_wconf 83' lang='grc' dir='ltr'>τὸ</span> <span class='ocrx_word' id='word_1_285' title='bbox 3688 1054 3966 1124; x_wconf 76' lang='grc' dir='ltr'>βαρὸαρον</span> 
     </span>
    </p>
   </div>
   <div class='ocr_carea' id='block_1_41' title="bbox 2381 1144 3966 1222">
    <p class='ocr_par' dir='ltr' id='par_1_41' title="bbox 2381 1144 3966 1222">
     <span class='ocr_line' id='line_1_41' title="bbox 2381 1144 3966 1222; baseline -0.006 -18"><span class='ocrx_word' id='word_1_286' title='bbox 2381 1154 2473 1205; x_wconf 70' lang='grc' dir='ltr'>καὶ</span> <span class='ocrx_word' id='word_1_287' title='bbox 2501 1153 2781 1222; x_wconf 84' lang='grc' dir='ltr'><strong>ἀγέρωχον</strong></span> <span class='ocrx_word' id='word_1_288' title='bbox 2810 1152 3089 1221; x_wconf 79' lang='grc' dir='ltr'>φρόνημα,</span> <span class='ocrx_word' id='word_1_289' title='bbox 3121 1150 3442 1216; x_wconf 80' lang='grc' dir='ltr'>ἀσελγαῖνον</span> <span class='ocrx_word' id='word_1_290' title='bbox 3472 1148 3589 1215; x_wconf 72' lang='grc' dir='ltr'>ἅμα</span> <span class='ocrx_word' id='word_1_291' title='bbox 3614 1147 3710 1198; x_wconf 79' lang='grc' dir='ltr'><strong>καὶ</strong></span> <span class='ocrx_word' id='word_1_292' title='bbox 3740 1144 3966 1213; x_wconf 72' lang='grc' dir='ltr'>τρυφῶν</span> 
     </span>
    </p>
   </div>
   <div class='ocr_carea' id='block_1_42' title="bbox 2382 1238 3965 1315">
    <p class='ocr_par' dir='ltr' id='par_1_42' title="bbox 2382 1238 3965 1315">
     <span class='ocr_line' id='line_1_42' title="bbox 2382 1238 3965 1315; baseline -0.006 -17"><span class='ocrx_word' id='word_1_293' title='bbox 2382 1245 2521 1299; x_wconf 85' lang='grc' dir='ltr'>κατὰ</span> <span class='ocrx_word' id='word_1_294' title='bbox 2554 1245 2650 1315; x_wconf 81' lang='grc' dir='ltr'>τῆς</span> <span class='ocrx_word' id='word_1_295' title='bbox 2700 1248 2804 1296; x_wconf 85' lang='grc' dir='ltr'>τῶν</span> <span class='ocrx_word' id='word_1_296' title='bbox 2832 1246 2968 1297; x_wconf 81' lang='grc' dir='ltr'>ὅλων</span> <span class='ocrx_word' id='word_1_297' title='bbox 2999 1243 3236 1312; x_wconf 80' lang='grc' dir='ltr'>φύσεως,</span> <span class='ocrx_word' id='word_1_298' title='bbox 3272 1241 3367 1294; x_wconf 78' lang='grc' dir='ltr'>καὶ</span> <span class='ocrx_word' id='word_1_299' title='bbox 3409 1241 3480 1294; x_wconf 80' lang='grc' dir='ltr'><strong>τὰ</strong></span> <span class='ocrx_word' id='word_1_300' title='bbox 3507 1241 3748 1307; x_wconf 83' lang='grc' dir='ltr'>στοιχεῖα</span> <span class='ocrx_word' id='word_1_301' title='bbox 3783 1238 3965 1290; x_wconf 76' lang='grc' dir='ltr'>πάντα</span> 
     </span>
    </p>
   </div>
   <div class='ocr_carea' id='block_1_43' title="bbox 2380 1331 3966 1406">
    <p class='ocr_par' dir='ltr' id='par_1_43' title="bbox 2380 1331 3966 1406">
     <span class='ocr_line' id='line_1_43' title="bbox 2380 1331 3966 1406; baseline -0.008 -13"><span class='ocrx_word' id='word_1_302' title='bbox 2380 1340 2724 1406; x_wconf 82' lang='grc' dir='ltr'><strong>καινοτομεῖν</strong></span> <span class='ocrx_word' id='word_1_303' title='bbox 2781 1337 3165 1406; x_wconf 85' lang='grc' dir='ltr'>ἐπαιρόμενον,</span> <span class='ocrx_word' id='word_1_304' title='bbox 3193 1335 3316 1387; x_wconf 74' lang='grc' dir='ltr'>ἐπεὶ</span> <span class='ocrx_word' id='word_1_305' title='bbox 3367 1334 3459 1386; x_wconf 74' lang='grc' dir='ltr'>καὶ</span> <span class='ocrx_word' id='word_1_306' title='bbox 3504 1331 3597 1385; x_wconf 77' lang='grc' dir='ltr'><strong>τοῦ</strong></span> <span class='ocrx_word' id='word_1_307' title='bbox 3641 1332 3803 1399; x_wconf 77' lang='grc' dir='ltr'>ὅρους</span> <span class='ocrx_word' id='word_1_308' title='bbox 3837 1348 3966 1382; x_wconf 85' lang='grc' dir='ltr'>του-</span> 
     </span>
    </p>
   </div>
   <div class='ocr_carea' id='block_1_44' title="bbox 2379 1421 3967 1494">
    <p class='ocr_par' dir='ltr' id='par_1_44' title="bbox 2379 1421 3967 1494">
     <span class='ocr_line' id='line_1_44' title="bbox 2379 1421 3967 1494; baseline -0.008 -12"><span class='ocrx_word' id='word_1_309' title='bbox 2379 1428 2498 1482; x_wconf 73' lang='grc' dir='ltr'>τουτ</span> <span class='ocrx_word' id='word_1_310' title='bbox 2547 1427 2637 1479; x_wconf 78' lang='grc' dir='ltr'>τὸν</span> <span class='ocrx_word' id='word_1_311' title='bbox 2668 1426 2944 1492; x_wconf 71' lang='grc' dir='ltr'>Ἰσθμικῆν</span> <span class='ocrx_word' id='word_1_312' title='bbox 2995 1426 3199 1494; x_wconf 79' lang='grc' dir='ltr'><strong>αὐχένα</strong></span> <span class='ocrx_word' id='word_1_313' title='bbox 3244 1423 3499 1494; x_wconf 76' lang='grc' dir='ltr'><strong>διορύξας</strong></span> <span class='ocrx_word' id='word_1_314' title='bbox 3552 1421 3967 1490; x_wconf 77' lang='grc' dir='ltr'>μετεστοιχείου</span> 
     </span>
    </p>
   </div>
   <div class='ocr_carea' id='block_1_45' title="bbox 2381 1514 3968 1590">
    <p class='ocr_par' dir='ltr' id='par_1_45' title="bbox 2381 1514 3968 1590">
     <span class='ocr_line' id='line_1_45' title="bbox 2381 1514 3968 1590; baseline -0.009 -14"><span class='ocrx_word' id='word_1_315' title='bbox 2381 1523 2474 1576; x_wconf 70' lang='grc' dir='ltr'>καὶ</span> <span class='ocrx_word' id='word_1_316' title='bbox 2531 1519 2894 1590; x_wconf 77' lang='grc' dir='ltr'><strong>μετεσκεύαζε</strong></span> <span class='ocrx_word' id='word_1_317' title='bbox 2929 1516 3023 1570; x_wconf 78' lang='grc' dir='ltr'><strong>τὸν</strong></span> <span class='ocrx_word' id='word_1_318' title='bbox 3052 1516 3232 1587; x_wconf 83' lang='grc' dir='ltr'>χῶρον</span> <span class='ocrx_word' id='word_1_319' title='bbox 3286 1515 3422 1583; x_wconf 81' lang='grc' dir='ltr'>πρὸς</span> <span class='ocrx_word' id='word_1_320' title='bbox 3472 1514 3658 1580; x_wconf 83' lang='grc' dir='ltr'>νῆσον,</span> <span class='ocrx_word' id='word_1_321' title='bbox 3715 1514 3812 1566; x_wconf 71' lang='grc' dir='ltr'>καὶ</span> <span class='ocrx_word' id='word_1_322' title='bbox 3868 1514 3968 1573; x_wconf 79' lang='grc' dir='ltr'>τὰς</span> 
     </span>
    </p>
   </div>
   <div class='ocr_carea' id='block_1_46' title="bbox 2381 1606 3970 1685">
    <p class='ocr_par' dir='ltr' id='par_1_46' title="bbox 2381 1606 3970 1685">
     <span class='ocr_line' id='line_1_46' title="bbox 2381 1606 3970 1685; baseline -0.008 -17"><span class='ocrx_word' id='word_1_323' title='bbox 2381 1614 2757 1685; x_wconf 83' lang='grc' dir='ltr'>ὴπειρωτικάς</span> <span class='ocrx_word' id='word_1_324' title='bbox 2809 1614 2892 1681; x_wconf 80' lang='grc' dir='ltr'><strong>ἐφ’</strong></span> <span class='ocrx_word' id='word_1_325' title='bbox 2944 1613 3139 1681; x_wconf 75' lang='grc' dir='ltr'>ὑγραῖς</span> <span class='ocrx_word' id='word_1_326' title='bbox 3174 1608 3447 1671; x_wconf 76' lang='grc' dir='ltr'><strong>διεϐίϐαζε</strong></span> <span class='ocrx_word' id='word_1_327' title='bbox 3499 1608 3636 1670; x_wconf 82' lang='grc' dir='ltr'>τέως</span> <span class='ocrx_word' id='word_1_328' title='bbox 3690 1606 3970 1673; x_wconf 75' lang='grc' dir='ltr'>θαλάττης</span> 
     </span>
    </p>
   </div>
   <div class='ocr_carea' id='block_1_47' title="bbox 2383 1701 3971 1775">
    <p class='ocr_par' dir='ltr' id='par_1_47' title="bbox 2383 1701 3971 1775">
     <span class='ocr_line' id='line_1_47' title="bbox 2383 1701 3971 1775; baseline -0.008 -13"><span class='ocrx_word' id='word_1_329' title='bbox 2383 1709 2671 1775; x_wconf 79' lang='grc' dir='ltr'>ἀγκάλαις,</span> <span class='ocrx_word' id='word_1_330' title='bbox 2711 1708 2804 1760; x_wconf 77' lang='grc' dir='ltr'>καὶ</span> <span class='ocrx_word' id='word_1_331' title='bbox 2839 1707 3031 1775; x_wconf 84' lang='grc' dir='ltr'>νηῒτην</span> <span class='ocrx_word' id='word_1_332' title='bbox 3059 1705 3150 1757; x_wconf 84' lang='grc' dir='ltr'>τὸν</span> <span class='ocrx_word' id='word_1_333' title='bbox 3187 1705 3507 1772; x_wconf 63' lang='grc' dir='ltr'>ἢπειρώτην</span> <span class='ocrx_word' id='word_1_334' title='bbox 3538 1701 3751 1753; x_wconf 77' lang='grc' dir='ltr'>ἐδείκνυ</span> <span class='ocrx_word' id='word_1_335' title='bbox 3801 1716 3971 1767; x_wconf 78' lang='grc' dir='ltr'>στρασ-</span> 
     </span>
    </p>
   </div>
   <div class='ocr_carea' id='block_1_48' title="bbox 2382 1793 3966 1868">
    <p class='ocr_par' dir='ltr' id='par_1_48' title="bbox 2382 1793 3966 1868">
     <span class='ocr_line' id='line_1_48' title="bbox 2382 1793 3966 1868; baseline -0.015 -14"><span class='ocrx_word' id='word_1_336' title='bbox 2382 1802 2494 1864; x_wconf 85' lang='grc' dir='ltr'>τδν,</span> <span class='ocrx_word' id='word_1_337' title='bbox 2525 1802 2617 1852; x_wconf 74' lang='grc' dir='ltr'>ἐπὶ</span> <span class='ocrx_word' id='word_1_338' title='bbox 2647 1799 2741 1852; x_wconf 77' lang='grc' dir='ltr'><strong>τοῦ</strong></span> <span class='ocrx_word' id='word_1_339' title='bbox 2776 1799 3054 1868; x_wconf 83' lang='grc' dir='ltr'>πανδήμου</span> <span class='ocrx_word' id='word_1_340' title='bbox 3085 1797 3316 1864; x_wconf 71' lang='grc' dir='ltr'>θεάτρου</span> <span class='ocrx_word' id='word_1_341' title='bbox 3359 1795 3459 1863; x_wconf 73' lang='grc' dir='ltr'>τῆς</span> <span class='ocrx_word' id='word_1_342' title='bbox 3486 1793 3817 1860; x_wconf 77' lang='grc' dir='ltr'>οἰκουμένης</span> <span class='ocrx_word' id='word_1_343' title='bbox 3870 1809 3966 1842; x_wconf 82' lang='grc' dir='ltr'><strong>πε.</strong></span> 
     </span>
    </p>
   </div>
   <div class='ocr_carea' id='block_1_49' title="bbox 2385 1880 3968 1967">
    <p class='ocr_par' dir='ltr' id='par_1_49' title="bbox 2385 1880 3968 1967">
     <span class='ocr_line' id='line_1_49' title="bbox 2385 1880 3968 1967; baseline -0.01 -20"><span class='ocrx_word' id='word_1_344' title='bbox 2385 1894 2622 1967; x_wconf 85' lang='grc' dir='ltr'>ριφανῶς</span> <span class='ocrx_word' id='word_1_345' title='bbox 2647 1891 2923 1960; x_wconf 76' lang='grc' dir='ltr'>ἐξήλεγξε,</span> <span class='ocrx_word' id='word_1_346' title='bbox 2955 1892 3048 1942; x_wconf 73' lang='grc' dir='ltr'>καὶ</span> <span class='ocrx_word' id='word_1_347' title='bbox 3083 1889 3220 1957; x_wconf 59' lang='grc' dir='ltr'>προς</span> <span class='ocrx_word' id='word_1_348' title='bbox 3250 1886 3310 1939; x_wconf 71' lang='grc' dir='ltr'>τὸ</span> <span class='ocrx_word' id='word_1_349' title='bbox 3338 1885 3839 1952; x_wconf 75' lang='grc' dir='ltr'>ἀνθρωπικώτερον</span> <span class='ocrx_word' id='word_1_350' title='bbox 3872 1880 3968 1932; x_wconf 76' lang='grc' dir='ltr'>τοῦ</span> 
     </span>
    </p>
   </div>
   <div class='ocr_carea' id='block_1_50' title="bbox 2382 1976 3974 2054">
    <p class='ocr_par' dir='ltr' id='par_1_50' title="bbox 2382 1976 3974 2054">
     <span class='ocr_line' id='line_1_50' title="bbox 2382 1976 3974 2054; baseline -0.01 -13"><span class='ocrx_word' id='word_1_351' title='bbox 2382 1987 2553 2054; x_wconf 80' lang='grc' dir='ltr'><strong>τύφου</strong></span> <span class='ocrx_word' id='word_1_352' title='bbox 2587 1987 2647 2038; x_wconf 70' lang='grc' dir='ltr'>τὸ</span> <span class='ocrx_word' id='word_1_353' title='bbox 2681 1986 2932 2038; x_wconf 83' lang='grc' dir='ltr'>πλεῖστον</span> <span class='ocrx_word' id='word_1_354' title='bbox 2965 1982 3268 2054; x_wconf 78' lang='grc' dir='ltr'>ἀπήλλαξε,</span> <span class='ocrx_word' id='word_1_355' title='bbox 3296 1984 3389 2034; x_wconf 72' lang='grc' dir='ltr'>καὶ</span> <span class='ocrx_word' id='word_1_356' title='bbox 3415 1979 3484 2031; x_wconf 80' lang='grc' dir='ltr'>δι’</span> <span class='ocrx_word' id='word_1_357' title='bbox 3516 1979 3729 2030; x_wconf 82' lang='grc' dir='ltr'>ἐκείνου</span> <span class='ocrx_word' id='word_1_358' title='bbox 3758 1976 3974 2036; x_wconf 72' lang='grc' dir='ltr'>πάντας</span> 
     </span>
    </p>
   </div>
   <div class='ocr_carea' id='block_1_51' title="bbox 2382 2070 3970 2147">
    <p class='ocr_par' dir='ltr' id='par_1_51' title="bbox 2382 2070 3970 2147">
     <span class='ocr_line' id='line_1_51' title="bbox 2382 2070 3970 2147; baseline -0.008 -15"><span class='ocrx_word' id='word_1_359' title='bbox 2382 2077 2588 2143; x_wconf 80' lang='grc' dir='ltr'>ἐδίδαξε</span> <span class='ocrx_word' id='word_1_360' title='bbox 2623 2076 2898 2147; x_wconf 79' lang='grc' dir='ltr'><strong>βασιλέας,</strong></span> <span class='ocrx_word' id='word_1_361' title='bbox 2947 2079 3042 2128; x_wconf 75' lang='grc' dir='ltr'>καὶ</span> <span class='ocrx_word' id='word_1_362' title='bbox 3083 2076 3447 2144; x_wconf 77' lang='grc' dir='ltr'>στρατηγοὺς,</span> <span class='ocrx_word' id='word_1_363' title='bbox 3501 2072 3597 2124; x_wconf 78' lang='grc' dir='ltr'><strong>καὶ</strong></span> <span class='ocrx_word' id='word_1_364' title='bbox 3656 2070 3970 2140; x_wconf 66' lang='grc' dir='ltr'>σατράπας,</span> 
     </span>
    </p>
   </div>
   <div class='ocr_carea' id='block_1_52' title="bbox 2382 2161 3971 2242">
    <p class='ocr_par' dir='ltr' id='par_1_52' title="bbox 2382 2161 3971 2242">
     <span class='ocr_line' id='line_1_52' title="bbox 2382 2161 3971 2242; baseline -0.009 -16"><span class='ocrx_word' id='word_1_365' title='bbox 2382 2173 2562 2239; x_wconf 83' lang='grc' dir='ltr'>τὸτῆς</span> <span class='ocrx_word' id='word_1_366' title='bbox 2597 2171 2795 2242; x_wconf 82' lang='grc' dir='ltr'>ὀφρύος</span> <span class='ocrx_word' id='word_1_367' title='bbox 2839 2171 3064 2235; x_wconf 81' lang='grc' dir='ltr'>ἄκαιρον</span> <span class='ocrx_word' id='word_1_368' title='bbox 3114 2167 3561 2237; x_wconf 77' lang='grc' dir='ltr'>ἀπορῥίπτοντας</span> <span class='ocrx_word' id='word_1_369' title='bbox 3617 2161 3971 2232; x_wconf 85' lang='grc' dir='ltr'>μετριώτερα</span> 
     </span>
    </p>
   </div>
   <div class='ocr_carea' id='block_1_53' title="bbox 2383 2252 3975 2332">
    <p class='ocr_par' dir='ltr' id='par_1_53' title="bbox 2383 2252 3975 2332">
     <span class='ocr_line' id='line_1_53' title="bbox 2383 2252 3975 2332; baseline -0.001 -18"><span class='ocrx_word' id='word_1_370' title='bbox 2383 2264 2556 2332; x_wconf 81' lang='grc' dir='ltr'>δήπου</span> <span class='ocrx_word' id='word_1_371' title='bbox 2589 2264 2827 2332; x_wconf 83' lang='grc' dir='ltr'>φρονεῖν.</span> <span class='ocrx_word' id='word_1_372' title='bbox 2859 2259 2946 2330; x_wconf 69' lang='grc' dir='ltr'>[ιι.</span> <span class='ocrx_word' id='word_1_373' title='bbox 2984 2257 3112 2328; x_wconf 75' lang='grc'><strong>450]</strong></span> <span class='ocrx_word' id='word_1_374' title='bbox 3158 2259 3347 2319; x_wconf 73' lang='grc' dir='ltr'>Οὕτως</span> <span class='ocrx_word' id='word_1_375' title='bbox 3395 2255 3456 2320; x_wconf 81' lang='grc' dir='ltr'>ἐξ</span> <span class='ocrx_word' id='word_1_376' title='bbox 3512 2254 3690 2323; x_wconf 77' lang='grc' dir='ltr'>ἀρχῆς</span> <span class='ocrx_word' id='word_1_377' title='bbox 3720 2255 3752 2321; x_wconf 80' lang='grc' dir='ltr'><strong>ἡ</strong></span> <span class='ocrx_word' id='word_1_378' title='bbox 3811 2252 3975 2322; x_wconf 61' lang='grc' dir='ltr'>φύσις</span> 
     </span>
    </p>
   </div>
   <div class='ocr_carea' id='block_1_54' title="bbox 2384 2345 3978 2421">
    <p class='ocr_par' dir='ltr' id='par_1_54' title="bbox 2384 2345 3978 2421">
     <span class='ocr_line' id='line_1_54' title="bbox 2384 2345 3978 2421; baseline -0.008 -17"><span class='ocrx_word' id='word_1_379' title='bbox 2384 2353 2743 2421; x_wconf 76' lang='grc' dir='ltr'>ἐργαστήριον</span> <span class='ocrx_word' id='word_1_380' title='bbox 2785 2349 2916 2402; x_wconf 79' lang='grc' dir='ltr'>αὐτὸ</span> <span class='ocrx_word' id='word_1_381' title='bbox 2958 2347 3373 2401; x_wconf 85' lang='grc' dir='ltr'>κατεσκεύακεν</span> <span class='ocrx_word' id='word_1_382' title='bbox 3436 2348 3657 2412; x_wconf 72' lang='grc' dir='ltr'>ἀρετῆς,</span> <span class='ocrx_word' id='word_1_383' title='bbox 3698 2345 3791 2395; x_wconf 87' lang='grc' dir='ltr'><strong>καί</strong></span> <span class='ocrx_word' id='word_1_384' title='bbox 3840 2345 3978 2394; x_wconf 67' lang='grc' dir='ltr'>πᾶν·</span> 
     </span>
    </p>
   </div>
   <div class='ocr_carea' id='block_1_55' title="bbox 2384 2437 3978 2512">
    <p class='ocr_par' dir='ltr' id='par_1_55' title="bbox 2384 2437 3978 2512">
     <span class='ocr_line' id='line_1_55' title="bbox 2384 2437 3978 2512; baseline -0.008 -13"><span class='ocrx_word' id='word_1_385' title='bbox 2384 2463 2483 2506; x_wconf 83' lang='grc' dir='ltr'><strong>τας</strong></span> <span class='ocrx_word' id='word_1_386' title='bbox 2530 2444 2677 2496; x_wconf 80' lang='grc' dir='ltr'>ἒλκει</span> <span class='ocrx_word' id='word_1_387' title='bbox 2729 2443 2866 2512; x_wconf 71' lang='grc' dir='ltr'>πρὸς</span> <span class='ocrx_word' id='word_1_388' title='bbox 2909 2442 3118 2510; x_wconf 77' lang='grc' dir='ltr'>ἔρωτας</span> <span class='ocrx_word' id='word_1_389' title='bbox 3149 2442 3358 2494; x_wconf 86' lang='grc' dir='ltr'>ἄνωθεν</span> <span class='ocrx_word' id='word_1_390' title='bbox 3415 2439 3638 2501; x_wconf 71' lang='grc' dir='ltr'>ἐαυτοῦ,</span> <span class='ocrx_word' id='word_1_391' title='bbox 3698 2439 3768 2507; x_wconf 68' lang='grc' dir='ltr'>μὴ</span> <span class='ocrx_word' id='word_1_392' title='bbox 3812 2437 3978 2503; x_wconf 82' lang='grc' dir='ltr'>μόνον</span> 
     </span>
    </p>
   </div>
   <div class='ocr_carea' id='block_1_56' title="bbox 2385 2530 3980 2606">
    <p class='ocr_par' dir='ltr' id='par_1_56' title="bbox 2385 2530 3980 2606">
     <span class='ocr_line' id='line_1_56' title="bbox 2385 2530 3980 2606; baseline -0.008 -15"><span class='ocrx_word' id='word_1_393' title='bbox 2385 2541 2527 2600; x_wconf 81' lang='grc' dir='ltr'>ὅσοις</span> <span class='ocrx_word' id='word_1_394' title='bbox 2554 2538 2646 2590; x_wconf 82' lang='grc' dir='ltr'><strong>τοῦ</strong></span> <span class='ocrx_word' id='word_1_395' title='bbox 2686 2537 2782 2606; x_wconf 79' lang='grc' dir='ltr'>τῆς</span> <span class='ocrx_word' id='word_1_396' title='bbox 2815 2537 3015 2606; x_wconf 73' lang='grc' dir='ltr'>ἀρετῆς</span> <span class='ocrx_word' id='word_1_397' title='bbox 3045 2535 3136 2586; x_wconf 80' lang='grc' dir='ltr'>καὶ</span> <span class='ocrx_word' id='word_1_398' title='bbox 3164 2533 3261 2602; x_wconf 78' lang='grc' dir='ltr'>τῆς</span> <span class='ocrx_word' id='word_1_399' title='bbox 3281 2533 3512 2600; x_wconf 78' lang='grc' dir='ltr'>ἡσυχίας</span> <span class='ocrx_word' id='word_1_400' title='bbox 3544 2531 3757 2596; x_wconf 78' lang='grc' dir='ltr'>ἐκείνης</span> <span class='ocrx_word' id='word_1_401' title='bbox 3790 2530 3980 2581; x_wconf 64' lang='lat'><strong>6:11):-</strong></span> 
     </span>
    </p>
   </div>
   <div class='ocr_carea' id='block_1_57' title="bbox 2389 2623 3980 2697">
    <p class='ocr_par' dir='ltr' id='par_1_57' title="bbox 2389 2623 3980 2697">
     <span class='ocr_line' id='line_1_57' title="bbox 2389 2623 3980 2697; baseline -0.008 -14"><span class='ocrx_word' id='word_1_402' title='bbox 2389 2648 2519 2684; x_wconf 86' lang='grc' dir='ltr'>ποτε</span> <span class='ocrx_word' id='word_1_403' title='bbox 2559 2629 2858 2697; x_wconf 65' lang='grc' dir='ltr'>γεύσασθαι</span> <span class='ocrx_word' id='word_1_404' title='bbox 2915 2628 3126 2688; x_wconf 74' lang='grc' dir='ltr'>μέλιτος</span> <span class='ocrx_word' id='word_1_405' title='bbox 3187 2625 3487 2690; x_wconf 81' lang='grc' dir='ltr'>ἐξεγένετο,</span> <span class='ocrx_word' id='word_1_406' title='bbox 3524 2624 3660 2674; x_wconf 74' lang='grc' dir='ltr'>ἀλλὰ</span> <span class='ocrx_word' id='word_1_407' title='bbox 3693 2625 3784 2672; x_wconf 72' lang='grc' dir='ltr'>καὶ</span> <span class='ocrx_word' id='word_1_408' title='bbox 3831 2623 3980 2683; x_wconf 78' lang='grc' dir='ltr'>ὅσοις</span> 
     </span>
    </p>
   </div>
   <div class='ocr_carea' id='block_1_58' title="bbox 2389 2711 3982 2790">
    <p class='ocr_par' dir='ltr' id='par_1_58' title="bbox 2389 2711 3982 2790">
     <span class='ocr_line' id='line_1_58' title="bbox 2389 2711 3982 2790; baseline -0.011 -14"><span class='ocrx_word' id='word_1_409' title='bbox 2389 2725 2454 2777; x_wconf 83' lang='grc' dir='ltr'>δι’</span> <span class='ocrx_word' id='word_1_410' title='bbox 2483 2723 2648 2790; x_wconf 79' lang='grc' dir='ltr'>ἀκοῆς</span> <span class='ocrx_word' id='word_1_411' title='bbox 2682 2722 2747 2774; x_wconf 72' lang='grc' dir='ltr'>τὰ</span> <span class='ocrx_word' id='word_1_412' title='bbox 2788 2723 2902 2771; x_wconf 82' lang='grc' dir='ltr'>ἐκεῖ</span> <span class='ocrx_word' id='word_1_413' title='bbox 2931 2719 3123 2786; x_wconf 88' lang='grc' dir='ltr'>μαθεῖν</span> <span class='ocrx_word' id='word_1_414' title='bbox 3159 2716 3357 2782; x_wconf 75' lang='grc' dir='ltr'>συνέϐη</span> <span class='ocrx_word' id='word_1_415' title='bbox 3403 2713 3652 2784; x_wconf 71' lang='grc' dir='ltr'>χρηστέιο</span> <span class='ocrx_word' id='word_1_416' title='bbox 3705 2712 3847 2763; x_wconf 79' lang='grc' dir='ltr'>ὥστε</span> <span class='ocrx_word' id='word_1_417' title='bbox 3883 2711 3982 2761; x_wconf 78' lang='grc' dir='ltr'><strong>καὶ</strong></span> 
     </span>
    </p>
   </div>
   <div class='ocr_carea' id='block_1_59' title="bbox 2392 2804 3980 2882">
    <p class='ocr_par' dir='ltr' id='par_1_59' title="bbox 2392 2804 3980 2882">
     <span class='ocr_line' id='line_1_59' title="bbox 2392 2804 3980 2882; baseline -0.01 -12"><span class='ocrx_word' id='word_1_418' title='bbox 2392 2818 2502 2870; x_wconf 83' lang='grc' dir='ltr'>τῶν</span> <span class='ocrx_word' id='word_1_419' title='bbox 2539 2817 2623 2868; x_wconf 74' lang='grc' dir='ltr'>ἀεὶ</span> <span class='ocrx_word' id='word_1_420' title='bbox 2664 2818 2758 2867; x_wconf 78' lang='grc' dir='ltr'>καὶ</span> <span class='ocrx_word' id='word_1_421' title='bbox 2803 2813 2962 2882; x_wconf 81' lang='grc' dir='ltr'>μέχρι</span> <span class='ocrx_word' id='word_1_422' title='bbox 2998 2811 3092 2862; x_wconf 74' lang='grc' dir='ltr'><strong>νῦν</strong></span> <span class='ocrx_word' id='word_1_423' title='bbox 3141 2808 3400 2876; x_wconf 80' lang='grc' dir='ltr'>διηνεκῶς</span> <span class='ocrx_word' id='word_1_424' title='bbox 3443 2806 3796 2874; x_wconf 70' lang='grc' dir='ltr'>οἰκησάντων</span> <span class='ocrx_word' id='word_1_425' title='bbox 3844 2804 3980 2854; x_wconf 57' lang='grc' dir='ltr'>αὐτὸ</span> 
     </span>
    </p>
   </div>
   <div class='ocr_carea' id='block_1_60' title="bbox 2392 2898 3982 2977">
    <p class='ocr_par' dir='ltr' id='par_1_60' title="bbox 2392 2898 3982 2977">
     <span class='ocr_line' id='line_1_60' title="bbox 2392 2898 3982 2977; baseline -0.008 -17"><span class='ocrx_word' id='word_1_426' title='bbox 2392 2908 2756 2977; x_wconf 80' lang='grc' dir='ltr'>περιὸοήτους</span> <span class='ocrx_word' id='word_1_427' title='bbox 2798 2906 2895 2974; x_wconf 76' lang='grc' dir='ltr'>μὲν</span> <span class='ocrx_word' id='word_1_428' title='bbox 2945 2902 3290 2969; x_wconf 74' lang='grc' dir='ltr'><strong>καθίστησιν,</strong></span> <span class='ocrx_word' id='word_1_429' title='bbox 3328 2901 3442 2951; x_wconf 80' lang='grc' dir='ltr'>ὅσοι</span> <span class='ocrx_word' id='word_1_430' title='bbox 3501 2899 3742 2965; x_wconf 77' lang='grc' dir='ltr'>καθαρόν</span> <span class='ocrx_word' id='word_1_431' title='bbox 3779 2912 3838 2947; x_wconf 87' lang='grc' dir='ltr'><strong>τε</strong></span> <span class='ocrx_word' id='word_1_432' title='bbox 3885 2898 3982 2947; x_wconf 69' lang='grc' dir='ltr'><strong>καὶ</strong></span> 
     </span>
    </p>
   </div>
   <div class='ocr_carea' id='block_1_61' title="bbox 2393 2985 3981 3068">
    <p class='ocr_par' dir='ltr' id='par_1_61' title="bbox 2393 2985 3981 3068">
     <span class='ocr_line' id='line_1_61' title="bbox 2393 2985 3981 3068; baseline -0.018 -14"><span class='ocrx_word' id='word_1_433' title='bbox 2393 3001 2796 3068; x_wconf 81' lang='grc' dir='ltr'>ἀκαπήλευτον,</span> <span class='ocrx_word' id='word_1_434' title='bbox 2833 2996 2923 3048; x_wconf 71' lang='grc' dir='ltr'>καὶ</span> <span class='ocrx_word' id='word_1_435' title='bbox 2960 2993 3201 3057; x_wconf 78' lang='grc' dir='ltr'>ζιζανίου</span> <span class='ocrx_word' id='word_1_436' title='bbox 3237 2993 3439 3054; x_wconf 74' lang='grc' dir='ltr'>παντὸς</span> <span class='ocrx_word' id='word_1_437' title='bbox 3473 2989 3674 3057; x_wconf 81' lang='grc' dir='ltr'>ἀμιγὲς</span> <span class='ocrx_word' id='word_1_438' title='bbox 3705 2990 3800 3038; x_wconf 75' lang='grc' dir='ltr'>καὶ</span> <span class='ocrx_word' id='word_1_439' title='bbox 3826 2985 3981 3036; x_wconf 61' lang='lat' dir='ltr'><strong>ﬁla-5-</strong></span> 
     </span>
    </p>
   </div>
   <div class='ocr_carea' id='block_1_62' title="bbox 2395 3081 3980 3162">
    <p class='ocr_par' dir='ltr' id='par_1_62' title="bbox 2395 3081 3980 3162">
     <span class='ocr_line' id='line_1_62' title="bbox 2395 3081 3980 3162; baseline -0.012 -16"><span class='ocrx_word' id='word_1_440' title='bbox 2395 3095 2575 3162; x_wconf 86' lang='grc' dir='ltr'>θερον,</span> <span class='ocrx_word' id='word_1_441' title='bbox 2613 3093 2692 3152; x_wconf 86' lang='grc' dir='ltr'>εἰς</span> <span class='ocrx_word' id='word_1_442' title='bbox 2737 3090 2890 3150; x_wconf 81' lang='grc' dir='ltr'>τέλος</span> <span class='ocrx_word' id='word_1_443' title='bbox 2929 3089 2988 3143; x_wconf 81' lang='grc' dir='ltr'>τὸ</span> <span class='ocrx_word' id='word_1_444' title='bbox 3033 3087 3133 3153; x_wconf 74' lang='grc' dir='ltr'>τῆς</span> <span class='ocrx_word' id='word_1_445' title='bbox 3166 3085 3370 3155; x_wconf 71' lang='grc' dir='ltr'>ἀρετῆς</span> <span class='ocrx_word' id='word_1_446' title='bbox 3419 3081 3730 3134; x_wconf 71' lang='grc' dir='ltr'>διετέλεσαν</span> <span class='ocrx_word' id='word_1_447' title='bbox 3776 3096 3980 3144; x_wconf 79' lang='grc' dir='ltr'>συντη-</span> 
     </span>
    </p>
   </div>
   <div class='ocr_carea' id='block_1_63' title="bbox 711 3169 2386 3260">
    <p class='ocr_par' dir='ltr' id='par_1_63' title="bbox 711 3169 2363 3260">
     <span class='ocr_line' id='line_1_63' title="bbox 711 3169 2363 3260; baseline -0.012 -26"><span class='ocrx_word' id='word_1_448' title='bbox 711 3187 1052 3247; x_wconf 81' lang='lat' dir='ltr'><strong>cortnptam,</strong></span> <span class='ocrx_word' id='word_1_449' title='bbox 1097 3174 1321 3244; x_wconf 88' lang='lat' dir='ltr'><strong>loliique</strong></span> <span class='ocrx_word' id='word_1_450' title='bbox 1367 3186 1591 3242; x_wconf 84' lang='lat' dir='ltr'><strong>prorsus</strong></span> <span class='ocrx_word' id='word_1_451' title='bbox 1623 3184 1814 3240; x_wconf 91' lang='lat' dir='ltr'><strong>puram</strong></span> <span class='ocrx_word' id='word_1_452' title='bbox 1857 3177 1912 3222; x_wconf 89' lang='lat' dir='ltr'><strong>et</strong></span> <span class='ocrx_word' id='word_1_453' title='bbox 1966 3169 2286 3230; x_wconf 85' lang='lat' dir='ltr'><strong>immunem,</strong></span> <span class='ocrx_word' id='word_1_454' title='bbox 2319 3205 2363 3260; x_wconf 68' lang='grc' dir='ltr'>ο</span> 
     </span>
    </p>
   </div>
   <div class='ocr_carea' id='block_1_64' title="bbox 2307 3169 3982 3260">
    <p class='ocr_par' dir='ltr' id='par_1_64' title="bbox 2319 3172 3982 3260">
     <span class='ocr_line' id='line_1_64' title="bbox 2319 3172 3982 3260; baseline -0.013 -19"><span class='ocrx_word' id='word_1_455' title='bbox 2319 3205 2363 3260; x_wconf 82' lang='lat' dir='ltr'>c</span> <span class='ocrx_word' id='word_1_456' title='bbox 2399 3188 2616 3258; x_wconf 84' lang='grc' dir='ltr'>ροῦντες</span> <span class='ocrx_word' id='word_1_457' title='bbox 2671 3182 2975 3251; x_wconf 84' lang='grc' dir='ltr'>γεώργιον·</span> <span class='ocrx_word' id='word_1_458' title='bbox 3017 3178 3395 3250; x_wconf 75' lang='grc' dir='ltr'>ὲξοστρακίζει</span> <span class='ocrx_word' id='word_1_459' title='bbox 3432 3176 3476 3228; x_wconf 80' lang='grc' dir='ltr'>δ’</span> <span class='ocrx_word' id='word_1_460' title='bbox 3524 3173 3592 3227; x_wconf 75' lang='grc' dir='ltr'>αὖ</span> <span class='ocrx_word' id='word_1_461' title='bbox 3625 3174 3836 3224; x_wconf 77' lang='grc' dir='ltr'>ἐκεῖθεν</span> <span class='ocrx_word' id='word_1_462' title='bbox 3887 3172 3982 3221; x_wconf 68' lang='grc' dir='ltr'>καὶ</span> 
     </span>
    </p>
   </div>
   <div class='ocr_carea' id='block_1_65' title="bbox 712 3261 2286 3335">
    <p class='ocr_par' dir='ltr' id='par_1_65' title="bbox 712 3261 2286 3335">
     <span class='ocr_line' id='line_1_65' title="bbox 712 3261 2286 3335; baseline -0.008 -9"><span class='ocrx_word' id='word_1_463' title='bbox 712 3288 929 3327; x_wconf 76' lang='lat' dir='ltr'><strong>servare</strong></span> <span class='ocrx_word' id='word_1_464' title='bbox 958 3271 1020 3323; x_wconf 64' lang='lat' dir='ltr'><strong>ad</strong></span> <span class='ocrx_word' id='word_1_465' title='bbox 1040 3280 1346 3322; x_wconf 74' lang='lat' dir='ltr'><strong>extremum</strong></span> <span class='ocrx_word' id='word_1_466' title='bbox 1375 3275 1612 3335; x_wconf 84' lang='lat' dir='ltr'><strong>segetem</strong></span> <span class='ocrx_word' id='word_1_467' title='bbox 1637 3262 1857 3317; x_wconf 84' lang='lat' dir='ltr'><strong>virtutis</strong></span> <span class='ocrx_word' id='word_1_468' title='bbox 1885 3261 2244 3329; x_wconf 87' lang='lat' dir='ltr'><strong>perstiterunt</strong></span> <span class='ocrx_word' id='word_1_469' title='bbox 2271 3274 2286 3313; x_wconf 85' lang='lat'><strong>:</strong></span> 
     </span>
    </p>
   </div>
   <div class='ocr_carea' id='block_1_66' title="bbox 713 3352 2291 3426">
    <p class='ocr_par' dir='ltr' id='par_1_66' title="bbox 713 3352 2291 3426">
     <span class='ocr_line' id='line_1_66' title="bbox 713 3352 2291 3426; baseline -0.01 -8"><span class='ocrx_word' id='word_1_470' title='bbox 713 3382 904 3418; x_wconf 77' lang='lat' dir='ltr'><strong>rursus</strong></span> <span class='ocrx_word' id='word_1_471' title='bbox 942 3379 1069 3417; x_wconf 79' lang='lat' dir='ltr'><strong>vero</strong></span> <span class='ocrx_word' id='word_1_472' title='bbox 1122 3363 1373 3415; x_wconf 81' lang='lat' dir='ltr'><strong>exsulare</strong></span> <span class='ocrx_word' id='word_1_473' title='bbox 1407 3359 1534 3410; x_wconf 88' lang='lat' dir='ltr'><strong>inde</strong></span> <span class='ocrx_word' id='word_1_474' title='bbox 1578 3358 1787 3426; x_wconf 87' lang='lat' dir='ltr'><strong>jubeat,</strong></span> <span class='ocrx_word' id='word_1_475' title='bbox 1830 3358 2068 3422; x_wconf 84' lang='lat' dir='ltr'><strong>totisque</strong></span> <span class='ocrx_word' id='word_1_476' title='bbox 2108 3352 2291 3420; x_wconf 82' lang='lat' dir='ltr'><strong>exigat</strong></span> 
     </span>
    </p>
   </div>
   <div class='ocr_carea' id='block_1_67' title="bbox 715 3443 2290 3520">
    <p class='ocr_par' dir='ltr' id='par_1_67' title="bbox 715 3443 2290 3520">
     <span class='ocr_line' id='line_1_67' title="bbox 715 3443 2290 3520; baseline -0.012 -10"><span class='ocrx_word' id='word_1_477' title='bbox 715 3457 923 3510; x_wconf 90' lang='lat' dir='ltr'><strong>viribus</strong></span> <span class='ocrx_word' id='word_1_478' title='bbox 949 3465 1244 3520; x_wconf 67' lang='lat' dir='ltr'><strong>timeatque</strong></span> <span class='ocrx_word' id='word_1_479' title='bbox 1274 3449 1495 3518; x_wconf 84' lang='lat' dir='ltr'><strong>hospitii</strong></span> <span class='ocrx_word' id='word_1_480' title='bbox 1538 3447 1818 3502; x_wconf 86' lang='lat' dir='ltr'><strong>consortio</strong></span> <span class='ocrx_word' id='word_1_481' title='bbox 1866 3443 2175 3516; x_wconf 80' lang='lat' dir='ltr'><strong>ltypoeritas</strong></span> <span class='ocrx_word' id='word_1_482' title='bbox 2203 3450 2290 3493; x_wconf 84' lang='lat' dir='ltr'><strong>at-</strong></span> 
     </span>
    </p>
   </div>
   <div class='ocr_carea' id='block_1_68' title="bbox 715 3548 1070 3616">
    <p class='ocr_par' dir='ltr' id='par_1_68' title="bbox 715 3548 1070 3616">
     <span class='ocr_line' id='line_1_68' title="bbox 715 3548 1070 3616; baseline -0.011 -14"><span class='ocrx_word' id='word_1_483' title='bbox 715 3561 822 3616; x_wconf 87' lang='lat' dir='ltr'><strong>que</strong></span> <span class='ocrx_word' id='word_1_484' title='bbox 856 3548 1070 3614; x_wconf 81' lang='lat' dir='ltr'><strong>impius.</strong></span> 
     </span>
    </p>
   </div>
   <div class='ocr_carea' id='block_1_69' title="bbox 785 3623 2292 3705">
    <p class='ocr_par' dir='ltr' id='par_1_69' title="bbox 785 3623 2292 3705">
     <span class='ocr_line' id='line_1_69' title="bbox 785 3623 2292 3705; baseline -0.013 -11"><span class='ocrx_word' id='word_1_485' title='bbox 785 3641 851 3694; x_wconf 72' lang='grc' dir='ltr'><strong>Υ.</strong></span> <span class='ocrx_word' id='word_1_486' title='bbox 889 3640 956 3694; x_wconf 86' lang='grc' dir='ltr'>Ει</span> <span class='ocrx_word' id='word_1_487' title='bbox 987 3655 1050 3691; x_wconf 94' lang='lat' dir='ltr'><strong>ea</strong></span> <span class='ocrx_word' id='word_1_488' title='bbox 1083 3637 1324 3705; x_wconf 73' lang='lat' dir='ltr'><strong>quidem,</strong></span> <span class='ocrx_word' id='word_1_489' title='bbox 1371 3648 1492 3702; x_wconf 78' lang='lat' dir='ltr'><strong>qua:</strong></span> <span class='ocrx_word' id='word_1_490' title='bbox 1527 3630 1838 3699; x_wconf 85' lang='lat' dir='ltr'><strong>antiquiora</strong></span> <span class='ocrx_word' id='word_1_491' title='bbox 1875 3634 2024 3691; x_wconf 90' lang='lat' dir='ltr'><strong>sunt,</strong></span> <span class='ocrx_word' id='word_1_492' title='bbox 2076 3623 2292 3678; x_wconf 87' lang='lat' dir='ltr'><strong>abunde</strong></span> 
     </span>
    </p>
   </div>
   <div class='ocr_carea' id='block_1_70' title="bbox 717 3724 2290 3790">
    <p class='ocr_par' dir='ltr' id='par_1_70' title="bbox 717 3724 2290 3790">
     <span class='ocr_line' id='line_1_70' title="bbox 717 3724 2290 3790; baseline -0.013 -2"><span class='ocrx_word' id='word_1_493' title='bbox 717 3734 785 3787; x_wconf 82' lang='lat' dir='ltr'><strong>ab</strong></span> <span class='ocrx_word' id='word_1_494' title='bbox 832 3733 957 3787; x_wconf 90' lang='lat' dir='ltr'><strong>aliis</strong></span> <span class='ocrx_word' id='word_1_495' title='bbox 1009 3741 1228 3784; x_wconf 86' lang='lat' dir='ltr'><strong>narrata</strong></span> <span class='ocrx_word' id='word_1_496' title='bbox 1277 3726 1468 3781; x_wconf 90' lang='lat' dir='ltr'><strong>audire</strong></span> <span class='ocrx_word' id='word_1_497' title='bbox 1515 3735 1616 3778; x_wconf 87' lang='lat' dir='ltr'><strong>est.</strong></span> <span class='ocrx_word' id='word_1_498' title='bbox 1658 3724 1766 3790; x_wconf 86' lang='lat' dir='ltr'><strong>Ego</strong></span> <span class='ocrx_word' id='word_1_499' title='bbox 1797 3735 1929 3773; x_wconf 89' lang='lat' dir='ltr'><strong>vero</strong></span> <span class='ocrx_word' id='word_1_500' title='bbox 1967 3733 2028 3772; x_wconf 87' lang='lat' dir='ltr'><strong>ea</strong></span> <span class='ocrx_word' id='word_1_501' title='bbox 2081 3727 2290 3772; x_wconf 90' lang='lat' dir='ltr'><strong>tantum</strong></span> 
     </span>
    </p>
   </div>
   <div class='ocr_carea' id='block_1_71' title="bbox 716 3810 2292 3888">
    <p class='ocr_par' dir='ltr' id='par_1_71' title="bbox 716 3810 2292 3888">
     <span class='ocr_line' id='line_1_71' title="bbox 716 3810 2292 3888; baseline -0.012 -8"><span class='ocrx_word' id='word_1_502' title='bbox 716 3822 1178 3884; x_wconf 80' lang='lat' dir='ltr'><strong>cmnmentorabo,</strong></span> <span class='ocrx_word' id='word_1_503' title='bbox 1225 3835 1347 3888; x_wconf 54' lang='lat' dir='ltr'><strong>quae</strong></span> <span class='ocrx_word' id='word_1_504' title='bbox 1397 3815 1701 3871; x_wconf 90' lang='lat' dir='ltr'><strong>recentiora</strong></span> <span class='ocrx_word' id='word_1_505' title='bbox 1749 3822 1908 3874; x_wconf 86' lang='lat' dir='ltr'><strong>sunt;</strong></span> <span class='ocrx_word' id='word_1_506' title='bbox 1963 3810 2050 3863; x_wconf 90' lang='lat' dir='ltr'><strong>illa</strong></span> <span class='ocrx_word' id='word_1_507' title='bbox 2096 3821 2292 3876; x_wconf 89' lang='lat' dir='ltr'><strong>nempe</strong></span> 
     </span>
    </p>
   </div>
   <div class='ocr_carea' id='block_1_72' title="bbox 716 3902 2293 3985">
    <p class='ocr_par' dir='ltr' id='par_1_72' title="bbox 716 3902 2293 3985">
     <span class='ocr_line' id='line_1_72' title="bbox 716 3902 2293 3985; baseline -0.012 -12"><span class='ocrx_word' id='word_1_508' title='bbox 716 3922 783 3975; x_wconf 79' lang='lat' dir='ltr'><strong>de</strong></span> <span class='ocrx_word' id='word_1_509' title='bbox 821 3915 1062 3985; x_wconf 80' lang='lat' dir='ltr'><strong>Josepho</strong></span> <span class='ocrx_word' id='word_1_510' title='bbox 1092 3911 1362 3975; x_wconf 80' lang='lat' dir='ltr'><strong>Cretensi,</strong></span> <span class='ocrx_word' id='word_1_511' title='bbox 1416 3908 1794 3974; x_wconf 66' lang='lat' dir='ltr'><strong>Larissaaoque</strong></span> <span class='ocrx_word' id='word_1_512' title='bbox 1824 3902 2082 3972; x_wconf 87' lang='lat' dir='ltr'><strong>Georgio,</strong></span> <span class='ocrx_word' id='word_1_513' title='bbox 2132 3910 2293 3955; x_wconf 70' lang='grc' dir='ltr'>οωιθ-</span> 
     </span>
    </p>
   </div>
   <div class='ocr_carea' id='block_1_73' title="bbox 721 3993 2293 4078">
    <p class='ocr_par' dir='ltr' id='par_1_73' title="bbox 721 3993 2293 4078">
     <span class='ocr_line' id='line_1_73' title="bbox 721 3993 2293 4078; baseline -0.013 -13"><span class='ocrx_word' id='word_1_514' title='bbox 721 4010 904 4078; x_wconf 67' lang='grc' dir='ltr'>ι’ἱειιυο</span> <span class='ocrx_word' id='word_1_515' title='bbox 937 4006 1214 4069; x_wconf 89' lang='lat' dir='ltr'><strong>omnibus,</strong></span> <span class='ocrx_word' id='word_1_516' title='bbox 1241 4002 1339 4071; x_wconf 92' lang='lat' dir='ltr'><strong>qui</strong></span> <span class='ocrx_word' id='word_1_517' title='bbox 1371 3999 1693 4055; x_wconf 90' lang='lat' dir='ltr'><strong>eorumdem</strong></span> <span class='ocrx_word' id='word_1_518' title='bbox 1729 3993 2043 4051; x_wconf 71' lang='lat' dir='ltr'><strong>fcedissinize</strong></span> <span class='ocrx_word' id='word_1_519' title='bbox 2089 4006 2293 4046; x_wconf 67' lang='lat' dir='ltr'><strong>mensas</strong></span> 
     </span>
    </p>
   </div>
   <div class='ocr_carea' id='block_1_74' title="bbox 721 4085 2292 4159">
    <p class='ocr_par' dir='ltr' id='par_1_74' title="bbox 721 4085 2292 4159">
     <span class='ocr_line' id='line_1_74' title="bbox 721 4085 2292 4159; baseline -0.012 0"><span class='ocrx_word' id='word_1_520' title='bbox 721 4099 1097 4159; x_wconf 73' lang='lat' dir='ltr'><strong>aecntnbendo</strong></span> <span class='ocrx_word' id='word_1_521' title='bbox 1155 4096 1404 4152; x_wconf 86' lang='lat' dir='ltr'><strong>bacchali</strong></span> <span class='ocrx_word' id='word_1_522' title='bbox 1464 4094 1716 4156; x_wconf 81' lang='lat' dir='ltr'><strong>fuerant,</strong></span> <span class='ocrx_word' id='word_1_523' title='bbox 1784 4097 1972 4158; x_wconf 91' lang='lat' dir='ltr'><strong>utpote</strong></span> <span class='ocrx_word' id='word_1_524' title='bbox 2037 4085 2292 4156; x_wconf 86' lang='lat' dir='ltr'><strong>discipuli</strong></span> 
     </span>
    </p>
   </div>
   <div class='ocr_carea' id='block_1_75' title="bbox 715 4178 2292 4254">
    <p class='ocr_par' dir='ltr' id='par_1_75' title="bbox 715 4178 2292 4254">
     <span class='ocr_line' id='line_1_75' title="bbox 715 4178 2292 4254; baseline -0.011 -9"><span class='ocrx_word' id='word_1_525' title='bbox 715 4190 1105 4249; x_wconf 72' lang='lat' dir='ltr'><strong>abominandis</strong></span> <span class='ocrx_word' id='word_1_526' title='bbox 1137 4187 1406 4241; x_wconf 85' lang='lat' dir='ltr'><strong>institutis</strong></span> <span class='ocrx_word' id='word_1_527' title='bbox 1438 4181 1822 4254; x_wconf 89' lang='lat' dir='ltr'><strong>mysteriisque</strong></span> <span class='ocrx_word' id='word_1_528' title='bbox 1858 4178 2060 4233; x_wconf 86' lang='lat' dir='ltr'><strong>initiati</strong></span> <span class='ocrx_word' id='word_1_529' title='bbox 2096 4192 2126 4230; x_wconf 90' lang='lat' dir='ltr'><strong>a</strong></span> <span class='ocrx_word' id='word_1_530' title='bbox 2156 4192 2292 4245; x_wconf 73' lang='lat' dir='ltr'><strong>pra:-</strong></span> 
     </span>
    </p>
   </div>
   <div class='ocr_carea' id='block_1_76' title="bbox 720 4266 2295 4350">
    <p class='ocr_par' dir='ltr' id='par_1_76' title="bbox 720 4266 2295 4350">
     <span class='ocr_line' id='line_1_76' title="bbox 720 4266 2295 4350; baseline -0.01 -16"><span class='ocrx_word' id='word_1_531' title='bbox 720 4283 1037 4350; x_wconf 72' lang='lat' dir='ltr'><strong>t-eptoribus</strong></span> <span class='ocrx_word' id='word_1_532' title='bbox 1070 4295 1080 4328; x_wconf 92' lang='lat'>:</span> <span class='ocrx_word' id='word_1_533' title='bbox 1120 4288 1232 4331; x_wconf 92' lang='lat' dir='ltr'><strong>tum</strong></span> <span class='ocrx_word' id='word_1_534' title='bbox 1266 4277 1353 4330; x_wconf 89' lang='lat' dir='ltr'><strong>illa</strong></span> <span class='ocrx_word' id='word_1_535' title='bbox 1383 4285 1643 4345; x_wconf 69' lang='lat' dir='ltr'><strong>praeterea</strong></span> <span class='ocrx_word' id='word_1_536' title='bbox 1681 4273 1747 4325; x_wconf 89' lang='lat' dir='ltr'><strong>de</strong></span> <span class='ocrx_word' id='word_1_537' title='bbox 1787 4271 1994 4340; x_wconf 91' lang='lat' dir='ltr'><strong>pictore</strong></span> <span class='ocrx_word' id='word_1_538' title='bbox 2025 4268 2190 4331; x_wconf 85' lang='lat' dir='ltr'><strong>Mose,</strong></span> <span class='ocrx_word' id='word_1_539' title='bbox 2226 4266 2295 4320; x_wconf 88' lang='lat' dir='ltr'><strong>de</strong></span> 
     </span>
    </p>
   </div>
   <div class='ocr_carea' id='block_1_77' title="bbox 722 4361 2293 4435">
    <p class='ocr_par' dir='ltr' id='par_1_77' title="bbox 722 4361 2293 4435">
     <span class='ocr_line' id='line_1_77' title="bbox 722 4361 2293 4435; baseline -0.013 -4"><span class='ocrx_word' id='word_1_540' title='bbox 722 4376 923 4435; x_wconf 56' lang='grc' dir='ltr'><strong>[πέψω.</strong></span> <span class='ocrx_word' id='word_1_541' title='bbox 985 4372 1208 4434; x_wconf 76' lang='lat' dir='ltr'><strong>Davidc,</strong></span> <span class='ocrx_word' id='word_1_542' title='bbox 1261 4369 1412 4433; x_wconf 86' lang='lat' dir='ltr'><strong>lobo,</strong></span> <span class='ocrx_word' id='word_1_543' title='bbox 1465 4378 1521 4421; x_wconf 87' lang='lat' dir='ltr'><strong>ct</strong></span> <span class='ocrx_word' id='word_1_544' title='bbox 1575 4367 1890 4435; x_wconf 91' lang='lat' dir='ltr'><strong>quicunque</strong></span> <span class='ocrx_word' id='word_1_545' title='bbox 1941 4363 2032 4416; x_wconf 84' lang='lat' dir='ltr'><strong>alii</strong></span> <span class='ocrx_word' id='word_1_546' title='bbox 2090 4361 2293 4428; x_wconf 86' lang='lat' dir='ltr'><strong>iingua,</strong></span> 
     </span>
    </p>
   </div>
   <div class='ocr_carea' id='block_1_78' title="bbox 721 4455 2290 4530">
    <p class='ocr_par' dir='ltr' id='par_1_78' title="bbox 721 4455 2290 4530">
     <span class='ocr_line' id='line_1_78' title="bbox 721 4455 2290 4530; baseline -0.01 -12"><span class='ocrx_word' id='word_1_547' title='bbox 721 4468 1012 4527; x_wconf 72' lang='lat' dir='ltr'><strong>sententia,</strong></span> <span class='ocrx_word' id='word_1_548' title='bbox 1048 4477 1100 4518; x_wconf 92' lang='lat' dir='ltr'><strong>et</strong></span> <span class='ocrx_word' id='word_1_549' title='bbox 1124 4479 1290 4517; x_wconf 86' lang='lat' dir='ltr'><strong>manu</strong></span> <span class='ocrx_word' id='word_1_550' title='bbox 1329 4461 1537 4530; x_wconf 81' lang='lat' dir='ltr'><strong>profani</strong></span> <span class='ocrx_word' id='word_1_551' title='bbox 1575 4475 1697 4512; x_wconf 91' lang='lat' dir='ltr'><strong>cum</strong></span> <span class='ocrx_word' id='word_1_552' title='bbox 1729 4466 1934 4519; x_wconf 85' lang='lat' dir='ltr'><strong>essent,</strong></span> <span class='ocrx_word' id='word_1_553' title='bbox 1959 4455 2290 4523; x_wconf 90' lang='lat' dir='ltr'><strong>optimorum</strong></span> 
     </span>
    </p>
   </div>
   <div class='ocr_carea' id='block_1_79' title="bbox 2393 3264 3965 3349">
    <p class='ocr_par' dir='ltr' id='par_1_79' title="bbox 2393 3264 3965 3349">
     <span class='ocr_line' id='line_1_79' title="bbox 2393 3264 3965 3349; baseline -0.013 -15"><span class='ocrx_word' id='word_1_554' title='bbox 2393 3283 2543 3342; x_wconf 85' lang='grc' dir='ltr'>ὃλαις</span> <span class='ocrx_word' id='word_1_555' title='bbox 2573 3280 2761 3349; x_wconf 76' lang='grc' dir='ltr'>χερσὶν</span> <span class='ocrx_word' id='word_1_556' title='bbox 2795 3275 3072 3340; x_wconf 70' lang='grc' dir='ltr'>ἐξελαύνει</span> <span class='ocrx_word' id='word_1_557' title='bbox 3105 3275 3200 3327; x_wconf 74' lang='grc' dir='ltr'><strong>καὶ</strong></span> <span class='ocrx_word' id='word_1_558' title='bbox 3230 3271 3532 3324; x_wconf 79' lang='grc' dir='ltr'>ἀπωθεῖται</span> <span class='ocrx_word' id='word_1_559' title='bbox 3571 3270 3670 3335; x_wconf 78' lang='grc' dir='ltr'>τὴν</span> <span class='ocrx_word' id='word_1_560' title='bbox 3696 3265 3806 3318; x_wconf 82' lang='grc' dir='ltr'>τῶν</span> <span class='ocrx_word' id='word_1_561' title='bbox 3841 3264 3965 3316; x_wconf 81' lang='grc' dir='ltr'>ὕπο-</span> 
     </span>
    </p>
   </div>
   <div class='ocr_carea' id='block_1_80' title="bbox 2393 3364 3374 3442">
    <p class='ocr_par' dir='ltr' id='par_1_80' title="bbox 2393 3364 3374 3442">
     <span class='ocr_line' id='line_1_80' title="bbox 2393 3364 3374 3442; baseline -0.011 -16"><span class='ocrx_word' id='word_1_562' title='bbox 2393 3372 2596 3442; x_wconf 83' lang='grc' dir='ltr'>κριτῶν</span> <span class='ocrx_word' id='word_1_563' title='bbox 2631 3371 2726 3423; x_wconf 68' lang='grc' dir='ltr'>καὶ</span> <span class='ocrx_word' id='word_1_564' title='bbox 2753 3368 2998 3438; x_wconf 77' lang='grc' dir='ltr'>βεϐήλων</span> <span class='ocrx_word' id='word_1_565' title='bbox 3041 3364 3374 3434; x_wconf 81' lang='grc' dir='ltr'>συνοίκησιν.</span> 
     </span>
    </p>
   </div>
   <div class='ocr_carea' id='block_1_81' title="bbox 2465 3630 3983 3704">
    <p class='ocr_par' dir='ltr' id='par_1_81' title="bbox 2465 3630 3983 3704">
     <span class='ocr_line' id='line_1_81' title="bbox 2465 3630 3983 3704; baseline -0.01 -12"><span class='ocrx_word' id='word_1_566' title='bbox 2465 3639 2539 3693; x_wconf 84' lang='grc' dir='ltr'><strong>Ε⁹.</strong></span> <span class='ocrx_word' id='word_1_567' title='bbox 2583 3637 2694 3690; x_wconf 69' lang='grc' dir='ltr'><strong>Καὶ</strong></span> <span class='ocrx_word' id='word_1_568' title='bbox 2746 3636 2816 3687; x_wconf 72' lang='grc' dir='ltr'>τὰ</span> <span class='ocrx_word' id='word_1_569' title='bbox 2863 3634 2960 3704; x_wconf 83' lang='grc' dir='ltr'>μὲν</span> <span class='ocrx_word' id='word_1_570' title='bbox 3020 3632 3353 3703; x_wconf 76' lang='grc' dir='ltr'>ἀρχαιότερα</span> <span class='ocrx_word' id='word_1_571' title='bbox 3401 3630 3778 3700; x_wconf 74' lang='grc' dir='ltr'>διηγουμένων</span> <span class='ocrx_word' id='word_1_572' title='bbox 3831 3630 3983 3678; x_wconf 76' lang='grc' dir='ltr'>ἐστὶν</span> 
     </span>
    </p>
   </div>
   <div class='ocr_carea' id='block_1_82' title="bbox 2393 3721 3982 3800">
    <p class='ocr_par' dir='ltr' id='par_1_82' title="bbox 2393 3721 3982 3800">
     <span class='ocr_line' id='line_1_82' title="bbox 2393 3721 3982 3800; baseline -0.012 -14"><span class='ocrx_word' id='word_1_573' title='bbox 2393 3732 2595 3800; x_wconf 82' lang='grc' dir='ltr'>ἐτέρων</span> <span class='ocrx_word' id='word_1_574' title='bbox 2629 3727 2846 3781; x_wconf 80' lang='grc' dir='ltr'>ἀκούειν</span> <span class='ocrx_word' id='word_1_575' title='bbox 2877 3725 3186 3794; x_wconf 76' lang='grc' dir='ltr'>αὐτάρκως.</span> <span class='ocrx_word' id='word_1_576' title='bbox 3238 3724 3378 3792; x_wconf 85' lang='grc' dir='ltr'><strong>Ἐγὼ</strong></span> <span class='ocrx_word' id='word_1_577' title='bbox 3400 3723 3456 3775; x_wconf 88' lang='grc' dir='ltr'><strong>δέ</strong></span> <span class='ocrx_word' id='word_1_578' title='bbox 3479 3723 3549 3774; x_wconf 71' lang='grc' dir='ltr'>τὰ</span> <span class='ocrx_word' id='word_1_579' title='bbox 3572 3721 3763 3774; x_wconf 75' lang='grc' dir='ltr'>νεωστὶ</span> <span class='ocrx_word' id='word_1_580' title='bbox 3788 3721 3982 3788; x_wconf 74' lang='grc' dir='ltr'>διηγή-</span> 
     </span>
    </p>
   </div>
   <div class='ocr_carea' id='block_1_83' title="bbox 2396 3813 3974 3894">
    <p class='ocr_par' dir='ltr' id='par_1_83' title="bbox 2396 3813 3974 3894">
     <span class='ocr_line' id='line_1_83' title="bbox 2396 3813 3974 3894; baseline -0.011 -16"><span class='ocrx_word' id='word_1_581' title='bbox 2396 3841 2585 3894; x_wconf 86' lang='grc' dir='ltr'>σομαι,</span> <span class='ocrx_word' id='word_1_582' title='bbox 2621 3823 2688 3874; x_wconf 73' lang='grc' dir='ltr'>τὰ</span> <span class='ocrx_word' id='word_1_583' title='bbox 2725 3820 2852 3889; x_wconf 65' lang='grc' dir='ltr'>περὶ</span> <span class='ocrx_word' id='word_1_584' title='bbox 2903 3819 2996 3870; x_wconf 71' lang='grc' dir='ltr'>τὸν</span> <span class='ocrx_word' id='word_1_585' title='bbox 3053 3818 3242 3887; x_wconf 67' lang='grc' dir='ltr'>Κρῆτα</span> <span class='ocrx_word' id='word_1_586' title='bbox 3294 3833 3436 3884; x_wconf 77' lang='grc' dir='ltr'>φημι</span> <span class='ocrx_word' id='word_1_587' title='bbox 3489 3815 3687 3882; x_wconf 74' lang='grc' dir='ltr'>Ἰωσὴφ</span> <span class='ocrx_word' id='word_1_588' title='bbox 3730 3815 3824 3864; x_wconf 74' lang='grc' dir='ltr'>καὶ</span> <span class='ocrx_word' id='word_1_589' title='bbox 3880 3813 3974 3862; x_wconf 65' lang='grc' dir='ltr'>τὸν</span> 
     </span>
    </p>
   </div>
   <div class='ocr_carea' id='block_1_84' title="bbox 2395 3910 3982 3987">
    <p class='ocr_par' dir='ltr' id='par_1_84' title="bbox 2395 3910 3982 3987">
     <span class='ocr_line' id='line_1_84' title="bbox 2395 3910 3982 3987; baseline -0.009 -15"><span class='ocrx_word' id='word_1_590' title='bbox 2395 3917 2676 3987; x_wconf 85' lang='grc' dir='ltr'>Λαρισσέα</span> <span class='ocrx_word' id='word_1_591' title='bbox 2711 3913 3006 3980; x_wconf 87' lang='grc' dir='ltr'>Γεώργιον,</span> <span class='ocrx_word' id='word_1_592' title='bbox 3041 3913 3133 3964; x_wconf 75' lang='grc' dir='ltr'>καὶ</span> <span class='ocrx_word' id='word_1_593' title='bbox 3160 3912 3273 3962; x_wconf 83' lang='grc' dir='ltr'>ὅσοι</span> <span class='ocrx_word' id='word_1_594' title='bbox 3301 3912 3428 3978; x_wconf 57' lang='grc' dir='ltr'><strong>περ)⁹</strong></span> <span class='ocrx_word' id='word_1_595' title='bbox 3451 3911 3548 3976; x_wconf 78' lang='grc' dir='ltr'>τὴν</span> <span class='ocrx_word' id='word_1_596' title='bbox 3583 3910 3732 3975; x_wconf 80' lang='grc' dir='ltr'>σφῶν</span> <span class='ocrx_word' id='word_1_597' title='bbox 3767 3917 3982 3974; x_wconf 67' lang='grc' dir='ltr'>μιαραν</span> 
     </span>
    </p>
   </div>
   <div class='ocr_carea' id='block_1_85' title="bbox 2396 3999 3981 4079">
    <p class='ocr_par' dir='ltr' id='par_1_85' title="bbox 2396 3999 3981 4079">
     <span class='ocr_line' id='line_1_85' title="bbox 2396 3999 3981 4079; baseline -0.008 -17"><span class='ocrx_word' id='word_1_598' title='bbox 2396 4010 2737 4079; x_wconf 78' lang='grc' dir='ltr'>ἐϐάκχευσαν</span> <span class='ocrx_word' id='word_1_599' title='bbox 2779 4002 3080 4076; x_wconf 72' lang='grc' dir='ltr'>τράπεζαν,</span> <span class='ocrx_word' id='word_1_600' title='bbox 3123 4003 3222 4056; x_wconf 76' lang='grc' dir='ltr'><strong>ὅσα</strong></span> <span class='ocrx_word' id='word_1_601' title='bbox 3263 4003 3326 4070; x_wconf 83' lang='grc' dir='ltr'><strong>δὴ</strong></span> <span class='ocrx_word' id='word_1_602' title='bbox 3381 4003 3473 4054; x_wconf 77' lang='grc' dir='ltr'>καὶ</span> <span class='ocrx_word' id='word_1_603' title='bbox 3525 3999 3783 4068; x_wconf 60' lang='grc' dir='ltr'>φοιτηταί</span> <span class='ocrx_word' id='word_1_604' title='bbox 3842 4000 3981 4066; x_wconf 77' lang='grc' dir='ltr'>πρὸς</span> 
     </span>
    </p>
   </div>
   <div class='ocr_carea' id='block_1_86' title="bbox 2395 4091 3982 4166">
    <p class='ocr_par' dir='ltr' id='par_1_86' title="bbox 2395 4091 3982 4166">
     <span class='ocr_line' id='line_1_86' title="bbox 2395 4091 3982 4166; baseline -0.009 -10"><span class='ocrx_word' id='word_1_605' title='bbox 2395 4098 2734 4157; x_wconf 81' lang='grc' dir='ltr'>διδασκάλων</span> <span class='ocrx_word' id='word_1_606' title='bbox 2760 4100 2827 4150; x_wconf 87' lang='grc' dir='ltr'><strong>τά</strong></span> <span class='ocrx_word' id='word_1_607' title='bbox 2873 4097 3092 4166; x_wconf 83' lang='grc' dir='ltr'>μυσαρά</span> <span class='ocrx_word' id='word_1_608' title='bbox 3125 4093 3652 4164; x_wconf 86' lang='grc' dir='ltr'>μυσταγωγούμενοι</span> <span class='ocrx_word' id='word_1_609' title='bbox 3687 4091 3945 4158; x_wconf 71' lang='grc' dir='ltr'>δόγματα</span> <span class='ocrx_word' id='word_1_610' title='bbox 3971 4105 3982 4118; x_wconf 92' lang='grc'>·</span> 
     </span>
    </p>
   </div>
   <div class='ocr_carea' id='block_1_87' title="bbox 2395 4182 3987 4258">
    <p class='ocr_par' dir='ltr' id='par_1_87' title="bbox 2395 4182 3987 4258">
     <span class='ocr_line' id='line_1_87' title="bbox 2395 4182 3987 4258; baseline -0.01 -12"><span class='ocrx_word' id='word_1_611' title='bbox 2395 4193 2473 4246; x_wconf 73' lang='grc' dir='ltr'><strong>ἔτι</strong></span> <span class='ocrx_word' id='word_1_612' title='bbox 2506 4209 2563 4245; x_wconf 85' lang='grc' dir='ltr'><strong>τε</strong></span> <span class='ocrx_word' id='word_1_613' title='bbox 2596 4190 2663 4244; x_wconf 84' lang='grc' dir='ltr'><strong>τά</strong></span> <span class='ocrx_word' id='word_1_614' title='bbox 2688 4191 2814 4258; x_wconf 79' lang='grc' dir='ltr'><strong>περῖ</strong></span> <span class='ocrx_word' id='word_1_615' title='bbox 2847 4189 3051 4243; x_wconf 82' lang='grc' dir='ltr'>Μωσέα</span> <span class='ocrx_word' id='word_1_616' title='bbox 3082 4186 3172 4238; x_wconf 72' lang='grc' dir='ltr'>τὸν</span> <span class='ocrx_word' id='word_1_617' title='bbox 3208 4185 3501 4254; x_wconf 75' lang='grc' dir='ltr'>ζωγράφον</span> <span class='ocrx_word' id='word_1_618' title='bbox 3535 4185 3628 4236; x_wconf 69' lang='grc' dir='ltr'>καὶ</span> <span class='ocrx_word' id='word_1_619' title='bbox 3663 4182 3851 4237; x_wconf 66' lang='grc' dir='ltr'>Ἰσαὰκ</span> <span class='ocrx_word' id='word_1_620' title='bbox 3889 4183 3987 4232; x_wconf 68' lang='grc' dir='ltr'>καὶ</span> 
     </span>
    </p>
   </div>
   <div class='ocr_carea' id='block_1_88' title="bbox 2394 4273 3987 4345">
    <p class='ocr_par' dir='ltr' id='par_1_88' title="bbox 2394 4273 3987 4345">
     <span class='ocr_line' id='line_1_88' title="bbox 2394 4273 3987 4345; baseline -0.008 -10"><span class='ocrx_word' id='word_1_621' title='bbox 2394 4283 2560 4336; x_wconf 64' lang='lat' dir='ltr'><strong>saeta</strong></span> <span class='ocrx_word' id='word_1_622' title='bbox 2579 4281 2671 4334; x_wconf 72' lang='grc' dir='ltr'><strong>καὶ</strong></span> <span class='ocrx_word' id='word_1_623' title='bbox 2697 4279 2839 4341; x_wconf 77' lang='grc' dir='ltr'>Ἰὼϐ,</span> <span class='ocrx_word' id='word_1_624' title='bbox 2857 4281 2953 4331; x_wconf 71' lang='grc' dir='ltr'>καὶ</span> <span class='ocrx_word' id='word_1_625' title='bbox 2972 4279 3084 4330; x_wconf 86' lang='grc' dir='ltr'>ὅσοι</span> <span class='ocrx_word' id='word_1_626' title='bbox 3109 4275 3600 4345; x_wconf 69' lang='grc' dir='ltr'>βεϐήλουςὲχοντες</span> <span class='ocrx_word' id='word_1_627' title='bbox 3625 4275 3864 4340; x_wconf 74' lang='grc' dir='ltr'>πάμπαν</span> <span class='ocrx_word' id='word_1_628' title='bbox 3890 4273 3987 4323; x_wconf 71' lang='grc' dir='ltr'>καὶ</span> 
     </span>
    </p>
   </div>
   <div class='ocr_carea' id='block_1_89' title="bbox 2396 4365 3988 4443">
    <p class='ocr_par' dir='ltr' id='par_1_89' title="bbox 2396 4365 3988 4443">
     <span class='ocr_line' id='line_1_89' title="bbox 2396 4365 3988 4443; baseline -0.01 -16"><span class='ocrx_word' id='word_1_629' title='bbox 2396 4373 2638 4443; x_wconf 77' lang='grc' dir='ltr'>γλώττας</span> <span class='ocrx_word' id='word_1_630' title='bbox 2663 4372 2757 4424; x_wconf 72' lang='grc' dir='ltr'>καὶ</span> <span class='ocrx_word' id='word_1_631' title='bbox 2787 4369 3010 4439; x_wconf 83' lang='grc' dir='ltr'>γνώμας</span> <span class='ocrx_word' id='word_1_632' title='bbox 3061 4370 3153 4420; x_wconf 72' lang='grc' dir='ltr'>καὶ</span> <span class='ocrx_word' id='word_1_633' title='bbox 3188 4373 3376 4436; x_wconf 74' lang='grc' dir='ltr'>χεῖρας</span> <span class='ocrx_word' id='word_1_634' title='bbox 3405 4367 3634 4433; x_wconf 80' lang='grc' dir='ltr'>ὀνόμασι</span> <span class='ocrx_word' id='word_1_635' title='bbox 3685 4365 3988 4430; x_wconf 76' lang='grc' dir='ltr'>βελτίστων</span> 
     </span>
    </p>
   </div>
   <div class='ocr_carea' id='block_1_90' title="bbox 2397 4457 3987 4535">
    <p class='ocr_par' dir='ltr' id='par_1_90' title="bbox 2397 4457 3987 4535">
     <span class='ocr_line' id='line_1_90' title="bbox 2397 4457 3987 4535; baseline -0.008 -16"><span class='ocrx_word' id='word_1_636' title='bbox 2397 4465 2626 4535; x_wconf 79' lang='grc' dir='ltr'>ἀνδρῶν,</span> <span class='ocrx_word' id='word_1_637' title='bbox 2673 4463 2769 4517; x_wconf 75' lang='grc' dir='ltr'><strong>καὶ</strong></span> <span class='ocrx_word' id='word_1_638' title='bbox 2799 4462 3146 4533; x_wconf 76' lang='grc' dir='ltr'>περιϐοήτων</span> <span class='ocrx_word' id='word_1_639' title='bbox 3191 4460 3290 4528; x_wconf 81' lang='grc' dir='ltr'>τὴν</span> <span class='ocrx_word' id='word_1_640' title='bbox 3335 4461 3563 4526; x_wconf 76' lang='grc' dir='ltr'>ἀρετὴν,</span> <span class='ocrx_word' id='word_1_641' title='bbox 3600 4457 3987 4524; x_wconf 73' lang='grc' dir='ltr'>περιστέλλειν</span> 
     </span>
    </p>
   </div>
   <div class='ocr_carea' id='block_1_91' title="bbox 721 4545 2396 4625">
    <p class='ocr_par' dir='ltr' id='par_1_91' title="bbox 721 4545 2371 4612">
     <span class='ocr_line' id='line_1_91' title="bbox 721 4545 2371 4612; baseline -0.008 -2"><span class='ocrx_word' id='word_1_642' title='bbox 721 4569 776 4612; x_wconf 78' lang='lat' dir='ltr'><strong>et</strong></span> <span class='ocrx_word' id='word_1_643' title='bbox 829 4557 1048 4610; x_wconf 85' lang='lat' dir='ltr'><strong>virtutis</strong></span> <span class='ocrx_word' id='word_1_644' title='bbox 1107 4555 1251 4609; x_wconf 82' lang='lat' dir='ltr'><strong>fama</strong></span> <span class='ocrx_word' id='word_1_645' title='bbox 1315 4552 1608 4606; x_wconf 83' lang='lat' dir='ltr'><strong>illustrium</strong></span> <span class='ocrx_word' id='word_1_646' title='bbox 1663 4551 1907 4602; x_wconf 79' lang='lat' dir='ltr'><strong>virorum</strong></span> <span class='ocrx_word' id='word_1_647' title='bbox 1973 4545 2291 4599; x_wconf 89' lang='lat' dir='ltr'><strong>nominibus</strong></span> <span class='ocrx_word' id='word_1_648' title='bbox 2327 4556 2371 4612; x_wconf 80' lang='grc' dir='ltr'>ι)</span> 
     </span>
    </p>
   </div>
   <div class='ocr_carea' id='block_1_92' title="bbox 2315 4545 3990 4625">
    <p class='ocr_par' dir='ltr' id='par_1_92' title="bbox 2327 4549 3990 4625">
     <span class='ocr_line' id='line_1_92' title="bbox 2327 4549 3990 4625; baseline -0.009 -13"><span class='ocrx_word' id='word_1_649' title='bbox 2327 4556 2835 4625; x_wconf 70' lang='grc' dir='ltr'>υέπονηρεύσέῑντο</span> <span class='ocrx_word' id='word_1_650' title='bbox 2894 4554 2994 4620; x_wconf 82' lang='grc' dir='ltr'>τὴν</span> <span class='ocrx_word' id='word_1_651' title='bbox 3046 4552 3338 4620; x_wconf 82' lang='grc' dir='ltr'>ἐνδόμυχον</span> <span class='ocrx_word' id='word_1_652' title='bbox 3397 4549 3656 4602; x_wconf 78' lang='grc' dir='ltr'>ἀπόνοιαν</span> <span class='ocrx_word' id='word_1_653' title='bbox 3709 4549 3810 4599; x_wconf 72' lang='grc' dir='ltr'>καὶ</span> <span class='ocrx_word' id='word_1_654' title='bbox 3848 4549 3990 4598; x_wconf 73' lang='grc' dir='ltr'>ἀσέ-</span> 
     </span>
    </p>
   </div>
   <div class='ocr_carea' id='block_1_93' title="bbox 720 4638 2292 4708">
    <p class='ocr_par' dir='ltr' id='par_1_93' title="bbox 720 4638 2292 4708">
     <span class='ocr_line' id='line_1_93' title="bbox 720 4638 2292 4708; baseline -0.008 -8"><span class='ocrx_word' id='word_1_655' title='bbox 720 4653 975 4702; x_wconf 70' lang='lat' dir='ltr'><strong>tati-mem</strong></span> <span class='ocrx_word' id='word_1_656' title='bbox 1027 4648 1080 4699; x_wconf 87' lang='lat' dir='ltr'><strong>in</strong></span> <span class='ocrx_word' id='word_1_657' title='bbox 1129 4651 1312 4699; x_wconf 87' lang='lat' dir='ltr'><strong>animo</strong></span> <span class='ocrx_word' id='word_1_658' title='bbox 1362 4645 1692 4698; x_wconf 88' lang='lat' dir='ltr'><strong>dementiam</strong></span> <span class='ocrx_word' id='word_1_659' title='bbox 1739 4654 1902 4708; x_wconf 89' lang='lat' dir='ltr'><strong>atque</strong></span> <span class='ocrx_word' id='word_1_660' title='bbox 1957 4638 2292 4705; x_wconf 87' lang='lat' dir='ltr'><strong>impietatem</strong></span> 
     </span>
    </p>
   </div>
   <div class='ocr_carea' id='block_1_94' title="bbox 724 4730 2293 4800">
    <p class='ocr_par' dir='ltr' id='par_1_94' title="bbox 724 4730 2293 4800">
     <span class='ocr_line' id='line_1_94' title="bbox 724 4730 2293 4800; baseline -0.009 -6"><span class='ocrx_word' id='word_1_661' title='bbox 724 4743 863 4794; x_wconf 87' lang='lat' dir='ltr'><strong>male</strong></span> <span class='ocrx_word' id='word_1_662' title='bbox 884 4751 936 4792; x_wconf 84' lang='lat' dir='ltr'><strong>et</strong></span> <span class='ocrx_word' id='word_1_663' title='bbox 966 4739 1346 4791; x_wconf 80' lang='lat' dir='ltr'><strong>fraudulenter</strong></span> <span class='ocrx_word' id='word_1_664' title='bbox 1374 4734 1662 4798; x_wconf 85' lang='lat' dir='ltr'><strong>velabant;</strong></span> <span class='ocrx_word' id='word_1_665' title='bbox 1699 4732 2077 4800; x_wconf 85' lang='lat' dir='ltr'><strong>sepulcrorum</strong></span> <span class='ocrx_word' id='word_1_666' title='bbox 2102 4730 2293 4791; x_wconf 85' lang='lat' dir='ltr'><strong>instar,</strong></span> 
     </span>
    </p>
   </div>
   <div class='ocr_carea' id='block_1_95' title="bbox 724 4823 2299 4900">
    <p class='ocr_par' dir='ltr' id='par_1_95' title="bbox 724 4823 2299 4900">
     <span class='ocr_line' id='line_1_95' title="bbox 724 4823 2299 4900; baseline -0.01 -13"><span class='ocrx_word' id='word_1_667' title='bbox 724 4845 846 4900; x_wconf 64' lang='lat' dir='ltr'><strong>quae</strong></span> <span class='ocrx_word' id='word_1_668' title='bbox 874 4835 1210 4885; x_wconf 76' lang='lat' dir='ltr'><strong>teterrimum</strong></span> <span class='ocrx_word' id='word_1_669' title='bbox 1259 4832 1405 4881; x_wconf 90' lang='lat' dir='ltr'><strong>intus</strong></span> <span class='ocrx_word' id='word_1_670' title='bbox 1435 4827 1659 4880; x_wconf 85' lang='lat' dir='ltr'><strong>odorem</strong></span> <span class='ocrx_word' id='word_1_671' title='bbox 1702 4823 1966 4893; x_wconf 89' lang='lat' dir='ltr'><strong>spirantia</strong></span> <span class='ocrx_word' id='word_1_672' title='bbox 1998 4837 2165 4892; x_wconf 82' lang='lat' dir='ltr'><strong>gypso</strong></span> <span class='ocrx_word' id='word_1_673' title='bbox 2196 4836 2299 4872; x_wconf 82' lang='lat' dir='ltr'><strong>au-</strong></span> 
     </span>
    </p>
   </div>
   <div class='ocr_carea' id='block_1_96' title="bbox 728 4912 2293 4992">
    <p class='ocr_par' dir='ltr' id='par_1_96' title="bbox 728 4912 2293 4992">
     <span class='ocr_line' id='line_1_96' title="bbox 728 4912 2293 4992; baseline -0.008 -14"><span class='ocrx_word' id='word_1_674' title='bbox 728 4939 894 4992; x_wconf 84' lang='lat' dir='ltr'><strong>mque</strong></span> <span class='ocrx_word' id='word_1_675' title='bbox 942 4923 1287 4976; x_wconf 77' lang='lat' dir='ltr'><strong>extrinsecus</strong></span> <span class='ocrx_word' id='word_1_676' title='bbox 1339 4930 1628 4972; x_wconf 87' lang='lat' dir='ltr'><strong>ornantur.</strong></span> <span class='ocrx_word' id='word_1_677' title='bbox 1693 4917 1933 4970; x_wconf 89' lang='lat' dir='ltr'><strong>lnduunt</strong></span> <span class='ocrx_word' id='word_1_678' title='bbox 1983 4915 2126 4967; x_wconf 90' lang='lat' dir='ltr'><strong>enim</strong></span> <span class='ocrx_word' id='word_1_679' title='bbox 2193 4912 2293 4981; x_wconf 89' lang='lat' dir='ltr'><strong>ipsi</strong></span> 
     </span>
    </p>
   </div>
   <div class='ocr_carea' id='block_1_97' title="bbox 723 5004 2294 5084">
    <p class='ocr_par' dir='ltr' id='par_1_97' title="bbox 723 5004 2294 5084">
     <span class='ocr_line' id='line_1_97' title="bbox 723 5004 2294 5084; baseline -0.008 -15"><span class='ocrx_word' id='word_1_680' title='bbox 723 5030 946 5084; x_wconf 85' lang='lat' dir='ltr'><strong>quoque</strong></span> <span class='ocrx_word' id='word_1_681' title='bbox 987 5014 1225 5082; x_wconf 68' lang='lat' dir='ltr'><strong>speciem</strong></span> <span class='ocrx_word' id='word_1_682' title='bbox 1256 5023 1310 5066; x_wconf 89' lang='lat' dir='ltr'><strong>et</strong></span> <span class='ocrx_word' id='word_1_683' title='bbox 1347 5026 1547 5063; x_wconf 87' lang='lat' dir='ltr'><strong>nomen</strong></span> <span class='ocrx_word' id='word_1_684' title='bbox 1592 5009 2065 5062; x_wconf 84' lang='lat' dir='ltr'><strong>sanctissimorum</strong></span> <span class='ocrx_word' id='word_1_685' title='bbox 2117 5004 2294 5079; x_wconf 41' lang='lat' dir='ltr'><strong>humi:</strong></span> 
     </span>
    </p>
   </div>
   <div class='ocr_carea' id='block_1_98' title="bbox 725 5097 2296 5169">
    <p class='ocr_par' dir='ltr' id='par_1_98' title="bbox 725 5097 2296 5169">
     <span class='ocr_line' id='line_1_98' title="bbox 725 5097 2296 5169; baseline -0.006 -10"><span class='ocrx_word' id='word_1_686' title='bbox 725 5123 880 5169; x_wconf 83' lang='lat' dir='ltr'><strong>tium,</strong></span> <span class='ocrx_word' id='word_1_687' title='bbox 925 5115 980 5157; x_wconf 92' lang='lat' dir='ltr'><strong>et</strong></span> <span class='ocrx_word' id='word_1_688' title='bbox 1032 5104 1254 5157; x_wconf 74' lang='lat' dir='ltr'><strong>virtutis</strong></span> <span class='ocrx_word' id='word_1_689' title='bbox 1309 5102 1470 5155; x_wconf 85' lang='lat' dir='ltr'><strong>laude</strong></span> <span class='ocrx_word' id='word_1_690' title='bbox 1522 5102 1841 5169; x_wconf 78' lang='lat' dir='ltr'><strong>insignium,</strong></span> <span class='ocrx_word' id='word_1_691' title='bbox 1877 5110 1936 5152; x_wconf 91' lang='lat' dir='ltr'><strong>ut</strong></span> <span class='ocrx_word' id='word_1_692' title='bbox 1995 5098 2069 5150; x_wconf 91' lang='lat' dir='ltr'><strong>illi</strong></span> <span class='ocrx_word' id='word_1_693' title='bbox 2117 5097 2296 5150; x_wconf 89' lang='lat' dir='ltr'><strong>scenis</strong></span> 
     </span>
    </p>
   </div>
   <div class='ocr_carea' id='block_1_99' title="bbox 722 5193 2297 5268">
    <p class='ocr_par' dir='ltr' id='par_1_99' title="bbox 722 5193 2297 5268">
     <span class='ocr_line' id='line_1_99' title="bbox 722 5193 2297 5268; baseline -0.006 -16"><span class='ocrx_word' id='word_1_694' title='bbox 722 5198 910 5268; x_wconf 78' lang='lat' dir='ltr'><strong>agitati</strong></span> <span class='ocrx_word' id='word_1_695' title='bbox 942 5197 1148 5252; x_wconf 74' lang='lat' dir='ltr'><strong>Oresta:</strong></span> <span class='ocrx_word' id='word_1_696' title='bbox 1177 5207 1233 5249; x_wconf 88' lang='lat' dir='ltr'><strong>et</strong></span> <span class='ocrx_word' id='word_1_697' title='bbox 1258 5195 1557 5266; x_wconf 73' lang='lat' dir='ltr'><strong>Pyladte,et</strong></span> <span class='ocrx_word' id='word_1_698' title='bbox 1582 5195 1804 5256; x_wconf 84' lang='lat' dir='ltr'><strong>Thesei,</strong></span> <span class='ocrx_word' id='word_1_699' title='bbox 1829 5204 1882 5247; x_wconf 87' lang='lat' dir='ltr'><strong>et</strong></span> <span class='ocrx_word' id='word_1_700' title='bbox 1910 5193 2159 5258; x_wconf 84' lang='lat' dir='ltr'><strong>PeIOpes,</strong></span> <span class='ocrx_word' id='word_1_701' title='bbox 2188 5206 2297 5259; x_wconf 84' lang='lat' dir='ltr'><strong>quo</strong></span> 
     </span>
    </p>
   </div>
   <div class='ocr_carea' id='block_1_100' title="bbox 724 5284 2296 5360">
    <p class='ocr_par' dir='ltr' id='par_1_100' title="bbox 724 5284 2296 5360">
     <span class='ocr_line' id='line_1_100' title="bbox 724 5284 2296 5360; baseline -0.004 -16"><span class='ocrx_word' id='word_1_702' title='bbox 724 5291 1075 5360; x_wconf 80' lang='lat' dir='ltr'><strong>malignitatis</strong></span> <span class='ocrx_word' id='word_1_703' title='bbox 1105 5303 1217 5344; x_wconf 70' lang='lat' dir='ltr'><strong>sua:</strong></span> <span class='ocrx_word' id='word_1_704' title='bbox 1248 5289 1397 5342; x_wconf 89' lang='lat' dir='ltr'><strong>virus</strong></span> <span class='ocrx_word' id='word_1_705' title='bbox 1424 5289 1634 5342; x_wconf 83' lang='lat' dir='ltr'><strong>occulte</strong></span> <span class='ocrx_word' id='word_1_706' title='bbox 1659 5286 1962 5341; x_wconf 88' lang='lat' dir='ltr'><strong>evomendo</strong></span> <span class='ocrx_word' id='word_1_707' title='bbox 1980 5284 2296 5352; x_wconf 73' lang='lat' dir='ltr'><strong>purioribus</strong></span> 
     </span>
    </p>
   </div>
   <div class='ocr_carea' id='block_1_101' title="bbox 724 5387 1376 5457">
    <p class='ocr_par' dir='ltr' id='par_1_101' title="bbox 724 5387 1376 5457">
     <span class='ocr_line' id='line_1_101' title="bbox 724 5387 1376 5457; baseline -0.002 -20"><span class='ocrx_word' id='word_1_708' title='bbox 724 5387 1036 5457; x_wconf 88' lang='lat' dir='ltr'><strong>quibusque</strong></span> <span class='ocrx_word' id='word_1_709' title='bbox 1066 5393 1376 5454; x_wconf 83' lang='lat' dir='ltr'><strong>aspergant.</strong></span> 
     </span>
    </p>
   </div>
   <div class='ocr_carea' id='block_1_102' title="bbox 799 5472 2298 5541">
    <p class='ocr_par' dir='ltr' id='par_1_102' title="bbox 799 5472 2298 5541">
     <span class='ocr_line' id='line_1_102' title="bbox 799 5472 2298 5541; baseline -0.005 -9"><span class='ocrx_word' id='word_1_710' title='bbox 799 5477 883 5532; x_wconf 83' lang='lat' dir='ltr'><strong>Vl.</strong></span> <span class='ocrx_word' id='word_1_711' title='bbox 931 5477 1148 5528; x_wconf 87' lang='lat' dir='ltr'><strong>Illorum</strong></span> <span class='ocrx_word' id='word_1_712' title='bbox 1175 5490 1308 5530; x_wconf 89' lang='lat' dir='ltr'><strong>sane</strong></span> <span class='ocrx_word' id='word_1_713' title='bbox 1339 5474 1698 5527; x_wconf 87' lang='lat' dir='ltr'><strong>abominanda</strong></span> <span class='ocrx_word' id='word_1_714' title='bbox 1727 5489 1790 5527; x_wconf 91' lang='lat' dir='ltr'><strong>ac</strong></span> <span class='ocrx_word' id='word_1_715' title='bbox 1814 5472 2027 5541; x_wconf 90' lang='lat' dir='ltr'><strong>impura</strong></span> <span class='ocrx_word' id='word_1_716' title='bbox 2067 5480 2298 5524; x_wconf 84' lang='lat' dir='ltr'><strong>testatur</strong></span> 
     </span>
    </p>
   </div>
   <div class='ocr_carea' id='block_1_103' title="bbox 723 5565 2298 5639">
    <p class='ocr_par' dir='ltr' id='par_1_103' title="bbox 723 5565 2298 5639">
     <span class='ocr_line' id='line_1_103' title="bbox 723 5565 2298 5639; baseline -0.006 -12"><span class='ocrx_word' id='word_1_717' title='bbox 723 5586 846 5627; x_wconf 77' lang='lat' dir='ltr'><strong>esse</strong></span> <span class='ocrx_word' id='word_1_718' title='bbox 875 5570 1128 5639; x_wconf 81' lang='lat' dir='ltr'><strong>dogmata</strong></span> <span class='ocrx_word' id='word_1_719' title='bbox 1165 5569 1369 5623; x_wconf 88' lang='lat' dir='ltr'><strong>Tumus</strong></span> <span class='ocrx_word' id='word_1_720' title='bbox 1401 5568 1490 5622; x_wconf 89' lang='lat' dir='ltr'><strong>ille</strong></span> <span class='ocrx_word' id='word_1_721' title='bbox 1519 5569 1585 5622; x_wconf 92' lang='lat' dir='ltr'><strong>de</strong></span> <span class='ocrx_word' id='word_1_722' title='bbox 1607 5582 1797 5622; x_wconf 89' lang='lat' dir='ltr'><strong>eorum</strong></span> <span class='ocrx_word' id='word_1_723' title='bbox 1843 5567 2120 5634; x_wconf 87' lang='lat' dir='ltr'><strong>impietate</strong></span> <span class='ocrx_word' id='word_1_724' title='bbox 2161 5565 2298 5618; x_wconf 83' lang='lat' dir='ltr'><strong>seri-</strong></span> 
     </span>
    </p>
   </div>
   <div class='ocr_carea' id='block_1_104' title="bbox 724 5641 2298 5736">
    <p class='ocr_par' dir='ltr' id='par_1_104' title="bbox 724 5641 2298 5736">
     <span class='ocr_line' id='line_1_104' title="bbox 724 5641 2298 5736; baseline -0.004 -19"><span class='ocrx_word' id='word_1_725' title='bbox 724 5673 872 5736; x_wconf 85' lang='lat' dir='ltr'><strong>ptus,</strong></span> <span class='ocrx_word' id='word_1_726' title='bbox 924 5673 981 5718; x_wconf 88' lang='lat' dir='ltr'><strong>et</strong></span> <span class='ocrx_word' id='word_1_727' title='bbox 1029 5662 1097 5716; x_wconf 86' lang='lat' dir='ltr'><strong>ad</strong></span> <span class='ocrx_word' id='word_1_728' title='bbox 1156 5677 1369 5716; x_wconf 88' lang='lat' dir='ltr'><strong>sacram</strong></span> <span class='ocrx_word' id='word_1_729' title='bbox 1419 5641 2086 5731; x_wconf 46' lang='lat' dir='ltr'><strong>synodunfozantinam</strong></span> <span class='ocrx_word' id='word_1_730' title='bbox 2136 5657 2298 5728; x_wconf 78' lang='lat'><strong>719</strong></span> 
     </span>
    </p>
   </div>
   <div class='ocr_carea' id='block_1_105' title="bbox 725 5747 2296 5811">
    <p class='ocr_par' dir='ltr' id='par_1_105' title="bbox 725 5747 2296 5811">
     <span class='ocr_line' id='line_1_105' title="bbox 725 5747 2296 5811; baseline -0.008 -2"><span class='ocrx_word' id='word_1_731' title='bbox 725 5756 924 5809; x_wconf 85' lang='lat' dir='ltr'><strong>allatus</strong></span> <span class='ocrx_word' id='word_1_732' title='bbox 974 5768 1004 5806; x_wconf 84' lang='lat' dir='ltr'><strong>a</strong></span> <span class='ocrx_word' id='word_1_733' title='bbox 1039 5751 1414 5808; x_wconf 83' lang='lat' dir='ltr'><strong>sanctissimis</strong></span> <span class='ocrx_word' id='word_1_734' title='bbox 1460 5752 1618 5811; x_wconf 84' lang='lat' dir='ltr'><strong>viris,</strong></span> <span class='ocrx_word' id='word_1_735' title='bbox 1670 5763 1907 5803; x_wconf 90' lang='lat' dir='ltr'><strong>montem</strong></span> <span class='ocrx_word' id='word_1_736' title='bbox 1959 5748 2109 5800; x_wconf 90' lang='lat' dir='ltr'><strong>illum</strong></span> <span class='ocrx_word' id='word_1_737' title='bbox 2146 5747 2296 5798; x_wconf 86' lang='lat' dir='ltr'><strong>inco-</strong></span> 
     </span>
    </p>
   </div>
   <div class='ocr_carea' id='block_1_106' title="bbox 723 5839 2296 5912">
    <p class='ocr_par' dir='ltr' id='par_1_106' title="bbox 723 5839 2296 5912">
     <span class='ocr_line' id='line_1_106' title="bbox 723 5839 2296 5912; baseline -0.009 -7"><span class='ocrx_word' id='word_1_738' title='bbox 723 5846 996 5911; x_wconf 84' lang='lat' dir='ltr'><strong>leutibus;</strong></span> <span class='ocrx_word' id='word_1_739' title='bbox 1035 5859 1148 5900; x_wconf 88' lang='lat' dir='ltr'><strong>tum</strong></span> <span class='ocrx_word' id='word_1_740' title='bbox 1184 5846 1254 5900; x_wconf 88' lang='lat' dir='ltr'><strong>ob</strong></span> <span class='ocrx_word' id='word_1_741' title='bbox 1284 5846 1410 5908; x_wconf 86' lang='lat' dir='ltr'><strong>alia,</strong></span> <span class='ocrx_word' id='word_1_742' title='bbox 1448 5860 1564 5912; x_wconf 76' lang='lat' dir='ltr'><strong>qua:</strong></span> <span class='ocrx_word' id='word_1_743' title='bbox 1599 5858 1664 5896; x_wconf 90' lang='lat' dir='ltr'><strong>ne</strong></span> <span class='ocrx_word' id='word_1_744' title='bbox 1709 5841 1938 5895; x_wconf 84' lang='lat' dir='ltr'><strong>auribus</strong></span> <span class='ocrx_word' id='word_1_745' title='bbox 1968 5839 2189 5909; x_wconf 88' lang='lat' dir='ltr'><strong>quidem</strong></span> <span class='ocrx_word' id='word_1_746' title='bbox 2220 5840 2296 5892; x_wconf 82' lang='lat' dir='ltr'><strong>ta-</strong></span> 
     </span>
    </p>
   </div>
   <div class='ocr_carea' id='block_1_107' title="bbox 2399 4642 3995 4717">
    <p class='ocr_par' dir='ltr' id='par_1_107' title="bbox 2399 4642 3995 4717">
     <span class='ocr_line' id='line_1_107' title="bbox 2399 4642 3995 4717; baseline -0.007 -15"><span class='ocrx_word' id='word_1_747' title='bbox 2399 4652 2553 4702; x_wconf 85' lang='grc' dir='ltr'>6ειαν</span> <span class='ocrx_word' id='word_1_748' title='bbox 2589 4650 2686 4717; x_wconf 75' lang='grc' dir='ltr'>τῆς</span> <span class='ocrx_word' id='word_1_749' title='bbox 2721 4647 2925 4715; x_wconf 74' lang='grc' dir='ltr'>ψυχῆς,</span> <span class='ocrx_word' id='word_1_750' title='bbox 2978 4644 3385 4714; x_wconf 78' lang='grc' dir='ltr'>παραπλησίως</span> <span class='ocrx_word' id='word_1_751' title='bbox 3419 4645 3529 4702; x_wconf 86' lang='grc' dir='ltr'>τοῖς</span> <span class='ocrx_word' id='word_1_752' title='bbox 3579 4643 3793 4706; x_wconf 65' lang='grc' dir='ltr'>τάφοις,</span> <span class='ocrx_word' id='word_1_753' title='bbox 3830 4642 3886 4689; x_wconf 78' lang='grc' dir='ltr'>οἵ</span> <span class='ocrx_word' id='word_1_754' title='bbox 3918 4642 3995 4691; x_wconf 66' lang='grc' dir='ltr'>τὰ</span> 
     </span>
    </p>
   </div>
   <div class='ocr_carea' id='block_1_108' title="bbox 2397 4735 3997 4808">
    <p class='ocr_par' dir='ltr' id='par_1_108' title="bbox 2397 4735 3997 4808">
     <span class='ocr_line' id='line_1_108' title="bbox 2397 4735 3997 4808; baseline -0.006 -15"><span class='ocrx_word' id='word_1_755' title='bbox 2397 4741 2542 4793; x_wconf 73' lang='grc' dir='ltr'>ἔνδον</span> <span class='ocrx_word' id='word_1_756' title='bbox 2569 4740 2786 4808; x_wconf 81' lang='grc' dir='ltr'>μακρᾶς</span> <span class='ocrx_word' id='word_1_757' title='bbox 2817 4738 3108 4800; x_wconf 75' lang='grc' dir='ltr'>ἀπόζοντες</span> <span class='ocrx_word' id='word_1_758' title='bbox 3142 4736 3202 4787; x_wconf 87' lang='grc' dir='ltr'><strong>δυ</strong></span> <span class='ocrx_word' id='word_1_759' title='bbox 3217 4736 3406 4795; x_wconf 77' lang='grc' dir='ltr'>τωδίας</span> <span class='ocrx_word' id='word_1_760' title='bbox 3438 4735 3640 4802; x_wconf 84' lang='grc' dir='ltr'>τιτάνῳ</span> <span class='ocrx_word' id='word_1_761' title='bbox 3674 4735 3762 4783; x_wconf 64' lang='grc' dir='ltr'>καὶ</span> <span class='ocrx_word' id='word_1_762' title='bbox 3794 4735 3997 4802; x_wconf 65' lang='grc' dir='ltr'>χρυσῷ</span> 
     </span>
    </p>
   </div>
   <div class='ocr_carea' id='block_1_109' title="bbox 2396 4825 3996 4899">
    <p class='ocr_par' dir='ltr' id='par_1_109' title="bbox 2396 4825 3996 4899">
     <span class='ocr_line' id='line_1_109' title="bbox 2396 4825 3996 4899; baseline -0.006 -14"><span class='ocrx_word' id='word_1_763' title='bbox 2396 4833 2465 4885; x_wconf 85' lang='grc' dir='ltr'>τὰ</span> <span class='ocrx_word' id='word_1_764' title='bbox 2497 4832 2600 4895; x_wconf 72' lang='grc' dir='ltr'>ἔξω</span> <span class='ocrx_word' id='word_1_765' title='bbox 2632 4829 2984 4899; x_wconf 79' lang='grc' dir='ltr'>κοσμοῦνται.</span> <span class='ocrx_word' id='word_1_766' title='bbox 3031 4827 3386 4879; x_wconf 80' lang='grc' dir='ltr'>Ὑποὸύονται</span> <span class='ocrx_word' id='word_1_767' title='bbox 3413 4828 3522 4893; x_wconf 83' lang='grc' dir='ltr'><strong>γαρ</strong></span> <span class='ocrx_word' id='word_1_768' title='bbox 3555 4827 3650 4876; x_wconf 70' lang='grc' dir='ltr'>καὶ</span> <span class='ocrx_word' id='word_1_769' title='bbox 3695 4825 3844 4874; x_wconf 72' lang='grc' dir='ltr'>αὐτον</span> <span class='ocrx_word' id='word_1_770' title='bbox 3888 4827 3996 4876; x_wconf 59' lang='grc' dir='ltr'>καὶ</span> 
     </span>
    </p>
   </div>
   <div class='ocr_carea' id='block_1_110' title="bbox 2399 4915 4000 4990">
    <p class='ocr_par' dir='ltr' id='par_1_110' title="bbox 2399 4915 4000 4990">
     <span class='ocr_line' id='line_1_110' title="bbox 2399 4915 4000 4990; baseline -0.006 -15"><span class='ocrx_word' id='word_1_771' title='bbox 2399 4921 2586 4990; x_wconf 83' lang='grc' dir='ltr'>σχῆμα</span> <span class='ocrx_word' id='word_1_772' title='bbox 2625 4921 2718 4972; x_wconf 75' lang='grc' dir='ltr'>καὶ</span> <span class='ocrx_word' id='word_1_773' title='bbox 2743 4920 2913 4985; x_wconf 78' lang='grc' dir='ltr'>ὖνομα</span> <span class='ocrx_word' id='word_1_774' title='bbox 2939 4917 3232 4987; x_wconf 82' lang='grc' dir='ltr'>βελτίστων</span> <span class='ocrx_word' id='word_1_775' title='bbox 3263 4916 3496 4984; x_wconf 75' lang='grc' dir='ltr'>ἀνδρῶν,</span> <span class='ocrx_word' id='word_1_776' title='bbox 3529 4915 3625 4967; x_wconf 77' lang='grc' dir='ltr'>καὶ</span> <span class='ocrx_word' id='word_1_777' title='bbox 3655 4915 3752 4979; x_wconf 77' lang='grc' dir='ltr'>τὴν</span> <span class='ocrx_word' id='word_1_778' title='bbox 3776 4917 4000 4981; x_wconf 76' lang='grc' dir='ltr'>ἀρετὴν</span> 
     </span>
    </p>
   </div>
   <div class='ocr_carea' id='block_1_111' title="bbox 2398 5005 4001 5080">
    <p class='ocr_par' dir='ltr' id='par_1_111' title="bbox 2398 5005 4001 5080">
     <span class='ocr_line' id='line_1_111' title="bbox 2398 5005 4001 5080; baseline -0.006 -15"><span class='ocrx_word' id='word_1_779' title='bbox 2398 5014 2713 5080; x_wconf 81' lang='grc' dir='ltr'>ἐπισήμων,</span> <span class='ocrx_word' id='word_1_780' title='bbox 2746 5011 2997 5078; x_wconf 76' lang='grc' dir='ltr'>καθάπερ</span> <span class='ocrx_word' id='word_1_781' title='bbox 3043 5010 3092 5059; x_wconf 83' lang='grc' dir='ltr'>οἱ</span> <span class='ocrx_word' id='word_1_782' title='bbox 3140 5011 3197 5060; x_wconf 82' lang='grc' dir='ltr'><strong>ἐν</strong></span> <span class='ocrx_word' id='word_1_783' title='bbox 3236 5011 3346 5064; x_wconf 79' lang='grc' dir='ltr'>τοῖς</span> <span class='ocrx_word' id='word_1_784' title='bbox 3401 5008 3674 5075; x_wconf 82' lang='grc' dir='ltr'>δράμασιν</span> <span class='ocrx_word' id='word_1_785' title='bbox 3719 5005 4001 5071; x_wconf 74' lang='grc' dir='ltr'>Ὀρέσται</span> 
     </span>
    </p>
   </div>
   <div class='ocr_carea' id='block_1_112' title="bbox 2399 5096 4004 5170">
    <p class='ocr_par' dir='ltr' id='par_1_112' title="bbox 2399 5096 4004 5170">
     <span class='ocr_line' id='line_1_112' title="bbox 2399 5096 4004 5170; baseline -0.008 -13"><span class='ocrx_word' id='word_1_786' title='bbox 2399 5105 2494 5157; x_wconf 76' lang='grc' dir='ltr'>καὶ</span> <span class='ocrx_word' id='word_1_787' title='bbox 2541 5105 2782 5157; x_wconf 85' lang='grc' dir='ltr'>Πυλάδαι</span> <span class='ocrx_word' id='word_1_788' title='bbox 2833 5103 2926 5155; x_wconf 73' lang='grc' dir='ltr'><strong>καὶ</strong></span> <span class='ocrx_word' id='word_1_789' title='bbox 2959 5102 3155 5170; x_wconf 67' lang='grc' dir='ltr'>Θησεῖς</span> <span class='ocrx_word' id='word_1_790' title='bbox 3195 5103 3288 5152; x_wconf 77' lang='grc' dir='ltr'><strong>καὶ</strong></span> <span class='ocrx_word' id='word_1_791' title='bbox 3329 5100 3588 5159; x_wconf 81' lang='grc' dir='ltr'>ῐΙέλοπες,</span> <span class='ocrx_word' id='word_1_792' title='bbox 3639 5097 3726 5149; x_wconf 80' lang='grc' dir='ltr'>ἵνα</span> <span class='ocrx_word' id='word_1_793' title='bbox 3777 5096 3869 5145; x_wconf 74' lang='grc' dir='ltr'>τὸν</span> <span class='ocrx_word' id='word_1_794' title='bbox 3912 5101 4004 5150; x_wconf 57' lang='grc' dir='ltr'><strong>ἰὴν</strong></span> 
     </span>
    </p>
   </div>
   <div class='ocr_carea' id='block_1_113' title="bbox 2401 5183 4001 5263">
    <p class='ocr_par' dir='ltr' id='par_1_113' title="bbox 2401 5183 4001 5263">
     <span class='ocr_line' id='line_1_113' title="bbox 2401 5183 4001 5263; baseline -0.006 -14"><span class='ocrx_word' id='word_1_795' title='bbox 2401 5202 2541 5250; x_wconf 82' lang='grc' dir='ltr'><strong>κατά</strong></span> <span class='ocrx_word' id='word_1_796' title='bbox 2571 5197 2679 5249; x_wconf 84' lang='grc' dir='ltr'>τῶν</span> <span class='ocrx_word' id='word_1_797' title='bbox 2721 5194 3125 5263; x_wconf 81' lang='grc' dir='ltr'>ἀκεραιοτέρων</span> <span class='ocrx_word' id='word_1_798' title='bbox 3174 5193 3273 5260; x_wconf 79' lang='grc' dir='ltr'>τῆς</span> <span class='ocrx_word' id='word_1_799' title='bbox 3311 5191 3462 5259; x_wconf 71' lang='grc' dir='ltr'>σφῶν</span> <span class='ocrx_word' id='word_1_800' title='bbox 3495 5183 3672 5242; x_wconf 59' lang='grc' dir='ltr'>αὐτῶν</span> <span class='ocrx_word' id='word_1_801' title='bbox 3715 5187 4001 5254; x_wconf 72' lang='grc' dir='ltr'>ἐξεμοῖ-να</span> 
     </span>
    </p>
   </div>
   <div class='ocr_carea' id='block_1_114' title="bbox 2400 5287 3109 5351">
    <p class='ocr_par' dir='ltr' id='par_1_114' title="bbox 2400 5287 3109 5351">
     <span class='ocr_line' id='line_1_114' title="bbox 2400 5287 3109 5351; baseline -0.01 -10"><span class='ocrx_word' id='word_1_802' title='bbox 2400 5307 2490 5351; x_wconf 89' lang='grc' dir='ltr'><strong>τες</strong></span> <span class='ocrx_word' id='word_1_803' title='bbox 2522 5290 2722 5350; x_wconf 86' lang='grc' dir='ltr'>κακίας</span> <span class='ocrx_word' id='word_1_804' title='bbox 2749 5287 3109 5340; x_wconf 86' lang='grc' dir='ltr'>λανθάνωσιν.</span> 
     </span>
    </p>
   </div>
   <div class='ocr_carea' id='block_1_115' title="bbox 2475 5460 4008 5534">
    <p class='ocr_par' dir='ltr' id='par_1_115' title="bbox 2475 5460 4008 5534">
     <span class='ocr_line' id='line_1_115' title="bbox 2475 5460 4008 5534; baseline -0.01 -14"><span class='ocrx_word' id='word_1_805' title='bbox 2475 5470 2566 5534; x_wconf 66' lang='grc' dir='ltr'><strong>ς’.</strong></span> <span class='ocrx_word' id='word_1_806' title='bbox 2610 5462 2763 5518; x_wconf 76' lang='grc' dir='ltr'>Εἶναί</span> <span class='ocrx_word' id='word_1_807' title='bbox 2800 5481 2860 5530; x_wconf 88' lang='grc' dir='ltr'><strong>γε</strong></span> <span class='ocrx_word' id='word_1_808' title='bbox 2906 5464 3012 5534; x_wconf 84' lang='grc' dir='ltr'>μὴν</span> <span class='ocrx_word' id='word_1_809' title='bbox 3063 5465 3128 5513; x_wconf 69' lang='grc' dir='ltr'>τὰ</span> <span class='ocrx_word' id='word_1_810' title='bbox 3176 5463 3400 5512; x_wconf 70' lang='grc' dir='ltr'>ἐκείνων</span> <span class='ocrx_word' id='word_1_811' title='bbox 3448 5461 3667 5529; x_wconf 64' lang='grc' dir='ltr'>μυσαρὰ</span> <span class='ocrx_word' id='word_1_812' title='bbox 3705 5465 3795 5508; x_wconf 72' lang='grc' dir='ltr'>καὶ</span> <span class='ocrx_word' id='word_1_813' title='bbox 3840 5460 4008 5511; x_wconf 68' lang='grc' dir='ltr'>ἀνά.-</span> 
     </span>
    </p>
   </div>
   <div class='ocr_carea' id='block_1_116' title="bbox 2403 5552 4011 5630">
    <p class='ocr_par' dir='ltr' id='par_1_116' title="bbox 2403 5552 4011 5630">
     <span class='ocr_line' id='line_1_116' title="bbox 2403 5552 4011 5630; baseline -0.006 -17"><span class='ocrx_word' id='word_1_814' title='bbox 2403 5562 2575 5630; x_wconf 82' lang='grc' dir='ltr'>θαρτα</span> <span class='ocrx_word' id='word_1_815' title='bbox 2604 5560 2872 5627; x_wconf 80' lang='grc' dir='ltr'>δόγματα,</span> <span class='ocrx_word' id='word_1_816' title='bbox 2900 5556 3064 5623; x_wconf 72' lang='grc' dir='ltr'>φησὶν</span> <span class='ocrx_word' id='word_1_817' title='bbox 3094 5557 3119 5604; x_wconf 84' lang='grc' dir='ltr'>ὁ</span> <span class='ocrx_word' id='word_1_818' title='bbox 3156 5557 3234 5615; x_wconf 83' lang='grc' dir='ltr'><strong>εἰς</strong></span> <span class='ocrx_word' id='word_1_819' title='bbox 3265 5556 3324 5606; x_wconf 75' lang='grc' dir='ltr'>τὸ</span> <span class='ocrx_word' id='word_1_820' title='bbox 3353 5554 3461 5605; x_wconf 84' lang='grc' dir='ltr'>τῶν</span> <span class='ocrx_word' id='word_1_821' title='bbox 3495 5552 3804 5615; x_wconf 73' lang='grc' dir='ltr'>Βυζαντίων</span> <span class='ocrx_word' id='word_1_822' title='bbox 3835 5554 3951 5618; x_wconf 68' lang='grc' dir='ltr'>ἱερ⁷</span> <span class='ocrx_word' id='word_1_823' title='bbox 3977 5575 4011 5604; x_wconf 86' lang='grc' dir='ltr'><strong>ν</strong></span> 
     </span>
    </p>
   </div>
   <div class='ocr_carea' id='block_1_117' title="bbox 2399 5644 4011 5720">
    <p class='ocr_par' dir='ltr' id='par_1_117' title="bbox 2399 5644 4011 5720">
     <span class='ocr_line' id='line_1_117' title="bbox 2399 5644 4011 5720; baseline -0.006 -17"><span class='ocrx_word' id='word_1_824' title='bbox 2399 5651 2682 5720; x_wconf 73' lang='grc' dir='ltr'>κομισθεὶς</span> <span class='ocrx_word' id='word_1_825' title='bbox 2734 5650 3009 5717; x_wconf 83' lang='grc' dir='ltr'>συνέδριον</span> <span class='ocrx_word' id='word_1_826' title='bbox 3047 5649 3321 5715; x_wconf 48' lang='grc' dir='ltr'>Ξγγραςος</span> <span class='ocrx_word' id='word_1_827' title='bbox 3359 5649 3457 5715; x_wconf 76' lang='grc' dir='ltr'>τῆς</span> <span class='ocrx_word' id='word_1_828' title='bbox 3498 5644 3680 5696; x_wconf 71' lang='grc' dir='ltr'>αὐτῶν</span> <span class='ocrx_word' id='word_1_829' title='bbox 3723 5644 4011 5708; x_wconf 72' lang='grc' dir='ltr'>ἀσεϐείας</span> 
     </span>
    </p>
   </div>
   <div class='ocr_carea' id='block_1_118' title="bbox 2401 5736 4008 5812">
    <p class='ocr_par' dir='ltr' id='par_1_118' title="bbox 2401 5736 4008 5812">
     <span class='ocr_line' id='line_1_118' title="bbox 2401 5736 4008 5812; baseline -0.003 -17"><span class='ocrx_word' id='word_1_830' title='bbox 2401 5745 2579 5812; x_wconf 79' lang='grc' dir='ltr'>Τόμος</span> <span class='ocrx_word' id='word_1_831' title='bbox 2613 5742 2747 5810; x_wconf 66' lang='grc' dir='ltr'>πρὺς</span> <span class='ocrx_word' id='word_1_832' title='bbox 2788 5742 2894 5792; x_wconf 82' lang='grc' dir='ltr'>τῶν</span> <span class='ocrx_word' id='word_1_833' title='bbox 2928 5739 3205 5808; x_wconf 33' lang='grc' dir='ltr'>θεοφῦρ-ων</span> <span class='ocrx_word' id='word_1_834' title='bbox 3245 5737 3335 5789; x_wconf 82' lang='grc' dir='ltr'><strong>τοῦ</strong></span> <span class='ocrx_word' id='word_1_835' title='bbox 3367 5739 3526 5807; x_wconf 77' lang='grc' dir='ltr'>ὅρους</span> <span class='ocrx_word' id='word_1_836' title='bbox 3555 5736 3789 5804; x_wconf 76' lang='grc' dir='ltr'>ἀνδρῶν,</span> <span class='ocrx_word' id='word_1_837' title='bbox 3821 5737 3896 5788; x_wconf 79' lang='grc' dir='ltr'>τά</span> <span class='ocrx_word' id='word_1_838' title='bbox 3941 5756 4008 5790; x_wconf 83' lang='grc' dir='ltr'><strong>τε</strong></span> 
     </span>
    </p>
   </div>
   <div class='ocr_carea' id='block_1_119' title="bbox 2400 5829 4013 5905">
    <p class='ocr_par' dir='ltr' id='par_1_119' title="bbox 2400 5829 4013 5905">
     <span class='ocr_line' id='line_1_119' title="bbox 2400 5829 4013 5905; baseline -0.004 -16"><span class='ocrx_word' id='word_1_839' title='bbox 2400 5837 2558 5900; x_wconf 67' lang='grc' dir='ltr'>ἄλλα,</span> <span class='ocrx_word' id='word_1_840' title='bbox 2594 5837 2691 5890; x_wconf 83' lang='grc' dir='ltr'><strong>ὅσα</strong></span> <span class='ocrx_word' id='word_1_841' title='bbox 2727 5834 2847 5905; x_wconf 70' lang='grc' dir='ltr'>μηδ’</span> <span class='ocrx_word' id='word_1_842' title='bbox 2891 5835 3026 5900; x_wconf 79' lang='grc' dir='ltr'>ἀκοῇ</span> <span class='ocrx_word' id='word_1_843' title='bbox 3080 5834 3378 5900; x_wconf 59' lang='grc' dir='ltr'>σωφρονεῖν</span> <span class='ocrx_word' id='word_1_844' title='bbox 3411 5832 3752 5900; x_wconf 77' lang='grc' dir='ltr'>αἱρουμένων</span> <span class='ocrx_word' id='word_1_845' title='bbox 3793 5829 4013 5897; x_wconf 70' lang='grc' dir='ltr'>φέρειν</span> 
     </span>
    </p>
   </div>
  </div>
