4236 6442
229 386 332 452 951
622 379 696 452 [Α.
739 394 788 435 c.
830 378 995 451 1345)

1245 385 1686 447 ΒῩΖΑΝΤΙΝΕ
1724 385 2108 446 ΗΙΞΤΟΒΙ.Ε
2150 377 2292 437 LlB-
2330 378 2487 440 XIV.

2619 374 2754 447 [ιιιν.
2786 392 2828 430 ι.
2855 392 3091 433 ιιλιεοι.
3126 383 3181 450 δ]

3361 383 3466 447 962

208 498 488 570 προϊόντες
519 496 578 549 ὲν
604 498 716 558 τοῖς
749 495 1050 564 καθήκουσι
1077 496 1261 560 τόποις
1290 496 1556 568 ἐροῦμεν,
1588 497 1658 550 τὰ
1691 515 1787 568 με-

1845 512 1862 563 λ
1899 487 2183 556 peratricis
2227 488 2393 543 altius
2442 489 2701 560 intixerit.
2751 490 2990 544 Alteram
3027 505 3090 545 ac
3130 501 3464 560 postremam

205 589 342 653 ταξῦ
369 586 763 658 διηγησάμενοι
792 586 1081 657 πρότερον.

280 770 366 824 H'.
396 768 554 822 Ἀλλὰ
577 767 749 822 ταῦτα
775 768 874 838 μιν
897 770 955 834 ἐς
976 769 1095 822 τόδε
1118 769 1375 840 λεχθέντα
1397 769 1586 838 ἀρκεῖν
1607 771 1791 840 οἴομαι

203 862 353 914 δυοῖν
382 860 544 914 ἕνεκα
570 879 582 892 ·
618 862 734 923 ἑνὸς
769 862 903 930 μὲν,
937 863 1020 915 ὅτι
1054 861 1190 931 πρὸς
1222 865 1661 934 ἀναγκαιοτέρας
1694 869 1791 934 τή-

211 969 380 1022 μερον
409 953 556 1021 ἡμᾶς
587 951 874 1015 ὑποθέσεις
900 954 930 1006 δ
953 951 1111 1022 λόγος
1136 954 1406 1020 ἀνθέλκει,
1437 956 1574 1024 πρὸς
1601 956 1668 1018 ἃς
1699 960 1792 1010 καὶ

205 1059 235 1095 ο
271 1043 370 1097 τοῦ
415 1046 574 1111 λόγου
624 1044 858 1113 μάλιστα
901 1047 994 1098 καὶ
1033 1047 1131 1114 τῆς
1172 1047 1230 1110 ἐξ
1268 1047 1442 1116 ἀρχῆς
1485 1047 1792 1116 προθέσεως

208 1135 375 1188 τείνει
413 1137 611 1198 σκοπός
639 1154 651 1165 ·
687 1137 940 1205 δευτέρου
973 1136 1040 1200 δ’,
1074 1141 1156 1190 ὅτι
1192 1139 1362 1190 πολλὰ
1400 1139 1608 1192 πολλῶν
1641 1141 1791 1208 εἰρη-

209 1226 390 1278 κότων
426 1228 520 1278 καὶ
558 1227 991 1297 ἀγωνισαμένων
1025 1228 1168 1299 ὑπὲρ
1200 1228 1299 1292 τῆς
1338 1228 1680 1293 ὑποθέσεως,
1717 1229 1792 1291 ὡς

207 1320 338 1388 ὲνῆν
359 1361 372 1378 .
405 1321 465 1372 οὑ
503 1319 731 1388 μακρῶν
759 1315 914 1390 οἶμαι
944 1319 1011 1372 ἂν
1041 1321 1122 1372 ἐτι
1151 1319 1259 1372 τῶν
1290 1321 1573 1390 ἡμετέρων
1602 1320 1792 1388 δεήσε-

211 1410 338 1464 σθαι
364 1411 537 1475 λόγων
561 1429 576 1443 ·
607 1412 723 1465 ἀλλ’
750 1413 823 1476 ὡς
851 1414 910 1465 ὲν
938 1413 1255 1483 προσθήκης
1290 1413 1468 1482 μέρει,
1497 1413 1589 1466 καὶ
1618 1430 1795 1484 κριτι-

208 1499 313 1568 κῆς
341 1518 484 1565 τινος
510 1496 713 1570 ψήφού,
742 1502 840 1554 καὶ
863 1500 1093 1554 τουτωνὶ
1122 1501 1590 1570 ξυνεῤῥυηκὸτων,
1620 1502 1668 1553 cl
1698 1504 1794 1552 καὶ

211 1590 420 1661 βραχέα
460 1591 606 1644 δοκεῖ
646 1609 784 1655 πως,
821 1591 936 1644 ἀλλ’
962 1588 1056 1645 οὖν
1089 1592 1178 1643 τόν
1212 1608 1275 1658 γε
1322 1591 1434 1643 ἴσον
1467 1591 1796 1657 δυνήσεσθαι

140 1705 145 1709 ·
207 1682 409 1750 τρόπον
454 1685 532 1746 εἰς
571 1683 671 1752 τὴν
716 1684 975 1754 ἀληθείας
1019 1684 1332 1754 ινάργειαν.
1371 1683 1574 1755 Διόπερ
1615 1687 1793 1737 laxatae

209 1774 518 1827 ἐπανιτέον.

1901 598 2001 638 suo
2036 583 2155 636 loco
2188 581 2327 636 infra
2371 582 2747 650 subjiciemus,
2772 583 2864 637 ubi
2890 599 2954 638 ea
2994 601 3114 654 quae
3139 585 3469 639 iutermedio

1905 686 2152 743 tempore
2184 675 2526 749 acpiderunt,
2563 675 2994 730 narraverimus.

1974 768 2111 822 Vill.
2149 766 2274 822 Hec
2305 783 2458 832 vero,
2497 782 2620 838 qua
2652 767 2920 821 hactenus
2948 768 3098 822 dicta
3141 776 3270 823 sunt
3317 767 3468 821 suill-

1903 875 2028 915 cere
2060 870 2194 929 puto
2215 859 2419 928 duplici
2447 859 2514 913 de
2549 874 2712 913 causa
2741 876 2755 912 :
2790 861 3026 928 primum
3057 860 3187 928 quia
3217 875 3316 913 nos
3344 873 3468 912 ora-

1906 953 1982 1007 tio
2021 963 2208 1006 nostra
2262 952 2426 1006 hodie
2472 952 2700 1006 retrahit
2748 953 2813 1005 ad
2853 961 3236 1020 argumentum
3292 955 3466 1021 magis

1895 1046 2294 1109 necessarium,
2329 1044 2397 1097 ad
2442 1043 2586 1112 quod
2624 1043 2858 1096 maxime
2883 1052 2940 1096 et
2974 1042 3220 1094 narratio
3271 1041 3471 1110 ipsa-et

1897 1136 2131 1189 intentio
2180 1137 2354 1204 prima
2403 1135 2586 1204 cperis
2635 1135 2888 1201 dirigitur
2928 1143 3187 1202 tanquam
3229 1133 3295 1185 ad
3347 1148 3471 1187 sco-

1895 1241 2066 1294 pum:
2107 1227 2306 1280 deinde
2339 1225 2488 1293 quia,
2524 1240 2647 1278 cum
2697 1225 2854 1277 multi
2915 1226 3084 1278 multa
3124 1225 3385 1284 dixerint.
3412 1232 3470 1276 et

1897 1317 2151 1370 certatim
2192 1317 2259 1370 de
2294 1316 2486 1370 iisdem
2534 1316 2644 1369 illis
2678 1315 2845 1368 rebus
2876 1326 3140 1382 quantum
3172 1315 3225 1368 iu
3265 1330 3324 1368 se
3354 1322 3472 1367 erat

1895 1409 2130 1478 egerint.
2162 1423 2270 1462 non
2299 1419 2430 1476 puto
2456 1424 2552 1462 eas
2587 1410 2731 1478 ipsas
2764 1408 2928 1478 726
2973 1409 3269 1475 longiorem
3296 1408 3405 1476 jam
3439 1421 3470 1459 a

1896 1501 2058 1554 nobis
2085 1500 2386 1553 orationem
2418 1501 2734 1555 desiderare
2775 1519 2788 1554 :
2836 1500 2930 1554 sed
2981 1499 3085 1553 ista
3137 1500 3473 1554 accessionis

1897 1601 1991 1646 aut
2019 1592 2300 1662 judicialis
2338 1592 2621 1663 cujusdam
2658 1592 2902 1662 suﬂ‘ragii
2939 1593 3107 1646 instar
3137 1591 3471 1655 contributa,

1898 1685 2000 1739 etsi
2027 1686 2221 1754 exigua
2248 1685 2556 1748 videantur,
2586 1685 2833 1739 eamdem
2867 1696 3046 1739 tamen
3079 1683 3328 1738 habitura
3360 1685 3468 1736 vim

1899 1779 1966 1834 ad
2007 1779 2295 1832 veritatem
2326 1778 2733 1833 declarandam.

1653 1909 1880 1966 CAPUT
1938 1911 2033 1966 1x.

211 1998 472 2063 Gabalus,
500 2009 641 2077 metu
674 2001 957 2077 dpocauci.
987 2003 1334 2077 monasticam
1362 2004 1596 2077 habiturn
1625 2005 1822 2060 induit.
1852 2006 1909 2059 S.
1938 2005 2427 2075 Sophiwtemplum,
2463 2007 2670 2077 asylum
2688 2007 2814 2061 olim
2833 2007 3143 2061 inviolatum
3166 2025 3185 2072 ;
3211 2025 3242 2061 a
3265 2007 3473 2062 Gabala

284 2080 340 2152 et.
355 2088 397 2152 Aa
431 2072 739 2152 patriarcha
770 2081 1105 2152 temerqtum.
1137 2075 1411 2152 Ammius,
1442 2076 1498 2152 in
1532 2073 1812 2129 Thraciam
1843 2072 2109 2152 reversus,
2164 2072 2682 2152 Byzantium‘usque
2711 2094 2828 2152 cum
2861 2079 3230 2131 Cantacuzeno
3261 2095 3474 2152 progre-

285 2138 643 2221 αξιοι-τριοὺύ
664 2151 892 2221 aspectu
914 2143 1249 2221 obstupescit.
1285 2144 1454 2198 Pauci
1479 2162 1749 2221 murorum
1777 2153 2038 2221 custodes.
2071 2138 2338 2221 A_pocvaur_i
2364 2138 2673 2221 (li/fidentia.
2715 2147 3117 2202 Cautacuzenus
3150 2138 3471 2221 etfi'mu'rius

287 2210 964 2290 Momitilanldebcllatum
999 2210 1146 2268 eunt.
1188 2213 1459 2290 Romanas
1493 2215 1647 2290 urbes
1681 2217 2034 2290 invadentem.
2085 2210 2252 2290 Iusta
2307 2210 2660 2290 Perithorium
2699 2226 3173 2290 castrametuntur.
3198 2218 3472 2272 Momitila:

286 2280 534 2359 audacia.
574 2280 828 2350 Ejusdem
865 2285 1204 2338 circumventi
1238 2287 1617 2339 consternatio.
1673 2287 1822 2341 Acris
1869 2306 2072 2359 pugna.
2127 2289 2286 2342 Cadit
2343 2287 2664 2341 Momitilas.
2715 2286 2848 2357 Ejus
2889 2287 3079 2341 milites
3129 2303 3308 2342 omnes
3362 2289 3473 2358 fere

284 2353 425 2405 cesi.

285 2473 364 2524 A'.
409 2471 557 2522 Ἐπεὶ
596 2471 704 2542 γὰρ
741 2471 770 2524 δ
808 2472 1145 2536 ’Δπόκαυκος
1189 2475 1246 2536 ὲς
1287 2473 1482 2544 βυθοὺς
1526 2477 1660 2545 πρὸς
1699 2476 1792 2528 τοῦ

1845 2487 1868 2537 3
1967 2473 2006 2531 l.
2043 2477 2178 2532 Cum
2219 2478 2538 2546 Apocausus
2567 2477 2736 2530 exitio
2775 2489 2945 2546 prope
2970 2475 3257 2530 demersus
3279 2477 3473 2531 fuisset

214 2564 253 2614 Γ
259 2562 437 2614 αδαλᾶ
462 2563 856 2632 κατενεχθῆναι
878 2564 1309 2634 δυστυχημάτων
1336 2570 1792 2637 παρεκινδύνευσε

217 2654 356 2722 μὲν,
392 2654 616 2723 ἀνένηξε
656 2655 702 2708 δ’
728 2651 821 2707 οὖν
859 2658 950 2708 καὶ
991 2660 1048 2720 ἐς
1079 2657 1180 2729 τὴν
1215 2661 1346 2728 πρὶν
1378 2659 1608 2727 ἀφίκετο
1647 2661 1795 2712 εὐδο-

217 2747 336 2811 ξίαν
357 2787 372 2811 ,
407 2749 481 2810 ὦς
517 2765 577 2814 γε
613 2748 859 2818 εἴρηται,
893 2749 960 2801 δι’
986 2745 1061 2803 ὦν
1095 2749 1280 2804 λοιπὸν
1312 2753 1474 2803 αὑτὸν
1509 2741 1794 2822 ἀμυνειται

217 2842 398 2899 πασας
442 2839 698 2906 κεκίνηκε
741 2840 1028 2908 μηχανάς⁸
1069 2840 1199 2903 ἓως.
1246 2841 1321 2911 μὴ
1364 2843 1432 2893 τὰ
1476 2843 1648 2910 μείζω
1687 2842 1795 2892 τῶν

213 2931 403 2982 δεινῶν
429 2931 655 3001 ὑποστῇ,
686 2932 867 2992 δείσας
897 2931 1059 2994 αὐτὸς
1087 2934 1145 2995 ἐς
1169 2933 1261 2984 τὸν
1291 2935 1548 3000 μέγιστον
1575 2933 1676 3000 τῆς
1703 2932 1793 2984 τοὺ

216 3023 354 3074 Θεοῦ
402 3024 602 3090 Σοφῐας
651 3025 764 3094 (79)
798 3025 1199 3092 κατεπεφεύγει
1250 3026 1402 3078 νεών.
1437 3026 1604 3078 Ἔνθα
1657 3028 1794 3094 μετὰ

218 3111 409 3178 συχνόν
435 3128 559 3165 τινα
586 3115 799 3182 χρόνον,
825 3114 1027 3177 πολλὰς
1058 3115 1150 3166 καὶ
1180 3115 1427 3175 ποικίλας
1454 3116 1668 3167 ἀκούων
1698 3119 1793 3178 τὰς

215 3203 341 3257 καθ’
364 3205 557 3257 ἑαυτοῦ
586 3206 811 3268 ἀπειλὰς
834 3246 849 3270 ,
881 3207 971 3259 καὶ
999 3207 1182 3268 δείσας
1211 3205 1365 3267 αὖθις
1385 3246 1400 3270 ,
1437 3205 1512 3275 μὴ
1543 3206 1794 3258 κάκεῖθεν

215 3298 567 3368 ἁνάρπαστος
612 3299 871 3369 ἐξαπίνης
916 3300 1205 3369 γενόμενος
1251 3303 1306 3361 ἐς
1352 3301 1658 3369 ταρτάρους
1703 3302 1794 3352 καὶ

219 3390 416 3458 ζόφους
447 3392 840 3462 δεσμωτηρίων
875 3395 1004 3461 ριφῇ
1026 3431 1042 3455 ,
1074 3393 1293 3444 κακεῖνο
1326 3395 1469 3445 πιεῖν
1502 3393 1795 3461 ἐγγένηται

217 3481 413 3550 τουτῳῒ
460 3485 524 3535 τὸ
573 3487 854 3552 ποτήριον,
901 3484 1036 3552 ὅπερ
1085 3482 1266 3546 ἄλλοις
1315 3483 1477 3544 αὑτὸς
1526 3484 1793 3552 κεκέρακε

218 3573 459 3637 πλείοσι,
512 3573 574 3625 τὸ
624 3574 914 3642 μοναδικὸν
965 3573 1022 3637 ἐξ
1072 3575 1316 3645 ἀνάγκης
1368 3576 1534 3629 ὑπέδυ
1585 3576 1792 3646 σχῆμα.

216 3665 434 3726 Φθάσας
469 3667 578 3734 γὰρ
607 3667 769 3728 αὐτὸς
805 3668 1138 3720 καταλέλυκε
1171 3669 1271 3737 τὴν
1307 3669 1564 3740 τοιαύτην
1599 3670 1794 3723 ἄσυλον

219 3760 284 3809 ἐκ
317 3756 508 3809 πολλοῦ
531 3796 548 3820 ,
579 3759 685 3810 τῶν
717 3761 1047 3839 προσφύγων
1074 3761 1309 3830 ἀρχαίαν
1338 3761 1639 3828 ἁσῳάλειαν
1659 3803 1674 3825 ,
1708 3765 1791 3814 ἐν·

220 3851 408 3902 διδόντιΔ
429 3868 455 3913 ς
497 3854 590 3902 καὶ
633 3852 800 3904 αὑτοῦ
833 3851 926 3904 τοῦ
960 3853 1052 3904 τὸν
1087 3855 1481 3923 πατριαρχικὸν
1515 3855 1789 3919 διέποντος

221 3941 432 4008 θρόνον.
461 3941 550 3991 Διὸ
581 3943 673 3994 καὶ
701 3943 856 3994 αὑτοὶ
884 3943 1021 4011 πρὸς
1049 3944 1282 4012 ἐσχάτας
1314 3945 1792 3998 ὲνεπεπτώκεισαν

219 4034 446 4100 ἀτιμίας
479 4035 570 4085 καὶ
601 4036 956 4102 περιαγωγὰς
989 4037 1389 4105 κακοδαίμονας
1421 4039 1572 4107 (80),
1605 4041 1680 4101 ὠς
1713 4042 1791 4091 εἱ-

223 4125 470 4191 ρήσεται.
504 4126 630 4184 Ἰοίς
669 4125 774 4194 γὰρ
809 4115 877 4176 τὰ
914 4128 1033 4177 θεῖα
1069 4128 1362 4196 προφανῶς
1398 4130 1598 4182 οὑτωσὶ⁸
1633 4148 1790 4199 περι·

222 4217 515 4286 φροκαηταίς
547 4215 690 4274 εἰκὸς
717 4217 774 4266 ὲν
800 4213 1046 4286 ἐσχάτοις
1075 4220 1328 4279 τοιαύτας
1362 4219 1572 4270 ἐπιέναι
1600 4219 1790 4285 τίσεις,

221 4310 301 4363 εἰς
333 4307 704 4375 παιδαγωγίαν
730 4307 824 4359 τοῦ
855 4310 993 4376 βίου,
1024 4309 1455 4378 δραστικώτερόν
1485 4328 1599 4374 πως
1627 4328 1793 4363 κατα-

222 4399 461 4450 στέλλειν
491 4400 550 4450 τὸ
580 4399 840 4469 θηριῶδες
869 4401 969 4468 τῆς
1000 4402 1168 4469 τύχης
1201 4401 1510 4470 ἰσχύουσαν.

292 4490 368 4542 B’.
404 4491 563 4542 Ἀλλὰ
604 4491 712 4559 γὰρ
752 4491 910 4559 ἔαρος
949 4492 1266 4553 ἐπιστάντος
1308 4490 1447 4560 (81)
1486 4495 1544 4545 ὲν
1580 4493 1792 4557 τούτοις

221 4581 306 4650 ΙΡ.
340 4579 466 4650 456]
499 4583 587 4633 τὸν
620 4581 1013 4650 Ἑλλήσποντον
1047 4584 1184 4652 μετὰ
1221 4583 1415 4655 πολλῆς
1448 4587 1475 4636 ὁ
1511 4589 1792 4654 σατράπης

232 4675 438 4742 Ἀμοὺρ
473 4674 582 4741 (82)
612 4673 711 4741 τῆς
747 4675 999 4742 Ἀσιανῆς
1033 4675 1313 4742 δυνάμεως
1347 4676 1794 4745 περαιωσάμενος

217 4760 358 4834 ἧκεν
388 4768 444 4826 ες
473 4767 849 4833 Διδυμότειχον
878 4781 891 4794 ⁸
926 4767 1179 4818 κάκεῖθεν
1212 4762 1364 4828 αὖθις
1393 4763 1495 4836 ἦκε
1529 4770 1666 4837 μετὰ
1699 4767 1796 4837 βλ·

221 4859 415 4917 σιλέως
452 4857 584 4926 ἄχρι
626 4859 718 4908 καὶ
758 4860 814 4918 ὲς
861 4858 1187 4920 Βυζάντιον,
1234 4859 1359 4918 θέας
1398 4877 1454 4911 τε
1501 4861 1662 4912 ἕνεκα
1703 4865 1795 4912 καὶ

219 4953 416 5018 πείρας
457 4953 506 5001 εἰ
547 4950 674 5002 δέοι.
712 4950 862 5001 Ἐπεί
901 4967 961 5016 γε
1005 4953 1113 5019 μὴν
1146 4950 1392 5019 ἐληλύθει
1437 4955 1543 5003 κάκ
1586 4959 1794 5021 συμμέ-

214 5062 350 5114 τρου
379 5044 471 5094 τοῦ
501 5043 865 5111 διαστήματος
896 5042 990 5092 νῦν
1018 5044 1120 5111 μὲν
1149 5043 1456 5111 ἱστάμενος,
1489 5045 1582 5095 νῦν
1608 5045 1664 5096 δὲ
1696 5063 1790 5096 πε-

1898 2584 1928 2623 a
1957 2569 2178 2629 Gabala.
2235 2586 2358 2623 mox
2407 2580 2587 2638 tamen
2636 2569 2974 2633 emersisset,
3019 2577 3077 2622 et
3132 2569 3186 2622 in
3231 2569 3470 2639 priorem

1896 2671 2081 2729 gratiae
2119 2671 2173 2713 et
2219 2661 2446 2714 honoris
2490 2661 2671 2713 locum
2712 2658 3005 2713 restitutus
3046 2666 3210 2722 esset,
3262 2666 3321 2710 ut
3359 2660 3470 2729 jam

1896 2754 2152 2815 diximus,
2187 2769 2404 2806 omnem
2444 2753 2725 2820 deinceps,
2763 2766 2872 2820 quo
2911 2765 3038 2805 eum
3090 2751 3471 2816 ulcisceretur,

1896 2847 2132 2915 lapidem
2165 2847 2334 2899 movit
2356 2860 2422 2899 co
2459 2859 2652 2912 usque,
2679 2844 2855 2896 donec
2882 2842 3091 2895 veritus
3125 2842 3236 2907 ille,
3272 2859 3340 2896 ne
3371 2859 3471 2896 ex-

1898 2947 2066 2993 trema
2098 2948 2402 3006 pateretur,
2437 2938 2489 2989 in
2522 2937 2814 2989 niaximum
2850 2934 2906 2990 S.
2953 2933 3169 3002 SOphize
3203 2936 3468 3004 templum

1896 3030 2163 3098 confugit.
2211 3030 2289 3082 lbi
2344 3028 2663 3097 aliquandiu
2719 3019 3093 3080 commoratus
3151 3027 3349 3079 multas
3407 3042 3471 3080 ac

1895 3126 2072 3178 varias
2107 3125 2283 3177 minas
2315 3137 2438 3176 cum
2471 3121 2686 3174 audiret
2718 3121 2770 3173 iu
2804 3135 2862 3173 se
2897 3121 3153 3189 iactatas,
3185 3135 3248 3172 ac
3279 3134 3472 3172 rursus

1894 3228 2200 3282 vereretur,
2246 3233 2313 3272 ne
2367 3217 2494 3270 inde
2543 3215 2725 3270 subito
2769 3214 3031 3282 abreptus
3083 3214 3137 3266 in
3181 3221 3379 3267 tartara
3414 3223 3471 3268 ct

1896 3313 2269 3366 custodiarum
2297 3311 2551 3365 tenebras
2582 3309 2972 3379 conjicerctur,
3000 3316 3163 3376 atque
3193 3306 3336 3361 idem
3363 3307 3470 3361 sibi

1896 3406 2152 3474 poculum
2192 3403 2559 3458 hauriendum
2605 3411 2771 3462 esset.
2818 3399 2963 3470 quod
2994 3399 3118 3452 aliis
3154 3400 3267 3469 ipse
3301 3400 3474 3471 pluri-

1897 3496 2000 3549 bus
2055 3497 2383 3558 miscuerat,
2430 3493 2797 3546 mouasticum
2857 3495 3089 3559 cogente
3140 3491 3470 3544 necessitate

1897 3588 2142 3642 habitum
2177 3587 2375 3640 induit.
2408 3586 2565 3639 Prior
2595 3587 2740 3638 enim
2776 3584 2890 3653 ipse
2930 3584 3232 3639 sustulerat
3259 3582 3466 3652 asylum

1898 3678 2031 3734 illud
2080 3679 2241 3747 longo
2291 3687 2437 3740 ante,
2494 3675 2851 3745 profugorum
2907 3683 3066 3730 vetus
3131 3672 3466 3743 praesidium,

1845 3817 1864 3840 ,
1898 3771 2016 3840 ipso
2061 3785 2277 3840 quoque
2332 3769 2743 3824 obsecundante
2800 3767 3130 3836 patriarcha.
3179 3765 3350 3831 Quam
3398 3768 3470 3817 ob

1897 3877 2115 3917 causam
2146 3871 2200 3915 et
2229 3861 2330 3929 ipsi
2364 3861 2420 3914 in
2461 3876 2702 3917 summas
2736 3858 3070 3928 ignominias
3104 3873 3167 3911 ac
3197 3857 3473 3911 vicissitu-

1895 3955 2053 4008 dines
2108 3954 2456 4007 calamitosas
2502 3953 2836 4016 inciderunt,
2895 3961 2953 4005 ut
2994 3960 3182 4020 postea
3212 3948 3470 4026 dicetur.

1894 4047 1997 4114 Qui
2060 4046 2210 4100 enim
2271 4045 2455 4099 divina
2510 4056 2617 4097 tam
2674 4054 2861 4114 aperte
2925 4053 3320 4108 contemnunt,
3377 4058 3473 4096 eos

1894 4155 2111 4208 aequum
2149 4148 2232 4192 est
2253 4136 2521 4208 ejusmodi
2552 4152 2740 4205 pmnas
2775 4136 2992 4190 tandem
3027 4135 3319 4205 aliquando
3346 4135 3475 4188 sub-

1896 4229 1996 4292 ire,
2047 4239 2107 4283 ut
2145 4228 2446 4281 humanum
2492 4241 2664 4294 genus
2710 4227 2796 4281 his
2857 4225 3121 4296 exemplis
3161 4225 3470 4290 erudiatur,

1893 4337 2016 4390 quae
2044 4318 2401 4374 eliicaciorem
2426 4317 2715 4386 quamdam
2751 4317 2857 4371 vim
2881 4318 3082 4373 habent
3126 4316 3195 4371 ad
3231 4317 3472 4386 compri-

1897 4412 2152 4466 mendam
2187 4412 2421 4465 fortuna:
2452 4411 2741 4464 ferociam.

1966 4505 2030 4558 ll.
2074 4505 2329 4560 Sedenim
2360 4520 2482 4558 cum
2523 4505 2729 4557 interea
2765 4519 2861 4557 ver
2908 4503 3254 4567 advenisset,
3301 4503 3474 4558 Amuv

1896 4599 2012 4653 rius
2063 4598 2223 4668 727
2275 4607 2489 4667 satrapa
2519 4640 2534 4662 ,
2590 4598 2819 4667 trajecto
2871 4595 3082 4666 magnis
3130 4611 3253 4650 cum
3301 4595 3473 4665 copis

1896 4691 2154 4744 Asiaticis
2202 4689 2580 4758 Hellesponto,
2612 4689 3053 4759 Ditlymotichum
3086 4688 3273 4751 venit,
3307 4697 3471 4757 atque

1898 4787 2024 4839 inde
2055 4799 2247 4854 rursus
2276 4798 2401 4837 cum
2431 4782 2760 4849 imperatore
2797 4779 3116 4850 Byzantium
3144 4793 3317 4846 usque
3347 4793 3472 4845 pro-

1897 4891 2125 4947 gressus
2156 4886 2263 4935 est,
2293 4882 2350 4926 et
2379 4871 2594 4924 visendi
2638 4871 2842 4934 studio,
2876 4881 2930 4923 et
2957 4869 3128 4929 unbis,
3162 4868 3205 4921 si
3251 4875 3471 4935 oporte-

1901 4976 2004 5029 ret,
2054 4962 2420 5019 sollicitanda:
2461 4977 2646 5015 causa.
2698 4959 2833 5015 Cum
2885 4960 3071 5029 itaque
3123 4959 3382 5021 venisset,
3415 4965 3470 5010 et

1896 5061 2044 5130 justo
2098 5059 2274 5127 spatio
2309 5056 2623 5124 interjecto,
2663 5053 2827 5107 modo
2857 5064 3006 5108 stans
3037 5052 3196 5106 modo
3225 5051 3469 5105 circum.

217 5139 377 5207 ριιὼν
402 5138 623 5188 ἐσκόπει
650 5139 743 5188 καὶ
768 5135 1036 5204 συνεώρα,
1067 5137 1234 5207 πολλή
1262 5154 1342 5200 τις
1371 5139 1532 5190 αὐτὸν
1563 5140 1784 5206 συνέσχε

1845 5149 2098 5214 )eundo,
2145 5148 2522 5217 specularetur
2564 5156 2619 5199 et
2659 5144 2834 5200 oculis
2881 5145 3165 5211 lustraret,
3205 5144 3467 5213 majorem

1575 5264 1912 5327 Variorum
1951 5274 2138 5328 nota).

290 5383 402 5453 (79)
435 5379 730 5453 (laritacuz.
771 5378 865 5432 lib.
902 5394 984 5444 Ill,
1010 5394 1132 5448 cap.
1155 5383 1254 5453 780.
1286 5385 1516 5440 Dvcnc,

289 5451 402 5521 (μοι
444 5451 552 5502 Hoc
587 5452 707 5530 loco
737 5453 1083 5530 περιαγωγαὶ
1115 5452 1371 5530 videntur
1402 5472 1522 5510 esse
1561 5459 1787 5528 ignomi-

212 5527 382 5577 niosa'
401 5539 491 5591 per
520 5526 745 5587 compita
778 5528 824 5571 et
874 5527 988 5586 [ora
1048 5526 1423 5589 traductiones,
1479 5526 1594 5581 aut'
1623 5532 1786 5583 etiam

209 5594 406 5648 exsilia
433 5603 479 5643 et
503 5591 910 5658 deportationes.
945 5591 1152 5646 Butvm.

289 5666 406 5734 (8i)
441 5661 804 5734 CatiIaCtizcit.
845 5661 1042 5726 lib.ttt,
1068 5680 1190 5734 cap.
1236 5665 1324 5720 8|.
1363 5668 1592 5721 Ducum

286 5730 399 5805 (82)
437 5733 536 5805 llic
557 5739 706 5805 errat
731 5730 1020 5805 ’Grcggot‘as.
1065 5730 1254 5802 Neque:
1315 5740 1460 5790 enim
1521 5740 1788 5796 Amurius

211 5799 334 5861 tim
385 5804 512 5870 luit,
577 5802 670 5855 sed
723 5799 1004 5855 Orcltaucs
1056 5799 1335 5860 orientalis
1393 5810 1656 5879 Bithynia.-
1704 5830 1789 5864 su-

1891 5404 2066 5461 trapa,
2102 5395 2305 5462 quique
2368 5409 2396 5447 a
2443 5392 2811 5461 Paphlagonia
2872 5405 3045 5459 usque
3090 5390 3143 5442 in
3181 5387 3468 5459 Phrygiam

1895 5466 2230 5532 imperabat.
2264 5472 2323 5517 ut
2357 5475 2591 5516 testatur
2623 5467 2737 5530 ipse
2765 5462 3180 5532 Cautacuizeuus
3215 5474 3470 5532 nonum

1891 5529 2034 5589 loco.
2069 5538 2236 5586 Amur
2281 5550 2408 5587 vero
2439 5529 2786 5600 postmodum
2822 5547 2943 5584 cum
2978 5529 3166 5597 viginti
3224 5529 3467 5600 millibus

1890 5607 2136 5673 equitum
2165 5606 2331 5666 venit,
2365 5598 2818 5658 ctCantacuzeuo
2847 5601 3021 5654 adfuit
3051 5598 3474 5673 contraAblomit-

1895 5668 2076 5740 zi'lam,
2113 5685 2170 5730 ut
2211 5677 2404 5730 scribit
2429 5675 2570 5729 idem
2601 5674 3020 5729 Cantacuzenus
3067 5685 3190 5739 cap.
3243 5668 3330 5721 81.
3368 5669 3471 5722 Βυ-

1892 5761 2044 5800 (ΣᾹΝΟ.
