4236 6442
783 403 888 467 967

1067 403 1142 474 [Α.
1184 417 1238 455 ιι.
1277 403 1437 466 6855,
1467 417 1570 456 IND.
1617 402 1710 471 l3]

1996 404 2419 468 NICEPHORI
2458 404 2840 465 GREGOR/E

3183 399 3320 472 Line.
3362 419 3406 456 ι.
3450 418 3682 459 ιιλιιιοι..
3725 402 3781 475 ὅ]

3925 407 4040 468 968

785 517 1050 586 dignitate
1091 529 1145 572 et
1173 534 1374 587 genere
1409 519 1766 589 praestabant.
1790 535 1969 589 neque
2004 521 2151 575 ullus
2179 526 2347 582 esset.
2381 529 2398 580 Δ

2459 514 2521 588 ἦν
2549 519 2700 588 αὐτῷ
2723 559 2737 582 ,
2767 518 2905 572 ἀλλά
2931 518 3137 580 πάντες
3165 519 3472 584 ἐδεδίεσαν,
3503 519 3695 590 ὥσπερ
3730 519 3899 592 πάλαι
3927 520 4041 571 Συ-

784 608 879 677 qui
939 609 1126 663 oculos
1175 621 1365 666 contra
1416 612 1666 667 attollere
1708 613 1968 678 auderet,
2021 613 2115 667 sed
2163 626 2356 666 omnes

785 699 1230 762 extimescerent,
1264 709 1325 755 ut
1357 700 1490 755 olim
1529 700 1856 773 Syracusani
1893 703 2237 774 Dionysium,
2270 701 2358 757 Si-

785 789 924 842 cilire
957 799 1273 860 tyrannum.

859 880 947 933 Ill.
985 882 1328 954 Quapropter
1354 885 1408 940 in
1431 886 1608 942 veteri
1641 887 1844 956 palatio
1868 887 2135 942 munitam
2164 903 2358 958 quam-

2456 608 2736 680 ρακούσιοι
2769 608 3047 663 Διονύσιον
3072 609 3164 664 τὸν
3190 610 3448 674 Σικελίας
3475 611 3759 682 τύραννον.

2527 881 2604 938 Γ.
2632 883 2794 939 Ὅθεν
2831 885 3030 955 ὀχυρόν
3059 901 3184 938 τινα
3223 883 3431 956 πύργον
3467 883 3576 937 τῶν
3611 883 3760 937 ἔνδον
3791 881 3888 936 τοῦ
3929 901 4042 933 πα-

789 972 914 1025 dam
951 975 1185 1038 turrim,
1225 991 1336 1044 prae
1378 979 1591 1034 exteris
1645 979 1938 1042 delectam,
1992 980 2238 1035 decrevit
2279 983 2356 1037 ita

2459 977 2613 1031 λαιοῦ
2653 977 2918 1030 παλατίου
2958 977 3364 1047 ἀπολεξάμενος
3402 977 3834 1040 κατασκευάζειν
3868 969 4044 1043 me-

788 1063 1153 1130 exaediﬁcare,
1181 1074 1241 1119 ut
1277 1067 1330 1120 in
1363 1069 1588 1123 multam
1621 1069 1968 1124 altitudinem
2001 1070 2355 1136 eveheretur,

789 1155 1109 1226 cellulazque
1140 1159 1382 1214 inessent
1429 1161 1710 1230 plurimae,
1746 1173 2000 1232 paterent
2028 1174 2211 1218 autem
2242 1163 2355 1219 sin-

788 1247 948 1316 gulae,
989 1258 1096 1301 tam
1143 1249 1197 1303 in
1223 1250 1443 1321 longum
1474 1267 1636 1322 quam
1670 1252 1724 1306 in
1750 1253 1943 1316 latum,
1971 1270 2080 1310 non
2116 1256 2237 1324 plus
2263 1272 2358 1310 or-

790 1341 907 1407 gjia
934 1357 946 1392 :
980 1341 1206 1410 crepido
1235 1357 1367 1396 vero
1399 1359 1496 1398 seu
1532 1340 1834 1398 ambulatio
1867 1345 1980 1409 illa,
2009 1362 2133 1414 quae
2167 1363 2356 1402 muro-

787 1444 907 1482 rum
942 1429 1156 1501 t'astigia
1188 1433 1382 1497 ambit,
1409 1450 1518 1487 non
1551 1436 1698 1488 intus
1722 1435 1815 1490 sed
1841 1435 2181 1492 extrinsecus
2210 1447 2358 1494 esset

791 1517 1165 1574 circumducta
1195 1541 1210 1586 ;
1243 1535 1311 1576 eo
1337 1521 1548 1577 scilicet
1581 1537 1642 1578 ut
1674 1524 1739 1579 iis
1780 1526 2062 1588 omnibus.
2093 1544 2234 1599 quos
2263 1530 2355 1584 ille

787 1613 882 1657 aut
907 1606 1123 1661 vinctos
1153 1609 1396 1674 tenebat,
1437 1621 1533 1667 aut
1565 1613 1617 1665 in
1650 1614 1868 1668 vincula
1915 1616 2192 1685 conjicere
2244 1633 2363 1673 me-

789 1696 1087 1763 ditabatur,
1145 1700 1352 1755 coactis
1403 1701 1558 1756 intus
1606 1713 1771 1773 atque
1816 1707 2115 1790 conclusis,
2148 1710 2353 1764 nullam

787 1798 1064 1856 patentem
1115 1802 1327 1862 portam
1376 1795 1749 1866 relinqueret,
1797 1813 1898 1869 per
1945 1816 2108 1870 quam
2157 1803 2356 1873 aliquis

2455 1088 2540 1124 κει
2569 1071 2702 1140 πρὸς
2733 1071 2880 1138 μάλα
2906 1070 3040 1124 πολὺ
3068 1069 3166 1123 τοῦ
3192 1069 3354 1141 ἀὶρος
3383 1069 3470 1142 [Ρ.
3500 1068 3630 1140 459]
3655 1069 3718 1120 τὸ
3742 1067 3874 1136 ὕψος
3907 1068 4046 1118 ἀνά-

2425 1180 2430 1184 ·
2455 1178 2647 1229 γοντα,
2677 1162 2772 1212 καὶ
2801 1161 3081 1224 οίκίσκους
3108 1162 3166 1214 ἐν
3193 1160 3343 1229 αὐτῷ
3376 1158 3606 1223 πολλοὺς
3640 1160 3770 1228 μὲν,
3800 1158 3952 1227 χώρη
3964 1176 4043 1223 μα,

2455 1251 2497 1305 δ’
2518 1253 2747 1305 ¹ἑκαστον
2771 1252 2963 1322 ἔχοντα
2989 1253 3199 1323 μήκους
3224 1251 3340 1322 ἅμα
3363 1254 3458 1307 καὶ
3484 1251 3720 1312 πλάτους
3740 1250 3893 1302 οὐδὲν
3916 1249 4047 1317 οὖρα

2457 1347 2582 1412 γιᾶς
2615 1345 2726 1415 (εις)
2762 1344 2961 1415 μᾶλλον
2985 1358 2998 1374 ⁸
3031 1346 3122 1398 τόν
3149 1361 3212 1411 γε
3247 1346 3352 1414 μὴν
3386 1345 3478 1396 ἐπὶ
3505 1343 3612 1396 τῶν
3642 1343 3921 1407 ἐπάλξεων
3949 1357 4046 1393 πε·

2460 1438 2713 1508 ρίδρομον
2737 1436 2836 1489 οὐκ
2859 1434 3086 1500 ἔσωθεν,
3118 1433 3234 1486 ἀλλ’
3259 1433 3460 1498 ἔξωθεν
3489 1428 3628 1485 εῐναι
3663 1432 3998 1501 ἐληλαμένον
4026 1446 4041 1459 ·

2458 1529 2630 1581 αῐτιον
2655 1528 2700 1582 δ’
2724 1529 2811 1581 ἴνα
2842 1527 3049 1588 πάντας
3083 1525 3315 1588 ὁπόσους
3346 1528 3550 1588 ἐκεῖνος
3579 1520 3694 1593 εἶχε
3723 1523 4041 1592 δεσμώτας.

2457 1621 2551 1672 καὶ
2579 1621 2735 1682 ὅσους
2763 1619 2905 1685 ἐξειν
2928 1619 3015 1671 διὰ
3039 1616 3268 1687 μελέτης
3291 1612 3422 1686 εἶχε,
3457 1614 3780 1683 συναγαγὼν
3798 1617 3896 1666 καὶ
3917 1631 4046 1678 συγ-

2455 1712 2679 1774 κλείσας
2741 1712 2894 1774 me;
2958 1711 3228 1781 μηδεμίαν
3269 1708 3628 1779 ἀνεῳγμένην
3671 1707 3856 1769 αὐτοῖς
3898 1706 4045 1775 ἐάσῃ

2459 1805 2670 1877 πύλην,
2703 1805 2770 1858 δι’
2795 1799 2864 1876 ἦς
2899 1804 2965 1859 ἄν
2999 1821 3086 1866 τις
3121 1803 3350 1856 εἰσέλθοι
3384 1818 3445 1854 τε
3480 1799 3578 1853 καὶ
3615 1798 3862 1862 ἐξέλθοι*
3902 1797 4044 1850 ἀλλὰ

789 1881 1019 1938 introire
1065 1893 1160 1938 aut
1192 1886 1382 1956 egredi
1413 1899 1598 1958 posset
1629 1909 1642 1955 ;
1680 1890 1778 1945 sed
1826 1891 2102 1961 lapidibus
2131 1871 2398 1954 cunctas.1

2459 1871 2624 1958 λίθοι-ς
2649 1897 2743 1949 καὶ
2762 1871 2961 1966 τιτάνῳ
2981 1894 3325 1965 περιφράξας
3349 1893 3568 1956 ἁπάσας
3589 1889 3778 1960 ὥσπερ
3802 1890 3862 1942 ἐν
3880 1889 4044 1957 τάφῳ

786 1986 842 2029 et
894 1993 1064 2048 gypso
1111 1979 1452 2046 Obstrueret,
1488 1992 1655 2054 atque
1705 1984 1780 2039 ita
1834 1987 1988 2055 quasi
2041 1989 2196 2044 vivos
2234 1990 2358 2045 illos

787 2069 1066 2136 sepeliret.

861 2159 951 2214 IV.
992 2162 1287 2231 Postquam
1350 2166 1535 2235 itaque
1575 2168 1886 2224 absolutum
1937 2181 2022 2226 est
2065 2173 2357 2229 aediﬁcium

791 2251 927 2334 illud
972 2255 1098 2309 novi
1133 2259 1372 2326 generis,
1407 2276 1531 2314 cum
1585 2273 1868 2331 oporteret
1917 2265 2161 2319 triduum
2215 2267 2359 2322 intra

789 2357 908 2406 eos,
955 2347 1047 2414 qui
1096 2347 1152 2402 in
1198 2349 1434 2404 vinculis
1465 2361 1643 2417 erant,
1690 2355 1898 2409 includi
1931 2371 2121 2412 omnes
2167 2359 2354 2423 simul.

791 2443 1049 2505 tanquam
1083 2440 1135 2493 in
1165 2456 1347 2496 arcem
1377 2443 1596 2511 Oblivii,
1625 2457 1718 2500 aut
1766 2449 2077 2518 sepulcrum
2138 2452 2360 2522 aliquod

789 2539 1106 2591 commune,
1145 2530 1388 2588 incidere
1427 2535 1502 2588 illi
1537 2536 1591 2590 in
1619 2547 1866 2606 apertam
1904 2541 2029 2594 vitae
2079 2545 2362 2611 praesentis

790 2621 1211 2691 communisque
1263 2627 1522 2682 omnibus
1555 2629 1696 2683 lucis
1733 2630 2192 2699 desperationem,
2234 2636 2363 2689 sub-
2393 2619 2398 2624 ’

796 2710 1010 2782 iitque,
1082 2715 1293 2784 abjecta
1346 2719 1429 2772 sui
1487 2724 1728 2788 Ipsorum
1779 2723 1934 2792 731
1986 2741 2139 2786 cura.
2187 2727 2360 2780 aleam

791 2819 1011 2858 omnem
1042 2807 1303 2862 audacius
1324 2810 1531 2878 jacere,
1563 2821 1618 2865 et
1647 2821 1937 2883 antequam
1978 2817 2084 2868 vivi
2115 2827 2360 2885 paratum

792 2898 848 2950 in
875 2899 1145 2952 tumulum
1165 2899 1861 2963 detruderentur,‘duorum
1887 2907 2119 2960 alterum
2141 2924 2360 2972 navare,

791 3000 956 3058 atque
995 3000 1091 3044 aut
1137 3000 1370 3061 tyranno
1422 2995 1696 3049 trucidato
1743 3013 1936 3064 parare
1989 2999 2096 3052 sibi
2133 3000 2262 3068 ipsis
2297 3002 2362 3053 li-

791 3080 1085 3144 bertatem,
1120 3093 1213 3136 aut
1242 3083 1388 3137 virili
1439 3085 1608 3139 semel
1652 3096 1828 3140 morte
1860 3089 2122 3155 appetita,
2155 3091 2363 3158 gravis-

2463 1987 2673 2052 ζῶντας
2702 1989 2928 2060 κατέχῃ.

2531 2178 2604 2230 Δ’.
2643 2174 2798 2226 Ἐπεὶ
2830 2173 2885 2226 δὲ
2915 2171 3066 2234 τέλος
3098 2169 3210 2240 εἶχε
3244 2173 3308 2224 τὰ
3342 2173 3438 2240 τῆς
3470 2170 3626 2238 ξένης
3655 2169 3870 2238 ἐκείνης
3899 2168 4048 2221 οἱκο-

2459 2265 2678 2335 δομίας,
2699 2265 2789 2316 καὶ
2811 2263 2916 2314 ἔδει
2940 2261 3105 2331 τριῶν
3128 2261 3349 2330 ἡμερῶν
3375 2259 3581 2328 μεταξὺ
3605 2258 3731 2320 τοὺς
3757 2256 4048 2326 δεσμώτας

2461 2354 2597 2425 ὁμοῦ
2632 2353 3055 2422 συγκλεισθῆναι
3089 2354 3300 2413 πάντας
3331 2350 3514 2413 ἐντὸς,
3550 2349 3803 2418 καθάπερ
3836 2349 3918 2410 είς
3949 2348 4046 2416 λὴο

2463 2448 2559 2516 οης
2592 2447 2848 2517 φρούριον
2877 2447 2986 2513 (86)
3016 2445 3048 2514 ἧ
3078 2445 3256 2497 κοινὸν
3284 2443 3654 2514 πολυάνδριον,
3685 2443 3766 2504 είς
3793 2442 4050 2508 ἀπόγνω-

2465 2559 2549 2592 σιν
2571 2535 2707 2612 ἦκον
2734 2542 2780 2591 οἱ
2809 2539 3019 2606 δέσμιοι
3051 2537 3303 2606 προφανῆ
3333 2538 3429 2606 τῆς
3455 2539 3741 2605 παρούσης
3767 2535 3919 2604 ζωῆς
3947 2536 4048 2587 καὶ

2464 2632 2558 2684 τοῦ
2589 2630 2770 2683 κοινοῦ
2800 2634 2912 2692 τοῖς
2946 2631 3110 2681 πᾶσιν
3139 2629 3292 2695 ἡλίου
3320 2645 3334 2660 '
3369 2630 3464 2682 καὶ
3497 2628 3649 2695 σφῶν
3678 2629 3860 2680 αὐτῶν
3888 2630 4049 2695 ἀφει-

2463 2723 2688 2792 ὂὴσασιν
2723 2722 2814 2773 ἐπὶ
2850 2721 2910 2773 τὸ
2951 2719 3403 2790 παραϐολώτερον
3437 2721 3565 2782 τοὺς
3599 2720 3697 2787 τῆς
3734 2720 3908 2788 τύχης
3949 2719 4049 2770 κὺ-

2466 2817 2593 2877 ἴιους
2632 2817 2992 2886 ἀναρῤἶπτειν
3036 2814 3213 2883 ἐπῄει,
3257 2813 3350 2866 καὶ
3397 2814 3526 2883 πρὶν
3575 2813 3782 2875 ζῶντας
3829 2815 3911 2875 εἰς
3959 2814 4050 2863 τὶν

2467 2909 2833 2977 προκείμενον
2877 2905 3215 2976 ἐμϐληθῆναι
3265 2905 3464 2972 τάφον,
3513 2905 3655 2956 δυοῖν
3702 2904 4050 2972 ἐργάσασθαι

2466 3000 2694 3067 θάτερον
2718 3013 2733 3028 ο
2772 2997 2804 3066 ἢ
2845 2996 2988 3062 ξίφει
3021 2997 3111 3047 τὸν
3142 2994 3406 3063 τύραννον
3436 2994 3914 3062 διαχρησαμένους
3950 2994 4050 3060 τὴν

2463 3087 2559 3141 τοῦ
2592 3090 2706 3159 βίου
2739 3089 2920 3157 σφίσιν
2948 3088 3126 3148 αὐτοῖς
3155 3084 3470 3154 ἐλευθερίαν
3497 3083 3828 3152 πορίσασθαι
3847 3101 3862 3116 ’
3891 3085 3925 3154 ἢ
3953 3084 4048 3134 τὸν

793 3173 948 3226 simis
992 3175 1043 3227 in
1078 3185 1355 3244 posterum
1395 3178 1654 3231 aerumnis
1688 3178 1934 3234 liberari.
1973 3182 2025 3235 ld
2074 3183 2361 3236 consilium
2393 3220 2398 3256 ι

2468 3182 2693 3252 ἀνδράσι
2740 3183 3018 3248 πρέποντα
3063 3179 3292 3233 θάνατον
3333 3178 3479 3241 ἅπαξ
3522 3177 3767 3229 ἐκτίσασι
3815 3177 4050 3246 μακρῶν

792 3279 918 3318 cum
958 3265 1100 3318 inter
1131 3281 1191 3320 se
1225 3269 1727 3323 communicassent
1757 3282 1992 3338 quatuor
2028 3286 2095 3326 ex
2129 3273 2364 3326 nobilio-

793 3356 968 3417 ribus,
1002 3358 1140 3411 ultra
1173 3359 1425 3427 progredi
1464 3376 1571 3412 non
1601 3362 1828 3430 placuit,
1858 3379 1925 3415 nc
1958 3364 2381 3433 divulgaretur.

792 3445 1006 3499 Etenim
1049 3451 1162 3515 ipsa
1193 3448 1361 3502 futuri
1396 3450 1672 3504 evidentia
1709 3456 2049 3508 manifestam
2086 3454 2247 3510 fidem
2281 3457 2364 3510 fa-

793 3539 991 3599 ciebat,
1012 3539 1103 3592 ubi
1131 3555 1242 3592 rem
1268 3544 1502 3609 aggressi
1528 3553 1732 3607 essent,
1759 3546 1970 3598 futuros
1994 3548 2058 3602 iis
2081 3548 2365 3618 adjutores

796 3633 850 3683 in
899 3645 965 3683 eo
1018 3631 1289 3684 libertatis
1333 3634 1634 3688 certamine
1682 3651 1776 3690 eos
1806 3654 2037 3699 omnes.
2069 3642 2164 3708 qui
2199 3641 2365 3696 vincti

796 3733 1140 3788 tenerentur,
1177 3739 1488 3794 quanquam
1523 3727 1666 3780 baud
1704 3730 2132 3797 prauneditatos.

882 4008 940 4060 V.
982 4006 1118 4062 Cum
1169 4008 1336 4077 igitur
1379 4009 1581 4062 soleret
1631 4011 1955 4077 Apocaucus
1996 4011 2123 4064 illuc.
2169 4012 2369 4082 sacpius

797 4101 901 4163 ire.
938 4115 999 4154 ac
1033 4112 1163 4154 tunc
1210 4101 1446 4153 maxime
1491 4102 1676 4154 iabros
1710 4101 1774 4154 ad
1808 4118 1945 4168 opus
1972 4113 2190 4171 urgeret
2230 4124 2243 4169 ;
2274 4105 2368 4160 ubi

799 4209 1094 4262 supremus
1145 4192 1262 4246 dies
1314 4193 1489 4256 alluit,
1545 4208 1655 4261 quo
1706 4193 1994 4262 oportebat
2045 4195 2112 4248 ad
2157 4197 2368 4250 exitum

797 4287 1023 4357 perduci
1075 4301 1137 4338 ea
1181 4301 1303 4356 qum
1339 4286 1642 4340 deliberata
1672 4296 1850 4350 erant,
1885 4289 2035 4342 venit
2067 4298 2190 4358 post
2223 4306 2367 4345 som-

801 4392 932 4430 num
981 4386 1037 4428 ct
1068 4390 1308 4430 mensam
1356 4386 1699 4444 aspecturus,
1734 4391 1930 4445 nempe
1979 4379 2276 4448 singularis
2307 4382 2371 4434 il-

800 4467 910 4521 lius
946 4467 1184 4520 carceris
1228 4465 1473 4518 ultimam
1527 4466 2016 4520 exmditicationem
2058 4476 2113 4520 et
2149 4469 2371 4523 absolu-

2470 3273 2560 3325 τοῦ
2590 3273 2780 3324 λοιποῦ
2809 3273 2999 3324 δεινῶν
3031 3272 3394 3340 ἀπηλλάχθαι.
3429 3272 3518 3330 Είς
3550 3270 3955 3347 τέτταραςνμέν
3983 3271 4048 3338 δὴ

2468 3366 2578 3418 τῶν
2604 3366 3008 3432 εὐγενεστέρωυ
3035 3365 3094 3416 τὸ
3123 3364 3361 3416 τοιοῦτον
3386 3363 3710 3431 διαϐεϐηκδς
3741 3363 4048 3432 βούλευμα,

2469 3451 2782 3528 πἐραιτέρω
2811 3457 3128 3526 προϐαίνειν
3153 3457 3252 3508 οὐκ
3282 3457 3471 3526 ἐκρίθη
3501 3455 3631 3517 δεῖν,
3662 3456 3736 3516 ὼς
3770 3456 3848 3526 μὴ
3877 3457 4048 3508 ἔκπυ-

2471 3567 2595 3601 στον
2625 3549 2906 3618 φωραθείη
2933 3549 3245 3618 γενόμενον.
3277 3545 3350 3599 Τὸ
3380 3549 3486 3616 γάρ
3515 3564 3594 3598 τοι
3628 3549 3909 3615 προφανές
3936 3548 4046 3599 τῶν

2470 3639 2700 3692 ἐλπίδων
2739 3639 3264 3708 ἀναμφισϐητήτως
3301 3638 3452 3697 τινὰς
3494 3636 3739 3690 ὑπετίθει
3771 3638 3872 3698 τὰς
3917 3638 4052 3690 ὐπο-

2471 3729 2708 3798 σχέσεις,
2737 3729 3157 3798 ἐπιχειρήσασιν
3187 3727 3337 3796 ἥξειν
3367 3728 3482 3796 ἄμα
3509 3729 3716 3789 πάντας
3744 3727 4053 3796 συλλήπτο-

2474 3839 2573 3891 ρας
2600 3824 2727 3883 τοὺς
2758 3821 3064 3890 δεσμώτας,
3095 3824 3190 3873 καὶ
3224 3822 3298 3890 μὴ
3332 3821 3875 3891 προμελετήοαντας,
3905 3823 3967 3884 ἐς
3992 3824 4055 3873 τὸ

2469 3915 2648 3968 κοινὸν
2675 3915 2774 3983 τῆς
2807 3915 3120 3982 ἐλευθερίας
3150 3913 3385 3966 στάδιον.

2540 4004 2616 4062 Ε’.
2651 4005 2854 4069 Είωθὸς
2901 4005 3006 4058 οὖν·
3042 4004 3368 4075 Ἀποκαύκῳ
3413 4005 3739 4077 συχνότερον
3792 4007 4055 4076 ἐνδημεῖν

2471 4097 2607 4161 ἐκεῖ,
2642 4099 2738 4150 καὶ
2771 4097 3018 4164 μάλιστα.
3047 4095 3142 4147 νῦν
3190 4093 3576 4163 ἐπιταχύνοντι
3633 4095 3771 4163 πρὸς
3819 4095 4054 4162 τοῦργιν

2472 4189 2600 4249 τοὺς
2662 4187 2960 4248 τέκτοναςο·
3006 4185 3198 4254 ἐπειδὴ
3263 4183 3357 4237 καὶ
3411 4185 3442 4253 ἡ
3508 4183 3798 4238 τελευταία
3867 4189 4058 4255 παρῆν

2470 4281 2676 4350 ⁴ἡμέρα,
2709 4278 2832 4331 καθ’
2884 4279 2952 4348 ἢν
2997 4279 3075 4341 είς
3144 4279 3319 4346 πέρας
3373 4278 3479 4330 ἔδει
3529 4276 3933 4346 πρωνεχθῆναι
3995 4281 4057 4326 τὸ

2474 4373 2770 4441 βούλευμα,
2819 4365 2922 4441 ἧκε
2983 4371 3099 4440 μεθ’
3139 4371 3306 4424 ὕπνον
3358 4373 3452 4424 καὶ
3510 4369 3791 4438 τράπεζαν
3840 4371 4057 4438 ὀᾲόμε-

2474 4482 2560 4528 νος
2589 4464 2700 4534 (87)
2750 4463 2849 4533 τὴν
2892 4463 2990 4532 τῆς
3030 4464 3185 4531 ξένης
3233 4464 3455 4532 εἱρκτῆς
3499 4461 3815 4515 τελευταίαν
3846 4463 4058 4514 οίκοοῖι-

801 4569 910 4613 tam
951 4561 1116 4613 totius
1163 4559 1348 4627 operis
1395 4558 1949 4611 consummationem.
1997 4558 2057 4610 Et
2111 4559 2237 4627 quia
2270 4575 2369 4629 per

2477 4558 2607 4628 μίαν
2640 4561 2733 4611 καλ¹
2783 4556 2872 4608 τὸν
2925 4556 3150 4610 ἀνενδεᾶ
3197 4555 3295 4624 τῆς
3351 4556 3476 4624 ὅλης
3524 4556 3873 4623 ἀπαρτισμὸν
3922 4557 4059 4608 ὐπο-

801 4669 1055 4707 sontnum
1093 4653 1181 4706 illa
1216 4653 1303 4705 die
1343 4653 1482 4720 (erat
1531 4662 1712 4703 autem
1747 4651 2036 4704 undeciuta
2075 4651 2247 4720 Junii)
2280 4669 2371 4721 pa-

801 4763 962 4799 vores
993 4761 1116 4801 cum
1168 4744 1390 4812 quidam
1438 4745 1506 4796 ab
1557 4744 1836 4797 atrocibus
1875 4745 2104 4797 somniis
2147 4745 2367 4798 excitati

802 4840 1282 4907 perturbaverant,
1302 4836 1481 4904 qualia
1509 4836 1647 4888 solet
1667 4850 1807 4903 smpe
1831 4851 2030 4888 numen
2063 4836 2128 4888 iis
2152 4836 2370 4890 casibus

803 4939 1050 4998 portenta
1101 4929 1452 4997 przemittere,
1503 4927 1554 4979 id
1608 4928 1857 4994 quidem,
1894 4929 2041 4996 quod
2077 4944 2228 4997 spem
2266 4929 2370 4982 ali-

800 5035 965 5087 quant
1010 5020 1203 5071 salutis
1237 5017 1520 5080 atl'crebat,
1560 5033 1666 5071 non
1704 5018 1963 5086 providit,
2005 5020 2150 5088 quod
2189 5032 2368 5072 autem

805 5113 907 5181 ipsi
941 5111 1006 5164 ad
1042 5111 1413 5180 impendentia
1444 5111 1686 5179 pericula
1727 5112 2033 5164 breviorem
2061 5115 2201 5165 viam
2253 5129 2373 5165 mu-

802 5206 1012 5268 niebat,
1056 5204 1189 5258 illud
1242 5203 1346 5257 sibi
1381 5204 1448 5257 ad
1504 5203 1734 5257 salutem
1785 5203 1984 5258 melius
2037 5219 2158 5258 esse
2219 5205 2374 5259 duxit

2478 4649 2698 4712 θέσεως.
2729 4649 2838 4700 Καὶ
2871 4646 3060 4716 ἐπειδὴ
3107 4647 3248 4698 κατὰ
3291 4645 3418 4708 τοὺς
3449 4646 3544 4712 τῆς
3581 4646 3790 4714 ἡμέρας
3833 4646 4058 4709 ἐκείνη(

2479 4743 2682 4803 ὔπνους
2741 4739 3028 4809 (ἑνδεκάτη
3078 4738 3122 4789 δ’
3175 4734 3243 4807 ἦν
3272 4737 3513 4805 Ἰουνίου)
3555 4735 3773 4806 θόρυϐοί
3817 4753 3970 4798 τινες
4000 4737 4062 4797 εξ

2476 4834 2702 4902 ὀνείρων
2755 4834 2962 4902 ἀγρίων
3002 4831 3168 4883 αὑτὸν
3203 4829 3564 4897 ἐξεφόϐησαν,
3597 4822 3684 4879 οἷα
3725 4827 3870 4894 φιλεί
3924 4830 4060 4878 πολι

2479 4926 2633 4988 λάκις
2657 4927 2715 4977 ἐν
2754 4927 2866 4986 τοῖς
2893 4922 3156 4984 τοιούτοις
3194 4923 3610 4990 προαναφωνεῖν
3643 4921 3704 4971 τὸ
3741 4921 4058 4987 δαιμόνιον.

2477 5019 2505 5072 δ
2541 5018 2639 5089 μέν
2675 5016 2822 5085 αὑτῷ
2861 5015 3135 5084 σωτηρίας
3183 5011 3326 5082 εἶχεν
3363 5014 3604 5078 ἐλπίδας,
3631 5013 3692 5064 οὐ
3745 5011 4058 5080 μεμελέτη·

2481 5130 2574 5164 κεν
2599 5127 2612 5140 °
2644 5111 2671 5162 ὃ
2700 5110 2745 5160 δ’
2777 5106 2922 5178 εἶχεν
2953 5108 3032 5170 είς
3071 5109 3196 5170 τοὺς
3231 5107 3641 5177 ἐπηρτημένους
3681 5104 3825 5172 αὐτῷ
3874 5121 3954 5154 κι·
3977 5105 4065 5154 6e-

2481 5220 2604 5266 νους
2629 5203 2867 5272 ὀξύτερα
2917 5200 2984 5253 τὰ
3027 5200 3238 5266 ἐφόδια,
3267 5197 3424 5251 τοῦτο
3456 5197 3522 5267 δὴ
3572 5200 3664 5251 καὶ
3705 5195 3920 5266 βέλτιον
3986 5199 4065 5257 εἰς

2149 5345 2490 5405 Variorum
2539 5351 2727 5404 notm.

879 5476 988 5544 (85)
1023 5474 1258 5531 Barbare
1286 5491 1382 5546 pro
1416 5473 1660 5544 ὀργυιάς.
1695 5475 1829 5529 Vide
1851 5475 2090 5532 Glossar.
2126 5477 2368 5546 Ducang.

806 5545 1148 5684 Busizi'iTVide
1179 5619 1410 5686 Proc0p.
1443 5618 1514 5670 L'e
1547 5618 1680 5670 bello
1719 5618 1948 5684 Persico,
1977 5619 2074 5673 lib.
2103 5634 2139 5683 ι,
2168 5633 2289 5686 cap.
2319 5617 2372 5671 5.

805 5687 1013 5744 BotvtN.

877 5760 985 5826 (8'7)
1024 5760 1258 5814 Verbum
1295 5760 1460 5814 verbo
1499 5759 1731 5817 reddidi.
1768 5775 1866 5812 uec
1907 5777 2074 5814 ausus
2130 5777 2249 5814 sum
2281 5763 2381 5815 ali-

811 5838 893 5882 ter
921 5841 1312 5901 tnterpungerc
1371 5841 1531 5899 atque
1592 5841 1649 5882 ut
1701 5830 1753 5880 in
1787 5831 1977 5891 codice.
2006 5834 2172 5896 [legio
2211 5835 2381 5886 inter-

2476 5485 2740 5546 punctum
2771 5465 3448 5546 ονομριιὶἀεξιτράπεζα
3477 5461 3749 5546 ίιοοιοοοἶ
3773 5475 3881 5512 non
3927 5465 4067 5515 satis

2479 5535 2768 5613 assequor.
2827 5544 3078 5597 Fortasse
3133 5538 3221 5590 hic
3278 5549 3472 5613 sensus
3519 5545 3650 5585 est:
3698 5535 4066 5611 _Apocam~um

2480 5619 2583 5669 diri
2616 5603 2758 5667 illius
2801 5613 3026 5666 carceris
3082 5615 3294 5676 aspectu
3356 5603 3529 5682 oculos
3587 5605 3809 5671 pavisse,
3850 5618 3920 5682 ac
3989 5620 4070 5655 νοι

2479 5661 2663 5738 ἷυηιηο
2687 5687 2970 5736 excitatum
3013 5697 3070 5732 eo
3100 5661 3357 5745 tu'ttquam
3391 5661 3722 5726 ad’mcnsam
3769 5676 4068 5738 Opiprn‘cnt

2485 5759 2796 5809 cucurrisse.
2830 5759 2910 5806 An
2942 5745 3026 5804 b'ts
3053 5751 3234 5802 venit:
3262 5747 3455 5811 semel,
3483 5755 3594 5814 post
3626 5761 3898 5808 somnum,
3963 5759 4066 5798 tte-

2487 5842 2606 5881 rutn
2637 5835 2751 5894 post
2783 5840 3017 5877 mensam
3047 5821 3071 5874 Ρ
3101 5821 3308 5872 Botvm.
