4236 6442
284 394 392 458 πθ
671 390 753 461 Ia.
792 404 842 446 c.
887 388 1048 461 I555]

1289 393 1731 455 BYZANTIN/E
1773 393 2153 452 ΠιδΤοιιωι
2193 392 2336 452 LIB.
2380 391 2532 450 XIV.

2642 384 2774 455 [nm
2818 401 2858 438 J.
2901 399 3137 443 P.\L£OL.
3180 384 3236 453 ι]

3410 389 3519 450 ςτο

284 509 560 578 σωτηρίαν
615 503 758 561 εἶναι
819 508 1044 579 κέκρικέ
1097 523 1156 560 τε
1219 509 1313 561 καὶ
1361 507 1556 561 εἵλετο.
1585 506 1659 558 Τὸ
1688 506 1734 560 δ’
1761 501 1852 575 ἦν,
1883 510 1927 566 Α

1846 544 1852 566 ,
1883 510 1927 566 Α
1957 505 2202 574 adeoque
2232 502 2491 575 prmtulit.
2543 499 2673 555 Erat
2710 517 2875 571 porro
2920 500 3077 562 illud.
3109 501 3372 556 satellites
3402 503 3519 572 ejus

281 598 388 662 ἔξω
421 595 575 668 παρὰ
600 597 698 659 τὰς
735 595 830 648 τοῦ
874 594 1138 648 παλατίου
1182 593 1392 646 ἐκείνου
1428 593 1603 654 πύλας
1639 593 1845 660 ἀφέντα

270 691 408 752 τοὺς
426 688 760 759 δορυφόρους
789 686 953 740 αὐτοῦ
983 689 1074 740 καὶ
1097 685 1442 746 ὑπασπιστὰς
1469 684 1604 752 ὁμοῦ
1642 685 1848 743 πάντας

286 781 408 849 μεθ’
448 781 564 840 ἐνός
594 797 740 841 τινος
764 780 846 841 είς
888 779 952 832 τὸ
1003 777 1096 830 τοῦ
1131 779 1593 847 φιλοτεχνήματος
1624 775 1848 846 θέατρον

283 876 530 929 είσιέναι.
568 873 653 945 [Ρ.
687 873 813 945 460]
839 872 996 926 Οὕτω
1021 874 1130 941 γὰρ
1150 872 1390 940 ἐνόμισε,
1422 869 1549 940 μήτ’
1575 868 1637 933 ἐξ
1667 868 1852 923 αὐτῶν

284 966 437 1029 ἐντὸς
467 965 786 1034 ἐγγενέσθαι
812 965 863 1018 οί
895 963 1192 1032 ἐπιϐουλήν
1220 978 1362 1026 τινα,
1398 961 1528 1031 μήτ’
1565 959 1762 1026 ἐξωθεν
1793 958 1854 1023 ἐξ

285 1058 582 1129 ἀλλοτρίων
607 1059 734 1122 ίσως
758 1059 851 1111 καὶ
878 1055 1129 1127 δημοτῶν
1153 1054 1654 1125 ξυμμελετηθεῖσιν
1673 1067 1689 1084 ⁸
1713 1049 1854 1106 εἶναι

283 1152 396 1221 γάρ
431 1149 697 1220 μεγίστην
725 1151 845 1211 ταῖς
881 1147 1080 1211 πύλαις
1132 1145 1429 1214 ἀσφάλειαν
1459 1146 1584 1208 τοὺς
1617 1144 1855 1207 οίκείους

285 1245 528 1308 ἐκείνους
569 1241 936 1303 ὑπασπιστάς.
985 1237 1177 1300 Οὕτως
1231 1238 1259 1289 ό
1313 1236 1676 1308 δρασσόμενος
1728 1237 1852 1294 τοὺς

286 1337 483 1405 σοφοὺς
511 1337 570 1388 ἐν
598 1337 664 1405 τῇ
692 1331 1000 1403 πανουργίᾳ
1040 1314 1220 1384 αὐτῶν
1259 1333 1358 1398 τὴν
1391 1330 1584 1382 τούτου
1617 1327 1857 1382 διάνοιαν

287 1426 544 1496 ἔσφηλεν,
597 1427 686 1479 ἶνα
739 1426 867 1494 ῥᾷον
924 1421 1126 1493 μᾶλλον
1175 1419 1286 1471 τῶν
1343 1417 1640 1488 ἀλλοτρίων
1697 1417 1858 1480 αὐτὸς

284 1517 467 1584 ἐαυτῷ
495 1514 811 1583 καταστήσῃ
832 1512 922 1564 τὸν
949 1510 1210 1564 κίνδυνον.

360 1605 451 1672 (τ’.
490 1606 764 1666 Είσιόντος
798 1603 891 1656 οὖν
915 1602 1008 1654 καὶ
1043 1600 1349 1670 ἀρξαμένου
1398 1599 1512 1662 τοῖς
1556 1596 1860 1666 οίκοδόμοις

276 1697 630 1766 διαλέγεσθαι
689 1697 816 1767 περὶ
859 1694 967 1747 τῶν
1009 1693 1318 1764 πρακτέων,
1356 1691 1422 1746 τὸ
1473 1690 1776 1760 προστυχὸν
1832 1690 1861 1742 δ

298 1789 496 1844 Ῥαοϋλ
543 1787 762 1857 πρῶτος
805 1787 1063 1855 ἁρπάσας
1105 1784 1218 1854 (88)
1258 1783 1494 1854 ῥόπαλον
1537 1781 1702 1853 (μηδὲ
1749 1780 1860 1852 γάρ

1958 603 2013 646 et
2048 594 2350 663 armigeros
2386 606 2580 648 omnes
2627 591 2792 646 simul
2839 592 3090 647 exclusos
3138 591 3288 646 illius
3334 592 3516 661 palatii

1959 685 2096 736 atria
2131 683 2293 752 732
2345 697 2609 749 servare;
2651 683 2829 751 ipsum
2872 697 3003 736 vero
3040 697 3164 736 cum
3194 697 3308 736 uno
3336 682 3523 750 aliqua

1955 775 2169 843 ingredi
2204 783 2271 826 all
2321 773 2506 842 operis
2554 772 2692 841 grati
2742 773 3139 842 spectaculum.
3191 772 3268 826 lta
3319 772 3522 840 quippe

1958 881 2061 921 nec
2090 867 2240 921 intus
2272 867 2342 920 ab
2391 868 2457 920 iis
2497 867 2786 920 imminere
2825 865 2928 918 sibi
2978 865 3203 918 insidias
3249 865 3520 927 credidit;

1957 971 2064 1011 nec
2087 956 2245 1023 foris,
2276 958 2345 1012 ab
2371 957 2564 1011 alienis
2595 959 2732 1011 forte
2766 973 2864 1012 seu
2895 972 2925 1010 a
2954 957 3157 1026 populo
3192 958 3481 1011 meditatas
3509 974 3524 1010 ;

1960 1049 2256 1104 maximum
2290 1050 2436 1103 enim
2466 1059 2611 1104 stare
2647 1065 2745 1118 pro
2780 1049 2990 1104 foribus
3025 1049 3363 1119 praesidium,
3395 1062 3525 1102 suos

1962 1138 2086 1193 illos
2115 1140 2427 1208 stipatores.
2459 1140 2550 1194 Sic
2586 1139 2698 1200 ille,
2726 1141 2818 1207 qui
2856 1136 3279 1206 comprehendit
3308 1135 3528 1206 sapien-

1951 1237 2045 1284 ses
2075 1229 2130 1283 in
2156 1233 2354 1284 astutia
2382 1246 2602 1293 eorum,
2627 1240 2862 1282 mentem
2890 1228 3048 1282 istius
3076 1228 3387 1290 subvertit;
3418 1241 3528 1294 quo

1965 1321 2181 1376 facilius
2214 1322 2329 1390 ipse
2361 1323 2490 1384 sibi,
2521 1330 2578 1376 et
2610 1321 2784 1390 magis
2811 1333 2974 1389 quam
3001 1319 3182 1389 quivis
3201 1329 3526 1382 extraneus,

1968 1412 2279 1483 periculum
2317 1413 2597 1468 conflaret.

2039 1596 2126 1651 Vl.
2160 1595 2305 1652 Cum
2353 1595 2539 1666 itaque
2577 1601 2732 1649 esset
2763 1594 3066 1664 ingressus,
3094 1607 3158 1647 ac
3204 1593 3273 1646 de
3311 1591 3380 1646 iis
3412 1605 3536 1661 quae

1961 1688 2176 1761 agenda
2217 1694 2402 1743 essent
2446 1686 2708 1755 cmpisset
2747 1685 2987 1754 colloqui
3039 1699 3162 1738 eum
3213 1684 3536 1739 architectis

1967 1779 2180 1851 primus
2215 1777 2375 1842 Raul,
2408 1786 2627 1846 arrepto
2657 1790 2819 1846 quem
2850 1777 2962 1832 fors
2996 1776 3197 1832 obtulit
3238 1775 3380 1831 fuste
3411 1776 3537 1844 (nec

286 1883 546 1950 παρεῖναι
571 1880 726 1948 ξίφος
753 1879 906 1932 οὐδέν
928 1878 1045 1930 ἐκεῖ
1068 1879 1181 1939 τοῖς
1208 1873 1498 1944 δεσμίοις),
1522 1873 1616 1927 καὶ
1646 1873 1782 1944 πρὸς
1804 1871 1865 1925 τὸ
1897 1859 1940 1918 Β

1897 1859 1940 1918 Β
1966 1872 2118 1926 enim
2151 1870 2296 1926 ullus
2345 1868 2674 1939 suppetebat
2726 1868 2842 1922 illic
2871 1868 3071 1923 vinctis
3100 1866 3340 1937 gladius)
3367 1866 3539 1922 furio-

283 1973 665 2044 μανικώτερόν
701 1987 762 2025 τε
807 1971 902 2026 καὶ
951 1968 1303 2030 ἐνθουσιῶδες
1349 1967 1444 2021 τοῦ
1475 1966 1643 2038 ἤθους
1691 1965 1861 2019 ἐλθὼν

279 2065 394 2119 ὑπὸ
442 2064 592 2127 δέους
645 2064 742 2116 καὶ
787 2060 1152 2131 ἀπογνώσεως
1187 2059 1452 2129 ἐξέδραμε
1497 2057 1622 2112 κατ’
1668 2057 1858 2120 αὐτοῦ,

287 2153 471 2208 τοιάδε
503 2152 876 2224 φθεγγόμενος
901 2166 916 2182 ο
951 2168 970 2201 ι
1005 2149 1148 2212 Ἕως
1176 2151 1307 2201 πότε
1337 2165 1430 2200 σου
1468 2146 1566 2218 τὴν
1594 2145 1862 2215 ἀπήνειαν

291 2247 605 2318 ήτάπίγεια
653 2244 922 2315 βόσκουσα
972 2239 1066 2294 τοῦ
1098 2239 1249 2310 ἡλίου
1301 2238 1524 2310 λαμπάς
1577 2238 1862 2308 διακαρτε-

295 2342 452 2412 ρήσει
501 2338 809 2408 βλέπουσα;
869 2337 1010 2398 Ἕως
1064 2335 1192 2387 πότε
1258 2333 1390 2385 θεῖοι
1456 2330 1712 2399 κεραυνοὶ
1766 2331 1863 2384 καὶ

291 2430 611 2500 πρηστῆρες
673 2429 733 2482 ἐν
789 2426 965 2494 αἰθέρι
1012 2425 1111 2493 τὴν
1156 2424 1255 2495 σὴν
1308 2424 1704 2493 καθευδήσουσι
1761 2439 1862 2476 τα-

295 2519 576 2590 μιεύοντες
623 2517 873 2579 κόλασινς
936 2513 1078 2568 Ἀλλ’
1131 2511 1251 2583 ὥρα
1299 2529 1383 2565 σοι
1430 2511 1548 2577 νῦν,
1587 2512 1861 2581 ἀλιτήριε,

293 2614 438 2666 δυοῖν
468 2610 694 2678 θάτερον
718 2624 734 2640 ο
769 2607 801 2676 ἥ
829 2609 925 2660 σὺν
953 2605 1080 2676 ἐμοὶ
1109 2604 1186 2673 τῷ
1219 2604 1359 2673 ἡλίῳ
1403 2602 1542 2670 τῷδε
1579 2617 1862 2669 συγκατα-

291 2703 446 2756 δῦναι
490 2701 627 2770 πρὸς
662 2700 794 2771 ᾅδην
822 2699 1060 2767 τήμερον
1083 2710 1096 2724 ·
1131 2696 1165 2765 ἢ
1213 2694 1373 2761 σοῦγε
1422 2693 1675 2757 θανόντος
1715 2694 1864 2746 ἐλευ-

279 2796 471 2864 θέροις
507 2792 746 2863 βλέπειν,
783 2792 831 2843 εί
855 2789 1165 2859 βουλομένῳ
1196 2803 1257 2856 γε
1285 2786 1371 2856 είη
1403 2785 1542 2855 Θεῷ,
1563 2786 1863 2856 βλεφάροις

291 2890 488 2950 λευκὰς
542 2881 864 2938 τούντεῦθεν
915 2880 1130 2951 ἡμέρας
1184 2879 1283 2949 ἐμὲ
1338 2878 1589 2948 ξυνορᾷν.
1623 2897 1645 2929 ο
1694 2877 1863 2930 Ταῦτ’

291 2980 446 3047 ἔλεγε
497 2977 593 3031 καὶ
631 2975 750 3045 ἅμα
790 2971 1202 3043 ἐμϐριθεστέρῳ
1239 2970 1485 3040 βραχίονι
1515 2970 1864 3038 κατενεγκὼν

287 3070 355 3123 vro
387 3068 622 3140 ῥόπαλον
647 3067 747 3137 τὴν
772 3063 984 3116 ἐκείνου
1023 3061 1290 3130 γενναίως
1320 3060 1558 3126 ἐπάταξε
1589 3061 1864 3132 κεφαλήν.

297 3162 502 3231 Καιρία
527 3160 626 3229 μὲν
655 3158 750 3212 οὖν
787 3157 886 3210 οὐκ
912 3154 1129 3224 ἐγένετό
1155 3171 1239 3218 τις
1266 3153 1459 3224 ἐκείνῳ
1487 3154 1609 3208 τότε
1643 3155 1864 3225 πληγή·

296 3212 551 3325 ρῖἐρξισηξ
597 3252 642 3304 δ’
694 3246 787 3304 οὖν
827 3250 928 3319 τῆς
951 3212 1296 3317 ἠλύπτράς,
1328 3212 1511 3317 γυμίνῇ
1559 3212 1866 3300 λοιπδςξπξ,
1898 3212 1941 3270 C

294 3342 451 3416 ριϊὼν
498 3339 764 3395 ἐπεϐοᾶτο
818 3341 886 3408 τῇ
945 3335 1158 3407 κεφαλῇ
1210 3336 1336 3398 τοὺς
1398 3335 1871 3406 ἐξαιρησομένους

293 3435 394 3503 τῆς
455 3430 655 3500 ἀθρόας
713 3428 930 3498 ἐκείνης
985 3429 1080 3480 καὶ
1143 3425 1412 3495 αἰφνιδίου
1468 3427 1868 3497 περιστάσεως.

307 3523 452 3578 Ἀλλ’
505 3518 574 3592 ἦν
611 3521 674 3573 τὸ
720 3519 985 3588 παράπαν
1024 3517 1223 3582 οὐδεὶς,
1261 3516 1401 3588 πλὴν
1434 3517 1574 3586 ἑνὸς,
1608 3517 1670 3582 ὃς
1711 3519 1874 3582 εὐθὺς

299 3612 643 3684 συμπλακεὶς
685 3609 764 3682 τῷ
816 3610 1009 3664 Ῥαοὺλ
1048 3609 1210 3663 ἐπαιέ
1237 3625 1294 3661 τε
1342 3612 1435 3662 καὶ
1474 3610 1696 3663 ἐπαίετο
1721 3625 1736 3638 ⁸
1779 3611 1874 3663 καὶ

296 3702 370 3776 ἦν
422 3703 665 3772 ὠθισμὸς
712 3703 772 3754 ἐν
827 3700 1160 3769 ἀμφοτέροις
1221 3699 1456 3768 μακρὸς,
1489 3700 1754 3770 ὁπότερος
1806 3701 1874 3753 ἂν

299 3796 479 3848 ἀνέλοι
511 3795 602 3845 τὸν
631 3792 815 3861 ἕτερον
863 3791 1148 3860 πρότερος.
1197 3789 1338 3843 Ἀλλ’
1392 3790 1675 3860 οὐδέτερος
1726 3791 1877 3845 οὐδε-

300 3885 444 3953 τέρῳ
494 3882 734 3935 κίνδυνον
780 3882 1024 3948 ἐνεγκεῖν
1073 3879 1324 3948 ἐδυνήθη.
1355 3880 1574 3932 Τούτων
1625 3879 1673 3934 δ’
1702 3879 1876 3943 οὕτως

301 3977 572 4046 ἐχόντων,
636 3973 824 4045 ἐτερος
883 3971 984 4041 τῆς
1050 3971 1161 4023 τῶν
1237 3970 1616 4040 Παλαιολόγων
1687 3973 1876 4040 σειρᾶς

301 4066 498 4135 ἀθρόον
546 4065 626 4132 τῷ
697 4062 1024 4133 Ἀποκαύκῳ
1069 4063 1332 4134 ἐπεπηδᾷ,
1392 4065 1458 4117 τά
1514 4064 1877 4134 παραπλήσια

303 4157 478 4224 λέγων
524 4157 617 4208 καὶ
666 4154 810 4224 δρῶν
865 4153 943 4222 τῷ
979 4152 1254 4224 προτέρῳ,
1288 4154 1383 4205 καὶ
1412 4151 1530 4222 ἅμα
1567 4153 1750 4218 ἄλλος,
1779 4156 1878 4208 καὶ

299 4251 397 4302 ἐπὶ
448 4249 661 4308 τούτοις
707 4247 933 4316 ἕτεροςο
985 4246 1080 4298 καὶ
1129 4243 1298 4309 οὕτω,
1349 4245 1627 4299 συνελόντι
1685 4246 1875 4314 φάναι,

306 4343 495 4413 βιαίως
526 4345 732 4404 ἐκεῖνος
763 4339 1040 4412 ἀπέρρηξε
1062 4340 1161 4409 τὴν
1185 4339 1388 4410 ψυχὴν,
1418 4341 1639 4410 ἁπάσης
1669 4341 1880 4411 ἔρημος

306 4435 586 4505 βοηθείας,
618 4435 646 4486 ὁ
689 4433 868 4485 πάντα
915 4433 1172 4502 χρήματα
1215 4432 1368 4502 παρὰ
1415 4434 1591 4484 πάντα
1618 4432 1878 4485 δαπανῶν

301 4532 395 4579 τὸν
423 4527 538 4596 βίον
580 4527 722 4596 ὑπὲρ
751 4526 843 4578 τοῦ
880 4525 956 4595 μὴ
987 4524 1142 4595 βιαία
1175 4525 1482 4594 χρήσασθαι
1509 4525 1766 4596 τελευτῇ.

376 4621 449 4671 Ζ⁹.
485 4616 683 4670 Ἐλαθε
713 4619 823 4687 γὰρ
854 4616 927 4677 ὠς
956 4616 1132 4668 ἔοικεν
1172 4615 1365 4668 ἐαυτὸν
1392 4613 1529 4668 Θεοῦ
1574 4617 1675 4686 μὲν
1719 4621 1883 4684 ἀφαι-

307 4711 418 4780 ρῶν
477 4711 576 4781 τὴν
631 4708 925 4778 πρόνοιαν,
980 4706 1362 4776 ἀνθρωπίναις
1428 4706 1487 4760 δὲ
1545 4710 1878 4779 προσαρτῶν

302 4800 569 4860 ἐπινοίαις
626 4813 686 4850 τε
737 4796 833 4849 καί
886 4795 1266 4864 σπουδάσμασι
1319 4795 1418 4864 τῆς
1451 4796 1734 4866 παρούσης
1780 4796 1877 4849 τοῦ

303 4894 422 4962 βίου
448 4891 724 4959 διαγωγῆς
753 4889 819 4942 τά
846 4889 1098 4960 ἐνέχυρα.
1138 4888 1246 4940 Καὶ
1287 4887 1375 4940 διά
1422 4887 1591 4941 τοῦτο·
1621 4889 1750 4950 τοὺς
1780 4888 1878 4942 ἄλ-

303 4989 428 5047 λους
460 4983 763 5037 διαϐάλλων
815 4983 911 5034 καὶ
966 4979 1289 5050 καθειργνὺς
1337 4979 1431 5031 καὶ
1480 4978 1606 5040 τοὺς
1650 4980 1876 5033 ἐκείνων

301 5077 711 5147 ἀφαιρούμενος
741 5074 891 5144 βίους
937 5073 1031 5127 ἐπὶ
1085 5072 1305 5141 σαθροῖς
1337 5070 1606 5140 θεμελίοις
1638 5072 1875 5125 ἐπετίθει

301 5172 372 5222 τὰ
416 5172 511 5237 τῆς
551 5168 686 5229 ἰδίας
742 5165 1045 5235 ἀσφαλείας
1095 5163 1464 5234 ὀχυρώματα⁶
1496 5163 1878 5234 παραπλήσιον

300 5261 500 5324 ποιῶν,
523 5259 714 5329 ὥσπερ
763 5257 830 5310 ἂν
879 5259 929 5310 εί
961 5255 1286 5325 πρηστῆρας
1317 5255 1382 5308 ἐκ
1411 5256 1669 5322 γειτόνων
1698 5255 1880 5323 άρπάο

307 5353 420 5417 ζων
455 5353 625 5422 μηδὲν
676 5349 826 5418 αύτῴ
865 5350 1241 5419 προσήκοντας
1285 5347 1597 5418 «τριτοχειρίσ⁴
1631 5347 1729 5415 τὴν
1756 5349 1882 5400 ἐαυ-

303 5445 404 5499 τοῦ
445 5445 740 5514 προφανῶς
775 5443 1023 5512 ὑφῆπτεν
1049 5441 1243 5492 οίκίαν.
1278 5439 1367 5491 Διὸ
1404 5439 1498 5493 καὶ
1531 5440 1880 5510 παραμύθιον

1967 1979 2089 2020 sum
2120 1962 2415 2034 quemdam
2459 1969 2517 2016 et
2571 1961 2864 2016 fanaticum
2899 1960 3134 2014 induens
3166 1974 3376 2015 morem
3426 1973 3538 2028 pra:

1967 2063 2117 2110 metu
2141 2068 2207 2109 ac
2223 2052 2606 2124 desperatione
2631 2054 2686 2108 in
2711 2068 2838 2108 eum
2857 2053 3032 2108 .irruit
3055 2053 3170 2107 hac
3193 2053 3534 2108 vociferans:

1973 2163 1995 2201 ι
2036 2145 2334 2216 Quousque
2367 2145 2590 2202 tandem
2630 2144 3041 2200 immanitatem
3082 2153 3232 2198 tuam
3275 2143 3363 2197 fax
3395 2145 3541 2198 alma

1969 2238 2102 2294 solis
2124 2241 2369 2308 aspicere
2398 2237 2659 2308 perstabit
2682 2237 2704 2290 τ
2727 2237 3021 2307 Quousque
3050 2237 3297 2290 divinum
3329 2235 3536 2290 fulmen

1969 2344 2026 2387 et
2061 2331 2202 2402 ignei
2246 2329 2606 2395 turbines,ain
2632 2329 2839 2384 aethere
2872 2329 3182 2398 consopiti,
3209 2328 3537 2398 supplicium

1974 2433 2130 2479 tuum
2188 2422 2595 2477 reservabunt.’
2639 2419 2754 2477 Sed
2803 2421 2924 2485 tibi,
2955 2438 2988 2476 ο
3046 2421 3248 2486 scelus,
3302 2423 3538 2475 duorum

1974 2520 2210 2575 alterum
2233 2518 2347 2584 jam
2382 2531 2669 2573 necessum
2700 2526 2807 2581 est,
2835 2525 2896 2572 ut
2927 2527 3025 2574 aut
3052 2533 3267 2573 mecum
3302 2518 3404 2572 hac
3446 2519 3545 2572 lio-

1973 2612 2163 2667 dierna
2199 2611 2324 2665 luce
2363 2616 2596 2664 mortem
2623 2616 2892 2679 oppetas;
2919 2619 3015 2663 aut
3046 2618 3268 2664 mortuo
3306 2621 3379 2676 te,
3413 2610 3550 2666 libe-

1973 2701 2050 2757 ris
2089 2699 2289 2757 exinde
2339 2699 2516 2754 oculis
2545 2697 2786 2762 intuear,
2815 2698 2863 2753 si
2909 2698 3061 2753 Deus
3089 2699 3247 2765 velit,
3281 2702 3548 2758 candidos

1973 2792 2111 2846 dies.
2138 2811 2156 2842 ι
2191 2792 2317 2845 Βαιο
2347 2789 2522 2856 ait,et
2551 2790 2716 2844 simul
2748 2790 3041 2846 valentiori
3069 2793 3298 2848 brachio
3331 2795 3545 2851 clavam

1974 2881 2198 2935 molitus
2234 2879 2382 2934 illius
2413 2888 2831 2948 caputstrenue
2871 2883 3163 2952 percussit.
3204 2884 3324 2939 Non
3363 2895 3548 2942 tamen

1967 2971 2177 3026 ietliale
2225 2973 2405 3025 statim
2455 2972 2654 3026 vulnus
2703 2971 2969 3028 inﬂictum
3019 2985 3124 3029 est.
3173 2975 3308 3032 Cum
3360 2987 3544 3033 autem

1976 3064 2175 3132 capitis
2225 3074 2438 3134 tegmen
2496 3073 2646 3120 esset
2695 3080 3016 3135 excussum,
3058 3067 3149 3124 ille
3200 3070 3406 3126 nudato
3433 3072 3546 3142 jam

1979 3157 2160 3224 capite
2206 3155 2479 3210 oberrans
2511 3170 2608 3210 eos
2638 3155 2992 3220 inclamabat,
3030 3161 3122 3228 qui
3174 3175 3232 3214 se
3262 3162 3331 3214 ab
3361 3165 3544 3218 subita

1978 3245 2068 3300 illa
2104 3248 2504 3317 repentinaque
2536 3247 2691 3302 clade
2736 3249 3059 3305 liberarent.
3093 3250 3252 3322 733
3292 3253 3396 3306 Sed
3427 3262 3548 3308 erat

1973 3337 2198 3392 omnino
2226 3339 2433 3404 nullus,
2467 3353 2576 3394 uno
2614 3349 2864 3410 excepto,
2895 3342 3011 3412 qui,
3039 3345 3312 3400 consertis
3361 3347 3544 3399 statim

1973 3441 2099 3481 cum
2133 3428 2304 3483 Raule
2335 3430 2613 3494 manibus,
2645 3429 2880 3485 feriebat
2926 3432 3088 3487 simul
3117 3443 3173 3488 et
3217 3433 3543 3490 feriebatur.

1973 3518 2044 3574 Et
2069 3519 2126 3574 hi
2158 3520 2382 3590 quidem
2419 3537 2618 3592 magno
2647 3532 2883 3592 uterque
2910 3525 3037 3578 nisu
3073 3527 3384 3594 certabant,
3425 3539 3549 3583 uter

1974 3609 2212 3666 alterum
2254 3612 2594 3669 interficeret
2621 3614 2793 3684 prior.
2837 3615 2940 3670 Sed
2972 3626 3167 3672 neuter
3195 3619 3353 3675 alteri
3395 3623 3548 3690 peri-

1975 3704 2158 3758 culum
2206 3703 2407 3760 inferre
2441 3716 2678 3776 poterat.
2726 3705 2853 3761 Hazc
2879 3723 3005 3761 cum
3042 3710 3112 3762 ita
3143 3725 3202 3764 se
3259 3711 3546 3775 baberent,

1976 3795 2045 3850 de
2068 3796 2499 3867 Palzeologorum
2537 3806 2731 3852 catena
2777 3799 2916 3853 alter
2965 3800 3151 3854 statim
3204 3802 3258 3854 in
3297 3803 3550 3871 Apocan-

1979 3903 2105 3942 cum
2157 3887 2342 3952 irruit,
2395 3888 2588 3944 eadem
2639 3889 2814 3945 ferme
2867 3903 2930 3945 ac
2960 3891 3174 3962 primus
3202 3892 3438 3949 dicendo
3473 3893 3553 3949 fa-

1977 3979 2305 4049 ciendoque,
2345 3992 2404 4036 et
2436 3980 2726 4037 confestim
2773 3983 2935 4048 alius,
2975 3993 3140 4054 atque
3169 3988 3331 4039 etiam
3383 3989 3546 4044 alius.

1982 4068 2084 4135 lla,
2121 4081 2180 4126 ut
2209 4074 2400 4140 paucis
2431 4074 2738 4140 absolvam,
2771 4074 3012 4130 violenta
3047 4077 3135 4132 ille
3165 4090 3342 4133 morte
3378 4084 3546 4135 vit‘ani

1979 4167 2220 4235 abrupit,
2251 4168 2400 4220 omni
2433 4168 2638 4222 auxilio
2661 4169 2982 4236 destitutus,
3008 4173 3103 4240 qui
3136 4176 3285 4226 omni
3327 4185 3550 4244 sumptu

1981 4271 2078 4326 per
2109 4271 2328 4310 omnem
2365 4257 2535 4310 vitam
2566 4269 2878 4326 curaverat,
2906 4276 2976 4315 ne
3009 4263 3310 4317 violentum
3339 4269 3548 4318 exitum

1981 4345 2294 4400 sortiretur.

2059 4619 2167 4676 VII.
2210 4620 2331 4677 Non
2363 4621 2836 4679 animadverterat
2879 4625 3115 4693 scilicet,
3153 4628 3391 4683 di-vinam
3426 4646 3456 4684 a
3493 4645 3554 4687 se

1985 4713 2100 4768 tolli
2150 4714 2604 4785 providentiam;
2657 4718 2711 4770 in
2761 4717 3044 4773 hominum
3078 4729 3260 4776 autem
3311 4726 3555 4781 consiliis

1982 4819 2046 4859 ac
2074 4805 2354 4875 diligentia
2390 4807 2520 4877 poni
2569 4807 2694 4862 vitae
2744 4809 2906 4880 hujus
2933 4810 3152 4866 tuenda:
3184 4814 3552 4870 certissimam

1984 4897 2273 4952 rationem.
2299 4898 2667 4964 Quamobrem
2713 4915 2838 4954 cum
2887 4903 3027 4956 alios
3057 4903 3466 4972 criminaretur,
3497 4916 3553 4962 et

1985 4989 2225 5042 vinculis
2277 5001 2584 5054 coerceret,
2639 5000 2695 5046 et
2740 4992 2976 5048 fortunis
3022 4997 3303 5064 spoliaret,
3358 4999 3553 5056 salutis

1984 5095 2096 5133 sure
2127 5081 2375 5150 praesidia
2408 5082 2616 5137 vitiosis
2646 5083 3018 5141 fundamentis
3041 5087 3396 5157 imponebat;
3424 5105 3553 5160 pcr-

1984 5171 2109 5224 inde
2165 5172 2254 5225 iUe
2295 5188 2482 5242 agens.
2506 5189 2569 5228 ac
2601 5175 2644 5228 si
2685 5175 2809 5247 igne
2839 5193 2947 5232 non
2981 5193 3102 5244 suo,
3135 5183 3228 5235 sed
3260 5198 3324 5236 ex
3358 5183 3553 5238 vicinis

1983 5271 2162 5330 rapto,
2200 5278 2353 5318 suam
2403 5267 2518 5334 ipse
2571 5267 2795 5322 domum
2832 5272 3054 5340 propria
3109 5288 3271 5327 manu
3325 5289 3557 5328 succen-

1984 5353 2161 5406 deret.
2188 5353 2381 5424 llaqne
2425 5358 2571 5412 illius
2605 5375 2750 5414 mors
2782 5363 3036 5416 solatium
3065 5365 3286 5433 quidem
3321 5366 3386 5420 iis
3421 5365 3550 5436 fuit,

1986 5449 2187 5516 quibus
2231 5451 2302 5502 ob
2336 5450 2579 5521 inopiam
2617 5455 2754 5509 nihil
2800 5466 3106 5526 supererat,
3144 5473 3253 5526 quo
3291 5468 3552 5529 tanquam

1670 5559 2003 5623 Variorum
2044 5576 2228 5627 notae.

383 5669 744 5749 (88)Alexius
776 5669 922 5749 forte
954 5668 1044 5723 ille
1082 5669 1227 5734 δοὺξ,
1266 5668 1666 5749 _(_Jantac_uzeni
1721 5684 1888 5726 causa
1993 5672 2216 5728 Francis
2255 5683 2374 5729 orla

2435 5677 2686 5746 pluribus
2731 5679 2943 5749 egimus
2991 5678 3058 5732 ad
3093 5677 3406 5734 Alexiadem
3450 5682 3563 5735 An-

307 5751 365 5796 e‘t
426 5742 830 5816 ipse__carce_re
883 5739 1410 5816 _damnat_us.__ldeni
1473 5742 1890 5816 Calitacuzenus
1994 5739 2469 5816 nwaiii,,pag.25'9
2506 5739 2794 5806 Notarumv.
2829 5749 3062 5805 Ducam.

304 5827 443 5883 .pag.
489 5810 613 5866 657.
647 5810 723 5863 De
761 5810 1075 5863 llauliorum
1108 5810 1314 5862 familia
1345 5811 1826 5881 Constantinopoli
1863 5830 1893 5867 a

598 5909 869 5969 PAfl’llUl.
902 5910 1014 5968 Gn.
1065 5905 1360 5967 CXLVIII

3146 5918 3216 5975 3t
