  <div class='ocr_page' id='page_1' title='image "/cluster/home/n/w/nwhite01/storage/ocr_20150623/148/nnc1.0046980490/505.png"; bbox 0 0 4236 6442; ppageno 0'>
   <div class='ocr_carea' id='block_1_1' title="bbox 770 344 1659 420">
    <p class='ocr_par' dir='ltr' id='par_1_1' title="bbox 770 344 1659 420">
     <span class='ocr_line' id='line_1_1' title="bbox 770 344 1659 420; baseline 0.004 -22"><span class='ocrx_word' id='word_1_1' title='bbox 770 351 867 414; x_wconf 75' lang='lat'><strong>971</strong></span> <span class='ocrx_word' id='word_1_2' title='bbox 1021 344 1096 416; x_wconf 77' lang='grc' dir='ltr'><strong>[Α.</strong></span> <span class='ocrx_word' id='word_1_3' title='bbox 1139 361 1197 400; x_wconf 76' lang='grc' dir='ltr'><strong>κ.</strong></span> <span class='ocrx_word' id='word_1_4' title='bbox 1239 345 1397 412; x_wconf 72' lang='grc'><strong>6855,</strong></span> <span class='ocrx_word' id='word_1_5' title='bbox 1424 363 1522 401; x_wconf 71' lang='grc' dir='ltr'><strong>ιλιι.</strong></span> <span class='ocrx_word' id='word_1_6' title='bbox 1571 348 1659 420; x_wconf 73' lang='grc'><strong>15]</strong></span> 
     </span>
    </p>
   </div>
   <div class='ocr_carea' id='block_1_2' title="bbox 1948 357 2861 445">
    <p class='ocr_par' dir='ltr' id='par_1_2' title="bbox 1948 357 2861 445">
     <span class='ocr_line' id='line_1_2' title="bbox 1948 357 2861 445; baseline 0.015 -30"><span class='ocrx_word' id='word_1_7' title='bbox 1948 357 2360 422; x_wconf 81' lang='lat' dir='ltr'><strong>NICEPIIORI</strong></span> <span class='ocrx_word' id='word_1_8' title='bbox 2397 361 2778 428; x_wconf 77' lang='lat' dir='ltr'><strong>GREGOR/E</strong></span> <span class='ocrx_word' id='word_1_9' title='bbox 2854 438 2861 445; x_wconf 25' lang='grc' dir='ltr'><strong>ε</strong></span> 
     </span>
    </p>
   </div>
   <div class='ocr_carea' id='block_1_3' title="bbox 3116 367 3703 444">
    <p class='ocr_par' dir='ltr' id='par_1_3' title="bbox 3116 367 3703 444">
     <span class='ocr_line' id='line_1_3' title="bbox 3116 367 3703 444; baseline 0.017 -25"><span class='ocrx_word' id='word_1_10' title='bbox 3116 367 3250 440; x_wconf 65' lang='grc' dir='ltr'><strong>[ινιτ.</strong></span> <span class='ocrx_word' id='word_1_11' title='bbox 3293 386 3336 426; x_wconf 75' lang='grc' dir='ltr'><strong>ι.</strong></span> <span class='ocrx_word' id='word_1_12' title='bbox 3375 386 3603 428; x_wconf 62' lang='lat' dir='ltr'><strong>mmet.</strong></span> <span class='ocrx_word' id='word_1_13' title='bbox 3649 372 3703 444; x_wconf 72' lang='grc'><strong>41</strong></span> 
     </span>
    </p>
   </div>
   <div class='ocr_carea' id='block_1_4' title="bbox 3881 375 3990 440">
    <p class='ocr_par' dir='ltr' id='par_1_4' title="bbox 3881 375 3990 440">
     <span class='ocr_line' id='line_1_4' title="bbox 3881 375 3990 440; baseline 0.018 -1"><span class='ocrx_word' id='word_1_14' title='bbox 3881 375 3990 440; x_wconf 79' lang='grc'><strong>972</strong></span> 
     </span>
    </p>
   </div>
   <div class='ocr_carea' id='block_1_5' title="bbox 749 468 2300 559">
    <p class='ocr_par' dir='ltr' id='par_1_5' title="bbox 749 468 2300 540">
     <span class='ocr_line' id='line_1_5' title="bbox 749 468 2300 540; baseline 0.003 -20"><span class='ocrx_word' id='word_1_15' title='bbox 749 468 990 521; x_wconf 87' lang='lat' dir='ltr'><strong>remedio</strong></span> <span class='ocrx_word' id='word_1_16' title='bbox 1019 477 1302 521; x_wconf 77' lang='lat' dir='ltr'><strong>uterentur</strong></span> <span class='ocrx_word' id='word_1_17' title='bbox 1330 470 1592 524; x_wconf 83' lang='lat' dir='ltr'><strong>adversus</strong></span> <span class='ocrx_word' id='word_1_18' title='bbox 1623 481 1926 540; x_wconf 76' lang='lat' dir='ltr'><strong>temporum</strong></span> <span class='ocrx_word' id='word_1_19' title='bbox 1958 475 2232 529; x_wconf 93' lang='lat' dir='ltr'><strong>fortunam</strong></span> <span class='ocrx_word' id='word_1_20' title='bbox 2260 490 2300 529; x_wconf 81' lang='lat' dir='ltr'><strong>Cl</strong></span> 
     </span>
    </p>
   </div>
   <div class='ocr_carea' id='block_1_6' title="bbox 2344 468 3990 559">
    <p class='ocr_par' dir='ltr' id='par_1_6' title="bbox 2344 478 3990 559">
     <span class='ocr_line' id='line_1_6' title="bbox 2344 478 3990 559; baseline 0.007 -23"><span class='ocrx_word' id='word_1_21' title='bbox 2344 478 2389 536; x_wconf 81' lang='grc' dir='ltr'>Α</span> <span class='ocrx_word' id='word_1_22' title='bbox 2419 480 2520 548; x_wconf 85' lang='grc' dir='ltr'><strong>μὲν</strong></span> <span class='ocrx_word' id='word_1_23' title='bbox 2566 484 2842 552; x_wconf 82' lang='grc' dir='ltr'><strong>ήέκείνου</strong></span> <span class='ocrx_word' id='word_1_24' title='bbox 2898 488 3085 556; x_wconf 82' lang='grc' dir='ltr'><strong>γέγονε</strong></span> <span class='ocrx_word' id='word_1_25' title='bbox 3131 491 3356 559; x_wconf 74' lang='grc' dir='ltr'><strong>τελευτὴ</strong></span> <span class='ocrx_word' id='word_1_26' title='bbox 3406 495 3517 556; x_wconf 80' lang='grc' dir='ltr'><strong>τοῖς</strong></span> <span class='ocrx_word' id='word_1_27' title='bbox 3570 510 3626 544; x_wconf 91' lang='grc' dir='ltr'><strong>τε</strong></span> <span class='ocrx_word' id='word_1_28' title='bbox 3677 493 3764 547; x_wconf 69' lang='grc' dir='ltr'><strong>διὰ</strong></span> <span class='ocrx_word' id='word_1_29' title='bbox 3793 501 3990 552; x_wconf 79' lang='grc' dir='ltr'><strong>πενέαν</strong></span> 
     </span>
    </p>
   </div>
   <div class='ocr_carea' id='block_1_7' title="bbox 749 560 2312 630">
    <p class='ocr_par' dir='ltr' id='par_1_7' title="bbox 749 560 2312 630">
     <span class='ocr_line' id='line_1_7' title="bbox 749 560 2312 630; baseline 0.006 -17"><span class='ocrx_word' id='word_1_30' title='bbox 749 560 1124 620; x_wconf 87' lang='lat' dir='ltr'><strong>calamitates,</strong></span> <span class='ocrx_word' id='word_1_31' title='bbox 1159 575 1313 628; x_wconf 65' lang='lat' dir='ltr'><strong>atque</strong></span> <span class='ocrx_word' id='word_1_32' title='bbox 1362 571 1419 613; x_wconf 91' lang='lat' dir='ltr'><strong>ut</strong></span> <span class='ocrx_word' id='word_1_33' title='bbox 1466 573 1622 615; x_wconf 91' lang='lat' dir='ltr'><strong>antea</strong></span> <span class='ocrx_word' id='word_1_34' title='bbox 1672 564 2011 630; x_wconf 78' lang='lat' dir='ltr'><strong>subeuntes;</strong></span> <span class='ocrx_word' id='word_1_35' title='bbox 2070 568 2195 620; x_wconf 92' lang='lat' dir='ltr'><strong>item</strong></span> <span class='ocrx_word' id='word_1_36' title='bbox 2245 569 2312 622; x_wconf 91' lang='lat' dir='ltr'><strong>iis</strong></span> 
     </span>
    </p>
   </div>
   <div class='ocr_carea' id='block_1_8' title="bbox 746 650 2308 725">
    <p class='ocr_par' dir='ltr' id='par_1_8' title="bbox 746 650 2308 725">
     <span class='ocr_line' id='line_1_8' title="bbox 746 650 2308 725; baseline 0.006 -23"><span class='ocrx_word' id='word_1_37' title='bbox 746 653 839 719; x_wconf 88' lang='lat' dir='ltr'><strong>qui</strong></span> <span class='ocrx_word' id='word_1_38' title='bbox 885 650 1155 703; x_wconf 85' lang='lat' dir='ltr'><strong>vindicata</strong></span> <span class='ocrx_word' id='word_1_39' title='bbox 1218 651 1366 705; x_wconf 71' lang='lat' dir='ltr'><strong>illius</strong></span> <span class='ocrx_word' id='word_1_40' title='bbox 1418 651 1701 706; x_wconf 89' lang='lat' dir='ltr'><strong>malefacta</strong></span> <span class='ocrx_word' id='word_1_41' title='bbox 1747 655 1937 709; x_wconf 88' lang='lat' dir='ltr'><strong>videre</strong></span> <span class='ocrx_word' id='word_1_42' title='bbox 1989 657 2308 725; x_wconf 89' lang='lat' dir='ltr'><strong>cupiebant,</strong></span> 
     </span>
    </p>
   </div>
   <div class='ocr_carea' id='block_1_9' title="bbox 745 742 2309 816">
    <p class='ocr_par' dir='ltr' id='par_1_9' title="bbox 745 742 2309 816">
     <span class='ocr_line' id='line_1_9' title="bbox 745 742 2309 816; baseline 0.005 -22"><span class='ocrx_word' id='word_1_43' title='bbox 745 751 1035 809; x_wconf 83' lang='lat' dir='ltr'><strong>antequam</strong></span> <span class='ocrx_word' id='word_1_44' title='bbox 1066 742 1449 809; x_wconf 86' lang='lat' dir='ltr'><strong>desperatione</strong></span> <span class='ocrx_word' id='word_1_45' title='bbox 1485 752 1708 798; x_wconf 89' lang='lat' dir='ltr'><strong>auctore</strong></span> <span class='ocrx_word' id='word_1_46' title='bbox 1758 746 1911 799; x_wconf 91' lang='lat' dir='ltr'><strong>nefas</strong></span> <span class='ocrx_word' id='word_1_47' title='bbox 1945 745 2045 814; x_wconf 83' lang='lat' dir='ltr'><strong>ipsi</strong></span> <span class='ocrx_word' id='word_1_48' title='bbox 2088 749 2309 816; x_wconf 83' lang='lat' dir='ltr'><strong>aliquod</strong></span> 
     </span>
    </p>
   </div>
   <div class='ocr_carea' id='block_1_10' title="bbox 746 834 2311 907">
    <p class='ocr_par' dir='ltr' id='par_1_10' title="bbox 746 834 2311 907">
     <span class='ocr_line' id='line_1_10' title="bbox 746 834 2311 907; baseline 0.004 -21"><span class='ocrx_word' id='word_1_49' title='bbox 746 836 1091 903; x_wconf 89' lang='lat' dir='ltr'><strong>susciperent</strong></span> <span class='ocrx_word' id='word_1_50' title='bbox 1118 851 1130 886; x_wconf 93' lang='lat'><strong>:</strong></span> <span class='ocrx_word' id='word_1_51' title='bbox 1158 834 1544 888; x_wconf 89' lang='lat' dir='ltr'><strong>documentum</strong></span> <span class='ocrx_word' id='word_1_52' title='bbox 1579 852 1709 890; x_wconf 87' lang='lat' dir='ltr'><strong>vero</strong></span> <span class='ocrx_word' id='word_1_53' title='bbox 1733 839 1961 900; x_wconf 78' lang='lat' dir='ltr'><strong>exstitit,</strong></span> <span class='ocrx_word' id='word_1_54' title='bbox 2005 853 2114 907; x_wconf 90' lang='lat' dir='ltr'><strong>quo</strong></span> <span class='ocrx_word' id='word_1_55' title='bbox 2144 840 2311 894; x_wconf 88' lang='lat' dir='ltr'><strong>auda-</strong></span> 
     </span>
    </p>
   </div>
   <div class='ocr_carea' id='block_1_11' title="bbox 745 926 2306 997">
    <p class='ocr_par' dir='ltr' id='par_1_11' title="bbox 745 926 2306 997">
     <span class='ocr_line' id='line_1_11' title="bbox 745 926 2306 997; baseline 0.005 -19"><span class='ocrx_word' id='word_1_56' title='bbox 745 926 943 990; x_wconf 86' lang='lat' dir='ltr'><strong>ciores,</strong></span> <span class='ocrx_word' id='word_1_57' title='bbox 973 936 1028 980; x_wconf 94' lang='lat' dir='ltr'><strong>et</strong></span> <span class='ocrx_word' id='word_1_58' title='bbox 1063 927 1095 980; x_wconf 94' lang='lat' dir='ltr'><strong>ii</strong></span> <span class='ocrx_word' id='word_1_59' title='bbox 1145 927 1240 995; x_wconf 92' lang='lat' dir='ltr'><strong>qui</strong></span> <span class='ocrx_word' id='word_1_60' title='bbox 1276 927 1426 980; x_wconf 78' lang='lat' dir='ltr'><strong>nullo</strong></span> <span class='ocrx_word' id='word_1_61' title='bbox 1463 937 1607 981; x_wconf 90' lang='lat' dir='ltr'><strong>metu</strong></span> <span class='ocrx_word' id='word_1_62' title='bbox 1659 928 1907 982; x_wconf 81' lang='lat' dir='ltr'><strong>deterriti</strong></span> <span class='ocrx_word' id='word_1_63' title='bbox 1962 946 2024 984; x_wconf 88' lang='lat' dir='ltr'><strong>ea</strong></span> <span class='ocrx_word' id='word_1_64' title='bbox 2074 941 2306 997; x_wconf 86' lang='lat' dir='ltr'><strong>tentant,</strong></span> 
     </span>
    </p>
   </div>
   <div class='ocr_carea' id='block_1_12' title="bbox 744 1020 2305 1086">
    <p class='ocr_par' dir='ltr' id='par_1_12' title="bbox 744 1020 2305 1086">
     <span class='ocr_line' id='line_1_12' title="bbox 744 1020 2305 1086; baseline 0.003 -16"><span class='ocrx_word' id='word_1_65' title='bbox 744 1033 863 1086; x_wconf 71' lang='lat' dir='ltr'><strong>qua:</strong></span> <span class='ocrx_word' id='word_1_66' title='bbox 899 1020 1161 1071; x_wconf 89' lang='lat' dir='ltr'><strong>intentata</strong></span> <span class='ocrx_word' id='word_1_67' title='bbox 1209 1033 1327 1070; x_wconf 88' lang='lat' dir='ltr'><strong>esse</strong></span> <span class='ocrx_word' id='word_1_68' title='bbox 1374 1027 1613 1085; x_wconf 84' lang='lat' dir='ltr'><strong>oportet,</strong></span> <span class='ocrx_word' id='word_1_69' title='bbox 1644 1020 1709 1071; x_wconf 89' lang='lat' dir='ltr'><strong>ad</strong></span> <span class='ocrx_word' id='word_1_70' title='bbox 1743 1021 2014 1074; x_wconf 87' lang='lat' dir='ltr'><strong>saniorem</strong></span> <span class='ocrx_word' id='word_1_71' title='bbox 2069 1033 2305 1076; x_wconf 87' lang='lat' dir='ltr'><strong>mentem</strong></span> 
     </span>
    </p>
   </div>
   <div class='ocr_carea' id='block_1_13' title="bbox 743 1107 2305 1178">
    <p class='ocr_par' dir='ltr' id='par_1_13' title="bbox 743 1107 2305 1178">
     <span class='ocr_line' id='line_1_13' title="bbox 743 1107 2305 1178; baseline 0.005 -20"><span class='ocrx_word' id='word_1_72' title='bbox 743 1118 1150 1160; x_wconf 63' lang='lat' dir='ltr'><strong>revocarentur.</strong></span> <span class='ocrx_word' id='word_1_73' title='bbox 1176 1107 1334 1178; x_wconf 66' lang='grc'><strong>734</strong></span> <span class='ocrx_word' id='word_1_74' title='bbox 1361 1107 1426 1162; x_wconf 87' lang='lat' dir='ltr'><strong>Et</strong></span> <span class='ocrx_word' id='word_1_75' title='bbox 1449 1107 1562 1161; x_wconf 74' lang='lat' dir='ltr'><strong>ha&#39;c</strong></span> <span class='ocrx_word' id='word_1_76' title='bbox 1590 1107 1808 1178; x_wconf 82' lang='lat' dir='ltr'><strong>quidem</strong></span> <span class='ocrx_word' id='word_1_77' title='bbox 1833 1111 1886 1162; x_wconf 89' lang='lat' dir='ltr'><strong>iu</strong></span> <span class='ocrx_word' id='word_1_78' title='bbox 1917 1110 2062 1166; x_wconf 86' lang='lat' dir='ltr'><strong>hunc</strong></span> <span class='ocrx_word' id='word_1_79' title='bbox 2085 1112 2305 1166; x_wconf 90' lang='lat' dir='ltr'><strong>modum</strong></span> 
     </span>
    </p>
   </div>
   <div class='ocr_carea' id='block_1_14' title="bbox 740 1207 1065 1265">
    <p class='ocr_par' dir='ltr' id='par_1_14' title="bbox 740 1207 1065 1265">
     <span class='ocr_line' id='line_1_14' title="bbox 740 1207 1065 1265; baseline 0.018 -19"><span class='ocrx_word' id='word_1_80' title='bbox 740 1210 887 1265; x_wconf 78' lang='lat' dir='ltr'><strong>gesta</strong></span> <span class='ocrx_word' id='word_1_81' title='bbox 919 1207 1065 1252; x_wconf 91' lang='lat' dir='ltr'><strong>sunt.</strong></span> 
     </span>
    </p>
   </div>
   <div class='ocr_carea' id='block_1_15' title="bbox 808 1280 2306 1360">
    <p class='ocr_par' dir='ltr' id='par_1_15' title="bbox 808 1280 2306 1360">
     <span class='ocr_line' id='line_1_15' title="bbox 808 1280 2306 1360; baseline 0.004 -20"><span class='ocrx_word' id='word_1_82' title='bbox 808 1287 946 1341; x_wconf 85' lang='lat' dir='ltr'><strong>Vlll.</strong></span> <span class='ocrx_word' id='word_1_83' title='bbox 995 1287 1264 1341; x_wconf 72' lang='lat' dir='ltr'><strong>Czi-terum</strong></span> <span class='ocrx_word' id='word_1_84' title='bbox 1321 1298 1612 1357; x_wconf 89' lang='lat' dir='ltr'><strong>antequam</strong></span> <span class='ocrx_word' id='word_1_85' title='bbox 1664 1280 1797 1343; x_wconf 64' lang='lat' dir='ltr'><strong>foris</strong></span> <span class='ocrx_word' id='word_1_86' title='bbox 1847 1293 2135 1360; x_wconf 81' lang='lat' dir='ltr'><strong>quisquam</strong></span> <span class='ocrx_word' id='word_1_87' title='bbox 2195 1301 2306 1346; x_wconf 89' lang='lat' dir='ltr'><strong>tra-</strong></span> 
     </span>
    </p>
   </div>
   <div class='ocr_carea' id='block_1_16' title="bbox 739 1378 2305 1449">
    <p class='ocr_par' dir='ltr' id='par_1_16' title="bbox 739 1378 2305 1449">
     <span class='ocr_line' id='line_1_16' title="bbox 739 1378 2305 1449; baseline 0.005 -20"><span class='ocrx_word' id='word_1_88' title='bbox 739 1379 973 1444; x_wconf 70' lang='lat' dir='ltr'><strong>gmdiam</strong></span> <span class='ocrx_word' id='word_1_89' title='bbox 1030 1378 1176 1431; x_wconf 83' lang='lat' dir='ltr'><strong>illam</strong></span> <span class='ocrx_word' id='word_1_90' title='bbox 1250 1379 1648 1448; x_wconf 81' lang='lat' dir='ltr'><strong>perscusissct,</strong></span> <span class='ocrx_word' id='word_1_91' title='bbox 1697 1381 1876 1449; x_wconf 82' lang='lat' dir='ltr'><strong>ruptis</strong></span> <span class='ocrx_word' id='word_1_92' title='bbox 1939 1381 2198 1436; x_wconf 89' lang='lat' dir='ltr'><strong>omnibus</strong></span> <span class='ocrx_word' id='word_1_93' title='bbox 2249 1391 2305 1437; x_wconf 90' lang='lat' dir='ltr'><strong>et</strong></span> 
     </span>
    </p>
   </div>
   <div class='ocr_carea' id='block_1_17' title="bbox 735 1470 2302 1541">
    <p class='ocr_par' dir='ltr' id='par_1_17' title="bbox 735 1470 2302 1541">
     <span class='ocr_line' id='line_1_17' title="bbox 735 1470 2302 1541; baseline 0.005 -23"><span class='ocrx_word' id='word_1_94' title='bbox 735 1470 970 1522; x_wconf 79' lang='lat' dir='ltr'><strong>\inculis</strong></span> <span class='ocrx_word' id='word_1_95' title='bbox 1024 1481 1078 1523; x_wconf 89' lang='lat' dir='ltr'><strong>et</strong></span> <span class='ocrx_word' id='word_1_96' title='bbox 1131 1471 1376 1536; x_wconf 85' lang='lat' dir='ltr'><strong>catenis,</strong></span> <span class='ocrx_word' id='word_1_97' title='bbox 1429 1471 1666 1524; x_wconf 76' lang='lat' dir='ltr'><strong>maxima</strong></span> <span class='ocrx_word' id='word_1_98' title='bbox 1733 1485 1856 1524; x_wconf 92' lang='lat' dir='ltr'><strong>cum</strong></span> <span class='ocrx_word' id='word_1_99' title='bbox 1908 1473 2185 1541; x_wconf 77' lang='lat' dir='ltr'><strong>voluptate</strong></span> <span class='ocrx_word' id='word_1_100' title='bbox 2235 1474 2302 1526; x_wconf 88' lang='lat' dir='ltr'><strong>ad</strong></span> 
     </span>
    </p>
   </div>
   <div class='ocr_carea' id='block_1_18' title="bbox 733 1561 2304 1630">
    <p class='ocr_par' dir='ltr' id='par_1_18' title="bbox 733 1561 2304 1630">
     <span class='ocr_line' id='line_1_18' title="bbox 733 1561 2304 1630; baseline 0.002 -16"><span class='ocrx_word' id='word_1_101' title='bbox 733 1561 1016 1615; x_wconf 78' lang='lat' dir='ltr'><strong>cadaveris</strong></span> <span class='ocrx_word' id='word_1_102' title='bbox 1049 1561 1420 1630; x_wconf 85' lang='lat' dir='ltr'><strong>spectaculum</strong></span> <span class='ocrx_word' id='word_1_103' title='bbox 1463 1575 1754 1616; x_wconf 89' lang='lat' dir='ltr'><strong>accurrere</strong></span> <span class='ocrx_word' id='word_1_104' title='bbox 1785 1561 1820 1615; x_wconf 89' lang='lat' dir='ltr'><strong>ii</strong></span> <span class='ocrx_word' id='word_1_105' title='bbox 1851 1561 1943 1630; x_wconf 91' lang='lat' dir='ltr'><strong>qui</strong></span> <span class='ocrx_word' id='word_1_106' title='bbox 1987 1563 2040 1616; x_wconf 92' lang='lat' dir='ltr'><strong>in</strong></span> <span class='ocrx_word' id='word_1_107' title='bbox 2082 1577 2304 1617; x_wconf 85' lang='lat' dir='ltr'><strong>carcere</strong></span> 
     </span>
    </p>
   </div>
   <div class='ocr_carea' id='block_1_19' title="bbox 734 1651 2305 1721">
    <p class='ocr_par' dir='ltr' id='par_1_19' title="bbox 734 1651 2305 1721">
     <span class='ocr_line' id='line_1_19' title="bbox 734 1651 2305 1721; baseline 0.001 -17"><span class='ocrx_word' id='word_1_108' title='bbox 734 1661 912 1716; x_wconf 84' lang='lat' dir='ltr'><strong>erant,</strong></span> <span class='ocrx_word' id='word_1_109' title='bbox 951 1652 1094 1705; x_wconf 83' lang='lat' dir='ltr'><strong>haud</strong></span> <span class='ocrx_word' id='word_1_110' title='bbox 1155 1652 1338 1705; x_wconf 88' lang='lat' dir='ltr'><strong>minus</strong></span> <span class='ocrx_word' id='word_1_111' title='bbox 1365 1651 1638 1707; x_wconf 87' lang='lat' dir='ltr'><strong>ducentis.</strong></span> <span class='ocrx_word' id='word_1_112' title='bbox 1687 1651 1766 1706; x_wconf 83' lang='lat' dir='ltr'><strong>Ex</strong></span> <span class='ocrx_word' id='word_1_113' title='bbox 1803 1653 2005 1721; x_wconf 83' lang='lat' dir='ltr'><strong>quibus</strong></span> <span class='ocrx_word' id='word_1_114' title='bbox 2047 1667 2185 1707; x_wconf 90' lang='lat' dir='ltr'><strong>unus</strong></span> <span class='ocrx_word' id='word_1_115' title='bbox 2226 1653 2305 1706; x_wconf 77' lang='lat' dir='ltr'><strong>fa-</strong></span> 
     </span>
    </p>
   </div>
   <div class='ocr_carea' id='block_1_20' title="bbox 733 1743 2294 1815">
    <p class='ocr_par' dir='ltr' id='par_1_20' title="bbox 733 1743 2294 1815">
     <span class='ocr_line' id='line_1_20' title="bbox 733 1743 2294 1815; baseline 0.001 -20"><span class='ocrx_word' id='word_1_116' title='bbox 733 1743 858 1796; x_wconf 90' lang='lat' dir='ltr'><strong>brili</strong></span> <span class='ocrx_word' id='word_1_117' title='bbox 887 1745 1030 1798; x_wconf 87' lang='lat' dir='ltr'><strong>ascia</strong></span> <span class='ocrx_word' id='word_1_118' title='bbox 1059 1744 1284 1815; x_wconf 76' lang='lat' dir='ltr'><strong>(etenim</strong></span> <span class='ocrx_word' id='word_1_119' title='bbox 1320 1745 1468 1799; x_wconf 88' lang='lat' dir='ltr'><strong>ensis</strong></span> <span class='ocrx_word' id='word_1_120' title='bbox 1494 1744 1680 1798; x_wconf 82' lang='lat' dir='ltr'><strong>nullus</strong></span> <span class='ocrx_word' id='word_1_121' title='bbox 1711 1754 1909 1814; x_wconf 64' lang='lat' dir='ltr'><strong>prmsto</strong></span> <span class='ocrx_word' id='word_1_122' title='bbox 1939 1744 2078 1812; x_wconf 90' lang='lat' dir='ltr'><strong>erat)</strong></span> <span class='ocrx_word' id='word_1_123' title='bbox 2111 1751 2294 1813; x_wconf 90' lang='lat' dir='ltr'><strong>caput.</strong></span> 
     </span>
    </p>
   </div>
   <div class='ocr_carea' id='block_1_21' title="bbox 673 1823 2304 1904">
    <p class='ocr_par' dir='ltr' id='par_1_21' title="bbox 673 1823 2304 1904">
     <span class='ocr_line' id='line_1_21' title="bbox 673 1823 2304 1904; baseline -0.001 -16"><span class='ocrx_word' id='word_1_124' title='bbox 673 1823 679 1831; x_wconf 70' lang='grc'><strong>’</strong></span> <span class='ocrx_word' id='word_1_125' title='bbox 732 1837 800 1889; x_wconf 88' lang='lat' dir='ltr'><strong>ab</strong></span> <span class='ocrx_word' id='word_1_126' title='bbox 828 1837 1058 1904; x_wconf 80' lang='lat' dir='ltr'><strong>reliquis</strong></span> <span class='ocrx_word' id='word_1_127' title='bbox 1087 1838 1349 1891; x_wconf 75' lang='lat' dir='ltr'><strong>membris</strong></span> <span class='ocrx_word' id='word_1_128' title='bbox 1375 1837 1700 1901; x_wconf 78' lang='lat' dir='ltr'><strong>abscissum,</strong></span> <span class='ocrx_word' id='word_1_129' title='bbox 1733 1851 1898 1904; x_wconf 84' lang='lat' dir='ltr'><strong>super</strong></span> <span class='ocrx_word' id='word_1_130' title='bbox 1927 1836 2156 1903; x_wconf 76' lang='lat' dir='ltr'><strong>fastigiis</strong></span> <span class='ocrx_word' id='word_1_131' title='bbox 2186 1850 2304 1888; x_wconf 90' lang='lat' dir='ltr'><strong>mu-</strong></span> 
     </span>
    </p>
   </div>
   <div class='ocr_carea' id='block_1_22' title="bbox 668 1914 2301 1996">
    <p class='ocr_par' dir='ltr' id='par_1_22' title="bbox 668 1914 2301 1996">
     <span class='ocr_line' id='line_1_22' title="bbox 668 1914 2301 1996; baseline 0.003 -19"><span class='ocrx_word' id='word_1_132' title='bbox 668 1914 678 1925; x_wconf 77' lang='grc'><strong>’</strong></span> <span class='ocrx_word' id='word_1_133' title='bbox 733 1942 916 1979; x_wconf 75' lang='lat' dir='ltr'><strong>rerum</strong></span> <span class='ocrx_word' id='word_1_134' title='bbox 943 1928 1155 1992; x_wconf 90' lang='lat' dir='ltr'><strong>statuit,</strong></span> <span class='ocrx_word' id='word_1_135' title='bbox 1213 1944 1322 1996; x_wconf 90' lang='lat' dir='ltr'><strong>quo</strong></span> <span class='ocrx_word' id='word_1_136' title='bbox 1359 1928 1702 1981; x_wconf 89' lang='lat' dir='ltr'><strong>manifestum</strong></span> <span class='ocrx_word' id='word_1_137' title='bbox 1751 1927 2057 1981; x_wconf 83' lang='lat' dir='ltr'><strong>fieretillud</strong></span> <span class='ocrx_word' id='word_1_138' title='bbox 2089 1927 2301 1982; x_wconf 89' lang='lat' dir='ltr'><strong>facinus</strong></span> 
     </span>
    </p>
   </div>
   <div class='ocr_carea' id='block_1_23' title="bbox 732 2019 2301 2089">
    <p class='ocr_par' dir='ltr' id='par_1_23' title="bbox 732 2019 2301 2089">
     <span class='ocr_line' id='line_1_23' title="bbox 732 2019 2301 2089; baseline 0.001 -18"><span class='ocrx_word' id='word_1_139' title='bbox 732 2019 1002 2073; x_wconf 69' lang='lat' dir='ltr'><strong>universae</strong></span> <span class='ocrx_word' id='word_1_140' title='bbox 1049 2020 1408 2085; x_wconf 91' lang='lat' dir='ltr'><strong>multitudini,</strong></span> <span class='ocrx_word' id='word_1_141' title='bbox 1456 2035 1577 2089; x_wconf 69' lang='lat' dir='ltr'><strong>qum</strong></span> <span class='ocrx_word' id='word_1_142' title='bbox 1625 2022 1979 2075; x_wconf 79' lang='lat' dir='ltr'><strong>extrinsecus</strong></span> <span class='ocrx_word' id='word_1_143' title='bbox 2020 2021 2131 2089; x_wconf 88' lang='lat' dir='ltr'><strong>jam</strong></span> <span class='ocrx_word' id='word_1_144' title='bbox 2174 2035 2301 2088; x_wconf 86' lang='lat' dir='ltr'><strong>pro-</strong></span> 
     </span>
    </p>
   </div>
   <div class='ocr_carea' id='block_1_24' title="bbox 730 2108 2296 2176">
    <p class='ocr_par' dir='ltr' id='par_1_24' title="bbox 730 2108 2296 2176">
     <span class='ocr_line' id='line_1_24' title="bbox 730 2108 2296 2176; baseline 0.004 -21"><span class='ocrx_word' id='word_1_145' title='bbox 730 2115 850 2176; x_wconf 84' lang='lat' dir='ltr'><strong>pter</strong></span> <span class='ocrx_word' id='word_1_146' title='bbox 895 2123 1082 2161; x_wconf 86' lang='lat' dir='ltr'><strong>muros</strong></span> <span class='ocrx_word' id='word_1_147' title='bbox 1129 2109 1396 2163; x_wconf 87' lang='lat' dir='ltr'><strong>torrentis</strong></span> <span class='ocrx_word' id='word_1_148' title='bbox 1448 2110 1617 2162; x_wconf 88' lang='lat' dir='ltr'><strong>instar</strong></span> <span class='ocrx_word' id='word_1_149' title='bbox 1652 2110 2001 2172; x_wconf 80' lang='lat' dir='ltr'><strong>confluebat;</strong></span> <span class='ocrx_word' id='word_1_150' title='bbox 2047 2119 2102 2162; x_wconf 80' lang='lat' dir='ltr'><strong>et</strong></span> <span class='ocrx_word' id='word_1_151' title='bbox 2151 2119 2210 2161; x_wconf 94' lang='lat' dir='ltr'><strong>ut</strong></span> <span class='ocrx_word' id='word_1_152' title='bbox 2262 2108 2296 2162; x_wconf 91' lang='lat' dir='ltr'><strong>ii</strong></span> 
     </span>
    </p>
   </div>
   <div class='ocr_carea' id='block_1_25' title="bbox 728 2199 2295 2268">
    <p class='ocr_par' dir='ltr' id='par_1_25' title="bbox 728 2199 2295 2268">
     <span class='ocr_line' id='line_1_25' title="bbox 728 2199 2295 2268; baseline 0.001 -18"><span class='ocrx_word' id='word_1_153' title='bbox 728 2199 949 2266; x_wconf 84' lang='lat' dir='ltr'><strong>quidem</strong></span> <span class='ocrx_word' id='word_1_154' title='bbox 997 2215 1207 2264; x_wconf 89' lang='lat' dir='ltr'><strong>omnes,</strong></span> <span class='ocrx_word' id='word_1_155' title='bbox 1264 2205 1353 2268; x_wconf 90' lang='lat' dir='ltr'><strong>qui</strong></span> <span class='ocrx_word' id='word_1_156' title='bbox 1409 2201 1560 2255; x_wconf 91' lang='lat' dir='ltr'><strong>illum</strong></span> <span class='ocrx_word' id='word_1_157' title='bbox 1633 2215 1834 2268; x_wconf 73' lang='lat' dir='ltr'><strong>genere</strong></span> <span class='ocrx_word' id='word_1_158' title='bbox 1890 2199 2295 2267; x_wconf 78' lang='lat' dir='ltr'><strong>contingebant,</strong></span> 
     </span>
    </p>
   </div>
   <div class='ocr_carea' id='block_1_26' title="bbox 727 2291 2294 2362">
    <p class='ocr_par' dir='ltr' id='par_1_26' title="bbox 727 2291 2294 2362">
     <span class='ocr_line' id='line_1_26' title="bbox 727 2291 2294 2362; baseline 0.003 -22"><span class='ocrx_word' id='word_1_159' title='bbox 727 2300 826 2344; x_wconf 85' lang='lat' dir='ltr'><strong>aut</strong></span> <span class='ocrx_word' id='word_1_160' title='bbox 886 2292 1065 2360; x_wconf 75' lang='lat' dir='ltr'><strong>aliqua</strong></span> <span class='ocrx_word' id='word_1_161' title='bbox 1117 2292 1378 2345; x_wconf 89' lang='lat' dir='ltr'><strong>societate</strong></span> <span class='ocrx_word' id='word_1_162' title='bbox 1425 2307 1550 2344; x_wconf 86' lang='lat' dir='ltr'><strong>cum</strong></span> <span class='ocrx_word' id='word_1_163' title='bbox 1597 2307 1663 2345; x_wconf 92' lang='lat' dir='ltr'><strong>eo</strong></span> <span class='ocrx_word' id='word_1_164' title='bbox 1727 2291 2008 2362; x_wconf 73' lang='lat' dir='ltr'><strong>eonjun‘cti</strong></span> <span class='ocrx_word' id='word_1_165' title='bbox 2056 2291 2294 2356; x_wconf 89' lang='lat' dir='ltr'><strong>fuerant,</strong></span> 
     </span>
    </p>
   </div>
   <div class='ocr_carea' id='block_1_27' title="bbox 728 2383 2297 2453">
    <p class='ocr_par' dir='ltr' id='par_1_27' title="bbox 728 2383 2297 2453">
     <span class='ocr_line' id='line_1_27' title="bbox 728 2383 2297 2453; baseline 0.001 -18"><span class='ocrx_word' id='word_1_166' title='bbox 728 2384 915 2437; x_wconf 62' lang='lat' dir='ltr'><strong>labore</strong></span> <span class='ocrx_word' id='word_1_167' title='bbox 959 2384 1115 2436; x_wconf 84' lang='lat' dir='ltr'><strong>irrito</strong></span> <span class='ocrx_word' id='word_1_168' title='bbox 1152 2383 1600 2452; x_wconf 87' lang='lat' dir='ltr'><strong>supersedercnt,</strong></span> <span class='ocrx_word' id='word_1_169' title='bbox 1632 2383 1900 2436; x_wconf 77' lang='lat' dir='ltr'><strong>exstincta</strong></span> <span class='ocrx_word' id='word_1_170' title='bbox 1927 2397 2155 2453; x_wconf 87' lang='lat' dir='ltr'><strong>prorsus</strong></span> <span class='ocrx_word' id='word_1_171' title='bbox 2187 2383 2297 2436; x_wconf 88' lang='lat' dir='ltr'><strong>sal-</strong></span> 
     </span>
    </p>
   </div>
   <div class='ocr_carea' id='block_1_28' title="bbox 728 2473 2297 2543">
    <p class='ocr_par' dir='ltr' id='par_1_28' title="bbox 728 2473 2297 2543">
     <span class='ocr_line' id='line_1_28' title="bbox 728 2473 2297 2543; baseline 0.003 -19"><span class='ocrx_word' id='word_1_172' title='bbox 728 2491 850 2526; x_wconf 82' lang='lat' dir='ltr'><strong>\‘llll’l</strong></span> <span class='ocrx_word' id='word_1_173' title='bbox 897 2474 1050 2527; x_wconf 91' lang='lat' dir='ltr'><strong>illum</strong></span> <span class='ocrx_word' id='word_1_174' title='bbox 1083 2473 1314 2527; x_wconf 84' lang='lat' dir='ltr'><strong>habendi</strong></span> <span class='ocrx_word' id='word_1_175' title='bbox 1347 2489 1481 2542; x_wconf 85' lang='lat' dir='ltr'><strong>spe:</strong></span> <span class='ocrx_word' id='word_1_176' title='bbox 1529 2488 1891 2543; x_wconf 85' lang='lat' dir='ltr'><strong>quoscunque</strong></span> <span class='ocrx_word' id='word_1_177' title='bbox 1919 2489 2050 2528; x_wconf 88' lang='lat' dir='ltr'><strong>vero</strong></span> <span class='ocrx_word' id='word_1_178' title='bbox 2092 2476 2182 2529; x_wconf 94' lang='lat' dir='ltr'><strong>ille</strong></span> <span class='ocrx_word' id='word_1_179' title='bbox 2215 2478 2297 2529; x_wconf 94' lang='lat' dir='ltr'><strong>in-</strong></span> 
     </span>
    </p>
   </div>
   <div class='ocr_carea' id='block_1_29' title="bbox 728 2565 2296 2630">
    <p class='ocr_par' dir='ltr' id='par_1_29' title="bbox 728 2565 2296 2630">
     <span class='ocr_line' id='line_1_29' title="bbox 728 2565 2296 2630; baseline 0.003 -14"><span class='ocrx_word' id='word_1_180' title='bbox 728 2570 912 2618; x_wconf 68' lang='lat' dir='ltr'><strong>lensos</strong></span> <span class='ocrx_word' id='word_1_181' title='bbox 948 2565 1234 2628; x_wconf 86' lang='lat' dir='ltr'><strong>habuerat,</strong></span> <span class='ocrx_word' id='word_1_182' title='bbox 1284 2565 1320 2618; x_wconf 92' lang='lat' dir='ltr'><strong>ii</strong></span> <span class='ocrx_word' id='word_1_183' title='bbox 1364 2565 1550 2618; x_wconf 91' lang='lat' dir='ltr'><strong>animo</strong></span> <span class='ocrx_word' id='word_1_184' title='bbox 1601 2565 2087 2630; x_wconf 85' lang='lat' dir='ltr'><strong>confirmarentur,</strong></span> <span class='ocrx_word' id='word_1_185' title='bbox 2134 2568 2296 2621; x_wconf 87' lang='lat' dir='ltr'><strong>ades-</strong></span> 
     </span>
    </p>
   </div>
   <div class='ocr_carea' id='block_1_30' title="bbox 685 2658 2296 2729">
    <p class='ocr_par' dir='ltr' id='par_1_30' title="bbox 685 2658 2296 2729">
     <span class='ocr_line' id='line_1_30' title="bbox 685 2658 2296 2729; baseline 0.004 -21"><span class='ocrx_word' id='word_1_186' title='bbox 685 2663 958 2726; x_wconf 74' lang='lat' dir='ltr'><strong>‘sentque</strong></span> <span class='ocrx_word' id='word_1_187' title='bbox 992 2658 1334 2713; x_wconf 83' lang='lat' dir='ltr'><strong>extrinsecus</strong></span> <span class='ocrx_word' id='word_1_188' title='bbox 1386 2658 1506 2712; x_wconf 83' lang='lat' dir='ltr'><strong>sine</strong></span> <span class='ocrx_word' id='word_1_189' title='bbox 1549 2659 1659 2712; x_wconf 92' lang='lat' dir='ltr'><strong>ullo</strong></span> <span class='ocrx_word' id='word_1_190' title='bbox 1710 2669 1856 2712; x_wconf 79' lang='lat' dir='ltr'><strong>metu</strong></span> <span class='ocrx_word' id='word_1_191' title='bbox 1918 2660 2020 2726; x_wconf 90' lang='lat' dir='ltr'><strong>iis,</strong></span> <span class='ocrx_word' id='word_1_192' title='bbox 2052 2659 2144 2728; x_wconf 91' lang='lat' dir='ltr'><strong>qui</strong></span> <span class='ocrx_word' id='word_1_193' title='bbox 2198 2675 2296 2729; x_wconf 91' lang='lat' dir='ltr'><strong>pro</strong></span> 
     </span>
    </p>
   </div>
   <div class='ocr_carea' id='block_1_31' title="bbox 726 2749 2295 2808">
    <p class='ocr_par' dir='ltr' id='par_1_31' title="bbox 726 2749 2295 2808">
     <span class='ocr_line' id='line_1_31' title="bbox 726 2749 2295 2808; baseline 0.003 -8"><span class='ocrx_word' id='word_1_194' title='bbox 726 2749 1009 2802; x_wconf 82' lang='lat' dir='ltr'><strong>communi</strong></span> <span class='ocrx_word' id='word_1_195' title='bbox 1067 2749 1319 2802; x_wconf 77' lang='lat' dir='ltr'><strong>libertate</strong></span> <span class='ocrx_word' id='word_1_196' title='bbox 1353 2750 1738 2804; x_wconf 79' lang='lat' dir='ltr'><strong>certavisscnt.</strong></span> <span class='ocrx_word' id='word_1_197' title='bbox 1773 2751 1975 2805; x_wconf 85' lang='lat' dir='ltr'><strong>Deinde</strong></span> <span class='ocrx_word' id='word_1_198' title='bbox 2010 2766 2067 2808; x_wconf 88' lang='lat' dir='ltr'><strong>se</strong></span> <span class='ocrx_word' id='word_1_199' title='bbox 2116 2753 2166 2806; x_wconf 91' lang='lat' dir='ltr'><strong>in</strong></span> <span class='ocrx_word' id='word_1_200' title='bbox 2204 2768 2295 2805; x_wconf 90' lang='lat' dir='ltr'><strong>or-</strong></span> 
     </span>
    </p>
   </div>
   <div class='ocr_carea' id='block_1_32' title="bbox 727 2842 2296 2913">
    <p class='ocr_par' dir='ltr' id='par_1_32' title="bbox 727 2842 2296 2913">
     <span class='ocr_line' id='line_1_32' title="bbox 727 2842 2296 2913; baseline 0.004 -21"><span class='ocrx_word' id='word_1_201' title='bbox 727 2843 882 2896; x_wconf 87' lang='lat' dir='ltr'><strong>dines</strong></span> <span class='ocrx_word' id='word_1_202' title='bbox 927 2852 982 2896; x_wconf 90' lang='lat' dir='ltr'><strong>et</strong></span> <span class='ocrx_word' id='word_1_203' title='bbox 1029 2842 1344 2910; x_wconf 80' lang='lat' dir='ltr'><strong>manipulos</strong></span> <span class='ocrx_word' id='word_1_204' title='bbox 1411 2843 1850 2906; x_wconf 85' lang='lat' dir='ltr'><strong>distribuerunt,</strong></span> <span class='ocrx_word' id='word_1_205' title='bbox 1904 2853 2296 2913; x_wconf 85' lang='lat' dir='ltr'><strong>portarumque</strong></span> 
     </span>
    </p>
   </div>
   <div class='ocr_carea' id='block_1_33' title="bbox 727 2931 2079 2999">
    <p class='ocr_par' dir='ltr' id='par_1_33' title="bbox 727 2931 2079 2999">
     <span class='ocr_line' id='line_1_33' title="bbox 727 2931 2079 2999; baseline 0.002 -17"><span class='ocrx_word' id='word_1_206' title='bbox 727 2940 780 2982; x_wconf 83' lang='lat' dir='ltr'><strong>et</strong></span> <span class='ocrx_word' id='word_1_207' title='bbox 815 2932 1350 2999; x_wconf 75' lang='lat' dir='ltr'><strong>propugnaculorum</strong></span> <span class='ocrx_word' id='word_1_208' title='bbox 1388 2931 1692 2985; x_wconf 87' lang='lat' dir='ltr'><strong>custodiam</strong></span> <span class='ocrx_word' id='word_1_209' title='bbox 1723 2931 1901 2985; x_wconf 85' lang='lat' dir='ltr'><strong>sortiti</strong></span> <span class='ocrx_word' id='word_1_210' title='bbox 1930 2941 2079 2986; x_wconf 89' lang='lat' dir='ltr'><strong>sunt.</strong></span> 
     </span>
    </p>
   </div>
   <div class='ocr_carea' id='block_1_34' title="bbox 794 3017 2294 3089">
    <p class='ocr_par' dir='ltr' id='par_1_34' title="bbox 794 3017 2294 3089">
     <span class='ocr_line' id='line_1_34' title="bbox 794 3017 2294 3089; baseline 0.003 -19"><span class='ocrx_word' id='word_1_211' title='bbox 794 3017 888 3070; x_wconf 81' lang='lat' dir='ltr'><strong>IX.</strong></span> <span class='ocrx_word' id='word_1_212' title='bbox 926 3020 994 3071; x_wconf 82' lang='lat' dir='ltr'><strong>At</strong></span> <span class='ocrx_word' id='word_1_213' title='bbox 1043 3034 1240 3087; x_wconf 77' lang='lat' dir='ltr'><strong>magno</strong></span> <span class='ocrx_word' id='word_1_214' title='bbox 1287 3018 1418 3088; x_wconf 86' lang='lat' dir='ltr'><strong>ipsis</strong></span> <span class='ocrx_word' id='word_1_215' title='bbox 1446 3020 1844 3089; x_wconf 84' lang='lat' dir='ltr'><strong>impedimento</strong></span> <span class='ocrx_word' id='word_1_216' title='bbox 1875 3028 2018 3085; x_wconf 83' lang='lat' dir='ltr'><strong>erat,</strong></span> <span class='ocrx_word' id='word_1_217' title='bbox 2050 3035 2160 3088; x_wconf 91' lang='lat' dir='ltr'><strong>quo</strong></span> <span class='ocrx_word' id='word_1_218' title='bbox 2193 3021 2294 3076; x_wconf 87' lang='lat' dir='ltr'><strong>mi-</strong></span> 
     </span>
    </p>
   </div>
   <div class='ocr_carea' id='block_1_35' title="bbox 725 3110 2300 3210">
    <p class='ocr_par' dir='ltr' id='par_1_35' title="bbox 725 3110 2292 3178">
     <span class='ocr_line' id='line_1_35' title="bbox 725 3110 2292 3178; baseline 0.001 -15"><span class='ocrx_word' id='word_1_219' title='bbox 725 3126 830 3164; x_wconf 88' lang='lat' dir='ltr'><strong>nus</strong></span> <span class='ocrx_word' id='word_1_220' title='bbox 863 3111 1011 3164; x_wconf 90' lang='lat' dir='ltr'><strong>illius</strong></span> <span class='ocrx_word' id='word_1_221' title='bbox 1047 3111 1333 3178; x_wconf 66' lang='lat' dir='ltr'><strong>insperatae</strong></span> <span class='ocrx_word' id='word_1_222' title='bbox 1375 3110 1570 3165; x_wconf 84' lang='lat' dir='ltr'><strong>salutis</strong></span> <span class='ocrx_word' id='word_1_223' title='bbox 1619 3112 2007 3164; x_wconf 75' lang='lat' dir='ltr'><strong>conservanda:</strong></span> <span class='ocrx_word' id='word_1_224' title='bbox 2059 3112 2292 3165; x_wconf 85' lang='lat' dir='ltr'><strong>faculta-</strong></span> 
     </span>
    </p>
   </div>
   <div class='ocr_carea' id='block_1_36' title="bbox 2344 3110 3531 3210">
    <p class='ocr_par' dir='ltr' id='par_1_36' title="bbox 2344 3110 3531 3209">
     <span class='ocr_line' id='line_1_36' title="bbox 2344 3110 3531 3209; baseline 0.011 -30"><span class='ocrx_word' id='word_1_225' title='bbox 2344 3151 2362 3209; x_wconf 57' lang='grc' dir='ltr'><strong>ς</strong></span> <span class='ocrx_word' id='word_1_226' title='bbox 2395 3132 2474 3191; x_wconf 88' lang='grc' dir='ltr'><strong>είς</strong></span> <span class='ocrx_word' id='word_1_227' title='bbox 2500 3130 2599 3198; x_wconf 71' lang='grc' dir='ltr'><strong>τήν</strong></span> <span class='ocrx_word' id='word_1_228' title='bbox 2628 3131 2727 3198; x_wconf 85' lang='grc' dir='ltr'><strong>τῆς</strong></span> <span class='ocrx_word' id='word_1_229' title='bbox 2756 3132 3064 3200; x_wconf 81' lang='grc' dir='ltr'><strong>παραδόξου</strong></span> <span class='ocrx_word' id='word_1_230' title='bbox 3096 3110 3336 3204; x_wconf 72' lang='grc' dir='ltr'><strong>ταυτησῖ</strong></span> <span class='ocrx_word' id='word_1_231' title='bbox 3362 3110 3531 3208; x_wconf 41' lang='lat' dir='ltr'><strong>&quot;omni</strong></span> 
     </span>
    </p>
   </div>
   <div class='ocr_carea' id='block_1_37' title="bbox 727 3197 2293 3268">
    <p class='ocr_par' dir='ltr' id='par_1_37' title="bbox 727 3197 2293 3268">
     <span class='ocr_line' id='line_1_37' title="bbox 727 3197 2293 3268; baseline 0.001 -17"><span class='ocrx_word' id='word_1_232' title='bbox 727 3213 834 3252; x_wconf 88' lang='lat' dir='ltr'><strong>tem</strong></span> <span class='ocrx_word' id='word_1_233' title='bbox 887 3199 1172 3264; x_wconf 78' lang='lat' dir='ltr'><strong>haberent,</strong></span> <span class='ocrx_word' id='word_1_234' title='bbox 1208 3215 1399 3253; x_wconf 90' lang='lat' dir='ltr'><strong>eorum</strong></span> <span class='ocrx_word' id='word_1_235' title='bbox 1433 3213 1554 3268; x_wconf 69' lang='lat' dir='ltr'><strong>qua:</strong></span> <span class='ocrx_word' id='word_1_236' title='bbox 1606 3197 1670 3252; x_wconf 85' lang='lat' dir='ltr'><strong>ad</strong></span> <span class='ocrx_word' id='word_1_237' title='bbox 1720 3198 1924 3251; x_wconf 89' lang='lat' dir='ltr'><strong>victum</strong></span> <span class='ocrx_word' id='word_1_238' title='bbox 1983 3200 2293 3254; x_wconf 86' lang='lat' dir='ltr'><strong>necessaria</strong></span> 
     </span>
    </p>
   </div>
   <div class='ocr_carea' id='block_1_38' title="bbox 725 3289 2294 3361">
    <p class='ocr_par' dir='ltr' id='par_1_38' title="bbox 725 3289 2294 3361">
     <span class='ocr_line' id='line_1_38' title="bbox 725 3289 2294 3361; baseline 0.002 -19"><span class='ocrx_word' id='word_1_239' title='bbox 725 3302 852 3344; x_wconf 77' lang='lat' dir='ltr'><strong>sunt</strong></span> <span class='ocrx_word' id='word_1_240' title='bbox 905 3292 1107 3361; x_wconf 80' lang='lat' dir='ltr'><strong>inopia,</strong></span> <span class='ocrx_word' id='word_1_241' title='bbox 1158 3305 1547 3359; x_wconf 86' lang='lat' dir='ltr'><strong>armorumque</strong></span> <span class='ocrx_word' id='word_1_242' title='bbox 1601 3301 1653 3346; x_wconf 90' lang='lat' dir='ltr'><strong>et</strong></span> <span class='ocrx_word' id='word_1_243' title='bbox 1715 3290 1948 3343; x_wconf 90' lang='lat' dir='ltr'><strong>telorum</strong></span> <span class='ocrx_word' id='word_1_244' title='bbox 1995 3289 2197 3357; x_wconf 84' lang='lat' dir='ltr'><strong>quibus</strong></span> <span class='ocrx_word' id='word_1_245' title='bbox 2236 3305 2294 3345; x_wconf 90' lang='lat' dir='ltr'><strong>se</strong></span> 
     </span>
    </p>
   </div>
   <div class='ocr_carea' id='block_1_39' title="bbox 725 3379 2295 3451">
    <p class='ocr_par' dir='ltr' id='par_1_39' title="bbox 725 3379 2295 3451">
     <span class='ocr_line' id='line_1_39' title="bbox 725 3379 2295 3451; baseline -0.001 -16"><span class='ocrx_word' id='word_1_246' title='bbox 725 3383 1083 3437; x_wconf 86' lang='lat' dir='ltr'><strong>defenderent</strong></span> <span class='ocrx_word' id='word_1_247' title='bbox 1146 3381 1394 3451; x_wconf 85' lang='lat' dir='ltr'><strong>penuria.</strong></span> <span class='ocrx_word' id='word_1_248' title='bbox 1434 3382 1552 3435; x_wconf 79' lang='lat' dir='ltr'><strong>Non</strong></span> <span class='ocrx_word' id='word_1_249' title='bbox 1603 3380 1749 3434; x_wconf 89' lang='lat' dir='ltr'><strong>enim</strong></span> <span class='ocrx_word' id='word_1_250' title='bbox 1800 3380 2098 3443; x_wconf 86' lang='lat' dir='ltr'><strong>habebant,</strong></span> <span class='ocrx_word' id='word_1_251' title='bbox 2147 3379 2295 3434; x_wconf 89' lang='lat' dir='ltr'><strong>unde</strong></span> 
     </span>
    </p>
   </div>
   <div class='ocr_carea' id='block_1_40' title="bbox 727 3472 2290 3543">
    <p class='ocr_par' dir='ltr' id='par_1_40' title="bbox 727 3472 2290 3543">
     <span class='ocr_line' id='line_1_40' title="bbox 727 3472 2290 3543; baseline -0.003 -13"><span class='ocrx_word' id='word_1_252' title='bbox 727 3479 882 3532; x_wconf 72' lang='lat' dir='ltr'><strong>larile</strong></span> <span class='ocrx_word' id='word_1_253' title='bbox 912 3487 966 3531; x_wconf 81' lang='lat' dir='ltr'><strong>et</strong></span> <span class='ocrx_word' id='word_1_254' title='bbox 996 3493 1025 3531; x_wconf 88' lang='lat' dir='ltr'><strong>e</strong></span> <span class='ocrx_word' id='word_1_255' title='bbox 1060 3476 1289 3543; x_wconf 77' lang='lat' dir='ltr'><strong>vestigio</strong></span> <span class='ocrx_word' id='word_1_256' title='bbox 1320 3489 1382 3528; x_wconf 90' lang='lat' dir='ltr'><strong>ea</strong></span> <span class='ocrx_word' id='word_1_257' title='bbox 1412 3489 1532 3543; x_wconf 73' lang='lat' dir='ltr'><strong>qua:</strong></span> <span class='ocrx_word' id='word_1_258' title='bbox 1561 3474 1680 3526; x_wconf 74' lang='lat' dir='ltr'><strong>usui</strong></span> <span class='ocrx_word' id='word_1_259' title='bbox 1717 3483 1900 3526; x_wconf 85' lang='lat' dir='ltr'><strong>essent</strong></span> <span class='ocrx_word' id='word_1_260' title='bbox 1932 3472 2290 3537; x_wconf 80' lang='lat' dir='ltr'><strong>deveherent;</strong></span> 
     </span>
    </p>
   </div>
   <div class='ocr_carea' id='block_1_41' title="bbox 725 3566 2292 3640">
    <p class='ocr_par' dir='ltr' id='par_1_41' title="bbox 725 3566 2292 3640">
     <span class='ocr_line' id='line_1_41' title="bbox 725 3566 2292 3640; baseline -0.002 -18"><span class='ocrx_word' id='word_1_261' title='bbox 725 3587 848 3625; x_wconf 81' lang='lat' dir='ltr'><strong>rum</strong></span> <span class='ocrx_word' id='word_1_262' title='bbox 873 3572 989 3640; x_wconf 89' lang='lat' dir='ltr'><strong>ipsa</strong></span> <span class='ocrx_word' id='word_1_263' title='bbox 1028 3571 1244 3624; x_wconf 89' lang='lat' dir='ltr'><strong>occasio</strong></span> <span class='ocrx_word' id='word_1_264' title='bbox 1289 3568 1340 3621; x_wconf 88' lang='lat' dir='ltr'><strong>id</strong></span> <span class='ocrx_word' id='word_1_265' title='bbox 1371 3568 1514 3638; x_wconf 84' lang='lat' dir='ltr'><strong>quod</strong></span> <span class='ocrx_word' id='word_1_266' title='bbox 1549 3578 1920 3637; x_wconf 71' lang='lat' dir='ltr'><strong>perpetratum</strong></span> <span class='ocrx_word' id='word_1_267' title='bbox 1950 3575 2098 3629; x_wconf 86' lang='lat' dir='ltr'><strong>erat,</strong></span> <span class='ocrx_word' id='word_1_268' title='bbox 2131 3566 2292 3620; x_wconf 92' lang='lat' dir='ltr'><strong>mini-</strong></span> 
     </span>
    </p>
   </div>
   <div class='ocr_carea' id='block_1_42' title="bbox 731 3658 2291 3735">
    <p class='ocr_par' dir='ltr' id='par_1_42' title="bbox 731 3658 2291 3735">
     <span class='ocr_line' id='line_1_42' title="bbox 731 3658 2291 3735; baseline -0.003 -18"><span class='ocrx_word' id='word_1_269' title='bbox 731 3682 814 3720; x_wconf 87' lang='lat' dir='ltr'><strong>me</strong></span> <span class='ocrx_word' id='word_1_270' title='bbox 872 3663 1330 3735; x_wconf 63' lang='lat' dir='ltr'><strong>praemeditatum,</strong></span> <span class='ocrx_word' id='word_1_271' title='bbox 1379 3675 1445 3716; x_wconf 76' lang='lat' dir='ltr'><strong>ex</strong></span> <span class='ocrx_word' id='word_1_272' title='bbox 1499 3670 1744 3728; x_wconf 88' lang='lat' dir='ltr'><strong>tempore</strong></span> <span class='ocrx_word' id='word_1_273' title='bbox 1793 3659 2170 3728; x_wconf 76' lang='lat' dir='ltr'><strong>suggessisset.</strong></span> <span class='ocrx_word' id='word_1_274' title='bbox 2212 3658 2291 3712; x_wconf 84' lang='lat' dir='ltr'><strong>Ea</strong></span> 
     </span>
    </p>
   </div>
   <div class='ocr_carea' id='block_1_43' title="bbox 727 3750 2290 3827">
    <p class='ocr_par' dir='ltr' id='par_1_43' title="bbox 727 3750 2290 3827">
     <span class='ocr_line' id='line_1_43' title="bbox 727 3750 2290 3827; baseline -0.006 -14"><span class='ocrx_word' id='word_1_275' title='bbox 727 3773 908 3813; x_wconf 85' lang='lat' dir='ltr'><strong>tamen</strong></span> <span class='ocrx_word' id='word_1_276' title='bbox 965 3773 1081 3827; x_wconf 90' lang='lat' dir='ltr'><strong>qu:e</strong></span> <span class='ocrx_word' id='word_1_277' title='bbox 1131 3764 1315 3810; x_wconf 82' lang='lat' dir='ltr'><strong>secuta</strong></span> <span class='ocrx_word' id='word_1_278' title='bbox 1374 3762 1457 3807; x_wconf 93' lang='lat' dir='ltr'><strong>est</strong></span> <span class='ocrx_word' id='word_1_279' title='bbox 1517 3763 1697 3816; x_wconf 73' lang='lat' dir='ltr'><strong>nocte,</strong></span> <span class='ocrx_word' id='word_1_280' title='bbox 1726 3767 1847 3804; x_wconf 86' lang='lat' dir='ltr'><strong>cum</strong></span> <span class='ocrx_word' id='word_1_281' title='bbox 1892 3751 1965 3802; x_wconf 87' lang='lat' dir='ltr'><strong>illi</strong></span> <span class='ocrx_word' id='word_1_282' title='bbox 2017 3765 2206 3805; x_wconf 86' lang='lat' dir='ltr'><strong>omnes</strong></span> <span class='ocrx_word' id='word_1_283' title='bbox 2233 3750 2290 3804; x_wconf 87' lang='lat' dir='ltr'><strong>in</strong></span> 
     </span>
    </p>
   </div>
   <div class='ocr_carea' id='block_1_44' title="bbox 729 3847 2293 3920">
    <p class='ocr_par' dir='ltr' id='par_1_44' title="bbox 729 3847 2293 3920">
     <span class='ocr_line' id='line_1_44' title="bbox 729 3847 2293 3920; baseline -0.004 -17"><span class='ocrx_word' id='word_1_284' title='bbox 729 3852 959 3906; x_wconf 80' lang='lat' dir='ltr'><strong>maxima</strong></span> <span class='ocrx_word' id='word_1_285' title='bbox 988 3847 1396 3920; x_wconf 89' lang='lat' dir='ltr'><strong>perturbatione</strong></span> <span class='ocrx_word' id='word_1_286' title='bbox 1441 3859 1808 3912; x_wconf 86' lang='lat' dir='ltr'><strong>curarumque</strong></span> <span class='ocrx_word' id='word_1_287' title='bbox 1841 3854 1973 3896; x_wconf 69' lang='lat' dir='ltr'><strong>aestu</strong></span> <span class='ocrx_word' id='word_1_288' title='bbox 2012 3857 2293 3897; x_wconf 82' lang='lat' dir='ltr'><strong>versaren-</strong></span> 
     </span>
    </p>
   </div>
   <div class='ocr_carea' id='block_1_45' title="bbox 727 3935 2292 4008">
    <p class='ocr_par' dir='ltr' id='par_1_45' title="bbox 727 3935 2292 4008">
     <span class='ocr_line' id='line_1_45' title="bbox 727 3935 2292 4008; baseline -0.004 -11"><span class='ocrx_word' id='word_1_289' title='bbox 727 3957 833 4008; x_wconf 91' lang='lat' dir='ltr'><strong>tur,</strong></span> <span class='ocrx_word' id='word_1_290' title='bbox 875 3943 1024 3996; x_wconf 85' lang='lat' dir='ltr'><strong>venit</strong></span> <span class='ocrx_word' id='word_1_291' title='bbox 1082 3941 1147 3995; x_wconf 89' lang='lat' dir='ltr'><strong>de</strong></span> <span class='ocrx_word' id='word_1_292' title='bbox 1185 3937 1502 3992; x_wconf 84' lang='lat' dir='ltr'><strong>triremibus</strong></span> <span class='ocrx_word' id='word_1_293' title='bbox 1553 3935 1804 3991; x_wconf 83' lang='lat' dir='ltr'><strong>Galata-is</strong></span> <span class='ocrx_word' id='word_1_294' title='bbox 1839 3951 1963 3997; x_wconf 89' lang='lat' dir='ltr'><strong>una,</strong></span> <span class='ocrx_word' id='word_1_295' title='bbox 1991 3935 2136 3989; x_wconf 86' lang='lat' dir='ltr'><strong>circa</strong></span> <span class='ocrx_word' id='word_1_296' title='bbox 2181 3949 2292 3990; x_wconf 87' lang='lat' dir='ltr'><strong>me-</strong></span> 
     </span>
    </p>
   </div>
   <div class='ocr_carea' id='block_1_46' title="bbox 724 4027 2294 4095">
    <p class='ocr_par' dir='ltr' id='par_1_46' title="bbox 724 4027 2294 4095">
     <span class='ocr_line' id='line_1_46' title="bbox 724 4027 2294 4095; baseline -0.007 -6"><span class='ocrx_word' id='word_1_297' title='bbox 724 4038 867 4090; x_wconf 81' lang='lat' dir='ltr'><strong>diam</strong></span> <span class='ocrx_word' id='word_1_298' title='bbox 903 4037 1070 4087; x_wconf 83' lang='lat' dir='ltr'><strong>ferme</strong></span> <span class='ocrx_word' id='word_1_299' title='bbox 1116 4040 1353 4092; x_wconf 86' lang='lat' dir='ltr'><strong>noctem,</strong></span> <span class='ocrx_word' id='word_1_300' title='bbox 1405 4028 1472 4082; x_wconf 87' lang='lat' dir='ltr'><strong>ab</strong></span> <span class='ocrx_word' id='word_1_301' title='bbox 1511 4027 1782 4080; x_wconf 90' lang='lat' dir='ltr'><strong>maritimo</strong></span> <span class='ocrx_word' id='word_1_302' title='bbox 1827 4041 1981 4080; x_wconf 90' lang='lat' dir='ltr'><strong>muro</strong></span> <span class='ocrx_word' id='word_1_303' title='bbox 2012 4039 2206 4095; x_wconf 87' lang='lat' dir='ltr'><strong>panem</strong></span> <span class='ocrx_word' id='word_1_304' title='bbox 2237 4032 2294 4078; x_wconf 82' lang='lat' dir='ltr'><strong>et</strong></span> 
     </span>
    </p>
   </div>
   <div class='ocr_carea' id='block_1_47' title="bbox 731 4117 2292 4194">
    <p class='ocr_par' dir='ltr' id='par_1_47' title="bbox 731 4117 2292 4194">
     <span class='ocr_line' id='line_1_47' title="bbox 731 4117 2292 4194; baseline -0.006 -13"><span class='ocrx_word' id='word_1_305' title='bbox 731 4131 911 4181; x_wconf 71' lang='lat' dir='ltr'><strong>vinum</strong></span> <span class='ocrx_word' id='word_1_306' title='bbox 943 4133 1259 4194; x_wconf 88' lang='lat' dir='ltr'><strong>apportans,</strong></span> <span class='ocrx_word' id='word_1_307' title='bbox 1281 4130 1336 4176; x_wconf 91' lang='lat' dir='ltr'><strong>et</strong></span> <span class='ocrx_word' id='word_1_308' title='bbox 1367 4119 1526 4190; x_wconf 83' lang='lat'><strong>735</strong></span> <span class='ocrx_word' id='word_1_309' title='bbox 1565 4119 1828 4189; x_wconf 80' lang='lat' dir='ltr'><strong>quidquid</strong></span> <span class='ocrx_word' id='word_1_310' title='bbox 1874 4118 2119 4171; x_wconf 89' lang='lat' dir='ltr'><strong>ciborum</strong></span> <span class='ocrx_word' id='word_1_311' title='bbox 2147 4117 2292 4171; x_wconf 86' lang='lat' dir='ltr'><strong>illius</strong></span> 
     </span>
    </p>
   </div>
   <div class='ocr_carea' id='block_1_48' title="bbox 729 4205 2292 4286">
    <p class='ocr_par' dir='ltr' id='par_1_48' title="bbox 729 4205 2292 4286">
     <span class='ocr_line' id='line_1_48' title="bbox 729 4205 2292 4286; baseline -0.006 -18"><span class='ocrx_word' id='word_1_312' title='bbox 729 4217 1068 4286; x_wconf 78' lang='lat' dir='ltr'><strong>tempestatis</strong></span> <span class='ocrx_word' id='word_1_313' title='bbox 1105 4212 1366 4282; x_wconf 86' lang='lat' dir='ltr'><strong>iniquitas</strong></span> <span class='ocrx_word' id='word_1_314' title='bbox 1405 4207 1788 4262; x_wconf 86' lang='lat' dir='ltr'><strong>concedebat:</strong></span> <span class='ocrx_word' id='word_1_315' title='bbox 1825 4209 1952 4260; x_wconf 88' lang='lat' dir='ltr'><strong>item</strong></span> <span class='ocrx_word' id='word_1_316' title='bbox 1979 4205 2292 4275; x_wconf 84' lang='lat' dir='ltr'><strong>promissio-</strong></span> 
     </span>
    </p>
   </div>
   <div class='ocr_carea' id='block_1_49' title="bbox 728 4293 2293 4375">
    <p class='ocr_par' dir='ltr' id='par_1_49' title="bbox 728 4293 2293 4375">
     <span class='ocr_line' id='line_1_49' title="bbox 728 4293 2293 4375; baseline -0.006 -15"><span class='ocrx_word' id='word_1_317' title='bbox 728 4323 827 4363; x_wconf 80' lang='lat' dir='ltr'><strong>nes</strong></span> <span class='ocrx_word' id='word_1_318' title='bbox 861 4318 912 4362; x_wconf 87' lang='lat' dir='ltr'><strong>et</strong></span> <span class='ocrx_word' id='word_1_319' title='bbox 964 4307 1194 4375; x_wconf 78' lang='lat' dir='ltr'><strong>benigna</strong></span> <span class='ocrx_word' id='word_1_320' title='bbox 1249 4303 1438 4365; x_wconf 86' lang='lat' dir='ltr'><strong>verba,</strong></span> <span class='ocrx_word' id='word_1_321' title='bbox 1465 4299 1783 4354; x_wconf 90' lang='lat' dir='ltr'><strong>utrumlibet</strong></span> <span class='ocrx_word' id='word_1_322' title='bbox 1834 4299 1911 4352; x_wconf 91' lang='lat' dir='ltr'><strong>illi</strong></span> <span class='ocrx_word' id='word_1_323' title='bbox 1948 4297 2124 4350; x_wconf 90' lang='lat' dir='ltr'><strong>facere</strong></span> <span class='ocrx_word' id='word_1_324' title='bbox 2162 4293 2293 4350; x_wconf 78' lang='lat' dir='ltr'><strong>inal-</strong></span> 
     </span>
    </p>
   </div>
   <div class='ocr_carea' id='block_1_50' title="bbox 726 4387 2289 4454">
    <p class='ocr_par' dir='ltr' id='par_1_50' title="bbox 726 4387 2289 4454">
     <span class='ocr_line' id='line_1_50' title="bbox 726 4387 2289 4454; baseline -0.009 0"><span class='ocrx_word' id='word_1_325' title='bbox 726 4407 855 4454; x_wconf 78' lang='lat' dir='ltr'><strong>leut.</strong></span> <span class='ocrx_word' id='word_1_326' title='bbox 893 4398 949 4453; x_wconf 92' lang='lat' dir='ltr'><strong>Si</strong></span> <span class='ocrx_word' id='word_1_327' title='bbox 980 4397 1127 4450; x_wconf 88' lang='lat' dir='ltr'><strong>enim</strong></span> <span class='ocrx_word' id='word_1_328' title='bbox 1157 4409 1374 4448; x_wconf 89' lang='lat' dir='ltr'><strong>manere</strong></span> <span class='ocrx_word' id='word_1_329' title='bbox 1428 4392 1501 4444; x_wconf 87' lang='lat' dir='ltr'><strong>ibi</strong></span> <span class='ocrx_word' id='word_1_330' title='bbox 1548 4390 1719 4444; x_wconf 89' lang='lat' dir='ltr'><strong>satius</strong></span> <span class='ocrx_word' id='word_1_331' title='bbox 1757 4390 2041 4453; x_wconf 90' lang='lat' dir='ltr'><strong>ducerent,</strong></span> <span class='ocrx_word' id='word_1_332' title='bbox 2067 4387 2289 4440; x_wconf 90' lang='lat' dir='ltr'><strong>allatum</strong></span> 
     </span>
    </p>
   </div>
   <div class='ocr_carea' id='block_1_51' title="bbox 2409 573 3987 656">
    <p class='ocr_par' dir='ltr' id='par_1_51' title="bbox 2409 573 3987 656">
     <span class='ocr_line' id='line_1_51' title="bbox 2409 573 3987 656; baseline 0.013 -34"><span class='ocrx_word' id='word_1_333' title='bbox 2409 573 2509 624; x_wconf 80' lang='grc' dir='ltr'><strong>οὐκ</strong></span> <span class='ocrx_word' id='word_1_334' title='bbox 2575 575 2792 642; x_wconf 79' lang='grc' dir='ltr'><strong>ἔχουσιν</strong></span> <span class='ocrx_word' id='word_1_335' title='bbox 2845 580 2953 649; x_wconf 78' lang='grc' dir='ltr'><strong>ὅτῳ</strong></span> <span class='ocrx_word' id='word_1_336' title='bbox 3002 582 3294 650; x_wconf 79' lang='grc' dir='ltr'><strong>χρήσονται</strong></span> <span class='ocrx_word' id='word_1_337' title='bbox 3357 586 3635 653; x_wconf 67' lang='grc' dir='ltr'><strong>φαρμάκῳ</strong></span> <span class='ocrx_word' id='word_1_338' title='bbox 3692 589 3831 656; x_wconf 85' lang='grc' dir='ltr'><strong>πρὸς</strong></span> <span class='ocrx_word' id='word_1_339' title='bbox 3885 591 3987 650; x_wconf 75' lang='grc' dir='ltr'><strong>τάς</strong></span> 
     </span>
    </p>
   </div>
   <div class='ocr_carea' id='block_1_52' title="bbox 2409 667 3988 748">
    <p class='ocr_par' dir='ltr' id='par_1_52' title="bbox 2409 667 3988 748">
     <span class='ocr_line' id='line_1_52' title="bbox 2409 667 3988 748; baseline 0.01 -30"><span class='ocrx_word' id='word_1_340' title='bbox 2409 667 2669 730; x_wconf 78' lang='grc' dir='ltr'><strong>ἐπιούσας</strong></span> <span class='ocrx_word' id='word_1_341' title='bbox 2695 669 2894 737; x_wconf 78' lang='grc' dir='ltr'><strong>ὁμοίως</strong></span> <span class='ocrx_word' id='word_1_342' title='bbox 2916 669 3009 721; x_wconf 77' lang='grc' dir='ltr'><strong>τοῦ</strong></span> <span class='ocrx_word' id='word_1_343' title='bbox 3029 671 3224 740; x_wconf 88' lang='grc' dir='ltr'><strong>χρόνου</strong></span> <span class='ocrx_word' id='word_1_344' title='bbox 3245 671 3412 741; x_wconf 82' lang='grc' dir='ltr'><strong>τύχας</strong></span> <span class='ocrx_word' id='word_1_345' title='bbox 3431 675 3525 725; x_wconf 83' lang='grc' dir='ltr'><strong>καὶ</strong></span> <span class='ocrx_word' id='word_1_346' title='bbox 3551 673 3635 745; x_wconf 85' lang='grc' dir='ltr'><strong>[Ρ.</strong></span> <span class='ocrx_word' id='word_1_347' title='bbox 3657 676 3782 748; x_wconf 67' lang='grc'><strong>461]</strong></span> <span class='ocrx_word' id='word_1_348' title='bbox 3807 678 3988 748; x_wconf 77' lang='grc' dir='ltr'><strong>κῆρας</strong></span> 
     </span>
    </p>
   </div>
   <div class='ocr_carea' id='block_1_53' title="bbox 2409 752 3986 834">
    <p class='ocr_par' dir='ltr' id='par_1_53' title="bbox 2409 752 3986 834">
     <span class='ocr_line' id='line_1_53' title="bbox 2409 752 3986 834; baseline 0.006 -24"><span class='ocrx_word' id='word_1_349' title='bbox 2409 756 2505 810; x_wconf 81' lang='grc' dir='ltr'><strong>καὶ</strong></span> <span class='ocrx_word' id='word_1_350' title='bbox 2532 752 2612 818; x_wconf 72' lang='grc' dir='ltr'><strong>οἷς</strong></span> <span class='ocrx_word' id='word_1_351' title='bbox 2643 759 2829 825; x_wconf 75' lang='grc' dir='ltr'><strong>ἔφεσις</strong></span> <span class='ocrx_word' id='word_1_352' title='bbox 2877 758 2984 811; x_wconf 84' lang='grc' dir='ltr'><strong>τῶν</strong></span> <span class='ocrx_word' id='word_1_353' title='bbox 3022 761 3208 822; x_wconf 87' lang='grc' dir='ltr'><strong>κακῶς</strong></span> <span class='ocrx_word' id='word_1_354' title='bbox 3266 762 3359 814; x_wconf 83' lang='grc' dir='ltr'><strong>ὑπ’</strong></span> <span class='ocrx_word' id='word_1_355' title='bbox 3386 764 3553 816; x_wconf 77' lang='grc' dir='ltr'><strong>αὑτοῦ</strong></span> <span class='ocrx_word' id='word_1_356' title='bbox 3586 769 3986 834; x_wconf 71' lang='grc' dir='ltr'><strong>πραττομένων</strong></span> 
     </span>
    </p>
   </div>
   <div class='ocr_carea' id='block_1_54' title="bbox 2407 846 3984 927">
    <p class='ocr_par' dir='ltr' id='par_1_54' title="bbox 2407 846 3984 927">
     <span class='ocr_line' id='line_1_54' title="bbox 2407 846 3984 927; baseline 0.009 -28"><span class='ocrx_word' id='word_1_357' title='bbox 2407 847 2683 916; x_wconf 75' lang='grc' dir='ltr'><strong>ἐκδίκησιν</strong></span> <span class='ocrx_word' id='word_1_358' title='bbox 2742 849 3040 904; x_wconf 87' lang='grc' dir='ltr'><strong>θεάσασθαι</strong></span> <span class='ocrx_word' id='word_1_359' title='bbox 3113 846 3204 921; x_wconf 76' lang='grc' dir='ltr'><strong>ἦν,</strong></span> <span class='ocrx_word' id='word_1_360' title='bbox 3264 853 3397 923; x_wconf 68' lang='grc' dir='ltr'><strong>πρὶν</strong></span> <span class='ocrx_word' id='word_1_361' title='bbox 3472 856 3784 923; x_wconf 81' lang='grc' dir='ltr'><strong>ἀπογνώσει</strong></span> <span class='ocrx_word' id='word_1_362' title='bbox 3843 862 3984 927; x_wconf 78' lang='grc' dir='ltr'><strong>σφᾶς</strong></span> 
     </span>
    </p>
   </div>
   <div class='ocr_carea' id='block_1_55' title="bbox 2405 937 3984 1019">
    <p class='ocr_par' dir='ltr' id='par_1_55' title="bbox 2405 937 3984 1019">
     <span class='ocr_line' id='line_1_55' title="bbox 2405 937 3984 1019; baseline 0.008 -29"><span class='ocrx_word' id='word_1_363' title='bbox 2405 937 2702 1000; x_wconf 77' lang='grc' dir='ltr'><strong>δεδωκότας</strong></span> <span class='ocrx_word' id='word_1_364' title='bbox 2726 940 2787 991; x_wconf 82' lang='grc' dir='ltr'><strong>ἐν</strong></span> <span class='ocrx_word' id='word_1_365' title='bbox 2815 957 2868 993; x_wconf 93' lang='grc' dir='ltr'><strong>τι</strong></span> <span class='ocrx_word' id='word_1_366' title='bbox 2897 942 3225 996; x_wconf 80' lang='grc' dir='ltr'><strong>πεπονθέναι</strong></span> <span class='ocrx_word' id='word_1_367' title='bbox 3253 944 3359 996; x_wconf 88' lang='grc' dir='ltr'><strong>τῶν</strong></span> <span class='ocrx_word' id='word_1_368' title='bbox 3384 947 3659 1015; x_wconf 77' lang='grc' dir='ltr'><strong>ἀθεμίτων</strong></span> <span class='ocrx_word' id='word_1_369' title='bbox 3687 964 3704 982; x_wconf 79' lang='grc' dir='ltr'><strong>ο</strong></span> <span class='ocrx_word' id='word_1_370' title='bbox 3739 950 3832 1001; x_wconf 78' lang='grc' dir='ltr'><strong>καὶ</strong></span> <span class='ocrx_word' id='word_1_371' title='bbox 3861 951 3984 1019; x_wconf 74' lang='grc' dir='ltr'><strong>ἅμα</strong></span> 
     </span>
    </p>
   </div>
   <div class='ocr_carea' id='block_1_56' title="bbox 2406 1027 3984 1108">
    <p class='ocr_par' dir='ltr' id='par_1_56' title="bbox 2406 1027 3984 1108">
     <span class='ocr_line' id='line_1_56' title="bbox 2406 1027 3984 1108; baseline 0.01 -30"><span class='ocrx_word' id='word_1_372' title='bbox 2406 1027 2810 1098; x_wconf 80' lang='grc' dir='ltr'><strong>παιδευτήριον,</strong></span> <span class='ocrx_word' id='word_1_373' title='bbox 2841 1030 2896 1092; x_wconf 88' lang='grc' dir='ltr'><strong>ἐς</strong></span> <span class='ocrx_word' id='word_1_374' title='bbox 2929 1030 2988 1083; x_wconf 87' lang='grc' dir='ltr'><strong>τὸ</strong></span> <span class='ocrx_word' id='word_1_375' title='bbox 3026 1031 3242 1104; x_wconf 64' lang='grc' dir='ltr'><strong>σῶφρον</strong></span> <span class='ocrx_word' id='word_1_376' title='bbox 3297 1037 3424 1098; x_wconf 76' lang='grc' dir='ltr'><strong>τοὺς</strong></span> <span class='ocrx_word' id='word_1_377' title='bbox 3470 1037 3842 1108; x_wconf 70' lang='grc' dir='ltr'><strong>θρασυτέρους</strong></span> <span class='ocrx_word' id='word_1_378' title='bbox 3886 1041 3984 1093; x_wconf 85' lang='grc' dir='ltr'><strong>άν-</strong></span> 
     </span>
    </p>
   </div>
   <div class='ocr_carea' id='block_1_57' title="bbox 2406 1115 3983 1201">
    <p class='ocr_par' dir='ltr' id='par_1_57' title="bbox 2406 1115 3983 1201">
     <span class='ocr_line' id='line_1_57' title="bbox 2406 1115 3983 1201; baseline 0.011 -32"><span class='ocrx_word' id='word_1_379' title='bbox 2406 1117 2612 1182; x_wconf 87' lang='grc' dir='ltr'><strong>θέλκον,</strong></span> <span class='ocrx_word' id='word_1_380' title='bbox 2643 1121 2735 1172; x_wconf 76' lang='grc' dir='ltr'><strong>καὶ</strong></span> <span class='ocrx_word' id='word_1_381' title='bbox 2765 1115 2846 1183; x_wconf 75' lang='grc' dir='ltr'><strong>οἷς</strong></span> <span class='ocrx_word' id='word_1_382' title='bbox 2876 1121 2943 1174; x_wconf 73' lang='grc' dir='ltr'><strong>τὰ</strong></span> <span class='ocrx_word' id='word_1_383' title='bbox 2973 1123 3255 1194; x_wconf 81' lang='grc' dir='ltr'><strong>ἁτόλμητα</strong></span> <span class='ocrx_word' id='word_1_384' title='bbox 3286 1127 3380 1192; x_wconf 79' lang='grc' dir='ltr'><strong>ξὺν</strong></span> <span class='ocrx_word' id='word_1_385' title='bbox 3408 1129 3588 1182; x_wconf 75' lang='grc' dir='ltr'><strong>οὐδενὶ</strong></span> <span class='ocrx_word' id='word_1_386' title='bbox 3630 1131 3740 1184; x_wconf 85' lang='grc' dir='ltr'><strong>δέει</strong></span> <span class='ocrx_word' id='word_1_387' title='bbox 3773 1132 3983 1201; x_wconf 78' lang='grc' dir='ltr'><strong>τολμᾶ-</strong></span> 
     </span>
    </p>
   </div>
   <div class='ocr_carea' id='block_1_58' title="bbox 2403 1211 3728 1290">
    <p class='ocr_par' dir='ltr' id='par_1_58' title="bbox 2403 1211 3728 1290">
     <span class='ocr_line' id='line_1_58' title="bbox 2403 1211 3728 1290; baseline 0.013 -30"><span class='ocrx_word' id='word_1_388' title='bbox 2403 1225 2514 1263; x_wconf 87' lang='grc' dir='ltr'><strong>ται.</strong></span> <span class='ocrx_word' id='word_1_389' title='bbox 2550 1211 2657 1264; x_wconf 80' lang='grc' dir='ltr'><strong>Καὶ</strong></span> <span class='ocrx_word' id='word_1_390' title='bbox 2687 1211 2856 1265; x_wconf 86' lang='grc' dir='ltr'><strong>ταῦτα</strong></span> <span class='ocrx_word' id='word_1_391' title='bbox 2884 1215 2984 1282; x_wconf 79' lang='grc' dir='ltr'><strong>μὲν</strong></span> <span class='ocrx_word' id='word_1_392' title='bbox 3015 1215 3200 1270; x_wconf 82' lang='grc' dir='ltr'><strong>τοῦτον</strong></span> <span class='ocrx_word' id='word_1_393' title='bbox 3228 1218 3353 1290; x_wconf 81' lang='grc' dir='ltr'><strong>ἐσχε</strong></span> <span class='ocrx_word' id='word_1_394' title='bbox 3383 1221 3476 1274; x_wconf 83' lang='grc' dir='ltr'><strong>τὸν</strong></span> <span class='ocrx_word' id='word_1_395' title='bbox 3506 1224 3728 1290; x_wconf 81' lang='grc' dir='ltr'><strong>τρόπον.</strong></span> 
     </span>
    </p>
   </div>
   <div class='ocr_carea' id='block_1_59' title="bbox 2476 1296 3983 1382">
    <p class='ocr_par' dir='ltr' id='par_1_59' title="bbox 2476 1296 3983 1382">
     <span class='ocr_line' id='line_1_59' title="bbox 2476 1296 3983 1382; baseline 0.012 -33"><span class='ocrx_word' id='word_1_396' title='bbox 2476 1296 2558 1351; x_wconf 87' lang='lat' dir='ltr'><strong>H&#39;.</strong></span> <span class='ocrx_word' id='word_1_397' title='bbox 2593 1299 2729 1365; x_wconf 86' lang='grc' dir='ltr'><strong>Πρίν</strong></span> <span class='ocrx_word' id='word_1_398' title='bbox 2779 1317 2842 1368; x_wconf 88' lang='grc' dir='ltr'><strong>γε</strong></span> <span class='ocrx_word' id='word_1_399' title='bbox 2880 1301 2987 1370; x_wconf 82' lang='grc' dir='ltr'><strong>μὴν</strong></span> <span class='ocrx_word' id='word_1_400' title='bbox 3017 1304 3270 1372; x_wconf 80' lang='grc' dir='ltr'><strong>αἴσθησιν</strong></span> <span class='ocrx_word' id='word_1_401' title='bbox 3299 1307 3395 1360; x_wconf 78' lang='grc' dir='ltr'><strong>τοῦ</strong></span> <span class='ocrx_word' id='word_1_402' title='bbox 3440 1309 3718 1377; x_wconf 81' lang='grc' dir='ltr'><strong>δράματος</strong></span> <span class='ocrx_word' id='word_1_403' title='bbox 3749 1313 3983 1382; x_wconf 78' lang='grc' dir='ltr'><strong>ἐγγενέ-</strong></span> 
     </span>
    </p>
   </div>
   <div class='ocr_carea' id='block_1_60' title="bbox 2406 1389 3981 1473">
    <p class='ocr_par' dir='ltr' id='par_1_60' title="bbox 2406 1389 3981 1473">
     <span class='ocr_line' id='line_1_60' title="bbox 2406 1389 3981 1473; baseline 0.011 -31"><span class='ocrx_word' id='word_1_404' title='bbox 2406 1389 2530 1442; x_wconf 90' lang='grc' dir='ltr'><strong>σθαι</strong></span> <span class='ocrx_word' id='word_1_405' title='bbox 2554 1392 2666 1453; x_wconf 82' lang='grc' dir='ltr'><strong>τοῖς</strong></span> <span class='ocrx_word' id='word_1_406' title='bbox 2695 1392 2821 1458; x_wconf 80' lang='grc' dir='ltr'><strong>ἐξω,</strong></span> <span class='ocrx_word' id='word_1_407' title='bbox 2839 1393 3017 1462; x_wconf 81' lang='grc' dir='ltr'><strong>δεσμά</strong></span> <span class='ocrx_word' id='word_1_408' title='bbox 3042 1397 3220 1449; x_wconf 84' lang='grc' dir='ltr'><strong>πάντα</strong></span> <span class='ocrx_word' id='word_1_409' title='bbox 3248 1399 3340 1451; x_wconf 77' lang='grc' dir='ltr'><strong>καὶ</strong></span> <span class='ocrx_word' id='word_1_410' title='bbox 3375 1400 3591 1464; x_wconf 75' lang='grc' dir='ltr'><strong>κλοιοὺς</strong></span> <span class='ocrx_word' id='word_1_411' title='bbox 3613 1403 3664 1455; x_wconf 90' lang='grc' dir='ltr'><strong>οί</strong></span> <span class='ocrx_word' id='word_1_412' title='bbox 3696 1403 3981 1473; x_wconf 79' lang='grc' dir='ltr'><strong>δεσμῶται</strong></span> 
     </span>
    </p>
   </div>
   <div class='ocr_carea' id='block_1_61' title="bbox 2405 1477 3980 1565">
    <p class='ocr_par' dir='ltr' id='par_1_61' title="bbox 2405 1477 3980 1565">
     <span class='ocr_line' id='line_1_61' title="bbox 2405 1477 3980 1565; baseline 0.014 -38"><span class='ocrx_word' id='word_1_413' title='bbox 2405 1477 2664 1545; x_wconf 71' lang='grc' dir='ltr'><strong>ῥήξαντες</strong></span> <span class='ocrx_word' id='word_1_414' title='bbox 2696 1481 2774 1542; x_wconf 89' lang='grc' dir='ltr'><strong>είς</strong></span> <span class='ocrx_word' id='word_1_415' title='bbox 2809 1482 2907 1552; x_wconf 85' lang='grc' dir='ltr'><strong>τήν</strong></span> <span class='ocrx_word' id='word_1_416' title='bbox 2955 1482 3048 1535; x_wconf 82' lang='grc' dir='ltr'><strong>τοῦ</strong></span> <span class='ocrx_word' id='word_1_417' title='bbox 3096 1485 3388 1555; x_wconf 85' lang='grc' dir='ltr'><strong>πτώματος</strong></span> <span class='ocrx_word' id='word_1_418' title='bbox 3431 1488 3561 1542; x_wconf 88' lang='grc' dir='ltr'><strong>θέαν</strong></span> <span class='ocrx_word' id='word_1_419' title='bbox 3607 1494 3746 1559; x_wconf 76' lang='grc' dir='ltr'><strong>μετὰ</strong></span> <span class='ocrx_word' id='word_1_420' title='bbox 3793 1495 3980 1565; x_wconf 82' lang='grc' dir='ltr'><strong>πάσης</strong></span> 
     </span>
    </p>
   </div>
   <div class='ocr_carea' id='block_1_62' title="bbox 2402 1567 3978 1654">
    <p class='ocr_par' dir='ltr' id='par_1_62' title="bbox 2402 1567 3978 1654">
     <span class='ocr_line' id='line_1_62' title="bbox 2402 1567 3978 1654; baseline 0.013 -35"><span class='ocrx_word' id='word_1_421' title='bbox 2402 1567 2688 1634; x_wconf 70' lang='grc' dir='ltr'><strong>ἐπεξέθεον</strong></span> <span class='ocrx_word' id='word_1_422' title='bbox 2718 1572 2932 1642; x_wconf 71' lang='grc' dir='ltr'><strong>ἡδονῆς,</strong></span> <span class='ocrx_word' id='word_1_423' title='bbox 2966 1574 3026 1626; x_wconf 89' lang='grc' dir='ltr'><strong>ού</strong></span> <span class='ocrx_word' id='word_1_424' title='bbox 3076 1578 3228 1645; x_wconf 87' lang='grc' dir='ltr'><strong>μεῖον</strong></span> <span class='ocrx_word' id='word_1_425' title='bbox 3269 1577 3560 1633; x_wconf 79' lang='grc' dir='ltr'><strong>διακοσίων</strong></span> <span class='ocrx_word' id='word_1_426' title='bbox 3592 1583 3936 1654; x_wconf 79' lang='grc' dir='ltr'><strong>ὑπάρχοντες</strong></span> <span class='ocrx_word' id='word_1_427' title='bbox 3961 1601 3978 1617; x_wconf 84' lang='grc'><strong><em>⁸</em></strong></span> 
     </span>
    </p>
   </div>
   <div class='ocr_carea' id='block_1_63' title="bbox 2401 1654 3974 1745">
    <p class='ocr_par' dir='ltr' id='par_1_63' title="bbox 2401 1654 3974 1745">
     <span class='ocr_line' id='line_1_63' title="bbox 2401 1654 3974 1745; baseline 0.012 -33"><span class='ocrx_word' id='word_1_428' title='bbox 2401 1654 2474 1717; x_wconf 81' lang='grc' dir='ltr'><strong>ὧν</strong></span> <span class='ocrx_word' id='word_1_429' title='bbox 2504 1656 2582 1724; x_wconf 80' lang='grc' dir='ltr'><strong>εἷς</strong></span> <span class='ocrx_word' id='word_1_430' title='bbox 2626 1679 2708 1725; x_wconf 90' lang='grc' dir='ltr'><strong>τις</strong></span> <span class='ocrx_word' id='word_1_431' title='bbox 2753 1667 3050 1736; x_wconf 81' lang='grc' dir='ltr'><strong>σκεπάρνῳ</strong></span> <span class='ocrx_word' id='word_1_432' title='bbox 3079 1671 3378 1740; x_wconf 78' lang='grc' dir='ltr'><strong>τεκτονικῷ</strong></span> <span class='ocrx_word' id='word_1_433' title='bbox 3410 1672 3586 1741; x_wconf 68' lang='grc' dir='ltr'><strong>(ξίφος</strong></span> <span class='ocrx_word' id='word_1_434' title='bbox 3619 1677 3726 1745; x_wconf 75' lang='grc' dir='ltr'><strong>γάρ</strong></span> <span class='ocrx_word' id='word_1_435' title='bbox 3763 1677 3974 1744; x_wconf 75' lang='grc' dir='ltr'><strong>ἥκιστα</strong></span> 
     </span>
    </p>
   </div>
   <div class='ocr_carea' id='block_1_64' title="bbox 2404 1753 3980 1836">
    <p class='ocr_par' dir='ltr' id='par_1_64' title="bbox 2404 1753 3980 1836">
     <span class='ocr_line' id='line_1_64' title="bbox 2404 1753 3980 1836; baseline 0.01 -30"><span class='ocrx_word' id='word_1_436' title='bbox 2404 1754 2615 1823; x_wconf 83' lang='grc' dir='ltr'><strong>παρῆν)</strong></span> <span class='ocrx_word' id='word_1_437' title='bbox 2670 1753 2762 1807; x_wconf 84' lang='grc' dir='ltr'><strong>τοῦ</strong></span> <span class='ocrx_word' id='word_1_438' title='bbox 2811 1755 2998 1810; x_wconf 86' lang='grc' dir='ltr'><strong>λοιποῦ</strong></span> <span class='ocrx_word' id='word_1_439' title='bbox 3027 1761 3126 1827; x_wconf 83' lang='grc' dir='ltr'><strong>τήν</strong></span> <span class='ocrx_word' id='word_1_440' title='bbox 3153 1761 3395 1833; x_wconf 80' lang='grc' dir='ltr'><strong>κεφαλὴν</strong></span> <span class='ocrx_word' id='word_1_441' title='bbox 3424 1765 3756 1835; x_wconf 83' lang='grc' dir='ltr'><strong>ἀφελόμενος</strong></span> <span class='ocrx_word' id='word_1_442' title='bbox 3787 1767 3980 1836; x_wconf 65' lang='grc' dir='ltr'><strong>σώμαι</strong></span> 
     </span>
    </p>
   </div>
   <div class='ocr_carea' id='block_1_65' title="bbox 2404 1846 3975 1926">
    <p class='ocr_par' dir='ltr' id='par_1_65' title="bbox 2404 1846 3975 1926">
     <span class='ocr_line' id='line_1_65' title="bbox 2404 1846 3975 1926; baseline 0.011 -31"><span class='ocrx_word' id='word_1_443' title='bbox 2404 1861 2493 1908; x_wconf 89' lang='grc' dir='ltr'><strong>τος</strong></span> <span class='ocrx_word' id='word_1_444' title='bbox 2545 1846 2637 1898; x_wconf 82' lang='grc' dir='ltr'><strong>ἐπὶ</strong></span> <span class='ocrx_word' id='word_1_445' title='bbox 2686 1847 2783 1915; x_wconf 74' lang='grc' dir='ltr'><strong>τῆς</strong></span> <span class='ocrx_word' id='word_1_446' title='bbox 2830 1848 3104 1914; x_wconf 76' lang='grc' dir='ltr'><strong>ἐπάλξεως</strong></span> <span class='ocrx_word' id='word_1_447' title='bbox 3153 1851 3405 1921; x_wconf 81' lang='grc' dir='ltr'><strong>ἔστησεν,</strong></span> <span class='ocrx_word' id='word_1_448' title='bbox 3458 1855 3600 1908; x_wconf 82' lang='grc' dir='ltr'><strong>ὥστε</strong></span> <span class='ocrx_word' id='word_1_449' title='bbox 3656 1861 3975 1926; x_wconf 77' lang='grc' dir='ltr'><strong>καταφανὲς</strong></span> 
     </span>
    </p>
   </div>
   <div class='ocr_carea' id='block_1_66' title="bbox 2403 1936 3977 2019">
    <p class='ocr_par' dir='ltr' id='par_1_66' title="bbox 2403 1936 3977 2019">
     <span class='ocr_line' id='line_1_66' title="bbox 2403 1936 3977 2019; baseline 0.01 -32"><span class='ocrx_word' id='word_1_450' title='bbox 2403 1936 2656 2002; x_wconf 85' lang='grc' dir='ltr'><strong>γενέσθαι</strong></span> <span class='ocrx_word' id='word_1_451' title='bbox 2692 1938 2754 1991; x_wconf 70' lang='grc' dir='ltr'><strong>τὸ</strong></span> <span class='ocrx_word' id='word_1_452' title='bbox 2781 1939 2961 2008; x_wconf 78' lang='grc' dir='ltr'><strong>δρᾶμα</strong></span> <span class='ocrx_word' id='word_1_453' title='bbox 2989 1941 3082 1992; x_wconf 78' lang='grc' dir='ltr'><strong>καὶ</strong></span> <span class='ocrx_word' id='word_1_454' title='bbox 3116 1944 3250 1994; x_wconf 83' lang='grc' dir='ltr'><strong>πᾶσι</strong></span> <span class='ocrx_word' id='word_1_455' title='bbox 3281 1946 3395 2007; x_wconf 88' lang='grc' dir='ltr'><strong>τοῖς</strong></span> <span class='ocrx_word' id='word_1_456' title='bbox 3449 1945 3648 2009; x_wconf 78' lang='grc' dir='ltr'><strong>ἔξωθεν</strong></span> <span class='ocrx_word' id='word_1_457' title='bbox 3677 1949 3778 2018; x_wconf 67' lang='grc' dir='ltr'><strong>ήδη</strong></span> <span class='ocrx_word' id='word_1_458' title='bbox 3821 1951 3977 2019; x_wconf 67' lang='grc' dir='ltr'><strong>παρα</strong></span> 
     </span>
    </p>
   </div>
   <div class='ocr_carea' id='block_1_67' title="bbox 2402 2027 3977 2106">
    <p class='ocr_par' dir='ltr' id='par_1_67' title="bbox 2402 2027 3977 2106">
     <span class='ocr_line' id='line_1_67' title="bbox 2402 2027 3977 2106; baseline 0.011 -28"><span class='ocrx_word' id='word_1_459' title='bbox 2402 2027 2468 2078; x_wconf 68' lang='grc' dir='ltr'><strong>τὰ</strong></span> <span class='ocrx_word' id='word_1_460' title='bbox 2517 2027 2670 2098; x_wconf 82' lang='grc' dir='ltr'><strong>τείχη</strong></span> <span class='ocrx_word' id='word_1_461' title='bbox 2723 2032 3033 2099; x_wconf 83' lang='grc' dir='ltr'><strong>ποταμηδὸν</strong></span> <span class='ocrx_word' id='word_1_462' title='bbox 3079 2033 3351 2101; x_wconf 86' lang='grc' dir='ltr'><strong>είσρέουσι</strong></span> <span class='ocrx_word' id='word_1_463' title='bbox 3408 2035 3638 2106; x_wconf 83' lang='grc' dir='ltr'><strong>δήμοις’</strong></span> <span class='ocrx_word' id='word_1_464' title='bbox 3675 2039 3806 2093; x_wconf 82' lang='grc' dir='ltr'><strong>ὥσθ’</strong></span> <span class='ocrx_word' id='word_1_465' title='bbox 3859 2043 3977 2096; x_wconf 81' lang='grc' dir='ltr'><strong>ὅσοι</strong></span> 
     </span>
    </p>
   </div>
   <div class='ocr_carea' id='block_1_68' title="bbox 2403 2118 3976 2202">
    <p class='ocr_par' dir='ltr' id='par_1_68' title="bbox 2403 2118 3976 2202">
     <span class='ocr_line' id='line_1_68' title="bbox 2403 2118 3976 2202; baseline 0.011 -32"><span class='ocrx_word' id='word_1_466' title='bbox 2403 2118 2502 2190; x_wconf 82' lang='grc' dir='ltr'><strong>μὲν</strong></span> <span class='ocrx_word' id='word_1_467' title='bbox 2531 2121 2681 2190; x_wconf 80' lang='grc' dir='ltr'><strong>αὐτῷ</strong></span> <span class='ocrx_word' id='word_1_468' title='bbox 2716 2139 2858 2178; x_wconf 87' lang='grc' dir='ltr'><strong>κατα</strong></span> <span class='ocrx_word' id='word_1_469' title='bbox 2907 2121 3063 2190; x_wconf 85' lang='grc' dir='ltr'><strong>γένος</strong></span> <span class='ocrx_word' id='word_1_470' title='bbox 3099 2126 3131 2193; x_wconf 79' lang='grc' dir='ltr'>ἢ</span> <span class='ocrx_word' id='word_1_471' title='bbox 3169 2126 3296 2178; x_wconf 81' lang='grc' dir='ltr'><strong>καθ’</strong></span> <span class='ocrx_word' id='word_1_472' title='bbox 3349 2129 3624 2199; x_wconf 76' lang='grc' dir='ltr'><strong>ἑταιρείαν</strong></span> <span class='ocrx_word' id='word_1_473' title='bbox 3653 2128 3765 2185; x_wconf 80' lang='grc' dir='ltr'><strong>εἷεν</strong></span> <span class='ocrx_word' id='word_1_474' title='bbox 3803 2150 3976 2202; x_wconf 81' lang='grc' dir='ltr'><strong>προσ-</strong></span> 
     </span>
    </p>
   </div>
   <div class='ocr_carea' id='block_1_69' title="bbox 2400 2215 3976 2294">
    <p class='ocr_par' dir='ltr' id='par_1_69' title="bbox 2400 2215 3976 2294">
     <span class='ocr_line' id='line_1_69' title="bbox 2400 2215 3976 2294; baseline 0.01 -29"><span class='ocrx_word' id='word_1_475' title='bbox 2400 2215 2624 2282; x_wconf 82' lang='grc' dir='ltr'><strong>ήκοντες</strong></span> <span class='ocrx_word' id='word_1_476' title='bbox 2655 2215 2852 2284; x_wconf 79' lang='grc' dir='ltr'><strong>μηκέτι</strong></span> <span class='ocrx_word' id='word_1_477' title='bbox 2885 2220 3068 2270; x_wconf 83' lang='grc' dir='ltr'><strong>πονεῖν</strong></span> <span class='ocrx_word' id='word_1_478' title='bbox 3099 2219 3362 2289; x_wconf 77' lang='grc' dir='ltr'><strong>ἀνήνυτα,</strong></span> <span class='ocrx_word' id='word_1_479' title='bbox 3397 2225 3580 2294; x_wconf 91' lang='grc' dir='ltr'><strong>πάσης</strong></span> <span class='ocrx_word' id='word_1_480' title='bbox 3617 2225 3819 2288; x_wconf 84' lang='grc' dir='ltr'><strong>τελέως</strong></span> <span class='ocrx_word' id='word_1_481' title='bbox 3850 2227 3976 2280; x_wconf 77' lang='grc' dir='ltr'><strong>σϐε-</strong></span> 
     </span>
    </p>
   </div>
   <div class='ocr_carea' id='block_1_70' title="bbox 2402 2306 3974 2387">
    <p class='ocr_par' dir='ltr' id='par_1_70' title="bbox 2402 2306 3974 2387">
     <span class='ocr_line' id='line_1_70' title="bbox 2402 2306 3974 2387; baseline 0.011 -31"><span class='ocrx_word' id='word_1_482' title='bbox 2402 2306 2619 2376; x_wconf 90' lang='grc' dir='ltr'><strong>σθείσης</strong></span> <span class='ocrx_word' id='word_1_483' title='bbox 2674 2308 2769 2359; x_wconf 83' lang='grc' dir='ltr'><strong>τοῦ</strong></span> <span class='ocrx_word' id='word_1_484' title='bbox 2805 2309 2902 2377; x_wconf 75' lang='grc' dir='ltr'><strong>ζῇν</strong></span> <span class='ocrx_word' id='word_1_485' title='bbox 2937 2311 3146 2364; x_wconf 80' lang='grc' dir='ltr'><strong>ἐκεῖνον</strong></span> <span class='ocrx_word' id='word_1_486' title='bbox 3178 2312 3397 2375; x_wconf 79' lang='grc' dir='ltr'><strong>ἐλπίδος</strong></span> <span class='ocrx_word' id='word_1_487' title='bbox 3420 2332 3434 2346; x_wconf 74' lang='grc' dir='ltr'><strong>ο</strong></span> <span class='ocrx_word' id='word_1_488' title='bbox 3473 2317 3588 2368; x_wconf 82' lang='grc' dir='ltr'><strong>ὅσοι</strong></span> <span class='ocrx_word' id='word_1_489' title='bbox 3621 2319 3667 2370; x_wconf 80' lang='grc' dir='ltr'><strong>δ’</strong></span> <span class='ocrx_word' id='word_1_490' title='bbox 3713 2321 3974 2387; x_wconf 78' lang='grc' dir='ltr'><strong>ἀπεχθῶς</strong></span> 
     </span>
    </p>
   </div>
   <div class='ocr_carea' id='block_1_71' title="bbox 2398 2393 3975 2479">
    <p class='ocr_par' dir='ltr' id='par_1_71' title="bbox 2398 2393 3975 2479">
     <span class='ocr_line' id='line_1_71' title="bbox 2398 2393 3975 2479; baseline 0.01 -30"><span class='ocrx_word' id='word_1_491' title='bbox 2398 2393 2542 2466; x_wconf 79' lang='grc' dir='ltr'><strong>εῐχον</strong></span> <span class='ocrx_word' id='word_1_492' title='bbox 2593 2399 2663 2452; x_wconf 80' lang='grc' dir='ltr'><strong>αὖ</strong></span> <span class='ocrx_word' id='word_1_493' title='bbox 2706 2400 2844 2466; x_wconf 81' lang='grc' dir='ltr'><strong>πρὸς</strong></span> <span class='ocrx_word' id='word_1_494' title='bbox 2886 2404 3111 2466; x_wconf 63' lang='grc' dir='ltr'><strong>ἐκεῖνκν,</strong></span> <span class='ocrx_word' id='word_1_495' title='bbox 3151 2403 3378 2467; x_wconf 80' lang='grc' dir='ltr'><strong>τούτους</strong></span> <span class='ocrx_word' id='word_1_496' title='bbox 3440 2408 3488 2459; x_wconf 83' lang='grc' dir='ltr'><strong>δ’</strong></span> <span class='ocrx_word' id='word_1_497' title='bbox 3547 2410 3827 2479; x_wconf 65' lang='grc' dir='ltr'><strong>ἐρρῶσθαι</strong></span> <span class='ocrx_word' id='word_1_498' title='bbox 3870 2413 3975 2475; x_wconf 78' lang='grc' dir='ltr'><strong>τὰς</strong></span> 
     </span>
    </p>
   </div>
   <div class='ocr_carea' id='block_1_72' title="bbox 2397 2490 3975 2564">
    <p class='ocr_par' dir='ltr' id='par_1_72' title="bbox 2397 2490 3975 2564">
     <span class='ocr_line' id='line_1_72' title="bbox 2397 2490 3975 2564; baseline 0.008 -21"><span class='ocrx_word' id='word_1_499' title='bbox 2397 2490 2659 2553; x_wconf 79' lang='grc' dir='ltr'><strong>διανοίας,</strong></span> <span class='ocrx_word' id='word_1_500' title='bbox 2701 2492 2796 2543; x_wconf 81' lang='grc' dir='ltr'><strong>καὶ</strong></span> <span class='ocrx_word' id='word_1_501' title='bbox 2842 2496 3151 2562; x_wconf 78' lang='grc' dir='ltr'><strong>συμμαχεῖν</strong></span> <span class='ocrx_word' id='word_1_502' title='bbox 3182 2498 3378 2560; x_wconf 76' lang='grc' dir='ltr'><strong>ἔξωθεν</strong></span> <span class='ocrx_word' id='word_1_503' title='bbox 3411 2500 3584 2562; x_wconf 81' lang='grc' dir='ltr'><strong>ἀδεῶς</strong></span> <span class='ocrx_word' id='word_1_504' title='bbox 3613 2504 3724 2564; x_wconf 83' lang='grc' dir='ltr'><strong>τοίς</strong></span> <span class='ocrx_word' id='word_1_505' title='bbox 3757 2504 3975 2556; x_wconf 80' lang='grc' dir='ltr'><strong>ἔνδοθεν</strong></span> 
     </span>
    </p>
   </div>
   <div class='ocr_carea' id='block_1_73' title="bbox 2398 2581 3973 2659">
    <p class='ocr_par' dir='ltr' id='par_1_73' title="bbox 2398 2581 3973 2659">
     <span class='ocr_line' id='line_1_73' title="bbox 2398 2581 3973 2659; baseline 0.009 -26"><span class='ocrx_word' id='word_1_506' title='bbox 2398 2581 2539 2650; x_wconf 79' lang='grc' dir='ltr'><strong>ὑπὲρ</strong></span> <span class='ocrx_word' id='word_1_507' title='bbox 2571 2582 2668 2651; x_wconf 78' lang='grc' dir='ltr'><strong>τῆς</strong></span> <span class='ocrx_word' id='word_1_508' title='bbox 2703 2581 2890 2651; x_wconf 79' lang='grc' dir='ltr'><strong>κοινῆς</strong></span> <span class='ocrx_word' id='word_1_509' title='bbox 2922 2586 3230 2655; x_wconf 72' lang='grc' dir='ltr'><strong>ἐλευθερίας</strong></span> <span class='ocrx_word' id='word_1_510' title='bbox 3279 2591 3697 2659; x_wconf 65' lang='grc' dir='ltr'><strong>ἠγωνισμένοις.</strong></span> <span class='ocrx_word' id='word_1_511' title='bbox 3735 2595 3973 2648; x_wconf 80' lang='grc' dir='ltr'><strong>Ἔπειτα</strong></span> 
     </span>
    </p>
   </div>
   <div class='ocr_carea' id='block_1_74' title="bbox 2396 2674 3974 2754">
    <p class='ocr_par' dir='ltr' id='par_1_74' title="bbox 2396 2674 3974 2754">
     <span class='ocr_line' id='line_1_74' title="bbox 2396 2674 3974 2754; baseline 0.008 -28"><span class='ocrx_word' id='word_1_512' title='bbox 2396 2674 2662 2736; x_wconf 72' lang='grc' dir='ltr'><strong>διελόντες</strong></span> <span class='ocrx_word' id='word_1_513' title='bbox 2718 2676 2942 2739; x_wconf 75' lang='grc' dir='ltr'><strong>ἑαυτοὺς</strong></span> <span class='ocrx_word' id='word_1_514' title='bbox 2980 2678 3059 2739; x_wconf 87' lang='grc' dir='ltr'><strong>είς</strong></span> <span class='ocrx_word' id='word_1_515' title='bbox 3109 2679 3292 2742; x_wconf 78' lang='grc' dir='ltr'><strong>τάξεις</strong></span> <span class='ocrx_word' id='word_1_516' title='bbox 3340 2683 3431 2732; x_wconf 80' lang='grc' dir='ltr'><strong>καὶ</strong></span> <span class='ocrx_word' id='word_1_517' title='bbox 3487 2682 3684 2750; x_wconf 77' lang='grc' dir='ltr'><strong>μοίρας</strong></span> <span class='ocrx_word' id='word_1_518' title='bbox 3732 2684 3974 2754; x_wconf 75' lang='grc' dir='ltr'><strong>τὴντῶν</strong></span> 
     </span>
    </p>
   </div>
   <div class='ocr_carea' id='block_1_75' title="bbox 2397 2765 3752 2844">
    <p class='ocr_par' dir='ltr' id='par_1_75' title="bbox 2397 2765 3752 2844">
     <span class='ocr_line' id='line_1_75' title="bbox 2397 2765 3752 2844; baseline 0.008 -26"><span class='ocrx_word' id='word_1_519' title='bbox 2397 2765 2579 2818; x_wconf 77' lang='grc' dir='ltr'><strong>πυλῶν</strong></span> <span class='ocrx_word' id='word_1_520' title='bbox 2608 2766 2741 2836; x_wconf 79' lang='grc' dir='ltr'><strong>ὁμοῦ</strong></span> <span class='ocrx_word' id='word_1_521' title='bbox 2770 2768 2863 2820; x_wconf 76' lang='grc' dir='ltr'><strong>καὶ</strong></span> <span class='ocrx_word' id='word_1_522' title='bbox 2896 2768 3170 2832; x_wconf 71' lang='grc' dir='ltr'><strong>ἐπάλξεων</strong></span> <span class='ocrx_word' id='word_1_523' title='bbox 3206 2771 3449 2839; x_wconf 80' lang='grc' dir='ltr'><strong>διέλαχον</strong></span> <span class='ocrx_word' id='word_1_524' title='bbox 3483 2774 3752 2844; x_wconf 68' lang='grc' dir='ltr'><strong>φυλακήν.</strong></span> 
     </span>
    </p>
   </div>
   <div class='ocr_carea' id='block_1_76' title="bbox 2467 3036 3970 3120">
    <p class='ocr_par' dir='ltr' id='par_1_76' title="bbox 2467 3036 3970 3120">
     <span class='ocr_line' id='line_1_76' title="bbox 2467 3036 3970 3120; baseline 0.011 -29"><span class='ocrx_word' id='word_1_525' title='bbox 2467 3036 2547 3094; x_wconf 75' lang='grc' dir='ltr'><strong>θ’.</strong></span> <span class='ocrx_word' id='word_1_526' title='bbox 2586 3039 2860 3106; x_wconf 82' lang='grc' dir='ltr'><strong>Μέγιστον</strong></span> <span class='ocrx_word' id='word_1_527' title='bbox 2915 3041 2961 3093; x_wconf 78' lang='grc' dir='ltr'><strong>δ’</strong></span> <span class='ocrx_word' id='word_1_528' title='bbox 3010 3042 3158 3109; x_wconf 83' lang='grc' dir='ltr'><strong>ὅμως</strong></span> <span class='ocrx_word' id='word_1_529' title='bbox 3209 3043 3421 3114; x_wconf 76' lang='grc' dir='ltr'><strong>ὑπῆρχέ</strong></span> <span class='ocrx_word' id='word_1_530' title='bbox 3473 3063 3656 3116; x_wconf 81' lang='grc' dir='ltr'><strong>σφισιν</strong></span> <span class='ocrx_word' id='word_1_531' title='bbox 3712 3053 3970 3120; x_wconf 82' lang='grc' dir='ltr'><strong>ἐμπόδιον</strong></span> 
     </span>
    </p>
   </div>
   <div class='ocr_carea' id='block_1_77' title="bbox 3538 3143 3970 3216">
    <p class='ocr_par' dir='ltr' id='par_1_77' title="bbox 3538 3143 3970 3216">
     <span class='ocr_line' id='line_1_77' title="bbox 3538 3143 3970 3216; baseline 0.007 -24"><span class='ocrx_word' id='word_1_532' title='bbox 3538 3143 3657 3208; x_wconf 81' lang='grc' dir='ltr'><strong>ρίας</strong></span> <span class='ocrx_word' id='word_1_533' title='bbox 3695 3161 3970 3216; x_wconf 76' lang='grc' dir='ltr'><strong>συντηρηο</strong></span> 
     </span>
    </p>
   </div>
   <div class='ocr_carea' id='block_1_78' title="bbox 2395 3223 3972 3308">
    <p class='ocr_par' dir='ltr' id='par_1_78' title="bbox 2395 3223 3972 3308">
     <span class='ocr_line' id='line_1_78' title="bbox 2395 3223 3972 3308; baseline 0.013 -35"><span class='ocrx_word' id='word_1_534' title='bbox 2395 3223 2551 3290; x_wconf 78' lang='grc' dir='ltr'><strong>τικὴν</strong></span> <span class='ocrx_word' id='word_1_535' title='bbox 2585 3223 2796 3275; x_wconf 86' lang='grc' dir='ltr'><strong>ἐαυτῶν</strong></span> <span class='ocrx_word' id='word_1_536' title='bbox 2841 3223 3077 3293; x_wconf 86' lang='grc' dir='ltr'><strong>δύναμιν</strong></span> <span class='ocrx_word' id='word_1_537' title='bbox 3104 3227 3137 3295; x_wconf 84' lang='grc' dir='ltr'><strong>ἦ</strong></span> <span class='ocrx_word' id='word_1_538' title='bbox 3170 3245 3228 3279; x_wconf 88' lang='grc' dir='ltr'><strong>τε</strong></span> <span class='ocrx_word' id='word_1_539' title='bbox 3259 3230 3368 3281; x_wconf 86' lang='grc' dir='ltr'><strong>τῶν</strong></span> <span class='ocrx_word' id='word_1_540' title='bbox 3397 3234 3532 3302; x_wconf 66' lang='grc' dir='ltr'><strong>πρὸς</strong></span> <span class='ocrx_word' id='word_1_541' title='bbox 3565 3235 3624 3286; x_wconf 73' lang='grc' dir='ltr'><strong>τὸ</strong></span> <span class='ocrx_word' id='word_1_542' title='bbox 3670 3235 3769 3306; x_wconf 78' lang='grc' dir='ltr'><strong>ζῇν</strong></span> <span class='ocrx_word' id='word_1_543' title='bbox 3800 3243 3972 3308; x_wconf 80' lang='grc' dir='ltr'><strong>ἀναγ-</strong></span> 
     </span>
    </p>
   </div>
   <div class='ocr_carea' id='block_1_79' title="bbox 2395 3314 3965 3403">
    <p class='ocr_par' dir='ltr' id='par_1_79' title="bbox 2395 3314 3965 3403">
     <span class='ocr_line' id='line_1_79' title="bbox 2395 3314 3965 3403; baseline 0.013 -37"><span class='ocrx_word' id='word_1_544' title='bbox 2395 3315 2565 3366; x_wconf 80' lang='grc' dir='ltr'><strong>καίων</strong></span> <span class='ocrx_word' id='word_1_545' title='bbox 2593 3314 2806 3377; x_wconf 50' lang='grc' dir='ltr'><strong>σπάνιςη</strong></span> <span class='ocrx_word' id='word_1_546' title='bbox 2826 3317 2919 3368; x_wconf 76' lang='grc' dir='ltr'><strong>καὶ</strong></span> <span class='ocrx_word' id='word_1_547' title='bbox 2951 3319 2982 3386; x_wconf 85' lang='grc' dir='ltr'><strong>ἡ</strong></span> <span class='ocrx_word' id='word_1_548' title='bbox 3013 3319 3121 3370; x_wconf 88' lang='grc' dir='ltr'><strong>τῶν</strong></span> <span class='ocrx_word' id='word_1_549' title='bbox 3152 3320 3331 3373; x_wconf 84' lang='grc' dir='ltr'><strong>ὅπλων</strong></span> <span class='ocrx_word' id='word_1_550' title='bbox 3357 3339 3415 3375; x_wconf 92' lang='grc' dir='ltr'><strong>τε</strong></span> <span class='ocrx_word' id='word_1_551' title='bbox 3448 3328 3539 3376; x_wconf 72' lang='grc' dir='ltr'><strong>καὶ</strong></span> <span class='ocrx_word' id='word_1_552' title='bbox 3574 3328 3682 3380; x_wconf 85' lang='grc' dir='ltr'><strong>τῶν</strong></span> <span class='ocrx_word' id='word_1_553' title='bbox 3709 3332 3965 3403; x_wconf 84' lang='grc' dir='ltr'><strong>ἀμυντη-</strong></span> 
     </span>
    </p>
   </div>
   <div class='ocr_carea' id='block_1_80' title="bbox 2397 3405 3969 3482">
    <p class='ocr_par' dir='ltr' id='par_1_80' title="bbox 2397 3405 3969 3482">
     <span class='ocr_line' id='line_1_80' title="bbox 2397 3405 3969 3482; baseline 0.015 -27"><span class='ocrx_word' id='word_1_554' title='bbox 2397 3405 2528 3475; x_wconf 87' lang='grc' dir='ltr'><strong>ρίων</strong></span> <span class='ocrx_word' id='word_1_555' title='bbox 2586 3405 2759 3474; x_wconf 82' lang='grc' dir='ltr'><strong>βελῶν</strong></span> <span class='ocrx_word' id='word_1_556' title='bbox 2823 3406 3020 3462; x_wconf 75' lang='grc' dir='ltr'><strong>ἔνδεια.</strong></span> <span class='ocrx_word' id='word_1_557' title='bbox 3059 3410 3133 3461; x_wconf 82' lang='grc' dir='ltr'><strong>Οὐ</strong></span> <span class='ocrx_word' id='word_1_558' title='bbox 3197 3413 3304 3480; x_wconf 76' lang='grc' dir='ltr'><strong>γὰρ</strong></span> <span class='ocrx_word' id='word_1_559' title='bbox 3367 3409 3515 3482; x_wconf 76' lang='grc' dir='ltr'><strong>εἶχον</strong></span> <span class='ocrx_word' id='word_1_560' title='bbox 3571 3419 3694 3472; x_wconf 76' lang='grc' dir='ltr'><strong>ὅθεν</strong></span> <span class='ocrx_word' id='word_1_561' title='bbox 3745 3423 3810 3474; x_wconf 88' lang='grc' dir='ltr'><strong>ἐκ</strong></span> <span class='ocrx_word' id='word_1_562' title='bbox 3869 3425 3969 3478; x_wconf 79' lang='grc' dir='ltr'><strong>τοῦ</strong></span> 
     </span>
    </p>
   </div>
   <div class='ocr_carea' id='block_1_81' title="bbox 2394 3499 3968 3583">
    <p class='ocr_par' dir='ltr' id='par_1_81' title="bbox 2394 3499 3968 3583">
     <span class='ocr_line' id='line_1_81' title="bbox 2394 3499 3968 3583; baseline 0.015 -37"><span class='ocrx_word' id='word_1_563' title='bbox 2394 3499 2740 3565; x_wconf 81' lang='grc' dir='ltr'><strong>παραχρῆμα</strong></span> <span class='ocrx_word' id='word_1_564' title='bbox 2813 3501 2990 3570; x_wconf 76' lang='grc' dir='ltr'><strong>ῥᾷστα</strong></span> <span class='ocrx_word' id='word_1_565' title='bbox 3065 3504 3383 3570; x_wconf 88' lang='grc' dir='ltr'><strong>κομίσονται</strong></span> <span class='ocrx_word' id='word_1_566' title='bbox 3440 3507 3507 3559; x_wconf 70' lang='grc' dir='ltr'><strong>τά</strong></span> <span class='ocrx_word' id='word_1_567' title='bbox 3569 3509 3669 3577; x_wconf 77' lang='grc' dir='ltr'><strong>τῆς</strong></span> <span class='ocrx_word' id='word_1_568' title='bbox 3732 3515 3968 3583; x_wconf 79' lang='grc' dir='ltr'><strong>χρείας,</strong></span> 
     </span>
    </p>
   </div>
   <div class='ocr_carea' id='block_1_82' title="bbox 2395 3585 3970 3666">
    <p class='ocr_par' dir='ltr' id='par_1_82' title="bbox 2395 3585 3970 3666">
     <span class='ocr_line' id='line_1_82' title="bbox 2395 3585 3970 3666; baseline 0.013 -31"><span class='ocrx_word' id='word_1_569' title='bbox 2395 3585 2800 3655; x_wconf 80' lang='grc' dir='ltr'><strong>ἀπροσδόκητον</strong></span> <span class='ocrx_word' id='word_1_570' title='bbox 2881 3589 3242 3660; x_wconf 86' lang='grc' dir='ltr'><strong>σχεδιασάσης</strong></span> <span class='ocrx_word' id='word_1_571' title='bbox 3307 3595 3405 3664; x_wconf 82' lang='grc' dir='ltr'><strong>τῆς</strong></span> <span class='ocrx_word' id='word_1_572' title='bbox 3477 3601 3853 3666; x_wconf 72' lang='grc' dir='ltr'><strong>περιστάσεως</strong></span> <span class='ocrx_word' id='word_1_573' title='bbox 3905 3607 3970 3658; x_wconf 71' lang='grc' dir='ltr'><strong>τὸ</strong></span> 
     </span>
    </p>
   </div>
   <div class='ocr_carea' id='block_1_83' title="bbox 2395 3677 3971 3762">
    <p class='ocr_par' dir='ltr' id='par_1_83' title="bbox 2395 3677 3971 3762">
     <span class='ocr_line' id='line_1_83' title="bbox 2395 3677 3971 3762; baseline 0.015 -36"><span class='ocrx_word' id='word_1_574' title='bbox 2395 3677 2656 3745; x_wconf 84' lang='grc' dir='ltr'><strong>πραχθέν.</strong></span> <span class='ocrx_word' id='word_1_575' title='bbox 2693 3678 2882 3747; x_wconf 83' lang='grc' dir='ltr'><strong>Ὅμως</strong></span> <span class='ocrx_word' id='word_1_576' title='bbox 2924 3678 3026 3748; x_wconf 82' lang='grc' dir='ltr'><strong>τῆς</strong></span> <span class='ocrx_word' id='word_1_577' title='bbox 3071 3683 3264 3746; x_wconf 69' lang='grc' dir='ltr'><strong>νυκτὸς</strong></span> <span class='ocrx_word' id='word_1_578' title='bbox 3300 3685 3559 3758; x_wconf 83' lang='grc' dir='ltr'><strong>ἐπιούσης</strong></span> <span class='ocrx_word' id='word_1_579' title='bbox 3591 3691 3831 3762; x_wconf 79' lang='grc' dir='ltr'><strong>ἐκείνης,</strong></span> <span class='ocrx_word' id='word_1_580' title='bbox 3872 3698 3971 3749; x_wconf 73' lang='grc' dir='ltr'><strong>καὶ</strong></span> 
     </span>
    </p>
   </div>
   <div class='ocr_carea' id='block_1_84' title="bbox 2393 3767 3972 3855">
    <p class='ocr_par' dir='ltr' id='par_1_84' title="bbox 2393 3767 3972 3855">
     <span class='ocr_line' id='line_1_84' title="bbox 2393 3767 3972 3855; baseline 0.013 -39"><span class='ocrx_word' id='word_1_581' title='bbox 2393 3767 2610 3819; x_wconf 82' lang='grc' dir='ltr'><strong>πάντων</strong></span> <span class='ocrx_word' id='word_1_582' title='bbox 2665 3769 2888 3821; x_wconf 87' lang='grc' dir='ltr'><strong>ἐκείνων</strong></span> <span class='ocrx_word' id='word_1_583' title='bbox 2932 3770 2990 3821; x_wconf 89' lang='grc' dir='ltr'><strong>ἐν</strong></span> <span class='ocrx_word' id='word_1_584' title='bbox 3043 3772 3178 3843; x_wconf 81' lang='grc' dir='ltr'><strong>ζάλῃ</strong></span> <span class='ocrx_word' id='word_1_585' title='bbox 3232 3777 3326 3826; x_wconf 79' lang='grc' dir='ltr'><strong>καὶ</strong></span> <span class='ocrx_word' id='word_1_586' title='bbox 3371 3782 3637 3851; x_wconf 62' lang='grc' dir='ltr'><strong>τρικυμία</strong></span> <span class='ocrx_word' id='word_1_587' title='bbox 3684 3783 3972 3855; x_wconf 75' lang='grc' dir='ltr'><strong>λογισμῶν</strong></span> 
     </span>
    </p>
   </div>
   <div class='ocr_carea' id='block_1_85' title="bbox 2393 3855 3968 3939">
    <p class='ocr_par' dir='ltr' id='par_1_85' title="bbox 2393 3855 3968 3939">
     <span class='ocr_line' id='line_1_85' title="bbox 2393 3855 3968 3939; baseline 0.016 -32"><span class='ocrx_word' id='word_1_588' title='bbox 2393 3855 2747 3928; x_wconf 83' lang='grc' dir='ltr'><strong>ὑπαρχόντων</strong></span> <span class='ocrx_word' id='word_1_589' title='bbox 2780 3860 3036 3933; x_wconf 83' lang='grc' dir='ltr'><strong>μεγίστῃ.</strong></span> <span class='ocrx_word' id='word_1_590' title='bbox 3069 3857 3172 3934; x_wconf 82' lang='grc' dir='ltr'><strong>ἦκε</strong></span> <span class='ocrx_word' id='word_1_591' title='bbox 3219 3871 3449 3939; x_wconf 78' lang='grc' dir='ltr'><strong>τριήρης</strong></span> <span class='ocrx_word' id='word_1_592' title='bbox 3484 3872 3548 3924; x_wconf 89' lang='grc' dir='ltr'><strong>ἐκ</strong></span> <span class='ocrx_word' id='word_1_593' title='bbox 3577 3873 3687 3925; x_wconf 87' lang='grc' dir='ltr'><strong>τῶν</strong></span> <span class='ocrx_word' id='word_1_594' title='bbox 3720 3875 3968 3933; x_wconf 83' lang='grc' dir='ltr'><strong>Γαλάτου</strong></span> 
     </span>
    </p>
   </div>
   <div class='ocr_carea' id='block_1_86' title="bbox 2391 3949 3969 4039">
    <p class='ocr_par' dir='ltr' id='par_1_86' title="bbox 2391 3949 3969 4039">
     <span class='ocr_line' id='line_1_86' title="bbox 2391 3949 3969 4039; baseline 0.016 -39"><span class='ocrx_word' id='word_1_595' title='bbox 2391 3949 2521 4018; x_wconf 78' lang='grc' dir='ltr'><strong>περὶ</strong></span> <span class='ocrx_word' id='word_1_596' title='bbox 2555 3951 2726 4018; x_wconf 83' lang='grc' dir='ltr'><strong>μέσας</strong></span> <span class='ocrx_word' id='word_1_597' title='bbox 2774 3970 2877 4004; x_wconf 88' lang='grc' dir='ltr'><strong>που</strong></span> <span class='ocrx_word' id='word_1_598' title='bbox 2927 3955 3148 4024; x_wconf 84' lang='grc' dir='ltr'><strong>νύκτας,</strong></span> <span class='ocrx_word' id='word_1_599' title='bbox 3181 3959 3245 4012; x_wconf 89' lang='grc' dir='ltr'><strong>ἐκ</strong></span> <span class='ocrx_word' id='word_1_600' title='bbox 3294 3960 3390 4013; x_wconf 82' lang='grc' dir='ltr'><strong>τοῦ</strong></span> <span class='ocrx_word' id='word_1_601' title='bbox 3445 3966 3718 4032; x_wconf 85' lang='grc' dir='ltr'><strong>παραλίου</strong></span> <span class='ocrx_word' id='word_1_602' title='bbox 3749 3972 3969 4039; x_wconf 85' lang='grc' dir='ltr'><strong>τείχους</strong></span> 
     </span>
    </p>
   </div>
   <div class='ocr_carea' id='block_1_87' title="bbox 2344 4042 3969 4135">
    <p class='ocr_par' dir='ltr' id='par_1_87' title="bbox 2344 4042 3969 4135">
     <span class='ocr_line' id='line_1_87' title="bbox 2344 4042 3969 4135; baseline 0.017 -45"><span class='ocrx_word' id='word_1_603' title='bbox 2344 4083 2349 4087; x_wconf 87' lang='grc'><strong>.</strong></span> <span class='ocrx_word' id='word_1_604' title='bbox 2392 4042 2689 4111; x_wconf 79' lang='grc' dir='ltr'><strong>κομίζουσα</strong></span> <span class='ocrx_word' id='word_1_605' title='bbox 2733 4043 2945 4107; x_wconf 89' lang='grc' dir='ltr'><strong>τούτοις</strong></span> <span class='ocrx_word' id='word_1_606' title='bbox 2975 4049 3142 4118; x_wconf 78' lang='grc' dir='ltr'><strong>ἄρτον</strong></span> <span class='ocrx_word' id='word_1_607' title='bbox 3176 4051 3270 4105; x_wconf 80' lang='grc' dir='ltr'><strong>καὶ</strong></span> <span class='ocrx_word' id='word_1_608' title='bbox 3313 4046 3478 4121; x_wconf 74' lang='grc' dir='ltr'><strong>οἶνον,</strong></span> <span class='ocrx_word' id='word_1_609' title='bbox 3511 4059 3606 4112; x_wconf 60' lang='grc' dir='ltr'><strong>καί⁵</strong></span> <span class='ocrx_word' id='word_1_610' title='bbox 3640 4059 3740 4114; x_wconf 79' lang='grc' dir='ltr'><strong>ὅσα</strong></span> <span class='ocrx_word' id='word_1_611' title='bbox 3768 4061 3833 4115; x_wconf 81' lang='grc' dir='ltr'><strong>τδ</strong></span> <span class='ocrx_word' id='word_1_612' title='bbox 3863 4066 3969 4135; x_wconf 84' lang='grc' dir='ltr'><strong>τῆς</strong></span> 
     </span>
    </p>
   </div>
   <div class='ocr_carea' id='block_1_88' title="bbox 2392 4133 3962 4223">
    <p class='ocr_par' dir='ltr' id='par_1_88' title="bbox 2392 4133 3962 4223">
     <span class='ocr_line' id='line_1_88' title="bbox 2392 4133 3962 4223; baseline 0.015 -38"><span class='ocrx_word' id='word_1_613' title='bbox 2392 4133 2542 4204; x_wconf 84' lang='grc' dir='ltr'><strong>ὥρας</strong></span> <span class='ocrx_word' id='word_1_614' title='bbox 2593 4136 2890 4209; x_wconf 83' lang='grc' dir='ltr'><strong>συνεχώρει</strong></span> <span class='ocrx_word' id='word_1_615' title='bbox 2944 4142 3130 4194; x_wconf 76' lang='grc' dir='ltr'><strong>στενὸν</strong></span> <span class='ocrx_word' id='word_1_616' title='bbox 3175 4144 3439 4213; x_wconf 86' lang='grc' dir='ltr'><strong>ἐδώδιμα,</strong></span> <span class='ocrx_word' id='word_1_617' title='bbox 3481 4150 3576 4202; x_wconf 77' lang='grc' dir='ltr'><strong>καὶ</strong></span> <span class='ocrx_word' id='word_1_618' title='bbox 3622 4152 3738 4221; x_wconf 77' lang='grc' dir='ltr'><strong>ἅμα</strong></span> <span class='ocrx_word' id='word_1_619' title='bbox 3782 4133 3962 4223; x_wconf 75' lang='grc' dir='ltr'><strong>ἐπαγ-</strong></span> 
     </span>
    </p>
   </div>
   <div class='ocr_carea' id='block_1_89' title="bbox 2391 4224 3970 4317">
    <p class='ocr_par' dir='ltr' id='par_1_89' title="bbox 2391 4224 3970 4317">
     <span class='ocr_line' id='line_1_89' title="bbox 2391 4224 3970 4317; baseline 0.02 -48"><span class='ocrx_word' id='word_1_620' title='bbox 2391 4224 2578 4317; x_wconf 49' lang='grc' dir='ltr'><strong>γελίας</strong></span> <span class='ocrx_word' id='word_1_621' title='bbox 2637 4232 2731 4284; x_wconf 81' lang='grc' dir='ltr'><strong>καὶ</strong></span> <span class='ocrx_word' id='word_1_622' title='bbox 2781 4230 3203 4301; x_wconf 83' lang='grc' dir='ltr'><strong>φιλανθρώπους</strong></span> <span class='ocrx_word' id='word_1_623' title='bbox 3251 4235 3462 4305; x_wconf 81' lang='grc' dir='ltr'><strong>λόγους,</strong></span> <span class='ocrx_word' id='word_1_624' title='bbox 3513 4241 3640 4293; x_wconf 83' lang='grc' dir='ltr'><strong>καθ’</strong></span> <span class='ocrx_word' id='word_1_625' title='bbox 3699 4245 3970 4317; x_wconf 75' lang='grc' dir='ltr'><strong>ὁπότερον</strong></span> 
     </span>
    </p>
   </div>
   <div class='ocr_carea' id='block_1_90' title="bbox 2394 4315 3970 4404">
    <p class='ocr_par' dir='ltr' id='par_1_90' title="bbox 2394 4315 3970 4404">
     <span class='ocr_line' id='line_1_90' title="bbox 2394 4315 3970 4404; baseline 0.016 -38"><span class='ocrx_word' id='word_1_626' title='bbox 2394 4315 2667 4384; x_wconf 83' lang='grc' dir='ltr'><strong>βούλοιντο</strong></span> <span class='ocrx_word' id='word_1_627' title='bbox 2694 4319 2862 4389; x_wconf 72' lang='grc' dir='ltr'><strong>δρᾷνο</strong></span> <span class='ocrx_word' id='word_1_628' title='bbox 2911 4324 3021 4375; x_wconf 81' lang='grc' dir='ltr'><strong>εἴτε</strong></span> <span class='ocrx_word' id='word_1_629' title='bbox 3070 4325 3254 4389; x_wconf 76' lang='grc' dir='ltr'><strong>μένειν</strong></span> <span class='ocrx_word' id='word_1_630' title='bbox 3305 4330 3652 4397; x_wconf 81' lang='grc' dir='ltr'><strong>αἱρουμένοις</strong></span> <span class='ocrx_word' id='word_1_631' title='bbox 3706 4315 3970 4404; x_wconf 61' lang='grc' dir='ltr'><strong>κομίζειν</strong></span> 
     </span>
    </p>
   </div>
   <div class='ocr_carea' id='block_1_91' title="bbox 2394 4400 3968 4491">
    <p class='ocr_par' dir='ltr' id='par_1_91' title="bbox 2394 4400 3968 4491">
     <span class='ocr_line' id='line_1_91' title="bbox 2394 4400 3968 4491; baseline 0.016 -36"><span class='ocrx_word' id='word_1_632' title='bbox 2394 4406 2451 4466; x_wconf 83' lang='grc' dir='ltr'><strong>ἐς</strong></span> <span class='ocrx_word' id='word_1_633' title='bbox 2507 4405 2606 4474; x_wconf 72' lang='grc' dir='ltr'><strong>τήν</strong></span> <span class='ocrx_word' id='word_1_634' title='bbox 2657 4407 2947 4478; x_wconf 83' lang='grc' dir='ltr'><strong>ὑστεραίαν</strong></span> <span class='ocrx_word' id='word_1_635' title='bbox 2998 4413 3138 4465; x_wconf 81' lang='grc' dir='ltr'><strong>ὅπλα</strong></span> <span class='ocrx_word' id='word_1_636' title='bbox 3191 4414 3283 4466; x_wconf 64' lang='grc' dir='ltr'><strong>καὶ</strong></span> <span class='ocrx_word' id='word_1_637' title='bbox 3337 4400 3466 4488; x_wconf 54' lang='grc' dir='ltr'><strong>β’ἐλη</strong></span> <span class='ocrx_word' id='word_1_638' title='bbox 3518 4400 3791 4491; x_wconf 46' lang='grc' dir='ltr'><strong>πολέμιαλ</strong></span> <span class='ocrx_word' id='word_1_639' title='bbox 3857 4400 3968 4480; x_wconf 82' lang='grc' dir='ltr'><strong>εἶτ’</strong></span> 
     </span>
    </p>
   </div>
   <div class='ocr_carea' id='block_1_92' title="bbox 729 4479 2300 4585">
    <p class='ocr_par' dir='ltr' id='par_1_92' title="bbox 729 4479 2288 4561">
     <span class='ocr_line' id='line_1_92' title="bbox 729 4479 2288 4561; baseline -0.008 -16"><span class='ocrx_word' id='word_1_640' title='bbox 729 4495 788 4546; x_wconf 72' lang='grc' dir='ltr'><strong>.νί</strong></span> <span class='ocrx_word' id='word_1_641' title='bbox 823 4491 1082 4561; x_wconf 87' lang='lat' dir='ltr'><strong>postridie</strong></span> <span class='ocrx_word' id='word_1_642' title='bbox 1127 4502 1277 4542; x_wconf 87' lang='lat' dir='ltr'><strong>arma</strong></span> <span class='ocrx_word' id='word_1_643' title='bbox 1312 4485 1452 4554; x_wconf 86' lang='lat' dir='ltr'><strong>ipsis</strong></span> <span class='ocrx_word' id='word_1_644' title='bbox 1499 4492 1555 4538; x_wconf 90' lang='lat' dir='ltr'><strong>et</strong></span> <span class='ocrx_word' id='word_1_645' title='bbox 1599 4484 1704 4538; x_wconf 91' lang='lat' dir='ltr'><strong>tela</strong></span> <span class='ocrx_word' id='word_1_646' title='bbox 1741 4482 1955 4536; x_wconf 90' lang='lat' dir='ltr'><strong>hostilia</strong></span> <span class='ocrx_word' id='word_1_647' title='bbox 1989 4499 2002 4534; x_wconf 87' lang='lat'><strong>:</strong></span> <span class='ocrx_word' id='word_1_648' title='bbox 2038 4482 2121 4534; x_wconf 88' lang='lat' dir='ltr'><strong>sin</strong></span> <span class='ocrx_word' id='word_1_649' title='bbox 2162 4479 2288 4534; x_wconf 90' lang='lat' dir='ltr'><strong>inde</strong></span> 
     </span>
    </p>
   </div>
   <div class='ocr_carea' id='block_1_93' title="bbox 2344 4479 3970 4585">
    <p class='ocr_par' dir='ltr' id='par_1_93' title="bbox 2344 4479 3970 4585">
     <span class='ocr_line' id='line_1_93' title="bbox 2344 4479 3970 4585; baseline 0.017 -39"><span class='ocrx_word' id='word_1_650' title='bbox 2344 4483 2365 4536; x_wconf 87' lang='grc'><strong>)</strong></span> <span class='ocrx_word' id='word_1_651' title='bbox 2395 4498 2603 4551; x_wconf 81' lang='grc' dir='ltr'><strong>ἐκεῖθεν</strong></span> <span class='ocrx_word' id='word_1_652' title='bbox 2630 4501 3068 4558; x_wconf 78' lang='grc' dir='ltr'><strong>ἀπαλλάττεσθαι</strong></span> <span class='ocrx_word' id='word_1_653' title='bbox 3090 4506 3177 4560; x_wconf 68' lang='grc' dir='ltr'><strong>διὰ</strong></span> <span class='ocrx_word' id='word_1_654' title='bbox 3211 4479 3350 4572; x_wconf 68' lang='grc' dir='ltr'><strong>δέος,</strong></span> <span class='ocrx_word' id='word_1_655' title='bbox 3381 4479 3631 4576; x_wconf 62' lang='grc' dir='ltr'><strong>δέξασθαι</strong></span> <span class='ocrx_word' id='word_1_656' title='bbox 3651 4479 3970 4585; x_wconf 44' lang='grc' dir='ltr'><strong>,προθύμως</strong></span> 
     </span>
    </p>
   </div>
   <div class='ocr_carea' id='block_1_94' title="bbox 725 4570 2287 4649">
    <p class='ocr_par' dir='ltr' id='par_1_94' title="bbox 725 4570 2287 4649">
     <span class='ocr_line' id='line_1_94' title="bbox 725 4570 2287 4649; baseline -0.006 -15"><span class='ocrx_word' id='word_1_657' title='bbox 725 4587 794 4642; x_wconf 80' lang='lat' dir='ltr'><strong>ob</strong></span> <span class='ocrx_word' id='word_1_658' title='bbox 819 4591 1020 4637; x_wconf 84' lang='lat' dir='ltr'><strong>metum</strong></span> <span class='ocrx_word' id='word_1_659' title='bbox 1053 4579 1288 4649; x_wconf 79' lang='lat' dir='ltr'><strong>migrare</strong></span> <span class='ocrx_word' id='word_1_660' title='bbox 1330 4577 1696 4640; x_wconf 89' lang='lat' dir='ltr'><strong>destinarent,</strong></span> <span class='ocrx_word' id='word_1_661' title='bbox 1729 4589 1823 4628; x_wconf 92' lang='lat' dir='ltr'><strong>eos</strong></span> <span class='ocrx_word' id='word_1_662' title='bbox 1853 4588 1910 4627; x_wconf 88' lang='lat' dir='ltr'><strong>se</strong></span> <span class='ocrx_word' id='word_1_663' title='bbox 1942 4574 2194 4626; x_wconf 84' lang='lat' dir='ltr'><strong>alacriter</strong></span> <span class='ocrx_word' id='word_1_664' title='bbox 2233 4570 2287 4624; x_wconf 94' lang='lat' dir='ltr'><strong>in</strong></span> 
     </span>
    </p>
   </div>
   <div class='ocr_carea' id='block_1_95' title="bbox 725 4669 2287 4740">
    <p class='ocr_par' dir='ltr' id='par_1_95' title="bbox 725 4669 2287 4740">
     <span class='ocr_line' id='line_1_95' title="bbox 725 4669 2287 4740; baseline -0.007 -12"><span class='ocrx_word' id='word_1_665' title='bbox 725 4676 1040 4740; x_wconf 73' lang='lat' dir='ltr'><strong>priesidium</strong></span> <span class='ocrx_word' id='word_1_666' title='bbox 1083 4687 1238 4727; x_wconf 85' lang='lat' dir='ltr'><strong>suum</strong></span> <span class='ocrx_word' id='word_1_667' title='bbox 1277 4669 1568 4724; x_wconf 70' lang='lat' dir='ltr'><strong>Galatazum</strong></span> <span class='ocrx_word' id='word_1_668' title='bbox 1609 4674 1946 4734; x_wconf 89' lang='lat' dir='ltr'><strong>recepturos,</strong></span> <span class='ocrx_word' id='word_1_669' title='bbox 1974 4673 2028 4719; x_wconf 90' lang='lat' dir='ltr'><strong>et</strong></span> <span class='ocrx_word' id='word_1_670' title='bbox 2070 4679 2287 4718; x_wconf 78' lang='lat' dir='ltr'><strong>omnem</strong></span> 
     </span>
    </p>
   </div>
   <div class='ocr_carea' id='block_1_96' title="bbox 727 4755 2283 4837">
    <p class='ocr_par' dir='ltr' id='par_1_96' title="bbox 727 4755 2283 4837">
     <span class='ocr_line' id='line_1_96' title="bbox 727 4755 2283 4837; baseline -0.009 -16"><span class='ocrx_word' id='word_1_671' title='bbox 727 4769 858 4837; x_wconf 84' lang='lat' dir='ltr'><strong>ipsis</strong></span> <span class='ocrx_word' id='word_1_672' title='bbox 892 4765 1241 4821; x_wconf 86' lang='lat' dir='ltr'><strong>securitatem</strong></span> <span class='ocrx_word' id='word_1_673' title='bbox 1277 4759 1637 4831; x_wconf 65' lang='lat' dir='ltr'><strong>praestituros.</strong></span> <span class='ocrx_word' id='word_1_674' title='bbox 1667 4757 1790 4812; x_wconf 65' lang='lat' dir='ltr'><strong>llaec</strong></span> <span class='ocrx_word' id='word_1_675' title='bbox 1838 4772 1960 4810; x_wconf 89' lang='lat' dir='ltr'><strong>cum</strong></span> <span class='ocrx_word' id='word_1_676' title='bbox 1997 4755 2283 4820; x_wconf 81' lang='lat' dir='ltr'><strong>dixissent,</strong></span> 
     </span>
    </p>
   </div>
   <div class='ocr_carea' id='block_1_97' title="bbox 726 4850 2288 4920">
    <p class='ocr_par' dir='ltr' id='par_1_97' title="bbox 726 4850 2288 4920">
     <span class='ocr_line' id='line_1_97' title="bbox 726 4850 2288 4920; baseline -0.006 -9"><span class='ocrx_word' id='word_1_677' title='bbox 726 4865 946 4914; x_wconf 82' lang='lat' dir='ltr'><strong>domum</strong></span> <span class='ocrx_word' id='word_1_678' title='bbox 1017 4858 1317 4917; x_wconf 86' lang='lat' dir='ltr'><strong>redierunt,</strong></span> <span class='ocrx_word' id='word_1_679' title='bbox 1369 4856 1508 4908; x_wconf 87' lang='lat' dir='ltr'><strong>bona</strong></span> <span class='ocrx_word' id='word_1_680' title='bbox 1561 4866 1656 4920; x_wconf 85' lang='lat' dir='ltr'><strong>spe</strong></span> <span class='ocrx_word' id='word_1_681' title='bbox 1704 4851 1770 4905; x_wconf 91' lang='lat' dir='ltr'><strong>iis</strong></span> <span class='ocrx_word' id='word_1_682' title='bbox 1812 4851 1998 4904; x_wconf 88' lang='lat' dir='ltr'><strong>relicta</strong></span> <span class='ocrx_word' id='word_1_683' title='bbox 2023 4850 2114 4920; x_wconf 88' lang='lat' dir='ltr'><strong>qui</strong></span> <span class='ocrx_word' id='word_1_684' title='bbox 2149 4851 2288 4902; x_wconf 76' lang='lat' dir='ltr'><strong>intra</strong></span> 
     </span>
    </p>
   </div>
   <div class='ocr_carea' id='block_1_98' title="bbox 726 4941 2288 5012">
    <p class='ocr_par' dir='ltr' id='par_1_98' title="bbox 726 4941 2288 5012">
     <span class='ocr_line' id='line_1_98' title="bbox 726 4941 2288 5012; baseline -0.01 -6"><span class='ocrx_word' id='word_1_685' title='bbox 726 4966 942 5006; x_wconf 88' lang='lat' dir='ltr'><strong>murum</strong></span> <span class='ocrx_word' id='word_1_686' title='bbox 990 4948 1372 5011; x_wconf 85' lang='lat' dir='ltr'><strong>versabantur,</strong></span> <span class='ocrx_word' id='word_1_687' title='bbox 1419 4945 1514 5000; x_wconf 88' lang='lat' dir='ltr'><strong>sed</strong></span> <span class='ocrx_word' id='word_1_688' title='bbox 1573 4959 1692 5012; x_wconf 74' lang='lat' dir='ltr'><strong>quin</strong></span> <span class='ocrx_word' id='word_1_689' title='bbox 1747 4943 1823 5012; x_wconf 38' lang='lat' dir='ltr'><strong>ad.</strong></span> <span class='ocrx_word' id='word_1_690' title='bbox 1849 4941 2051 4994; x_wconf 87' lang='lat' dir='ltr'><strong>bonum</strong></span> <span class='ocrx_word' id='word_1_691' title='bbox 2099 4941 2288 4995; x_wconf 77' lang='lat' dir='ltr'><strong>:xitum</strong></span> 
     </span>
    </p>
   </div>
   <div class='ocr_carea' id='block_1_99' title="bbox 726 5033 2294 5112">
    <p class='ocr_par' dir='ltr' id='par_1_99' title="bbox 726 5033 2294 5112">
     <span class='ocr_line' id='line_1_99' title="bbox 726 5033 2294 5112; baseline -0.005 -15"><span class='ocrx_word' id='word_1_692' title='bbox 726 5061 831 5098; x_wconf 86' lang='lat' dir='ltr'><strong>nou</strong></span> <span class='ocrx_word' id='word_1_693' title='bbox 869 5042 1138 5112; x_wconf 81' lang='lat' dir='ltr'><strong>pervenit.</strong></span> <span class='ocrx_word' id='word_1_694' title='bbox 1185 5037 1466 5106; x_wconf 77' lang='lat' dir='ltr'><strong>Siquidem</strong></span> <span class='ocrx_word' id='word_1_695' title='bbox 1508 5035 1826 5103; x_wconf 75' lang='lat' dir='ltr'><strong>imperatrix</strong></span> <span class='ocrx_word' id='word_1_696' title='bbox 1878 5033 2058 5097; x_wconf 83' lang='lat' dir='ltr'><strong>Anna,</strong></span> <span class='ocrx_word' id='word_1_697' title='bbox 2109 5033 2294 5089; x_wconf 78' lang='lat' dir='ltr'><strong>missis</strong></span> 
     </span>
    </p>
   </div>
   <div class='ocr_carea' id='block_1_100' title="bbox 726 5122 2290 5201">
    <p class='ocr_par' dir='ltr' id='par_1_100' title="bbox 726 5122 2290 5201">
     <span class='ocr_line' id='line_1_100' title="bbox 726 5122 2290 5201; baseline -0.01 -12"><span class='ocrx_word' id='word_1_698' title='bbox 726 5135 1042 5189; x_wconf 86' lang='lat' dir='ltr'><strong>hominibus</strong></span> <span class='ocrx_word' id='word_1_699' title='bbox 1065 5135 1186 5201; x_wconf 89' lang='lat' dir='ltr'><strong>(nec</strong></span> <span class='ocrx_word' id='word_1_700' title='bbox 1217 5131 1361 5183; x_wconf 91' lang='lat' dir='ltr'><strong>enim</strong></span> <span class='ocrx_word' id='word_1_701' title='bbox 1398 5141 1517 5181; x_wconf 88' lang='lat' dir='ltr'><strong>eam</strong></span> <span class='ocrx_word' id='word_1_702' title='bbox 1544 5124 1596 5178; x_wconf 92' lang='lat' dir='ltr'><strong>id</strong></span> <span class='ocrx_word' id='word_1_703' title='bbox 1633 5124 1778 5194; x_wconf 88' lang='lat' dir='ltr'><strong>quod</strong></span> <span class='ocrx_word' id='word_1_704' title='bbox 1805 5123 2073 5178; x_wconf 89' lang='lat' dir='ltr'><strong>acciderat</strong></span> <span class='ocrx_word' id='word_1_705' title='bbox 2109 5122 2290 5192; x_wconf 87' lang='lat' dir='ltr'><strong>latuit)</strong></span> 
     </span>
    </p>
   </div>
   <div class='ocr_carea' id='block_1_101' title="bbox 726 5214 2290 5295">
    <p class='ocr_par' dir='ltr' id='par_1_101' title="bbox 726 5214 2290 5295">
     <span class='ocr_line' id='line_1_101' title="bbox 726 5214 2290 5295; baseline -0.008 -16"><span class='ocrx_word' id='word_1_706' title='bbox 726 5227 1100 5295; x_wconf 59' lang='lat' dir='ltr'><strong>praeclusoque</strong></span> <span class='ocrx_word' id='word_1_707' title='bbox 1150 5220 1324 5282; x_wconf 80' lang='lat' dir='ltr'><strong>aditu,</strong></span> <span class='ocrx_word' id='word_1_708' title='bbox 1376 5218 1669 5272; x_wconf 85' lang='lat' dir='ltr'><strong>adventum</strong></span> <span class='ocrx_word' id='word_1_709' title='bbox 1703 5214 1943 5269; x_wconf 89' lang='lat' dir='ltr'><strong>inhibuit</strong></span> <span class='ocrx_word' id='word_1_710' title='bbox 1974 5216 2290 5285; x_wconf 85' lang='lat' dir='ltr'><strong>appulsum-</strong></span> 
     </span>
    </p>
   </div>
   <div class='ocr_carea' id='block_1_102' title="bbox 724 5309 2292 5387">
    <p class='ocr_par' dir='ltr' id='par_1_102' title="bbox 724 5309 2292 5387">
     <span class='ocr_line' id='line_1_102' title="bbox 724 5309 2292 5387; baseline -0.006 -16"><span class='ocrx_word' id='word_1_711' title='bbox 724 5334 829 5387; x_wconf 91' lang='lat' dir='ltr'><strong>quc</strong></span> <span class='ocrx_word' id='word_1_712' title='bbox 879 5319 1025 5372; x_wconf 83' lang='lat' dir='ltr'><strong>illius</strong></span> <span class='ocrx_word' id='word_1_713' title='bbox 1077 5314 1393 5368; x_wconf 83' lang='lat' dir='ltr'><strong>Latinorum</strong></span> <span class='ocrx_word' id='word_1_714' title='bbox 1425 5327 1636 5376; x_wconf 84' lang='lat' dir='ltr'><strong>manus,</strong></span> <span class='ocrx_word' id='word_1_715' title='bbox 1672 5325 1792 5380; x_wconf 77' lang='lat' dir='ltr'><strong>qua:</strong></span> <span class='ocrx_word' id='word_1_716' title='bbox 1819 5309 2124 5364; x_wconf 84' lang='lat' dir='ltr'><strong>clanculum</strong></span> <span class='ocrx_word' id='word_1_717' title='bbox 2154 5309 2292 5364; x_wconf 84' lang='lat' dir='ltr'><strong>atl&#39;u-</strong></span> 
     </span>
    </p>
   </div>
   <div class='ocr_carea' id='block_1_103' title="bbox 730 5407 1318 5480">
    <p class='ocr_par' dir='ltr' id='par_1_103' title="bbox 730 5407 1318 5480">
     <span class='ocr_line' id='line_1_103' title="bbox 730 5407 1318 5480; baseline -0.01 -15"><span class='ocrx_word' id='word_1_718' title='bbox 730 5426 847 5465; x_wconf 85' lang='lat' dir='ltr'><strong>tura</strong></span> <span class='ocrx_word' id='word_1_719' title='bbox 883 5420 1000 5464; x_wconf 89' lang='lat' dir='ltr'><strong>erat</strong></span> <span class='ocrx_word' id='word_1_720' title='bbox 1029 5407 1318 5480; x_wconf 71' lang='lat' dir='ltr'><strong>postridie.</strong></span> 
     </span>
    </p>
   </div>
   <div class='ocr_carea' id='block_1_104' title="bbox 800 5494 2292 5562">
    <p class='ocr_par' dir='ltr' id='par_1_104' title="bbox 800 5494 2292 5562">
     <span class='ocr_line' id='line_1_104' title="bbox 800 5494 2292 5562; baseline -0.007 -6"><span class='ocrx_word' id='word_1_721' title='bbox 800 5505 863 5556; x_wconf 83' lang='grc' dir='ltr'><strong>Χ.</strong></span> <span class='ocrx_word' id='word_1_722' title='bbox 920 5502 992 5555; x_wconf 84' lang='lat' dir='ltr'><strong>Ea</strong></span> <span class='ocrx_word' id='word_1_723' title='bbox 1022 5517 1107 5554; x_wconf 88' lang='lat' dir='ltr'><strong>res</strong></span> <span class='ocrx_word' id='word_1_724' title='bbox 1139 5501 1391 5554; x_wconf 83' lang='lat' dir='ltr'><strong>obsessos</strong></span> <span class='ocrx_word' id='word_1_725' title='bbox 1421 5498 1544 5550; x_wconf 86' lang='lat' dir='ltr'><strong>illos</strong></span> <span class='ocrx_word' id='word_1_726' title='bbox 1572 5495 1636 5549; x_wconf 71' lang='lat' dir='ltr'><strong>ad</strong></span> <span class='ocrx_word' id='word_1_727' title='bbox 1678 5494 2113 5562; x_wconf 87' lang='lat' dir='ltr'><strong>desperationem</strong></span> <span class='ocrx_word' id='word_1_728' title='bbox 2142 5509 2292 5549; x_wconf 91' lang='lat' dir='ltr'><strong>com-</strong></span> 
     </span>
    </p>
   </div>
   <div class='ocr_carea' id='block_1_105' title="bbox 726 5589 2292 5669">
    <p class='ocr_par' dir='ltr' id='par_1_105' title="bbox 726 5589 2292 5669">
     <span class='ocr_line' id='line_1_105' title="bbox 726 5589 2292 5669; baseline -0.007 -17"><span class='ocrx_word' id='word_1_729' title='bbox 726 5601 879 5669; x_wconf 86' lang='lat' dir='ltr'><strong>pulit.</strong></span> <span class='ocrx_word' id='word_1_730' title='bbox 912 5596 1120 5664; x_wconf 82' lang='lat' dir='ltr'><strong>Quippe</strong></span> <span class='ocrx_word' id='word_1_731' title='bbox 1147 5609 1247 5647; x_wconf 91' lang='lat' dir='ltr'><strong>nec</strong></span> <span class='ocrx_word' id='word_1_732' title='bbox 1276 5606 1425 5646; x_wconf 88' lang='lat' dir='ltr'><strong>arma</strong></span> <span class='ocrx_word' id='word_1_733' title='bbox 1475 5592 1539 5643; x_wconf 82' lang='lat' dir='ltr'><strong>iis</strong></span> <span class='ocrx_word' id='word_1_734' title='bbox 1567 5600 1742 5654; x_wconf 80' lang='lat' dir='ltr'><strong>erant,</strong></span> <span class='ocrx_word' id='word_1_735' title='bbox 1789 5589 1990 5658; x_wconf 80' lang='lat' dir='ltr'><strong>quibus</strong></span> <span class='ocrx_word' id='word_1_736' title='bbox 2044 5599 2292 5657; x_wconf 74' lang='lat' dir='ltr'><strong>protege-</strong></span> 
     </span>
    </p>
   </div>
   <div class='ocr_carea' id='block_1_106' title="bbox 725 5681 2290 5756">
    <p class='ocr_par' dir='ltr' id='par_1_106' title="bbox 725 5681 2290 5756">
     <span class='ocr_line' id='line_1_106' title="bbox 725 5681 2290 5756; baseline -0.007 -13"><span class='ocrx_word' id='word_1_737' title='bbox 725 5703 939 5753; x_wconf 81' lang='lat' dir='ltr'><strong>rentur,</strong></span> <span class='ocrx_word' id='word_1_738' title='bbox 979 5703 1078 5742; x_wconf 89' lang='lat' dir='ltr'><strong>nec</strong></span> <span class='ocrx_word' id='word_1_739' title='bbox 1108 5687 1347 5756; x_wconf 82' lang='lat' dir='ltr'><strong>clypeus,</strong></span> <span class='ocrx_word' id='word_1_740' title='bbox 1382 5698 1484 5737; x_wconf 89' lang='lat' dir='ltr'><strong>nec</strong></span> <span class='ocrx_word' id='word_1_741' title='bbox 1512 5697 1694 5746; x_wconf 89' lang='lat' dir='ltr'><strong>arcus,</strong></span> <span class='ocrx_word' id='word_1_742' title='bbox 1737 5695 1835 5735; x_wconf 88' lang='lat' dir='ltr'><strong>nec</strong></span> <span class='ocrx_word' id='word_1_743' title='bbox 1881 5682 2048 5734; x_wconf 88' lang='lat' dir='ltr'><strong>ullum</strong></span> <span class='ocrx_word' id='word_1_744' title='bbox 2083 5681 2148 5733; x_wconf 87' lang='lat' dir='ltr'><strong>ad</strong></span> <span class='ocrx_word' id='word_1_745' title='bbox 2182 5684 2290 5732; x_wconf 89' lang='lat' dir='ltr'><strong>vim</strong></span> 
     </span>
    </p>
   </div>
   <div class='ocr_carea' id='block_1_107' title="bbox 725 5775 2291 5857">
    <p class='ocr_par' dir='ltr' id='par_1_107' title="bbox 725 5775 2291 5857">
     <span class='ocr_line' id='line_1_107' title="bbox 725 5775 2291 5857; baseline -0.005 -21"><span class='ocrx_word' id='word_1_746' title='bbox 725 5783 1150 5857; x_wconf 84' lang='lat' dir='ltr'><strong>propulsandam</strong></span> <span class='ocrx_word' id='word_1_747' title='bbox 1185 5780 1371 5835; x_wconf 85' lang='lat' dir='ltr'><strong>telum.</strong></span> <span class='ocrx_word' id='word_1_748' title='bbox 1405 5781 1482 5844; x_wconf 70' lang='lat' dir='ltr'><strong>Ac</strong></span> <span class='ocrx_word' id='word_1_749' title='bbox 1525 5789 1785 5846; x_wconf 67' lang='lat' dir='ltr'><strong>prxterea</strong></span> <span class='ocrx_word' id='word_1_750' title='bbox 1849 5777 2129 5845; x_wconf 74' lang='lat' dir='ltr'><strong>neglectus</strong></span> <span class='ocrx_word' id='word_1_751' title='bbox 2177 5775 2291 5844; x_wconf 84' lang='lat' dir='ltr'><strong>pri-</strong></span> 
     </span>
    </p>
   </div>
   <div class='ocr_carea' id='block_1_108' title="bbox 2393 4589 3971 4672">
    <p class='ocr_par' dir='ltr' id='par_1_108' title="bbox 2393 4589 3971 4672">
     <span class='ocr_line' id='line_1_108' title="bbox 2393 4589 3971 4672; baseline 0.015 -33"><span class='ocrx_word' id='word_1_752' title='bbox 2393 4589 2448 4649; x_wconf 81' lang='grc' dir='ltr'><strong>ἐς</strong></span> <span class='ocrx_word' id='word_1_753' title='bbox 2492 4589 2553 4641; x_wconf 81' lang='grc' dir='ltr'><strong>τὸ</strong></span> <span class='ocrx_word' id='word_1_754' title='bbox 2594 4590 2652 4641; x_wconf 91' lang='grc' dir='ltr'><strong>ἐν</strong></span> <span class='ocrx_word' id='word_1_755' title='bbox 2702 4593 2813 4654; x_wconf 80' lang='grc' dir='ltr'><strong>τοῖς</strong></span> <span class='ocrx_word' id='word_1_756' title='bbox 2845 4593 3086 4648; x_wconf 81' lang='grc' dir='ltr'><strong>Γαλάτου</strong></span> <span class='ocrx_word' id='word_1_757' title='bbox 3137 4600 3287 4666; x_wconf 83' lang='grc' dir='ltr'><strong>σφῶν</strong></span> <span class='ocrx_word' id='word_1_758' title='bbox 3333 4601 3511 4653; x_wconf 86' lang='grc' dir='ltr'><strong>αὐτῶν</strong></span> <span class='ocrx_word' id='word_1_759' title='bbox 3557 4605 3838 4672; x_wconf 75' lang='grc' dir='ltr'><strong>φρούριον,</strong></span> <span class='ocrx_word' id='word_1_760' title='bbox 3867 4615 3971 4662; x_wconf 73' lang='grc' dir='ltr'><strong>καὶ</strong></span> 
     </span>
    </p>
   </div>
   <div class='ocr_carea' id='block_1_109' title="bbox 2393 4680 3969 4762">
    <p class='ocr_par' dir='ltr' id='par_1_109' title="bbox 2393 4680 3969 4762">
     <span class='ocr_line' id='line_1_109' title="bbox 2393 4680 3969 4762; baseline 0.013 -31"><span class='ocrx_word' id='word_1_761' title='bbox 2393 4680 2573 4732; x_wconf 84' lang='grc' dir='ltr'><strong>πᾶσαν</strong></span> <span class='ocrx_word' id='word_1_762' title='bbox 2640 4686 3103 4755; x_wconf 86' lang='grc' dir='ltr'><strong>περιποιήσασθαι</strong></span> <span class='ocrx_word' id='word_1_763' title='bbox 3169 4705 3352 4755; x_wconf 53' lang='grc' dir='ltr'><strong>σξισιν</strong></span> <span class='ocrx_word' id='word_1_764' title='bbox 3416 4691 3735 4762; x_wconf 76' lang='grc' dir='ltr'><strong>ἀσφάλειαν.</strong></span> <span class='ocrx_word' id='word_1_765' title='bbox 3794 4697 3969 4751; x_wconf 79' lang='grc' dir='ltr'><strong>Ταῦτ’</strong></span> 
     </span>
    </p>
   </div>
   <div class='ocr_carea' id='block_1_110' title="bbox 2392 4771 3970 4857">
    <p class='ocr_par' dir='ltr' id='par_1_110' title="bbox 2392 4771 3970 4857">
     <span class='ocr_line' id='line_1_110' title="bbox 2392 4771 3970 4857; baseline 0.013 -34"><span class='ocrx_word' id='word_1_766' title='bbox 2392 4771 2638 4836; x_wconf 73' lang='grc' dir='ltr'><strong>εἰπόντες</strong></span> <span class='ocrx_word' id='word_1_767' title='bbox 2697 4775 3008 4846; x_wconf 73' lang='grc' dir='ltr'><strong>ἐπανῄεσαν</strong></span> <span class='ocrx_word' id='word_1_768' title='bbox 3034 4779 3238 4843; x_wconf 70' lang='grc' dir='ltr'><strong>οἶκαδε,</strong></span> <span class='ocrx_word' id='word_1_769' title='bbox 3288 4785 3534 4853; x_wconf 75' lang='grc' dir='ltr'><strong>χρηστὰς</strong></span> <span class='ocrx_word' id='word_1_770' title='bbox 3576 4785 3797 4848; x_wconf 73' lang='grc' dir='ltr'><strong>ἐλπίδας</strong></span> <span class='ocrx_word' id='word_1_771' title='bbox 3861 4791 3970 4857; x_wconf 86' lang='grc' dir='ltr'><strong>μέν</strong></span> 
     </span>
    </p>
   </div>
   <div class='ocr_carea' id='block_1_111' title="bbox 2391 4865 3965 4949">
    <p class='ocr_par' dir='ltr' id='par_1_111' title="bbox 2391 4865 3965 4949">
     <span class='ocr_line' id='line_1_111' title="bbox 2391 4865 3965 4949; baseline 0.013 -35"><span class='ocrx_word' id='word_1_772' title='bbox 2391 4867 2503 4926; x_wconf 87' lang='grc' dir='ltr'><strong>τοίς</strong></span> <span class='ocrx_word' id='word_1_773' title='bbox 2535 4865 2683 4929; x_wconf 76' lang='grc' dir='ltr'><strong>ἐντὸς</strong></span> <span class='ocrx_word' id='word_1_774' title='bbox 2710 4866 2925 4936; x_wconf 83' lang='grc' dir='ltr'><strong>τείχους</strong></span> <span class='ocrx_word' id='word_1_775' title='bbox 2956 4871 3372 4934; x_wconf 81' lang='grc' dir='ltr'><strong>καταλιπόντες,</strong></span> <span class='ocrx_word' id='word_1_776' title='bbox 3401 4878 3500 4929; x_wconf 76' lang='grc' dir='ltr'><strong>οὐκ</strong></span> <span class='ocrx_word' id='word_1_777' title='bbox 3531 4879 3609 4940; x_wconf 86' lang='grc' dir='ltr'><strong>είς</strong></span> <span class='ocrx_word' id='word_1_778' title='bbox 3647 4881 3880 4949; x_wconf 76' lang='grc' dir='ltr'><strong>χρηστὸν</strong></span> <span class='ocrx_word' id='word_1_779' title='bbox 3913 4885 3965 4935; x_wconf 80' lang='grc' dir='ltr'><strong>δ’</strong></span> 
     </span>
    </p>
   </div>
   <div class='ocr_carea' id='block_1_112' title="bbox 2391 4953 3969 5042">
    <p class='ocr_par' dir='ltr' id='par_1_112' title="bbox 2391 4953 3969 5042">
     <span class='ocr_line' id='line_1_112' title="bbox 2391 4953 3969 5042; baseline 0.013 -33"><span class='ocrx_word' id='word_1_780' title='bbox 2391 4953 2485 5011; x_wconf 81' lang='grc' dir='ltr'><strong>οὖν</strong></span> <span class='ocrx_word' id='word_1_781' title='bbox 2544 4959 2718 5027; x_wconf 85' lang='grc' dir='ltr'><strong>πέρας</strong></span> <span class='ocrx_word' id='word_1_782' title='bbox 2767 4961 3111 5031; x_wconf 87' lang='grc' dir='ltr'><strong>ἐληλυθυίας.</strong></span> <span class='ocrx_word' id='word_1_783' title='bbox 3170 4965 3444 5036; x_wconf 72' lang='grc' dir='ltr'><strong>Πέμψασα</strong></span> <span class='ocrx_word' id='word_1_784' title='bbox 3491 4971 3598 5040; x_wconf 84' lang='grc' dir='ltr'><strong>γάρ</strong></span> <span class='ocrx_word' id='word_1_785' title='bbox 3648 4975 3678 5042; x_wconf 89' lang='grc' dir='ltr'><strong>ή</strong></span> <span class='ocrx_word' id='word_1_786' title='bbox 3744 4975 3969 5041; x_wconf 74' lang='grc' dir='ltr'><strong>βασιλὶς</strong></span> 
     </span>
    </p>
   </div>
   <div class='ocr_carea' id='block_1_113' title="bbox 2399 5051 3969 5132">
    <p class='ocr_par' dir='ltr' id='par_1_113' title="bbox 2399 5051 3969 5132">
     <span class='ocr_line' id='line_1_113' title="bbox 2399 5051 3969 5132; baseline 0.011 -30"><span class='ocrx_word' id='word_1_787' title='bbox 2399 5051 2566 5105; x_wconf 80' lang='grc' dir='ltr'><strong>’Δννα</strong></span> <span class='ocrx_word' id='word_1_788' title='bbox 2613 5051 2695 5118; x_wconf 87' lang='grc' dir='ltr'><strong>(ού</strong></span> <span class='ocrx_word' id='word_1_789' title='bbox 2731 5052 2838 5120; x_wconf 87' lang='grc' dir='ltr'><strong>γὰρ</strong></span> <span class='ocrx_word' id='word_1_790' title='bbox 2873 5052 3118 5122; x_wconf 82' lang='grc' dir='ltr'><strong>ἐλελήθει</strong></span> <span class='ocrx_word' id='word_1_791' title='bbox 3170 5056 3231 5109; x_wconf 78' lang='grc' dir='ltr'><strong>τὸ</strong></span> <span class='ocrx_word' id='word_1_792' title='bbox 3290 5062 3532 5126; x_wconf 83' lang='grc' dir='ltr'><strong>γεγονὸς)</strong></span> <span class='ocrx_word' id='word_1_793' title='bbox 3583 5064 3864 5132; x_wconf 62' lang='grc' dir='ltr'><strong>ἀπέφραξέ</strong></span> <span class='ocrx_word' id='word_1_794' title='bbox 3900 5084 3969 5120; x_wconf 82' lang='grc' dir='ltr'><strong>τε</strong></span> 
     </span>
    </p>
   </div>
   <div class='ocr_carea' id='block_1_114' title="bbox 2395 5140 3973 5228">
    <p class='ocr_par' dir='ltr' id='par_1_114' title="bbox 2395 5140 3973 5228">
     <span class='ocr_line' id='line_1_114' title="bbox 2395 5140 3973 5228; baseline 0.01 -35"><span class='ocrx_word' id='word_1_795' title='bbox 2395 5140 2490 5193; x_wconf 76' lang='grc' dir='ltr'><strong>καὶ</strong></span> <span class='ocrx_word' id='word_1_796' title='bbox 2525 5142 2834 5211; x_wconf 74' lang='grc' dir='ltr'><strong>ἀνεχαίτισε</strong></span> <span class='ocrx_word' id='word_1_797' title='bbox 2879 5145 2979 5214; x_wconf 79' lang='grc' dir='ltr'><strong>τήν</strong></span> <span class='ocrx_word' id='word_1_798' title='bbox 3024 5147 3210 5214; x_wconf 80' lang='grc' dir='ltr'><strong>ἐφοδόν</strong></span> <span class='ocrx_word' id='word_1_799' title='bbox 3237 5166 3294 5201; x_wconf 91' lang='grc' dir='ltr'><strong>τε</strong></span> <span class='ocrx_word' id='word_1_800' title='bbox 3335 5153 3426 5203; x_wconf 75' lang='grc' dir='ltr'><strong>καὶ</strong></span> <span class='ocrx_word' id='word_1_801' title='bbox 3467 5155 3552 5205; x_wconf 76' lang='grc' dir='ltr'><strong>τὸν</strong></span> <span class='ocrx_word' id='word_1_802' title='bbox 3582 5156 3834 5208; x_wconf 77' lang='grc' dir='ltr'><strong>εἴσπλουν</strong></span> <span class='ocrx_word' id='word_1_803' title='bbox 3862 5160 3973 5228; x_wconf 77' lang='grc' dir='ltr'><strong>τῆς</strong></span> 
     </span>
    </p>
   </div>
   <div class='ocr_carea' id='block_1_115' title="bbox 2396 5231 3974 5314">
    <p class='ocr_par' dir='ltr' id='par_1_115' title="bbox 2396 5231 3974 5314">
     <span class='ocr_line' id='line_1_115' title="bbox 2396 5231 3974 5314; baseline 0.011 -30"><span class='ocrx_word' id='word_1_804' title='bbox 2396 5231 2580 5302; x_wconf 81' lang='grc' dir='ltr'><strong>κρύφα</strong></span> <span class='ocrx_word' id='word_1_805' title='bbox 2631 5234 2932 5304; x_wconf 81' lang='grc' dir='ltr'><strong>μελλούσης</strong></span> <span class='ocrx_word' id='word_1_806' title='bbox 2973 5237 3186 5291; x_wconf 85' lang='grc' dir='ltr'><strong>ἐπιέναι</strong></span> <span class='ocrx_word' id='word_1_807' title='bbox 3234 5241 3526 5312; x_wconf 78' lang='grc' dir='ltr'><strong>Λατινικῆς</strong></span> <span class='ocrx_word' id='word_1_808' title='bbox 3558 5245 3614 5308; x_wconf 83' lang='grc' dir='ltr'><strong>ἐς</strong></span> <span class='ocrx_word' id='word_1_809' title='bbox 3651 5248 3751 5314; x_wconf 69' lang='grc' dir='ltr'><strong>τὴν</strong></span> <span class='ocrx_word' id='word_1_810' title='bbox 3801 5247 3974 5302; x_wconf 72' lang='grc' dir='ltr'><strong>ύστεο</strong></span> 
     </span>
    </p>
   </div>
   <div class='ocr_carea' id='block_1_116' title="bbox 2397 5323 2895 5394">
    <p class='ocr_par' dir='ltr' id='par_1_116' title="bbox 2397 5323 2895 5394">
     <span class='ocr_line' id='line_1_116' title="bbox 2397 5323 2895 5394; baseline 0.004 -18"><span class='ocrx_word' id='word_1_811' title='bbox 2397 5323 2556 5394; x_wconf 91' lang='grc' dir='ltr'><strong>ραίαν</strong></span> <span class='ocrx_word' id='word_1_812' title='bbox 2593 5326 2895 5394; x_wconf 87' lang='grc' dir='ltr'><strong>δυνάμεως.</strong></span> 
     </span>
    </p>
   </div>
   <div class='ocr_carea' id='block_1_117' title="bbox 2468 5505 3976 5581">
    <p class='ocr_par' dir='ltr' id='par_1_117' title="bbox 2468 5505 3976 5581">
     <span class='ocr_line' id='line_1_117' title="bbox 2468 5505 3976 5581; baseline 0.007 -21"><span class='ocrx_word' id='word_1_813' title='bbox 2468 5505 2554 5577; x_wconf 79' lang='grc' dir='ltr'><strong>[Ρ.</strong></span> <span class='ocrx_word' id='word_1_814' title='bbox 2576 5505 2703 5576; x_wconf 71' lang='grc'><strong>4621</strong></span> <span class='ocrx_word' id='word_1_815' title='bbox 2736 5507 2791 5560; x_wconf 85' lang='grc' dir='ltr'><strong>ι’.</strong></span> <span class='ocrx_word' id='word_1_816' title='bbox 2815 5507 2985 5559; x_wconf 70' lang='grc' dir='ltr'><strong>Τοῦτο</strong></span> <span class='ocrx_word' id='word_1_817' title='bbox 3001 5508 3135 5576; x_wconf 75' lang='grc' dir='ltr'><strong>πρὸς</strong></span> <span class='ocrx_word' id='word_1_818' title='bbox 3156 5510 3468 5576; x_wconf 79' lang='grc' dir='ltr'><strong>ἀπόγνωσιν</strong></span> <span class='ocrx_word' id='word_1_819' title='bbox 3499 5515 3672 5581; x_wconf 66' lang='grc' dir='ltr'><strong>ἤγαγε</strong></span> <span class='ocrx_word' id='word_1_820' title='bbox 3701 5517 3827 5579; x_wconf 72' lang='grc' dir='ltr'><strong>τοὺς</strong></span> <span class='ocrx_word' id='word_1_821' title='bbox 3853 5534 3976 5571; x_wconf 80' lang='grc' dir='ltr'><strong>τει-</strong></span> 
     </span>
    </p>
   </div>
   <div class='ocr_carea' id='block_1_118' title="bbox 2395 5598 3979 5679">
    <p class='ocr_par' dir='ltr' id='par_1_118' title="bbox 2395 5598 3979 5679">
     <span class='ocr_line' id='line_1_118' title="bbox 2395 5598 3979 5679; baseline 0.011 -30"><span class='ocrx_word' id='word_1_822' title='bbox 2395 5600 2585 5670; x_wconf 84' lang='grc' dir='ltr'><strong>χήρεις</strong></span> <span class='ocrx_word' id='word_1_823' title='bbox 2608 5600 2868 5662; x_wconf 88' lang='grc' dir='ltr'><strong>ἐκείνους.</strong></span> <span class='ocrx_word' id='word_1_824' title='bbox 2892 5598 3027 5652; x_wconf 77' lang='grc' dir='ltr'><strong>Οὕτε</strong></span> <span class='ocrx_word' id='word_1_825' title='bbox 3052 5600 3159 5670; x_wconf 76' lang='grc' dir='ltr'><strong>γὰρ</strong></span> <span class='ocrx_word' id='word_1_826' title='bbox 3181 5603 3343 5655; x_wconf 82' lang='grc' dir='ltr'><strong>ὅπλον</strong></span> <span class='ocrx_word' id='word_1_827' title='bbox 3374 5599 3441 5674; x_wconf 72' lang='grc' dir='ltr'><strong>ἦν</strong></span> <span class='ocrx_word' id='word_1_828' title='bbox 3474 5623 3656 5674; x_wconf 64' lang='grc' dir='ltr'><strong>σφισιν</strong></span> <span class='ocrx_word' id='word_1_829' title='bbox 3679 5609 3833 5663; x_wconf 75' lang='grc' dir='ltr'><strong>οὐδὲν</strong></span> <span class='ocrx_word' id='word_1_830' title='bbox 3862 5631 3979 5679; x_wconf 60' lang='lat' dir='ltr'><strong>qu-</strong></span> 
     </span>
    </p>
   </div>
   <div class='ocr_carea' id='block_1_119' title="bbox 2399 5688 3978 5766">
    <p class='ocr_par' dir='ltr' id='par_1_119' title="bbox 2399 5688 3978 5766">
     <span class='ocr_line' id='line_1_119' title="bbox 2399 5688 3978 5766; baseline 0.009 -26"><span class='ocrx_word' id='word_1_831' title='bbox 2399 5691 2711 5758; x_wconf 76' lang='grc' dir='ltr'><strong>λακτήριον,</strong></span> <span class='ocrx_word' id='word_1_832' title='bbox 2745 5688 2856 5742; x_wconf 77' lang='grc' dir='ltr'><strong>οὔτ’</strong></span> <span class='ocrx_word' id='word_1_833' title='bbox 2883 5691 3069 5752; x_wconf 73' lang='grc' dir='ltr'><strong>ἀσπὶς,</strong></span> <span class='ocrx_word' id='word_1_834' title='bbox 3099 5689 3222 5744; x_wconf 75' lang='grc' dir='ltr'><strong>οὔτε</strong></span> <span class='ocrx_word' id='word_1_835' title='bbox 3259 5694 3430 5759; x_wconf 76' lang='grc' dir='ltr'><strong>τόξον,</strong></span> <span class='ocrx_word' id='word_1_836' title='bbox 3466 5696 3588 5749; x_wconf 73' lang='grc' dir='ltr'><strong>οὔτε</strong></span> <span class='ocrx_word' id='word_1_837' title='bbox 3618 5698 3769 5766; x_wconf 76' lang='grc' dir='ltr'><strong>βέλος</strong></span> <span class='ocrx_word' id='word_1_838' title='bbox 3805 5703 3978 5755; x_wconf 70' lang='grc' dir='ltr'><strong>οὐδὲν</strong></span> 
     </span>
    </p>
   </div>
   <div class='ocr_carea' id='block_1_120' title="bbox 2397 5781 3979 5859">
    <p class='ocr_par' dir='ltr' id='par_1_120' title="bbox 2397 5781 3979 5859">
     <span class='ocr_line' id='line_1_120' title="bbox 2397 5781 3979 5859; baseline 0.011 -29"><span class='ocrx_word' id='word_1_839' title='bbox 2397 5782 2768 5850; x_wconf 82' lang='grc' dir='ltr'><strong>ἀμυντήριον·</strong></span> <span class='ocrx_word' id='word_1_840' title='bbox 2810 5784 2900 5833; x_wconf 82' lang='grc' dir='ltr'><strong>καὶ</strong></span> <span class='ocrx_word' id='word_1_841' title='bbox 2954 5781 3086 5849; x_wconf 80' lang='grc' dir='ltr'><strong>πρός</strong></span> <span class='ocrx_word' id='word_1_842' title='bbox 3135 5799 3193 5848; x_wconf 86' lang='grc' dir='ltr'><strong>γε</strong></span> <span class='ocrx_word' id='word_1_843' title='bbox 3241 5784 3302 5835; x_wconf 84' lang='grc' dir='ltr'><strong>τὸ</strong></span> <span class='ocrx_word' id='word_1_844' title='bbox 3355 5788 3526 5853; x_wconf 83' lang='grc' dir='ltr'><strong>τεῖχος</strong></span> <span class='ocrx_word' id='word_1_845' title='bbox 3578 5789 3848 5859; x_wconf 72' lang='grc' dir='ltr'><strong>ἀμεληθὲν</strong></span> <span class='ocrx_word' id='word_1_846' title='bbox 3902 5795 3979 5847; x_wconf 77' lang='grc' dir='ltr'><strong>ἐκ</strong></span> 
     </span>
    </p>
   </div>
  </div>
