4236 6442
281 417 390 483 9'13
668 406 744 478 [Α.
783 417 836 458 c.
881 397 1042 469 1315]

1302 393 1741 457 BYZANT.N;E
1785 390 2159 451 IIISTORlE
2201 389 2341 452 LIB.
2389 388 2539 450 XIV.

2651 383 2785 449 [min
2836 398 2876 434 ι.
2921 394 3159 435 ration
3206 381 3262 449 ι]

3401 381 3508 444 971,

288 526 484 585 πολλοῦ
513 523 808 595 διερρωγδς
842 516 913 590 ἦν
941 517 1010 571 τά
1037 517 1264 569 πλεῖστα
1297 515 1442 584 μέρη
1469 514 1565 566 τοῦ
1596 530 1654 564 τε
1682 529 1810 581 περι

1939 511 2064 565 dem
2105 525 2295 566 murus
2341 512 2528 566 hiabat
2569 508 2838 579 plerisque
2890 508 2942 561 in
2979 505 3224 576 partibus
3276 504 3510 559 circum-

288 622 461 676 πάτου
487 618 582 670 καὶ
613 615 724 667 τῶν
744 609 1046 674 ἐπάλξεων.
1071 608 1184 678 Τὴν
1213 605 1314 676 μὲν
1350 603 1445 658 οῦν
1466 603 1637 656 νύκτα
1665 603 1848 655 πᾶσαν

287 713 507 778 εκείνην
551 706 726 767 οὕτως
757 701 846 757 ἐπ’
884 699 1098 754 ἐλπίσιν
1144 694 1652 768 ἀμφισϐητησίμοις
1696 693 1848 754 ὲντδς

286 804 499 872 τείχους
518 799 837 868 ηὐλίσαντο,
867 795 966 857 τάς
989 808 1047 846 τε
1077 789 1248 853 πύλας
1268 789 1629 859 φυλάττοντες
1656 786 1752 839 καὶ⁵
1781 784 1849 836 τά

285 896 442 965 τείχη
482 889 813 961 περιιόντες.
847 885 1054 939 Ἕωθεν
1092 883 1137 937 δ’
1177 885 1250 946 ώς
1283 878 1424 936 εἶδον
1464 880 1720 962 σύρφακα
1753 878 1850 931 καὶ

287 985 504 1055 χυδαῖον
546 981 723 1050 δχλον,
755 975 909 1048 παρά
954 975 1047 1029 τὸν
1097 974 1314 1042 γείτονα
1366 973 1646 1034 συνιόντας
1689 969 1851 1022 ίππόο

287 1079 486 1146 δρομον
532 1074 643 1144 (89)
699 1072 834 1134 θέας
882 1069 1089 1132 εἵνεκα,
1125 1067 1222 1120 καὶ
1272 1065 1477 1134 ἥκιστα
1537 1059 1851 1130 συμμαχίας

287 1166 629 1238 ἡστινοσοῦν,
669 1163 731 1227 ἐξ
758 1155 836 1216 ῶν
884 1177 948 1229 γε
983 1158 1281 1229 ἠλπίκασιν
1343 1153 1546 1225 (ᾤοντο
1569 1153 1700 1220 γὰρ,
1729 1150 1851 1202 ἐπεὶ

293 1257 518 1326 μισητδς
560 1254 772 1323 ὑπῆρχε
800 1253 914 1314 τοῖς
939 1249 1083 1311 δλοις
1132 1246 1318 1315 σχεδὸν
1346 1243 1656 1307 Βυζαντίοις
1695 1241 1854 1293 Ἀπό-

290 1362 515 1408 καυκος,
543 1344 792 1404 ἃπαντας
846 1339 996 1411 ἥξειν
1040 1337 1221 1400 εὐθὺς,
1264 1334 1666 1393 στασιάσαντας
1709 1328 1853 1381 κατά

288 1439 400 1491 τῶν
441 1435 718 1506 ἀρχόντων
767 1431 860 1486 καὶ
899 1429 1182 1501 βασιλέων,
1216 1423 1620 1487 ἀπαλλάξαντος
1674 1420 1735 1472 δν
1773 1418 1850 1481 ώς

290 1527 556 1597 τύραννον
609 1520 938 1589 metuar
994 1518 1071 1580 ώς
1121 1515 1215 1568 σῦν
1262 1514 1428 1583 ἔτερα
1478 1507 1596 1566 ἀνθ’
1649 1509 1852 1579 ιτέρων

293 1619 482 1688 ἑώρων
527 1614 624 1669 καὶ
657 1614 721 1667 οὐ
761 1612 901 1665 κατά
951 1607 1179 1678 γνώμην
1217 1605 1415 1676 ἐχώρει
1459 1601 1528 1656 τά
1578 1600 1852 1688 δρώμενα,

217 1773 223 1778 ,
290 1706 424 1775 περὶ
456 1700 757 1769 διαλλαγῶν
777 1699 1020 1769 ὡμίλουν
1041 1699 1154 1758 τοῖς
1182 1693 1380 1760 ἔξωθεν
1428 1690 1565 1760 πρὸς
1614 1689 1712 1756 τῆς
1754 1687 1853 1757 βα-

1947 599 2126 654 ducta:
2168 599 2552 655 ambulationis
2587 607 2646 654 et
2688 603 3023 653 summorum
3077 595 3512 665 propugnaculo-

1947 705 2090 742 rum.
2121 688 2312 744 Totam
2349 691 2530 759 itaque
2566 688 2710 744 illam
2748 696 2963 742 noctem
3016 692 3183 741 uuuia
3233 702 3329 757 spe
3371 687 3513 741 intra

1948 795 2164 834 murum
2233 794 2498 845 mansere,
2576 786 2762 849 portas
2807 778 3176 843 custodientes
3194 787 3252 833 et
3314 779 3513 834 moenia

1948 880 2369 926 etrcunieuntcs.
2422 871 2574 925 Mane
2597 879 2799 933 autem,
2858 870 2948 923 ubi
3008 870 3277 936 plebeiam
3326 869 3513 924 faecem

1950 973 2111 1032 atque
2134 963 2422 1018 colluviem
2452 962 2749 1030 conspicati
2793 971 2942 1024 sunt,
2979 963 3046 1016 a'd
3085 963 3323 1016 vicinum
3380 962 3515 1027 Ilip-

1951 1053 2275 1124 podromum
2315 1052 2525 1107 visendi
2553 1053 2753 1117 studio,
2780 1069 2845 1108 ac
2870 1068 2977 1107 non
3027 1054 3111 1123 (ut
3142 1053 3516 1123 speraverant)

1951 1141 2159 1197 ferendi
2200 1142 2362 1197 ullius
2413 1143 2600 1197 auxilii
2652 1158 2816 1199 causa
2859 1145 3223 1201 conﬂuentem
3293 1145 3516 1214 (etenim

1950 1231 2378 1297 arbitrabantur,
2434 1249 2502 1289 eo
2545 1234 2690 1303 quod
2749 1235 3002 1290 omnibus
3047 1237 3157 1292 fere
3210 1237 3522 1308 Byzantinis

1952 1322 2079 1377 odio
2120 1323 2314 1379 fuisset
2377 1326 2720 1394 Apocaucus.
2757 1340 3018 1381 venturos
3072 1330 3255 1394 statim
3305 1347 3519 1398 omnes,

1951 1412 2220 1467 seditione
2241 1412 2503 1468 adversus
2555 1428 2838 1486 magnates
2865 1424 2922 1470 et
2965 1418 3320 1486 imperatores
3372 1429 3520 1476 mota

1951 1516 2039 1568 eo,
2068 1518 2231 1572 quem
2266 1512 2326 1557 ut
2386 1513 2672 1574 tyranuum
2729 1518 3065 1576 metuerant,
3111 1511 3372 1584 sublato),
3427 1514 3522 1570 ubi

1953 1592 2135 1662 itaque
2159 1592 2308 1648 aliud
2338 1595 2503 1666 733
2523 1611 2627 1665 pro
2663 1597 2771 1653 alio
2795 1599 3054 1654 viderunt
3095 1602 3381 1668 accidisse,
3426 1619 3524 1659 ne-

1953 1697 2063 1750 que
2091 1699 2158 1738 ex
2183 1685 2450 1740 sententia
2478 1685 2776 1742 succedere
2830 1703 2942 1751 res,
3004 1689 3072 1745 de
3120 1694 3522 1749 reconcilianda

295 1797 495 1858 σιλίδος
547 1793 724 1846 ίοῦσεν
778 1791 1001 1860 Ἀννης.
1058 1788 1170 1840 Καὶ
1216 1784 1335 1854 τάχ’
1388 1783 1456 1836 ἂν
1509 1778 1759 1848 ιγίγνετό
1799 1793 1853 1830 τι

1954 1775 2125 1845 gratia
2158 1791 2316 1847 egere
2350 1792 2474 1832 cum
2507 1779 2576 1833 iis
2608 1778 2700 1848 qui
2739 1779 2810 1834 ab
2830 1781 3190 1850 .imperatrice
3224 1786 3378 1840 Anna
3428 1787 3525 1841 ad-

295 1885 530 1959 χρηστδν
561 1881 819 1946 ἐκείνοις,
843 1881 894 1933 εί
942 1878 1018 1949 μή
1067 1892 1212 1938 τινος
1264 1872 1546 1942 δαιμονίου
1578 1869 1856 1923 κεκώλυκε

297 1977 591 2050 βασκανία.
636 1973 780 2028 Ἀλλ’
827 1972 1016 2044 ιχρῆν,
1065 1971 1142 2033 ώς
1194 1968 1393 2030 ἔοικεν,
1455 1967 1515 2018 ὲν
1566 1961 1858 2050 θεομηνίας

295 2048 508 2142 καιροῖς
555 2066 722 2138 μηδὲν
767 2064 1073 2134 ἀτόλμητον
1124 2057 1471 2130 παροφθῆναι
1527 2053 1637 2109 τῶν
1669 2048 1864 2122 ἀθεμί-

295 2180 427 2218 των.
463 2162 628 2231 Ἔσχε
661 2159 718 2212 δὲ
754 2156 950 2220 οὕτως.

370 2343 478 2397 IA'.
523 2342 588 2394 Ἢ
615 2340 712 2393 τοῦ
754 2340 1099 2393 ’Δποκαυκου
1129 2334 1290 2406 γυνὴ,
1317 2335 1378 2387 τὸ
1417 2333 1698 2401 ινδόσιμον
1723 2334 1862 2402 πρὸς

298 2438 399 2504 τῆς
447 2433 714 2505 βασιλίδος
753 2432 956 2498 ’Λννης
1005 2427 1264 2491 λαὸοῦσα,
1319 2423 1712 2496 προσκαλεῖται
1761 2424 1864 2476 πᾶν

300 2530 364 2582 τὸ
400 2526 775 2596 Γασμουλικδν
807 2521 940 2592 (90),
970 2521 1064 2572 καὶ
1111 2518 1411 2588 χρημάτων
1440 2515 1674 2588 χορηγίςι⁵
1702 2513 1864 2582 δαψι-

302 2617 534 2688 λεστέρα
562 2615 759 2677 πείθει,
794 2612 891 2674 τὰς
934 2610 1183 2680 τριήρεις
1214 2607 1528 2677 αὐθημερὸν
1555 2605 1866 2675 ἀφεμένους

306 2711 576 2770 ἅπαντας,
604 2702 746 2758 ὅπλα
802 2701 849 2754 δ’
903 2698 1116 2752 εκεῖθεν
1173 2694 1535 2764 ἀνειληφότας
1593 2694 1687 2745 καὶ
1737 2691 1867 2762 βέλη

311 2800 512 2861 πάντα,
547 2790 989 2863 περιεληλυθέναι
1028 2787 1458 2858 πολιορκοῦντας
1481 2784 1543 2837 τὸ
1570 2782 1664 2837 τοῦ
1691 2783 1864 2836 παλα-

305 2889 422 2940 τίου
465 2885 678 2938 ἐκείνου
724 2882 1003 2952 φρούριον,
1035 2879 1140 2941 ἕως
1183 2877 1618 2946 είσπηδήσαντας
1666 2873 1867 2944 ὴόηδὸν

307 2978 435 3039 τοὺς
468 2975 617 3037 ἐντὸς
655 2973 887 3035 ἀνελεῖν,
919 2971 1042 3034 τοὺς
1088 2969 1186 3037 μὲν
1215 2967 1292 3031 ὡς
1322 2967 1703 3038 ἀνδροφόνους,
1742 2966 1869 3026 τοὺς

307 3071 350 3121 δ’
376 3068 453 3131 ώς
487 3066 834 3137 ἀνδροφόνοις
861 3061 1131 3132 δήπουθεν
1158 3060 1468 3130 ὁμόφρονας
1509 3059 1604 3112 καὶ
1634 3057 1868 3127 ὁμοστέ-

1959 1880 2223 1926 venerant
2262 1883 2279 1922 :
2320 1875 2377 1924 et
2402 1869 2507 1924 nisi
2572 1870 2878 1926 obstitisset
2927 1873 3071 1943 genii
3106 1873 3337 1946 alicujus
3393 1878 3520 1936 mali

1960 1960 2190 2028 invidia,
2217 1959 2451 2016 fortasse
2489 1960 2695 2032 aliquid
2725 1962 2854 2018 boni
2888 1964 3021 2035 ipsis
3050 1970 3368 2028 exstitisset.
3418 1972 3524 2033 Sed

1960 2052 2222 2111 nimirum
2245 2052 2504 2122 oportuit,
2528 2053 2584 2107 in
2623 2053 2730 2109 illis
2780 2053 2983 2112 furoris
3036 2057 3208 2115 divini
3260 2066 3522 2135 tempori-

1962 2146 2089 2212 bus,
2117 2143 2253 2198 nihil
2284 2143 2510 2199 sceleris
2568 2144 2899 2202 intentatum
2934 2147 3134 2204 omitti.
3189 2152 3295 2209 Res
3338 2166 3521 2212 autem

1962 2233 2037 2288 ita
2067 2247 2126 2288 se
2153 2231 2366 2289 habuit.

2034 2326 2128 2382 XI.
2157 2326 2431 2399 Apocauci
2471 2341 2628 2391 uxor.
2666 2328 2736 2383 ab
2763 2328 3115 2399 imperatrice
3146 2333 3300 2389 Anna
3355 2335 3525 2393 licen-

1963 2428 2093 2481 tiam
2117 2424 2631 2493 cum_inipetrasset,
2664 2420 3032 2478 Gasmulicam
3061 2439 3279 2482 omnem
3311 2429 3524 2491 turbam

1963 2519 2210 2582 advocat,
2267 2525 2318 2570 et
2394 2513 2774 2585 pinguioribus
2817 2516 3083 2583 pecunia:
3144 2521 3528 2592 largitionibus

1965 2611 2281 2682 persuadet,
2345 2619 2405 2663 ut
2455 2610 2633 2664 cuncti
2671 2608 2991 2668 triremibus
3035 2629 3098 2668 ea
3144 2614 3233 2670 dic
3300 2619 3527 2688 relictis,

1965 2703 2448 2774 sumptisqueinde
2481 2706 2645 2760 armis
2676 2716 2731 2761 et
2753 2705 2874 2761 telis
2903 2722 3239 2778 quaecunque
3262 2708 3529 2775 inessent,

1967 2796 2150 2866 palatii
2178 2795 2324 2851 illius
2349 2811 2529 2850 arcem
2560 2796 2848 2852 obsidione
2864 2798 3105 2865 cingant,
3157 2802 3336 2871 quoad
3383 2804 3528 2858 laeta

1969 2886 2274 2956 irruptione
2335 2899 2432 2939 eos
2491 2886 2786 2950 trucident,
2846 2887 2940 2955 qui
3015 2888 3163 2943 intus
3214 2900 3528 2956 versentur,

1968 2978 2104 3030 nulli
2138 2975 2281 3031 aetati
2312 2975 2624 3045 parcendo;
2654 2976 2774 3042 bos,
2803 2985 2861 3030 ut
2893 2971 3233 3043 homicidas:
3290 2981 3430 3046 illos,
3467 2994 3528 3039 ut

1970 3069 2368 3124 homicidarum
2419 3067 2658 3123 fautores
2729 3079 2891 3138 atque
2958 3071 3401 3127 contubernales.
3447 3077 3527 3129 Ad

309 3176 460 3225 γους.
516 3157 658 3227 Πρὸς
711 3155 777 3226 δὴ
839 3153 1114 3215 τοιούτους
1183 3151 1386 3220 φόνους
1437 3150 1714 3220 ἀγοραίων
1775 3150 1865 3202 καὶ

1934 3160 1938 3220 '.
1970 3161 2237 3232 ejusmodi
2266 3159 2465 3214 eadem
2493 3175 2615 3214 cum
2647 3159 2735 3213 illa
2757 3160 3039 3214 hominum
3066 3162 3530 3220 circumforaneu-

315 3250 589 3302 ἀσυνέτων
620 3247 828 3316 ἀνδρῶν
853 3244 1125 3298 ὁπλίσασα
1147 3242 1326 3308 δεξιὰς
1357 3241 1539 3308 ἐκείνη
1571 3241 1871 3311 χρημάτων

311 3340 510 3410 ἀὸραίς
562 3338 658 3407 (ώς
691 3335 1029 3406 είρήκειμεν)
1073 3333 1361 3399 δεξιώσεσι
1407 3335 1500 3384 καὶ
1548 3331 1692 3384 οίνου
1737 3348 1872 3400 κρα-

309 3434 495 3500 τήρων
541 3427 754 3480 πολλῶν
801 3425 1158 3495 ἐμφορεῖσθαι
1219 3423 1438 3476 δίδωσιν
1483 3422 1750 3492 ἀφθόνως,
1808 3422 1874 3475 ἵν’

311 3520 512 3573 οὑτωσὶ
554 3517 649 3570 τοῦ
688 3517 1021 3584 καθήκοντος
1071 3515 1364 3575 ἐκστάντες
1396 3513 1656 3582 λογισμοῦ
1688 3529 1875 3582 μαινο-

316 3613 494 3679 μένων
523 3609 677 3678 δίκην
703 3607 922 3677 χωρῶσι
959 3606 1094 3675 πρὸς
1127 3606 1228 3668 τὰς
1270 3605 1378 3658 τῶν
1408 3604 1711 3675 ἀνθρώπων
1738 3620 1875 3672 σφα-

312 3704 436 3767 τὰς.
475 3701 629 3753 Ἐπεὶ
649 3698 694 3752 δ’
716 3698 858 3751 οὕτω
885 3696 1037 3749 ταῦτ’
1063 3691 1177 3765 εἶχε
1205 3696 1299 3748 καὶ
1328 3695 1358 3746 ὁ
1378 3695 1474 3747 τοῦ
1506 3694 1655 3764 ήλίου
1675 3693 1876 3764 δρόμος

314 3795 418 3862 ἤδη
459 3791 531 3844 τὰ
565 3789 913 3860 μεσημϐρινά
945 3787 1288 3856 παρήλλαττε
1319 3785 1610 3855 ὑψώματα,
1642 3785 1877 3856 δραμόν-

312 3901 406 3946 τες
439 3884 638 3936 ἐκεῖνος
674 3880 858 3949 κύκλῳ
906 3880 967 3932 τὸ
1005 3877 1266 3949 φρούριον
1311 3877 1678 3946 περιέστησαν
1704 3875 1873 3939 ἀπαν,

318 3974 511 4027 ἀσπίσι
546 3973 640 4026 καὶ
668 3973 855 4033 ὅπλοις
902 3970 1075 4025 ἀπασι
1130 3969 1531 4037 πεφραγμένοι,
1579 3967 1674 4018 καὶ
1731 3966 1877 4020 ἅπαν

322 4065 476 4134 βέλος
531 4063 792 4133 ἑκηϐόλον
845 4062 902 4112 ὲν
949 4061 1132 4129 χεροῖν
1191 4058 1602 4127 περιφέροντες,
1641 4059 1735 4110 καὶ
1775 4059 1876 4111 ὃσα

317 4154 488 4224 θύρας
519 4151 971 4222 ἀναμοχλεύουσιν
999 4151 1206 4219 δργανα
1233 4150 1325 4201 καὶ
1353 4149 1695 4201 κατασείουσι
1723 4149 1876 4219 τείχη

318 4246 415 4297 καὶ
471 4245 758 4306 ἀποσπῶσι
813 4242 992 4304 λίθους
1038 4241 1101 4294 εκ
1151 4239 1450 4309 θεμελίων·
1481 4232 1556 4292 ὧν
1599 4240 1649 4292 oi
1682 4240 1781 4308 μὲν
1811 4241 1877 4294 τά

321 4339 448 4408 βέλη
508 4338 820 4405 πέμποντες
880 4332 1080 4396 ἔξωθεν
1126 4333 1269 4384 κατά
1325 4331 1527 4400 πλῆθος
1572 4331 1668 4383 καὶ
1717 4330 1878 4400 δίκην

317 4430 530 4499 βαθέωδ
577 4426 758 4494 νεφῶν
806 4425 1014 4487 πάντας
1065 4425 1191 4484 τοὺς
1242 4421 1392 4475 ἔνδον
1439 4421 1547 4476 τῶν
1600 4421 1879 4486 ἐπάλξεων

316 4521 605 4588 ἀπήλασαν
634 4521 697 4571 ὲκ
740 4515 835 4570 τοῦ
880 4515 1246 4585 παραχρῆμα,
1281 4513 1446 4582 μηδὲν
1469 4513 1689 4567 ὁθενοῦν
1728 4513 1880 4583 ἔχον-

311 4630 415 4675 τας
442 4613 525 4663 ὄπ’
545 4627 626 4675 ον,
651 4610 684 4679 ἢ
707 4608 1095 4677 φυλακτήριον,
1126 4605 1246 4675 ἢδι⁹
1276 4602 1350 4658 ὧν
1368 4606 1656 4675 ἀμυνεῖται
1678 4622 1759 4668 τις
1787 4605 1880 4658 τὸν

314 4704 540 4755 ἐπιόντα
566 4700 846 4768 πολέμιον.
903 4697 989 4769 [Ρ.
1016 4696 1146 4767 463]
1178 4697 1238 4749 Οί
1262 4696 1316 4749 δὲ
1346 4696 1415 4749 τά
1441 4695 1879 4764 ὶκμοχλευτήρια

318 4795 578 4861 φέροντες
628 4791 858 4859 ὁργανα,
908 4789 1227 4858 προσιόντες
1277 4786 1477 4851 ἔξωθεν
1505 4787 1574 4839 τά
1616 4804 1676 4839 τε
1724 4786 1877 4855 τείχη

322 4879 655 4948 πολλαχόθεν
683 4876 980 4949 διώρυττον
1008 4879 1103 4930 καὶ
1131 4876 1232 4940 τὰς
1281 4876 1456 4939 πύλας
1485 4875 1843 4944 ἀνεμὸχλευον
1862 4892 1877 4909 ο

255 4977 260 4981 ’
314 4975 396 5036 ὡς
431 4975 490 5024 ὲν
521 4973 660 5026 πάνυ
690 4969 918 5042 βραχείᾳ
949 4970 1142 5041 καιροῦ
1177 4971 1340 5038 ῥοπῇ,
1381 4968 1591 5023 πολλῶν
1620 4968 1878 5039 πολλαχό-

317 5066 411 5116 θεν
443 5063 552 5114 τῶν
581 5062 800 5114 εἰσόδων
824 5061 1196 5130 ἀνοιχθεισῶν,
1217 5062 1422 5121 πάντας
1451 5059 1622 5128 ἄρδην
1652 5054 1873 5128 εἰσρυῆέ-

317 5171 407 5207 ναι
447 5153 572 5214 τοὺς
602 5152 909 5221 πολεμίους.

392 5243 492 5297 IB'.
512 5239 621 5295 Ἧν
644 5244 761 5295 τότε
792 5243 918 5296 ίδεῖν
943 5243 1065 5304 τοὺς
1088 5243 1187 5311 μὲν
1213 5241 1427 5304 ἀθλίους
1460 5243 1698 5304 ἐκείνους
1728 5243 1882 5310 ἀφει-

316 5339 423 5401 δῶς
453 5338 874 5408 ἀναιρουμένους
910 5339 1002 5390 καὶ
1028 5337 1162 5407 πρὸς
1193 5338 1326 5407 ᾇδην
1353 5340 1416 5390 ἐκ
1447 5340 1555 5390 τῶν
1581 5338 1706 5408 χθὲς
1738 5355 1881 5407 πεμ-

320 5433 593 5502 πομένους
618 5431 831 5499 δεσμῶν
853 5446 868 5462 ο
896 5431 1020 5492 τοὺς
1071 5431 1128 5484 δὲ
1183 5432 1344 5499 φόνου
1380 5433 1636 5493 πνέοντας
1682 5432 1880 5501 ἄνδρας

1974 3268 2092 3308 rum
2127 3263 2182 3307 et
2218 3249 2540 3306 stolidorum
2569 3249 2787 3304 dextras
2830 3251 3149 3309 armavisset
3189 3254 3421 3318 liberali.
3471 3267 3532 3311 ut

1973 3344 2230 3408 diximus,
2266 3341 2513 3412 pecunia:
2554 3341 2905 3412 erogatione;
2956 3343 3144 3397 multis
3195 3344 3360 3398 etiam
3417 3348 3529 3401 vini

1975 3433 2184 3505 poculis
2219 3431 2440 3502 profuse
2471 3445 2567 3485 eos
2588 3430 2907 3501 ingurgitat,
2938 3441 2993 3486 ut
3026 3432 3081 3486 in
3132 3433 3276 3488 hunc
3309 3436 3531 3491 modum

1975 3534 2122 3578 recta
2151 3523 2360 3576 ratione
2385 3521 2602 3577 excussi
2632 3521 2928 3575 furentium
2967 3523 3139 3576 instar
3167 3524 3233 3578 ad
3280 3524 3531 3582 homines

1968 3613 2293 3688 jugulandos
2325 3617 2568 3665 ruerent.
2603 3610 2738 3664 Cum
2805 3611 2856 3663 in
2899 3625 2966 3664 eo
3028 3625 3115 3664 res
3152 3622 3358 3678 essent,
3405 3615 3538 3670 solis

1974 3720 2138 3761 cursu
2208 3700 2570 3757 meridianum
2630 3698 2740 3767 jam
2812 3699 3071 3754 verticem
3143 3711 3534 3770 praetereunte,

1976 3812 2139 3856 ruere
2171 3796 2247 3851 illi
2275 3801 2330 3850 et
2374 3803 2540 3849 t0tam
2586 3791 2825 3861 undique
2874 3806 3054 3847 arcem
3105 3794 3535 3863 circumsistere,

1975 3888 2181 3961 clypeis
2214 3885 2490 3954 armisque
2520 3881 2774 3936 omnibus
2807 3881 3080 3949 instructi,
3110 3892 3164 3938 et
3201 3899 3363 3940 omne
3405 3888 3539 3942 mis-

1977 3982 2160 4036 silium
2192 3979 2420 4033 telorum
2448 3988 2619 4044 genus
2647 3972 2899 4027 manibus
2929 3973 3401 4042 circumferentes,
3438 3992 3540 4033 ea-

1977 4084 2083 4140 que
2118 4067 2301 4122 omnia
2327 4064 2708 4126 instrumenta,
2738 4075 2859 4129 qua:
2881 4060 3065 4126 autad
3123 4071 3404 4130 portarum
3455 4081 3539 4120 τε-

1979 4160 2171 4231 pagula
2202 4153 2581 4217 couvellenda,
2611 4163 2708 4205 aut
2740 4151 2807 4205 ad
2831 4165 3020 4205 muros
3047 4152 3397 4220 quatiendos.
3443 4164 3540 4209 aut

1979 4252 2044 4307 ad
2066 4249 2273 4320 lapides
2301 4261 2331 4300 e
2363 4241 2732 4300 fundamentis
2760 4240 3091 4296 emovendos
3118 4243 3327 4298 valent.
3353 4243 3430 4298 Ex
3451 4245 3539 4300 bis

1979 4342 2071 4396 alii
2091 4339 2312 4410 quidem
2342 4334 2474 4389 foris
2505 4345 2768 4402 magnam,
2805 4331 3040 4385 telorum
3078 4331 3186 4386 vim
3220 4348 3284 4388 ac
3312 4333 3539 4390 densam

1981 4429 2146 4487 veluti
2174 4427 2374 4483 nubem
2401 4423 2560 4495 737
2578 4422 2841 4494 iacientes
2903 4422 3154 4490 repulere
3203 4422 3321 4478 illos
3348 4439 3540 4481 omnes

1983 4525 2298 4593 derepente,
2328 4515 2423 4588 qui
2457 4514 2685 4570 summis
2723 4513 2779 4568 in
2821 4514 3243 4582 propugnaculis
3298 4514 3535 4576 stabant.

1977 4615 2146 4671 armis
2178 4611 2541 4677 undecunque
2571 4604 2887 4667 destitutos,
2918 4612 3026 4658 tam
3053 4605 3121 4658 iis
3149 4606 3351 4675 quibus
3407 4622 3536 4660 cor-

1931 4723 1934 4725 λ
1979 4721 2079 4776 pus
2105 4701 2426 4773 protegitur,
2451 4712 2612 4767 quam
2650 4695 2758 4750 illis
2788 4693 2991 4764 quibus
3052 4694 3311 4766 ingruens
3363 4696 3540 4753 hostis

1981 4796 2348 4868 pmpulsatur.
2380 4790 2485 4846 Alii
2519 4803 2648 4844 vero
2680 4796 2950 4842 tormenta
3001 4788 3230 4843 muralia
3278 4789 3538 4843 admove-

1979 4891 2132 4949 bant.
2166 4885 2495 4956 propiusque
2520 4880 2842 4938 accedentes
2867 4881 3068 4951 passim
3115 4890 3172 4936 et
3199 4896 3385 4936 muros
3414 4897 3541 4951 per-

1984 4977 2282 5040 fodiebant,
2306 4983 2361 5030 et
2387 4984 2574 5044 portas
2619 4972 2872 5026 vectibus
2898 4971 3344 5036 Iabcfactabant;
3378 4971 3446 5024 ita
3481 4979 3542 5026 ut

1937 5105 1944 5108 -
1987 5077 2263 5119 momento
2307 5063 2566 5132 temporis
2608 5061 2876 5131 patefacto
2908 5061 3014 5115 sibi
3063 5059 3249 5115 multis
3297 5061 3354 5115 in
3408 5060 3546 5118 locis

1985 5157 2153 5219 aditu,
2200 5155 2435 5210 universi
2457 5170 2680 5224 prorsus
2703 5155 2884 5208 hostes
2907 5155 3017 5207 irru
3029 5153 3226 5221 perint.

2057 5247 2173 5301 XII.
2206 5248 2322 5302 Jam
2357 5245 2541 5298 videre
2571 5243 3096 5310 erat,infnrtunatos
3144 5244 3365 5314 quidem
3421 5245 3545 5299 illos

1987 5335 2438 5399 effuseinterimi,
2459 5343 2516 5390 et
2541 5335 2608 5388 ab
2639 5334 2909 5390 hesternis
2927 5335 3160 5389 vinculis
3180 5334 3247 5390 ad
3277 5334 3544 5392 tumulum

1991 5429 2271 5484 transferri
2295 5427 2458 5482 :istos
2483 5435 2663 5482 autem
2688 5426 3066 5496 sanguinarios
3086 5426 3237 5482 viros
3257 5426 3324 5482 ad
3349 5427 3549 5481 multas

1659 5546 1997 5607 Variorum
2027 5553 2210 5605 noue.

395 5649 510 5721 (89)
533 5648 704 5721 Quem
732 5648 1067 5721 Ξυλόκερκον
1101 5657 1294 5701 vocant
1330 5647 1642 5721 scriptores,
1679 5647 1751 5721 de
1775 5661 1872 5703 c1:-

316 5717 415 5793 jus
443 5719 548 5793 situ
583 5720 792 5793 agimus
845 5717 1392 5793 in__(_Ionstautin0pol_i
1436 5718 1772 5793 Clirjs_t.__lil).
1812 5732 1871 5779 tt,

337 5801 474 5846 sect.
508 5790 559 5853 l,
593 5786 649 5844 n'.
703 5787 788 5853 l6,
829 5797 884 5845 et
910 5789 1006 5842 lib.
1059 5803 1130 5854 tv,
1155 5798 1286 5842 sect.
1322 5787 1408 5852 l5,
1443 5803 1496 5842 n.
1524 5786 1613 5842 25.
1647 5787 1872 5841 Ducam.

2056 5633 2166 5715 (9b)
2197 5646 2456 5716 Pachym.
2495 5647 2589 5702 lib.
2623 5663 2699 5713 tv,
2729 5660 2852 5716 cap.
2880 5645 2970 5701 26.
3000 5643 3135 5702 Vide
3164 5644 3347 5702 Gloss.
3401 5645 3545 5700 med.

1927 5719 1937 5725 ’
1979 5718 2194 5777 ϐτιιεςίι.
2229 5718 2460 5772 Ουωτίς.
