4236 6442
286 398 392 459 977
711 394 788 467 [λ.
829 412 878 454 ι’.
914 395 1075 467 1545]

1293 403 1726 468 ΒΥΖΑΝΤΙΝᾹΞ
1769 411 2150 472 HISTORIA!
2191 415 2331 476 LIB.
2378 415 2535 474 XIV.

3406 410 3510 470 978

2665 407 2795 477 [nm
2837 422 2879 460 ι.
2920 418 3159 459 raucos.
3204 405 3262 477 Δ]

285 515 523 577 καλύόας
555 516 665 568 τῶν
691 518 807 570 ἐκεῖ
825 519 1161 587 μοναζόντων
1184 520 1626 586 ἠνδραποδίζοντό
1654 541 1710 576 τε
1741 523 1833 574 καὶ
1864 528 1907 580 Α
1939 521 1951 572 i

1864 528 1907 580 Δ
1939 521 2249 579 inﬁmorum
2282 528 2588 587 hominum,
2623 543 2716 595 qm
2750 526 3005 579 torrentis
3054 525 3224 579 instar
3267 525 3509 579 cotilluv-

284 603 584 673 διήρπαζον
611 607 781 670 ἀδεῶς
809 625 824 639 ·
869 612 961 662 καὶ
992 611 1158 672 αὑτάς
1206 609 1250 662 δ’
1295 607 1386 662 οὖν
1431 615 1564 679 μετὰ
1598 615 1706 666 τῶν
1742 636 1847 670 πα-

287 695 499 748 στάδων
524 697 624 775 τάς
657 698 828 768 θύρας
859 700 1319 772 άναμοχλεύοντές
1351 718 1410 753 τε
1459 706 1552 756 καὶ
1595 705 1846 775 διαμερι-

287 784 506 853 ζόμενοι
533 773 646 852 τοῖς
670 793 1092 858 χαμαιτυπείοις
1122 794 1414 863 προσῆγον,
1443 796 1730 860 ἀσελγείας
1760 773 1850 866 μί-

287 876 503 945 σθωμα.
532 880 594 932 Ol
624 877 670 932 δ’
698 882 933 943 ἀναιδεῖς
979 885 1177 936 ἐκεῖνοι
1233 888 1328 939 καὶ
1384 888 1542 954 φόνου
1597 891 1848 954 πνέοντες

285 968 499 1038 ἀνδρες,
533 970 642 1024 τῶν
689 973 1053 1044 ἀνῃρημένων
1109 977 1210 1040 τὰς
1260 979 1501 1045 κεφαλὰς
1549 979 1744 1035 ἔστιδ’
1774 977 1849 1036 ὧν

285 1062 381 1113 καὶ
407 1062 504 1124 τάς
537 1065 726 1132 χεῖρας
756 1067 1132 1134 ὲκτὲμνοντες.
1150 1070 1448 1138 περιῄεσαν
1469 1072 1817 1141 ἐπιδεικνύμε
1835 1104 1850 1114 -

284 1151 370 1201 νοί
404 1167 462 1203 τε
489 1154 550 1204 τὸ
577 1154 676 1222 τῆς
699 1158 900 1219 κακίας
947 1159 1099 1225 ἄγος,
1123 1161 1202 1220 είς
1233 1160 1498 1229 ἔκπληξιν
1530 1163 1640 1216 τῶν
1673 1165 1848 1232 ὁρών-

283 1260 395 1294 των
429 1246 522 1297 καὶ
560 1246 697 1313 δέος,
741 1249 835 1302 καὶ
878 1249 1059 1302 πᾶσαν
1095 1252 1294 1318 ἀγυιάν
1338 1255 1719 1323 ἐμπιπλῶντες
1754 1260 1849 1310 ἀνο

285 1329 577 1395 θρωπίνων
597 1335 847 1402 αἱμάτων
869 1353 928 1389 τε
960 1340 1054 1391 καὶ
1087 1341 1326 1408 σαρκῶν.

359 1420 458 1476 ΙΔ’.
509 1425 615 1476 Καὶ
661 1421 730 1496 ἦν
779 1427 878 1495 μὲν
921 1429 1137 1500 θρήνων
1183 1432 1277 1486 καὶ
1313 1433 1565 1503 δακρύων
1612 1437 1739 1504 ἀξια
1779 1438 1849 1492 τὰ

283 1513 538 1582 δρώμενα
569 1519 661 1570 καὶ
693 1518 920 1588 θέατρον
945 1522 1158 1574 ἀνόσιον
1189 1526 1253 1594 τῇ
1283 1525 1642 1600 βασιλευούσῃ
1673 1530 1846 1602 ταύτῃ

283 1605 394 1656 τῶν
423 1606 631 1659 πόλεων
655 1624 669 1638 ο
698 1611 875 1675 οὐδεὶς
898 1612 943 1663 δ’
973 1614 1174 1682 ὶτόλμα
1203 1618 1317 1678 τοῖς
1345 1619 1644 1688 δρωμένοις
1675 1622 1706 1691 ἢ
1735 1625 1848 1685 τοῖς

284 1701 497 1764 νεκροῖς
523 1700 750 1762 ἐκείνοις
781 1704 1141 1770 ἐπιδακρῦσαι
1174 1710 1267 1760 καὶ
1295 1713 1598 1778 στεναγμὸν
1622 1715 1849 1767 ἀποδοῦ-

283 1804 395 1849 ναι,
441 1787 564 1840 οὔτε
601 1809 684 1851 τις
718 1792 825 1845 τῶν
860 1795 1047 1862 φίλων,
1075 1798 1198 1850 οὔτε
1248 1816 1332 1861 τις
1379 1802 1489 1853 τῶν
1543 1805 1843 1871 συγγενῶν,

282 1879 411 1933 οὔτε
445 1883 543 1950 μὲν
568 1883 741 1947 οὐδεὶς
768 1886 878 1936 τῶν
911 1887 1087 1951 ἀλλως
1136 1879 1417 1951 φίλοικτον
1447 1895 1680 1963 ἐχόντων
1709 1913 1843 1966 καρ-

281 1974 424 2030 δέαν.
457 1976 708 2045 Ἐφεδροι
740 1979 845 2048 γὰρ
879 1981 1147 2050 ὀφθαλμοὶ
1176 1989 1684 2056 παραπορευόμενοι
1721 2005 1846 2042 συν-

285 2067 534 2134 ήρπαζόν
586 2085 644 2120 τε
677 2072 770 2121 καὶ
825 2072 891 2122 τὸ
951 2072 1143 2140 ἱμάτια
1181 2075 1526 2141 περιδύοντες
1554 2076 1743 2129 ἔπαιον
1771 2077 1845 2143 ὡς

284 2158 600 2221 ὲπιόούλους
627 2163 716 2212 καὶ
757 2162 1066 2227 ἀντιθέτους
1095 2166 1264 2239 ’Δννῃ
1286 2170 1351 2236 τῇ
1385 2167 1632 2237 βασιλίδι.
1664 2173 1847 2225 Πάντα

284 2249 393 2316 γὰρ
423 2243 489 2318 ἦν
515 2251 821 2322 εὐφροσύνη
855 2252 1082 2323 λαμπρά
1117 2272 1203 2318 τις
1259 2256 1350 2310 καὶ
1396 2258 1588 2328 τέρψις
1611 2259 1848 2330 ἀρρητυς

284 2339 469 2409 ἐκείνῃ
501 2341 566 2394 τὰ
589 2341 864 2412 δρώμενα,
896 2346 989 2397 καὶ
1019 2347 1161 2398 πάνυ
1193 2363 1272 2399 τοι
1305 2349 1509 2415 σφόδρα
1535 2351 1675 2402 κατά
1702 2351 1845 2418 γνώο

290 2447 396 2499 μης
429 2431 755 2501 ἔντρύφημα
779 2449 794 2464 ο
820 2433 895 2496 ὡς
939 2436 1189 2489 εντεῦθεν
1221 2438 1314 2490 καὶ
1352 2439 1460 2491 δέει
1512 2441 1705 2510 μακρῷ
1760 2459 1851 2495 συ·

288 2523 580 2591 σχεθέντας
598 2524 717 2586 τοὺς
733 2527 1100 2596 περιστέλλειν
1123 2530 1262 2581 κατά
1283 2531 1374 2581 τὸν
1397 2530 1735 2599 ἀνθρώπινον
1757 2535 1851 2587 καὶ

287 2618 451 2683 φύσει
481 2618 762 2686 πρέποντα
793 2620 955 2690 νόμον
985 2620 1289 2684 ἐθέλοντας,
1317 2621 1505 2675 ὁπόσοι
1533 2625 1672 2676 κατά
1696 2626 1851 2692 γένος

287 2707 382 2760 καὶ
412 2707 594 2776 φιλίαν
618 2711 732 2768 τοῖς
765 2711 1037 2777 κειμένοις
1064 2711 1362 2780 προσῆκον,
1398 2713 1695 2782 ἀπέχεσθαι
1720 2717 1849 2768 τού-

285 2814 396 2850 των
423 2799 608 2869 ἁπάσῃ
636 2799 866 2868 σπουδῇ,
895 2800 968 2868 μὴ
1000 2803 1136 2868 μετά
1161 2802 1254 2854 τοῦ
1281 2805 1575 2873 ἀποτυχεῖν
1599 2806 1695 2875 τῆς
1720 2807 1848 2874 βου-

287 2889 500 2955 λήσεως
519 2891 744 2950 καὶτοῖς
772 2889 981 2959 ὁμοίοις
1009 2890 1198 2953 δεινοῖς
1228 2896 1585 2963 περιπέσωσι.
1613 2894 1848 2949 Τοιαῦτα

288 2981 398 3044 γὰρ
427 2978 663 3044 ἔφασκον
697 2977 836 3033 εἶναι
866 2981 935 3033 τά
967 2983 1032 3049 τῇ
1064 2981 1297 3050 βασιλίδι
1332 2986 1716 3055 ἐντεταλμένα,
1753 2990 1849 3041 καὶ

287 3069 401 3136 ἅμα
463 3071 700 3138 ἀτάφους
747 3071 890 3124 κατά
943 3071 1210 3140 θαλάττης
1242 3075 1494 3144 ῥιφέντας
1524 3077 1728 3146 τροφὴν
1752 3079 1848 3149 όρ-

1951 616 2100 680 bant,
2131 617 2440 686 degentium
2486 619 2558 672 ibi
2597 619 2989 672 monachorum
3023 616 3249 670 cellulas
3311 615 3518 683 expila-

1951 707 2080 761 bant
2101 725 2164 763 ac
2189 710 2339 763 nullo
2364 713 2508 765 me‘lu
2535 710 2885 779 diripiebant,
2915 718 2970 761 et
3000 708 3143 774 ipsas
3192 723 3314 761 cum
3349 706 3516 775 posti-

1950 797 2052 853 bus
2103 801 2346 854 revulsas
2402 800 2544 855 fores
2615 801 2799 871 partiti
2859 797 3105 853 libidinis
3153 798 3386 867 pretium
3446 798 3513 850 ad

1951 891 2228 959 lupanaria
2272 894 2580 961 portabant.
2641 894 2934 947 Enimvero
2984 892 3252 944 immanes
3277 889 3405 948 viri.
3461 897 3517 942 et

1951 984 2267 1052 sanguinem
2289 985 2576 1055 spirantes,
2607 985 3056 1052 interemptorum
3086 982 3372 1036 hominum
3426 995 3516 1033 ca-

1950 1073 2083 1138 pila,
2106 1072 2464 1139 quorumdam
2493 1084 2548 1126 et
2574 1087 2767 1126 manus
2789 1070 3032 1124 ahcissas
3058 1067 3517 1132 circumferendo,

1950 1160 2372 1215 abominandum
2395 1163 2574 1217 scelus
2613 1161 2982 1222 ostentabant,
3015 1170 3293 1228 stuporem
3327 1168 3383 1211 et
3405 1171 3519 1210 me-

1953 1259 2065 1305 tum
2094 1253 2432 1308 intuentibus
2484 1254 2795 1322 quibusque
2827 1251 3178 1313 incutientes,
3236 1258 3292 1302 et
3323 1263 3518 1303 omnes

1949 1346 2065 1398 vias
2086 1345 2374 1398 cruoribus
2401 1346 2766 1413 carnibusque
2799 1343 3052 1396 humanis
3099 1339 3410 1407 implentes.

2021 1435 2157 1490 XIV.
2187 1435 2353 1490 Erant
2386 1450 2518 1490 sane
2543 1451 2604 1489 ea
2632 1443 2751 1504 quae
2779 1432 3238 1504 perpetrabantur
3264 1429 3518 1484 lamentis

1948 1534 2003 1580 et
2029 1527 2282 1596 lacrymis
2312 1527 2662 1593 dignissima;
2704 1525 2996 1593 dirumque
3048 1523 3182 1577 illud
3240 1521 3344 1576 fuit
3391 1521 3520 1574 huic

1952 1617 2168 1671 urbium
2202 1617 2430 1686 principi
2455 1617 2847 1685 spectaculum.
2899 1615 3068 1668 Nemo
3097 1625 3279 1669 tamen
3319 1628 3384 1667 ea
3427 1613 3513 1666 in-

1951 1709 2153 1764 tuendo
2178 1708 2330 1769 ﬂere,
2361 1723 2518 1761 nemo
2541 1708 2660 1760 illos
2684 1707 2776 1774 qui
2808 1707 3004 1760 mortui
3033 1713 3188 1759 erant
3211 1705 3397 1774 lugere
3423 1720 3521 1768 au-

1950 1803 2132 1863 debat,
2163 1811 2254 1854 aut
2279 1800 2538 1868 gemitum
2571 1799 2759 1860 edere,
2793 1800 2908 1851 sive
2938 1798 3169 1858 amicus,
3193 1796 3306 1850 sive
3323 1811 3522 1865 cogna-

1952 1893 2096 1946 tione
2126 1891 2370 1961 junctus,
2402 1905 2497 1944 seu
2539 1889 2768 1959 quilibet
2793 1889 2933 1943 alius
2980 1888 3164 1941 animo
3200 1886 3268 1940 ad
3309 1887 3524 1940 miseri-

1948 1984 2186 2038 cordiam
2224 1982 2441 2036 aliunde
2477 1996 2764 2050 propenso.
2798 1979 2952 2034 Oculi
2983 1979 3128 2031 enim
3144 1978 3518 2048 exploratores

1949 2075 2406 2140 obambulabant;
2437 2074 2489 2126 hi
2533 2088 2662 2127 vero
2689 2071 3122 2140 abripiebantur,
3148 2078 3202 2122 et
3227 2072 3521 2122 vestimen-

1951 2166 2018 2220 tis
2053 2163 2312 2219 detractis
2333 2162 2696 2226 feriebantur,
2728 2170 2788 2215 ut
2843 2160 3192 2214 insidiatores
3247 2167 3302 2212 et
3354 2158 3524 2211 Annae

1951 2256 2282 2325 imperatrici
2340 2253 2713 2308 adversantes.
2763 2250 2895 2316 Quae
2931 2250 3077 2304 enim
3127 2257 3240 2302 tum
3295 2248 3522 2308 ﬁebant,

1949 2360 2014 2398 ea
2059 2347 2242 2398 omnia
2283 2343 2381 2412 ipsi
2406 2355 2676 2396 summum
2710 2337 2992 2407 gaudium,
3047 2334 3376 2403 voluptatem
3410 2333 3524 2386 ine-

1953 2436 2302 2502 narrabilem,
2331 2445 2387 2489 et
2410 2433 2600 2503 quales
2641 2429 2872 2484 maxime
2922 2427 3136 2482 volebat
3182 2424 3403 2479 delicias
3438 2423 3522 2476 al-

1953 2526 2220 2581 ferebant.
2254 2524 2438 2593 Itaque
2460 2536 2656 2590 magno
2683 2518 2910 2589 posthac
2954 2526 3099 2570 metu
3140 2512 3370 2568 cohibiti
3397 2512 3524 2582 qui-

1950 2635 2166 2689 cunque
2189 2628 2454 2679 mortuos,
2485 2614 2808 2685 quibuscum
2865 2607 3186 2679 cognatione
3216 2615 3307 2660 aut
3370 2605 3524 2659 ami-

1949 2711 2076 2765 citia
2100 2708 2272 2776 juncti
2300 2707 2552 2768 fuissent,
2576 2703 2807 2773 sepelire
2835 2715 2936 2769 pro
2967 2698 3208 2767 gentium
3231 2705 3286 2752 et
3317 2705 3526 2750 natura

1945 2803 2065 2871 jure
2088 2799 2399 2865 cupiebant,
2429 2795 2739 2851 abstinuere
2768 2792 2836 2846 ab
2865 2791 2931 2844 iis
2963 2789 3242 2852 continuo,
3292 2801 3362 2840 ne
3411 2800 3521 2839 non

1951 2889 2122 2943 solum
2147 2887 2308 2958 740
2340 2901 2370 2939 a
2401 2893 2528 2938 voto
2552 2882 2894 2944 aberrarent,
2923 2878 3018 2933 sed
3065 2878 3117 2930 in
3141 2875 3374 2930 similem
3426 2887 3522 2929 ca-

1950 2979 2243 3034 lamitatem
2269 2977 2368 3046 ipsi
2417 2989 2635 3044 quoque
2680 2970 3003 3025 inciderent.
3064 2967 3137 3022 Ea
3167 2965 3311 3020 enim
3341 2966 3523 3034 impe-

1953 3071 2168 3125 ratricis
2194 3067 2444 3123 mandata
2472 3081 2591 3122 esse
2621 3063 2989 3126 dictitabatur,
3032 3074 3154 3131 quae
3183 3068 3239 3115 et
3272 3059 3325 3112 in
3372 3072 3522 3112 mare

288 3160 425 3221 νέοις
459 3161 552 3212 καὶ
589 3162 764 3230 ἰχθύσι
793 3163 1069 3230 γενέσθαι.
1106 3163 1267 3217 Ἀλλά
1294 3164 1452 3218 τοῦτο
1479 3168 1576 3235 μὲν
1603 3168 1703 3221 ούκ
1732 3171 1850 3224 δτε-
1874 3177 1920 3241 C
1953 3161 1961 3215 Ῐ

1849 3177 1920 3241 ηρ
1953 3161 2255 3229 insepultos
2283 3159 2407 3212 illos
2428 3157 2619 3228 projici
2665 3154 2938 3225 jussisset,
2982 3151 3179 3221 praeda:
3243 3150 3522 3204 avibusae

285 3247 476 3318 λὲσθη,
505 3250 660 3302 ἐνίων
688 3251 784 3319 τὴν
818 3253 912 3305 τοῦ
943 3253 1072 3306 λαοῦ
1102 3254 1350 3325 κραυγὴν
1393 3257 1489 3309 καὶ
1536 3258 1637 3327 τὴν
1665 3260 1847 3313 ἐντεῦ-

286 3339 380 3392 θεν
412 3340 680 3410 λοιδορίαν
714 3346 792 3406 είς
819 3344 919 3407 τὰς
969 3345 1182 3415 ἐκείνης
1234 3348 1635 3415 ἀνενεγκόντων
1656 3352 1845 3419 ἀκοάς,

287 3432 383 3484 καὶ
430 3433 520 3484 τὸν
569 3434 948 3501 ἀναφυόμενον
995 3437 1095 3490 ούκ
1139 3437 1424 3493 ἀκίνδυνον
1459 3441 1708 3510 θόρυϐον.
1757 3445 1850 3498 Διὸ

287 3521 382 3571 καὶ
415 3521 676 3587 φιλοθὲων
709 3522 864 3586 ἔνιοι,
898 3525 1101 3579 δειλίαν
1127 3527 1607 3598 ἀποκρουσάμενοι
1640 3535 1842 3599 πᾶσαν,

283 3610 442 3672 ἄλλος
472 3610 629 3664 ἄλλον
662 3613 841 3666 ἀλλοθι
889 3617 989 3682 ⁴ιιῆς
1047 3618 1216 3686 μονῆς
1263 3618 1574 3688 ἀνελόμενοι
1602 3621 1850 3693 κατώρυ-

284 3702 407 3763 ξιν.
440 3704 483 3753 Τ
488 3707 518 3755 ‘1
570 3704 616 3755 δ’
664 3706 756 3758 ἐπὶ
804 3706 1015 3770 τούτοις
1044 3707 1193 3760 ἐστιν
1216 3708 1436 3762 ἀκούειν
1461 3711 1846 3783 διαρκέστερον

283 3793 458 3846 ἄλλων
484 3795 810 3860 διεξιόντων.

359 3971 445 4042 [Ρ.
474 3971 600 4042 465]
631 3972 728 4026 lE'.
776 3973 930 4028 Ἐπεὶ
960 3973 1005 4026 δ’
1034 3974 1061 4026 ό
1087 3976 1150 4027 ὲκ
1175 3974 1275 4042 τῆς
1313 3977 1582 4046 προτέρας
1615 3977 1847 4046 συζύγου

283 4063 399 4131 (9‘2)
433 4064 646 4129 πρῶτος
705 4064 1046 4116 ’Δποκαύκου
1104 4065 1220 4128 υἱὸς
1253 4067 1545 4135 ἐπίτροπος
1595 4063 1664 4138 ἧν
1697 4086 1849 4138 τηνι-

283 4153 464 4204 καῦτα
503 4151 903 4220 θεσσαλονίκης
934 4155 1026 4205 καὶ
1060 4155 1152 4206 τὺν
1178 4155 1272 4207 τοῦ
1299 4156 1500 4225 πατρὸς
1523 4156 1683 4225 φόνον
1707 4160 1847 4229 ἀκὴ-

283 4257 399 4304 κοε,
433 4242 533 4307 τὴν
564 4240 789 4309 γνώμην
823 4242 984 4303 εὐθὺς
1014 4244 1070 4305 ὲς
1101 4245 1556 4315 Καντακουζηνδν
1589 4248 1844 4314 μεταθεῖς

282 4349 373 4383 ναι
407 4332 633 4400 κέκρικε
663 4331 791 4396 δεῖν,
816 4333 907 4385 καὶ
933 4332 1049 4400 ἅμα
1078 4336 1380 4404 συμφέρειν
1406 4337 1485 4398 εἰς
1516 4335 1675 4406 ἔργον
1698 4339 1847 4409 αὐτῷ

279 4424 352 4476 τὰ
390 4425 488 4492 τῆς
518 4423 746 4492 γνώμης
775 4428 1148 4492 προενεγκεῖν.
1177 4427 1337 4479 Ὅθεν
1384 4429 1479 4480 καὶ
1513 4428 1712 4497 τρόπον
1742 4429 1851 4482 λοι-

1951 3251 2192 3322 piscibus
2223 3251 2458 3305 futuros.
2497 3250 2883 3305 Verumtamen
2920 3242 2977 3297 id
3039 3241 3343 3312 perfectum
3407 3257 3518 3295 non

1946 3350 2054 3405 est,
2085 3357 2210 3397 cum
2235 3341 2417 3410 populi
2442 3340 2735 3395 clamorem
2768 3344 2824 3391 et
2864 3333 3109 3390 convicia
3167 3333 3295 3387 hinc
3341 3332 3524 3402 profe-

1947 3441 2054 3496 cta,
2096 3443 2152 3488 et
2216 3441 2530 3501 surgentem
2597 3444 2729 3494 non
2769 3429 2887 3482 sine
2931 3423 3174 3496 periculo
3224 3423 3512 3478 tumultum

1947 3524 2168 3590 quidam
2203 3522 2269 3574 ad
2300 3523 2446 3576 illius
2477 3535 2639 3574 aures
2693 3518 3028 3573 retulissent.
3073 3513 3440 3582 Quamobrem
3465 3523 3524 3570 et

1951 3613 2198 3667 homines
2257 3613 2423 3680 aliqui
2493 3611 2768 3680 religiosi,
2829 3608 2977 3663 omni
3045 3616 3191 3660 metu
3251 3619 3518 3668 excusso,

1948 3704 2087 3756 alius
2115 3704 2282 3756 alium
2316 3703 2416 3756 hac
2440 3702 2563 3755 illac
2594 3717 2689 3770 per
2713 3709 2887 3755 totum
2922 3697 3310 3752 monasterium
3341 3697 3523 3751 subla-

1952 3800 2035 3845 tos
2064 3793 2377 3845 bumavere.
2403 3791 2533 3857 Quas
2557 3805 2688 3844 vero
2722 3789 2847 3843 inde
2907 3794 3203 3841 consecuta
3250 3793 3402 3854 sunt,
3451 3784 3520 3839 ah

1949 3884 2071 3937 aliis
2104 3883 2297 3936 tradita
2328 3883 2547 3951 plenius
2600 3879 2770 3948 accipi
2806 3885 3054 3946 possunt.

2019 3974 2132 4028 ιιν.
2169 3973 2385 4026 Interim
2415 3973 2623 4041 primus
2692 3969 2964 4039 Apocauci
3018 3983 3084 4022 ex
3138 3967 3314 4037 prima
3345 3980 3516 4022 uxore

1951 4043 2118 4122 (ilius,
2172 4079 2293 4116 cum
2345 4061 2746 4116 Thessalonicae
2807 4068 3066 4129 praeesset
3115 4069 3169 4111 ct
3223 4058 3518 4112 violentam

1950 4156 2118 4218 patris
2153 4164 2379 4207 mortem
2412 4152 2742 4213 rescivisset,
2776 4151 3020 4204 animum
3070 4149 3137 4202 ad
3178 4148 3519 4203 Cantacuze-

1951 4260 2081 4296 num
2128 4245 2309 4296 statim
2367 4242 2801 4295 transferendum
2861 4241 2964 4294 sibi
3026 4256 3147 4294 esse
3212 4241 3519 4310 judicavit;

1951 4339 2220 4406 simulque
2252 4338 2506 4406 expedire
2527 4337 2780 4399 credidit,
2828 4335 2879 4388 id
2905 4336 3047 4404 quod
3085 4336 3137 4389 in
3185 4338 3368 4390 animo
3427 4338 3522 4389 ba-

1955 4431 2129 4490 beret,
2161 4444 2216 4481 re
2249 4429 2361 4497 ipsa
2387 4438 2664 4496 praastare.
2718 4428 2795 4481 Ex
2821 4442 2888 4481 eo
2923 4427 3102 4494 itaque
3153 4429 3317 4496 cmpit
3352 4429 3525 4482 me'di-

281 4513 388 4564 πὺν
417 4510 625 4582 ἐζήτει,
651 4513 717 4564 δι’
751 4508 810 4567 οὗ
843 4513 1243 4584 Θεσσαλονίκην
1274 4515 1342 4568 ἂν
1371 4515 1520 4581 αύτῷ
1552 4517 1845 4588 παραδοίη.
1886 4516 1925 4569 D

1886 4516 1925 4569 D
1959 4521 2078 4585 tari,
2105 4536 2209 4586 qua
2253 4521 2464 4574 ratione
2493 4520 2935 4574 Thessalonicam
3003 4521 3076 4573 illi
3119 4520 3418 4574 traditurus
3443 4521 3523 4574 fo-

282 4609 850 4678 Προσεταιρισάμενος
894 4605 989 4662 οὖν
1045 4611 1244 4663 ὁπόσον
1305 4610 1560 4681 ἔκκριτον
1615 4608 1684 4682 ἦν
1746 4613 1848 4681 τῆς

279 4697 683 4765 Θεσσαλονίκης
720 4700 810 4749 τὸν
861 4699 1144 4768 Ἀθηναῖον
1181 4701 1429 4768 μιμεῖται
1461 4700 1852 4768 Πεισίστρατον

280 4791 377 4842 καὶ
414 4789 514 4856 τὴν
561 4789 1000 4842 Θεσσαλονικέων
1051 4795 1327 4860 χειροῦται
1381 4792 1677 4860 ἀκρόπολιν
1712 4793 1849 4862 (95),

279 4879 350 4932 ἵν’
386 4881 595 4932 ἐκεῖθεν
636 4880 709 4942 ὡς
751 4881 808 4945 ἐξ
863 4880 1204 4950 ὁρμητηρίου
1249 4881 1343 4950 τῆς
1401 4881 1644 4950 κεφαλῆς
1685 4900 1853 4934 κατα.-

1963 4620 2064 4664 ret.
2106 4612 2455 4664 Lectissimos
2481 4611 2645 4678 igitur
2662 4627 2906 4680 quosque
2942 4612 3521 4666 Thessalonicensimn

1961 4703 2136 4755 socios
2165 4702 2268 4754 sibi
2303 4701 2567 4770 adjungit,
2585 4711 2640 4755 et
2670 4703 3055 4758 Atheniensem
3087 4704 3237 4756 illum
3276 4703 3522 4758 imitatus

1961 4794 2324 4854 Pisistratum,
2346 4807 2525 4845 arcem
2555 4793 2707 4846 urbis
2737 4793 2962 4856 invadit,
3021 4804 3080 4847 ut
3107 4794 3267 4861 capiti
3315 4810 3524 4848 incum-

1961 4884 2116 4948 bens,
2140 4892 2195 4937 et
2221 4885 2345 4938 inde
2374 4895 2632 4952 tanquam
2661 4885 3306 4948 abstatiuncexcurrens,
3344 4886 3519 4954 ipsunt

1631 4997 1964 5058 Variorum
1993 5005 2177 5059 notua.

357 5095 467 5167 (9%
497 5094 810 5167 lsloannes
840 5099 1168 5166 Apocaucus
1212 5095 1518 5166 appellatur
1563 5112 1592 5151 a
1641 5096 1845 5152 Canta-

276 5165 489 5220 cnaeno
520 5165 617 5219 lib.
650 5182 733 5228 ιιι.
762 5165 1004 5236 οιιιιζθῦ,
1065 5167 1156 5220 ubi
1193 5165 1306 5220 rem
1352 5168 1600 5221 eamdem
1638 5177 1844 5222 narrat.

279 5238 390 5290 Sed
446 5243 501 5288 et
538 5235 731 5306 scribit
783 5235 878 5292 lib.
938 5253 1020 5300 ιιι,
1061 5251 1182 5305 cap.
1234 5237 1324 5299 88,
1386 5237 1523 5290 duos
1576 5238 1847 5306 Apomuci

278 5308 443 5365 lilios.
467 5305 816 5359 stoliditatem
873 5321 1164 5376 moresque
1199 5305 1638 5369 improbissimas
1665 5307 1838 5374 patris

275 5378 638 5432 detestantes.
667 5377 828 5442 paulo
851 5384 978 5429 ante
1007 5376 1177 5440 ipsius
1198 5377 1400 5430 caedem
1424 5379 1490 5429 ad
1513 5376 1687 5444 ipsum
1710 5377 1849 5430 Can-

279 5456 606 5499 tacuzenum
658 5446 961 5500 transiisse.
1012 5447 1248 5500 DUCANG.
1306 5475 1374 5484 —
1411 5445 1567 5498 Ἐπεὶ
1607 5447 1659 5497 δ’
1704 5448 1735 5498 ό
1780 5446 1848 5498 ἐκ

275 5514 390 5582 τῆς
423 5512 708 5580 προτέρας
734 5514 992 5582 συζύγου
1021 5516 1251 5582 πρῶτος
1286 5517 1662 5569 Ἀποκαύκου
1691 5515 1840 5579 υἱός.

275 5586 338 5640 In
370 5584 560 5638 codice
600 5584 767 5653 Regio
816 5585 1017 5652 legitur
1067 5586 1289 5653 quidem
1345 5585 1583 5651 πρῶτος,
1620 5585 1712 5638 sed
1748 5599 1839 5638 su-

277 5670 377 5723 pra
408 5653 667 5723 syllabam
698 5655 820 5720 πρῶ
881 5656 1071 5708 eadem
1127 5671 1287 5709 manu
1335 5655 1601 5723 scriptum
1643 5655 1839 5723 legitur

276 5722 409 5793 τρίέ
439 5722 583 5777 unde
635 5723 862 5777 dubium
918 5733 1001 5776 est
1058 5733 1235 5776 utrum
1291 5725 1376 5778 hic
1426 5722 1716 5793 legendum
1768 5725 1835 5778 sit

276 5794 496 5869 πρῶτος
530 5809 597 5846 an
637 5795 840 5868 τρίτος.
898 5794 1313 5850 Cantacuzcnus
1372 5793 1619 5848 meminit
1671 5794 1833 5847 trium

1954 5099 2129 5153 Alexii
2180 5099 2450 5168 Apocanci
2489 5100 2745 5155 liliornm.
2774 5118 3005 5170 quorum
3037 5100 3176 5153 duos
3215 5101 3335 5155 vivo
3366 5115 3516 5166 patre

1953 5170 2113 5222 aitad
2132 5185 2191 5222 se
2227 5170 2527 5234 transiissc,
2562 5170 2702 5222 Ilist.
2746 5173 2838 5225 lib.
2873 5189 2950 5234 ιιι,
2987 5187 3106 5238 cap.
3133 5170 3234 5231 88;
3273 5173 3514 5235 tertium,

1953 5255 2114 5305 quem
2151 5239 2477 5308 ambigimus
2509 5254 2687 5293 tttrum
2717 5243 3064 5294 maximusan
3096 5241 3354 5294 minimus
3387 5253 3512 5295 natu

1955 5309 2138 5372 fuerit,
2172 5320 2293 5376 post
2323 5311 2496 5374 patris
2549 5319 2775 5362 mortem
2847 5317 2900 5363 in
2949 5325 3076 5362 suas
3125 5324 3303 5377 partes
3340 5320 3516 5365 trans-

1952 5393 2222 5444 gressum,
2259 5395 2288 5432 a
2319 5377 2521 5432 Zelotis
2563 5379 2967 5433 Thessalonice
3000 5381 3397 5448 praecipitatum
3455 5391 3510 5434 ct

1946 5448 2339 5568 gbtruncatum
2399 5459 2605 5513 narrat,
2662 5451 2903 5519 ejusdem
2958 5449 3050 5504 lib.
3085 5465 3202 5518 cap.
3235 5450 3304 5502 93
3334 5459 3390 5504 et
3421 5451 3513 5504 95.

1991 5533 2154 5568 (llVIN.

1991 5533 2154 5569 (llVIN.

2023 5587 2134 5654 (93)
2159 5585 2290 5652 Qua!
2318 5590 2473 5641 πόλει
2498 5589 2609 5641 τινὶ
2647 5589 2788 5642 ἔοικε
2844 5584 3041 5659 μικρᾷ,
3081 5589 3178 5641 καὶ
3218 5591 3515 5658 οἰκήτορας

1950 5657 2112 5715 tam;
2171 5659 2423 5723 habebat,
2490 5659 2668 5728 inquit
2718 5657 3012 5714 Cautacuz.
3088 5675 3207 5728 cap.
3261 5657 3351 5714 υἱ.
3403 5661 3515 5714 υιις

1943 5741 2092 5781 CANG.
