4236 6442
235 365 346 430 985
628 361 703 435 [Α.
747 379 796 418 c.
843 357 1000 434 l3i5]

1254 367 1700 430 ΒΥΖΑΝΤιΝίΕ
1739 368 2122 431 ΙΠΞῙῸΒΙΕ
2161 369 2306 430 LIB.
2353 369 2477 433 XV.

2625 362 2755 440 (tur.
2799 384 2840 422 ι.
2882 381 3118 424 mmet.
3159 366 3213 438 5]

3376 375 3486 441 986

232 481 452 551 ἐφόδους
487 480 627 533 κατὰ
653 479 759 533 τῶν
787 479 1079 550 Θρᾳκικῶν
1108 480 1332 545 πόλεων,
1352 482 1445 536 νῦν
1476 484 1575 551 μὲν
1591 484 1816 536 αύτονο-
1846 485 1892 541 Α

1811 485 1892 541 Ἀ
1921 494 2195 546 latronum
2261 487 2481 542 licentia
2539 488 2784 552 utendo;
2826 503 2968 542 nunc
3014 503 3072 542 se
3120 489 3484 558 Cantacuzeni

240 573 342 644 μία
370 571 639 645 χρώμενοι
693 571 986 645 λῃστρικῇ,
1040 573 1132 625 νῦν
1172 574 1226 626 δὲ
1280 578 1586 644 συμμαχεῖν
1645 591 1812 644 προσ-

234 663 547 734 ποιούμενοι
582 663 1041 735 Καντακουζηνῷ.
1074 667 1261 728 Ὅπως
1309 667 1354 719 δ’
1387 666 1496 735 ἄρα
1539 663 1628 736 ἦν,
1694 667 1809 718 ὲνό-

236 772 364 809 σουν
389 756 442 809 al
487 756 670 818 πόλεις
719 759 812 811 καὶ
853 759 996 826 μάλα
1023 761 1271 827 πονήρως
1306 757 1450 828 εἶχον
1522 759 1810 827 Ῥωμαίοις

231 850 368 901 πᾶσι
393 849 462 902 τὲ
487 850 803 918 πράγματα.
837 848 969 902 Οὔτε
1001 850 1109 921 γὰρ
1155 851 1486 919 ὑποζυγίων,
1520 849 1640 903 οὔτε
1697 867 1812 903 ποι-

239 941 412 1009 μνίων
434 941 586 994 οὐδὲν
624 946 736 1004 τοῐς
760 941 1120 1011 ταλαιπώροις
1143 941 1341 1014 Θρᾳξὶν
1363 943 1655 1005 ἐλέλειπτο,
1686 941 1810 994 οὔτε

232 1031 684 1104 βοῶν’άροτήρων
734 1028 1117 1100 ούδεὶς,διίἶιν
1170 1038 1221 1088 ot
1257 1036 1506 1102 γεωργοὶ
1562 1034 1660 1096 τὰς
1712 1035 1810 1101 τῆς

229 1125 339 1193 γῆς
401 1124 858 1193 ἀναμοχλεύοντες
913 1125 1155 1189 αῦλακας
1210 1131 1300 1180 τὸν
1351 1128 1654 1196 ἡμερήσιον
1717 1126 1812 1177 καὶ

229 1216 526 1281 ἀναγκαῖον
551 1216 932 1286 ικπορέξονται
955 1218 1161 1287 δασμὸν
1209 1221 1275 1288 τῇ
1306 1218 1521 1286 γαστρί.
1565 1216 1810 1272 Κάντεῦ-

229 1308 324 1357 θεν
353 1307 590 1378 ἀσπόρου
624 1325 682 1361 τε
730 1310 1232 1381 καταλελειμμένης
1289 1310 1384 1377 τῆς
1431 1310 1536 1377 γῆς
1592 1312 1684 1360 καὶ
1716 1311 1810 1360 άν-

231 1396 467 1466 ορὡπων
514 1401 726 1469 ἐρήμου
814 1402 1153 1464 παντάπασι,
1227 1403 1323 1454 καὶ
1379 1402 1439 1454 τὸ
1488 1403 1606 1454 ὅλον
1637 1404 1812 1453 εἰπεῖν

231 1489 549 1558 θηριώδους,
588 1492 789 1559 ἀπορία
829 1494 1126 1562 χρημάτων
1156 1495 1410 1561 ὲμάστιζε
1464 1495 1561 1563 μὲν
1615 1493 1812 1555 ίκανῶς

228 1579 323 1631 τὸν
382 1580 601 1650 βασιλέα
650 1585 1097 1655 Καντακουζηνὸν
1131 1627 1145 1649 ,
1197 1590 1476 1656 περιιόντα
1563 1587 1809 1657 Θρᾴκηνο

245 1670 508 1739 ἑμάστιζε
532 1672 578 1725 δ’
603 1675 699 1743 οὑχ
729 1670 894 1746 ἧττον
927 1676 1020 1728 καὶ
1047 1675 1390 1740 Βυζαντίους,
1411 1676 1507 1743 τῆς
1547 1676 1812 1744 βασιλίδος

251 1763 452 1826 Ἀννης
484 1763 697 1830 καίριον
720 1764 872 1816 οὐδὲν
899 1767 1026 1832 περὶ
1078 1766 1174 1834 τὴν
1203 1766 1312 1818 τῶν
1349 1766 1685 1835 πραγμάτων
1719 1781 1812 1833 με·

1923 578 2110 644 copias
2140 580 2457 633 auxiliarios
2481 580 2809 634 simulando.
2836 580 2976 635 Sane
3003 587 3060 633 ut
3087 589 3146 634 ut
3163 590 3302 642 erat,
3333 580 3489 635 labo-

1924 668 2120 722 rabant
2164 668 2356 732 urbes,
2389 679 2446 722 et
2479 685 2602 724 cum
2638 669 2893 724 onmibus
2941 670 3199 724 Romanis
3252 671 3490 738 pessime

1922 763 2206 832 agebatur.
2240 763 2385 818 Nihil
2416 763 2562 817 enim
2610 764 3007 829 iumentorum,
3058 763 3194 816 nihil
3223 777 3484 832 pecorum

1923 853 2250 907 miserrimis
2285 855 2590 908 Thracibus
2625 855 2822 924 reliqui
2857 863 3007 919 eral;
3040 855 3175 908 nihil
3205 869 3272 909 ex
3307 854 3489 908 bubub

1923 947 2256 1008 aratoribus,
2289 963 2524 1014 quorum
2561 961 2725 1014 Opera
2777 947 3029 1016 agricolae
3051 986 3068 1010 ,
3100 955 3358 1015 perrupto
3383 957 3487 999 ter-

1924 1053 1995 1090 ra:
2047 1038 2287 1104 gremio.
2343 1037 2722 1104 quotidianum
2771 1047 2826 1091 et
2871 1040 3239 1092 necessarium
3293 1045 3488 1106 parant

1921 1127 2173 1181 faucibus
2207 1129 2456 1196 vectigal.
2508 1128 2647 1182 Cum
2706 1130 2886 1196 itaque
2921 1128 3084 1199 7‘8
3119 1145 3185 1183 et
3240 1143 3307 1182 eo
3337 1138 3485 1182 terra

1921 1220 2126 1274 inculta
2172 1222 2567 1284 remansisset,
2593 1231 2647 1274 et
2687 1221 2901 1274 colonis
2930 1222 3158 1274 omnino
3193 1234 3394 1282 vacua,
3423 1233 3487 1272 ac

1920 1322 2144 1376 prorsus
2174 1312 2256 1374 (ιιι
2285 1310 2357 1363 ita
2385 1310 2734 1377 diram)fera,
2765 1311 3207 1364 Cantacmenum
3247 1310 3484 1377 impera-

1922 1409 2118 1465 torem,
2155 1402 2407 1469 regiones
2459 1403 2578 1455 illas
2636 1403 3071 1454 circumeuntem
3095 1439 3109 1462 ,
3141 1416 3246 1452 non
3279 1400 3486 1452 medio-

1920 1495 2028 1549 cris
2059 1494 2366 1563 ﬂagellabat
2411 1493 2661 1563 pecunia:
2692 1494 2910 1563 inopia;
2949 1509 3049 1548 nec
3080 1493 3258 1546 minor
3285 1492 3488 1560 Byzan-

1921 1587 2053 1650 tios,
2082 1603 2204 1642 cum
2230 1587 2548 1656 imperatrix
2584 1587 2738 1639 Anna
2771 1585 2906 1639 nihil
2930 1587 3073 1638 circa
3105 1599 3285 1638 rerum
3315 1582 3489 1637 admi-

1921 1680 2302 1734 nistrationem
2362 1689 2672 1748 Opportune
2721 1685 2963 1732 statuere
3016 1686 3108 1730 aut
3173 1683 3357 1744 posset
3391 1685 3489 1727 aut

1920 1771 2122 1834 vellet;
2173 1772 2267 1826 sed
2301 1785 2578 1825 sacrarum
2630 1769 2927 1838 imaginum
2964 1776 3280 1822 ornamenta
3310 1767 3487 1820 licen-

241 1853 408 1927 λετᾷν
462 1852 576 1905 εὖτ’
610 1855 813 1910 εἰδυίας
877 1855 987 1908 οὔτ’
1022 1832 1309 1920 ἐθελούσης
1361 1832 1643 1925 διοίκησινο
1707 1832 1894 1908 άλλ¹Β

1812 1857 1819 1875 ’
1847 1832 1894 1890 Β
1927 1865 2040 1919 tius
2073 1864 2408 1927 detraheret,
2432 1872 2487 1916 et
2527 1861 2630 1916 alia
2660 1861 2948 1925 venderet,
2978 1860 3083 1913 alia
3113 1859 3178 1913 ad
3206 1859 3485 1912 auriﬁcem

233 1926 761 2013 ἀφαιρουμένηςμὲν
789 1947 881 1999 τὸν
903 1948 1007 1999 τῶν
1041 1948 1200 2018 ἱερῶν
1224 1949 1442 2000 εἰκόνων
1465 1950 1665 2016 κόσμον
1698 1947 1822 2000 ἀνέ-

238 2035 360 2106 δην,
401 2037 495 2089 καὶ
522 2037 580 2090 ὃν
600 2037 1126 2110 μὲνὲκποιουμένης,
1158 2042 1215 2094 ὃν
1243 2041 1296 2095 δὲ
1314 2044 1511 2112 χωνείᾳ
1531 2059 1825 2110 παραπεμ-

234 2125 466 2195 πίιύσης·
528 2130 800 2198 προφάσει
829 2131 927 2198 μὲν
952 2131 1041 2183 διὰ
1064 2131 1158 2202 τὴν
1183 2134 1239 2194 ὲς
1265 2134 1332 2184 τά
1361 2133 1512 2185 κοινά
1533 2149 1737 2202 χρειαν,
1762 2132 1823 2184 τό

232 2216 294 2271 δὶ
313 2217 562 2270 πλεῖστον
618 2221 698 2282 είς
731 2222 930 2291 ἑαυτῆς
956 2222 1086 2274 ἴδιον
1111 2222 1323 2292 κέρδος.

307 2311 383 2366 Δ’.
439 2310 624 2363 Ταῦτα
685 2311 730 2363 δ’
752 2312 1096 2382 ἐργαζομένη
1159 2315 1281 2366 οὐδὲ
1336 2314 1429 2367 τοῦ
1462 2315 1818 2384 ⁶ικακουργεῐν

238 2404 508 2472 ἀπέσχετο
538 2404 662 2465 τοὺς
688 2405 950 2470 ἐνδόξους,
985 2406 1076 2457 καὶ
1102 2406 1216 2458 ὅσοι
1250 2407 1549 2476 χρημάτων
1595 2407 1819 2458 οἰκείων

239 2495 530 2566 περιουσίᾳ
600 2495 871 2566 προῦχειν
932 2498 1173 2550 ἐδόκουν.
1226 2498 1365 2552 Δι’ἃ
1415 2499 1479 2568 δὴ
1523 2501 1618 2552 καὶ
1660 2499 1718 2558 ὲς
1756 2498 1818 2550 τὸ

243 2589 387 2655 μέγα
427 2590 520 2638 καὶ
564 2588 889 2656 περιϐόητον
951 2590 1093 2658 ἱερὸν
1137 2590 1238 2659 τῆς
1265 2589 1359 2643 τοῦ
1391 2589 1526 2643 Θεοῦ
1590 2589 1816 2657 Σοφίας.

243 2679 445 2731 ἀσύλου
497 2680 666 2732 πάλαι
721 2683 1042 2752 καταφυγῆς
1125 2683 1462 2752 κεκτημένον
1522 2684 1813 2753 προνόμια,

244 2774 694 2839 καταφεύγοντας
721 2774 989 2826 ἀπέσπων
1025 2774 1127 2842 φεῦ
1154 2773 1401 2844 ἀπηνῶς,
1463 2775 1556 2827 καὶ
1609 2776 1816 2838 πάσαις

248 2863 535 2916 ἀπεὼθουν
560 2864 747 2933 χερσὶν
768 2866 848 2928 είς
887 2865 1110 2936 εἱρκτὴν
1134 2866 1228 2918 καὶ
1259 2865 1425 2935 λήθης
1459 2866 1606 2919 ἅπαν
1649 2867 1815 2934 φάναι

245 2954 538 3022 φρούριον·
596 2955 672 3016 ὠς
699 2955 1143 3021 ἀναγκασθέντας
1165 2956 1271 3026 ἤδη
1299 2956 1484 3009 λοιπὸν
1540 2953 1669 3018 τοὺς
1720 2974 1817 3008 τα-

244 3044 557 3112 λαιπώρους
587 3046 960 3114 (ὲφευρετικδν
996 3047 1103 3116 γὰρ
1137 3043 1275 3100 εἶναί
1324 3051 1458 3116 φασί
1499 3050 1598 3116 τὴν
1646 3049 1814 3112 ἀνάγ-

1927 1957 2169 2010 mitteret
2193 1997 2206 2018 ,
2248 1956 2428 2023 specie
2453 1952 2674 2022 quidem
2701 1993 2716 2017 ,
2768 1963 2827 2007 ut
2872 1952 2924 2004 in
2956 1966 3084 2006 usus
3110 1951 3358 2018 publicos
3382 1949 3486 2002 im-

1925 2049 2226 2118 penderet;
2262 2057 2319 2101 at
2365 2047 2599 2100 maxima
2646 2062 2714 2101 ex
2745 2055 2897 2116 parte
2922 2084 2938 2110 ,
2990 2055 3049 2098 ut
3081 2045 3133 2097 in
3183 2058 3296 2096 rem
3332 2056 3490 2096 suam

1924 2151 2295 2196 εοηιόιίετει.

1992 2325 2079 2381 1V.
2121 2324 2246 2379 Haec
2283 2337 2447 2393 porro
2486 2335 2610 2376 cum
2659 2317 2884 2382 faceret,
2917 2330 2985 2369 ne
3015 2322 3128 2367 tum
3158 2311 3377 2381 quidem
3419 2311 3489 2364 ah

1925 2417 2190 2472 vexandis
2225 2416 2291 2468 iis
2313 2414 2644 2478 abstinebat,
2676 2411 2769 2481 qui
2803 2409 3130 2464 illustriores
3155 2415 3346 2467 erant,
3392 2413 3490 2457 aut

1923 2510 2000 2564 rei
2032 2506 2327 2563 familiaris
2352 2505 2507 2575 copia
2538 2503 2822 2558 abundare
2843 2500 3192 2555 videbantur.
3221 2496 3500 2562 Quocirca-

1919 2613 1975 2656 et
1998 2617 2113 2665 eos,
2139 2599 2233 2669 qui
2266 2597 2332 2651 ad
2367 2611 2622 2666 magnum
2653 2593 3179 2660 celeberrimumque
3210 2586 3505 2656 S.Sophi:e-

1924 2695 2210 2765 templum,
2245 2692 2492 2747 inviolati
2530 2689 2739 2761 jamdiu
2781 2686 3016 2757 perfugii
3059 2682 3361 2754 privilegiis
3395 2696 3487 2734 or-

1920 2796 2135 2850 natum,
2168 2783 2570 2852 confugissent,
2603 2779 2910 2834 avellebant
2945 2778 3050 2830 heu
3098 2774 3394 2829 crudeliter
3425 2788 3491 2826 ac

1921 2878 2053 2931 totis
2087 2875 2301 2928 viribus
2343 2873 2397 2926 in
2431 2885 2708 2926 carcerem
2755 2877 2811 2921 et
2857 2869 2910 2920 in
2959 2864 3258 2934 quamlibet
3301 2865 3384 2932 (ut
3412 2861 3486 2914 ita

1919 2966 2142 3034 dicam)
2194 2963 2400 3020 Oblivii
2441 2976 2618 3016 arcem
2652 2958 3042 3013 dctrudebant.
3084 2954 3269 3009 Coacti
3304 2954 3488 3020 itaque

1921 3058 2110 3115 miseri
2144 3055 2367 3125 (ctenim
2404 3053 2747 3121 ingeniosum
2780 3049 3036 3116 quiddam
3081 3062 3200 3100 esse
3250 3044 3509 3101 necessl'

245 3140 373 3202 κην)
401 3140 456 3198 ἐς
483 3137 540 3188 τὸ
570 3137 659 3189 τοῦ
695 3139 933 3191 Γαλάτου
964 3140 1334 3206 καταφεύγειν
1381 3140 1661 3208 φρούριον,
1718 3139 1816 3206 τῆς
1846 3163 1888 3219 c

1846 3163 1888 3219 ο
1921 3161 2085 3204 tatem
2115 3147 2318 3215 ferunt)
2350 3144 2415 3198 ad
2448 3143 2741 3197 Galataeum
2774 3139 3054 3194 castellum
3078 3135 3501 3208 confugiebant,

247 3229 623 3298 περιστάσεως
654 3229 812 3281 τοῦτο
867 3230 1335 3300 μηχανησαμένης
1387 3231 1446 3294 ἐξ
1507 3230 1815 3297 αὐτομάτου

245 3319 508 3388 φρούριον
532 3319 729 3387 ὀχυρὸν
779 3321 873 3371 καὶ
905 3320 1055 3389 ίεράν
1094 3337 1214 3372 τινα
1251 3320 1500 3390 ἄγκυραν
1538 3322 1630 3372 καὶ
1678 3319 1818 3372 ἄσυ-

244 3410 340 3461 λον
386 3411 552 3472 ὒντως
585 3411 932 3480 καταφυγήν.
987 3411 1176 3463 Καίτοι
1223 3410 1316 3461 καὶ
1369 3409 1669 3481 βαρόάροις
1726 3411 1820 3462 καὶ

245 3498 498 3566 Ἕλλησι,
530 3501 622 3552 καὶ
676 3499 826 3571 πάσῃ
863 3502 932 3570 γῇ
987 3500 1082 3553 καὶ
1147 3501 1412 3572 θαλάσσῃ,
1476 3504 1568 3555 καὶ
1619 3504 1821 3568 πάσαις

245 3595 604 3662 ἡγεμονικαῖς
659 3592 952 3657 ἐξουσίαις,
1028 3594 1334 3663 εἰθισμένον
1377 3595 1465 3648 άεὶ
1519 3597 1590 3648 δι’
1626 3597 1820 3656 αίὼνος

243 3688 429 3741 οἰκτον
463 3685 557 3740 καὶ
583 3685 907 3756 σπλάγχνων
942 3686 1168 3742 τοιαῦτα
1199 3687 1497 3760 κεκτῆσθαι
1528 3688 1818 3757 δείγματα.

247 3781 596 3850 Χριστιανιτς
627 3780 711 3852 [Ρ.
737 3779 865 3851 469]
899 3781 943 3834 δ’
966 3777 1118 3835 οὖσιν
1153 3784 1310 3852 ἡμῖν,
1341 3785 1432 3836 καὶ
1460 3781 1556 3836 νῦν
1587 3782 1820 3853 μάλιστα

247 3871 512 3941 χρῄζουσι
558 3873 653 3939 τῆς
705 3872 895 3941 ὁμοίας
959 3874 1093 3943 πρὸς
1143 3873 1280 3927 Θεοῦ
1336 3876 1625 3946 τυγχάνειν
1685 3894 1824 3946 συμ-

256 3964 485 4033 μαχίας,
516 3964 815 4034 ἀπείρηταί
848 3983 906 4018 τε
933 3968 1027 4019 καὶ
1055 3967 1444 4036 παραλέλυται.

328 4057 402 4109 E'.
426 4056 501 4108 Οὐ
535 4055 696 4124 μόνον
724 4057 802 4119 δὲ,
833 4056 948 4108 ἀλλ’
974 4058 1163 4126 ὥσπερ
1213 4058 1362 4110 κάλω
1422 4058 1682 4128 ῥαγέντος
1731 4060 1824 4112 καὶ

251 4149 503 4215 δόγματα
548 4148 646 4215 τῆς
685 4146 1014 4216 Ἐκκλησίας
1046 4149 1474 4227 άνατὲτραπται,
1541 4150 1635 4202 καὶ
1689 4149 1824 4202 θεῖοι

256 4240 520 4308 ηατὲρων
565 4240 787 4303 κανόνες
828 4242 1189 4308 συγκέχυνται
1214 4245 1304 4293 καὶ
1331 4242 1692 4311 πεπάτηνται.
1748 4243 1825 4293 Δι’

251 4333 290 4387 ἃ.
318 4333 383 4402 δὴ
414 4335 503 4384 καὶ
525 4333 659 4385 αὐτὸ
704 4331 796 4384 τοῦ
825 4332 952 4385 ναοῦ
977 4332 1038 4385 τὸ
1087 4333 1281 4394 κάλλος
1345 4333 1822 4403 ὴκρωτηρίασται,

252 4427 353 4476 καὶ
386 4426 440 4485 ἐς
468 4424 529 4474 τὸ
556 4423 747 4491 ἔδαφος
778 4423 1056 4492 ἔρριπται·
1095 4422 1404 4485 δεικνύντος
1455 4424 1654 4475 οὑτωσὶ
1687 4440 1824 4491 προ-

1924 3244 2039 3310 ipsa
2071 3239 2322 3293 videlicet
2378 3235 2687 3290 calamitate
2737 3239 2930 3299 suapte
2980 3227 3112 3283 illud
3155 3227 3258 3284 sibi
3306 3228 3486 3298 provi-

1923 3335 2108 3395 dente,
2143 3328 2458 3399 praesidium
2481 3325 2696 3378 firmum
2728 3331 2784 3378 et
2815 3335 3022 3377 sacram
3053 3321 3347 3390 quamdam
3381 3334 3484 3376 ιιι-

1924 3439 2110 3479 coram
2145 3433 2200 3475 et
2230 3419 2557 3474 inviolatum
2584 3431 2709 3469 vere
2728 3415 3059 3487 perfugium.
3080 3413 3245 3482 Atqui
3269 3424 3324 3466 et
3352 3411 3486 3465 Bar-

1923 3517 2075 3572 baris
2112 3525 2167 3569 et
2193 3513 2418 3574 Graecis.
2441 3521 2497 3565 et
2523 3512 2670 3567 omni
2697 3520 2854 3564 terra:
2883 3523 2945 3562 ac
2975 3506 3132 3569 mari,
3157 3517 3213 3560 et
3231 3504 3485 3558 omnibus

1924 3607 2169 3674 imperiis
2209 3603 2278 3658 ab
2305 3602 2456 3660 omni
2490 3617 2606 3658 aevo
2639 3601 2808 3655 moris
2833 3599 2954 3664 fuit,
2988 3607 3048 3652 ut
3093 3593 3489 3650 misericordia:

1923 3708 1979 3754 et
2010 3697 2239 3752 allectus
2264 3697 2388 3751 talia
2409 3694 2550 3764 apud
2580 3708 2638 3748 se
2661 3693 2928 3746 haberent
2957 3687 3223 3757 exempla.
3254 3687 3299 3738 A
3326 3685 3488 3740 nobis

1925 3808 2074 3852 vero,
2103 3791 2193 3860 qui
2221 3799 2277 3844 et
2307 3785 2603 3844 Christiani
2644 3798 2852 3847 sumus,
2887 3788 2944 3836 et
2973 3795 3117 3834 nunc
3151 3779 3384 3832 maxime
3421 3777 3487 3830 si-

1925 3883 2040 3938 mili
2072 3880 2314 3935 numinis
2359 3877 2566 3932 auxilio
2604 3875 2930 3944 indigemus,
2974 3871 3108 3926 illud
3141 3869 3494 3924 interdicitur

1925 3972 2090 4043 759
2111 3981 2274 4040 atque
2298 3969 2612 4038 abrogatur.

1998 4064 2060 4118 ν.
2101 4063 2243 4126 Quin
2281 4061 2433 4122 imo,
2495 4067 2746 4124 tanquam
2796 4052 2975 4122 ruptis
3022 4049 3378 4108 retinaculis,
3431 4054 3494 4099 eti

1927 4154 2045 4224 ipsa
2071 4168 2287 4222 quoque
2316 4149 2572 4206 Ecclesia:
2605 4147 2856 4215 dogmata
2885 4149 3232 4202 evertuntur,
3255 4151 3309 4194 et
3331 4153 3488 4192 sacra

1927 4248 2150 4303 Patrum
2183 4243 2492 4313 praescripta
2526 4237 2936 4294 confunduntur
2976 4249 3041 4289 ac
3074 4232 3307 4303 pedibus
3354 4231 3485 4284 sub-

1923 4337 2214 4407 jiciuntur.
2248 4335 2379 4388 Eam
2411 4332 2481 4386 ob
2512 4346 2728 4385 causam
2763 4329 2878 4397 ipsa
2905 4325 3091 4394 templi
3136 4321 3502 4392 pulchritudo

1928 4426 2176 4481 mutilata
2219 4433 2301 4478 est
2331 4432 2387 4476 et
2421 4421 2486 4474 ad
2534 4429 2736 4474 terram
2785 4416 3023 4479 alilicta;
3064 4415 3172 4468 Deo
3204 4414 3377 4481 palam
3410 4412 3495 4465 ita

256 4516 445 4584 φανῶς
472 4514 564 4567 τοῦ
592 4515 731 4568 Θεοῦ
764 4515 856 4567 καὶ
883 4515 971 4568 διὰ
1031 4516 1137 4568 τῶν
1172 4516 1514 4585 φαινομένων
1572 4517 1667 4585 τὴν
1714 4517 1822 4568 τῶν
1859 4538 1900 4596 ο
1928 4543 1929 4548 η

1810 4535 1822 4565 ι
1859 4538 1900 4596 ο
1928 4516 2292 4584 significante,
2342 4520 2397 4566 et
2448 4509 2797 4565 evidentibus
2833 4506 3062 4561 ostentis
3134 4506 3483 4565 declarante,

255 4607 404 4659 οῦτω
459 4608 972 4677 παρανομουμέμων
1026 4606 1351 4677 ὑπερσολὴν,
1407 4608 1499 4658 καὶ
1548 4601 1660 4658 οἷον
1720 4608 1820 4673 τὴν

261 4698 561 4769 μέλλουσαν
594 4697 1107 4767 προαναφωνοῦντος
1138 4699 1231 4751 καὶ
1292 4697 1639 4759 ἀπειλοῦντος
1683 4697 1827 4748 ἐκδί-

259 4807 445 4854 κησιν.
486 4789 594 4842 Καί
624 4779 714 4858 μοί
741 4789 890 4842 δοκεί
946 4789 1035 4842 διὰ
1083 4789 1228 4842 τοῦτ’
1258 4793 1386 4843 ἄνευ
1439 4788 1664 4858 σεισμοῦ
1734 4788 1828 4840 καὶ

261 4883 700 4953 π;ρικλονήσεως
756 4883 860 4950 γῆς
924 4881 1249 4950 γεγενῆσθαι
1303 4881 1362 4932 τὸ
1417 4879 1584 4942 πάθος
1651 4877 1824 4932 τουτί.

1930 4622 2091 4676 quam
2119 4603 2361 4660 enormis
2382 4600 2523 4654 foret
2549 4599 2815 4668 ejusmodi
2843 4598 3114 4666 impietas,
3137 4599 3494 4666 futuramque

1932 4699 2195 4751 ultionem
2218 4693 2374 4764 quasi
2393 4692 2792 4762 pmnuntiantc
2819 4706 2882 4745 ac
2906 4691 3189 4744 minitante
3217 4706 3231 4743 :
3269 4688 3411 4742 unde
3430 4698 3490 4742 et

1934 4788 2137 4842 factum
2191 4795 2342 4856 puto,
2375 4794 2433 4837 ut
2461 4785 2596 4838 citra
2652 4793 2808 4837 terrae
2841 4789 3134 4837 tremorem
3163 4791 3218 4835 et
3242 4779 3495 4850 agitatio-

1937 4892 2062 4932 nem
2085 4877 2265 4931 clades
2296 4876 2385 4929 illa
2417 4874 2706 4928 accideret.

1685 5011 1910 5065 (IAI’UT
1976 5012 2039 5065 ll.

266 5133 533 5213 Temp/um
567 5135 774 5213 Sanctis
813 5134 1033 5213 son/tite.
1073 5151 1176 5213 qua
1211 5143 1370 5213 parte
1391 5136 1640 5188 orientem
1668 5145 1869 5196 spectat
1896 5178 1925 5213 ._
1949 5138 2179 5213 collapsq
2214 5135 2838 5213 hemisp/neriondehiscit.
2897 5134 3026 5201 Ejus
3080 5133 3246 5213 cladis
3293 5133 3512 5213 magni.

341 5204 466 5255 tudo
491 5206 652 5257 verbis
713 5205 1064 5268 ampliﬁcata.
1111 5205 1309 5256 Civium
1341 5222 1619 5257 concursus
1667 5218 1713 5258 et
1759 5209 2120 5270 comploratio.
2152 5204 2395 5272 Ipsarum
2446 5205 2719 5266 nobilium,
2752 5222 2814 5258 ac
2860 5207 2910 5256 in
2963 5206 3145 5267 primis
3189 5203 3513 5270 feminarum-

340 5291 393 5354 i_n
431 5276 765 5354 exportant“:
795 5276 1066 5354 ruderibus
1099 5277 1182 5351 pia
1211 5275 1484 5354 sedulitas;
1517 5274 1923 5354 Sub‘struclumb
1955 5288 2270 5354 tmneratore
2301 5275 2597 5327 Andronico
2644 5275 2986 5341 fundamenta
3031 5276 3239 5325 ruinam
3292 5274 3507 5322 sistunt.

350 5343 441 5394 Rei
484 5343 789 5412 Byzantina:
837 5353 1006 5396 status
1059 5345 1403 5395 miserrimus.
1457 5343 1840 5397 Lacedaemonii
1882 5356 1995 5410 post
2036 5344 2393 5403 Leuctricam.
2451 5345 2670 5396 Romani
2723 5353 2833 5409 post
2885 5344 3204 5398 Cannensem
3255 5355 3504 5412 pugnant.

343 5408 648 5465 mulieribus
707 5432 893 5484 aurum
937 5416 1265 5466 interdixere.
1301 5413 1580 5483 Byzantini
1615 5432 1707 5466 cur
1742 5408 1966 5468 vestibus
1996 5416 2152 5483 pullis
2175 5416 2368 5484 passim
2398 5417 2473 5468 uti
2504 5408 2771 5484 coeperint.
2824 5413 2961 5466 Deus
3008 5415 3271 5466 hominum
3315 5408 3517 5462 morbi:-

355 5485 489 5534 lente
527 5485 780 5536 medetur.
828 5482 1067 5536 Facilius
1095 5484 1320 5550 tctliﬁcat
1350 5482 1503 5553 quam
1536 5487 1778 5538 destruit.

340 5600 419 5653 A'.
462 5602 704 5668 Ἐσπὲρα
740 5602 839 5668 μὲν
873 5600 984 5668 γὰρ
1009 5595 1076 5670 ἦν
1099 5601 1199 5670 ἤδη
1232 5604 1327 5653 καὶ
1352 5603 1576 5671 οὐρανὸς
1605 5604 1834 5674 αἴθριος,

270 5696 398 5762 περί
433 5711 534 5745 που
563 5695 632 5744 τὰ
665 5696 802 5761 μέσα
842 5695 938 5760 τῆς
970 5694 1182 5757 νυκτὸς,
1214 5696 1298 5746 ὅτε
1330 5700 1459 5748 πᾶσι
1497 5699 1594 5765 μὲν
1625 5697 1836 5766 ἀνθρώ-

267 5805 388 5838 πων
435 5785 730 5855 speci/poi;
791 5785 970 5855 βαθεῖς
1024 5786 1392 5856 ληνοὸατοῦσα
1444 5791 1658 5858 κίρνησι
1720 5792 1841 5851 τοὺς

2013 5605 2052 5657 1.
2121 5603 2285 5656 Nocte
2332 5605 2473 5655 enim
2525 5601 2635 5671 jam
2673 5602 2786 5655 fere
2822 5599 3035 5662 media,
3072 5612 3213 5651 emno
3270 5609 3506 5658 sereno,

1942 5714 2065 5750 cum
2098 5697 2370 5752 silentium
2404 5697 2577 5763 ipsum
2618 5696 2869 5748 omnibus
2901 5693 3177 5747 hominum
3221 5688 3394 5742 oculis
3426 5687 3510 5738 in-

1958 5791 2129 5860 vergit
2166 5806 2228 5844 ac
2280 5789 2442 5843 νεικιί
2505 5789 2766 5858 imprimit
2831 5801 3080 5856 soliorem
3139 5781 3459 5838 altissimum
3489 5795 3518 5832 :.
