4236 6442
754 395 860 457 987
1040 387 1118 458 [Αο
1159 401 1216 440 νο
1253 383 1414 446 θδδδν
1455 396 1561 436 Ν)-
1605 377 1698 449 15]
1949 375 2360 438 NlCEPHORl
2407 376 2427 435 t'

2298 375 2360 434 ιιι
2407 375 2787 437 GREGOR/E
3107 372 3240 444 [ηερ.
3276 389 3315 427 ι-
3356 385 3586 426 mm.
3630 371 3687 437 5|
3865 371 3971 434 988

741 526 870 564 cum
899 517 952 564 et
985 508 1109 577 galli
1159 505 1225 560 ad
1273 514 1571 560 nocturnos
1609 512 1804 556 cantus
1853 499 1968 553 alas
2001 513 2221 552 movere
2255 506 2309 550 et
2340 494 2380 549 Ᾱ
2410 498 2414 541 l

2300 507 2309 550 L
2340 494 2380 549 Ᾱ
2410 497 2613 561 ὕπνους
2645 499 2677 568 ἡ
2710 498 2811 566 τῆς
2842 498 3035 560 νυκτδς
3061 499 3262 566 σιωπὴ,
3297 499 3431 566 πρὸς
3464 496 3508 547 δ’
3555 494 3694 566 ᾠδὰς
3723 509 3973 562 νυκτερι-

744 602 1012 671 ingenitas
1061 598 1320 653 buccinas
1371 594 1644 650 modulate
1670 591 1860 647 inﬂare
1895 589 2300 647 meditantur.e
2402 610 2417 645 η

2402 592 2500 652 νὰς
2523 588 2879 658 ἀλεκτρυόνες
2911 590 3007 650 τάς
3064 605 3124 640 τε
3166 587 3449 656 πτέρυγας
3511 586 3682 639 κινεῖν
3719 583 3814 636 καὶ
3874 580 3975 641 τάς

745 702 983 760 quatuor
1012 691 1116 744 illis
1145 689 1382 743 arcubus
1405 730 1418 752 ,
1451 686 1594 739 cmlo
1625 699 1763 753 pene
1799 683 2028 736 dixerim
2064 680 2296 740 aamulis.
2405 684 2418 736 ί

2405 682 2680 753 ἐμφύτους
2734 682 3044 750 σάλπιγγας
3091 680 3327 748 ἀνοίγειν
3375 676 3634 747 ἐμμελῶς
3681 674 3977 745 μελετῶσι,

747 800 891 838 unus
918 824 932 844 .
963 784 1160 837 orienti
1199 797 1393 850 nempe
1447 779 1744 841 obversus,
1774 775 2086 843 procubuit,
2115 787 2300 826 secum
2403 793 2420 828 π

2403 776 2501 828 καὶ
2521 774 2822 843 τηνικαῦτα
2867 772 3159 825 πέπτωκεν
3199 773 3231 842 ὴ
3261 773 3356 840 μία
3380 770 3490 823 τῶν
3519 766 3775 839 αίθερίων
3805 767 3979 834 φάναι

745 875 969 928 trahens
1005 885 1060 928 et
1082 873 1270 927 eadem
1297 873 1451 925 ruina
1495 869 1796 928 involvens,
1825 879 2162 936 quaecunque
2206 865 2304 918 he-
2401 883 2418 919 ιι

2401 865 2674 932 τεττάρων
2712 864 2915 933 ἀψίδων
2954 863 3054 936 (ϐ),
3090 866 3123 932 ἡ
3167 863 3304 932 πρδς
3330 861 3483 933 ἥλιον
3525 861 3817 928 ἀνίσχοντα
3852 856 3979 925 βλέ-

3107 372 3240 444 [tum
3276 389 3315 427 ι.
3356 385 3586 426 ωιεοι.
3630 368 3687 437 5|

749 965 1121 1034 misphazrium
1154 962 1632 1033 superimpositum
1670 960 1966 1013 fn‘lcicbant
1994 975 2007 1012 :
2038 967 2200 1026 atque
2232 959 2303 1011 ita

747 1057 926 1109 deleta
960 1068 1089 1108 sunt
1111 1096 1123 1113 .
1161 1070 1279 1123 quae
1308 1055 1359 1106 in
1394 1054 1607 1106 bmnate
1636 1052 1860 1120 pulchra
1888 1051 2102 1103 inerant
2135 1057 2188 1102 et
2223 1065 2308 1102 rc-

746 1144 1000 1208 comlita;
1031 1143 1244 1197 deletus
1263 1151 1348 1196 est
1375 1156 1650 1196 sacrarum
1693 1139 1986 1209 imaginum
2023 1140 2169 1192 nitor
2197 1154 2212 1202 ;
2250 1146 2305 1190 et

747 1237 921 1305 gratia
949 1237 1036 1288 illa
1071 1236 1270 1303 ubique
1296 1234 1492 1287 ditl‘usa
1545 1233 1690 1287 brevi
1737 1232 1984 1295 evanuit,
2012 1229 2177 1284 veluti
2207 1230 2305 1282 llos

753 1331 806 1381 in
834 1344 982 1397 agro,
1012 1337 1102 1382 aut
1134 1344 1254 1383 rosa
1285 1331 1338 1382 in
1373 1330 1548 1391 horto,
1591 1328 1808 1398 quando
1837 1327 1922 1382 vel
1959 1327 2168 1381 locusta
2219 1325 2303 1379 vel

753 1419 1047 1486 improvisa
1077 1435 1241 1475 eruca
1274 1421 1456 1474 statim
1491 1419 1799 1473 incurrerit.
1858 1418 1952 1472 Illa
1997 1435 2123 1473 vero
2145 1459 2158 1483 ,
2189 1435 2309 1488 qua!

752 1512 1037 1566 columnas
1095 1527 1274 1566 sacras
1321 1511 1585 1565 vestiebat
1617 1526 1682 1565 ac
1711 1511 2118 1582 distinguebat,
2148 1527 2309 1565 Omne

754 1606 1011 1658 aemulum
1039 1619 1178 1673 opus
1210 1619 1558 1674 supergressa
1588 1604 1790 1657 Phidiae
1814 1605 2111 1672 sculptura,
2142 1603 2309 1658 etl‘usa

755 1695 980 1747 omnino
999 1704 1056 1748 et
1082 1694 1258 1750 deleta
1277 1707 1380 1758 est,
1407 1694 1784 1750 minutissimis
1817 1694 2044 1748 calculis
2065 1710 2314 1761 exmqua-

2404 973 2601 1019 πουσα,
2636 956 3081 1025 συνεφελκύσασά
3122 972 3183 1007 τε
3214 954 3310 1008 καὶ
3359 950 3776 1022 συγκαθελοῦσα
3807 949 3980 1017 ἐαυτῇ

2405 1048 2501 1101 καὶ
2527 1049 2649 1100 ὅσον
2683 1047 2971 1117 ὑπήρειδεν
3013 1047 3041 1099 δ
3073 1045 3384 1115 ἐπεκάθητο
3433 1041 3820 1112 ήμισφαίριονο
3883 1041 3984 1094 καὶ

2405 1139 2789 1207 συντέτριπται
2831 1137 2930 1207 μὲν
2953 1138 3020 1190 τὰ
3047 1137 3398 1206 κρυπτόμενα
3457 1134 3625 1203 κάλλη
3666 1131 3764 1185 τοῦ
3797 1131 3983 1200 βήμα-

2406 1246 2516 1292 τος.
2561 1230 2953 1298 Συντέτριπται
3003 1226 3050 1280 δ’
3081 1227 3239 1281 ὁτῶν
3293 1225 3454 1278 θείων
3505 1224 3731 1278 ἐκείνων
3775 1223 3985 1289 κόσμος

2407 1320 2651 1373 είκόνωνο
2699 1319 2816 1388 ἠδέ
2869 1319 2957 1372 διά
2993 1317 3208 1371 πάντων
3261 1317 3474 1385 ἥκουσα
3522 1315 3682 1384 χάρις
3725 1313 3985 1366 ἔσϐεσται

2407 1412 2568 1481 ταχὺ,
2598 1411 2844 1480 καθάπερ
2878 1410 3036 1472 ἀνθος
3075 1410 3133 1462 ἐν
3162 1408 3316 1475 ἀγρῷ
3346 1408 3441 1460 καὶ
3467 1407 3620 1475 ρόδον
3643 1408 3701 1459 ἐν
3725 1403 3982 1473 λειμῶνι,

2407 1505 2556 1558 ὁπότ’
2570 1504 2730 1576 ἀκρὶς
2752 1504 2846 1557 καὶ
2863 1503 3056 1573 κάμπη
3075 1518 3157 1564 τις
3175 1501 3434 1570 ἀδόκητος
3451 1500 3516 1553 ἀθ
3526 1500 3645 1570 ρόον
3666 1499 3980 1568 ἐπιδράμοι.

2420 1597 2482 1650 'll
2516 1597 2571 1650 δέ
2598 1597 2725 1660 τοὺς
2766 1595 2942 1665 ἱεροὺς
2975 1596 3212 1657 ἐκείνους
3243 1594 3428 1655 κίονας
3460 1591 3876 1661 περιελίττουσά
3920 1607 3984 1642 τε

2411 1689 2506 1741 καὶ
2565 1688 2914 1741 ποικίλλουσα
2953 1688 3046 1739 καὶ
3083 1686 3288 1738 νικῶσα
3318 1684 3377 1737 τὸ
3416 1682 3785 1753 ἁμιλλώμενον
3837 1683 3985 1735 ἅπαν

757 1795 833 1838 ta.
868 1784 1174 1840 Conciones
1222 1799 1425 1851 autem,
1455 1794 1511 1840 et
1552 1795 1874 1851 conventus,
1903 1795 1956 1839 et
1987 1803 2107 1855 quae
2152 1785 2314 1857 750
2349 1853 2379 1857 _
2411 1783 2430 1833 4

2312 1807 2314 1836 ι
2349 1853 2379 1857 _
2411 1781 2618 1834 Φειδίου
2647 1778 2938 1846 λαξευτικὴ
2970 1778 3328 1830 παντάπασιν
3362 1774 3536 1844 ἐρρύη
3581 1790 3640 1824 τε
3673 1773 3770 1824 καὶ
3825 1773 3985 1824 ἐσϐε-

759 1876 1008 1930 solebant
1055 1877 1239 1931 haberi
1275 1876 1384 1930 illic
1427 1876 1624 1931 diebus
1668 1885 1724 1931 et
1763 1853 2018 1931 noctibus
2039 1853 2316 1947 perpetuis
2348 1853 2388 1906 Β
2421 1886 2432 1919 <

2310 1894 2316 1930 ι
2348 1853 2388 1906 Β
2421 1885 2565 1929 σται,
2591 1865 2892 1935 λεπτότητα
2925 1863 3284 1935 μιμησαμένη
3314 1862 3585 1932 ψηφίδων.
3631 1861 3983 1930 Πανηγύρεις

761 1968 1062 2022 dialectica:
1113 1968 1537 2038 theologicaeque
1586 1967 2023 2037 disputationes,
2075 1967 2314 2022 studium

760 2077 918 2114 suum
953 2061 1005 2114 in
1043 2060 1320 2114 silentium
1349 2075 1460 2128 pra:
1491 2070 1714 2127 stupore
1743 2068 2044 2113 verterunt.
2076 2058 2144 2112 Et
2171 2073 2317 2113 nunc

762 2152 1034 2205 theatrum
1085 2149 1214 2203 illud
1247 2150 1500 2203 universo
1530 2149 1652 2201 orbi
1681 2163 1968 2202 commune
1988 2188 2003 2212 ,
2042 2146 2316 2216 iucundus

759 2243 939 2297 omnis
975 2243 1174 2310 linguae
1200 2256 1402 2304 sermo.
1431 2240 1803 2294 dulcissimum
1834 2240 2063 2293 auribus
2090 2240 2317 2308 quibus-

708 2369 714 2376 η
760 2335 896 2387 libet
949 2349 1219 2397 murmur,
1256 2333 1590 2400 inaspectum
1630 2338 1768 2384 astat
1818 2330 2226 2399 spectaculum,
2262 2337 2317 2384 et

759 2425 1008 2492 quaedam
1036 2423 1184 2477 velut
1211 2423 1464 2476 columna
1495 2421 1731 2474 animata
1778 2421 2092 2490 tragmdiam
2139 2419 2318 2474 medio

761 2530 885 2569 aere
919 2515 1166 2579 exhibet,
1193 2515 1466 2580 totiusque
1489 2513 1637 2566 orbis
1668 2513 1929 2581 lacrymas
1959 2511 2091 2577 ciet;
2126 2520 2182 2564 et
2223 2525 2320 2565 ore

763 2607 920 2674 quasi
977 2623 1076 2676 per
1114 2607 1330 2660 culmen
1377 2620 1611 2671 superne
1646 2603 1888 2666 diducto,
1931 2602 2033 2656 soli
2072 2611 2127 2657 et
2159 2603 2321 2657 astris

765 2698 1045 2765 indignum
1076 2698 1285 2751 facinus
1318 2697 1487 2764 palam
1509 2695 1834 2759 annuntiat;
1866 2695 2059 2748 malum
2085 2694 2319 2762 denique

764 2795 974 2840 tantum
1005 2803 1112 2840 non
1146 2795 1337 2841 testem
1373 2786 1616 2846 advocat,
1650 2793 1704 2838 et
1744 2784 2060 2853 prophetica
2091 2783 2178 2836 illa
2213 2783 2320 2838 Deo

768 2877 969 2929 occinit
1020 2895 1032 2928 :
1094 2894 1111 2925 ι
1169 2875 1290 2927 Filii
1327 2873 1515 2927 matris
1551 2888 1682 2925 mem
1716 2880 2090 2941 pugnaverunt
2131 2879 2319 2924 contra

768 2981 853 3016 tne
891 2979 904 3015 :
949 2972 1339 3031 percusserunt
1369 2976 1475 3023 me,
1526 2961 1956 3013 vulneraverunt
1985 2975 2110 3024 me;
2143 2968 2196 3014 et
2227 2975 2321 3014 su-

768 3054 955 3122 perbia
1015 3068 1226 3116 eorum,
1279 3052 1373 3120 qui
1424 3053 1660 3105 oderunt
1716 3065 1838 3110 me,
1900 3051 2144 3106 ascendit
2177 3065 2322 3106 sem-

769 3160 887 3212 per.
928 3162 946 3194 ι

844 3247 909 3301 ll.
941 3246 998 3301 ld
1030 3262 1152 3300 cum
1185 3246 1258 3299 ita
1287 3244 1610 3310 accidisset,
1642 3252 1892 3298 manante
1933 3244 2113 3298 statim
2162 3243 2328 3306 fama,

772 3348 829 3394 et
877 3353 972 3407 per
1003 3346 1170 3391 totam
1198 3335 1389 3390 urbem
1451 3350 1611 3389 mane
1665 3334 2038 3400 disseminata,
2083 3337 2257 3401 major
2280 3341 2336 3386 et

776 3429 986 3482 clamor
1011 3438 1066 3480 et
1092 3427 1275 3481 luctus
1295 3427 1562 3479 excitatus
1592 3435 1697 3490 est,
1731 3439 1900 3493 quam
1932 3425 2062 3477 olim
2103 3423 2331 3486 exstitit,

774 3536 894 3572 cum
942 3518 1194 3588 Assyrius
1258 3517 1770 3579 Nabuchodonosor,
1815 3516 2029 3585 Solyma
2091 3514 2334 3568 funditus

774 3625 986 3671 eversa,
1029 3607 1360 3662 Salomonici
1391 3621 1607 3675 quoque
1641 3605 1827 3673 templi
1878 3603 2333 3675 magniﬁcentiam

775 3701 942 3754 diruit
969 3709 1131 3768 atque
1161 3699 1400 3754 sustulit.
1430 3697 1627 3753 Omnia
1655 3697 1839 3766 itaque
1870 3706 1922 3751 et
1960 3705 2096 3752 tecta
2131 3706 2187 3750 et
2219 3695 2332 3749 fora

785 3801 842 3844 ct
875 3792 1086 3844 theatra
1131 3789 1549 3851 deserebantur,
1579 3787 1836 3841 omnibus
1868 3787 1935 3841 ad
1986 3787 2130 3840 illius
2167 3785 2336 3841 cladis

777 3882 1155 3950 spectaculum
1209 3880 1499 3934 confestim
1557 3877 1976 3932 accurrentibus
2013 3893 2027 3930 :
2068 3884 2125 3929 et
2175 3892 2336 3931 nemo

775 3981 892 4026 erat
941 3972 1026 4026 cui
1070 3971 1214 4024 aliud
1247 3969 1544 4038 quidquam
1585 3982 1726 4021 cura:
1779 3964 2124 4036 impcnsioris
2152 3974 2333 4028 esset,

783 4063 929 4132 quod
962 4062 1028 4116 ab
1054 4060 1233 4115 otlicio
1269 4061 1359 4113 illo
1391 4067 1572 4128 posset
1601 4073 1852 4111 avocare.
1881 4055 2207 4111 Circutnt‘usi
2243 4055 2339 4123 igi-

780 4165 873 4207 tur
900 4164 957 4207 et
988 4151 1271 4207 lamentati
1329 4165 1538 4213 omnes,
1568 4158 1830 4219 quantum
1886 4162 1983 4215 par
2025 4155 2162 4209 erat,
2213 4161 2339 4199 mox

780 4244 1044 4300 inclinato
1071 4255 1302 4311 corpore
1329 4239 1614 4293 materiem
1649 4246 1706 4291 et
1729 4236 1927 4290 rudera
1961 4235 2337 4303 exportabant;

780 4351 883 4390 nec
914 4344 1028 4387 tum
1052 4333 1338 4401 quisquam
1379 4345 1443 4384 ex
1473 4328 1729 4383 omnibus
1757 4336 1877 4380 erat
1908 4325 2166 4380 immunis
2192 4341 2206 4388 ;
2239 4339 2340 4379 nec

781 4426 855 4480 ibi
912 4426 1135 4479 divitem
1174 4438 1204 4476 a
1237 4435 1472 4491 paupere
1510 4419 1884 4481 discerneres,
1935 4430 2034 4470 nec
2074 4416 2337 4469 illustrem

2419 1959 2472 2011 δὲ
2503 1959 2597 2012 καὶ
2636 1955 2915 2024 ξυναυλίαι
2947 1957 3041 2008 καὶ
3071 1954 3295 2024 ἅμιλλαι
3325 1954 3576 2023 συνήθεις
3604 1953 3738 2017 ἐκεῖ,
3765 1952 3988 2019 λογικαί

2418 2067 2475 2102 τε
2505 2049 2596 2101 καὶ
2624 2046 2789 2118 ἱεραὶ,
2847 2042 3131 2113 παννύχιοί
3185 2060 3245 2096 τε
3291 2043 3387 2095 καὶ
3438 2041 3792 2112 πανημέριοι,
3847 2040 3991 2108 πρὸς

2421 2140 2663 2205 ἀφωνίαν
2679 2137 3024 2206 μετήνεγκαν
3041 2136 3140 2204 τὴν
3155 2134 3387 2205 σπουδὴν
3407 2133 3496 2186 ὑπ’
3521 2132 3856 2199 ἐκπλήξεως.
3881 2132 3991 2184 Καὶ

2418 2231 2512 2285 νῦν
2532 2230 2615 2302 [Ρ.
2634 2228 2759 2300 ΠΟ]
2773 2233 2832 2282 τὺ
2856 2228 3198 2295 παγκόσμιον
3213 2226 3460 2297 θέατρον,
3475 2225 3722 2292 τδπάσης
3742 2222 3993 2292 γλώττης

2417 2321 2649 2390 τερπνδν
2695 2321 2983 2389 ἀφήγημα,
3018 2319 3045 2370 ὁ
3075 2316 3256 2386 πάσης
3293 2316 3465 2382 ἀκοῆς
3483 2313 3686 2381 γλυκὺς
3721 2310 3984 2379 θόρυϐος,

2414 2414 2647 2486 ἀόρατον
2679 2415 2876 2484 ἕστηκε
2907 2412 3108 2482 θέαμα,
3150 2412 3247 2465 καὶ
3296 2409 3465 2479 στήλη
3514 2425 3599 2470 τις
3646 2402 3759 2459 οἷον
3812 2405 3995 2474 ἐμψυ-

2419 2486 2511 2575 io;
2531 2508 2600 2560 δι’
2625 2505 2841 2576 αἰθέρος
2865 2504 3168 2571 ’ποιουμένη
3194 2502 3291 2572 τὴν
3316 2499 3645 2570 τραγῳδίαν,
3680 2498 3779 2552 καὶ
3811 2499 3996 2565 πάσης

2421 2596 2523 2664 γῆς
2547 2595 2962 2664 προκαλουμένη
3013 2592 3244 2661 δάκρυα,
3311 2590 3404 2642 καὶ
3431 2588 3616 2656 ῶσπερ
3671 2587 3848 2655 στόμα
3907 2585 3999 2637 διὰ

2421 2687 2522 2754 τῆς
2550 2686 2751 2755 ὀροφῆς
2780 2687 2888 2740 ἀνω
2911 2684 3139 2754 διάρασα
3170 2681 3480 2752 περιφανῶς
3495 2680 3632 2750 ἡλίῳ
3659 2682 3753 2732 καὶ
3793 2677 4000 2746 ἄστρα·

2424 2794 2476 2829 σι
2506 2776 2603 2845 τὴν
2634 2775 2849 2829 ἀδικίαν
2873 2772 3292 2842 προσαγγέλλει,
3318 2769 3564 2830 καὶτοὺς
3600 2768 3863 2837 οὐρανοὺς
3902 2783 4003 2834 μο-

2422 2865 2632 2935 νονουχὶ
2662 2864 3113 2932 προσκαλουμένη
3149 2862 3432 2930 μάρτυρας
3463 2860 3645 2910 ἐκεῖνα
3698 2857 3762 2925 δὴ
3791 2857 3861 2907 τὰ
3889 2857 4002 2906 τῶν

2423 2957 2714 3028 προφητῶν
2731 2956 2974 3025 περιᾴδει
3000 2953 3134 3023 πρὸς
3155 2954 3376 3022 Κύριον·
3401 2950 3545 3003 «Υἱοὶ
3575 2949 3777 3018 μητρὸς
3805 2963 3907 3013 μου
3920 2945 4000 3014 (7)

2425 3048 2760 3116 ἐμαχέσαντό
2783 3063 2868 3115 με’
2897 3044 3175 3108 ἐπάταξαν
3215 3060 3302 3112 με,
3331 3040 3740 3112 ἐτραυμάτισαν
3779 3054 3870 3108 με·
3903 3040 4003 3089 καὶ⁵

2427 3142 2460 3210 ή
2487 3140 2830 3209 ὒπερηφανία
2853 3138 2962 3192 τῶν
2988 3137 3288 3207 μισούντων
3325 3153 3390 3204 με
3421 3134 3591 3203 ἀνέὸη
3614 3133 3704 3186 διά
3731 3133 3958 3192 παντός.
3979 3148 3998 3180 ι

2505 3230 2581 3286 B’.
2613 3231 2830 3284 Τούτων
2885 3230 2929 3283 δ’
2953 3230 3092 3283 οὕτω
3152 3226 3597 3296 ωμὸεόηκὸτων,
3662 3223 3764 3292 τῆς
3811 3224 4006 3291 φήμης

2433 3323 2602 3376 ἔωθεν
2628 3322 2848 3392 ῥυείσης
2876 3320 2972 3373 καὶ
3002 3318 3104 3371 ἀνὶ
3157 3320 3337 3370 πᾶσαν
3369 3313 3706 3382 διαδοθείσης
3769 3311 3868 3381 τὴν
3902 3312 4005 3364 πό-

2434 3414 2536 3480 λιν,
2564 3413 2660 3484 βοὴ
2691 3413 2784 3466 καὶ
2807 3411 3003 3482 θρῆνος
3032 3409 3281 3478 ἠγείρετο
3307 3406 3504 3475 μείζων
3527 3406 3602 3475 (8)
3649 3406 3682 3472 ἢ
3708 3405 3828 3457 κατ’
3859 3405 4005 3456 ἐκεῖ·

2436 3525 2524 3562 νον
2553 3507 2642 3560 τόν
2685 3505 2872 3570 πάλαι,
2902 3503 3065 3556 ὁπότε
3116 3499 3590 3569 Ναϐουχοδονόσορ
3624 3499 3653 3550 ό
3693 3496 4004 3566 Ἀσσύριος,

2435 3599 2601 3668 ἄρδην
2633 3595 3220 3666 ἐξανδραποδισάμενος
3264 3590 3656 3661 Ἰερουσαλὴμ,
3712 3587 3850 3658 ὁμοῦ
3910 3589 4008 3641 καὶ

2433 3691 2607 3745 τὸτοῦ
2647 3686 3044 3758 Σολομωντείου
3080 3685 3187 3737 νεὼ
3243 3682 3460 3736 καθεῖλέ
3487 3698 3547 3734 τε
3596 3681 3693 3733 καὶ
3722 3680 4007 3750 ἀφῄρηται

2435 3779 2608 3840 κλέος.
2649 3775 2960 3830 Ἐκενοῦντο
2987 3771 3345 3826 τοίνυνοίκίαι
3373 3770 3543 3822 πᾶσαι
3568 3767 3661 3820 καὶ
3691 3767 3894 3836 ἀγοραὶ
3912 3768 4007 3819 καὶ

2437 3869 2662 3938 θέατρα,
2695 3868 2789 3919 καὶ
2809 3866 3009 3926 πάντες
3046 3863 3138 3916 ἐπὶ
3169 3861 3265 3931 τήν
3294 3859 3425 3913 θέαν
3443 3857 3538 3912 τοῦ
3570 3857 3781 3919 πάθους
3809 3857 4009 3924 ἀθρόον

2439 3955 2672 4020 ἐξέθεον·
2707 3953 2803 4005 καὶ
2830 3951 3006 4012 οὐδεὶς
3043 3944 3134 4019 ἦν,
3193 3950 3300 4016 ὅτῳ
3329 3945 3788 4015 προύργιαίτερον
3815 3945 4009 4012 ἕτερον

2435 4040 2504 4114 ἦν
2536 4043 2644 4095 τῶν
2679 4041 2953 4102 ἁπάντων,
3009 4038 3039 4090 δ
3069 4038 3166 4100 τῆς
3196 4033 3429 4100 σπουδῆς
3465 4030 3843 4101 ἀπασχολῆσαι
3878 4029 4011 4082 τειύ⁹

2438 4132 2617 4202 τηςάν
2659 4129 2934 4198 δυνηθείη.
2984 4124 3346 4195 Περιστάντες
3377 4120 3472 4174 οὖν
3525 4121 3622 4173 καὶ
3661 4119 4012 4186 ἀπολοφυρά-

2444 4240 2593 4292 μενοι
2617 4222 2814 4282 πάντες
2839 4220 3035 4272 ὁπόσον
3063 4217 3232 4279 εἰκὸς,
3280 4214 3468 4267 ἔπειτα
3503 4211 3779 4280 κύψαντες
3811 4211 4011 4278 ἐξεφό-

2443 4332 2570 4386 ρουν
2590 4313 2689 4383 τὴν
2735 4311 2869 4380 ὓλην
2911 4310 3020 4363 τῶν
3072 4307 3350 4378 ἐρειπίων·
3384 4306 3481 4359 καὶ
3542 4300 3612 4375 ἦν
3661 4303 3834 4366 οὐδεὶς
3899 4302 4013 4355 τῶν

2441 4409 2697 4462 ἁπάντων
2747 4405 2883 4467 τέως
2945 4401 3260 4471 ἀξυντελήςο
3304 4399 3413 4452 ούδ⁹
3437 4394 3507 4468 ἦν
3551 4398 3671 4451 tu!
3715 4395 4014 4462 διακρίνειν

781 4516 851 4568 ab
877 4516 1132 4576 obscuro,
1163 4525 1266 4565 nec
1297 4509 1453 4580 751
1479 4521 1694 4561 servum
1730 4521 1758 4558 a
1786 4505 2027 4567 domino,
2054 4518 2157 4558 nec
2185 4501 2338 4556 nobi—
2367 4507 2414 4568 ι)
2441 4513 2454 4546 1

2367 4494 2690 4568 υπλούσιον
2769 4495 2834 4545 ἐκ
2913 4491 3156 4559 πενήτων
3230 4487 3341 4541 οὐδ’
3425 4484 3486 4549 ἐξ
3564 4482 3766 4547 ἀδόξων
3863 4481 4014 4534 ἐνδο-

780 4605 885 4660 lem
925 4604 993 4659 ab
1019 4602 1202 4674 operis
1235 4597 1604 4656 mercenariis.
1629 4595 1734 4651 Sed
1767 4595 1821 4648 in
1850 4594 2102 4649 eumdem
2125 4591 2338 4647 ardoris

783 4696 1045 4762 impetum
1080 4692 1324 4748 omnium
1351 4688 1552 4759 pariter
1573 4686 1820 4741 voluntas
1840 4684 2194 4739 coalescebat.
2218 4682 2337 4737 Mu-

782 4786 980 4840 lierum
1013 4794 1194 4839 tamen
1249 4781 1512 4836 sedulitas
1556 4778 1730 4832 multo
1771 4778 1944 4846 major
1971 4791 2133 4846 quam
2165 4775 2340 4829 homi-

784 4892 912 4929 num
946 4877 998 4928 in
1031 4873 1280 4930 navanda
1318 4885 1484 4940 Opera
1513 4869 1636 4923 t‘uit.
1685 4867 1900 4923 Etenim
1949 4867 2053 4921 illa:
2077 4905 2092 4928 .
2147 4874 2335 4935 utpote

782 4982 914 5020 sexu
967 4964 1034 5018 ad
1085 4964 1310 5019 uberem
1365 4961 1728 5031 lacrymarum
1783 4957 1889 5010 vim
1944 4955 2334 5026 propensiore,

785 5058 934 5124 largo
965 5057 1182 5110 demum
1229 5053 1356 5107 t‘letu
1391 5052 1588 5105 lateres
1633 5065 1696 5105 ac
1733 5048 1942 5119 lapides
1971 5047 2093 5101 illos
2119 5061 2336 5114 resper~

783 5150 997 5218 getiam;
1023 5144 1258 5200 humeris
1279 5143 1472 5198 deinde
1487 5140 1858 5210 imponebant,
1878 5139 2189 5206 neutiquam
2209 5144 2339 5190 tunc

785 5237 1027 5290 sollicitae
1066 5237 1133 5289 de
1175 5233 1505 5303 sumptuosis
1530 5229 1884 5293 vestimentis,
1912 5243 2032 5296 qua:
2063 5234 2117 5280 ct
2141 5225 2344 5278 lacera-

787 5329 881 5382 bat
912 5337 964 5382 ct
993 5328 1216 5396 pulvere
1269 5324 1524 5394 opplebat
1571 5334 1682 5376 tum
1723 5319 1947 5376 confusa
1974 5318 2062 5373 illa
2094 5315 2343 5376 materia.

2443 4588 2532 4653 ξον
2559 4625 2575 4651 ,
2649 4582 2757 4637 οὐδ’
2830 4583 2892 4635 ἐκ
2969 4580 3228 4633 δεσπότου
3295 4575 3480 4630 δοῦλον
3508 4617 3524 4640 ,
3584 4576 3646 4628 οὐ
3757 4572 3916 4642 μέντ’
3947 4572 4015 4625 ἂν

2443 4675 2555 4729 οὐδ’
2591 4676 2655 4728 ἐκ
2696 4671 2982 4741 βαναύσων
3013 4667 3230 4736 εὐγενῆ.
3270 4665 3430 4720 Ἀλλά
3459 4663 3597 4735 πρὸς
3629 4661 3758 4732 μίαν
3814 4661 4015 4729 ἐπίσης

2443 4765 2764 4834 ἀνεκίρνατο
2806 4762 3021 4816 πάντων
3052 4761 3084 4828 ὴ
3122 4758 3373 4826 πρόθεσις
3411 4755 3572 4823 ζήλου
3621 4752 3811 4822 φοράν.
3871 4752 4014 4805 Πολύ

2447 4872 2511 4923 γε
2549 4857 2657 4923 μὴν
2681 4851 2787 4904 τῶν
2809 4849 3017 4918 ἀνδρῶν
3067 4848 3101 4917 ὴ
3131 4846 3240 4899 τῶν
3295 4843 3571 4913 γυναικῶν
3609 4842 3901 4909 ὑπερεῖχεν
3935 4842 4017 4903 είς

2441 4946 2671 5016 τοῦργον
2717 4942 2949 5012 σπουδή.
2980 4940 3114 4996 ’Δτε
3154 4937 3263 5008 γάρ
3307 4936 3707 5003 εὐπαθέστερον
3740 4933 3877 5002 πρὸς
3918 4933 4017 4985 δα-

2444 5036 2627 5109 κρύων
2650 5034 2709 5087 τδ
2737 5035 2889 5101 γένος
2909 5031 3101 5100 φοράν.
3131 5027 3404 5088 πλουσίοις
3430 5025 3616 5078 λοιπὸν
3644 5025 3756 5083 τοῖς
3777 5023 4016 5091 δάκρυσι

2448 5127 2723 5198 ραίνουσαι
2788 5125 2888 5186 τάς
2939 5139 2997 5175 τε
3059 5121 3308 5180 πλίνθους
3379 5119 3473 5171 καὶ
3537 5117 3744 5184 πέτρας
3795 5115 4016 5176 ἐκείνας

2442 5218 2638 5270 ἔπειτα
2673 5215 2958 5267 ἐπετίθουν
2991 5216 3102 5274 τοῖς
3135 5211 3330 5277 ὤμοις,
3367 5208 3578 5277 οὐδαμῆ
3611 5205 4017 5274 περιλάμπρων

2453 5309 2762 5378 ἐνδυμάτων
2793 5306 3026 5361 ἐνταῦθα
3075 5306 3481 5376 φροντίζουσαι,
3523 5298 3884 5369 ῥηγνυμένων
3927 5297 4020 5348 καὶ

2121 5451 2454 5515 Variorum
2493 5454 2682 5507 notas.

860 5598 937 5668 (5)
975 5597 1340 5668 Cantacuzen.
1375 5595 1472 5648 lib.
1507 5610 1579 5648 tv.
1638 5607 1757 5668 cap.
1804 5593 1857 5644 4.
1891 5590 2122 5644 Ducasc.

869 5657 942 5733 i7)
969 5667 1108 5722 Cant:
1161 5675 1306 5720 cant.
1342 5681 1457 5732 cap.
1498 5682 1534 5719 ι.
1579 5679 1630 5714 v.
1667 5657 1719 5724 5,
1744 5670 1798 5715 et
1827 5678 1946 5728 cap.
2005 5675 2059 5721 v,
2095 5674 2147 5712 v.
2181 5657 2233 5721 7,
2286 5665 2343 5710 et

794 5739 991 5793 Psalm.
1029 5751 1213 5795 LXXIII,
1249 5751 1299 5788 ν.
1338 5736 1427 5787 2⁷).
1467 5735 1671 5785 llnlvm.

870 5807 947 5876 (8)
977 5806 1202 5859 Videtur
1245 5807 1514 5872 Grcgoras
1546 5802 1845 5871 rcspcsisse
1871 5799 1934 5854 ad
1973 5799 2061 5853 illa
2091 5796 2340 5866 Gregorii

2451 5581 2772 5638 Nazianzeni
2806 5582 2873 5634 de
2902 5576 3195 5634 Anastasis:
3228 5574 3450 5642 templo.

2446 5655 2530 5707 Οὺ
2561 5654 2767 5716 τόσον,
2815 5651 3234 5717 Ἀσσυρίοισιν
3285 5647 3367 5699 ὅτ’
3421 5642 3600 5713 ἤγετο
3655 5644 3863 5761 τἿλόθι
3908 5645 4018 5696 xci-

3722 5729 3913 5775 ,τριξςε

2454 5793 2610 5861 Λαός
2628 5792 2957 5862 δουρεαυίἱις
2981 5790 3130 5857 νηὸν
3151 5789 3408 5842 Exim-'06
3440 5784 3649 5852 μέγαν.
3730 5783 3946 5839 Bonna.
