4236 6442
238 364 353 428 989
639 363 713 438 [Δ.
755 382 804 424 c.
831 368 988 443 ιὸίίί]

1267 377 1712 441 ΒΥΖᾹΝΤΙΝᾹΞ
1753 383 2135 446 lIlSTORLE
2177 388 2325 447 LIB.
2367 389 2483 449 XV.

2635 384 2766 458 [ιιιιι.
2803 402 2848 443 ι.
2889 405 3125 448 ramos.
3167 395 3223 467 5]

3385 402 3494 466 990

237 490 443 550 κόνεως
508 491 909 561 πληρουμένων
979 493 1085 546 ὑπό
1161 511 1220 547 τε
1287 497 1388 566 τῆς
1475 500 1792 571 πολυμιγοῦ.

1923 514 2037 559 tum
2079 509 2340 563 continua
2361 519 2417 564 et
2451 511 2649 566 crebro
2677 513 2867 569 iterata
2899 517 2967 570 ab
2998 520 3117 575 aliis
3144 521 3210 574 ad
3238 523 3373 578 alios
3396 541 3496 594 per

236 580 457 652 ἐκείνης
494 581 624 654 ὕλης
655 585 760 637 ὑπό
803 601 862 637 τε
887 586 987 654 τῆς
1024 586 1082 650 ἐξ
1111 587 1359 657 ἀλλήλων
1394 593 1488 644 καὶ
1540 593 1608 645 δι’
1641 593 1809 663 άλλη.

1925 612 2122 651 manus
2154 600 2459 656 translatio.
2495 601 2735 657 Dixisses
2793 608 3076 662 materiam
3133 607 3319 674 illam,
3371 632 3492 683 qum

239 670 347 724 λων
382 672 640 742 συνεχοῦς
662 692 721 728 τε
749 678 840 729 καὶ
871 677 1245 747 ἀγχιστρόφου
1288 685 1619 751 περιφορᾶς.
1649 680 1792 738 Εῐπε

1923 688 2343 757 exportabatur,
2377 692 2739 763 lacrymarum
2771 695 3012 753 fontibus
3038 703 3335 756 scaturire:
3357 670 3494 758 adeo

235 764 305 816 ἄν
324 780 408 826 τις
447 765 629 832 πηγὰς
661 767 876 835 ἀφιέναι
897 770 1147 838 δακρύων
1185 771 1283 840 τήν
1310 771 1442 842 ὕλην
1477 774 1815 844 ἐκφοβουμέ-

238 871 338 923 νην
365 856 605 925 ἐκείνην·
633 856 776 910 οὕτω
811 860 952 912 κατὰ
986 863 1266 929 ποταμοὺς
1323 864 1520 933 ἐχώρει
1576 865 1696 918 τότε
1722 867 1816 920 δά·

238 961 381 1010 κρυα
419 945 609 998 πασῶν
634 948 753 1000 ἐκεῖ
773 951 1068 1016 γυναικῶν,
1121 951 1348 1019 ἐνδόξων
1372 955 1506 1023 ὁμοῦ
1565 957 1658 1008 καὶ
1689 956 1815 1010 ἀδό-

233 1035 362 1100 ξων,
386 1039 480 1090 καὶ
511 1037 656 1092 οὕτω
685 1045 915 1110 μακροῖς
969 1043 1297 1113 ἀνεμίγνυτο
1329 1047 1547 1117 θρήνοις
1588 1053 1614 1101 ό
1647 1049 1813 1119 ζῆλος

232 1128 460 1182 ἐκείνων
489 1133 580 1183 καὶ⁵
611 1134 643 1202 ἡ
681 1135 907 1203 σπουδὴ,
936 1136 1216 1208 ῥᾳστώνης
1274 1139 1529 1206 οὐδεμιᾶς
1569 1141 1814 1210 δυνηθείο

231 1236 335 1289 σης
366 1223 726 1293 διακόψαιτὸν
753 1227 952 1296 δρόμον
975 1231 1068 1282 καὶ
1086 1230 1182 1300 τὴν
1210 1232 1513 1301 συνέχειαν,
1554 1235 1641 1301 ἐφ’
1669 1235 1812 1299 ὅλοις

226 1311 398 1377 ἐγγύς
431 1331 532 1368 που
563 1317 928 1387 νυχθημέροις
955 1321 1272 1390 τριάκοντα.

296 1403 375 1460 Γ.
417 1405 663 1476 Ἐλέγετο
700 1411 883 1480 μέντοι
917 1413 1054 1481 πρὸς
1073 1413 1184 1464 τῶν
1228 1414 1458 1482 πολλῶν,
1493 1416 1567 1476 ὡς
1616 1418 1664 1470 εἰ
1734 1421 1808 1488 μὴ

225 1499 606 1569 προϋπάρχειν
630 1501 916 1556 συνέϐαινε
967 1503 1067 1566 τὰς
1095 1506 1234 1574 πρὸς
1297 1507 1372 1560 ἐω
1425 1510 1692 1576 κρηπῖδας
1715 1513 1809 1563 καὶ

223 1590 294 1642 τά
319 1592 643 1660 ἐρείσματα,
679 1598 854 1650 ὁπόσα
877 1598 1017 1664 πρὸς
1054 1600 1396 1669 Ἀνδρονίκου
1427 1600 1520 1654 τοῦ
1540 1602 1805 1671 βασιλέως

225 1682 308 1751 (9)
356 1686 521 1739 πάλαι
554 1687 999 1760 άνῳκοδόμηνται
1029 1693 1173 1746 πάνυ
1204 1711 1286 1746 τοι
1337 1694 1660 1764 φιλοτίμως,
1701 1697 1805 1751 κᾶν

221 1776 630 1833 πολλαπλάσιον
679 1785 920 1852 ἐγεγόνει
955 1783 1038 1858 [Ρ.
1066 1786 1193 1858 ΠΙ]
1223 1789 1284 1839 τὺ
1332 1787 1532 1855 πτῶμα
1569 1790 1662 1842 καὶ
1694 1789 1804 1843 τῶν

220 1887 289 1937 γε
324 1875 556 1930 ἀνιάτων
586 1878 643 1931 ἒν
688 1875 774 1948 ἦν.
815 1883 916 1934 Καῖ
967 1882 1135 1937 ταῦτα
1172 1885 1272 1953 μὲν
1316 1901 1507 1942 τουτον
1537 1902 1662 1961 εσχε
1709 1887 1800 1943 τὸν

218 1967 448 2036 τρόπον’
476 1972 572 2024 καὶ
600 1973 658 2025 τὸ
679 1973 832 2042 θέρος
860 1978 918 2028 ἐν
943 1977 1157 2035 τούτοις
1179 1979 1456 2034 ἐτελεύτα.

292 2060 366 2116 Δ⁹.
384 2063 585 2117 Κακῶν
601 2065 910 2137 δ’ἀνακωχή
931 2087 1011 2124 τις
1025 2069 1138 2124 οὔτ’
1153 2066 1241 2141 ἦν,
1259 2072 1371 2142 οὔτ’
1392 2075 1666 2140 ἠλπίζετοσ
1685 2075 1800 2130 ἀλλ’

217 2150 309 2217 ἐφ’
341 2153 545 2222 ἑτέροις
565 2156 730 2225 ἕτερα
758 2159 1019 2226 διηνεκῶς
1041 2162 1286 2232 ἐπέρρει,
1306 2165 1398 2217 καὶ
1419 2167 1510 2219 ἐπὶ
1530 2171 1586 2218 τὸ
1621 2171 1802 2237 χεῖρον

213 2243 352 2313 ηὖξε
384 2249 476 2300 καὶ
527 2250 846 2318 προύϐαινε.
904 2255 977 2307 ’Ἱί
1029 2273 1088 2307 τε
1139 2261 1250 2326 γὰρ
1317 2259 1386 2328 γῆ
1449 2263 1799 2316 παντάπασιν

216 2340 401 2393 εἰπεῖν
451 2342 689 2413 ἄσπορός
737 2363 795 2398 τε
854 2348 946 2399 καὶ
995 2350 1349 2418 ἀγεώργητος
1393 2355 1653 2408 ἐλείπετο·
1689 2355 1800 2409 τῶν

213 2432 268 2483 τ’
293 2433 618 2502 ἐπιτηδείων
656 2438 850 2506 μακρά
878 2457 961 2500 τις
985 2441 1290 2506 ἐπεπόλαζε
1322 2444 1514 2508 σπάνις
1561 2447 1646 2500 διὰ
1698 2451 1798 2510 τὰς

212 2525 330 2578 τῶν
367 2525 544 2580 ἄλλοτ’
567 2529 744 2583 ἄλλων
774 2531 1045 2600 πολεμίων
1072 2535 1315 2601 ἐφόδουςσ
1381 2538 1474 2590 καὶ
1509 2541 1625 2608 ἅμα
1665 2559 1798 2610 χρη-

220 2621 411 2686 μάτων
444 2625 608 2694 πόρος
641 2621 710 2694 ἦν
726 2627 897 2692 οὐδεὶς
929 2629 1242 2698 οὐδαμόθεν,
1269 2632 1390 2686 οὔτε
1427 2637 1536 2694 τοῖς
1574 2637 1800 2706 πένησιν

218 2710 476 2777 ἐννοῆσαι
523 2713 590 2764 δι’
616 2715 877 2782 ἐργασίας
907 2719 1276 2786 ὲὴστινοσοῦν,
1307 2719 1427 2773 οὔτε
1460 2725 1571 2784 τοῖς
1599 2723 1796 2791 ἄρχου-

213 2819 321 2861 σιν.
353 2803 474 2856 ὅθεν
504 2804 695 2872 ἔρανόν
719 2823 842 2859 τινα
884 2808 1357 2875 δασμολογοῦντες
1419 2812 1789 2881 ἀργυρολογή·

213 2911 392 2948 σουσι.
435 2896 542 2948 Καὶ
571 2892 638 2965 ἦν
663 2898 791 2950 ιδεῖν
819 2901 1152 2968 κενουμένας
1176 2902 1277 2964 τὰς
1305 2903 1513 2968 πόλεις,
1546 2905 1640 2956 καὶ
1670 2906 1797 2968 τοὺς

211 2987 328 3055 μὲν
353 2988 409 3049 ἐς
438 2988 746 3060 ἀλλοδαπὴν
777 2989 1187 3060 μετοικοῦντας,
1228 2996 1356 3057 τοὺς
1379 2994 1425 3048 δ’
1453 2996 1513 3046 ἐν
1536 2996 1792 3062 ἀπογνώ-

209 3095 300 3130 σει
325 3079 606 3146 μένοντας.

285 3235 361 3288 Ε¹.
419 3238 526 3289 Καὶ⁸
583 3239 1008 3310 Λακεδαιμόνιοι
1063 3244 1160 3311 μὲν
1219 3244 1384 3297 πάλαι
1435 3250 1795 3316 χρυσοφορεῖν

199 3325 306 3387 τὰς
341 3329 605 3392 γυναῖκας
635 3329 900 3391 ἔπαυσαν.
939 3333 1032 3386 καὶ
1088 3335 1203 3401 ἅμα
1252 3338 1300 3388 οἱ
1362 3337 1422 3389 τὸ
1479 3339 1576 3406 τῆς
1626 3340 1793 3392 πάλαι

215 3418 448 3488 Ῥώμης
483 3422 811 3486 διοικοῦντες
844 3425 1084 3495 ἀξίωμα,
1112 3431 1434 3498 ψηφίσμασί
1466 3448 1524 3482 τε
1553 3433 1642 3482 καὶ
1674 3432 1796 3500 δόγ-

207 3529 348 3580 μασι
375 3515 658 3582 δημοσίοις
693 3518 787 3570 καὶ
811 3519 1132 3584 ἀσαλεύτοις
1161 3524 1437 3592 ἑκάτεροι*
1483 3525 1532 3576 oi
1571 3524 1670 3592 μὲν
1703 3525 1793 3579 διὰ

202 3604 268 3656 τὸ
290 3607 346 3656 ἐν
397 3606 698 3676 Λεύκτροις
721 3610 826 3662 ὑπὸ
864 3612 1120 3681 Θηϐαίων
1154 3618 1304 3681 σφίσι
1355 3618 1644 3684 γενόμενον
1686 3619 1791 3670 πά-

205 3697 320 3761 θος,
350 3699 510 3751 ὁπότε
549 3700 612 3770 δὴ
651 3702 852 3772 μικροῦ
888 3704 984 3772 τὴν
1018 3707 1200 3758 πᾶσαν
1227 3708 1443 3776 ἔκειρεν
1496 3709 1790 3777 ὁπλιτικὴν

202 3788 392 3858 ἀκμὴν
419 3789 518 3858 τῆς
543 3790 800 3862 Σπάρτης
853 3795 1294 3863 Ἐπαμεινώνδας
1325 3799 1552 3862 ἐκεῖνος,
1618 3801 1788 3852 Βοιω-

201 3880 420 3950 ταρχῶν
443 3882 768 3951 τηνικαῦτα·
803 3885 854 3936 οί
879 3883 936 3937 δὲ
966 3886 1034 3938 δι’
1075 3886 1324 3949 Ἀννίβαν
1363 3892 1455 3941 τὸν
1507 3891 1789 3959 Καρχηδό-

203 3988 317 4023 νιον
353 3972 515 4025 ὁπότε
552 3973 680 4043 περί
717 3990 777 4027 τε
810 3976 1082 4030 Κανύσιον
1136 3978 1319 4032 πεδίον
1372 3981 1464 4032 καὶ⁹
1519 3980 1788 4047 Ἀφείδιον

201 4065 452 4132 ποταμὸν
474 4068 584 4128 τοῖς
609 4067 752 4120 κατὰ
796 4067 1085 4136 Ῥωμαίων
1114 4073 1347 4139 μακροῖς
1385 4071 1620 4135 ἐκείνοις
1652 4090 1780 4139 τροο

202 4155 390 4216 παίοις
465 4157 775 4210 τελευταῖον
829 4158 974 4212 τοῦτ’
1027 4162 1239 4224 ἐπιθεὶς
1302 4164 1398 4216 καὶ
1459 4165 1786 4231 συγκλείσας

201 4249 306 4313 τὴν
357 4247 730 4323 μυριάριθμον
775 4250 992 4319 ἐκείνην
1038 4252 1327 4322 Ῥωμαίων
1371 4255 1785 4323 κατηγωνίσατο

198 4339 481 4405 στρατιάν·
509 4339 584 4402 ὡς
622 4343 734 4402 τοῖς
763 4341 1043 4405 πλουσίοις
1076 4345 1309 4406 ἐκείνοις
1369 4347 1568 4413 αἵμασι
1606 4346 1782 4416 βαφῆ-

194 4429 286 4480 ναί
317 4446 374 4480 τε
406 4429 654 4498 ποταμοῦ
689 4431 748 4483 τὺ
782 4432 984 4500 ῥόθιον,
1021 4435 1113 4486 καὶ
1137 4434 1267 4486 ἄνευ
1301 4435 1511 4500 ὓδατος,
1533 4438 1780 4506 αἱμάτων

192 4519 342 4589 ἔχειν
368 4520 576 4573 ἄνωθεν
601 4517 740 4576 εἶναι
771 4523 954 4576 δοκεῖν
990 4526 1087 4586 τὰς
1103 4526 1310 4596 πηγάς.

265 4617 358 4680 τῖ’.
389 4613 504 4667 Νῦν
528 4613 573 4666 δ’
604 4614 794 4685 ὥσπερ
818 4616 877 4680 ἐξ
901 4617 1018 4680 ἐνός
1045 4635 1186 4680 τινος
1219 4620 1526 4688 αὐτομάτου
1559 4621 1770 4690 κηρύγ-

192 4721 403 4773 ματος,
465 4705 856 4777 διαδραμόντος
924 4708 1141 4771 ἁπάσας
1197 4709 1381 4770 πόλεις
1448 4709 1768 4778 Ῥωμαίων,

190 4801 330 4862 μήτε
367 4797 577 4866 μηδένα
613 4797 822 4864 ἀνδρῶν
854 4801 990 4865 μήτε
1019 4800 1297 4866 γυναικῶν
1323 4803 1600 4870 μηδεμίαν
1621 4803 1763 4871 λαμ-

186 4887 510 4955 προφορετν,
574 4887 879 4956 ἀλλ’ὁμόσε
949 4891 1157 4952 πάντας
1209 4893 1424 4945 ἑλέσθαι
1485 4893 1768 4961 μελαίναις

187 4974 382 5040 ἐσθῆσι
407 4975 811 5037 ξυνεπεπτώκει
836 4979 1160 5046 κεχρῆσθαι,
1177 4980 1272 5044 οὓς
1301 4983 1399 5050 μὲν
1417 4983 1591 5052 λύπης
1609 4985 1771 5037 ἕνεκα

185 5070 326 5133 προῦ
339 5067 616 5136 παρξάσης
630 5066 891 5132 imago};
910 5071 963 5122 δέ
978 5071 1065 5123 διὰ
1078 5074 1169 5132 τάς
1186 5073 1366 5133 κοινάς
1381 5078 1466 5127 καῖ
1481 5077 1771 5145 δημοσίους

186 5156 369 5224 κῆράς
384 5173 436 5207 τε
461 5159 553 5210 καὶ
597 5175 659 5211 συ
669 5161 886 5230 μφορὰς
909 5161 1019 5213 τῶν
1037 5163 1347 5230 ὁμοφύλων·
1420 5167 1493 5227 ὡς
1512 5168 1586 5236 μὴ
1607 5169 1759 5220 πόλει

184 5251 282 5300 καὶ
314 5248 560 5319 πολιτείᾳ
589 5252 656 5301 τὰ
691 5250 980 5320 Ῥωμαίων
1009 5253 1245 5307 ἐοικέναι
1290 5259 1613 5325 πράγματα,
1641 5259 1756 5311 ἀλλ’

181 5340 414 5408 ἀμαυρά
453 5357 574 5393 τινα
611 5343 926 5410 καμνόντων
953 5345 1150 5398 εἴδωλα
1180 5343 1342 5410 εἶναι,
1408 5351 1502 5401 καὶ
1540 5351 1757 5420 πὸρῤωο

182 5437 278 5486 θεν
315 5436 536 5500 μονονοὺ
596 5439 1090 5504 προαναφωνοῦντα
1144 5442 1397 5509 ἀλλήλοις
1443 5447 1543 5512 τὴν
1609 5446 1756 5497 ἓνδοι

179 5527 280 5595 τῆς
313 5526 488 5594 ψυχῆς
519 5529 850 5598 φλεγμονὴν,
884 5533 1015 5601 ὅσην
1052 5534 1265 5601 ἑκάστῳ
1307 5535 1542 5604 δαψιλῶς
1594 5554 1757 5604 χορη-

1923 790 2054 833 tunc
2096 781 2422 836 torrentium
2476 783 2648 840 instar
2701 787 2853 841 ibant
2884 794 3129 846 omnium
3168 810 3288 862 qua:
3336 806 3492 848 erant

1919 871 2035 926 illic
2079 873 2415 938 mulierum,
2475 876 2771 932 illustrium
2828 881 2989 934 simul
3039 895 3094 938 et
3135 886 3489 956 ignobilium,

1918 962 2167 1034 lacrymaa
2213 984 2225 1018 :
2263 964 2399 1020 adeo
2435 966 2638 1037 ingenti
2687 970 2837 1025 luctu
2877 973 3072 1028 mistus
3119 987 3237 1030 erat
3274 980 3484 1034 illarum

1916 1057 2070 1109 zelus
2095 1064 2148 1109 et
2188 1055 2428 1110 olliciosa
2460 1057 2740 1128 diligentia
2780 1079 2792 1114 :
2822 1063 3091 1132 siquidem
3136 1067 3255 1121 illos
3285 1084 3486 1122 cursus

1913 1156 1968 1200 et
2002 1149 2295 1200 continuos
2346 1148 2563 1202 labores
2600 1151 2743 1204 nulla
2793 1155 2971 1220 potuit
3013 1157 3268 1212 mollities
3316 1158 3486 1212 inter-

1915 1255 2169 1309 rumpere
2195 1280 2209 1303 ,
2238 1240 2521 1310 perpetuis
2569 1241 2739 1297 ferme
2775 1245 2995 1315 triginta
3030 1247 3224 1303 diebus
3279 1259 3336 1304 et
3382 1265 3483 1303 no-

1909 1338 2111 1394 ctibus.

1982 1435 2069 1490 lli.
2105 1434 2374 1490 Cancrum
2409 1453 2438 1492 a
2464 1439 2741 1507 plerisque
2761 1433 3133 1498 dictitabatur,
3170 1433 3272 1486 nisi
3299 1432 3481 1485 orien-

1908 1536 2016 1581 tem
2045 1541 2238 1580 versus
2274 1528 2646 1582 occurrissent
2673 1526 3022 1579 fundamenta
3052 1534 3105 1577 et
3140 1523 3484 1591 moles.quas

1901 1618 2232 1689 jampridem
2266 1621 2570 1687 imperator
2605 1619 2952 1673 Andronicus
2978 1616 3260 1685 magniﬁce
3297 1613 3486 1668 admo-

1905 1710 2034 1764 dum
2081 1711 2461 1765 substruxerat
2485 1752 2501 1773 ,
2538 1712 2779 1764 futuram
2815 1710 2987 1762 multo
3057 1707 3316 1776 majorem
3353 1706 3482 1757 rui-

1908 1817 2067 1866 nam,
2121 1811 2288 1870 atque
2343 1803 2472 1856 illud
2525 1802 2723 1855 vulnus
2785 1799 3087 1855 insanabile
3147 1799 3478 1852 exstiturum

1909 1894 2105 1949 fuisse.
2136 1894 2308 1948 Porro
2342 1895 2456 1950 bare
2490 1896 2562 1949 ita
2581 1910 2638 1949 se
2661 1894 3009 1958 habuerunt;
3045 1905 3106 1946 ac
3139 1891 3192 1944 in
3228 1890 3293 1944 iis
3317 1899 3479 1945 mtas

1907 1997 2231 2056 consumpta
2266 1996 2369 2041 est.

1980 2077 2074 2132 IV.
2104 2077 2369 2132 Malorum
2419 2086 2600 2132 autem
2645 2077 2896 2132 remissio
2932 2076 3081 2131 nulla
3115 2090 3295 2145 neque
3321 2082 3475 2139 erat,

1909 2186 2088 2240 neque
2119 2171 2478 2241 sperabatur;
2501 2171 2595 2224 sed
2629 2182 2894 2240 perpetuo
2920 2168 3024 2224 alia
3052 2185 3117 2223 ex
3146 2167 3266 2221 aliis
3288 2166 3478 2220 alllne-

1909 2265 2061 2327 bant,
2086 2263 2645 2334 ingravescebantque
2671 2272 2726 2318 et
2753 2262 3193 2332 provehebantur
3219 2263 3269 2315 in
3300 2262 3473 2329 pejus.

1908 2356 2040 2411 Nam
2069 2367 2123 2411 et
2162 2365 2305 2410 terra
2333 2356 2638 2410 seminibus
2663 2354 2892 2408 omnino
2918 2368 3060 2420 pene
3088 2351 3472 2412 lraudabatnr,

1905 2459 1962 2504 et
1999 2448 2201 2502 inculta
2254 2446 2604 2509 remanebat,
2633 2455 2689 2500 et
2748 2460 2932 2500 rerum
2963 2447 3028 2498 ad
3067 2447 3267 2497 victum
3313 2442 3474 2512 752

1906 2539 2344 2592 necessariarum
2376 2553 2623 2607 magnam
2664 2537 2953 2604 quamdam
2986 2534 3222 2603 inopiam
3249 2532 3476 2587 induxe-

1911 2640 2037 2684 rant
2091 2630 2325 2684 hostium
2389 2629 2524 2683 alias
2557 2629 2789 2682 aliorum
2843 2627 3216 2692 incursiones;
3253 2639 3352 2678 nec
3382 2639 3475 2692 pa-

1903 2722 2087 2776 randae
2142 2721 2392 2775 alicunde
2444 2719 2689 2788 pecunia:
2725 2719 2862 2772 ratio
2929 2718 3038 2771 ulla
3066 2732 3096 2770 a
3134 2714 3472 2785 pauperibus

1906 2813 2202 2882 excogitari
2245 2822 2494 2881 poterat,
2520 2826 2904 2878 quamcunque
2947 2810 3023 2862 illi
3052 2817 3224 2862 artem
3252 2822 3473 2860 everce-

1905 2915 2031 2959 rent
2065 2923 2078 2957 :
2113 2921 2211 2958 nec
2238 2913 2359 2959 erat
2397 2904 2764 2972 magnatibus,
2803 2903 2950 2956 unde
2978 2911 3261 2969 corrogata
3289 2900 3468 2967 aliqua

1904 2996 2049 3064 stipe
2077 2997 2366 3065 pecuniam
2413 3006 2701 3064 cogerent;
2731 3004 2786 3048 et
2822 2996 2987 3047 urbes
3018 2993 3200 3046 videre
3234 2993 3469 3043 eratdc-
3519 3017 3521 3020 ‹

1902 3087 2135 3148 solatas,
2171 3087 2294 3140 aliis
2315 3084 2921 3155 peregre'abeuntibns,
2954 3084 3076 3136 aliis
3101 3081 3249 3136 dumi
3283 3082 3470 3149 despe-

1823 3197 1866 3255 c
1902 3189 2017 3234 rata
2047 3180 2222 3233 salute
2246 3177 2678 3232 remanentibus.

1976 3273 2042 3327 ν.
2068 3270 2208 3325 Olim
2241 3272 2460 3339 quidem
2500 3268 2893 3323 l.acedwnionii
2933 3266 3254 3322 mulieribus
3280 3265 3466 3319 edixe-

1899 3370 2049 3425 runt,
2079 3372 2138 3414 nt
2159 3371 2370 3429 gestare
2415 3376 2608 3414 aurum
2638 3359 2974 3418 desinerent,
3027 3372 3126 3410 nec
3154 3371 3264 3409 non
3301 3355 3338 3410 ii
3369 3355 3462 3422 qui

1898 3454 2103 3507 veteris
2137 3454 2324 3507 Romae
2358 3454 2651 3521 imperium
2689 3450 3164 3512 administrabant,
3197 3448 3465 3502 consultis

1897 3544 2114 3612 utrique
2149 3555 2204 3596 et
2234 3542 2469 3596 decretis
2525 3542 2800 3610 publicis,
2858 3541 3031 3606 iisque
3073 3539 3459 3592 inconcussis:

1896 3636 1972 3689 illi
2002 3643 2231 3705 preptcr
2263 3634 2513 3688 Leuctris
2552 3641 2829 3701 acceptam
2867 3649 2896 3684 a
2927 3632 3203 3685 Thebanis
3227 3632 3459 3695 cladem,

1894 3743 2018 3783 cum
2047 3731 2218 3783 robur
2245 3728 2452 3796 Sparta:
2482 3728 2720 3780 militare
2753 3735 2923 3780 totum
2959 3726 3067 3778 lere
3098 3726 3342 3779 excisum
3379 3733 3462 3778 est

1892 3820 2096 3873 virtute
2125 3819 2273 3873 illius
2315 3818 2708 3888 Epaminonda:
2730 3857 2745 3880 ,
2782 3819 2874 3886 qui
2911 3828 3023 3870 tum
3053 3817 3254 3872 Bmotis
3284 3817 3459 3885 impe-

1894 3913 2052 3966 rabat
2087 3929 2101 3965 :
2137 3912 2192 3964 1ιί
2226 3927 2380 3974 vero,
2411 3926 2478 3966 eo
2525 3912 2669 3979 quod
2717 3910 2950 3964 Annibal
2993 3907 3457 3978 Carthaginiensis

1892 4003 1944 4054 in
1972 4003 2250 4057 Cannensi
2296 4017 2428 4068 agro
2453 4043 2467 4064 ,
2499 4002 2642 4070 apud
2692 4000 2942 4056 Auﬁdum
2977 3999 3176 4054 numen
3199 4041 3214 4062 ,
3245 4000 3457 4068 magnis

1889 4091 2022 4153 illis,
2055 4107 2192 4160 quas
2225 4091 2293 4145 de
2325 4092 2584 4146 Romanis
2616 4100 3025 4158 reportaverat,
3058 4089 3306 4144 victoriis
3354 4104 3456 4143 no-

1888 4183 2108 4236 vissima
2132 4181 2362 4252 adjecta,
2387 4193 2606 4237 coactas
2641 4182 2694 4235 in
2735 4197 2902 4238 unum
2934 4181 3110 4235 locum
3144 4181 3457 4234 innumera-

1888 4276 2026 4330 biles
2064 4277 2440 4330 Remanorum
2476 4277 2663 4346 c0pias
2703 4275 2775 4330 ita
2827 4272 3168 4344 proﬂigavit,
3195 4283 3262 4328 ut
3304 4274 3454 4343 largo

1885 4380 2082 4420 cruore
2137 4367 2321 4421 tinctis
2359 4366 2636 4428 ﬂuctibus.
2683 4381 2794 4419 non
2850 4380 2916 4423 ex
2960 4381 3118 4434 aqua:
3151 4365 3244 4420 sed
3273 4379 3452 4420 esan-

1893 4456 2074 4526 guinis
2095 4456 2336 4511 fontibus
2363 4455 2603 4511 derivari
2633 4456 2810 4511 amnis
2841 4455 3144 4511 videretur.

1946 4629 2033 4684 Vl.
2065 4629 2218 4684 Nunc
2249 4646 2402 4693 vero,
2438 4632 2593 4696 quasi
2622 4634 2805 4688 edicto
2843 4635 3028 4703 aliquo
3070 4645 3210 4691 tutas
3251 4637 3450 4693 Roma-

1874 4735 2074 4772 norum
2113 4721 2278 4775 urbes
2328 4734 2518 4790 suapte
2543 4733 2843 4791 pervagato
2869 4765 2884 4786 .
2917 4725 2997 4779 sic
3049 4742 3148 4780 usu
3181 4730 3363 4795 venit,
3391 4740 3449 4784 ut

1874 4809 2058 4862 nullus
2082 4810 2184 4869 vir,
2220 4809 2365 4862 nulla
2394 4811 2595 4865 mulier
2636 4825 2786 4866 veste
2819 4814 3109 4876 candente.
3141 4817 3233 4869 sed
3259 4834 3449 4873 omnes

1875 4898 2018 4964 pulla
2058 4909 2366 4961 uterentur;
2399 4900 2491 4954 alii
2522 4902 2712 4956 dolore
2738 4903 2922 4972 aliquo
2955 4908 3124 4960 semel
3151 4918 3443 4976 praecepto,

1880 4989 1971 5042 alii
1998 5004 2349 5044 communem
2390 5007 2454 5045 ac
2501 4994 2774 5062 publicam
2816 4997 2989 5050 vicem
3020 5007 3077 5051 et
3106 5014 3332 5052 suorum
3365 5002 3444 5054 ei-

1880 5081 2027 5133 vium
2059 5081 2354 5134 infortunia
2407 5083 2687 5148 dolentes;
2722 5087 2794 5140 ita
2825 5099 2883 5140 ut
2911 5106 3016 5143 non
3051 5091 3259 5145 civitati
3294 5092 3443 5146 reive

1868 5172 2101 5239 publica:
2134 5174 2312 5226 simile
2343 5187 2485 5230 esset
2522 5179 2824 5232 Romanum
2859 5181 3182 5250 imperium,
3214 5184 3308 5235 sed
3341 5185 3442 5236 ob-

1869 5278 2027 5315 scura
2089 5265 2336 5332 qua-dam
2394 5267 2554 5338 753
2613 5271 2904 5325 simulacra
2960 5273 3080 5327 luce
3133 5277 3437 5330 carentium

1865 5369 1986 5408 esse
2042 5356 2384 5421 viderentur,
2432 5376 2553 5427 quae
2608 5377 2638 5414 e
2692 5362 2992 5432 longinquo
3048 5365 3152 5420 sibi
3203 5368 3436 5426 invicem

1865 5449 2020 5516 quasi
2057 5450 2420 5516 praedicarent
2475 5452 2729 5509 intimum
2774 5457 2938 5512 animi
2974 5460 3260 5525 dolorem;
3307 5476 3434 5514 eum

1868 5557 2083 5610 nempe,
2122 5559 2284 5611 quem
2318 5545 2611 5616 unicuique
2644 5565 2750 5604 non
2784 5550 2984 5606 desinit
3027 5555 3302 5609 Cumulate
3344 5570 3435 5608 cx-

1526 5656 1858 5716 Variorum
1896 5669 2078 5716 nota).

252 5750 326 5798 (ηε
359 5747 529 5820 Atque
567 5749 693 5801 hinc
721 5749 987 5804 discimus
1015 5769 1041 5804 ιι
1071 5770 1178 5820 quo
1225 5755 1487 5806 exstrui-ti
1545 5757 1747 5809 fuerint

179 5821 325 5870 mu.i
363 5818 439 5870 illi
488 5820 801 5874 olmitcntcs
828 5834 1065 5892 quatuor
1092 5818 1389 5894 majoribus
1420 5827 1543 5895 pilis
1583 5828 1748 5881 susti~

1859 5758 2131 5836 nexilibus
2186 5760 2650 5827 ln‘misplm-rinm,
2705 5769 2771 5821 de
2843 5771 3045 5836 quibus
3105 5771 3314 5834 egimus
3370 5770 3424 5825 in

1859 5827 2259 5898 Constantino/1.
2313 5834 2504 5889 Christ.
2544 5840 2634 5891 Ιιι).
2677 5855 2755 5903 ιιι,
2793 5827 2920 5894 sect.
2969 5842 3057 5895 ὖϋ.
3114 5827 3348 5896 Utens.
