4236 6442
759 373 860 440 991
1043 366 1122 441 [Α.
1161 382 1221 423 ιι.
1256 367 1416 436 685i,
1466 383 1573 424 mn.
1621 366 1708 437 l4]

2076 372 2490 437 NICEPHORI
2531 373 2912 436 GREGORAE

3125 373 3257 445 [nm
3299 386 3341 431 ι.
3381 392 3618 432 attinet.
3649 376 3705 449 ε]

3883 383 3991 447 992

761 490 953 542 bibere
991 501 1229 556 praesens
1278 488 1649 543 Romanorum
1696 485 2006 543 infelicitas.
2043 488 2312 543 Nimirum
2343 491 2434 558 A1

2275 505 2312 542 at
2343 491 2397 552 Α
2419 493 2534 559 γετν
2579 490 2640 544 οὐ
2661 491 2814 561 λήγει
2843 508 2904 545 το
2934 485 3264 563 κακόδαιμον
3289 494 3385 547 νῦν
3413 497 3512 562 τῆς
3549 495 3837 568 Ῥωμαίων
3881 503 3948 560 τύ

763 579 994 646 publicis
1017 587 1074 632 et
1104 579 1335 648 privatis
1364 578 1735 634 Romanorum
1768 580 1932 634 rebus
1951 581 2135 635 divina
2158 582 2324 651 justi-

763 675 838 723 tia
863 669 943 723 sic
965 669 1136 724 ferme
1183 670 1456 734 medetur,
1485 679 1543 725 ut
1573 671 1651 725 illi
1687 671 1906 734 medici,
1934 673 2026 741 qui
2055 689 2164 728 non
2192 689 2328 741 prae-

763 759 1077 814 scntissimo
1129 759 1620 829 eﬂicacissimoque
1655 763 1901 816 cauterio
1939 771 2192 827 utuntur,
2229 763 2325 817 sed

763 849 972 904 leniore
999 886 1015 910 ,
1046 861 1102 905 et
1136 850 1481 904 curationem
1534 851 1588 904 in
1626 850 1843 917 longum
1877 850 2132 903 ducturo.
2181 848 2326 904 Istud

763 946 946 990 autem
997 937 1167 990 multo
1191 952 1351 1004 quam
1406 934 1537 989 illud
1593 937 1877 991 molestius
1928 936 2181 1001 videtur;
2219 950 2329 989 non

763 1027 1198 1094 intelligentibus
1225 1029 1502 1095 plerisque
1531 1027 1714 1080 divina
1759 1038 1819 1082 et
1865 1029 2099 1096 benigna
2144 1027 2329 1081 Provi-

768 1113 969 1166 dentia:
994 1114 1243 1178 consilia,
1291 1115 1508 1183 quando
1540 1115 1628 1169 illa
1665 1117 1964 1184 pmnitendi
1998 1117 2233 1184 spatium
2264 1117 2330 1171 iis

762 1204 1015 1272 ιιι-κίων,
1051 1207 1143 1273 qui
1163 1207 1483 1276 gravissime
1513 1207 1868 1278 deliquerint.
1906 1209 2120 1263 Etenim
2155 1210 2331 1262 homi-

764 1297 933 1351 nibus
976 1298 1197 1366 quidem
1251 1299 1424 1352 multo
1457 1298 1672 1353 facilius
1722 1310 1806 1354 est
1853 1301 2071 1370 propria
2104 1301 2330 1356 adiﬁcia

759 1387 1072 1452 destruere.
1128 1406 1290 1460 quam
1329 1401 1650 1446 construere
1687 1408 1701 1445 :
1742 1391 1854 1446 Deo
1894 1393 2111 1455 autemi,
2143 1402 2331 1463 utpote

760 1479 1141 1548 clementiori,
1175 1497 1356 1537 rerum
1390 1483 1676 1537 aediﬁcatio
1723 1491 1780 1538 et
1810 1485 2209 1552 coagmentatio
2245 1499 2334 1538 ce-

765 1569 992 1625 lerrime
1017 1585 1083 1626 ac
1131 1572 1278 1626 dicto
1308 1573 1488 1639 citius,
1508 1574 1732 1628 eversio
1761 1575 1980 1628 nonnisi
2011 1575 2172 1644 longo
2201 1583 2334 1628 tem-

767 1673 923 1724 pore,
951 1670 1008 1713 et
1043 1669 1103 1714 ut
1134 1661 1430 1729 plurimum
1483 1662 1685 1717 lentius
1705 1705 1720 1728 ,
1749 1679 1998 1732 aegreque
2039 1663 2331 1718 admodum

768 1749 1068 1817 perﬁcitur.
1106 1752 1370 1807 Nimirum
1403 1753 1493 1807 ille
1525 1763 1736 1808 tantum
1780 1769 1889 1808 non
1926 1763 2115 1823 aperte
2149 1764 2333 1810 osten-

2425 590 2550 643 χηςο
2577 576 2976 645 παραπλησίως
3007 577 3116 630 τῶν
3147 578 3346 646 ίατρῶν
3381 580 3631 644 ἐκείνοις,
3685 582 3992 650 ἐπάγοντος

2423 664 2517 717 τοῦ
2540 664 2674 717 θεοῦ
2707 667 2818 727 τοῖς
2849 668 3047 728 κοινοῖς
3094 683 3156 719 τε
3216 667 3312 720 καὶ
3369 667 3627 730 ίδιάζουσι
3702 670 3992 738 Ῥωμαίων

2425 758 2713 828 πράγαμασι
2742 759 2841 830 τὴν
2869 758 3220 828 ίατρεύουσαν
3243 758 3422 828 δίκην,
3465 760 3515 812 οἳ
3541 761 3619 830 μὴ
3637 764 3702 830 τῇ
3751 761 3992 834 ὀξυτάτῃ

2427 851 2523 902 καὶ
2554 850 2938 920 άνμσιμιωτάτη
2980 849 3274 918 κέχρηνται
3321 852 3619 920 καυτηρίᾳ,
3683 853 3764 906 δτι
3803 854 3880 923 μὴ
3917 855 3987 920 τῇ

2431 941 2794 1010 μαλακωτέρα
2852 958 2911 993 τε
2967 941 3066 994 καὶ
3123 940 3210 994 διὰ
3261 940 3474 1012 μακροῦ
3535 943 3836 1015 ποιουμένῃ
3895 939 3991 1013 τοῦ

2427 1034 2622 1103 χρόνον
2649 1032 2745 1104 τὴν
2773 1033 2939 1086 ίασιν·
2976 1033 3004 1086 δ
3043 1033 3224 1102 πολλῷ
3251 1033 3316 1103 δὴ
3373 1033 3469 1086 τοῦ
3526 1035 3790 1104 προτέρου
3843 1034 3996 1089 δοκεῖ

2428 1141 2548 1187 πως
2570 1124 2941 1194 ἀνιαρότερον,
2990 1125 3052 1177 οὐ
3095 1126 3324 1178 συνιεῖσι
3368 1126 3486 1188 τοῖς
3534 1126 3813 1189 πλείστοις
3861 1127 3992 1188 τοὺς

2431 1217 2611 1278 θείους
2674 1216 2768 1270 καὶ
2818 1217 3194 1285 οἰκονομικοὺς
3253 1219 3352 1286 τῆς
3401 1218 3658 1286 προνοίας
3727 1217 3992 1289 τρόπους.

2430 1310 2591 1361 ὁπότε
2619 1308 2814 1377 καιρὸν
2840 1309 3012 1361 ἐθέλοι
3037 1307 3248 1373 ,διδόναι
3284 1309 3574 1378 μετανοίας
3628 1310 3742 1368 τοῖς
3772 1309 3839 1362 τά
3889 1307 3995 1375 μέι

2431 1417 2589 1469 γιστα
2616 1400 3040 1469 ἁμαρτάνουσιν.
3076 1397 3298 1472 [R472]
3337 1400 3678 1468 Ἀνθρὼποις
3748 1399 3850 1468 μέν
3881 1399 3996 1468 γάρ

2433 1488 2611 1558 πολλῷ
2642 1490 2770 1560 ῥᾷον
2790 1489 2886 1550 τὰς
2911 1488 3116 1552 οίκείας
3162 1491 3307 1542 ἐστὶν
3339 1489 3647 1558 οἰκοδομίας
3683 1488 3993 1558 καθαιρεῖν,

2432 1580 2466 1649 ἢ
2489 1580 2713 1644 κτίζειν·
2746 1579 2864 1647 Θεῷ
2887 1581 2964 1638 δὲ.
3022 1579 3389 1650 φιλανθρώπῳ
3422 1597 3487 1649 γε
3543 1580 3682 1644 δντι,
3725 1579 3995 1648 ταχίστην

2438 1673 2538 1742 μὲν
2567 1673 2666 1740 τὴν
2691 1673 2980 1742 οἰκοδομὴν
3011 1672 3102 1724 καὶ
3148 1674 3436 1735 σύστασιν,
3485 1674 3580 1725 καὶ
3607 1671 3803 1725 θᾶττον
3838 1671 3872 1740 ἢ
3907 1670 4000 1722 λό-

2434 1776 2551 1825 γος,
2578 1758 2687 1812 τῶν
2713 1759 3015 1827 γινομένων
3043 1758 3338 1812 ποιεῖσθαι⁹
3371 1760 3470 1829 τὴν
3489 1759 3547 1813 δέ
3582 1776 3647 1828 γε
3670 1759 4007 1826 καθαίρεσιν,

769 1841 869 1902 alit,
896 1842 1126 1896 alterum
1157 1844 1378 1913 quidem
1411 1859 1471 1900 se
1517 1847 1752 1910 volente,
1788 1847 2021 1900 alterum
2048 1863 2178 1902 vero
2209 1863 2330 1917 par-
2360 1838 2400 1890 Β
2428 1851 2442 1901 ί

2324 1838 2400 1890 »Β
2428 1851 2513 1902 διά
2539 1847 2746 1918 μακροῦ
2773 1866 2830 1901 τε
2878 1847 2973 1901 τοῦ
3009 1849 3200 1918 χρόνου
3256 1849 3354 1902 καὶ
3397 1849 3734 1920 βραδυτέραν
3785 1849 3866 1911 ὡς
3923 1849 3997 1900 τά

772 1934 866 1985 tim
897 1934 1132 1998 volente,
1165 1937 1358 2005 partim
1395 1939 1612 1993 nolente
1641 1939 1754 1993 ﬁeri
1864 1941 2009 2010 quod
2042 1942 2107 1995 ad
2133 1957 2327 1996 emcn-
2431 1959 2445 1992 ι

2431 1941 2621 2003 πολλὰ,
2641 1939 2736 1993 καὶ
2770 1940 2913 2009 μάλα
2955 1941 3128 2010 μόλις·
3156 1944 3437 2011 μονονουχὶ
3462 1941 3726 1994 δεικνύντι
3761 1957 4003 2009 περιφα-

770 2025 1044 2079 dationem
1080 2029 1340 2095 optimum
1388 2029 1553 2083 habet
1604 2031 1977 2087 consiliarium
2018 2042 2074 2089 et
2113 2034 2327 2106 adjuto-

774 2126 909 2175 retn,
935 2127 1137 2167 moram
1170 2115 1338 2182 ipsam
1364 2117 1509 2188 longi
1549 2123 1835 2188 temporis.

2429 2127 2488 2176 τδ
2524 2126 2578 2177 δὲ
2612 2125 2734 2176 κατ’
2764 2125 3067 2192 ἀμφότερα-
3111 2123 3172 2174 τό
3194 2123 3240 2175 τ’
3263 2123 3632 2194 ἀϐούλητον...

2430 2033 2554 2094 νῶς,
2591 2032 2850 2100 ἑκάτερον
2878 2027 3037 2096 εἶναι,
3075 2032 3135 2084 τὸ
3169 2033 3268 2099 μὲν
3321 2032 3470 2103 αὐτῷ
3519 2032 3657 2092 κατὰ
3714 2031 4000 2102 βούλησιν,

3682 2125 3776 2178 καὶ
3801 2123 3830 2175 δ
3863 2123 4003 2192 πρὸς

771 2199 1052 2270 διιρθωσιν
1083 2205 1190 2275 (10)
1222 2205 1331 2276 ἔχει
1364 2208 1650 2276 κράτιστον
1713 2210 2009 2280 σύμϐουλον
2062 2198 2178 2284 ἅμα
2216 2215 2308 2268 καὶ
2343 2214 2627 2285 σύμμαχον
2650 2216 2741 2268 τὸν
2770 2215 2863 2267 τοῦ
2891 2216 3083 2284 χρόνου
3119 2215 3352 2270 δίαυλον.

2201 2327 2424 2382 CAPUT
2469 2327 2560 2382 ΙΙΙ.

774 2407 1155 2484 Ιηιρεναιιιὶκηι
1177 2414 1341 2479 culpa:
1373 2423 1705 2476 excusantur,
1744 2431 1918 2468 rerum
1952 2417 2122 2470 causis
2152 2417 2221 2470 ad
2250 2433 2502 2470 arcanam
2535 2417 2627 2470 Dei
2659 2417 3038 2484 prouidentiam
3085 2417 3286 2471 relatis.
3318 2415 3718 2470 Cantacuzenus
3774 2418 4004 2470 nimium

843 2480 1060 2555 supplex
1091 2484 1408 2555 etabjectus
1449 2488 1500 2536 in
1546 2485 1792 2547 epistolis.
1843 2485 2067 2537 Multum
2095 2486 2191 2539 sibi
2249 2495 2300 2537 et
2350 2480 2836 2555 reipublirw'obfuit
2890 2487 3207 2540 cunctando.
3271 2484 3541 2550 Quasnam
3577 2489 3715 2540 viros
3752 2488 3995 2539 maxime

848 2549 1054 2626 imitari
1076 2551 1326 2626 debuerit.
1367 2553 1625 2626 {Iregoras
1662 2555 1944 2626 epistolam
1979 2557 2120 2626 pejus
2169 2549 2437 2626 selectam'
2467 2549 2796 2626 proletariis,
2835 2573 2940 2619 qua
2999 2555 3101 2621 ﬁde
3141 2572 3257 2608 eam
3299 2555 3620 2626 exhibiturus
3678 2558 3769 2618 sit,
3815 2557 3993 2609 docet.

851 2619 1089 2696 Epistqu
1121 2622 1190 2673 ad
1237 2619 1860 2696 patriarcham._Scripta
1912 2619 2227 2696 fuity'rubris
2274 2619 2484 2692 litteris,
2538 2628 2701 2696 ipsius
2757 2619 3115 2680 Cantacuaeni
3167 2641 3350 2678 manu.
3387 2624 3568 2678 Reciso
3599 2633 3747 2691 sunt,
3782 2641 3900 2695 qua
3927 2626 3999 2678 ad

852 2704 962 2741 rem
1008 2691 1176 2744 minus
1207 2693 1558 2760 pertinebant.
1603 2691 1808 2746 ϐαδίσει
1842 2691 2082 2747 ornatius
2117 2696 2413 2748 enuntiata.

849 2807 888 2860 l.
919 2807 1045 2860 llaec
1073 2814 1128 2860 et
1154 2806 1270 2874 ipse
1303 2821 1514 2860 meeum
1551 2816 1813 2874 reputans
1845 2822 1946 2861 nec
1978 2807 2244 2863 socordiae
2275 2808 2333 2861 in

780 2899 927 2953 bello
956 2898 1214 2967 gerendo,
1242 2912 1344 2951 nec
1373 2881 1741 2965 simplicitatis
1771 2897 1825 2950 in
1853 2897 1948 2953 illo
1979 2911 2161 2950 rerum
2192 2905 2334 2952 statu

778 2991 966 3045 mimice
989 2989 1424 3043 Cantacuzenum
1449 2990 1832 3057 imperatorem
1859 2989 2032 3053 ausim
2055 2988 2336 3054 damnare,

779 3099 887 3137 που
918 3065 1236 3152 zelotypiam
1264 3081 1432 3134 Annae
1464 3090 1519 3134 et
1553 3080 1736 3136 odium
1765 3079 2108 3147 implacabile
2142 3094 2340 3134 causa-

788 3176 868 3234 ri;
920 3173 1015 3226 sed
1056 3172 1354 3226 occultiora
1380 3171 1625 3239 quaedam
1678 3169 2038 3224 Providentiae
2089 3170 2340 3235 consilia,

788 3278 910 3325 aute
933 3263 1114 3315 omnia
1144 3271 1290 3314 recte
1309 3259 1697 3313 administrans
1718 3259 2042 3314 criminibus
2055 3258 2220 3330 754
2237 3259 2345 3314 alio

795 3363 1042 3423 tempore
1073 3351 1330 3405 admissis
1371 3351 1479 3403 alio
1526 3349 1836 3405 mercedem
1878 3349 2110 3418 amplam
2147 3365 2346 3419 repen-

792 3447 907 3511 dit;
938 3445 1283 3514 agricultura:
1327 3457 1530 3496 morem
1564 3441 1792 3503 imitata.
1829 3457 1948 3510 qua:
1977 3450 2033 3494 et
2064 3441 2203 3510 ipsa,
2232 3441 2346 3495 'alio

797 3550 1040 3605 tempore
1091 3529 1361 3589 mandatis
1411 3544 1571 3588 terra:
1620 3533 1945 3597 seminibus,
1993 3533 2102 3587 alio
2139 3531 2348 3603 colligit

793 3631 1026 3684 fructus.

869 3814 935 3869 ll.
974 3813 1316 3883 Quapropter
1345 3812 1446 3868 hac
1476 3812 1529 3866 in
1561 3820 1716 3881 parte
1745 3811 1994 3866 historia:
2030 3810 2166 3866 libet
2206 3811 2354 3866 sele-

795 3917 941 3960 ctam
974 3920 1135 3960 unam
1161 3920 1226 3958 ex
1258 3904 1617 3959 Cantacuzeni
1649 3903 1894 3971 epistolis
1925 3904 2060 3957 citra
2095 3901 2354 3956 imidiam
2406 3963 2414 3974 ν

804 3997 1050 4066 proferre
1080 4014 1094 4049 :
1128 4010 1266 4065 quas
1310 3996 1433 4049 ideo
1461 3995 1729 4048 hactenus
1767 3993 2054 4047 omisimus
2085 3993 2357 4061 (quamvis

790 4089 893 4141 {Me
927 4089 1125 4142 multas
1147 4096 1202 4141 et
1224 4087 1515 4140 continuas
1540 4085 1606 4139 ad
1638 4085 1922 4155 Byzantios
1947 4085 2202 4150 miserit),
2231 4084 2356 4151 quia

789 4180 1028 4233 mim‘iam
1068 4177 1355 4247 quamdam
1401 4177 1757 4230 humilitatem
1809 4185 1864 4228 et
1911 4175 2160 4244 indignas
2205 4174 2362 4228 obse-

791 4269 1079 4321 ~crationes
1109 4265 1504 4327 continebant;
1542 4280 1666 4318 cum
1698 4265 1787 4318 ille
1822 4273 2025 4334 posset,
2064 4248 2112 4318 si
2151 4264 2236 4331 (ut
2262 4263 2364 4316 im-

794 4369 1112 4428 aperatorem
1143 4357 1348 4423 decuit)
1377 4357 1611 4424 vigilans
1640 4356 1852 4419 fuisset,
1885 4356 2076 4424 majori
2119 4357 2361 4409 strenui.

2511 2807 2592 2861 A'.
2618 2805 2784 2860 Ταῦτ’
2815 2806 3008 2860 ἐννοῶν
3039 2807 3134 2860 καὶ
3159 2806 3318 2869 αὐτὸς
3365 2807 3489 2858 οὔτε
3527 2806 3850 2876 νωθρότητα
3878 2808 4016 2878 περὶ

2443 2897 2512 2950 τά
2547 2897 2780 2966 πολέμια
2808 2899 2902 2951 καὶ
2927 2898 3184 2965 ἀφέλειαν
3219 2898 3348 2966 περὶ
3383 2898 3480 2966 τὴν
3512 2898 3824 2953 ἐνεστῶσαν
3854 2899 4016 2968 περί-

2447 3005 2636 3042 στασιν
2664 2989 2773 3058 ἔχω
2801 2987 3228 3057 καταγινώσκειν
3258 2981 3353 3040 τοῦ
3383 2989 3646 3058 βασιλέως
3684 2990 4014 3043 Καντακου-

2448 3078 2633 3148 ζηνοῦ,
2661 3079 2782 3132 οὕτε
2811 3077 3140 3148 ζηλοτυπίαν
3163 3079 3257 3131 καὶ
3307 3079 3463 3132 κότον
3491 3079 3796 3149 ἀπέραντον
3816 3081 4022 3150 Ἀννης

2446 3168 2742 3230 αἰτιᾶσθαι,
2770 3170 2862 3221 καὶ
2886 3167 3294 3220 άκατάλλακτον
3318 3167 3540 3237 ἔχθραν
3569 3168 3704 3221 ἀλλὰ
3740 3186 4024 3236 μυστικω-

2446 3258 2636 3326 τέρους
2673 3257 2821 3319 τινάς
2865 3257 2959 3325 τῆς
2999 3256 3256 3324 προνοίας
3311 3257 3570 3324 τρόπους⁹
3637 3257 3674 3325 ἢ
3713 3257 3784 3309 τά
3838 3260 4024 3310 πάντα

2448 3349 2628 3411 καλῶς
2660 3346 2936 3401 διοικοῦσα
2963 3347 3060 3411 τάς
3088 3349 3146 3400 ἐν
3177 3347 3356 3410 ἄλλοις
3393 3347 3790 3416 ἡμαρτημένας
3839 3349 4026 3412 αίτίας

2449 3442 2661 3510 καιροῖς
2697 3441 2753 3492 ἐν
2809 3439 3014 3508 ἐτέροις
3057 3439 3326 3509 λαμπρῶς
3371 3439 3687 3504 ἀποδίδωσι,
3741 3443 4028 3508 γεωργίας

2454 3525 2759 3595 μιμουμένη
2781 3526 2993 3592 λόγουςο
3015 3526 3054 3596 ἢ
3091 3527 3182 3579 καὶ
3228 3526 3366 3595 αὐτὴ
3398 3526 3498 3592 τὴν
3545 3525 3654 3579 τῶν
3688 3531 4027 3597 σπερμάτων

2452 3614 2756 3683 καταϐολὴν
2783 3617 2840 3668 ἐν
2879 3617 3059 3678 ἄλλοις
3114 3618 3180 3686 τῇ
3215 3619 3286 3685 γῇ
3353 3615 3655 3684 ποιουμένη
3711 3619 3929 3687 καιροῖς
3970 3622 4030 3672 ἐν

2452 3705 2656 3773 ἑτέροις
2679 3707 2853 3775 τρυγᾷ
2882 3706 3008 3767 τοὺς
3033 3705 3304 3772 καρπούς.

2524 3795 2599 3848 B'.
2631 3795 2730 3848 Διὰ
2748 3796 2812 3865 δὴ
2841 3797 3014 3848 ταῦτα
3041 3797 3138 3849 καὶ
3173 3797 3476 3866 μνησθῆναι
3532 3801 3663 3869 μιᾶς
3701 3816 3847 3861 τινος
3905 3799 4033 3851 άνε-

2457 3886 2729 3953 πιφθόνως
2770 3887 2879 3938 τῶν
2937 3887 3232 3940 ἐπιστολῶν
3287 3889 3770 3959 Καντακουζηνοῦ,
3803 3891 4034 3958 γενομὲ-

2455 3996 2566 4041 νοις
2591 3981 2717 4047 ἡμῖν
2739 3979 2989 4032 ἐνταυθοῖ
3008 3980 3107 4046 τῆς
3158 3981 3486 4051 διηγήσεως,
3540 3982 3675 4051 πρὸς
3721 3981 4034 4052 βουλήσεως

2458 4069 2688 4136 γίνεται’
2717 4068 2773 4120 αἳ
2801 4068 2885 4120 διὰ
2920 4067 3080 4120 τοῦτο
3110 4070 3425 4138 σεσίγηνταί
3459 4088 3550 4138 μοι
3587 4071 3750 4140 μέχρι
3777 4069 3898 4135 νῦν,
3937 4070 4034 4123 καὶ

2458 4161 2630 4214 ταῦτα
2659 4159 2847 4213 πολλαί
2872 4178 3014 4221 τινες
3045 4160 3204 4214 οὖσαι
3240 4163 3332 4213 καὶ
3374 4163 3616 4230 συνεχεῖς
3648 4163 3702 4213 αἱ
3734 4163 4037 4230 πεμπόμεο

2461 4270 2550 4306 ναι
2581 4256 2715 4324 πρὸς
2747 4252 2909 4307 αὑτοῦ
2963 4253 3306 4318 Βυζαντίοις,
3357 4253 3436 4306 ὅτι
3492 4253 3696 4322 πολλὴν
3757 4271 3880 4305 τινα
3939 4254 4041 4322 τὴν

2464 4346 2780 4399 ὕπόπτωσιν
2808 4344 2950 4413 εἶχον
2979 4345 3073 4396 καὶ
3121 4346 3512 4415 σμικροπρεπῆ
3541 4364 3660 4398 τινα
3713 4347 3808 4415 τὴν
3848 4350 4043 4417 παρά-

796 4461 916 4504 -1ate
963 4465 1026 4502 ac
1056 4448 1338 4516 diligentia
1384 4458 1550 4500 totam
1596 4446 2027 4501 controversiam
2077 4447 2359 4510 dirimere,
2394 4456 2469 4512 D‘

2394 4456 2437 4512 ι)
2468 4435 2678 4504 κλησιν’
2756 4434 2876 4497 ἐξὸν
2946 4435 3444 4503 διαγρηγορήσαντι
3525 4434 4041 4504 στρατηγικώτερον

808 4557 919 4595 non
971 4550 1151 4593 autem
1185 4540 1258 4592 ita
1291 4548 1505 4606 tempus
1536 4537 1734 4592 frustra
1770 4548 1968 4603 terere,
2000 4538 2274 4607 simulque
2309 4548 2365 4593 et

812 4647 871 4684 se
920 4633 1096 4700 ipsum
1151 4637 1205 4682 et
1256 4629 1561 4681 Romanum
1617 4628 1926 4696 imperium,
1963 4643 2085 4682 cum
2143 4627 2367 4682 minime

2467 4526 2667 4594 τρόπον
2687 4525 3081 4594 κραταιοτέραν
3111 4524 3447 4593 ποιήσασθαι
3483 4527 3575 4577 καὶ
3607 4525 4044 4594 σπουδαιοτέραν

2467 4617 2565 4686 τὴν
2591 4617 2683 4669 τοῦ
2711 4616 2915 4683 ἀγῶνος
2950 4617 3153 4684 κρίσιν,
3188 4615 3384 4684 καὶμὴ
3420 4617 3596 4685 μάτην
3631 4616 3774 4668 οὕτω
3827 4618 4047 4685 τρίϐει-θ

799 4697 1112 4789 «portet-et,
1148 4719 1286 4772 adeo
1333 4715 1611 4777 afﬂictare,
1643 4725 1703 4768 ut
1740 4716 1849 4784 jam
1897 4717 1948 4768 in
1983 4730 2158 4783 genua
2191 4714 2372 4783 prola-
2464 4727 2472 4742 ‘

2464 4709 2560 4762 τὸν
2580 4708 2790 4777 χρόνον,
2819 4708 2912 4760 καὶ
2946 4707 3188 4777 φθείρειν
3223 4705 3319 4773 μέν
3351 4707 3565 4769 ἐαυτὸν,
3599 4697 3859 4774 φθείρειν’
3883 4708 3942 4761 δὲ
3977 4710 4047 4760 τά

807 4825 975 4880 :psum
1027 4824 1138 4863 non
1198 4817 1380 4877 speret
1441 4805 1754 4859 institurum
1807 4819 1864 4859 se
1918 4819 2154 4873 unquam
2212 4804 2372 4884 facile

2481 4798 2768 4866 Ῥωμαίων
2805 4798 2866 4850 οὑ
2894 4796 3011 4850 δέον
3054 4797 3375 4866 πράγματα,
3399 4797 3474 4857 ὡς
3525 4798 3618 4847 καὶ
3644 4797 3700 4858 ἐς
3751 4797 3881 4863 γόνυ
3949 4815 4050 4850 πε-

816 4900 1094 4969 prioribus
1130 4897 1399 4965 vestigiis.
1436 4895 1621 4949 Potuit
1647 4896 1792 4948 enim
1843 4894 1954 4956 ille,
2005 4896 2056 4960 si
2089 4893 2371 4959 voluisset,

803 4992 1127 5060 antiquiora
1159 4991 1402 5058 quaedam
1439 4988 1540 5041 sibi
1573 4987 1639 5040 ad
1690 4986 2012 5039 imitandum
2065 4985 2205 5040 facta
2246 5001 2374 5054 pro—

2476 4891 2636 4943 σόντα
2658 4891 2759 4959 ἤδη
2793 4889 2987 4956 μηκέτ’
3006 4889 3245 4951 ἐλπίζειν
3273 4887 3468 4957 ῥαδίως
3492 4890 3581 4938 ἐπὶ
3597 4887 3699 4939 τῶν
3718 4888 4049 4956 εἰθισμένων

2476 4980 2759 5052 κρηπίδων
2783 4981 3029 5051 ἐστήξειν
3049 4997 3064 5011 ·
3093 4979 3179 5050 [Ρ.
3214 4979 3340 5049 473]
3367 4979 3511 5048 ἔχειν
3536 4979 3644 5046 γὰρ
3672 4977 3854 5042 αὐτὸν,
3890 4980 4052 5047 εἴπερ

812 5098 1042 5154 ponere,
1065 5082 1236 5136 Alexii
1265 5095 1461 5148 nempe
1482 5077 1768 5140 Comneni,
1789 5086 2050 5130 eteorum
2080 5076 2171 5145 qui
2198 5077 2375 5145 ipsum
2480 5073 2485 5120 ί

2480 5071 2754 5135 ἐϐούλετο,
2783 5071 2918 5140 πρὸς
2967 5071 3296 5138 ἀρχαιότερα
3341 5069 3439 5136 τὴν
3485 5068 3717 5137 μίμησιν
3747 5066 4052 5136 ἀναφέρειν

809 5183 1160 5226 antecesserc
1204 5177 1458 5238 (quorum
1492 5169 1634 5223 acris
1667 5168 1846 5221 virtus
1894 5165 2167 5237 Byzantiis
2215 5165 2377 5221 facile
2480 5180 2482 5195 '

2480 5161 2590 5212 τῶν
2629 5161 2824 5231 ἔργων,
2851 5159 3090 5223 Ἀλεξίου
3130 5158 3222 5209 τοῦ
3263 5157 3547 5226 Κομνηνοῦ
3584 5157 3786 5226 δηλαδὴ
3817 5159 4053 5211 καὶτῶν

815 5263 1125 5332 prmripuit,
1160 5276 1228 5315 ne
1259 5261 1497 5314 hostium
1531 5258 1758 5312 consilia
1782 5256 2229 5323 celeritatemque
2271 5254 2377 5306 im-

824 5353 1122 5424 pressionis
1141 5361 1446 5421 opportune
1474 5349 1866 5420 praecaverent)
1888 5355 1944 5402 et
1968 5346 2178 5400 inﬁnita
2205 5344 2381 5398 diver-

2483 5252 2589 5321 πρδ
2623 5252 2788 5304 αὐτοῦ
2814 5246 2909 5318 (ὧν
2943 5253 2976 5320 ή
3001 5250 3196 5318 ὀξύτης
3241 5250 3480 5317 εὐχερῶς
3524 5248 3840 5312 Βυζαντίοις
3895 5251 4054 5316 ἀφεί-

2484 5343 2624 5407 λετο,
2680 5343 3064 5413 προσηκόντως
3105 5341 3469 5410 φυλάττεσθαι
3497 5341 3594 5410 τὴν
3632 5341 3738 5393 τῶν
3767 5342 4055 5410 πολεμίων

814 5463 992 5518 suque
1038 5457 1146 5502 tam
1196 5446 1541 5516 populariqu
1572 5458 1799 5499 suorum
1831 5455 1995 5510 quam
2023 5448 2379 5493 externorum
2485 5459 2487 5483 ι

2485 5435 2729 5488 ἐπίνοιαν
2756 5435 2849 5486 καὶ
2884 5434 2944 5486 τὸ
2971 5435 3069 5502 τῆς
3114 5433 3305 5501 ἐφόδου
3337 5432 3520 5502 τάχος)
3549 5434 3639 5486 καὶ
3668 5433 3843 5503 μυρία
3875 5436 3940 5487 ἐν
3967 5435 4057 5489 άλ-

2169 5579 2500 5641 Variorum
2529 5585 2714 5636 notae.

896 5718 1009 5783 (I0)
1065 5716 1142 5771 lta
1194 5718 1360 5768 etiam
1403 5715 1718 5769 Vaticanum
1769 5711 2083 5780 exemplar;
2148 5725 2211 5762 cx
2255 5724 2386 5777 quo,
2425 5720 2545 5775 qua:
2597 5706 2650 5760 in
2721 5702 2888 5773 Regio
2919 5701 3231 5772 apograplto
3258 5695 3945 5765 decsscnt,suppleturum
3976 5712 4056 5750 me

826 5788 1133 5857 sperabant.
1171 5786 1376 5841 UOH/IN.
