4236 6442
245 443 362 509 993
609 437 688 508 [Α.
723 451 775 491 c.
817 432 977 507 1346]

1260 436 1700 499 ΒΥΖΛΝΤΙΝΑΞ.
1759 432 2139 497 HISTORIA!
2182 432 2320 502 LIB.
2366 437 2466 502 XV

2617 432 2749 509 [ηιμ.
2790 454 2833 494 r.
2875 455 3105 499 ωιεοι..
3150 441 3208 515 5]

3375 441 3488 515 994

252 566 367 627 λοις
387 561 522 616 ἄλλα
545 559 654 613 τῶν
686 576 745 612 τε
775 557 1063 628 ὁμοφύλων
1117 556 1212 608 καὶ
1250 554 1584 622 ἀλλοφύλων,
1640 571 1805 622 παραγ

1926 557 2210 610 hominum
2233 560 2502 626 exempla,
2531 559 2624 628 qui
2655 559 2707 613 in
2737 561 3006 617 similibus
3041 571 3204 632 atque
3229 565 3392 620 etiam
3428 569 3485 623 in

255 655 520 721 πλησίαις
563 651 654 705 καὶ
705 648 945 719 μείζοσιν
978 638 1413 716 ἐντετυχηκότων
1445 643 1621 698 ἄλλοτ’
1648 645 1821 707 ἄλλως

257 746 437 798 ἄλλων
467 740 822 811 περιστάσεσι
863 738 1056 802 βιαίων
1105 738 1197 790 καὶ
1249 736 1819 802 δυσανταγωνιστικωσ

258 835 434 903 τέρων
475 831 616 900 μάλα
643 830 1003 898 πραγμάτων.
1482 895 1489 898 _

337 922 409 975 F’.
448 922 635 986 Ὅμως
667 920 786 972 ἐπεὶ
811 921 923 978 τοῖς
944 919 1042 988 τῆς
1073 919 1329 987 προνοίας
1355 918 1687 988 ἀπορρήτοις
1733 933 1828 967 πε-

260 1015 455 1081 λάγεσι
480 1018 538 1064 τὸ
562 1012 669 1064 τῶν
700 1012 957 1063 τοιούτων
996 1011 1170 1078 λόγων
1203 1012 1566 1079 ὲπαφήκαμεν
1599 1009 1824 1074 σκάφος,

265 1106 401 1174 φέρε
424 1105 522 1174 τὴν
556 1105 845 1172 ὑπόσχεσιν
877 1103 1186 1170 ἀποδῶμεν,
1231 1105 1356 1171 μιᾶς
1385 1119 1526 1164 τινος
1550 1101 1656 1153 τῶν
1687 1101 1828 1151 καν-

263 1194 601 1263 τακουζηνοῦ
633 1194 858 1263 μακρῶν
894 1195 949 1255 ές
985 1194 1315 1257 Βυζαντίους
1349 1192 1646 1244 ἐπιστολῶν
1671 1207 1827 1257 ποιη-

268 1287 759 1355 σάμενοιμνήμην,
815 1285 908 1339 τοῦ
954 1303 1013 1337 τε
1075 1287 1283 1355 μήκους
1332 1285 1724 1354 ῦφαιρούμενοι
1761 1283 1826 1334 τὰ

264 1379 517 1437 πλεῖστα.
550 1377 645 1430 τοῦ
673 1377 943 1445 ιπαχθοῦς
973 1377 1178 1440 εἵνεκα,
1212 1379 1304 1428 καὶ
1333 1375 1446 1444 ἅμα
1471 1375 1534 1427 τό
1591 1375 1827 1436 ἀκαλλὲς

262 1466 380 1521 τῶν
410 1468 607 1532 λέξεων
637 1465 715 1534 πὴ
750 1467 847 1535 μὲν
879 1467 1076 1535 μικρὸν
1107 1466 1476 1532 ὑπερείδοντές
1509 1469 1672 1516 τεκαὶ
1709 1466 1829 1516 ἀνε-

264 1559 562 1628 γείροντες,
586 1557 681 1610 τοῦ
714 1557 1022 1627 εὐπρεποῦς
1065 1558 1246 1610 εἵνεκα
1267 1557 1376 1609 τῶν
1407 1557 1663 1608 ἀκούσειν
1700 1554 1828 1625 μελ-

167 1707 172 1710 _
262 1650 489 1714 λόντων,
527 1650 606 1718 πὴ
636 1648 680 1701 δ’
713 1647 930 1712 ἐῶντες,
961 1649 1050 1700 διὰ
1075 1651 1173 1718 τὴν
1196 1648 1291 1716 τῆς
1318 1647 1572 1716 ἀληθείας
1599 1649 1828 1717 ἐναργε-

267 1746 358 1794 στέ
368 1760 465 1809 ραν
489 1741 598 1794 τῶν
624 1741 937 1809 λεγομένων
979 1740 1233 1808 δήλωσιν.

337 1837 410 1882 Δ⁸.
445 1848 463 1880 ι
505 1824 696 1890 Οἶσθα,
734 1848 753 1880 ο
820 1831 984 1898 φησὶν
1037 1832 1169 1900 (Η),
1219 1849 1238 1882 s
1277 1830 1540 1898 ἀγιώτατε
1592 1829 1825 1882 δέσποτα

268 1922 605 1990 πατριάρχα,
658 1882 758 1990 τήν
823 1882 1270 1990 ἕρελίανῼεέόσην
1308 1882 1658 1990 ἐνεδειξάμην
1691 1921 1824 1989 πρὸς
1855 1882 1902 1941 Β

267 2009 331 2062 σὲ
353 2013 447 2062 καὶ
474 2012 572 2080 τὴν
594 2009 693 2080 σὴν
722 2011 908 2080 τιμὴν,
967 2013 1060 2064 καὶ
1111 2013 1298 2064 ὀπόσοι
1355 2027 1438 2064 σοι
1494 2013 1632 2064 κατά
1672 2012 1827 2078 γένος

263 2103 545 2171 προσῆκον
577 2118 592 2134 ⁸
626 2103 760 2172 ὅσην
779 2119 839 2155 τε
884 2104 1121 2172 σπουδήν
1174 2105 1488 2174 εἰσήνεγκα,
1543 2103 1678 2174 πρὸς
1727 2104 1827 2174 τὴν

266 2193 676 2263 πατριαρχικὴν
700 2193 1000 2263 ἀναχθῆναι
1047 2210 1106 2246 σε
1143 2196 1450 2265 περιωπήν,
1485 2195 1624 2265 μήτε
1661 2196 1826 2264 μηδε-

268 2287 398 2354 μιᾶς
427 2287 722 2353 γενομένης
776 2286 996 2355 μνήμης
1025 2286 1199 2338 ούδενὶ
1234 2287 1343 2339 τῶν
1383 2275 1706 2340 ἐπισκόπων
1735 2288 1829 2341 καὶ

265 2377 660 2446 πρεσϐυτέρων
701 2380 757 2428 ὲν
793 2379 910 2434 ταῖς
976 2379 1398 2446 πατριαρχικαῖς
1452 2377 1827 2446 ψηφηφορίιις

266 2470 397 2536 περὶ
449 2468 562 2533 σοῦ,
596 2467 722 2536 μήτ’
745 2467 812 2520 αὖ
843 2467 998 2536 ήμῶν
1028 2469 1430 2534 εἰσαγαγόντων
1480 2469 1578 2538 τὴν
1604 2469 1826 2539 μνήμην

264 2561 362 2628 ὀψὲ
388 2560 485 2629 τὴν
516 2564 636 2628 σὴν,
666 2558 1072 2627 ἀναμφίλεκτον
1105 2559 1422 2630 εὑρηκότων
1449 2559 1546 2630 τὴν
1595 2563 1829 2628 είσαγω-

267 2650 392 2718 γὴν,
430 2652 664 2720 ἀφανείᾳ
690 2651 1060 2720 τετιμημένην
1089 2651 1228 2713 τέως
1269 2651 1458 2720 μακρᾷ
1493 2651 1587 2703 καὶ
1613 2650 1826 2721 βαθείᾳ.

272 2745 461 2811 Ὅμως
483 2741 662 2806 οἶσθα,
685 2744 911 2806 ὁπόσους
932 2744 1233 2813 τηνικαῦτα
1262 2744 1662 2813 διηντλήκαμεν
1687 2744 1828 2813 ὑπὲρ

266 2837 367 2904 τῆς
403 2835 501 2904 σῆς
529 2835 651 2896 τοῦς
679 2836 872 2897 πόνους
926 2835 1113 2904 τιμῆς,
1153 2839 1369 2888 πάντων
1421 2835 1829 2904 ἀνθισταμένων

274 2927 498 2996 μικροῦ,
529 2927 623 2977 καί
654 2926 982 2994 τυραννικήν
1029 2925 1341 2979 καλούντων
1394 2926 1611 2994 εκείνην
1671 2927 1829 2996 ήμῶν

267 3017 368 3085 τὴν
399 3012 852 3086 σπουδήν.οίσθα
885 3015 932 3067 δ’
983 3014 1050 3069 αὖ
1097 3017 1192 3069 καὶ
1242 3015 1381 3085 μετὰ
1437 3015 1498 3067 τὸ
1552 3015 1825 3081 γενέσθαι,

269 3106 462 3165 πόσαις
497 3105 747 3170 ἐνέτυχες
770 3106 1126 3169 περιστάσεσι
1160 3105 1297 3170 πρὸς
1325 3102 1420 3156 τοῦ
1462 3104 1826 3168 ’Δποκαύκου,

265 3198 365 3256 τὰς
425 3193 710 3262 βασιλικὰς
777 3193 1168 3260 ύπορύττοντος
1243 3193 1430 3256 ἀκοὰς,
1505 3192 1599 3245 καὶ
1662 3194 1828 3261 συχνά

267 3288 378 3339 τῶν
409 3286 614 3353 θρόνων
647 3301 706 3336 σε
758 3285 1031 3346 πείθοντος
1089 3284 1355 3339 καθελεῖν.
1421 3277 1519 3335 ’ον
1576 3285 1830 3338 ἁπάντων

269 3379 604 3446 καθαιρέτης
633 3377 875 3447 ὑπῆρχον
910 3377 1092 3440 αὐτὸς,
1145 3376 1536 3446 μηχανήμασιν
1573 3376 1829 3439 averna;

273 3472 647 3540 μηχανήματα
674 3471 767 3521 καὶ
800 3469 1111 3529 έλεπόλεσιν
1141 3469 1438 3532 ἑλεπόλεις,
1491 3468 1586 3522 καὶ
1621 3470 1830 3538 πύργος

271 3578 355 3612 σοι
385 3562 668 3627 γινόμενος
695 3560 985 3628 κράτιστος
1016 3560 1111 3612 καὶ
1136 3559 1384 3624 θεμέλιος
1405 3561 1676 3622 ἀσειστος.
1699 3561 1830 3612 Δέον

266 3650 362 3703 οῦν
394 3651 490 3701 καὶ
521 3650 578 3702 σὲ
606 3653 716 3711 τοῖς
750 3649 955 3718 ὁμοίοις
985 3651 1128 3718 ἡμᾶς
1165 3650 1513 3718 ἀμείϐεσθαι,
1548 3651 1612 3703 σὺ
1644 3651 1700 3702 δὲ
1737 3650 1830 3703 καὶ

269 3740 820 3810 προσεπιδαψιλεύσω
848 3743 917 3791 τά
949 3742 1196 3808 χείριστα
1242 3740 1364 3793 καθ’
1404 3741 1582 3809 ἡμῶν.
1621 3742 1826 3812 Δεηθῆ-

269 3835 357 3886 ναί
402 3849 460 3883 σε
493 3831 669 3902 χρεὼν
721 3832 898 3884 τοίνυν
951 3831 1046 3883 τοῦ
1100 3831 1256 3896 Θεοῦ,
1319 3833 1394 3901 μὴ
1446 3835 1826 3902 παραπλησίου

267 3926 455 3993 τυχεῖν
487 3923 696 3976 ἐκείνου
720 3923 928 3992 κριτοῦ.
976 3925 1082 3977 Καὶ
1122 3926 1170 3976 εί
1214 3926 1313 3994 μὲν
1347 3927 1424 3987 είς
1484 3929 1678 3997 πεῖραν
1736 3927 1829 3980 ίὼν

269 4017 541 4086 πρότερον
574 4015 960 4078 συνεϐούλευες
996 4017 1095 4084 μὲν
1121 4017 1243 4084 ἐμοὶ
1275 4018 1341 4068 τὰ
1393 4017 1654 4070 δοκοῦντα
1697 4035 1830 4089 χρη-

149 4159 165 4169 _
270 4107 400 4169 στά,
428 4102 682 4173 εῦρισκες
710 4103 756 4155 δ’
785 4098 878 4154 οὖν
901 4102 1398 4171 δυσανασχετοῦντα
1447 4108 1540 4156 καὶ
1571 4105 1643 4172 μὴ
1701 4122 1826 4156 πει-

269 4197 521 4263 θόμενον,
552 4197 618 4248 ἀν
642 4212 760 4247 τινα
791 4195 906 4263 (12)
928 4196 1201 4264 πρόφασιν
1233 4197 1263 4263 ἡ
1294 4195 1359 4262 σὴ
1415 4195 1531 4247 καθ’
1566 4197 1720 4264 ήμῶν
1735 4197 1829 4265 τῆς

269 4289 468 4350 κακίας
507 4286 711 4354 ταύτης
747 4287 1004 4354 συσκευὴ.
1052 4286 1166 4337 Νῦν
1217 4286 1260 4337 δ’
1313 4287 1500 4338 οὐδένα
1557 4303 1639 4338 σοι
1675 4288 1828 4352 λόγον

269 4378 709 4444 εὐπροφάσιστον
729 4371 883 4444 οἶμαι
910 4375 1207 4442 λελεῖφθαι,
1233 4375 1368 4441 πρὸς
1399 4376 1698 4440 ἀπολογίαν
1723 4377 1829 4427 τῶν

217 4484 220 4486 ⁷
267 4465 415 4518 οῦτω
444 4467 739 4533 δρωμένων
788 4465 942 4517 ίόντι.
989 4463 1173 4528 Ἀπαξ
1205 4465 1312 4532 γὰρ
1338 4465 1664 4535 ἀπειρηκότι
1693 4483 1830 4519 παν-

1929 645 2229 714 majoribus
2258 648 2602 715 negotiorum
2631 650 3070 704 turbulentorum
3095 652 3489 710 diﬂlciliorum-

1926 751 2032 806 que
2064 738 2330 794 molestiis
2357 740 2495 794 alias
2525 742 2683 795 aliter
2714 743 2914 798 versati
2946 752 3098 798 sunt.

1998 909 2087 968 Ill.
2135 911 2333 970 Verum
2378 917 2506 985 quia
2556 931 2759 973 arcano
2809 920 3170 976 Providentia:
3217 925 3498 993 profundo

1926 1020 2114 1059 earum
2165 1021 2347 1060 rerum
2396 1023 2589 1063 causas
2618 1019 2672 1064 et
2726 1013 2988 1075 rationes,
3028 1015 3192 1068 veluti
3239 1018 3493 1088 cymbam

1926 1097 2185 1164 aliquam,
2236 1099 2621 1167 permisimus;
2681 1115 2801 1170 age,
2863 1105 3190 1172 promissum
3244 1106 3491 1161 absolva-

1927 1203 2070 1251 mus,
2105 1203 2168 1242 ac
2208 1207 2369 1243 unam
2419 1206 2484 1244 ex
2537 1191 2876 1260 longioribus
2920 1193 3080 1264 755
3124 1195 3494 1252 Cantacuzeni‘

1928 1277 1996 1331 ad
2040 1277 2329 1348 Byzantios
2359 1280 2609 1348 epistolis
2639 1281 2720 1335 sic
2753 1282 3067 1350 afferatnus,
3107 1297 3166 1341 ut
3214 1296 3270 1340 et
3315 1288 3493 1355 plera-

1927 1387 2034 1439 que
2075 1373 2220 1425 tedii
2263 1373 2470 1428 vitandi
2502 1376 2672 1444 gratia
2709 1376 3040 1441 recidamus,
3073 1390 3130 1432 et
3172 1381 3491 1434 invenuslas

1925 1461 2218 1524 dictiones,
2250 1463 2412 1516 modo
2444 1467 2755 1520 auditorum
2790 1475 2846 1521 et
2895 1467 3081 1521 decori
3117 1469 3286 1537 ipsius
3325 1487 3495 1527 causa

1929 1548 2219 1605 fulciamus
2245 1552 2438 1606 leviter
2467 1561 2520 1607 et
2548 1555 2845 1623 erigamus,
2880 1557 3042 1611 modo
3083 1558 3149 1611 ad
3189 1574 3370 1612 rerum
3400 1576 3496 1613 ve-'

1931 1641 2149 1697 ritatent
2180 1643 2493 1698 evidentius
2519 1644 2904 1701 declarandam
2939 1649 3175 1704 intactas
3205 1651 3488 1721 relinquas

1931 1746 2074 1786 mus.

1999 1824 2090 1878 IV.
2136 1843 2154 1875 ι
2196 1825 2344 1893 Scis,
2391 1825 2592 1897 inquit,
2629 1829 2969 1886 sanctissime
3008 1825 3227 1885 domine
3259 1833 3492 1902 patriafs

1932 1916 2056 1976 cha.
2088 1931 2257 1986 quam
2281 1919 2588 1972 studiosum
2613 1935 2698 1974 me
2726 1929 2783 1974 et
2815 1923 2891 1976 tui
2923 1932 2976 1978 et
3003 1922 3284 1993 dignitatis
3310 1941 3410 1979 tua:
3435 1935 3491 1981 et

1893 2021 2122 2089 _eorutu
2178 2009 2457 2073 munitam,
2507 2012 2602 2080 qtui
2657 2027 2707 2066 te
2761 2015 3084 2083 cognatione
3136 2017 3490 2086 attingerent,

1933 2114 2151 2168 semper
2177 2102 2437 2170 gesserim
2466 2120 2489 2162 :-
2514 2111 2575 2158 et
2606 2115 2871 2174 quantum
2916 2107 3209 2176 diligentiae
3243 2112 3495 2166 contule-

1934 2191 2060 2252 rim,
2095 2199 2154 2244 ut
2185 2200 2242 2246 tu
2283 2192 2351 2246 ad
2399 2195 2817 2262 patriarchalem
2856 2197 3119 2252 honorem
3170 2203 3504 2267 eveherere,

1934 2295 2060 2335 cum
2103 2283 2287 2337 nullus
2325 2283 2395 2338 de
2441 2293 2492 2338 te
2537 2287 2653 2340 sive
2681 2290 2994 2356 episcopus,
3031 2293 3146 2343 sive
3186 2292 3507 2362 presbyter,.

1933 2374 2268 2428 mentionem
2318 2375 2372 2428 in
2417 2376 2660 2431 ferendis
2705 2379 2976 2448 suffragiis
3004 2382 3365 2452 eligendoque
3400 2401 3511 2454 ρει--

1938 2467 2175 2521 triarcha
2210 2469 2508 2539 injecisset,
2542 2486 2646 2526 nec
2686 2471 2800 2541 ipsa
2843 2475 2919 2527 tui
2971 2475 3294 2540 nominatio,
3328 2493 3492 2546 quam

1935 2573 2128 2628 magna
2161 2569 2216 2614 et
2249 2561 2519 2629 profunda
2558 2563 2787 2632 caligine
2819 2564 2885 2616 ad
2933 2565 3080 2618 illam
3124 2581 3296 2635 usque
3348 2568 3492 2621 diem

1935 2651 2140 2719 dignati
2167 2650 2399 2715 fuerant,
2425 2655 2794 2708 controversia
2826 2657 3116 2711 caruisset.
3142 2657 3263 2712 Seis
3290 2668 3496 2725 tamen,

1934 2748 2171 2808 quantos
2210 2742 2437 2795 honoris
2473 2744 2551 2796 tui
2596 2759 2758 2799 causa
2792 2745 3176 2814 labores-,tum
3218 2752 3498 2803 sustinue-

1938 2833 2132 2896 rimus,
2163 2845 2421 2888 omnibus
2466 2835 2638 2890 ferme
2677 2836 3098 2906 refragantibus,
3131 2853 3196 2893 ac
3245 2850 3493 2894 nostrum

1935 2922 2070 2976 illud
2099 2923 2340 2978 studium
2370 2926 2716 2994 tyrannicum
2743 2928 3130 2983 vocitantibus.
3156 2927 3277 2984 Scis
3306 2945 3499 2985 rursus

1934 3019 1991 3064 et
2035 3013 2279 3079 quantis,
2317 3023 2609 3081 postquam
2654 3015 2961 3082 patriarcha
3015 3018 3362 3079 renuntiatus
3410 3033 3493 3082 es,

1936 3099 2171 3168 negotiis
2207 3101 2516 3168 implicatus
2550 3102 2742 3166 fueris,
2777 3104 3117 3160 obtundente
3148 3106 3497 3175 imperatoris

1935 3202 2098 3241 aures
2131 3191 2442 3257 Apocanco,
2480 3201 2644 3259 atque
2691 3201 2751 3245 ut
2803 3203 2855 3247 te
2907 3193 2974 3247 de
3015 3196 3186 3263 gradu
3232 3197 3501 3265 dejiceret

1931 3279 2164 3332 subinde
2213 3281 2497 3334 suadente.
2548 3282 2625 3335 Ea
2676 3298 2776 3351 ego
2811 3284 2992 3338 omnia
3022 3287 3345 3355 compressi,
3383 3304 3500 3342 ma-

1931 3369 2280 3425 chinationes
2312 3373 2834 3440 machinationibus,
2878 3377 3022 3430 vires
3071 3378 3282 3432 viribus
3326 3396 3497 3450 oppo-

1931 3463 2134 3526 nendo,
2166 3477 2230 3518 ac
2264 3479 2348 3517 tne
2394 3464 2567 3534 ipsum
2605 3466 2702 3520 tibi
2743 3469 3206 3536 propugnaculum
3241 3473 3496 3526 munitis-

1931 3554 2127 3609 simum
2174 3554 2700 3624 fundamentumque
2742 3558 3127 3612 inconcussum
3180 3561 3491 3628 praebendo.

1929 3646 2065 3698 Cum
2104 3645 2287 3712 itaque
2324 3645 2548 3712 paribus
2580 3647 2732 3714 paria
2759 3646 2952 3701 referri
2983 3659 3278 3718 oporteret,
3309 3659 3363 3703 tu
3397 3668 3496 3707 nos

1931 3735 2145 3804 injuriis
2175 3735 2480 3788 cumulatos
2513 3736 2748 3803 pessime
2767 3748 3145 3794 remuneratus
3169 3754 3248 3793 es.
3287 3740 3501 3810 Super-

1929 3835 2012 3878 est
2045 3827 2224 3894 igitur,
2264 3835 2324 3879 ut
2359 3826 2526 3880 Deum
2563 3841 2742 3895 roges,
2795 3843 2860 3881 ne
2890 3843 3016 3881 eum
3059 3829 3295 3898 judicent
3331 3847 3502 3900 expc--

1932 3919 2073 3970 riare
2106 3918 2181 3969 tui
2219 3917 2475 3970 similem.
2505 3916 2662 3983 Quod
2717 3916 2880 3988 756
2918 3920 2986 3981 si,
3029 3920 3169 3974 facto
3206 3923 3355 3988 prius
3389 3923 3493 3976 mei

1932 4008 2195 4075 periculo.
2227 4022 2290 4061 ea
2315 4008 2536 4076 quidem
2567 4011 2832 4063 suasisses
2863 4009 3018 4070 mihi,
3048 4025 3168 4078 quae
3199 4019 3254 4063 tu
3291 4012 3493 4080 optima

1931 4100 2257 4160 censuisses.
2287 4115 2372 4152 me
2396 4115 2525 4154 vero
2547 4101 2919 4169 impatientem
2946 4109 3000 4154 et
3027 4101 3248 4155 minime
3271 4103 3497 4156 audien-

1933 4201 2038 4244 tem
2072 4191 2218 4243 dicto
2246 4190 2594 4250 on‘endisses.
2627 4190 2821 4245 fuisset
2849 4200 3000 4245 certe
3047 4191 3245 4259 aliquis
3291 4201 3396 4246 tua:
3441 4194 3494 4247 in

1932 4296 2033 4333 nos
2070 4282 2268 4348 iniqua:
2296 4280 2600 4333 molitionis
2629 4289 2942 4348 praetextns.
2976 4281 3131 4336 Nunc
3164 4297 3289 4335 vero
3325 4284 3494 4347 nulla,

1932 4373 2144 4441 Opinor,
2194 4374 2291 4425 tibi
2341 4372 2650 4440 plausibilis
2700 4373 2842 4426 ratio
2879 4372 3064 4426 relicta
3115 4383 3216 4438 est,
3249 4374 3294 4426 si
3331 4375 3397 4428 ad
3432 4391 3496 4428 ea

1933 4482 2053 4534 qua:
2088 4464 2262 4518 fecisti
2296 4465 2636 4518 defendenda
2686 4465 3019 4533 aggrediare.
3075 4465 3296 4534 Ahjccta
3350 4468 3498 4520 enim

267 4559 477 4609 τάπασι
509 4557 604 4622 τὴν
626 4555 763 4623 πρὸς
832 4555 930 4623 ἐμὲ
993 4555 1085 4606 τοῦ
1142 4555 1326 4606 λοιποῦ
1381 4555 1724 4623 συμφωνίαν,
1772 4556 1831 4619 ἐξ

1935 4557 2126 4618 semel,
2169 4556 2317 4608 nullo
2353 4565 2640 4624 prxtextu,
2681 4556 2827 4608 omni
2866 4570 3078 4607 mecum
3119 4558 3170 4607 in
3217 4565 3496 4624 posterum

271 4647 529 4712 οὐδεμιᾶς
548 4645 1097 4715 προφάσεως,ούδένα
1121 4646 1244 4714 περὶ
1291 4652 1396 4698 τῶν
1425 4648 1831 4700 ἀποϐαινόντων

270 4737 524 4790 ἐντεῦθεν
543 4739 652 4796 τοῖς
688 4734 973 4804 Ῥωμαίων
1001 4735 1220 4806 [ΡᾹῊ]
1239 4738 1524 4804 πράγμασι
1552 4740 1832 4808 δυσχερῶν

270 4822 546 4875 ποιεῖσθαι
580 4822 736 4889 λόγον
766 4823 1152 4891 πεφρόντικας.
1177 4824 1238 4874 Ei
1267 4820 1361 4874 οῦν
1383 4824 1478 4890 ὀψὲ
1514 4824 1665 4889 γοῦν,
1694 4832 1831 4893 μετά

267 4917 369 4982 τὴν
411 4916 605 4980 πεῖραν
635 4911 731 4978 τῆς
760 4912 1082 4974 ἀποὸἀσεως
1115 4917 1208 4965 καὶ
1238 4915 1347 4965 τῶν
1403 4917 1460 4965 ὲν
1493 4915 1612 4981 δψει
1653 4916 1831 4986 διηνε-

267 5007 357 5058 κεῖ
392 5005 598 5066 κακῶν,
635 5006 712 5063 εἰς
747 5005 806 5055 τὸ
839 5005 936 5072 τῆς
977 5005 1198 5072 εἰρήνης
1257 5005 1590 5074 ἀπιλὸλέψαις
1643 5008 1826 5074 καλὸν,

268 5099 465 5159 σώζεις
497 5099 596 5165 μὲν
618 5097 678 5148 τὸ
721 5097 1068 5166 κατάλειμμα
1117 5097 1224 5149 τῶν
1273 5097 1575 5166 Ῥωμαίων,
1634 5099 1828 5163 σώζεις

265 5190 324 5241 δὲ
357 5189 572 5251 σαυτὸν,
609 5189 704 5239 καὶ
732 5187 956 5254 βασιλέα
979 5190 1070 5239 τὸν
1098 5189 1237 5251 νέον,
1284 5192 1422 5257 μετά
1474 5191 1570 5260 τῆς
1625 5192 1830 5260 μητρὸς

267 5282 362 5331 καὶ
389 5279 658 5348 βασιλίδος
683 5280 898 5345 Ἀννης.
937 5280 1074 5330 Εἰδὲ
1121 5282 1229 5339 τοῖς
1264 5282 1468 5348 ὁμοίοις
1518 5282 1598 5332 ἔτι
1657 5281 1830 5342 θέλεις

264 5372 548 5439 ἐμμένειν,
599 5373 754 5440 ήμεῖς
783 5373 880 5439 μὲν
914 5372 1009 5422 οῦκ
1039 5371 1312 5424 ἐθελονταὶ
1342 5372 1734 5440 βουληθείημεν
1766 5373 1832 5426 ἄν

267 5481 400 5516 ποτε
428 5465 683 5530 γενέσθαι
710 5467 804 5531 της
835 5464 1043 5526 οἰκείας
1089 5463 1260 5534 τύχης
1295 5467 1387 5516 καὶ
1449 5465 1594 5532 ζωῆς
1641 5465 1834 5534 προδό-

1935 4646 2343 4716 conjunctione,
2376 4645 2579 4698 nullam
2617 4645 2819 4698 deinde
2851 4660 3059 4710 curam,
3094 4647 3299 4699 nullam
3328 4647 3501 4698 ratio-

1935 4753 2057 4792 nem
2098 4738 2340 4791 habuisti
2372 4751 2561 4790 eorum
2605 4736 2896 4798 malorum,
2940 4749 3063 4803 quae
3101 4735 3159 4788 in
3194 4735 3500 4788 Romanum

1936 4829 2224 4896 imperium
2258 4826 2384 4879 inde
2410 4825 2801 4879 redundarent.
2829 4827 2898 4877 At
2920 4825 2964 4877 si
2991 4839 3112 4878 sero
3139 4825 3354 4889 saltem,
3381 4826 3504 4894 ipso

1932 4927 2127 4973 eventu
2159 4926 2212 4972 et
2243 4918 2505 4972 continuo
2540 4917 2804 4970 malorum
2832 4926 3129 4984 c0t15pet:tu
3160 4917 3408 4977 edoctus,
3431 4917 3500 4971 ad

1936 5011 2088 5077 pacis
2124 5009 2266 5064 bona
2301 5009 2584 5078 respicias,
2617 5009 2858 5063 servabis
2884 5009 3182 5062 etiamnum
3214 5018 3268 5061 et
3300 5009 3500 5061 Rouna-
3542 5039 3548 5048 -

1936 5117 2128 5155 norum
2151 5101 2296 5170 quod
2321 5109 2594 5170 superest,
2618 5110 2671 5154 et
2704 5111 2752 5153 te
2785 5100 2982 5168 ipsum,
3015 5109 3071 5153 et
3094 5100 3366 5169 juniorem
3401 5101 3511 5154 inr-

1939 5203 2242 5262 peratorem
2275 5207 2400 5245 cum
2434 5201 2606 5245 matre
2646 5193 2800 5245 Anna
2832 5192 3202 5261 imperatrice.
3233 5191 3327 5244 Sin
3367 5193 3510 5249 velis

1938 5285 1993 5336 in
2023 5282 2210 5336 eodem
2241 5296 2458 5350 semper
2493 5281 2740 5336 instituto
2768 5295 3033 5350 perstare,
3067 5283 3226 5337 nobis
3256 5298 3406 5347 sane,
3441 5293 3505 5338 ut

1940 5373 2211 5428 fortunam
2247 5388 2307 5426 ac
2339 5372 2503 5424 vitam
2539 5384 2778 5425 nostram
2814 5374 2955 5424 ultro
3004 5373 3322 5442 prodamus.
3362 5391 3510 5428 nun.-

1939 5481 2100 5534 quam
2134 5464 2442 5518 volentibus
2485 5464 2740 5518 accidet:
2793 5474 2844 5518 te
2892 5473 3076 5518 autem
3127 5466 3502 5534 nequidquam

1617 5581 1952 5643 Variorum
1983 5590 2168 5642 nouae.

343 5682 454 5747 (ll)
489 5681 702 5734 Annum
734 5683 933 5737 Christi
990 5684 1125 5738 1546
1161 5684 1532 5752 ascripsimus.
1596 5699 1705 5752 quo
1743 5686 1827 5736 in-

263 5762 431 5803 eunte
461 5755 634 5803 tlulant
697 5767 948 5820 putamus
1011 5757 1153 5807 illam
1208 5754 1568 5807 Cantacuzeni
1629 5760 1693 5810 ad
1730 5772 1825 5821 pn-

1925 5684 2070 5738 favet
2124 5684 2259 5738 ordo
2297 5686 2414 5753 ipse
2469 5701 2650 5738 rerum
2716 5683 3322 5739 narratarum.BomN.

2004 5756 2113 5820 (lii
2151 5753 2306 5826 [dilexi
2338 5756 2401 5826 ἀν
2434 5772 2577 5806 τινα.
2607 5755 2789 5808 Codex
2841 5753 3128 5811 Vaticanus
3154 5797 3167 5823 ,
3203 5765 3261 5810 ut
3311 5757 3505 5826 accepi

267 5822 563 5874 tnarcham
625 5823 884 5876 Joannem
944 5826 1251 5893 epistolam.
1304 5823 1439 5877 linic
1498 5825 1826 5892 conjectura:
1925 5841 1988 5878 cx
2034 5828 2103 5879 cl.
2139 5825 2198 5880 V.
2238 5825 2297 5879 L.
2337 5824 2590 5894 Targnio.
2621 5827 2827 5880 Doms.
