4236 6442
785 421 902 484 995
1083 412 1162 480 μ.
1203 427 1258 466 it.
1296 407 1455 470 δεδι.
1495 426 1606 466 ικι).
1653 407 1742 480 is]

1991 412 2407 474 NICEPHORI
2447 413 2827 474 ϐΒΕϐΟΗίΕ

3147 410 3281 481 [παν.
3322 424 3367 465 t.
3402 423 3639 466 MLEOL.
3679 410 3740 482 5]

3914 416 4022 478 σε

792 527 1100 598 paenitebit.
1131 527 1338 596 pudore
1365 525 1642 590 allectum,
1680 535 1734 580 et
1769 525 1824 579 in
1856 526 2105 580 maximis
2131 525 2352 595 pericli-
2379 530 2465 589 A1

2349 552 2352 563 ι
2379 530 2430 589 Α
2454 544 2542 578 ται
2569 541 2581 555 ’
2617 529 2700 578 σοὶ
2734 527 2779 579 δ’
2818 527 2971 577 ἔσται
3003 525 3310 595 μετάμελος
3346 527 3625 595 ἀνόνητος,
3643 527 4022 595 αἰσχυνομένῳ

793 630 1020 679 tantem.
1065 633 1189 672 cum
1238 616 1306 672 iis
1334 617 1426 686 qui
1458 616 1649 671 eadem
1683 625 1862 670 tecum
1914 618 2208 670 senserint.
2243 615 2356 684 Ego

792 726 924 763 vero
974 717 1378 764 sacrosanctam
1429 707 1739 776 almamque
1787 706 2137 768 Trinitatem,
2183 706 2355 759 Deum

793 801 1033 864 unicum,
1061 799 1208 868 juro,
1244 813 1329 852 me
1360 812 1460 852 nec
1491 799 1615 852 vivo
1643 796 1780 850 divae
1812 796 2086 852 memoriae
2121 797 2358 865 impera-

797 902 933 955 tore,
967 906 1068 945 nec
1093 892 1284 944 eodem
1319 901 1557 952 mortuo,
1593 888 1912 942 meditatum
1948 904 2069 944 esse
2098 899 2190 942 aut
2221 904 2357 943 con-

795 983 1042 1036 stituisse
1077 983 1373 1052 quidquam
1407 981 1612 1044 facere,
1646 981 1791 1050 quod
1821 996 1926 1034 non
1961 981 2035 1034 illi
2069 982 2356 1050 probatum

796 1073 1010 1136 fuisset,
1049 1083 1312 1141 quantum
1363 1072 1572 1126 scilicet
1622 1075 1688 1126 ad
1743 1073 2092 1141 imperatoria
2143 1072 2356 1140 negotia

793 1163 1099 1226 attinuerit,
1132 1179 1240 1216 non
1288 1163 1511 1232 quidem
1549 1164 1809 1218 adversus
1855 1163 2002 1218 illius
2049 1164 2355 1233 coniugem,

796 1269 976 1324 neque
1021 1256 1182 1308 etiam
1219 1255 1480 1310 adversus
1509 1255 1782 1324 juniorem
1825 1254 2235 1323 imperatorem,
2263 1269 2358 1308 eo.

797 1362 912 1398 i-um
944 1346 1150 1409 lilium;
1183 1361 1359 1414 neque
1391 1346 1652 1400 honorem
1679 1346 1852 1407 illum,
1877 1360 2036 1414 quem
2070 1345 2200 1398 mihi
2236 1356 2359 1414 post

795 1435 1142 1502 imperatoris
1165 1445 1394 1489 mortem
1424 1436 1662 1505 propriis
1680 1436 1839 1504 equis
1867 1435 2183 1490 desilientes
2208 1435 2356 1490 obvii

791 1525 996 1593 quique
1024 1525 1352 1589 tribuebant,
1379 1525 1447 1579 de
1480 1524 1750 1579 sententia
1782 1540 1900 1580 mea
1928 1524 2061 1578 mihi
2091 1539 2355 1594 unquam,

795 1615 888 1666 sed
931 1615 1150 1682 proprio
1192 1613 1430 1683 quodam
1463 1606 1680 1668 illorum
1713 1615 1872 1684 757
1905 1623 2077 1680 motu,
2116 1614 2356 1669 delattln

795 1703 984 1756 fuisse.
1018 1702 1306 1757 Enimvero
1347 1704 1483 1757 nihil
1533 1721 1642 1758 non
1692 1705 1791 1759 l'eci
1843 1706 2040 1774 quovis
2090 1713 2356 1774 tempore,

797 1793 933 1847 meis
958 1793 1119 1848 etiam
1149 1795 1433 1864 impensis,
1462 1811 1572 1866 quo
1596 1796 1910 1850 conservari
1938 1811 2128 1850 eorum
2162 1796 2271 1850 vita
2301 1805 2358 1851 et

2459 620 2553 672 καὶ
2575 617 2939 670 κινδυνεύοντι
2972 617 3198 686 περὶτὰ
3255 618 3510 686 μέγιστα,
3563 617 3660 668 σύν
3699 633 3764 683 γε
3797 618 3863 686 δὴ
3905 620 4022 677 τοις

2455 708 2629 762 ταυτά
2676 723 2760 758 σοι
2818 705 3372 774 συμδουλευομένοις.
3410 705 3655 776 Ὄμνυμι
3704 702 3763 756 δέ
3811 719 3894 754 σοι
3922 703 4025 770 τὴν

2458 801 2618 867 ἀγίαν
2669 801 2760 852 κα)⁸
2816 799 3129 868 ζωαρχικὴν
3164 798 3391 868 τράδσ,
3437 797 3528 848 τδν
3590 796 3686 848 ἕνα
3736 796 3893 855 Θεὸν,
3944 795 4023 857 ὡς

2456 889 2579 943 οὔτε
2615 889 2816 953 ζῶντος
2845 888 2937 940 τοῦ
2973 887 3282 955 μακαρίτου
3340 885 3628 954 βασιλῗωη
3663 883 3785 936 οὕτε
3836 883 4026 935 θανάσ-

2457 999 2572 1044 τος,
2611 999 2676 1049 με
2687 980 2963 1048 μελέτηκα
2988 978 3110 1031 οὑτε
3141 977 3500 1046 βεϐούλευμαι
3531 977 3663 1045 δρᾷν
3709 976 3818 1027 τῶν
3842 976 4025 1028 ἀλα-ιο

2458 1091 2565 1126 των
2594 1072 2768 1136 οὐδὲν,
2795 1071 2823 1123 δ
2855 1073 2930 1140 μὴ
2952 1069 3091 1122 κατά
3122 1069 3351 1137 γνώμην
3380 1063 3447 1137 ἦν
3477 1068 3692 1133 ἐκείνῳ,
3723 1065 3830 1118 τῶν
3863 1065 4022 1134 βασι-

2461 1164 2620 1218 λείων
2643 1164 2807 1217 ἕνεκα
2833 1161 3178 1232 πραγμάτων
3213 1159 3436 1230 δηλαδὴ,
3466 1158 3590 1211 οὔτε
3621 1157 3728 1228 μὴν
3752 1158 3894 1210 κατά
3917 1155 4026 1224 τῆς

2460 1255 2671 1310 εκείνου
2698 1253 2958 1320 συζύγου,
3012 1251 3124 1306 οὔτ’
3157 1251 3227 1305 αὖ
3271 1252 3414 1304 κατά
3441 1249 3539 1302 τοῦ
3597 1251 3722 1302 νέου
3754 1248 4025 1317 βασιλέως

2459 1346 2728 1400 κάκείνων
2769 1345 2910 1407 υιέος
2936 1361 2949 1374 ο
2982 1343 3096 1396 οὗθ’
3147 1343 3214 1414 ἠν
3264 1341 3550 1396 ἀπεδίδουν
3604 1341 3743 1410 μετά
3800 1341 3892 1392 τὸν
3922 1337 4022 1391 τοῦ

2463 1438 2727 1509 βασιλέως
2751 1437 2980 1490 θάνατον
3011 1435 3300 1506 βασιλικὴν
3323 1435 3515 1502 ἔμοιγε
3542 1433 3730 1501 τιμὴν,
3790 1433 3850 1484 ὲν
3900 1431 4024 1493 ταῖς

2458 1528 2796 1595 ὑπαντήσεσι
2844 1526 2954 1580 τῶν
3009 1527 3223 1580 οἰκείων
3297 1524 3602 1586 ἀποδάντες
3661 1523 3866 1588 ἵππων,
3920 1522 4025 1589 τῆς

2459 1621 2603 1692 ιμῆς
2636 1619 2900 1690 ετύγχανε
2926 1617 3176 1686 γνώμης,
3209 1615 3344 1670 ἀλλά
3371 1632 3455 1677 τις
3479 1613 3775 1683 ίδιότροπος
3797 1612 4026 1665 εκείνων

2459 1713 2627 1782 ὁρμή.
2669 1709 2814 1779 Ἐγὼ
2848 1708 2903 1762 δι
2939 1709 3094 1761 πάντ’
3124 1707 3294 1779 ἔδρων
3323 1706 3414 1760 ἀεὶ
3475 1705 3615 1775 μετά
3649 1705 3750 1771 τῆς
3807 1702 4027 1756 οἴκοθεν

2458 1805 2726 1874 δαπάνης,
2783 1803 2883 1855 ὅσα
2917 1801 3250 1871 συντήρησιν
3282 1795 3396 1869 εἷχε
3451 1799 3551 1866 τῆς
3611 1796 3817 1850 τούτων
3853 1793 4026 1860 ζωῆς,

797 1885 988 1940 salutis
1021 1885 1335 1955 praesidium
1381 1887 1448 1940 iis
1491 1887 1692 1942 muniri
1730 1896 1929 1956 posset.
1976 1886 2094 1941 Non
2140 1901 2358 1956 semper
2388 1877 2470 1951 B:

2352 1903 2358 1916 '
2388 1877 2430 1934 Β
2460 1898 2556 1951 καὶ
2585 1893 2891 1964 ἀσφαλείας
2944 1895 3130 1962 σφίσιν
3183 1892 3431 1960 ὑπῆρχεν
3460 1888 3779 1961 ἀκρόπολις.
3802 1885 3877 1938 Οὑ
3911 1885 4025 1937 τοί-

801 1977 1000 2044 itaquc,
1028 1978 1244 2045 opinor,
1274 1978 1458 2031 divina
1493 1979 1694 2034 tacebit
1734 1979 1968 2046 iustitia,
2013 1992 2137 2034 cum
2177 1987 2354 2032 vestra

803 2067 856 2119 in
891 2083 974 2120 nie
997 2078 1051 2120 et
1077 2083 1227 2122 meos
1249 2068 1508 2137 iniquitas
1531 2084 1597 2123 eo
1627 2071 1971 2140 proruperit;
1996 2084 2119 2124 cum
2141 2068 2358 2139 sangui-

799 2160 886 2214 nis
918 2169 1124 2212 tantum
1168 2160 1400 2216 eﬂ‘usum
1433 2162 1537 2225 sit;
1574 2179 1696 2217 cum
1735 2173 1814 2216 tot
1845 2162 2000 2218 facta:
2030 2163 2163 2225 sint,
2193 2169 2358 2230 atque

798 2251 1093 2304 itiamnum
1142 2255 1271 2306 liant
1310 2254 1468 2322 culpa
1515 2266 1712 2320 \cstra,
1761 2253 2054 2308 barbarica
2087 2253 2359 2307 incursio-

800 2359 933 2404 nes;
972 2361 1094 2398 cum
1127 2346 1359 2413 denique
1393 2356 1469 2398 tot
1502 2347 1702 2414 captivi
1741 2357 1901 2401 noctu
1946 2345 2148 2414 pariter
2174 2353 2229 2398 et
2271 2344 2356 2397 in-

800 2437 978 2490 terdiu
1013 2437 1374 2491 abducantur.
1420 2437 1524 2492 Sed
1575 2438 1781 2492 celeres
1823 2453 1854 2492 a
1901 2438 2055 2492 vobis
2103 2447 2158 2492 et
2197 2451 2357 2505 pares

803 2528 1010 2580 meritis
1040 2543 1226 2597 ptenas
1254 2539 1636 2598 persequetur,
1665 2529 1744 2583 uti
1778 2529 2032 2582 nimirum
2065 2544 2094 2580 a
2123 2528 2355 2590 cancris,

801 2627 1183 2682 quos‘tacente
1211 2634 1316 2682 me,
1349 2619 1451 2672 sub
1478 2619 1649 2673 oculis
1679 2620 1898 2684 vestris,
1933 2628 1992 2672 ut
2032 2632 2129 2672 vos
2170 2617 2360 2672 alienis

801 2708 1047 2761 cladibus
1068 2710 1443 2775 erudiremiui,
1468 2712 1714 2765 divinum
1741 2727 1940 2765 numen
1975 2709 2120 2764 ferro
2145 2711 2362 2764 absum-

803 2801 929 2868 psit.
961 2801 1115 2868 Quod
1157 2803 1202 2856 si
1252 2803 1358 2856 mei
1406 2818 1570 2857 causa
1624 2813 1826 2858 tantam
1872 2804 2055 2857 animo
2097 2804 2360 2858 adversus

798 2906 992 2947 omnes
1019 2891 1362 2947 Christianos
1409 2895 1554 2948 alitis
1601 2895 2018 2959 immanitatem,
2066 2905 2120 2948 et
2167 2897 2359 2963 quovis

800 2987 945 3037 icrro
993 2984 1248 3053 rigidiora
1277 2985 1440 3037 corda
1473 2986 1682 3054 geritis,
1721 2986 1901 3039 omnis
1940 2993 2121 3039 autem
2154 2997 2211 3040 et
2245 3001 2362 3040 mo-

803 3074 1014 3127 deratio
1042 3087 1098 3129 ct
1129 3075 1509 3128 misericordia
1539 3074 1707 3128 semel
1741 3073 1966 3128 omnino
1997 3089 2030 3128 e
2057 3074 2360 3128 visceribus

2461 2010 2558 2046 νυν
2583 1991 2886 2060 σιωπήσειν
2921 1990 3000 2051 εις
3031 1987 3186 2050 τέλος
3240 1986 3342 2057 τὴν
3391 1984 3543 2038 θείαν
3596 1983 3778 2050 οἴομαι
3839 1979 4026 2048 δίκην,

2457 2081 2730 2152 τοσαύτης
2763 2083 2861 2151 μὲν
2924 2079 3184 2147 ῥαγείσης
3250 2078 3371 2132 κατ’
3433 2074 3566 2145 ἐμοῦ
3621 2075 3717 2126 καὶ
3766 2071 3874 2124 τῶν
3927 2072 4029 2123 σὺν

2458 2175 2587 2242 ἐμοὶ
2632 2174 2731 2242 τῆς
2775 2171 2989 2234 ἀδικίας
3019 2170 3080 2235 ἐξ
3111 2169 3289 2239 ὑμῶν,
3340 2167 3611 2222 τοσούτων
3637 2166 3694 2218 δὲ
3752 2161 4030 2234 χυθέντων

2459 2261 2730 2331 αἱμάτων,
2787 2261 3056 2314 τοσούτων
3112 2261 3170 2312 δὲ
3215 2259 3527 2328 γενομένων
3581 2256 3676 2309 καὶ
3725 2253 4030 2322 γινομένων

2459 2355 2545 2408 διὰ
2576 2355 2672 2424 τὴν
2702 2354 2973 2423 ὑμετέραν
3014 2353 3213 2406 κακίαν
3257 2351 3462 2419 ἐφόδων
3499 2345 3875 2418 βαρϐαρικῶν,
3907 2359 4030 2395 τοσ-

2459 2447 2633 2500 ούτων
2656 2448 2701 2500 δ’
2729 2446 3092 2515 αἰχμαλώτων
3122 2445 3340 2512 νύκτωρ
3382 2443 3477 2495 καὶ
3501 2441 3618 2510 μεθ’
3650 2439 3864 2508 ἡμέραν
3888 2438 4030 2487 απα-

2461 2539 2740 2608 γομένων·
2772 2537 2910 2592 ἀλλά
2945 2539 3169 2607 ταχείαν
3223 2537 3320 2592 καὶ
3355 2533 3689 2602 ἀποχρῶσαν
3752 2531 3847 2583 καὶ
3903 2528 4028 2582 καθ’

2461 2630 2615 2700 ὑμῶν
2641 2629 2880 2682 ἐποίσειν
2917 2629 3015 2699 τὴν
3046 2628 3350 2696 εκδίκησιν,
3379 2626 3570 2693 ὥσπερ
3596 2625 3734 2693 δῆτα
3764 2624 3858 2675 καὶ
3885 2623 4030 2674 κατὰ

2458 2723 2566 2774 τῶν
2617 2721 2815 2784 ἄλλων,
2876 2720 2969 2779 οὓς
3021 2718 3182 2789 ἔργον
3231 2719 3440 2784 ξίφους,
3487 2715 3621 2784 ἐμοῦ
3686 2713 4026 2776 σιωπῶντος,

2459 2811 2761 2879 ἐπεπράχει
2799 2809 2860 2861 τδ
2899 2808 3045 2861 θεῖον
3103 2809 3210 2877 πρὸ
3231 2805 3527 2875 ὀφθαλμῶν
3558 2805 3732 2874 ὑμῶν.
3774 2805 3840 2856 ἵν’
3868 2806 4026 2872 ὑμεῖς

2458 2902 2576 2963 τοῖς
2629 2901 2737 2953 τῶν
2793 2900 2970 2952 ἀλλων
3019 2902 3209 2961 κακοῖς
3253 2898 3655 2964 παιδευθείητε.
3707 2897 3768 2948 El
3837 2899 4027 2964 μέντοι

2459 2993 2724 3061 τοσαύτην
2759 2991 3027 3059 ἐθρέψατε
3085 2989 3156 3043 δι’
3195 2990 3295 3057 ἐμὲ
3333 2989 3434 3058 τὴν
3498 2988 3794 3056 θηριωδίαν
3846 2990 3908 3038 ὲν
3958 2993 4026 3058 τῇ

2459 3082 2603 3152 ψυχῇ
2633 3081 2774 3135 κατά
2799 3082 3015 3134 πάντων
3043 3080 3229 3143 ἀπλῶς
3254 3079 3613 3148 Χριστιανῶν,
3666 3080 3759 3130 καὶ
3799 3079 4026 3146 σιδήρου

804 3165 1032 3228 οἰΠωιίι,
1061 3165 1218 3219 testis
1243 3175 1362 3219 esto
1394 3165 1628 3235 primum
1658 3166 1878 3234 quidem
1905 3165 2018 3230 ille,
2045 3181 2076 3220 a
2107 3181 2218 3234 quo
2244 3181 2357 3220 om-
2386 3206 2430 3265 ο
2467 3195 2477 3244 ι

2352 3197 2430 3265 -c
2467 3177 2569 3244 μὲν
2603 3173 2804 3235 παντὸς
2839 3171 3208 3242 σκληροτέραν
3264 3169 3567 3240 ἐκτήσασθε
3621 3171 3719 3236 τὴν
3772 3170 4025 3238 καρδίαν,

804 3257 894 3310 nia
925 3255 1354 3324 perspiciuntur,
1390 3255 1615 3324 pervigil
1643 3255 1739 3310 Dei
1772 3254 1966 3310 oculus
1997 3255 2242 3309 adeinde
2272 3255 2357 3308 i’ax

804 3361 920 3415 ipsa
953 3347 1106 3410 solis,
1144 3347 1482 3400 terrestrium
1520 3347 1766 3400 omnium
1813 3347 2013 3410 altrix;
2057 3361 2165 3409 me,
2212 3346 2357 3414 quod

798 3438 864 3490 ad
899 3453 983 3491 me
1021 3437 1312 3500 attinebat,
1342 3437 1718 3491 defensionem
1766 3453 1941 3490 meam
1982 3436 2202 3490 abunde
2230 3453 2358 3506 pro-

804 3529 1040 3589 liavisse.
1079 3543 1182 3582 nec
1231 3529 1539 3583 rationibus
1586 3529 1722 3582 mihi
1757 3529 2008 3597 pluribus
2043 3544 2182 3597 opus
2214 3543 2358 3580 esse.

801 3620 959 3672 Omni
995 3619 1160 3687 igitur
1194 3619 1360 3672 animi
1401 3619 1683 3672 voluntate
1711 3633 1884 3686 genua
1921 3630 2010 3671 tua
2040 3619 2359 3685 amplector,

803 3719 858 3763 rt
885 3723 981 3778 per
1007 3708 1253 3763 omnium
1303 3724 1486 3764 rerum
1526 3709 1868 3763 conditorem
1907 3709 2139 3762 obsecro
2174 3715 2246 3771 te,
2295 3723 2361 3761 ne

806 3800 1128 3869 negligentia
1156 3809 1244 3853 tua
1271 3800 1505 3866 accidat,
1539 3809 1600 3854 ut
1629 3800 1746 3853 haec
1764 3811 1950 3854 nostra
1973 3799 2202 3868 epistola
2226 3798 2363 3853 obli-

803 3893 962 3944 vionc
988 3901 1083 3945 aut
1107 3893 1217 3944 alto
1243 3891 1462 3945 silentio
1491 3905 1668 3944 mersa
1694 3891 1992 3955 obruatur;
2025 3889 2118 3944 sed
2154 3897 2213 3943 ut
2236 3905 2359 3943 cum

805 3982 1011 4035 intimis
1037 3996 1102 4036 ac
1135 3980 1460 4035 necessariis
1488 3980 1621 4044 tuis,
1656 3995 1782 4034 cum
1830 3980 1965 4034 viris
2013 3979 2364 4046 intelligenti—

809 4075 913 4126 l.us
948 4089 1068 4128 eam
1103 4072 1500 4126 communices.
1525 4072 1604 4126 Ita
1635 4072 1838 4141 quippe
1861 4072 2096 4125 duorum
2127 4071 2360 4125 alterum

804 4166 1050 4219 futurum
1078 4176 1181 4230 est,
1209 4175 1267 4219 ut
1297 4176 1392 4219 aut
1414 4164 1658 4220 melioris
1679 4165 1894 4219 consilii
1922 4173 2196 4227 auctores,
2225 4177 2363 4232 quos

802 4273 1055 4327 sequare,
1107 4259 1344 4324 habeas;
1392 4256 1558 4326 758
1609 4265 1709 4311 aut
1754 4258 1946 4311 saltem
1993 4270 2208 4321 eorum,
2241 4269 2364 4325 qua:

804 4359 1071 4419 geruntur
1098 4363 1330 4418 quaeque
1369 4351 1647 4414 accidunt,
1683 4348 1785 4418 ipsi
1820 4355 1986 4402 testes
2012 4347 2299 4401 exsistant.
2337 4363 2358 4397 ι

873 4621 935 4674 ν.
970 4619 1172 4676 Rubris
1203 4619 1292 4672 ille
1326 4619 1522 4672 litteris
1552 4628 1606 4671 et
1642 4616 1862 4687 prOpria
1893 4632 2055 4671 manu
2092 4631 2213 4670 cum
2248 4616 2362 4684 cpi-

801 4715 992 4768 stolam
1038 4712 1252 4780 longius
1284 4713 1646 4780 produxisset,
1676 4721 1732 4764 et
1791 4710 2015 4763 multam
2055 4712 2106 4764 in
2149 4709 2360 4778 suppli-

803 4803 978 4857 i-ando
1027 4803 1204 4872 pusilli
1267 4801 1434 4854 animi
1499 4799 1944 4870 signiﬁcationem
1987 4799 2246 4860 dedisset,
2300 4809 2361 4852 ut

803 4896 983 4949 medio
1017 4904 1320 4948 extremum
1357 4892 1732 4960 responderet,
1756 4891 2056 4944 orationem
2090 4891 2162 4943 ibi
2189 4889 2360 4943 ferme

801 4986 1094 5038 ronclusit.
1152 4984 1262 5038 Nos
1311 4997 1441 5036 vero
1496 4997 1616 5050 quae
1673 4981 1738 5034 ad
1773 4995 2012 5049 pra-setis
2055 4981 2362 5034 institutum

803 5076 1037 5128 maxime
1094 5074 1465 5144 pertinebant,
1494 5073 1618 5127 inde
1661 5073 2060 5141 excerpsimus,
2082 5081 2138 5126 et
2173 5086 2364 5126 eorum

801 5167 1198 5236 expositionem
1259 5167 1363 5219 hoc
1419 5165 1561 5230 loco,
1626 5165 1698 5218 ita
1753 5173 1812 5217 ut
1857 5163 2190 5218 conveniens
2222 5174 2362 5229 erat,

801 5261 1095 5313 edidimus.

2463 3265 2629 3333 φειδὼ
2659 3265 2716 3318 δὲ
2757 3267 2909 3318 πᾶσα
2961 3267 3055 3316 καὶ
3115 3260 3292 3325 οἶκτος
3347 3263 3494 3323 ἅπας
3543 3261 3795 3324 καθάπαξ
3853 3263 4027 3331 ιρρ-ιη

2461 3357 2572 3409 τῶν
2602 3355 2946 3422 σπλάγχνων,
3007 3354 3216 3423 μάρτυς
3273 3352 3411 3404 ἔστω
3445 3353 3663 3420 πρῶτον
3723 3351 3824 3418 μὲν
3881 3356 3910 3404 δ
3959 3354 4032 3405 τὰ

2461 3447 2643 3499 πάντα
2706 3445 2921 3513 βλέπων
3001 3444 3299 3511 ἀκοίμητος
3352 3442 3629 3511 ὀφθαλμὸς
3687 3442 3784 3494 τοῦ
3839 3443 3981 3496 Θεοῦ
4015 3462 4028 3474 ·

2461 3535 2715 3604 δεύτερον
2749 3531 2816 3595 δ’,
2844 3535 2877 3601 ὴ
2926 3532 2994 3584 τὰ
3021 3534 3203 3586 πάντα
3234 3532 3504 3600 βόσκουσα
3548 3535 3648 3584 τάν
3698 3534 3770 3599 γῇ
3800 3533 4032 3600 λαμπὰς

2463 3628 2636 3693 ἡλίου,
2668 3626 2743 3687 ώς
2775 3625 2836 3677 τό
2858 3624 2908 3692 γ’
2942 3624 3419 3691 ὲμδνλπαντάπασι
3476 3623 3642 3691 μέρος
3693 3623 4034 3694 ἀπολελόγη-

2465 3733 2589 3787 μαι,
2615 3716 2710 3768 καὶ
2742 3715 3004 3766 πλειόνων
3032 3715 3093 3764 οὑ
3139 3714 3331 3781 δέομαι
3382 3712 3575 3780 λόγων.
3641 3713 3924 3782 Ἀπτομαι
3987 3716 4032 3767 δ’

2461 3806 2555 3858 οὖν
2586 3805 2681 3858 καὶ
2709 3805 2818 3857 τῶν
2845 3804 2956 3856 σῶν
2984 3802 3226 3870 γονάτων
3287 3803 3472 3872 ἁπάσῃ
3525 3801 3783 3872 προθέσει
3822 3803 4032 3874 ψυχῆς,

2463 3898 2720 3968 καὶπρὸς
2749 3899 2838 3952 τδν
2865 3899 3121 3950 ἀπάντων
3145 3895 3350 3964 ὁρκίζω
3386 3911 3446 3947 σε
3491 3894 3744 3963 ποιητὴν,
3800 3896 3881 3963 μὴ
3926 3913 4033 3947 κα-

2466 3990 2798 4057 τοκνήσαντι
2831 3985 3042 4053 γένοιτό
3084 4004 3165 4037 σοι
3194 3985 3292 4053 τὴν
3315 3985 3593 4055 ἡμετέραν
3642 3984 3851 4054 ταύτην
3894 4001 4036 4054 γρα-

2464 4080 2572 4147 φὴν
2605 4079 2777 4148 λήθης
2813 4078 3061 4130 ἔκδοῦναι
3102 4075 3298 4145 ῥοθίοις
3330 4077 3425 4128 καὶ
3484 4075 3748 4142 ἀφανείας
3784 4075 4035 4142 πυθμέσι

2466 4171 2726 4240 καλύψαιο
2762 4171 2897 4224 ἀ).λά
2943 4170 3195 4221 κοινῶσαι
3234 4168 3406 4235 φίλοις
3441 4170 3537 4220 καὶ
3564 4167 3881 4232 συγγενέσι,
3917 4183 4036 4219 atm-

2465 4264 2634 4316 νῶσαι
2669 4265 2907 4324 συνετοίς
2963 4261 3250 4328 ἀνδρὰσινε
3290 4259 3376 4310 ἵνα
3398 4259 3546 4310 δυοῖν
3590 4257 3841 4327 θάτερον,
3901 4259 3936 4327 ἢ
3970 4263 4039 4311 τὰ

2468 4354 2784 4406 συνοίσοντα
2815 4351 3248 4420 συμϐουλεύσασι
3283 4348 3565 4401 πείθεσθαι
3594 4350 3681 4420 [Ρ.
3713 4349 3844 4419 475]
3879 4351 4036 4420 ἔχῃς,

2465 4445 2500 4515 ἢ
2529 4445 2805 4514 μάρτυρες
2835 4441 2965 4509 γοῦν
3011 4442 3116 4492 τῶν
3151 4442 3449 4510 γινομένων
3489 4457 3546 4491 τε
3581 4442 3673 4492 καὶ
3706 4441 4039 4495 ἀποϐαινόνο

2394 4525 2442 4580 Ι)
2468 4551 2576 4587 των
2619 4527 2732 4585 εἷεν
2764 4532 2938 4585 αὐτοί.
2970 4548 2988 4582 i

2539 4625 2610 4677 E'.
2657 4625 2894 4685 Ἐκεῖνος
2927 4621 3026 4690 μὲν
3045 4621 3137 4674 οὖν
3163 4621 3414 4692 ιρυθροίς
3435 4638 3492 4672 τε
3525 4622 3619 4674 καὶ
3650 4623 4041 4693 οίκειοχείροις

2469 4717 2549 4777 εἰς
2579 4716 2750 4784 μῆκος
2785 4715 3032 4774 ἐκτείνας
3081 4714 3375 4782 γράμμασι
3427 4714 3526 4782 τὴν
3572 4713 3864 4781 ἐπιστολὴν
3898 4716 4040 4784 (l3),

2472 4809 2566 4860 καὶ
2594 4806 2762 4874 πολλῇ
2787 4807 2852 4873 τῇ
2893 4804 3020 4873 περὶ
3062 4804 3161 4871 τὴν
3207 4803 3400 4872 δέησιν
3447 4803 3898 4872 σμικροπρεπείᾳ
3946 4804 4041 4856 τοῦ

2472 4898 2638 4967 ἤθους
2677 4895 3044 4966 χρησάμενος,
3099 4895 3184 4946 ἵνα
3216 4894 3293 4963 τῷ
3324 4895 3478 4962 ἄκρῳ
3529 4893 3623 4945 τοῦ
3662 4894 3833 4961 μέσου
3872 4894 4042 4963 τύχῃ,

2466 4989 2558 5040 τὸν
2605 4988 2760 5054 λόγον
2818 4984 3052 5038 ἐνταῦθα
3107 5000 3208 5035 που
3277 4985 3640 5036 κατέπαυσεν.
3708 4983 3908 5050 Ἡμεῖς
3960 4985 4041 5043 δὲ,

2466 5077 2912 5144 τάναγκαιότερα
2959 5075 3057 5142 τῆς
3105 5075 3414 5142 προθέσεως
3479 5072 3692 5124 ἐκεῖθεν
3779 5074 4044 5140 ἐρανισά-

2469 5185 2641 5236 μενοι,
2700 5166 2803 5237 τὴν
2861 5165 3245 5234 προσήκουσαν
3299 5162 3594 5232 ὲξεθέμεθα
3666 5161 3908 5230 δήλωσιν
3958 5165 4049 5214 tv-

2465 5259 2677 5313 ταυθοῖ.

2232 5369 2458 5425 CAPUT
2502 5372 2587 5425 I\'.

805 5470 1117 5520 I'utriarrha
1155 5469 1352 5519 minore
1383 5467 1588 5519 tandem
1630 5466 1770 5534 fastu
1822 5466 2116 5534 respondet.
2171 5462 2292 5517 Sese
2323 5474 2369 5516 et
2422 5465 2843 5520 Cantacuzenum
2868 5469 3058 5534 partim
3096 5479 3326 5531 excusat,
3368 5468 3559 5536 partim
3595 5469 3833 5518 damnat.
3869 5466 4046 5519 Rebus

872 5543 1030 5606 lapsis
1060 5540 1469 5590 succurrendum
1503 5553 1692 5590 censet.
1729 5537 1920 5589 I’accm
1959 5537 2224 5588 suadendo
2255 5537 2464 5587 Annam
2489 5538 2720 5604 olfendit.
2755 5537 2926 5605 Hujus
2962 5539 3011 5590 in
3058 5539 3485 5592 Cuntacuzenum
3533 5549 3578 5590 et
3613 5538 3801 5590 lrcnen
3833 5539 4044 5600 odium,

2129 5660 2465 5718 Variorum
2507 5668 2690 5721 nota}.

870 5763 982 5830 (αὖ)
1019 5759 1165 5833 More
1199 5761 1583 5828 imperatorum
1608 5759 2359 5833 Constantinopolitanorum,
2399 5759 2595 5827 dequo
2631 5757 2866 5812 diximus
2927 5755 2992 5810 ad
3047 5755 3358 5811 Alexiadem
3424 5755 3704 5818 Almanam,
3754 5768 3878 5824 pag.
3937 5754 4048 5810 255

797 5834 1082 5889 ﬂeturum.
1109 5832 1340 5886 Dacus.
