4236 6442
201 438 312 500 997

614 435 694 504 [Α.
734 450 784 489 ε.
833 402 1025 505 κων
1151 421 1642 500 luminum
1682 442 2064 503 lilsTOltLE
2111 402 2256 507 Lm.
2300 443 2401 503 xv

2573 438 2710 510 [ιιηι.
2766 455 2813 494 t.
2857 455 3104 496 PALEOL.
3148 441 3206 512 5]

3347 443 3454 509 998

277 565 341 600 ea:
400 551 656 628 zclqtypia
714 561 931 628 nutum;
984 551 1098 618 [una
1137 553 1398 604 mulorum
1435 556 1692 606 omnium.
1751 555 2089 608 l’utriarchw
2141 566 2316 608 tamen
2364 564 2413 608 et
2458 558 2618 609 totius
2670 559 2832 612 curia
2886 557 3192 626 Byzantina
3244 573 3458 628 gravior

277 635 440 686 quant
476 621 642 672 dum:
676 619 852 688 culpa.

278 734 366 786 A'.
394 735 483 802 Τῷ
508 752 572 801 γε
604 737 708 804 μὴν
735 737 1051 807 πατριάρχῃ
1108 736 1283 790 ταῦτα
1340 739 1624 808 ἀκηκοότι,
1690 741 1783 810 οὑχ
1816 749 1856 804 Α

203 821 326 878 οἷαν
359 828 498 880 κατὰ
557 828 666 879 τῶν
707 834 837 898 πρὶν
886 830 1280 908 πεμπομένων,
1343 831 1599 901 τοιαύτην
1650 835 1776 886 κάν-

207 917 388 970 ταῦθα
415 921 510 988 τὴν
540 920 713 990 ὀφρὺν
747 925 1059 987 ἐπεδείξατο
1083 939 1099 954 ·
1131 925 1246 976 ἀλλ’
1307 927 1364 987 ὲς
1389 925 1448 979 τὸ
1503 930 1780 996 ιπωοξρονέ⁸

211 1027 405 1080 στερον
436 1011 534 1081 τὴν
573 1013 812 1067 διάθεσιν
835 1015 934 1084 τῆς
962 1016 1142 1084 ψυχῆς
1183 1016 1288 1068 ὑπὸ
1319 1017 1426 1068 τὼν
1451 1018 1545 1070 τοῦ
1585 1020 1778 1089 χρόνου

214 1102 472 1170 κυμάτων
529 1105 892 1174 πεπεισμένος
952 1109 1175 1176 τρέπειν
1240 1108 1420 1162 τοιάδε
1474 1109 1595 1162 τινὰ
1644 1112 1780 1162 ἀπε-

207 1190 481 1257 φἰἐγξατο
502 1207 518 1223 ο

284 1277 357 1334 B’.
397 1301 414 1332 ι
463 1283 826 1354 Ἀμφοτέροις
855 1265 1064 1355 (ιβησὶν)
1093 1287 1318 1350 εἰκότως
1350 1289 1420 1342 ἄν
1440 1306 1458 1326 εν
1473 1305 1567 1351 τις
1604 1290 1779 1341 έπιτιο

213 1375 432 1438 μήσειε,
482 1374 923 1446 Καντακουζηνῷ
954 1395 1014 1430 τε
1048 1379 1238 1446 κάμοὶ,
1274 1378 1634 1449 ἀνθρωπίνως
1665 1379 1780 1431 δια-

211 1463 418 1515 τεθεῖσι
453 1464 590 1532 πρὸς
646 1467 746 1535 τὴν
801 1467 1087 1538 παροῦσαν
1143 1471 1403 1540 σπουδὴν,
1451 1471 1544 1523 καὶ
1610 1471 1778 1539 μηδὲν

209 1552 542 1623 ὑψηλότερον
579 1557 784 1609 ἐννοεῖν
811 1559 1176 1630 βουληθεῖσιν,
1207 1563 1282 1624 ὡς
1325 1565 1372 1615 εἰ
1433 1563 1509 1632 μὴ
1544 1563 1650 1616 κᾶν
1712 1563 1778 1616 τά

128 1705 132 1708 ξ
205 1643 309 1708 τῆς
335 1644 544 1697 ἄνωθεν
581 1649 1051 1717 συνεπιλαμϐάνοι
1078 1655 1357 1723 προνοίας,
1391 1656 1617 1722 μάταιος
1634 1659 1778 1709 πάσα

210 1737 468 1800 καθάπαξ
518 1739 692 1791 εἰπεῖν
715 1741 824 1792 τῶν
870 1743 1174 1812 ἀνθρώπων
1203 1746 1433 1814 σπουδή.
1464 1745 1628 1798 Ὅθεν
1653 1747 1774 1813 ὀψὲ,

213 1827 351 1892 μετὰ
380 1828 598 1895 μακρὰν
638 1829 731 1880 καὶ
765 1830 1104 1898 δριμυτέραν
1137 1832 1236 1900 τὴν
1273 1835 1495 1900 πεῖραν,
1553 1832 1612 1884 τὸ
1657 1833 1775 1885 δέον

217 1916 510 1981 μανθάνειν
541 1920 852 1989 ἀρχόμεθα,
908 1923 997 1974 ὅτε
1027 1923 1299 1992 δυσχερὴς
1334 1925 1367 1990 ἡ
1398 1923 1506 1974 τῶν
1528 1923 1779 1992 σφαλμά-

212 2026 322 2060 των
350 2010 468 2061 έστὶ
523 2010 836 2080 διόρθωσις.
893 2011 950 2066 ’0
989 2014 1086 2083 μὲν
1129 2014 1238 2084 γάρ
1292 2017 1373 2076 είς
1418 2013 1510 2065 τὸν
1555 2014 1778 2084 βασιλέα

1959 742 1999 798 1.
2029 741 2124 797 His
2175 741 2479 811 patriarcha
2537 742 2758 806 auditis,
2795 757 2902 796 non
2937 743 3131 811 eodem
3181 742 3322 795 fastu
3356 742 3456 795 bas

1883 835 2098 888 litteras
2130 835 2369 903 excepit,
2429 849 2538 902 quo
2569 833 2914 901 superiores;
2950 831 3043 886 sed
3095 833 3358 886 suadente
3394 831 3457 884 il-

1880 923 1986 978 lius
2021 923 2286 992 temporis
2322 923 2752 992 perturbatione.
2794 924 2958 976 animi
3006 924 3089 977 sui
3123 922 3452 976 sententiam

1878 1015 1945 1068 ad
1973 1016 2251 1071 meliorem
2291 1016 2503 1085 frugem
2553 1016 2852 1080 revocavit,
2877 1025 2933 1070 et
2963 1015 3042 1069 sic
3078 1015 3250 1068 ferme
3298 1014 3453 1067 loeu-

1882 1116 1968 1161 tus
1991 1117 2073 1161 est
2103 1123 2119 1162 ἓ

1952 1285 2019 1339 ll.
2053 1305 2071 1336 ι
2106 1285 2407 1351 Ambobus,
2446 1286 2647 1355 inquit,
2693 1287 2892 1340 merito
2912 1287 3183 1356 quispiam
3215 1299 3454 1341 succen-

1879 1387 1995 1432 seat
2026 1388 2082 1432 et
2108 1378 2490 1434 Cantacuzeno
2517 1389 2574 1433 et
2600 1379 2754 1445 mihi,
2783 1379 2876 1447 qui
2910 1393 3030 1442 nos,
3064 1387 3124 1433 ut
3153 1380 3452 1432 humanum

1879 1470 2089 1532 erat,in
2139 1473 2391 1539 praesenti
2437 1472 2656 1540 negotio
2701 1472 2990 1538 gessimus,
3021 1485 3083 1522 ac
3117 1485 3226 1523 non
3255 1469 3451 1524 altiora

1879 1561 2127 1627 quaedam
2156 1563 2398 1630 cogitare
2443 1563 2745 1626 voluimus;
2795 1561 3013 1614 inanem
3043 1559 3300 1615 videlicet
3327 1553 3452 1614 case

1879 1665 2098 1707 onmem
2125 1653 2350 1706 omnino
2399 1653 2684 1707 hominum
2726 1651 3212 1720 diligentiam.nisi
3246 1661 3302 1704 et
3333 1665 3450 1705 ca:-

1881 1740 2036 1794 lestis
2083 1742 2227 1797 adsit
2271 1743 2645 1798 Providentia.
2699 1743 2852 1796 Unde
2911 1745 2990 1804 lit,
3052 1745 3126 1793 ut
3159 1756 3304 1801 sc-ro,
3330 1749 3453 1808 post

1883 1829 2100 1898 longam
2149 1841 2205 1884 et
2260 1832 2514 1885 acerbam
2574 1831 3147 1901 cxperientiam.quid
3198 1831 3453 1899 expediat

1883 1923 1995 1967 tum
2023 1914 2329 1984 intelligere
2367 1917 2713 1985 incipiamus,
2738 1931 2862 1969 cum
2892 1915 3112 1969 difﬁcile
3134 1923 3221 1969 est
3247 1916 3451 1970 nostris

1883 2007 2085 2060 mederi
2138 2008 2356 2062 erratis.
2392 2008 2604 2062 Etenim
2656 2010 2764 2072 hic,
2794 2023 2918 2062 cum
2959 2007 3026 2062 ad
3061 2007 3447 2075 imperatorem

209 2101 434 2172 Μιχαὴλ
470 2103 562 2156 τὸν
613 2105 978 2174 ἰίαλαιολόγον
1035 2106 1136 2176 τὴν
1202 2107 1423 2176 μνήμην
1465 2105 1774 2173 ἀνενεγκὼν

1810 2093 1854 2153 Β
1885 2099 2201 2154 Michaclem
2251 2101 2613 2170 Palmologum
2669 2102 2912 2154 animum
2967 2101 3268 2164 retulisset,
3297 2114 3446 2164 eum,

207 2192 500 2260 ἐμέμψατο
526 2195 624 2260 τὴν
652 2195 732 2256 εἰς
763 2196 855 2248 τὸν
902 2195 996 2248 τοῦ
1034 2196 1459 2265 τελευτήσαντος
1513 2196 1774 2266 βασιλέως

207 2284 329 2334 υἱὸν
360 2285 573 2337 ἀδικίαν
600 2287 692 2337 καὶ
730 2289 831 2353 τὴν
889 2286 982 2338 τοῦ
1053 2286 1325 2354 βασιλείου
1361 2287 1474 2357 (14)
1537 2289 1774 2355 κράτους

204 2375 533 2444 τυραννικὴν
579 2377 895 2445 ἀντίληψιν·
938 2378 1032 2429 καὶ
1065 2377 1279 2444 βέλτιον
1321 2380 1352 2449 ἦ
1387 2379 1510 2431 κατ’
1565 2382 1774 2431 ἐκεῖνον

203 2469 292 2527 εἰς
332 2472 432 2537 τὴν
460 2469 720 2538 τοιαύτην
755 2471 848 2522 καὶ
877 2469 1036 2531 αὑτὸς
1073 2470 1393 2541 ιληλυθέναι
1440 2471 1776 2541 βεϐουλημέ-

205 2575 296 2620 νος
321 2559 666 2630 ἐγχείρησιν,
689 2562 852 2624 αὐτὸς
903 2566 1003 2630 μὲν
1033 2561 1281 2624 ὑπούλως
1315 2562 1410 2616 καὶ
1446 2564 1580 2631 μετά
1608 2580 1775 2615 τινων

205 2650 506 2718 ἀπατηλῶν
540 2652 633 2702 καὶ
674 2653 1083 2722 σεσοφισμένων
1137 2653 1489 2721 προφάσεων,
1535 2654 1594 2706 τὸ
1627 2655 1777 2724 βασί-

203 2739 352 2792 λειον
385 2742 796 2810 περιζώσασθαι
827 2745 1028 2813 κράτος
1062 2744 1415 2813 βεϐούλευται
1441 2763 1456 2778 ο
1486 2747 1578 2798 τὸν
1601 2747 1656 2798 δὲ
1680 2747 1774 2799 τοῦ

202 2832 659 2900 τετελευτηκότος
706 2837 821 2886 υἰὸν
880 2836 1144 2904 βασιλέως
1198 2837 1480 2905 εἰληφέναι
1527 2838 1776 2908 γαμϐρὸν

211 2923 308 2972 ἐπὶ
343 2924 573 2993 θυγατρὶ
607 2927 741 2995 πρὸς
775 2926 1027 2995 διαδοχὴν
1071 2928 1168 2996 τῆς
1203 2927 1510 2996 βασιλείας’
1545 2933 1774 2999 πρᾶγμα

208 3013 549 3084 δικαιότερον
582 3016 710 3077 ἰσως
740 3021 834 3068 καὶ
871 3018 1102 3086 ἥμερον,
1150 3019 1245 3072 καὶ
1292 3020 1471 3085 πάσης
1516 3019 1777 3089 μέμψεως

207 3103 500 3173 ὑπερόριον
534 3103 652 3172 ἔλον
697 3106 785 3158 τὸν
815 3107 974 3160 πόδα.
1005 3102 1080 3160 Ob
1116 3110 1257 3162 κατὰ
1322 3109 1575 3181 βούλησιν
1623 3113 1775 3165 θείαν

205 3195 310 3245 οὐκ
345 3194 616 3274 ὄντοςηώς
643 3196 808 3262 ἰοικε,
843 3200 1253 3253 συνεπεπτώκει
1303 3203 1446 3272 κάμὲ
1484 3203 1622 3274 πρὸς
1659 3208 1777 3260 ἑπι-

207 3287 438 3353 σφαλεῖς
470 3263 705 3351 διανοίας
759 3290 848 3342 τὸν
903 3292 1027 3343 νοῦν
1070 3293 1317 3359 ἀγαγεῖν,
1379 3263 1473 3348 καὶ
1522 3263 1776 3364 πολέμιον

210 3379 434 3447 ἰσχυρὸν
482 3381 593 3441 τοῖς
644 3383 854 3435 ἐκείνου
915 3384 1174 3447 τοιούτοις
1231 3385 1560 3457 βουλεύμασι
1612 3406 1778 3443 κατα-

208 3483 431 3535 στηναι,
466 3471 878 3541 ἀναμνησθέντα
907 3477 1005 3544 τῆς
1057 3475 1151 3527 τοῦ
1180 3477 1480 3546 τηνικαῦτα
1512 3496 1778 3550 πατριαρ-

206 3559 463 3628 χεύοντος
526 3564 800 3633 Ἀρσενίου
849 3567 1225 3638 νωθρότητοςσ
1273 3570 1341 3622 δι’
1388 3571 1476 3639 ἢν.
1527 3573 1602 3634 ὡς
1646 3576 1777 3642 ἡμῖν

203 3665 272 3716 γε
308 3650 643 3718 νενόμισται,
676 3655 952 3724 ἐπιορκίαι
995 3657 1247 3710 ποικίλαι
1273 3675 1331 3710 τε
1364 3663 1456 3712 καὶ
1487 3664 1778 3731 φρικώδεις

203 3739 554 3808 προύϐησαν,
589 3741 674 3813 [Ρ.
698 3743 828 3814 4⁸1ίὶ]
867 3745 960 3796 καὶ
998 3747 1063 3798 τά
1097 3747 1195 3815 τῆς
1224 3749 1332 3801 τοτ’
1362 3750 1576 3814 ἀδικίας
1602 3755 1694 3806 ἐπὶ
1721 3755 1780 3807 τὸ

209 3831 468 3900 μέγιστον
489 3835 928 3903 προκεχωρήκειο
953 3837 1022 3894 ὡς
1049 3840 1258 3890 ἐκεῖθεν
1275 3841 1370 3908 τῆς
1389 3842 1481 3892 τοῦ
1498 3843 1630 3896 θεοῦ
1649 3862 1779 3911 σφο-

206 3921 354 3990 δρῶς
372 3924 734 3994 ἐκκαυθείσης
768 3927 959 3996 ὀργῆς,
988 3931 1052 3981 τά
1072 3931 1306 3999 μέγιστα
1336 3934 1473 3986 κατὰ
1491 3936 1776 4006 Ῥωμαίων

205 4012 513 4081 βλαστῆσαι
537 4018 704 4081 κακὰ,
749 4017 840 4070 καὶ
881 4020 1127 4088 μακροὺς
1164 4023 1590 4093 κακοδαιμονίας
1619 4029 1778 4098 ἐγερ-

207 4103 371 4169 θῆναι
394 4105 534 4158 κατὰ
560 4106 666 4158 τῶν
698 4107 893 4160 κοινῶν
924 4111 1265 4180 πραγμάτων
1297 4115 1392 4168 καὶ
1417 4115 1624 4184 βιαίους
1653 4119 1780 4170 κλύ-

205 4193 382 4254 δωνας
415 4195 544 4263 άχρι
577 4198 672 4248 καὶ
708 4200 762 4260 ἑς
795 4198 894 4266 τὴν
925 4202 1186 4270 τήμερον,
1226 4203 1404 4273 ’ῼμην
1449 4208 1577 4275 γὰρ,
1616 4206 1690 4270 ὡς
1727 4210 1776 4262 εἰ

207 4282 394 4344 ζῶσαν
456 4285 595 4353 ἔχων
663 4287 868 4349 ἐκεῖνος
927 4290 1048 4340 τότε
1089 4291 1265 4360 ψυχὴν
1329 4293 1617 4349 ανθίστατο
1666 4299 1776 4361 τοῖς

203 4373 420 4424 ἐκείνου
452 4377 582 4444 περὶ
610 4377 706 4446 τῆς
741 4378 1018 4446 βασιλείας
1048 4381 1380 4450 βουλεύμασι
1409 4402 1464 4437 τε
1489 4389 1582 4438 καὶ
1601 4388 1777 4456 πράγ-

208 4465 610 4534 μασιν,ἦκιστ’
648 4467 714 4520 ἂν
769 4467 942 4537 δήπου
989 4471 1232 4525 τοσαῦτα
1285 4475 1427 4528 κατὰ
1487 4475 1775 4546 Ῥωμαίων

206 4556 438 4622 ἐκέχυτο
465 4557 534 4607 τὰ
562 4557 732 4612 δεινά.
782 4560 945 4613 Ὅθεν
975 4561 1072 4630 την
1099 4564 1221 4615 τότε
1254 4570 1635 4635 προσῄκουσαν
1676 4569 1776 4638 μὲν

209 4645 536 4711 θεραπείαν,
566 4647 764 4714 ἥκιστα
800 4651 854 4700 δὲ
884 4653 1204 4722 γενομένην,
1230 4659 1286 4708 ὲν
1311 4660 1419 4718 τοῖς
1451 4658 1544 4710 νῦν
1563 4664 1775 4728 καιροῖς

1876 2192 2020 2259 quod
2071 2193 2418 2259 imperatoris
2473 2192 2715 2247 defuncti
2760 2192 2929 2246 lilium
2967 2192 3241 2246 all‘ecisset
3303 2191 3450 2260 inju-

1878 2282 1980 2344 ria,
2016 2296 2078 2336 ac
2110 2283 2390 2352 tyranniee
2437 2284 2489 2337 in
2548 2298 2815 2337 summam
2847 2290 3172 2353 potestatem
3211 2283 3448 2336 invasis-

1875 2376 1980 2426 set.
2015 2366 2365 2434 improbavit;
2435 2376 2492 2422 et
2554 2367 2837 2421 honestius
2899 2382 3062 2435 quam
3115 2367 3205 2421 ille
3255 2366 3448 2421 eadem

1875 2457 2092 2525 aggredi
2125 2459 2335 2522 volens,
2372 2459 2476 2513 sibi
2507 2459 2729 2529 quidem
2757 2459 3010 2523 subdole,
3041 2460 3302 2528 captiosis
3321 2459 3448 2527 qui-

1877 2550 2105 2602 busdam
2155 2561 2210 2604 et
2260 2553 2652 2605 commentitiis
2694 2553 2998 2611 rationibus
3041 2553 3307 2620 allegatis,
3348 2554 3451 2606 im-

1878 2643 2206 2710 peratoriam
2257 2648 2634 2696 auctoritatem
2688 2644 2856 2713 759
2911 2659 3190 2714 arrogare.
3246 2647 3448 2700 mortui

1877 2740 2056 2784 autem
2103 2731 2448 2800 imperatoris
2497 2733 2664 2786 filium
2699 2749 2958 2803 genuerunt
2999 2744 3054 2788 et
3086 2736 3299 2804 imperii
3328 2751 3453 2791 auc-

1876 2839 2150 2878 cessorem
2188 2826 2477 2880 adsumere
2513 2825 2759 2880 decrevit
2789 2844 2803 2880 :
2835 2827 2888 2879 id
2939 2827 3080 2897 quod
3112 2829 3315 2897 justius
3341 2828 3451 2884 for-

1879 2926 2024 2971 tasse
2079 2919 2500 2988 benigniusque,
2541 2929 2594 2973 et
2626 2930 2779 2973 extra
2809 2935 3024 2974 omnem
3064 2921 3452 2990 reprehensio-

1880 3025 2003 3062 nem
2055 3013 2292 3078 positum
2344 3020 2478 3065 erat.
2517 3009 2622 3065 Sed
2659 3013 2787 3080 quia
2833 3012 2961 3075 alia,
2995 3023 3055 3064 ut
3085 3014 3323 3076 videtur,
3352 3014 3446 3069 Dei

1877 3101 2131 3156 voluntas
2182 3103 2302 3163 fuit.
2351 3119 2417 3158 eo
2465 3103 2664 3157 factum
2712 3114 2817 3164 est.
2852 3116 2911 3158 ut
2945 3105 3138 3174 etipse
3169 3106 3235 3160 ad
3265 3107 3450 3160 incau-

1881 3203 1959 3247 tas
1991 3194 2345 3262 cogitationes
2372 3195 2613 3248 animum
2646 3197 3004 3262 appellerem,
3046 3206 3099 3250 et
3130 3198 3277 3251 hisee
3305 3197 3451 3252 illius

1878 3285 2121 3338 consiliis
2172 3285 2384 3340 hoSIem
2439 3301 2521 3340 me
2556 3289 2882 3341 acerrimum
2937 3303 3292 3358 opponerem,
3324 3304 3450 3344 cum

1804 3417 1846 3476 Ο
1878 3377 2117 3439 Arsenii,
2161 3378 2253 3446 qui
2317 3378 2626 3446 patriarcha
2674 3379 2779 3434 illis
2825 3381 3164 3448 temporibus
3205 3381 3327 3443 fuit,
3363 3396 3451 3435 so-

1880 3466 2122 3520 cordiam
2175 3466 2357 3520 animo
2420 3478 2782 3536 reputassem,
2810 3484 2906 3538 per
2959 3486 3122 3538 quam
3172 3470 3448 3532 eilectum,

1883 3572 2003 3610 meo
2035 3557 2254 3627 quidem
2281 3558 2513 3627 judicio,
2539 3569 2599 3613 ut
2650 3560 2702 3613 in
2739 3563 2885 3613 varia
2917 3561 3300 3631 horrendaque
3331 3579 3453 3632 per-

1875 3649 2019 3720 juria
2056 3651 2249 3716 iretur,
2273 3660 2327 3704 et
2359 3667 2424 3705 ea
2457 3668 2576 3720 qua:
2617 3661 2729 3705 tum
2763 3653 2969 3706 CXslilil
3004 3654 3200 3722 injuria
3234 3671 3454 3725 progre-

1881 3739 2105 3794 deretur
2157 3740 2511 3810 longissime;
2568 3733 2639 3795 ita
2696 3755 2775 3806 ut,
2807 3745 3032 3796 numine
3066 3745 3214 3812 gravi
3251 3746 3326 3798 ira
3361 3761 3453 3800 ac-

1880 3847 2069 3891 censo,
2096 3833 2326 3886 maxima
2359 3833 2483 3886 inde
2535 3833 2586 3886 iu
2629 3833 2901 3887 Romanos
2938 3835 3254 3902 pullularint
3286 3837 3450 3898 mala,

1880 3939 2198 3992 magnaeque
2226 3923 2278 3976 in
2320 3924 2718 3992 rempublicam
2769 3926 3111 3981 calamitates
3143 3936 3196 3980 et
3231 3928 3452 3982 violenti

1879 4015 1946 4068 ad
2003 4015 2324 4069 hodiernam
2398 4031 2570 4086 usque
2630 4017 2772 4070 diem
2829 4015 3029 4074 ﬂuctus
3078 4019 3449 4088 proruperint.

1878 4100 2141 4157 Putabam
2172 4104 2339 4170 enim,
2379 4104 2425 4158 si
2476 4105 2543 4169 is,
2573 4105 2759 4158 animo
2795 4107 2906 4160 aeri
2955 4118 3010 4160 et
3036 4106 3223 4161 vivido
3257 4106 3456 4176 praedi~

1883 4202 1988 4258 tus,
2020 4194 2168 4249 illius
2204 4203 2333 4249 tunc
2365 4196 2432 4250 de
2466 4196 2697 4266 imperio
2728 4197 3037 4252 invadendo
3066 4199 3309 4254 consiliis
3339 4214 3455 4253 mo-

1884 4285 2280 4355 litionibusqne
2333 4287 2656 4352 obstitisset,
2700 4289 2926 4343 minime
2971 4292 3160 4358 utique
3192 4299 3272 4345 tot
3311 4292 3452 4345 mala

1880 4377 2251 4431 redundatura
2283 4379 2336 4431 in
2369 4379 2642 4432 Romanos
2676 4378 2868 4434 fuisse.
2902 4378 3225 4434 Medicinam
3261 4381 3449 4450 igitur,

1879 4482 1998 4536 quae
2041 4476 2154 4521 tum
2213 4480 2519 4538 Opportuna
2554 4470 2777 4538 quidem
2826 4482 2962 4534 erat,
2998 4472 3091 4525 sed
3132 4475 3449 4541 neutiquam

1877 4558 2018 4612 facta
2051 4569 2155 4622 est,
2195 4577 2318 4613 cum
2357 4563 2471 4629 ipse
2503 4561 2605 4615 hoc
2648 4573 2886 4632 tempore
2923 4573 3086 4632 atque
3134 4563 3234 4616 hoc
3267 4580 3449 4618 rerum

1879 4662 2022 4704 statu
2058 4652 2244 4704 vellem
2271 4653 2556 4718 adhibere,
2584 4663 2638 4708 et
2661 4655 3015 4722 cogitationes
3042 4657 3224 4710 animo
3245 4657 3450 4709 aleu-m

212 4749 308 4780 και
338 4734 658 4800 πράγμασιν
690 4737 1096 4793 ἐπιδεξκνυσθαι
1131 4743 1301 4796 θέλων
1330 4746 1513 4810 αὑτὸς,
1562 4750 1655 4800 καὶ
1683 4765 1778 4802 πο-

1805 4744 1855 4804 D
1882 4743 2070 4811 plenas
2115 4745 2281 4796 fastus
2330 4755 2384 4797 et
2425 4746 2775 4814 arrogantia‘,
2809 4747 2954 4798 omni
3011 4746 3194 4800 studio
3233 4747 3298 4799 ad
3325 4763 3452 4815 per-

211 4825 308 4876 λύν
345 4842 464 4879 τινα
498 4829 586 4880 τὸν
620 4829 782 4893 τῦφον
817 4834 908 4884 καὶ
956 4834 1052 4902 τὴν
1106 4836 1276 4905 ὑςρὶν
1346 4841 1776 4911 ἐπισυρομένους

211 4917 420 4986 (ιρὲψας
449 4919 763 4988 λογισμοὺς,
816 4924 1003 4994 ἁπάσῃ
1063 4927 1319 4993 προθέσει
1366 4928 1540 4999 ψυχῆς
1580 4932 1656 4994 εἰς
1687 4933 1776 4983 τὸν

211 5007 358 5057 κατὰ
385 5007 478 5059 τοῦ
515 5009 972 5078 Καντακουζηνοῦ
1013 5013 1298 5085 διανέστην
1347 5019 1602 5087 πόλεμον,
1643 5021 1778 5090 λαμ·

211 5100 358 5165 πρὶς
388 5113 533 5161 τινος
557 5098 718 5168 δῆθεν
749 5104 1076 5173 προφάσεως
1107 5105 1243 5174 ἔχων
1273 5109 1462 5175 ἐφόδια
1504 5113 1635 5177 πρὶς
1666 5110 1774 5162 διέο

210 5192 521 5254 γερσιν,τά
550 5207 608 5243 τε
641 5191 775 5245 ἄλλα
837 5196 928 5247 καὶ
976 5197 1122 5258 ὅπως
1177 5201 1240 5250 ἐκ
1289 5199 1382 5251 τοῦ
1437 5203 1776 5272 παραχρῆμα

212 5281 352 5347 πρὸς
411 5280 713 5352 ὑπεροψίαν
747 5287 907 5354 ἧθους
969 5288 1162 5342 ἑαυτὸν
1231 5294 1624 5360 μετεσκεύασε,
1681 5295 1775 5348 καὶ

211 5373 327 5437 ἰμα
355 5372 458 5422 κάν
486 5377 603 5434 ταῖς
649 5373 756 5426 τῶν
785 5375 1000 5427 οἰκείων
1046 5380 1345 5430 ἐπιστολῶν
1380 5382 1776 5452 ἐπισημασίαις

206 5475 268 5510 το
319 5459 549 5531 σύνηθες
580 5464 766 5517 δοῦλον
820 5469 1112 5533 ἀπείπατο,
1165 5472 1569 5542 ἀφαιρούμενος
1624 5475 1775 5526 ἄντι-

207 5569 342 5618 κρυς
374 5556 569 5627 Ἀννης
602 5560 694 5626 τῆς
733 5562 998 5627 βασιλίδος
1033 5566 1129 5615 καὶ
1151 5565 1241 5614 τοῦ
1284 5566 1486 5633 ταύτης
1530 5563 1646 5616 υίοῦ
1675 5565 1772 5632 τὴν

1885 4835 2222 4902 sequendum
2259 4835 2864 4890 belluCantacuzenum
2893 4840 3040 4890 erexi
3077 4854 3201 4902 me;
3239 4839 3450 4906 specio-

1885 4939 1974 4978 sas
2027 4926 2281 4979 videlicet
2349 4929 2594 4994 piasdam
2650 4944 2883 4994 causas,
2934 4930 3135 4998 quibus
3193 4939 3449 4999 tanquam

1886 5018 2244 5072 irritamentis
2294 5049 2299 5062 ι
2332 5029 2362 5069 ti
2393 5038 2496 5082 ur,
2527 5030 2639 5074 tum
2677 5023 2811 5077 alias
2860 5023 3090 5088 habens,
3131 5033 3246 5076 tum
3281 5027 3449 5077 maxi-

1885 5127 1991 5173 me,
2020 5112 2162 5180 quod
2223 5115 2500 5182 ingenium
2549 5130 2710 5167 suum
2767 5115 2854 5168 ille
2903 5115 2968 5168 ad
3021 5116 3332 5184 superbiam
3367 5131 3450 5169 re-

1885 5213 2047 5272 pente
2113 5205 2468 5267 traduxisset,
2525 5221 2587 5259 ae
2637 5205 2690 5258 in
2740 5206 2976 5275 propriis
3014 5206 3260 5274 epistolis
3305 5207 3451 5260 obsi-

1879 5295 2110 5364 gnandis
2143 5298 2399 5349 usitatum
2432 5297 2666 5350 subditis
2690 5313 2896 5351 morem
2926 5297 3089 5367 760
3120 5297 3445 5362 abdicasset,

1880 5397 2042 5455 atque
2087 5386 2223 5441 adeo
2277 5389 2343 5441 ab
2382 5389 2732 5458 imperatriee
2791 5390 2946 5442 Anna
2997 5399 3052 5442 et
3089 5391 3158 5443 ab
3191 5391 3310 5458 ejus
3338 5390 3448 5442 lilio

1878 5493 2188 5545 supremam
2225 5490 2550 5546 potestatem
2579 5481 2752 5548 palam
2787 5481 3046 5535 auferret.
3083 5480 3359 5546 Quamobr
3395 5497 3445 5534 ιιι

1880 5578 2107 5639 uterque
2140 5570 2276 5624 nihil
2317 5573 2463 5625 aliud
2493 5573 2748 5641 fecimus,
2773 5574 2880 5630 nisi
2916 5583 3058 5630 totas
3086 5575 3305 5646 penitus
3339 5576 3447 5629 llo-

1549 5715 1870 5777 Variorum
1908 5725 2069 5778 nota:

274 5833 388 5904 (Η)
419 5834 549 5888 Vide
578 5849 742 5906 supra
768 5838 840 5890 liii
904 5859 971 5898 ιι,
1001 5852 1120 5906 cap.
1158 5840 1200 5890 t.
1242 5837 1448 5893 Doms.
