4236 6442
758 419 873 483 999
1055 413 1131 488 [Α.
1173 429 1230 472 ιι.
1273 409 1432 480 685.1,
1475 428 1582 470 me.
1626 412 1718 488 ιι]

2000 419 2417 487 NICEPHORI
2457 427 2839 488 GllEGUll/E

3885 424 4020 489 ιοοθ

3126 425 3260 496 [tum
3301 442 3339 480 ι.
3387 439 3623 480 mmor"
3665 423 3723 497 5]

767 540 1050 580 manorum
1107 526 1256 581 vires
1316 526 1649 591 attrivimus,
1671 536 1728 581 et
1774 525 1820 581 si
1850 542 1958 597 qua
2001 527 2141 585 forte
2175 529 2338 585 bona
2368 540 2409 596 Α

2470 537 2777 605 ίγεμονικὴν
2808 536 3078 602 ἐξουσίαν.
3122 541 3213 591 Διὸ
3273 540 3370 592 καὶ
3418 540 3787 610 πεπράχαμεν
3853 543 4024 610 ἄμφω

764 615 889 685 spei
913 615 1213 670 scintillula
1253 614 1307 669 in
1357 615 1525 671 rebus
1573 615 1782 684 reliqua
1811 625 1978 680 esset,
2003 632 2126 672 eam
2156 617 2342 673 fundi.

770 716 861 763 tus
890 704 1238 764 sustuiimus.
1267 707 1374 762 Eos
1393 708 1568 773 enim,
1595 709 1688 778 qui
1727 709 1910 762 omnia
1942 708 2011 763 ad
2047 710 2343 766 humanam

771 800 1102 854 industriam
1159 799 1538 868 imprudentes
1589 799 1862 864 referunt,
1910 815 1977 854 eo
2013 801 2346 857 calamitatis

767 888 983 941 devolvi
1013 888 1146 942 nihil
1181 888 1421 954 mirum;
1481 888 1592 942 imo
1665 890 1903 943 maxime
1937 891 2193 960 congruit
2221 905 2344 946 cum

770 980 953 1034 divina
986 980 1338 1034 Providentia
1366 997 1379 1047 ;
1405 980 1565 1050 cujus
1591 989 1675 1034 est
1715 979 1804 1034 hic
1832 994 2053 1049 sc0pus,
2074 992 2133 1034 ut
2158 981 2349 1036 huma-

774 1072 830 1125 ni
892 1072 1059 1125 animi
1111 1073 1436 1140 arrogantia:
1504 1071 1720 1126 frenum
1769 1081 1976 1126 certum
2025 1073 2254 1142 injiciat,
2292 1081 2350 1128 et

776 1180 872 1232 per
905 1165 1074 1232 ipsam
1109 1179 1290 1217 rerum
1323 1164 1717 1233 experientiam
1745 1164 1973 1219 evidens
2001 1164 2069 1218 ad
2100 1174 2350 1234 posteros

775 1255 1170 1310 documentum
1225 1265 1411 1325 aperte
1467 1255 1825 1310 transmittat.
1862 1253 2036 1309 Nobis
2069 1255 2255 1325 itaque
2296 1255 2346 1308 id

776 1348 939 1417 plane
972 1361 1072 1401 usu
1099 1347 1271 1410 venit,
1303 1347 1448 1414 quod
1481 1346 1692 1415 vulgari
1728 1347 2024 1415 proverbio
2048 1347 2154 1401 dici
2189 1348 2348 1401 solet:

772 1437 1059 1494 Camelum
1093 1453 1299 1493 cornua
1346 1447 1694 1507 appetentem
1723 1439 1892 1493 etiam
1926 1440 2154 1494 auribus
2190 1440 2352 1493 orba—

778 1541 889 1584 tam
929 1545 1071 1584 esse.
1102 1529 1236 1583 Nam
1270 1539 1324 1584 et
1366 1528 1469 1597 ipsi
1509 1544 1634 1583 cum
1671 1530 1995 1599 ampliorem
2028 1531 2350 1600 dignitatem

778 1623 1164 1688 fortunamque
1213 1622 1627 1688 appeteremus,
1649 1629 1706 1674 et
1753 1620 2100 1676 occasionem
2133 1623 2352 1692 utrique

777 1713 1054 1768 Romanos
1082 1710 1287 1765 limites
1331 1711 1685 1779 promovendi
1721 1712 1960 1766 oblatam
2000 1713 2162 1767 nobis
2195 1722 2352 1782 puta-

782 1820 987 1868 remus,
1016 1804 1182 1858 etiam
1239 1802 1327 1865 iis,
1354 1802 1448 1871 qui
1501 1812 1616 1857 tum
1669 1803 2068 1873 erant,dejecti
2123 1820 2348 1871 sumus;

777 1897 1054 1965 iidemque
1093 1909 1162 1948 ex
1210 1893 1491 1962 opulentis
1540 1893 1753 1963 inopes,
1777 1909 1844 1948 ex
1879 1895 2186 1950 illustribus
2215 1897 2352 1952 viles
2384 1885 2425 1940 Β

775 1997 834 2042 et
885 1987 1104 2056 inglorii
1157 1987 1456 2042 evasimus.
1484 1985 1618 2052 Qua:
1662 1987 1828 2058 igitur
1852 1989 2141 2056 oportebat
2165 2003 2266 2042 nos
2297 1997 2353 2042 et

778 2079 1071 2149 providere
1114 2089 1172 2134 et
1206 2080 1386 2133 facere
1431 2079 1660 2149 publica:
1699 2078 1952 2134 utilitatis
1987 2089 2354 2144 causa,ante-

777 2188 939 2241 quam
974 2172 1109 2242 lapsi
1159 2188 1430 2237 essemus,
1461 2187 1523 2228 ea
1554 2187 1679 2227 sero
1724 2172 1940 2239 saltem,
1963 2187 2028 2228 ac
2060 2182 2350 2244 postquam

776 2265 911 2334 lapsi
945 2280 1157 2328 sumus,
1194 2265 1392 2320 ‘facere
1423 2280 1640 2334 aequum
1685 2272 1772 2320 est
1815 2279 1880 2320 ac
1918 2265 2209 2336 providere
2241 2279 2352 2320 :ne

776 2368 831 2410 et
860 2360 1230 2428 piscatoribus
1279 2360 1392 2414 illis
1431 2361 1714 2415 stultiores
1746 2375 1867 2415 esse
1893 2361 2198 2425 videamur,
2225 2361 2352 2430 qui-

778 2449 883 2504 bus
910 2466 1030 2520 qua:
1081 2450 1329 2505 facienda
1390 2450 1595 2507 fuerint
1625 2452 1832 2508 sentire
1865 2460 1996 2507 tunc
2024 2453 2193 2522 subit,
2226 2468 2351 2508 cum

778 2545 982 2600 inﬂicta
1011 2553 1089 2598 est
1119 2543 1296 2615 plaga.
1333 2561 1353 2595 ι

853 2745 945 2801 lll.
979 2746 1104 2800 llaec
1150 2744 1464 2816 patriarcha
1515 2759 1639 2799 cum
1676 2753 1732 2799 et
1782 2743 1967 2799 animo
2016 2744 2274 2815 agitasset
2299 2758 2352 2804 et

779 2852 875 2892 ore
909 2837 1342 2905 pronuntiasset,
1376 2835 1535 2890 dictis
1565 2835 1631 2890 ad
1657 2835 2095 2904 persuadendum
2136 2851 2353 2892 accom-

780 2927 1180 2982 modatioribus
1240 2927 1449 2981 Annam
1481 2926 1724 2991 subibat,
1775 2927 1936 2996 eique
1968 2938 2027 2982 ut
2067 2930 2354 2983 sententia:

781 3036 893 3075 suae
923 3021 1211 3075 accederet
1257 3021 1596 3096 persuadere
1628 3019 1952 3074 conabatur.
1985 3019 2169 3075 Satius
2201 3036 2354 3075 nem-

782 3127 848 3180 pc
887 3127 1009 3167 esse
1057 3111 1370 3177 dictitabat,
1415 3127 1546 3183 pace
1589 3127 1714 3166 cum
1747 3112 2130 3168 Cantacuzeno
2160 3120 2352 3183 sponte

2448 627 2611 680 πλέον
2641 629 2818 690 οὐδὲν,
2873 629 2906 698 ἢ
2965 632 3146 684 πᾶσαν
3197 631 3457 702 ἐκτρίψαι
3507 633 3802 702 Ῥωμαίων
3852 634 4026 704 ἄρδην

2448 719 2630 787 ίσχὺν,
2671 720 2960 789 καὶμέχρι
2989 722 3261 789 θεμελίων
3310 723 3494 777 αὐτῶν
3547 725 3827 791 καθελεῖν,
3866 726 3921 778 εῐ
3974 725 4028 776 τί

2447 827 2549 863 που
2576 812 2831 880 χρηστῶν
2878 812 3110 866 ἐλπίδων
3146 817 3260 876 τοῖς
3287 815 3580 886 πράγμασι
3606 816 3889 870 λέλειπται
3919 814 4027 880 ζώ-

2448 919 2644 974 πυρον.
2697 904 2824 965 Τοῖς
2868 904 2976 972 γάρ
3026 904 3398 975 ἀνθρωπίναις
3460 909 3736 976 άναρτῶσι
3787 909 3850 962 τὺ
3914 910 4030 960 πᾶν

2448 993 2715 1056 ἐπινοίαις
2753 993 2813 1057 ἐξ
2842 993 3101 1056 ἀὸουλίας
3130 995 3188 1058 ἐς
3211 995 3466 1060 τοιαύτας
3497 996 3890 1066 κατενηνέχθαι
3926 995 4032 1063 κῆ-

2453 1099 2552 1152 ρας
2580 1083 2733 1135 οὐδὲν
2753 1082 2982 1145 ἀπεικὸς
3023 1083 3105 1137 ὅτι
3135 1085 3214 1153 μὴ
3242 1086 3338 1139 καὶ
3378 1086 3456 1156 τῷ
3502 1086 3633 1156 θείῳ
3663 1087 3808 1156 μάλα
3859 1101 4035 1156 προσ-

2455 1173 2588 1241 ἧκον
2617 1175 2828 1243 σκοπῷ,
2863 1176 3082 1244 χαλινὸν
3145 1178 3243 1247 μὲν
3293 1177 3592 1231 ἐπιτιθέντι
3629 1177 3781 1247 σαφῆ
3815 1180 3880 1248 τῇ
3917 1177 4034 1229 τῶν

2449 1266 2813 1336 ἀνθρωπίνων
2866 1267 3148 1338 λογισμῶν
3212 1269 3499 1340 αὐθαδείᾳ,
3558 1269 3910 1323 διδασκαλίαν
3985 1267 4034 1320 δ’

2449 1354 2656 1423 ἐναργῆ
2679 1353 2769 1406 διὰ
2797 1355 2896 1423 τῆς
2920 1356 3030 1408 τῶν
3061 1360 3407 1427 πραγμάτων
3452 1358 3651 1426 πείρας
3702 1358 4033 1429 περιφανῶς

2449 1446 2563 1509 τοῖς
2590 1443 2791 1515 ἐφεξῆς
2823 1449 2985 1501 αίῶσι
3024 1451 3456 1521 παραπέμποντι
3487 1466 3504 1483 ο
3549 1451 3624 1515 ώς
3657 1453 3792 1521 ἡμῖν
3830 1452 3897 1505 τὰ
3926 1451 4034 1520 τῆς

2452 1538 2753 1608 παροιμίας
2779 1537 3040 1611 ἄντικρυς
3075 1541 3405 1611 συμϐαίνειν
3432 1542 3674 1606 ἐκείνης,
3710 1543 3745 1612 ἡ
3774 1542 4034 1611 κάμηλος

2451 1627 2765 1699 (λεγούσης)
2785 1629 3202 1700 ἐπιθυμνιάσασα
3231 1635 3480 1703 κεράτων
3514 1632 3611 1687 καὶ
3637 1635 3707 1688 τά
3731 1628 3844 1688 ὦτα
3860 1651 4035 1702 προσ-

2451 1721 2736 1777 απώλεσεν
2764 1723 2903 1794 (15).
2950 1724 3446 1796 Ἑπιθυμιάσαντες
3469 1727 3581 1796 γὰρ
3604 1727 3704 1780 καὶ
3731 1727 3886 1780 αὐτοὶ
3941 1725 4034 1777 δό-

2455 1813 2552 1879 ξης
2575 1813 2672 1866 καὶ
2695 1813 2865 1883 τύχης
2899 1813 3168 1883 μείζονος,
3206 1819 3302 1871 καὶ
3357 1819 3548 1890 καιρὸν
3580 1819 3728 1889 ἔχειν
3776 1819 4034 1886 ἑκάτεροι

2453 1904 2710 1969 δόξαντες
2753 1908 2993 1962 ἐκτεῖναι
3035 1909 3160 1972 τοὺς
3217 1912 3327 1964 τῶν
3371 1912 3662 1982 Ῥωμαίων
3694 1914 3874 1983 ὅρους,
3933 1913 4034 1963 καὶ

2450 1996 2559 2050 τῶν
2585 1997 2755 2051 ὄντων
2774 1998 3077 2069 ἐξέστημεν
3101 2017 3116 2033 ο
3140 2001 3250 2056 κάκ
3282 2003 3551 2059 πλουσίων
3608 2005 3864 2073 πένητες.
3919 2003 4032 2070 κάξ

2451 2090 2689 2156 ἐνδόξων
2713 2089 2892 2156 ἄδοξοι
2943 2095 3316 2163 γεγενήμεθα.
3377 2098 3445 2150 ’Δ
3486 2096 3668 2150 τοίνυν
3699 2097 3867 2168 ἐχρῆν
3896 2097 4033 2167 ἡμῖν

2452 2184 2548 2238 καὶ
2583 2183 2919 2240 διανοεῖσθαι
2934 2187 3031 2240 καὶ
3061 2188 3196 2259 δρᾷν
3227 2189 3373 2260 ὺπέρ
3401 2191 3498 2244 τοῦ
3531 2194 3687 2262 κοινῇ
3717 2193 4035 2261 συμφέρον-

2452 2293 2566 2341 τος,
2600 2277 2732 2346 πρὶν
2759 2279 2790 2345 ἢ
2817 2280 3031 2344 παθεῖν,
3066 2280 3165 2349 ὀψὲ
3185 2284 3340 2349 γοῦν,
3373 2284 3512 2351 μετὰ
3541 2283 3603 2336 τὸ
3635 2286 3849 2346 παθεῖν,
3877 2285 4034 2349 ἄξιον

2452 2368 2546 2421 καὶ
2566 2367 2895 2421 διανοεῖσθαι
2939 2371 3034 2422 καὶ
3060 2372 3225 2443 δρᾷν’
3277 2372 3364 2425 ἵνα
3403 2372 3478 2444 μὴ
3529 2375 3624 2428 καὶ
3671 2373 3780 2427 τῶν
3834 2374 4035 2428 ἀλιέων

2453 2457 2678 2511 ἐκείνων
2703 2452 2856 2529 ὦμεν
2909 2462 3154 2531 χείρους,
3199 2460 3282 2527 οίς
3318 2465 3554 2533 μετάηεδ
3611 2467 3887 2537 πληγῆναι
3918 2467 4034 2537 (16)

2452 2549 2553 2619 τὴν
2602 2550 2712 2605 τῶν
2766 2553 3124 2624 καθηκόντων
3165 2555 3563 2626 προσγίνεσθαι
3595 2557 3808 2610 ἔπεισιν
3839 2559 4038 2628 αἴσθῃ-

2455 2657 2558 2695 σιν.
2598 2657 2617 2694 ι

2524 2732 2564 2786 Γ
2566 2738 2601 2786 '.
2631 2731 2817 2788 Ταῦτα
2843 2734 3151 2806 διανοηθεὶς
3183 2735 3278 2790 καὶ
3307 2736 3684 2808 φθεγξάμενος
3709 2741 3736 2792 ὀ
3757 2741 4036 2812 πατριάρ-

2452 2841 2555 2895 χης
2576 2825 2760 2893 λόγοις
2779 2827 3174 2898 πιθανωτέροις
3203 2828 3365 2899 ὑπῄει
3392 2831 3487 2884 καὶ
3515 2833 3790 2902 ἐπεχείρει
3823 2835 4040 2887 πείθειν

2455 2915 2850 2970 συνθέσθαικαὶ
2867 2918 2967 2988 τὴν
2987 2919 3236 2987 βασιλίδα
3258 2922 3481 2976 Ἅνναν.
3499 2920 3586 2994 [Ρ.
3605 2923 3732 2996 477]
3755 2920 3910 2978 Εἶναι
3929 2928 4040 2998 γάρ

2453 3007 2658 3078 ιφασκε
2678 3009 2906 3076 βέλτιον,
2922 3013 3144 3075 ἐκόντας
3159 3014 3593 3086 Καντακουζηνῷ
3609 3020 4036 3087 σπεισαμένους,

2452 3099 2552 3172 τὴν
2575 3103 2811 3172 κρείττω
2842 3107 3040 3174 μοῖραν
3068 3106 3436 3176 καρποῦσθαι,
3463 3110 3597 3178 πρὶν
3624 3111 4038 3180 ἀφαιρεθέντας

780 3207 944 3269 facta,
993 3205 1164 3274 partis
1215 3204 1378 3274 potiri
1433 3203 1698 3268 melioris,
1749 3218 1910 3273 quam
1961 3204 2054 3258 ubi
2095 3203 2163 3258 ab
2187 3204 2345 3275 761
2378 3224 2423 3284 ε

2470 3193 2676 3248 ἱπαντα
2705 3195 2804 3267 ούχ
2833 3196 3065 3284 ἑκόντας
3104 3198 3242 3268 μηδέ
3293 3202 3394 3270 τῆς
3424 3202 3717 3272 ἐλαχίστης
3758 3206 4040 3272 ἀδακρυτὶ

782 3299 968 3355 invitis
1007 3301 1189 3353 omnia
1227 3297 1409 3353 ablata
1448 3307 1652 3360 essent,
1703 3311 1772 3350 ne
1813 3295 2096 3351 minimam
2128 3297 2350 3367 quidem

2470 3285 2802 3356 κληρούχους
2851 3283 2992 3340 εῖναι
3029 3288 3312 3344 δύνασθαι.
3352 3292 3496 3361 Πρὸς
3535 3293 3713 3348 ταῦτα
3765 3295 4041 3366 δυσχερά-

781 3406 943 3462 posse
985 3401 1198 3461 partem
1241 3391 1358 3446 sine
1406 3389 1665 3459 lacrymis
1716 3390 1993 3457 propriam
2029 3388 2254 3444 habere.
2286 3390 2356 3445 At

2470 3393 2603 3431 νασα
2631 3376 2810 3448 λίανή
2844 3377 3056 3446 βασιλὶς
3109 3379 3396 3434 ἐπίϐουλον
3428 3383 3612 3436 ἐκάλει
3649 3384 3742 3438 τὸν
3791 3383 4042 3454 σύμὸονο

780 3485 935 3538 Anna
989 3482 1308 3552 imperatrix
1371 3481 1598 3535 moleste
1644 3478 1936 3534 admodum
2002 3480 2117 3536 haec
2175 3481 2358 3536 ferens

2470 3469 2575 3533 λον,
2604 3469 2700 3520 καὶ
2741 3469 2892 3531 ὅλαις
2925 3469 3206 3538 παλάμαις
3241 3474 3434 3543 πόρρω
3469 3489 3571 3526 που
3610 3474 3717 3528 τῶν
3737 3474 4042 3547 ὀφθαλμῶν

780 3577 1054 3642 eum,qui
1106 3588 1298 3627 suasor
1357 3582 1526 3637 esset,
1573 3573 1954 3628 insidiatorem
2011 3573 2275 3640 vocitare,
2301 3583 2357 3629 et

2470 3560 2620 3614 ἐώθει
2647 3561 2738 3614 τὸν
2769 3563 3080 3630 ἄνθρωπον.
3107 3564 3253 3634 Αὕτη
3282 3566 3596 3620 σκανδάλων
3632 3569 3777 3638 ἁρχὴ
3811 3571 3913 3623 καὶ
3943 3589 4045 3623 κα-

784 3665 914 3720 totis
960 3665 1172 3718 viribus
1217 3664 1496 3717 hominem
1530 3673 1830 3733 conspectu
1861 3679 1961 3719 suo
1989 3665 2176 3734 procul
2201 3679 2356 3718 amo-

2470 3653 2722 3714 τάστασις
2752 3653 2944 3725 πρώτη
2982 3657 3123 3711 κατὰ
3151 3656 3246 3710 τοῦ
3280 3658 3626 3729 πατριάρχου
3680 3662 3748 3730 τῇ
3803 3660 4043 3732 βασιλίδι

781 3767 933 3809 vere.
963 3751 1022 3806 Et
1077 3751 1192 3806 base
1228 3750 1331 3805 fuit
1364 3751 1519 3820 origo
1550 3765 1614 3806 ac
1646 3752 1884 3821 primum
1934 3751 2354 3808 fundamentum

2470 3748 2814 3802 καθίσταται.

779 3844 1128 3907 offensionis,
1171 3857 1292 3912 quae
1349 3843 1561 3896 Annam
1603 3843 1747 3900 inter
1781 3854 1838 3899 et
1870 3844 2241 3915 patriarcham
2280 3843 2614 3900 intercessit.

855 3935 946 3991 IV.
979 3937 1054 3990 Ex
1095 3952 1203 4006 quo
1233 3935 1380 3990 enim
1412 3937 1682 4008 zelotypia
1728 3939 2042 4004 tenebatur,
2068 3954 2232 4008 quam
2267 3939 2357 3993 illa

776 4027 1129 4082 affectionem
1161 4027 1357 4080 malam
1391 4028 1446 4080 in
1481 4025 1926 4081 Cantacuzenum
1971 4029 2359 4098 imperatorem

2528 3935 2608 3991 Ν.
2659 3934 2780 4003 Ἀφ’
2808 3927 2868 3989 οὗ
2894 3935 3003 4007 γὰρ
3028 3935 3089 3990 τὺ
3118 3936 3218 4007 τῆς
3277 3937 3613 4008 ζηλοτυπίας
3660 3941 3833 4014 αὐτὴν
3889 3945 4049 3998 κατὲο

2461 4045 2556 4098 σχε
2591 4025 2787 4090 πάθος,
2849 4026 2878 4079 δ
2911 4027 3053 4080 κατὰ
3105 4028 3200 4081 τοῦ
3253 4027 3521 4098 βασιλέως
3577 4033 4045 4107 Καντακουζηνοῦ

785 4130 842 4173 et
870 4119 1271 4188 imperatricem
1301 4118 1495 4172 lrenen
1533 4117 1808 4188 impendio
1836 4120 2038 4187 alebat,
2071 4135 2138 4175 ne
2170 4121 2364 4190 primis

2470 4121 2554 4170 καὶ
2578 4117 2681 4186 τῆς
2704 4117 2975 4184 βασιλίδος
3002 4117 3243 4188 Είρήνης
3273 4122 3353 4183 είς
3383 4121 3444 4174 τὸ
3470 4119 3860 4195 δαψιλέστερον
3885 4127 4045 4198 ἐθρε-

787 4211 1009 4281 quidem
1042 4211 1269 4265 auribus
1298 4212 1488 4266 audire
1520 4226 1759 4281 unquam
1784 4212 2363 4268 sustinueratverbum

2470 4208 2582 4278 ψεν,
2614 4208 2724 4262 οὐδ’
2777 4207 2968 4279 ἄκροις
3007 4207 3141 4261 ώσὶν
3177 4209 3390 4281 οὐδαμῆ
3418 4212 3542 4265 ποτ’
3568 4213 3820 4284 ἠνείχετο
3878 4217 4046 4286 λόγον

787 4305 958 4358 ullum
991 4303 1055 4357 de
1115 4303 1515 4358 reconcilianda
1552 4318 1676 4358 cum
1703 4303 1772 4357 iis
1802 4305 1992 4374 gratia.
2029 4304 2131 4359 Sed
2160 4306 2261 4375 ipsi
2294 4306 2358 4360 li-

789 4394 918 4452 bido
970 4393 1217 4462 quaedam
1261 4391 1493 4462 ﬂagrans
1517 4401 1573 4446 et
1620 4393 1818 4446 mirum
1846 4401 1965 4447 erat
1991 4394 2360 4449 oblectamen-

2464 4299 2687 4353 ἀκούειν
2721 4298 2859 4368 ὑπὲρ
2910 4299 3137 4352 ἐκείνων
3190 4301 3541 4370 συμϐατικόν.
3584 4303 3727 4357 Ἀλλ’
3787 4301 3856 4376 ἦν
3904 4309 4047 4379 αὐτῇ

2465 4390 2727 4460 διάπυρος
2753 4390 2894 4458 ἔρως
2927 4391 3020 4442 καὶ
3047 4389 3195 4454 ξένον
3234 4390 3579 4462 ἐντρύφημα,
3609 4395 3881 4466 λοιδορίας
3907 4399 4049 4453 άπά-

789 4495 928 4548 tutu,
988 4484 1168 4538 omnia
1230 4493 1285 4538 ct
1335 4485 1622 4538 maledicta
1676 4494 1731 4540 et
1781 4484 1921 4539 fmda
1954 4485 2008 4538 in
2038 4501 2131 4540 eos
2165 4486 2362 4556 probra
2391 4485 2425 4544 I

2471 4499 2570 4543 σας
2593 4485 2688 4536 καὶ
2723 4482 3071 4552 βλασφημίας
3099 4484 3377 4552 ἂησὲμνους
3406 4484 3530 4538 κατ’
3551 4486 3783 4538 ἐκείνων
3813 4491 3913 4541 καὶ
3965 4489 4052 4541 λέ-

788 4577 1023 4630 subinde
1069 4577 1273 4646 jacere,
1307 4587 1403 4630 aut
1440 4576 1574 4630 alios
1635 4576 1824 4630 audire
1859 4576 2267 4632 maledicentes.
2303 4578 2360 4632 Id

2470 4591 2587 4644 γειν
2617 4574 2728 4640 ἀεὶ,
2761 4574 2857 4626 καὶ
2897 4573 3165 4640 λεγόντων
3191 4575 3368 4628 ἄλλων
3408 4573 3655 4628 ἀκούειν.
3683 4577 3860 4629 Τοῦτο
3886 4595 4048 4649 περι-

784 4668 1098 4723 evidentem
1154 4677 1209 4722 ct
1259 4667 1600 4722 manifestam
1661 4667 1919 4722 omnibus
1975 4667 2128 4722 brevi
2180 4668 2365 4723 effecit

2471 4671 2616 4738 φανῆ
2643 4671 2736 4719 καὶ⁵
2766 4667 3066 4737 κατάδηλον
3090 4669 3342 4737 πέπραχε
3381 4669 3549 4720 πᾶσιν
3603 4669 3662 4719 ἐν
3709 4667 3915 4738 βραχεῖ
3955 4673 4051 4740 τῆς

789 4761 963 4814 totius
1020 4758 1144 4813 mali
1208 4760 1437 4828 primam
1497 4760 1756 4825 radicem,
1789 4775 1909 4831 qua:
1939 4767 1994 4815 et
2041 4760 2184 4814 civili
2218 4759 2362 4815 bello

2470 4759 2597 4829 ὅλης
2634 4759 2831 4821 κακίας
2881 4757 2982 4827 τὴν
3023 4758 3205 4827 ῥίζαν,
3261 4760 3383 4812 ὅθεν
3432 4759 3579 4827 καὶὴ
3627 4759 3724 4829 τῆς
3775 4761 4053 4828 meum»

794 4853 1062 4921 originem
1091 4852 1350 4917 dedisset,
1375 4862 1429 4905 et
1457 4853 1522 4906 ad
1555 4862 1861 4907 extremum
1893 4869 2066 4922 usque
2095 4853 2366 4922 perstitis-

2473 4851 2653 4921 μάχης
2715 4849 3015 4921 ἐϐλάστησε
3072 4851 3368 4920 πρόφασις,
3407 4851 3506 4904 καὶ
3553 4853 3700 4913 ὅπως
3755 4854 3834 4914 είς
3899 4854 4056 4916 τέλος

788 4951 873 4994 set
901 4955 1014 4992 rem
1068 4940 1365 4993 llomauam
1411 4951 1647 4995 atterere
1683 4952 1846 5010 atque
1869 4941 2220 4997 labefactare.
2260 4942 2360 4997 Ni-

2473 4943 2769 5012 παρέμεινε
2802 4941 3102 4995 δαπανῶσα
3148 4944 3243 4994 καὶ
3299 4942 3602 5012 φθείρουσα
3643 4942 3711 4994 τά
3755 4941 4058 5011 Ῥωμαίων

793 5031 991 5083 mirum
1027 5046 1088 5083 ea
1119 5039 1237 5084 crat
1267 5035 1434 5084 Anna:
1475 5031 1832 5101 iinperatricis
1871 5032 2133 5104 zelutypia
2162 5042 2217 5086 et
2251 5048 2362 5086 ma—

2470 5036 2785 5104 πράγματα.
2840 5029 2941 5085 Ἦν
2993 5031 3037 5084 δ’
3085 5035 3118 5103 ἡ
3162 5033 3261 5104 τῆς
3323 5031 3830 5103 βασιλίδος,”Δννης
3890 5035 4058 5105 ζηλό-

791 5120 1032 5189 liguitas,
1083 5122 1161 5174 uti
1223 5137 1322 5176 nos
1361 5137 1524 5190 supra
1580 5137 1721 5190 szepe
1764 5122 2022 5189 diximus,
2071 5139 2231 5193 quam
2269 5123 2358 5178 illa

2470 5143 2638 5186 τυπος
2688 5126 2782 5178 καὶ
2816 5124 3143 5195 χαιρέκακος
3213 5125 3430 5195 γνώμη,
3487 5125 3741 5195 καθάπερ
3803 5126 3946 5194 ἡμῖν
4001 5129 4058 5178 ἐν

780 5213 1051 5266 humana:
1078 5213 1323 5267 felicitati
1361 5215 1537 5284 palam
1569 5216 1831 5285 praetulit,
1863 5225 1916 5271 et
1954 5216 2111 5287 cujus
2137 5218 2363 5288 cXpIen-

2470 5221 2580 5281 τοῖς
2628 5219 2885 5287 ἀνωτέρω
2934 5217 3047 5286 (l7)
3113 5217 3375 5281 πολλάκις
3434 5219 3651 5286 εἴρηται
3708 5217 3939 5284 λόγοιςο
3992 5213 4058 5286 ἦς

773 5305 873 5357 «he
903 5319 1063 5359 causa
1091 5315 1263 5359 totum
1295 5305 1582 5376 imperium
1613 5306 1871 5378 prodidit.

2470 5314 2591 5380 sipo;
2624 5308 2906 5379 Ῥωμαίων
2966 5309 3237 5378 ἠλλάξατο
3318 5309 3604 5379 προδήλως
3690 5307 4056 5377 εὐδαιμονίαν

2470 5403 2633 5471 αὕτη,
2663 5403 2756 5454 καὶ
2787 5400 2853 5453 δι’
2877 5403 2939 5470 ἣν
2958 5401 3066 5453 τῶν
3096 5400 3232 5453 ὅλων
3268 5400 3516 5468 προδότις
3546 5399 3901 5470 πραγμάτων
3932 5399 4060 5470 ἐγέ-

2469 5512 2608 5549 νετο.

2133 5657 2459 5720 Variorum
2498 5663 2690 5718 notae.

853 5801 976 5871 (I5)
1009 5801 1323 5870 Apostolius
1368 5811 1584 5857 ccutur.
1618 5817 1692 5866 Ix,
1733 5799 1991 5870 proverb.
2027 5802 2114 5856 70.
2146 5802 2357 5856 Borvnv.

867 5877 977 5947 (to)
1007 5874 1319 5942 Apostolius
1341 5886 1554 5928 ccutur.
1587 5889 1641 5938 ιι,
1685 5877 1940 5943 proverb.
2009 5875 2093 5941 55,
2134 5883 2187 5928 et
2228 5889 2363 5928 cen-

2471 5810 2579 5856 tur.
2612 5817 2726 5863 xui,
2758 5799 3013 5869 proverb.
3044 5795 3392 5869 98._Bon°m.

2549 5876 2665 5941 (Π)
2701 5867 2815 5926 Lib.
2847 5887 2956 5934 xiv,
2994 5884 3114 5939 cap.
3145 5867 3198 5930 5,
3230 5876 3365 5922 seet.
3401 5871 3455 5927 9.
3493 5867 3705 5931 Bonus.
