4236 6442
257 375 389 441 ωιι
641 369 712 436 ιλ.
760 383 810 423 c.
858 365 1014 439 tan]

1270 370 1710 434 BYZANTlN/E
1731 370 1781 431 ll
1794 368 2114 431 [S'l‘URLE
2140 372 2287 436 LIB.
2314 374 2433 435 XV.

2625 366 2760 439 [tum
2798 385 2841 424 ι.
2872 380 3108 421 ramos.
3150 363 3211 437 6]
3365 363 3497 430 1042

249 484 576 557 προσίεσθαι
594 484 861 556 βούλοιτο,
888 484 1175 552 ιγγραφον
1192 482 1221 537 ό
1245 501 1673 556 πατριαρχευων
1692 483 1829 545 τέως
1859 485 1903 542 Α

1825 485 1903 542 :A
1931 488 2378 542 communionem
2405 498 2554 543 esset
2601 486 2981 552 admissurus;
3043 483 3174 543 ideo
3229 480 3498 543 Isidorus,

263 575 556 647 Ἰσίδωρος,
588 571 963 642 ἐπ’Ἥμδωνος
995 571 1377 643 ἀναϐεϐηκὼς,
1407 572 1655 642 διεξῆλθε
1692 589 1822 638 συγ-

248 668 517 737 χώρησιν,
553 666 587 736 ἢ
620 669 712 720 καὶ
739 661 806 736 ἦν
830 664 939 717 τῶν
958 664 1216 718 ἁπάντων
1239 665 1419 728 οὐδεὶς
1454 660 1499 731 ᾦ
1536 664 1739 735 ηρεσκέ
1762 681 1822 716 τε

250 762 349 813 καὶ
380 759 778 829 προσεδέδεκτο
799 773 813 788 ⁸
845 756 961 811 ἀλλ’
998 758 1279 828 ὑπηνέμια
1328 757 1677 810 παντάπασιν
1711 758 1825 810 ἐδόο

250 868 358 911 κει,
389 851 481 902 καὶ
529 850 874 917 ἀμυδρότερα
923 850 1102 918 πάσης
1137 851 1319 912 σκιᾶς,
1345 852 1438 905 καὶ
1479 849 1678 920 χλεύης
1727 849 1825 903 καὶ

250 942 529 1010 μυκτῆρος
577 941 702 1007 ἄξια
754 941 993 1013 μακροῦ,
1043 943 1136 996 καὶ
1175 944 1374 1014 μικροῦ
1399 943 1503 997 δέω
1526 944 1728 1013 λέγειν,
1756 939 1826 1016 ἦν

245 1030 425 1092 οὐδεὶς
530 1032 604 1103 μὴ
639 1033 813 1099 γέλως
835 1038 903 1088 τὰ
923 1035 1195 1102 λεγόμενα
1212 1030 1306 1107 ἦν,
1332 1038 1426 1088 καὶ
1447 1036 1607 1104 ὅμοια
1635 1033 1826 1105 ὥσπερ

245 1121 315 1174 ἂν
336 1121 497 1185 εἴτις
524 1124 693 1190 ἄμφω
725 1126 821 1185 τὰς
847 1126 998 1194 ὄψεις
1056 1126 1254 1189 τελέως
1305 1129 1666 1198 ἀφῃρημένος
1699 1128 1825 1191 τοὺς

242 1214 359 1266 τῶν
388 1215 680 1285 ὀφθαλμῶν
714 1216 802 1270 τὸν
855 1220 1043 1288 ἕτερον
1073 1220 1512 1290 πεπηρωμένους
1546 1222 1825 1292 ἰατρεύειν

247 1308 581 1377 ὑπισχνεῖτο.
610 1310 733 1373 Τοῖς
756 1328 818 1378 γε
846 1310 954 1382 μὴν
978 1314 1324 1383 σεμνοτέροις
1348 1313 1521 1367 ταῦτα
1547 1314 1612 1384 δὴ
1642 1314 1710 1369 τὰ
1731 1315 1826 1369 τοῦ

246 1400 583 1467 Εὑαγγελίου
636 1403 723 1456 διὰ
753 1404 1002 1472 γλώττης
1037 1400 1127 1473 ἦν,
1164 1422 1184 1456 ε
1247 1405 1440 1470 Ἐξελε
1475 1406 1823 1477 (φάσκουσι)

245 1494 488 1559 πρῶτον,
516 1494 810 1564 ὑποκριτὰ,
848 1496 947 1563 τὴν
984 1496 1142 1548 δοκὸν
1174 1490 1238 1548 ἔκ
1263 1495 1357 1548 τοῦ
1388 1496 1673 1567 ὀφθαλμοῦ
1709 1514 1827 1561 σου,

246 1590 341 1637 καὶ
364 1587 486 1638 τότε
537 1586 598 1638 τὸ
623 1586 835 1657 κάρφος
870 1589 932 1641 τὸ
967 1590 1027 1641 ὲν
1056 1588 1135 1658 τῷ
1172 1590 1441 1660 ὀφθαλμῷ
1467 1590 1561 1644 τοῦ
1596 1592 1828 1661 ἀδελφοῦ

246 1692 431 1727 σουοι
474 1677 569 1728 καὶ
618 1677 687 1730 αὖ
740 1678 833 1731 ἐπὶ
883 1679 1096 1742 τούτοις
1128 1681 1304 1734 ὁπόσα
1351 1699 1415 1750 γε
1457 1683 1673 1746 τούτοις
1703 1684 1831 1753 ὀμό-

246 1783 461 1835 στοιχα.
524 1788 543 1820 ι
580 1770 710 1823 Δέον
759 1770 868 1840 γὰρ
908 1773 1071 1825 αὐτὸν
1131 1774 1434 1844 (ἔφασκον)
1494 1777 1829 1847 συγγνώμην

247 1860 431 1929 ἑαυτῷ
457 1862 554 1927 τὴν
589 1862 763 1928 μείζω
785 1863 971 1930 ζητεῖν
996 1867 1088 1919 ἐπὶ
1117 1868 1326 1933 διπλοῖς
1376 1872 1470 1923 καὶ
1497 1872 1825 1935 πολλαπλοῖς

244 1952 363 2011 τοῖς
421 1950 785 2020 ἐγκλήμασιν,
822 1955 850 2006 ὁ
881 1954 937 2007 δὲ
988 1959 1115 2018 τοὺς
1145 1958 1297 2012 οὐδὲν
1342 1960 1506 2013 αὑτοῦ
1540 1961 1834 2030 δεομένους

248 2040 485 2103 ἀναιδῶς
542 2043 745 2098 οὑτωσὶ
803 2045 1134 2116 θεραπεύειν
1156 2048 1373 2119 ηὴξίου,
1420 2052 1548 2115 τοὺς
1575 2053 1651 2124 μὴ
1693 2056 1833 2109 πάνυ

249 2133 735 2204 λεπροὺς,είπεῖν,
788 2141 815 2193 ὁ
847 2141 990 2196 πάνυ
1021 2143 1245 2211 λεπρὸς,
1306 2145 1401 2199 καὶ
1450 2147 1576 2209 τοὺς
1631 2150 1835 2216 μικρᾶς

249 2226 542 2296 δεομένους
597 2230 921 2309 καθάρσεως
974 2237 1004 2287 ὀ
1051 2236 1224 2305 ῥύπου
1273 2238 1370 2291 καὶ
1406 2239 1579 2309 πηλοῦ
1615 2243 1834 2311 μεστλς,

254 2319 399 2371 κατὰ
424 2321 550 2383 τοὺς
580 2323 820 2391 χοίρους,
843 2325 892 2378 οἶ
926 2326 1003 2395 τῷ
1033 2326 1283 2400 βορϐόρῳ
1322 2333 1830 2399 ἐγκαλινδοῦνται.»

255 2410 535 2475 Τοιούτοις
568 2414 668 2482 μὲν
697 2414 761 2485 δὴ
794 2418 887 2471 καὶ
926 2417 1139 2486 μείζοσι
1186 2420 1392 2475 τούτων
1431 2422 1488 2476 ai
1516 2423 1711 2476 πολλαὶ
1742 2426 1838 2477 καὶ

257 2504 510 2572 διάφοροι
566 2506 815 2574 γλῶτται
881 2510 989 2563 τῶν
1052 2513 1353 2581 τηνικαῦτα
1409 2516 1696 2584 παρόντων
1723 2518 1842 2570 ἐκεῖ

260 2599 399 2668 πρὸς
425 2600 589 2653 αὑτὸν
622 2601 944 2667 ὲπετόξευον
982 2604 1287 2675 σκώμμασι
1316 2623 1332 2640 ο
1366 2611 1460 2661 καὶ
1516 2610 1710 2663 σύνδυο
1744 2614 1840 2665 καὶ

262 2693 515 2761 σύντρεις
573 2694 637 2747 ὲκ
695 2695 1075 2765 διαστήματος
1133 2699 1515 2771 ἀθροιζόμενοι
1544 2704 1839 2776 διηπόρουν

261 2786 519 2854 ἀλλήλοις
544 2787 615 2840 τά
661 2805 724 2856 γε
775 2791 1002 2845 τοιαῦτα
1059 2795 1398 2864 κοινούμενοι
1432 2799 1527 2850 καὶ
1563 2798 1664 2866 τὴν
1692 2800 1843 2851 αναί-

261 2877 414 2930 δειαν
443 2878 811 2949 λοιδοροῦντες
837 2884 1051 2937 ἐκείνου
1083 2885 1257 2956 λάθρα
1298 2888 1392 2940 καὶ
1433 2888 1527 2940 ὑπ’
1554 2889 1763 2944 ὀδόντα.

341 2970 416 3025 B'.
452 2968 636 3026 Ἶίσαν
664 2973 707 3026 δ’
730 2973 783 3025 οἵ
817 2976 910 3026 καὶ
941 2976 1443 3048 ὲκκεκαλυμμὲνως
1470 2982 1527 3044 ἐς
1564 2978 1842 3051 προῦπτον

267 3063 636 3131 ἐλοιδοροῦντο
663 3066 874 3136 τάνδρὶ,
907 3066 1075 3135 μηδὲν
1102 3068 1253 3136 ὑγιὲς
1289 3072 1426 3140 μήτε
1454 3072 1673 3139 δρῶντι.
1701 3076 1840 3144 μήτε

1930 579 2024 648 qui
2058 588 2172 634 tum
2202 581 2516 648 patriarcha
2538 589 2675 643 erat,
2709 580 2945 635 amboue
2995 589 3321 637 conscenso,
3357 571 3502 627 scri-

1933 682 2080 742 ptam
2115 672 2364 727 recitavit
2389 673 2827 738 absolutionem;
2866 686 3029 741 quam
3059 683 3221 723 nemo
3254 666 3503 721 omnium

1933 763 2036 817 fuit
2066 765 2161 832 qui
2196 765 2453 834 probaret
2490 775 2545 819 et
2572 765 2892 819 admitteret
2927 783 2941 817 :
2976 762 3070 817 sed
3105 760 3298 815 inania
3342 773 3504 829 pror-

1932 871 2026 910 sus
2054 872 2140 917 ea,
2167 867 2225 911 et
2254 858 2445 911 umbra
2477 856 2673 927 quavis
2699 857 2962 920 futiliora,
2998 855 3223 923 risuque
3249 863 3307 907 et
3331 867 3503 907 sanna

1931 947 2249 1016 dignissima
2281 948 2634 1003 videbantur.
2688 948 2832 1014 Quin
2886 945 3025 1001 illud
3065 959 3205 1014 pene
3242 943 3501 1005 dixerim,

1933 1039 2208 1093 neminem
2234 1040 2428 1105 fuisse,
2458 1040 2547 1094 cui
2582 1055 2645 1095 ea
2680 1055 2804 1108 quae
2832 1038 3163 1092 dicebantur
3194 1035 3365 1089 risum
3392 1048 3503 1085 non

1935 1133 2231 1195 moverint,
2262 1133 2600 1203 perindeque
2643 1132 2829 1186 hahita
2855 1132 2986 1192 sint,
3005 1145 3068 1183 ac
3097 1129 3142 1182 si
3181 1127 3323 1195 quis,
3354 1135 3505 1178 utro-

1933 1238 2040 1292 que
2075 1224 2236 1277 oculo
2295 1224 2517 1294 penitus
2566 1223 2815 1282 orbatus.
2866 1237 2961 1276 eos
3010 1222 3103 1291 qui
3148 1220 3325 1273 altero
3359 1215 3503 1283 capti

1934 1325 2118 1368 essent
2145 1326 2468 1369 sanaturum
2497 1331 2557 1371 se
2584 1316 2954 1384 promitteret.
2978 1310 3332 1366 Gravioribus
3357 1316 3506 1360 certe

1936 1406 2073 1459 viris
2101 1407 2184 1461 illa
2210 1407 2498 1476 Evangelii
2536 1409 2589 1460 in
2619 1422 2715 1461 ore
2740 1415 2901 1460 erant
2936 1423 2947 1457 :
2987 1422 3005 1454 ι
3043 1403 3195 1471 Ejice
3240 1400 3502 1470 primum,

1937 1495 2247 1566 hypocrita,
2283 1499 2492 1553 trabem
2517 1498 2587 1552 de
2615 1497 2777 1552 oculo
2809 1506 2903 1550 tuo
2935 1514 2946 1548 :
2984 1504 3039 1547 et
3062 1503 3191 1546 tunc
3214 1490 3507 1545 festucam.

1938 1603 2061 1657 qua:
2092 1590 2177 1641 est
2231 1589 2285 1642 in
2313 1588 2478 1642 eculo
2508 1586 2698 1642 fratris
2730 1587 2807 1640 tui
2834 1587 2849 1616 ⁸
2876 1604 2890 1639 :
2932 1605 2952 1637 ι
2994 1585 3210 1652 aliaque
3234 1581 3515 1635 addeban-

1940 1690 2029 1735 tur
2056 1680 2142 1734 his
2168 1680 2369 1737 aﬂinia.
2406 1700 2425 1733 ‹
2462 1682 2569 1747 Qui
2603 1682 2750 1735 enim
2788 1680 3031 1751 (aiebant
3058 1677 3157 1744 illi)
3193 1673 3428 1744 duplicis
3456 1679 3513 1724 ct

1941 1774 2259 1844 multiplicis
2293 1775 2540 1830 criminis
2590 1789 2720 1841 reus
2768 1780 2894 1843 eget
2929 1774 3043 1840 ipse
3074 1767 3325 1836 ampliori
3355 1766 3515 1819 abso-

1936 1868 2168 1925 lutione.
2205 1866 2254 1921 is
2282 1869 2353 1921 ita
2391 1867 2683 1936 impudens
2712 1875 2819 1929 est,
2861 1874 2920 1918 ut
2950 1878 3065 1925 eos,
3103 1860 3200 1930 qui
3231 1858 3370 1912 nihil
3392 1856 3514 1925 ipso

1938 1959 2206 2027 indigent,
2231 1959 2508 2013 curandos
2539 1958 2824 2027 suscipiat,
2850 1971 2956 2009 non
2981 1954 3207 2008 omnino
3238 1952 3512 2020 leprosos.

1938 2068 1998 2113 ut
2039 2058 2111 2111 ita
2150 2056 2349 2121 dicam,
2387 2056 2617 2109 omnino
2643 2055 2758 2124 ipse
2792 2053 3070 2121 leprosus,
3126 2057 3181 2100 et
3244 2060 3360 2106 eos,
3421 2040 3515 2112 qui

1940 2165 2107 2219 parvo
2130 2149 2318 2203 labore
2348 2148 2561 2216 possint
2587 2145 2829 2213 purgari,
2863 2143 3124 2196 sordibus
3161 2139 3277 2206 ipse
3307 2144 3362 2190 et
3394 2134 3515 2188 luto

1937 2252 2253 2309 coopertus,
2285 2254 2580 2309 porcorum
2611 2236 2805 2301 instar,
2834 2236 2927 2305 qui
2976 2235 3030 2287 in
3078 2246 3237 2285 emno
3264 2228 3515 2281 volutan-

1943 2342 2083 2387 tur.»
2122 2332 2347 2387 Talibus
2375 2347 2524 2393 eum,
2575 2330 2684 2383 into
2714 2338 2769 2381 et
2820 2324 3221 2383 acerbioribus,
3266 2318 3513 2373 dicteriis

1942 2423 2129 2477 mult-.e
2156 2431 2209 2477 ct
2234 2424 2399 2476 varia:
2428 2435 2621 2476 eorum
2648 2416 2740 2488 qui
2779 2426 2892 2471 tum
2925 2416 3153 2469 aderant
3194 2412 3391 2481 linguae
3434 2410 3514 2461 in-

1939 2518 2227 2573 cessebant
2253 2534 2268 2582 ;
2304 2516 2528 2584 binique
2554 2522 2610 2570 et
2641 2513 2782 2567 terni
2812 2527 2878 2566 ex
2904 2508 3197 2564 intervallo
3247 2513 3512 2560 coeuntes

1940 2611 2009 2666 de
2038 2612 2123 2664 his
2144 2610 2286 2663 inter
2306 2623 2365 2663 se
2395 2607 2749 2676 ambigebant
2766 2614 2822 2659 et
2845 2599 3324 2671 colloquebantur,
3352 2597 3513 2651 istius

1943 2701 2336 2773 impudentiam
2366 2700 2681 2756 clanculum
2725 2706 2783 2753 et
2815 2696 2977 2768 793
3014 2693 3359 2750 mussitando
3387 2706 3520 2745 con-

1942 2797 2100 2852 viciis
2126 2796 2485 2850 insectantes.

2016 2978 2080 3032 ll.
2118 2975 2469 3031 Erantetiam
2498 2974 2590 3045 qui
2626 2981 2815 3044 aperte
2862 2980 2921 3026 et
2969 2970 3250 3040 propalam
3294 2964 3516 3020 homini

1946 3070 2191 3125 convicia
2246 3068 2529 3130 facerent,
2590 3065 2726 3119 nihil
2761 3073 2858 3118 aut
2886 3061 3106 3117 facienti
3138 3069 3234 3114 aut
3283 3058 3513 3139 dicenti,

268 3151 540 3216 λαλοῦντι,
563 3152 688 3222 μήτ’
723 3155 782 3206 ὲν
808 3153 886 3224 τῷ
918 3155 1038 3207 τότε
1067 3157 1295 3224 παρόντι
1321 3159 1419 3228 τῆς
1439 3158 1609 3232 ὥρας,
1639 3163 1767 3233 μήτ’
1786 3165 1841 3226 ἐς
1870 3167 1914 3226 C

1870 3167 1914 3226 ο
1947 3164 2091 3234 quod
2150 3164 2269 3218 sani
2324 3160 2565 3216 hominis
2613 3169 2780 3224 esset,
2840 3157 2954 3212 sive
2984 3166 3114 3211 tunc
3162 3156 3277 3209 sive
3306 3162 3514 3223 postea.

267 3244 492 3296 τούπιδν
520 3243 615 3297 τοῦ
643 3245 858 3313 χρόνου.
886 3246 1041 3300 Μετὰ
1068 3249 1178 3317 γὰρ
1223 3248 1429 3321 βραχύν
1477 3269 1598 3306 τινα
1623 3255 1841 3324 χρόνον,

269 3340 361 3391 διὰ
392 3338 581 3410 τὸτῆς
610 3338 776 3393 αὑτοῦ
822 3342 1057 3411 ῥαγῆναι
1123 3346 1407 3406 κοινωνίας
1464 3348 1591 3411 τοὺς
1627 3350 1845 3413 πλείους

271 3431 383 3482 τῶν
413 3432 734 3484 ἐπισκόπων
774 3432 867 3485 καὶ
898 3434 1315 3505 πρεσϐυτέρων,
1350 3438 1555 3508 πλῆθος
1588 3442 1846 3511 ἀγοραῖον

273 3522 457 3593 ἑαυτῷ
517 3523 793 3589 θιασώτας
845 3526 1107 3597 ἀθροίσας
1151 3525 1241 3599 [Ρ.
1281 3528 1409 3601 499]
1458 3531 1718 3587 τοιούτων
1747 3536 1848 3603 τὴν

273 3616 578 3686 ἐκκλησίαν
614 3620 736 3670 ἀντὶ
791 3618 900 3671 τῶν
934 3621 1215 3689 ῥαγέντων
1272 3622 1595 3693 ἐνέπλησεν,
1625 3627 1848 3679 ἐπισκό-

275 3725 416 3769 πους
472 3707 761 3778 σχεδιάσας
797 3711 891 3761 καὶ
922 3710 1327 3780 πρεσϐυτέρους
1381 3714 1623 3784 ἑτέρους,
1657 3715 1849 3787 ὥσπερ

274 3801 324 3853 oi
391 3799 551 3870 μῦθοι
602 3802 772 3855 παλαι
823 3804 953 3866 τοὺς
993 3805 1275 3876 σπαρτοὺς
1324 3808 1419 3859 καὶ
1442 3808 1851 3880 αὐθημερινοὺς

276 3891 569 3961 γίγαντας,
627 3894 723 3947 καὶ
781 3892 928 3949 οὕτω
980 3896 1124 3951 κατὰ
1176 3897 1274 3968 τῆς
1306 3897 1588 3964 εύσεὸείας
1622 3900 1851 3972 ἀμαθῶν

277 3984 478 4053 λογίων
505 3985 733 4051 ὁπλίσας
761 3987 992 4042 πλείστα
1020 3988 1297 4060 συνέδρια.

352 4076 426 4132 l".
464 4076 697 4131 Ἔπειτα
728 4076 1055 4149 θεραπεύειν
1083 4078 1237 4151 ἠξίου
1260 4080 1599 4154 λυπούμενον
1616 4082 1717 4153 τῆς
1742 4084 1855 4140 τῶν

280 4167 705 4241 πατριαρχικῶν
739 4168 1041 4242 ἀποτυχίας
1068 4171 1277 4242 θρόνων
1315 4172 1407 4228 τὸν
1435 4172 1725 4247 Παλαμᾶν,
1773 4177 1855 4231 διο

278 4262 553 4318 δάοκαλόν
577 4279 635 4318 τε
664 4262 793 4318 δντα
815 4262 913 4318 τοῦ
947 4263 1137 4319 θιάσου
1169 4266 1265 4321 καὶ
1300 4267 1398 4336 τῆς
1422 4270 1656 4339 φατρίας
1686 4266 1779 4323 καί
1806 4271 1856 4324 οί

280 4355 393 4406 τῶν
425 4354 757 4421 ἀξιωμάτων
782 4357 957 4410 αῐτιον
981 4372 997 4388 ⁶
1046 4359 1139 4410 καὶ
1191 4357 1381 4413 τοῦτον
1412 4360 1713 4414 ἐπίσκοπον
1745 4378 1857 4431 χει-

286 4447 496 4515 ροτονεῖ
542 4444 991 4499 Θεσσαλονικέων
1055 4448 1201 4518 (62)°
1255 4444 1314 4502 οἵ
1334 4451 1426 4505 καὶ
1456 4452 1689 4505 ἀπιόντα
1717 4454 1856 4523 μήτε

1950 3257 2156 3323 Nempe
2191 3256 2235 3309 is
2264 3254 2428 3324 paulo
2453 3263 2595 3324 post,
2650 3251 2777 3322 quia
2812 3249 3057 3319 plerique
3120 3246 3508 3315 episcoporum

1953 3350 2021 3403 ab
2053 3363 2118 3402 eo
2143 3345 2340 3399 divulsi
2361 3345 2697 3406 defecerant,
2728 3340 2996 3412 plebeiam
3019 3337 3309 3393 colluviem
3340 3334 3519 3388 thiaso

1953 3436 2465 3494 suoascribeudam
2493 3435 2706 3506 coegit;
2778 3443 2833 3488 et
2888 3429 3198 3487 istiusmodi
3261 3428 3514 3483 homines

1957 3532 2013 3587 in
2044 3547 2259 3592 eorum,
2287 3530 2379 3598 qui
2410 3527 2745 3591 defecerant,
2782 3526 2962 3579 locum
3014 3521 3249 3577 suﬂecit.
3316 3519 3393 3575 Ita
3420 3517 3525 3572 Bc-

1953 3624 2179 3678 clcsiatn
2215 3620 2374 3675 lactis
2409 3635 2474 3674 ex
2510 3628 2758 3686 tempore
2791 3614 3069 3685 episcopis
3109 3621 3163 3668 et
3217 3606 3524 3665 sacerdOti-

1958 3716 2061 3770 bus
2135 3713 2292 3769 novis
2373 3712 2653 3781 implevit;
2735 3709 2926 3777 quales
2982 3706 3297 3760 fabulantur
3356 3700 3525 3755 fuisse

1958 3815 2105 3861 satos
2158 3806 2279 3860 illos
2331 3813 2386 3861 et
2439 3804 2604 3857 unius
2648 3801 2754 3855 diei
2789 3798 3083 3870 Gigantas;
3123 3806 3180 3852 et
3233 3794 3524 3849 doctorum

1960 3898 2309 3955 indoctorum
2357 3906 2536 3953 canus
2588 3893 3026 3966 quamplurimas
3089 3890 3145 3946 in
3198 3888 3521 3960 religionem

1958 3992 2210 4047 armavit.

2034 4080 2122 4139 ιιι.
2158 4080 2336 4138 Soiarl
2373 4079 2569 4138 deinde
2609 4078 2883 4136 Palamant
2929 4074 3141 4142 statuit,
3191 4083 3444 4132 tnmstum
3477 4080 3531 4128 et

1962 4172 2315 4248 patriarchali
2363 4171 2495 4229 sede
2530 4171 2813 4228 exclusum
2843 4183 2902 4227 se
2958 4167 3277 4234 dolentem;
3341 4162 3529 4220 solari.

1965 4268 2208 4338 inquam,
2243 4264 2418 4321 voluit
2445 4263 2626 4334 gregis
2654 4273 2711 4318 et
2736 4261 2972 4317 sodalitii
3019 4260 3340 4331 magistrum
3394 4273 3534 4311 suae-

1965 4375 2072 4430 que
2103 4359 2384 4429 dignitatis
2410 4364 2719 4408 auctorem.
2770 4352 2908 4407 Eum
2958 4351 3142 4419 itaque
3175 4347 3534 4402 Thessaloni-

1964 4466 2184 4507 censem
2214 4450 2535 4518 episcopum
2558 4446 2733 4515 eligit.
2766 4446 2837 4499 At
2859 4443 2948 4497 hic
2973 4442 3249 4511 profectus
3278 4440 3406 4493 illuc
3438 4453 3538 4491 nec

289 4539 387 4588 τιν’
406 4553 431 4600 ς
456 4538 815 4607 τετυχηκέναι
848 4538 1028 4602 ξενίας
1057 4540 1196 4609 πρὸς
1221 4540 1329 4594 τῶν
1354 4543 1470 4596 ἐκεῖ
1491 4542 1861 4612 ξυμπέπτωκε
1897 4524 1937 4578 ί)

1859 4584 1861 4592 ν
1897 4524 1937 4578 ί)
1967 4544 2209 4614 hospitio
2234 4542 2459 4611 quidem
2489 4526 2564 4594 ab.
2615 4541 2737 4610 eius
2789 4536 2945 4591 urbis
2973 4534 3187 4588 civibus
3221 4532 3532 4601 excipitur:

284 4628 546 4693 πολιτῶν,
566 4630 664 4681 καὶ
692 4628 807 4696 ἅμα
842 4627 940 4697 τὴν
973 4629 1082 4682 ἀπὸ
1137 4630 1360 4685 Σκυθῶν
1409 4634 1693 4703 πόρρωθεν
1714 4636 1862 4702 είλη-

286 4719 428 4785 φότα
485 4718 666 4787 ῥῆσιν,
700 4719 899 4785 εἰπεῖν,
931 4720 1187 4792 καθάπερ
1217 4739 1269 4774 τι
1297 4722 1604 4777 Κυλώνειον
1638 4724 1772 4792 ἄγος
1802 4724 1862 4789 ἐξ

286 4808 472 4863 αὐτῶν
500 4809 663 4873 εὐθὺς
697 4811 980 4866 ἐπανιέναι
1015 4812 1351 4884 ἐληλαμένον
1383 4814 1492 4867 τῶν
1519 4815 1620 4886 τῆς
1653 4816 1861 4880 πόλεως

288 4904 480 4971 ἀγρῶν
512 4906 609 4959 καὶ
630 4907 992 4975 προαστείων,
1018 4908 1151 4977 πρὶν
1196 4908 1345 4972 ἐντὸς
1394 4908 1650 4977 γενέσθαι
1674 4909 1860 4964 πυλῶν

291 5000 388 5051 καὶ
422 5001 551 5066 πρὶν
574 4999 740 5067 ἐγγὺς
764 5000 1080 5070 ἐληλυθέναι
1104 5000 1339 5069 τείχους.

363 5087 438 5143 Δ’.
474 5091 637 5143 Ἀλλὰ
659 5094 817 5144 ταυτὶ
847 5094 948 5162 μὲν
979 5093 1189 5160 ἑτέροις
1214 5093 1675 5155 καταλελοιπότας
1698 5094 1864 5162 ἡμᾶς,

290 5183 343 5236 οἳ
375 5185 765 5253 πραγματείαν
795 5185 875 5247 είς
929 5186 1107 5254 μῆκος
1165 5185 1303 5239 ίδίαν
1350 5188 1680 5254 πεποίηνται
1706 5187 1865 5240 πάνθ

293 5277 472 5331 ὁπόσα
498 5277 610 5339 τοῖς
652 5277 1131 5343 ἐκκλησιαστικοῖς
1167 5276 1482 5345 συμσέσηκε
1512 5278 1634 5349 τότε
1661 5277 1870 5346 δόγμα-

296 5385 408 5430 σιν,
439 5368 639 5437 χρεὼν,
660 5367 698 5420 ἃ
724 5368 787 5436 τῇ
814 5365 1027 5437 ἱστορίᾳ
1051 5364 1443 5436 κεφαλαιωδῶς
1465 5383 1582 5429 πως
1614 5366 1869 5438 είρῆσθαι

373 5528 390 5559 ¹
427 5526 621 5582 Matth.
654 5542 749 5589 vti,
779 5527 831 5580 ὅ.

1968 4639 2062 4693 sed
2092 4652 2123 4690 e
2161 4635 2460 4704 longinquo
2489 4630 2831 4701 Scythicum,
2869 4636 2929 4682 ut
2979 4627 3155 4685 aiunt,
3208 4636 3533 4690 responsum

1968 4728 2190 4796 accipit.
2220 4738 2275 4781 et
2327 4735 2586 4793 tanquam
2623 4721 2922 4793 (Iyloneum
2992 4714 3208 4785 aliquod
3260 4712 3535 4782 piaculum

1968 4819 2038 4873 ab
2067 4818 2203 4886 ipsis
2231 4816 2415 4870 statim
2437 4814 2679 4884 ejusdem
2708 4809 2859 4864 urbis
2917 4806 3064 4871 agris
3118 4803 3536 4870 subnrhiisque.

1970 4909 2214 4965 nondum
2240 4917 2423 4977 portas
2462 4906 2760 4971 ingressus,
2813 4909 2870 4955 et
2915 4908 3207 4967 antequam
3266 4893 3334 4948 ad
3389 4894 3537 4963 ipsos

1967 5017 2151 5057 muros
2177 4999 2401 5069 propius
2429 4996 2769 5058 accessisset,
2799 4994 3010 5062 eiectus
3045 4990 3209 5045 redit.

2038 5094 2125 5149 IV.
2160 5093 2363 5147 Verum
2392 5091 2506 5143 h:rc
2536 5103 2635 5142 nos
2668 5086 2790 5140 aliis
2820 5085 3133 5152 relinquere
3176 5090 3434 5152 oportet;
3471 5080 3538 5133 iis

1968 5185 2247 5243 videlicet.
2287 5184 2379 5252 qui
2429 5197 2493 5235 ea
2542 5180 2747 5244 omnia,
2793 5192 2913 5247 qua:
2956 5185 3072 5229 tum
3112 5172 3176 5228 ad
3230 5173 3537 5227 doctrinam

1970 5275 2404 5332 ecclesiasticam
2464 5271 2796 5342 pertinentia
2866 5268 3228 5330 acciderunt,
3285 5264 3539 5332 delegere

1970 5367 2074 5421 sibi
2106 5365 2282 5421 fusius
2312 5361 2616 5417 tractanda.
2664 5360 2795 5424 Qua:
2824 5367 3006 5412 autem
3067 5356 3382 5410 summatim
3427 5351 3538 5406 dici

1645 5618 1986 5681 Variorum
2024 5627 2207 5681 notae.

374 5743 489 5811 (6‘2)
525 5743 817 5797 Cantacuz.
844 5743 944 5797 lib.
978 5758 1053 5807 tv,
1082 5757 1203 5811 cap.
1257 5741 1338 5795 l5.
1363 5742 1597 5796 Ducasc.

375 5816 487 5883 (63)
531 5814 781 5870 Fortasse
806 5814 1004 5884 Ephesi
1034 5813 1511 5887 archiepiscopum
1570 5813 1655 5869 his
1688 5814 1871 5871 verbis

1979 5741 2218 5807 indicat;
2254 5740 2321 5794 de
2343 5757 2452 5810 quo
2480 5741 2900 5810 Cyparissiotes.
2938 5740 3337 5793 Palamicurnnt
3370 5750 3547 5791 trnns~

1982 5816 2310 5883 gressionmu
2336 5813 2433 5871 lib.
2459 5830 2495 5883 ι,
2524 5828 2694 5869 scrin.
2731 5830 2810 5882 tv,
2837 5828 2956 5883 cap.
2992 5812 3054 5868 10
3079 5812 3134 5867 iu
3167 5814 3294 5867 line.
3334 5810 3543 5866 Doms.
