4236 6442
262 393 404 457 tots
656 390 732 459 [Δ.
771 407 820 447 c.
865 392 1025 465 t3t‘l]

1253 400 1693 462 BYZANTIN/E
1734 402 2115 467 HISTORLE
2159 412 2298 471 LIB.
2342 412 2494 471 XVI.

2604 404 2738 476 [ιιιρ.
2780 421 2822 461 ι.
2864 420 3151 461 amnem.
3196 403 3249 475 η
3362 406 3498 470 1050

260 512 355 561 ἐπὶ⁵
376 510 436 563 τδ
469 510 716 562 πλεῖστον
752 512 1070 566 διοικεῖσθαι
1102 513 1329 578 δέδοται,
1360 517 1454 567 τού
1504 518 1688 587 χάριν,
1722 535 1827 568 πα-
1854 521 1903 576 Α
1929 544 1933 567 ‹

1854 521 1903 576 Α
1929 522 2131 588 quibus
2193 525 2513 581 facillimum
2542 536 2625 578 est
2678 527 2845 581 vitam
2897 542 3057 594 agere
3084 525 3263 577 omnis
3290 524 3514 592 periculi

263 602 359 667 ρ’»ν
400 602 548 669 ἡμᾶς
600 603 663 653 ἐκ
703 606 794 653 το)
832 605 1031 672 ῥᾴστου
1083 606 1431 670 καρποῦσθαι
1464 609 1524 659 τὸ
1551 609 1649 677 ζῇν
1681 611 1833 661 ἀκιν-

259 692 455 756 δύνως,
482 692 771 755 ἐθελοντὰς
802 696 934 764 ἡμῖν
966 697 1147 758 αὐτοῖς
1176 683 1535 751 παντοδαπῶν
1570 701 1833 769 περιπλέ-

258 800 384 835 κειν
417 783 608 836 δίκτυα
657 786 837 852 φόϐων
864 803 876 847 ;
904 782 1074 840 Οἶσθα
1116 789 1247 856 γὰρ,
1286 788 1360 852 ὡς
1393 792 1621 859 μυρίους
1669 796 1725 844 ἐν
1763 793 1831 859 τῇ

265 877 536 946 ὑπερορίᾳ
576 878 978 947 διηντλήκαμεν
1027 880 1261 949 μόχθους
1302 883 1438 948 μετὰ
1485 884 1709 959 μακρῶν
1741 887 1834 937 καὶ

258 968 620 1021 παντοδαπῶν
656 972 763 1021 τῶν
792 972 1067 1034 κινδύνων,
1102 976 1290 1027 ὁπόσοι
1338 976 1566 1029 θανάτου
1597 978 1834 1043 γείτονες

259 1061 634 1127 ἐπεφύκεσαν,
672 1061 750 1131 τῷ
775 1063 851 1131 σῷ
878 1067 1041 1132 πατρὶ
1061 1067 1500 1134 περιποιούμενοι
1525 1070 1587 1120 τὺ
1610 1069 1837 1122 ἁκίνδυ·

259 1169 352 1203 νον
378 1166 394 1183 ·
420 1152 495 1213 di;
525 1154 753 1223 δεύτερα
794 1150 935 1207 εἶναι
973 1156 1042 1207 τὰ
1074 1159 1417 1232 Διορκούρων
1445 1159 1719 1228 ἐγκώμια,
1744 1165 1836 1213 καὶ

259 1247 314 1297 εῖ
338 1263 480 1309 τινες
542 1248 795 1316 Ὀρέσται
848 1253 941 1302 καὶ
980 1250 1216 1303 Πυλάδαι
1261 1253 1351 1303 τὸν
1406 1254 1617 1323 μακρὸν
1662 1256 1837 1321 ἐμπε-

259 1338 535 1407 πληκότες
570 1340 744 1393 αἰῶνα
782 1342 1134 1410 φιλαδελφίας
1182 1344 1619 1412 ὑποδειγμάτων,
1656 1348 1708 1399 εί
1751 1364 1835 1410 τις

258 1431 331 1482 τὰ
362 1431 608 1501 ἡμέτερα
656 1435 769 1495 τοῖς
817 1434 1041 1487 ἐκείνων
1083 1436 1461 1501 ἀντεξετάζειν
1503 1438 1697 1496 ἐθέλει.
1730 1440 1837 1491 Καὶ

259 1517 333 1591 ἦν
361 1525 394 1592 ἡ
427 1525 552 1581 τοὺς
582 1524 856 1587 τοιούτους
890 1528 976 1579 ἀεὶ
1009 1528 1151 1579 κατὰ
1189 1528 1285 1580 τοῦ
1325 1529 1420 1581 σοῦ
1464 1529 1834 1599 μηχανωμένη

264 1614 472 1682 πατρὸς
518 1614 791 1684 διωγμοὺς
846 1618 936 1668 καὶ
984 1615 1251 1678 θανάτους
1286 1620 1453 1670 Ἄννα
1513 1620 1541 1687 ἡ
1598 1619 1834 1688 βασιλὶς,

262 1708 558 1775 πρόσωπον
582 1704 841 1774 ἀληθείας
876 1705 1106 1775 ἔχουσαν
1126 1708 1236 1760 οὐδ’
1256 1709 1507 1778 ἡντινοῦν
1534 1709 1838 1779 προϐάλλε-

264 1799 382 1850 σθαι
416 1797 686 1865 δυναμένη
751 1798 1026 1867 πρόφασιν
1071 1799 1194 1851 κατ’
1233 1800 1420 1853 αὐτοῦ.
1457 1803 1595 1872 11αρ’
1622 1798 1689 1873 ἦς
1728 1803 1839 1870 ἐγώ

1932 621 2232 675 exliertem,
2273 612 2414 664 ultro
2474 613 2573 678 ipsi
2641 612 2797 665 nobis
2822 612 3155 680 multiplices
3203 624 3399 673 metus,
3432 627 3520 660 vv-

1933 699 2033 753 luti
2072 701 2203 754 retia
2250 701 2496 768 quaedam
2525 740 2538 761 ,
2610 702 3097 755 nectimus?.Scis
3160 702 3359 770 quippe
3420 716 3521 756 nos

1936 791 2179 845 inliuitos
2226 792 2465 857 labores,
2520 810 2643 846 cum
2675 795 2886 863 magnis
2928 794 3221 861 multisque
3256 802 3309 844 et
3341 793 3521 859 proxi-

1938 884 2039 935 mis
2073 885 2229 935 morti
2265 884 2522 951 periculis
2548 885 2893 953 coitiunctos,
2915 883 3254 940 exhausisse.
3286 892 3340 935 ut
3372 882 3513 949 patri

1938 983 2031 1028 tuo
2079 976 2433 1029 securitatem
2489 977 2909 1032 redimeremus.
2964 976 3148 1045 Itaque
3177 984 3231 1029 et
3264 976 3519 1045 gemello-

1935 1083 2056 1119 rum
2087 1068 2237 1121 Jnvis
2286 1068 2609 1133 liberorum,
2651 1079 2702 1123 et
2738 1078 3008 1138 quotquot
3048 1084 3285 1137 unquam
3314 1066 3522 1121 Oresta:

1936 1167 1991 1211 et
2021 1157 2233 1227 Pyladze
2264 1160 2549 1212 charitatis
2603 1159 2856 1213 fraterna:
2881 1159 3147 1226 exemplis
3199 1160 3385 1224 longas
3422 1173 3513 1212 sm-

1936 1250 2183 1303 culorum
2225 1261 2410 1305 :etates
2462 1252 2843 1319 impleverunt,
2892 1252 3070 1303 minor
3120 1248 3361 1317 profecto
3401 1248 3520 1299 Inus

1939 1338 2133 1405 fuerit,
2185 1342 2229 1393 si
2291 1341 2416 1409 quis
2472 1341 2601 1393 \elit
2644 1356 2765 1393 cum
2824 1339 3038 1391 illorum
3095 1338 3257 1390 rebus
3309 1346 3519 1388 nostras

1938 1433 2211 1488 conferre.
2278 1432 2400 1487 llaec
2490 1433 2630 1501 patri
2692 1441 2784 1484 tuo
2844 1431 3109 1500 pericula.
3163 1432 3258 1483 bas
3320 1440 3522 1481 mortes

1936 1524 2093 1578 Anna
2156 1524 2498 1592 imperatrix,
2561 1523 2716 1577 nullo
2770 1524 2978 1587 colore,
3028 1520 3179 1574 nullo
3250 1520 3518 1588 probabili

1942 1622 2209 1679 praetequ
2254 1614 2303 1667 ei
2350 1612 2614 1676 infensa,
2669 1624 2934 1680 perpetuo
2999 1627 3169 1681 usque
3230 1610 3522 1663 eonﬂabut.

1940 1706 2051 1773 Ego
2077 1720 2207 1759 vero
2238 1714 2292 1758 et
2325 1704 2495 1758 frater
2522 1720 2678 1757 meus
2705 1703 2916 1756 Manuel
2958 1703 3158 1755 multus
3192 1702 3259 1753 ab
3291 1718 3350 1753 ca
3380 1698 3478 1753 Ιίιι‹
3499 1729 3526 1743 -

1942 1808 2028 1845 ras
2054 1792 2191 1845 clam
2244 1792 2593 1861 accepimus;
2626 1808 2722 1860 per
2759 1806 2898 1859 quas
2954 1791 3063 1851 illa.
3090 1790 3286 1859 quovis
3312 1790 3528 1860 jureju-

257 1906 321 1940 τε
354 1889 447 1941 καὶ
486 1862 935 1956 οὑμὸς-ἀδε-λφδς
982 1892 1240 1960 Μανουὴλ
1292 1892 1490 1953 πολλὰς
1538 1862 1837 1963 έδεξόμεθα
1871 1862 1910 1917 Β

1871 1862 1910 1917 υ
1940 1882 2106 1935 rando
2138 1882 2483 1950 interposito,
2518 1881 2894 1951 possessiones
2957 1881 3117 1933 nobis
3151 1880 3524 1949 pecuniarios-

258 1978 437 2048 λάθρα
471 1978 588 2046 μεθ’
620 1979 800 2046 ὅρκων
843 1982 1113 2032 παντοίων
1149 1982 1387 2051 γραφὰς,
1419 1984 1551 2053 ἡμῖν
1597 2002 1657 2037 τε
1710 2003 1841 2055 κτη-

262 2070 450 2138 ματων
486 2068 623 2139 δμοῦ
659 2070 755 2122 καὶ
802 2072 1101 2141 χρημάτων
1151 2075 1449 2144 προσόδους
1505 2078 1840 2145 ἐπαγγελλο-

262 2162 431 2230 μένης
465 2165 557 2213 καὶ
586 2163 703 2230 ἅμα
739 2165 850 2225 τοῖς
888 2165 1309 2233 καθειργμένοις
1340 2165 1588 2233 γονεῦσιν
1619 2168 1835 2220 ἐλεύθιο

261 2270 359 2321 ρον
404 2253 577 2323 ἥλιον.
622 2254 763 2306 Ἀλλ’
808 2255 970 2323 ἡμεῖς
1017 2272 1104 2323 γε,
1157 2257 1287 2320 τοὺς
1322 2258 1420 2328 τῆς
1458 2258 1615 2327 δίκης
1659 2262 1839 2313 σέὸειν

260 2344 538 2407 ἐθέλοντες
574 2345 818 2413 θρόνους,
854 2348 911 2399 ἐν
938 2346 1429 2419 ἁσαλεύτοιςιέχειν
1453 2352 1597 2419 ὅροις
1621 2352 1838 2420 ἐρηρει-

260 2437 490 2503 σμένους
529 2438 652 2495 τοὺς
682 2439 847 2499 πόδας
872 2438 1173 2507 ἐκρίναμεν
1200 2440 1328 2502 δεῖν,
1360 2440 1451 2492 καὶ
1480 2440 1558 2510 μὴ
1588 2441 1674 2493 διὰ
1702 2459 1841 2508 φαυ-

257 2529 481 2598 λότερον
508 2529 712 2596 ἀγαθὸν
743 2529 827 2602 [Ρ.
852 2530 979 2603 505]
1001 2532 1267 2602 διηνεκεῖς
1291 2550 1445 2595 τινας
1470 2532 1549 2602 τῷ
1574 2534 1837 2587 συνειδότι

260 2621 535 2688 μάστιγας
571 2619 877 2689 προξενεῖν.
905 2621 978 2672 Τὸ
1007 2622 1115 2690 γὰρ
1148 2620 1235 2672 διὸ.
1259 2619 1358 2691 τὴν
1392 2618 1630 2689 ἐμαυτοῦ
1661 2637 1835 2689 σωτη-

258 2711 384 2780 ρίαν
420 2728 477 2763 σε
521 2712 662 2781 μετὰ
712 2710 807 2764 τοῦ
862 2711 957 2764 σοῦ
1009 2711 1319 2781 προδιδόναι
1367 2711 1573 2781 πατρὸς
1606 2714 1702 2778 (ἐῶ
1729 2712 1837 2779 γὰρ

253 2802 357 2871 τῆν
384 2801 549 2866 ἀλλην
590 2800 825 2854 ἐνταῦθα
865 2801 1046 2869 λέγειν
1080 2804 1429 2870 συγγένειαν,
1465 2797 1497 2875 ᾖ
1527 2802 1634 2856 τῶν
1660 2803 1840 2857 κινδύ-

255 2909 366 2943 νων
397 2892 761 2961 ξυμμετέχειν
800 2908 860 2945 τε
909 2895 1003 2946 καὶ
1040 2894 1454 2963 παραπολαύειν
1506 2894 1836 2963 ξυνέϐαινεν)

252 2983 443 3049 ὅμοιον
467 2978 557 3051 ἦν,
581 2982 773 3052 ῶσπερ
806 2983 874 3036 ἂν
906 2986 954 3035 εἰ
984 2983 1223 3053 ἐμαυτὸν
1250 2985 1365 3037 ἀντ’
1398 2984 1638 3052 ἐμαυτοῦ
1672 3003 1837 3055 προε-

251 3058 454 3137 δίδοῖδν,
486 3077 579 3127 καὶ
605 3076 807 3145 τούμὸν
864 3075 1008 3129 ἐκὼν
1064 3080 1331 3146 παρεῖχον
1381 3074 1521 3145 αἷμα
1555 3077 1695 3129 κατὰ
1730 3079 1833 3147 γῆς

252 3166 541 3220 κενοῦσθαι
562 3167 652 3221 διὰ
683 3168 880 3237 τοῦμδν
912 3169 1087 3221 είπεῖν
1119 3163 1279 3238 αἷμα.
1314 3169 1500 3231 Οὕτως
1535 3172 1615 3232 είς
1660 3171 1833 3237 αίνίγ-

255 3273 428 3323 ματος
481 3257 641 3323 λόγον
684 3257 785 3327 τὴν
839 3256 1092 3310 ἐντεῦθεν
1146 3259 1415 3329 ἀνέφερον
1467 3260 1702 3320 ἔννοιαν,
1738 3263 1831 3313 καὶ

250 3347 408 3401 λύσιν
431 3350 526 3420 οὐχ
556 3348 812 3420 εὕρισκον
832 3350 1112 3420 οὐδεμίαν,
1138 3349 1279 3403 ῶστε
1304 3350 1429 3404 καθ’
1472 3352 1532 3405 ἓν
1559 3354 1622 3420 γέ
1650 3371 1699 3405 τι
1734 3370 1833 3405 πα-

254 3440 652 3509 ραλογίσασθαι
680 3442 779 3504 τὰς
817 3443 925 3494 τῶν
969 3443 1089 3494 τότε
1126 3442 1404 3511 λογισμῶν
1430 3446 1729 3514 κρηπῖδας.
1762 3447 1830 3498 Ἀ

251 3534 386 3604 γοῦν
424 3536 624 3588 οὑτωσί
659 3552 775 3599 πως
803 3535 1164 3606 ἐφυλαξάμην
1191 3537 1352 3599 αὐτὸς
1385 3539 1443 3589 ἐν
1470 3538 1548 3605 τῷ
1573 3538 1693 3590 τότε
1724 3555 1830 3591 πα-

253 3628 402 3699 ρόντι
437 3628 512 3696 μὴ
540 3627 697 3697 δρᾷν,
721 3626 817 3680 νῦν
845 3626 936 3680 τὸν
967 3628 1182 3697 πατέρα
1210 3628 1303 3679 τὸν
1336 3627 1427 3680 σδν
1453 3630 1589 3680 κατὰ
1618 3627 1711 3681 σού
1736 3629 1831 3681 καὶ

245 3718 350 3784 τῆς
382 3718 479 3781 σῆς
518 3715 655 3785 ὁμοῦ
716 3717 1044 3784 συγγενείας
1084 3717 1298 3785 ἁπάσης
1331 3718 1441 3787 ὁρῶ
1478 3717 1780 3788 δεδρακότα
1812 3735 1826 3750 ’

247 3807 339 3861 ναὶ
374 3806 481 3877 μὴν
515 3812 611 3859 καὶ
656 3806 799 3860 κατὰ
848 3808 1085 3873 πάντων,
1143 3809 1329 3872 ἁπλῶς
1372 3812 1571 3875 εἰπεῖν,
1613 3810 1829 3874 ὁπόσοις

247 3897 377 3957 τοὺς
420 3898 668 3966 μακροὺς
708 3899 950 3961 ἐκείνους
982 3899 1281 3969 τετύχηκεν
1330 3901 1529 3963 ἄθλους
1575 3901 1827 3973 δραμεῖν,

250 3988 616 4058 στρατιώταις
640 3991 735 4044 καὶ
758 3994 1108 4060 στρατηγοῖς,
1136 3987 1217 4055 οἷς
1245 3992 1343 4060 μὲν
1358 3992 1483 4056 τοὺς
1507 3992 1829 4063 ὑπερορίους

250 4082 520 4146 ἐκείνους,
542 4076 622 4146 οἷς
646 4082 703 4135 δὲ
734 4085 860 4146 τοὺς
900 4086 1021 4138 κατ’
1054 4080 1222 4151 οἷκον,
1256 4087 1349 4138 καὶ
1382 4080 1463 4149 οἷς
1492 4086 1589 4149 τὰς
1633 4089 1691 4139 ἐν
1738 4086 1827 4140 δεο

250 4174 589 4241 σμωτηρίοις
631 4172 927 4236 κακώσεις.
985 4175 1060 4229 Οὐ
1108 4182 1219 4246 γὰρ
1264 4177 1473 4231 ἁπλοῦν
1524 4178 1772 4247 ὑπῆρχεν
1801 4177 1831 4230 δ

248 4266 361 4325 τοῖς
392 4264 766 4335 ταλαιπώροις
822 4267 943 4321 τότε
980 4268 1275 4342 ξυνηνέχθη
1327 4271 1536 4337 πάθος,
1578 4271 1691 4325 οὐδ’
1736 4272 1830 4324 ἐπὶ

248 4357 459 4426 βραχύν
500 4375 621 4412 τινα
651 4358 741 4412 τὸν
771 4360 980 4429 χρόνον,
1011 4362 1093 4415 ὅτι
1121 4362 1195 4433 μὴ
1224 4364 1564 4417 παντοδαπὸν
1593 4365 1687 4417 καὶ
1711 4380 1832 4418 ποι-

249 4451 423 4512 κίλον,
464 4451 602 4502 κάπὶ
654 4455 884 4521 μακροῖς
932 4455 1292 4524 ἐντεταμένον
1334 4456 1431 4509 τοῦ
1479 4458 1673 4527 χρόνου
1717 4461 1830 4523 τοῖς

1939 1987 2045 2040 que
2099 1971 2333 2033 reditus,
2393 1971 2717 2040 parentibus
2769 1985 2900 2023 vero
2962 1969 3157 2023 vinctis
3216 1968 3525 2023 libertatem

1942 2064 2319 2133 pollicebatur.
2351 2062 2458 2117 Sed
2497 2078 2599 2117 nos
2637 2062 2864 2132 justitiae
2924 2062 3161 2115 tribunal
3195 2061 3433 2114 revereri
3472 2067 3528 2111 et

1942 2156 2083 2209 intra
2119 2154 2325 2209 limites
2377 2156 2633 2209 immotos
2687 2154 2789 2209 fixa
2829 2163 3018 2207 tenere
3068 2153 3293 2221 vestigia
3328 2152 3528 2205 malui-

1941 2262 2087 2307 mus.
2114 2262 2277 2315 quam
2308 2246 2517 2300 vilioris
2546 2246 2711 2316 800
2735 2247 3093 2301 emolumenti
3132 2260 3303 2317 grana
3334 2261 3527 2315 perpe-

1942 2348 2067 2394 tuus
2120 2339 2478 2394 conscientia:
2553 2339 2806 2393 stituulos
2862 2338 3176 2393 admovere.
3228 2337 3524 2391 Enimvero

1938 2432 2132 2486 salutis
2171 2448 2305 2485 meae
2338 2447 2507 2485 causa
2539 2440 2699 2500 teque
2750 2441 2803 2484 et
2855 2442 3065 2496 patrem
3106 2438 3257 2484 tuum
3294 2434 3525 2499 prodere

1939 2523 2023 2591 (ut
2054 2525 2156 2577 hoc
2184 2524 2305 2578 loco
2328 2524 2520 2576 sileam
2562 2534 2618 2576 et
2649 2523 2808 2597 aliam
2840 2522 3247 2592 cognationem,
3280 2537 3402 2590 qua:
3434 2537 3525 2587 pe-

1939 2615 2239 2668 riculorum
2299 2614 2446 2668 socia
2500 2624 2557 2668 et
2621 2614 2894 2683 particeps
2943 2616 3081 2680 erat)
3119 2613 3347 2683 perinde
3387 2614 3519 2667 illud

1937 2706 2059 2770 fuit,
2095 2723 2158 2761 ac
2213 2708 2257 2761 si
2309 2707 2414 2760 mei
2481 2722 2643 2761 causa
2694 2723 2778 2760 me
2830 2708 3004 2776 ipsum
3040 2708 3425 2775 prodidissem,
3467 2717 3523 2760 et

1936 2799 2220 2869 sanguinis
2270 2799 2375 2853 mei
2431 2798 2794 2851 conservandi
2857 2799 3043 2852 studio
3083 2813 3262 2853 meum
3309 2798 3525 2865 sangui-

1936 2907 2059 2943 nem
2095 2892 2240 2943 ultro
2274 2890 2615 2943 eﬂudissem.
2652 2890 2805 2943 Adeo
2837 2891 3100 2959 ejusmodi
3134 2890 3521 2961 cogitationem

1934 2983 2235 3052 wnigmati'
2269 2982 2510 3035 similem
2566 2995 2688 3035 esse
2746 2984 3079 3048 statuebam;
3138 2985 3274 3037 adeo
3317 2984 3463 3037 nulla
3496 3002 3521 3035 ιι

1936 3090 2017 3127 me.
2050 3075 2254 3129 solutio
2288 3073 2677 3143 reperiebatur,
2717 3089 2839 3143 qua:
2875 3076 3236 3129 consiliorum
3272 3092 3521 3129 meorum

1937 3163 2121 3217 firmas
2164 3166 2403 3217 rationes
2455 3163 2539 3216 vel
2596 3164 2884 3218 minimum
2937 3165 3312 3221 labefactaret.
3363 3168 3429 3220 At
3460 3185 3525 3220 ea

1934 3272 2053 3324 quae
2087 3272 2180 3324 per
2226 3257 2356 3309 illud
2403 3268 2616 3325 tempus
2660 3257 2778 3313 cavi
2825 3273 2924 3328 ego
2966 3274 3033 3313 ne
3064 3260 3432 3322 admitterem,
3458 3276 3523 3313 ca

1936 3347 2053 3414 ipsa
2090 3362 2237 3400 nunc
2283 3348 2335 3400 in
2370 3356 2422 3401 te
2456 3357 2512 3401 et
2555 3348 2609 3401 in
2646 3356 2814 3403 totam
2855 3349 3237 3419 cognationem
3269 3360 3415 3403 tuam
3446 3350 3525 3402 \i-

1933 3442 2037 3494 deo
2069 3456 2098 3493 a
2158 3450 2313 3509 patre
2368 3449 2461 3493 tuo
2523 3442 2762 3495 admissa
2809 3457 2976 3497 esse:
3011 3444 3119 3495 imo
3151 3452 3206 3495 et
3243 3444 3295 3495 in
3332 3457 3523 3496 omnes

1938 3549 2163 3604 prorsus
2196 3533 2399 3588 milites
2438 3547 2501 3586 ac
2539 3534 2726 3599 duces,
2757 3533 2851 3602 qui
2886 3549 3111 3603 magnos
3152 3534 3273 3589 illos
3305 3534 3525 3589 labores

1931 3626 2049 3679 sive
2104 3624 2238 3680 foris
2291 3626 2409 3678 sive
2479 3625 2626 3677 domi
2678 3625 3080 3691 decurrerunt;
3123 3638 3289 3695 atque
3340 3627 3391 3679 in
3427 3642 3525 3680 eos

1930 3716 2101 3788 ipsos.
2134 3716 2230 3787 qui
2264 3717 2505 3772 carceris
2542 3731 2821 3771 aerumnas
2878 3717 3177 3786 pertulere.
3214 3716 3332 3771 Non
3370 3718 3522 3771 enim

1930 3813 2157 3879 simplex
2193 3810 2295 3865 luit
2339 3825 2424 3875 ea,
2453 3825 2573 3879 quas
2618 3818 2731 3862 tum
2790 3809 2984 3865 incidit
3018 3809 3234 3864 miseris
3293 3810 3518 3864 calami-

1930 3914 2035 3967 tas.
2069 3920 2247 3974 neque
2297 3905 2352 3959 in
2387 3905 2551 3961 breve
2596 3913 2813 3975 tempus
2873 3904 3124 3969 duravit;
3180 3902 3276 3957 sed
3338 3904 3522 3955 multi-

1931 3999 2052 4068 plex
2095 4005 2153 4052 et
2184 3998 2350 4055 varia.
2376 4006 2434 4051 et
2468 3996 2520 4051 in
2543 3997 2764 4067 longum
2811 3997 3075 4065 temporis
3103 3996 3335 4066 spatium
3364 3996 3525 4049 din‘u-

1930 4090 2405 4157 sa.Qu‘amobrem
2438 4090 2542 4144 etsi
2580 4090 2766 4160 gravia
2818 4089 2972 4143 luere
3012 4104 3074 4141 ea
3120 4088 3285 4151 mala,
3314 4087 3520 4155 quibus

1931 4182 2033 4251 ipsi
2091 4198 2193 4237 nos
2236 4182 2384 4235 ultro
2436 4191 2556 4236 tum
2585 4181 2900 4250 injecimus.
2926 4180 3175 4250 graviora
3217 4190 3392 4233 tamen
3426 4178 3515 4234 illa

1930 4280 2083 4337 sunt,
2114 4272 2314 4343 quibus
2362 4287 2509 4329 nunc
2558 4273 2713 4327 inviti
2755 4288 2785 4327 a
2824 4280 3051 4341 parente
3095 4280 3190 4324 tuo
3222 4278 3279 4325 et
3306 4270 3513 4339 indigni

1931 4364 2273 4433 subiicimur.
2323 4364 2458 4419 Nam
2490 4364 2607 4433 “qui
2659 4364 2817 4417 beata
2849 4378 2947 4431 pro
2978 4362 3230 4415 libertate
3258 4365 3514 4416 Certaba-

1935 4470 2077 4517 mus.
2123 4455 2381 4509 miseram
2424 4456 2749 4510 servitutem
2784 4454 3018 4508 diutinis
3066 4454 3176 4507 illis
3231 4451 3519 4507 laboribus

247 4543 417 4609 ὅροις.
446 4540 604 4594 Οὕτω
638 4544 850 4612 χαλεπὰ
900 4545 1021 4615 μέν,
1053 4542 1136 4611 οἷς
1184 4547 1471 4612 ἐθελοντὰς
1507 4552 1670 4620 ἡμεῖς
1698 4552 1828 4604 ἐαυ-
1868 4566 1909 4620 υ

1868 4546 2307 4620 υοιιτεῖὺυειιυο
2385 4546 2769 4618 imprudentes
2839 4544 3298 4615 permutavimus.
3369 4545 3518 4609 Quos

250 4637 379 4697 τοὺς
439 4635 768 4704 καθήκαμεν
816 4636 1017 4690 πάθεσι
1064 4646 1186 4692 τότε
1210 4655 1224 4669 ·
1247 4641 1644 4709 ⁴χαλεπῶτερα
1673 4641 1719 4695 δ’
1752 4636 1833 4705 οἷς

252 4727 479 4789 ἄκοντες
515 4725 611 4779 νῦν
640 4727 777 4795 πρὸς
799 4727 893 4781 τοῦ
928 4729 1023 4783 σοῦ
1049 4731 1261 4800 πατρὸς
1292 4732 1681 4803 ὑπεϐλήθημεν
1704 4734 1835 4787 ἀνα-

255 4820 382 4882 ξίως
417 4819 596 4888 ἡμῶν.
653 4819 824 4891 ’Υπὲρ
860 4821 970 4892 γὰρ
996 4823 1321 4891 ἐλευθερίας
1356 4825 1675 4894 εὐδαίμονος
1710 4827 1835 4896 τρέ-

253 4928 443 4981 χοντες
471 4909 719 4964 δουλείαν
761 4912 1026 4983 ἐλάθομεν
1048 4915 1429 4991 αλλαξὰμενοι
1460 4917 1830 4980 κακοδαίμονα

250 5003 365 5056 τῶν
391 5004 622 5075 μακρῶν
644 5003 871 5057 ἐκείνων
933 5007 1114 5059 πόνων
1166 5009 1264 5062 καὶ
1314 5009 1551 5078 δρόμων.
1584 5009 1692 5073 Οὓς
1728 5012 1834 5080 γὰρ

250 5096 328 5155 ὡς
367 5095 693 5160 ἐπιδού).ους
737 5096 1000 5167 σφοδροὺς
1053 5098 1155 5167 τῆς
1203 5101 1475 5171 ἡμετέρας
1527 5102 1835 5170 ἐφεύγομεν

251 5187 425 5255 ζωῆς,
444 5186 668 5251 τούτους
697 5189 965 5253 δεσπότας
994 5189 1139 5259 μάλα
1163 5208 1243 5245 τοι
1276 5192 1511 5261 ἄσμενος
1534 5174 1665 5262 ἡμῖν
1686 5194 1713 5244 ὁ
1741 5194 1834 5257 σὸς

250 5274 726 5343 ἐκεχειροτονήκει
764 5277 947 5349 πατήρ
973 5293 988 5306 ⁸
1018 5278 1207 5348 ῶσπερ
1235 5279 1300 5331 ἂν
1333 5282 1381 5331 εί
1414 5282 1664 5350 ἐπίτηδες
1692 5281 1834 5335 οὕτω

253 5368 383 5427 τοὺς
413 5365 642 5427 πολλοὺς
678 5368 839 5435 ἡμεῖς
875 5368 1224 5437 ὑπεμένομεν
1265 5372 1481 5435 πόνους,
1519 5372 1607 5425 ἵνα
1635 5372 1704 5425 τὰ
1724 5374 1834 5426 τῶν

249 5458 554 5510 διωκόντων
585 5457 711 5528 ξίφη
742 5460 938 5514 θᾶςτον
970 5462 1001 5532 ῆ
1031 5465 1171 5515 κατὰ
1194 5465 1292 5533 τὴν
1316 5465 1543 5517 ἐκείνων
1574 5465 1831 5535 βούλησιν

248 5555 362 5613 τοῖς
391 5551 679 5621 ἡμετέροις
708 5552 925 5622 λαιμοῖς
954 5556 1409 5626 προσσράξωμεν,
1442 5560 1537 5611 καὶ
1563 5558 1649 5613 ἴνα
1681 5560 1830 5627 παρᾶ

249 5640 507 5693 τοσοῦτον
545 5643 849 5711 πικρότερα
901 5644 1011 5696 τῶν
1050 5646 1310 5715 διωγμῶν
1340 5647 1408 5701 τὰ
1439 5648 1547 5700 τῶν
1580 5650 1830 5720 ἀμοιὸῶν

250 5734 676 5801 καρπιυσώμεθα
699 5734 853 5802 τέλη,
883 5737 1119 5805 παρόσον
1148 5738 1268 5791 τότε
1292 5739 1390 5807 μὲν
1413 5738 1622 5801 ἐλπίδες
1656 5740 1831 5791 εὐδαί-

251 5843 412 5895 μονε(
444 5825 601 5896 ἡμῶν
636 5827 697 5879 τὸ
727 5826 992 5898 ἡδόμενον
1044 5827 1270 5885 ἔϐοσκον
1298 5848 1310 5861 ·
1347 5830 1443 5887 νῦν
1490 5832 1545 5887 δὲ
1594 5833 1686 5888 καὶ
1732 5833 1828 5899 τὰς

1936 4655 2133 4708 nempe
2192 4652 2251 4694 ut
2314 4640 2510 4694 salutis
2566 4650 2767 4693 nostra:
2827 4637 3176 4692 insidiatores
3221 4640 3520 4692 acerrimos

1935 4730 2269 4794 vitabantus,
2322 4747 2418 4785 eos
2449 4729 2610 4783 nobis
2642 4744 2841 4799 parens
2872 4739 2999 4783 tuus
3047 4729 3300 4781 dominos
3329 4726 3519 4780 volens

1935 4835 1987 4878 et
2023 4825 2203 4880 libens
2259 4826 2654 4879 destinaverat.
2687 4821 2861 4886 .Quasi
2893 4835 3023 4875 vero
3065 4835 3165 4874 nos
3204 4828 3281 4873 tot
3305 4819 3520 4872 labores

1934 4918 2187 4972 consulto
2238 4916 2675 4985 pertulissemus,
2705 4920 2765 4965 ut
2814 4902 3029 4975 eorum,
3059 4910 3154 4980 qui
3202 4925 3301 4963 nos
3328 4922 3520 4979 perse-

1934 5010 2268 5077 quebantur.
2303 5007 2513 5078 gladios
2554 5007 2762 5076 jugulis
2793 5006 2994 5059 nostris
3042 5002 3210 5057 citius
3240 5018 3405 5072 quam
3440 5003 3518 5057 illi

1936 5100 2141 5152 vellent
2192 5098 2352 5168 θοι
2397 5098 2841 5159 admovercmus,
2894 5104 3059 5164 atque
3095 5105 3154 5147 ut
3185 5108 3306 5147 eam
3345 5094 3521 5161 perci-

1936 5207 2193 5263 percmns
2217 5194 2437 5245 demum
2468 5190 2799 5253 mercedem,
2824 5204 2945 5257 qua:
2991 5188 3123 5256 ipsis
3153 5187 3291 5256 fuga:
3320 5202 3519 5240 mrum-

1943 5285 2028 5338 nis
2065 5298 2131 5339 eo
2169 5293 2315 5337 esset
2362 5281 2638 5347 acerbior,
2664 5280 2808 5350 quod
2863 5281 2970 5335 illis
2999 5278 3220 5348 quidem
3256 5278 3519 5346 tempori-

1938 5374 2042 5429 bus
2091 5374 2367 5443 przeelara:
2418 5390 2544 5443 spes
2594 5374 2946 5443 cupiditatem
2986 5381 3225 5425 nostram
3261 5370 3515 5433 alebant;

1940 5482 2086 5522 nunc
2124 5483 2256 5521 vero
2287 5468 2461 5537 ipsam
2495 5459 2715 5537 quoque
2750 5467 2862 5535 spei
2910 5464 3292 5520 suavissimam
3327 5477 3515 5516 auram

1937 5571 2062 5613 tuus
2112 5560 2273 5614 nobis
2323 5570 2478 5629 pater
2529 5570 2717 5628 aperte
2768 5558 2993 5627 ctipttil.
3042 5557 3329 5611 Neminem
3365 5558 3515 5609 enim

1935 5663 2067 5722 puto
2096 5668 2235 5716 esse,
2265 5658 2357 5722 qui
2410 5653 2725 5723 pignoribus
2758 5652 2930 5704 firmis
2964 5665 3159 5704 cavere
3198 5649 3356 5701 nobis
3393 5665 3521 5719 pos-

1936 5747 2027 5809 sit,
2072 5760 2183 5799 non
2229 5754 2543 5799 curaturum
2590 5760 2713 5799 esse
2756 5748 2967 5798 Annam
2997 5742 3426 5811 imper-uaricem,
3458 5752 3516 5796 ut

1935 5853 2127 5893 onmcs
2180 5837 2287 5893 (ita
2349 5850 2523 5894 morte
2578 5838 2761 5891 statim
2812 5837 3127 5907 puniamur,
3164 5834 3255 5903 qui
3302 5835 3508 5903 parenti
