4236 6442
240 401 383 468 1057
662 400 737 471 [Α.
777 415 827 455 c.
874 400 1032 473 iam

1251 408 1692 473 BYZ-iNTINtE
1732 415 2115 476 IilSTORU“.
2153 420 2290 484 LIB.
2331 424 2483 485 XVI.

2598 421 2733 495 {nun
2774 443 2818 481 ι.
2860 442 3154 488 οικτλευῑ.
3199 433 3246 507 l]

3358 440 3498 507 1058

236 519 409 579 δοκεῖ,
437 519 527 572 καὶ
558 520 680 582 τοὺς
708 521 804 591 τῆς
834 520 1004 593 τύχης
1028 522 1194 585 πῶας
1245 524 1477 580 ἕκαστον
1533 530 1620 581 ἐπ’
1644 532 1820 601 ἀσφα-

1931 549 2076 597 rere,
2108 546 2164 591 et
2217 539 2453 592 fortuna:
2486 542 2715 611 vestigia
2747 545 2926 598 stabili
2967 546 3320 604 fundamento
3350 556 3508 621 quis-

236 610 363 673 λοῦς
398 612 625 682 ἐρείδειν
646 631 661 647 ο
690 615 803 676 τοῖς
829 614 885 667 δὲ
923 616 1090 685 μηδὲν
1118 618 1418 687 κεκτῆσθαι
1446 620 1664 690 βέϐαιον
1697 625 1820 693 μηδ’

232 703 497 769 ἀσφαλές.
528 704 764 774 Βραχετα
803 708 911 778 γάρ
968 724 1052 770 τις
1106 707 1226 779 ῶρα
1280 709 1542 776 πολλάκις
1597 720 1689 767 καὶ
1724 717 1822 785 μία

236 794 380 861 ῥοπὴ
401 794 769 865 διαστήματος
792 799 1042 867 χρονικοῦ
1078 799 1402 868 μεταϐάλλει
1440 802 1575 872 πρὸς
1602 806 1822 860 τούναν-

231 884 352 935 τίον
386 884 554 952 ἆπαν,
580 887 671 941 καὶ
697 888 876 956 ῥίπτει
900 891 1071 944 πολλὰ
1103 893 1212 945 τῶν
1246 893 1467 947 ἑστάναι
1522 896 1821 966 δοκούντων

232 976 315 1035 είς
342 975 570 1044 εδαφος”
597 978 789 1033 καὶαῦ
846 980 983 1052 πρὸς
1036 984 1386 1056 ὑπερήφανον
1441 987 1608 1041 ἐνίοτε
1652 990 1822 1061 τύχην

229 1068 428 1135 ἀνάγει
455 1071 524 1123 τὰ
546 1073 750 1143 ἀφανῆ.
785 1074 984 1143 Θαῦμα
1013 1076 1091 1140 δὲ,
1124 1078 1242 1140 πῶς
1274 1079 1474 1149 ἀμιγὲς
1516 1082 1666 1135 οὐδὲν
1710 1083 1819 1135 οὐδ’

231 1159 523 1226 αὐτοτελὲς
579 1163 691 1218 τῶν
766 1166 1024 1221 ἁπάντων
1083 1170 1400 1240 εὑρίσκεται
1472 1174 1819 1228 παντάπασιν

228 1252 466 1324 οὐδαμῆ,
520 1254 701 1311 οὐθ“ά
756 1258 864 1310 τῶν
915 1259 1155 1327 ἀγαθῶν,
1213 1260 1386 1315 οὐθ⁹ἂ
1436 1263 1547 1316 τῶν
1595 1266 1818 1335 φαύλων

229 1339 374 1396 εἶναι
400 1344 713 1415 νομίζουσιν
744 1349 1021 1420 ἄνθρωποι
1045 1367 1059 1382 ·
1094 1352 1228 1408 ἀλλὰ
1261 1356 1328 1407 τά
1354 1355 1600 1425 ἀλλήλων
1636 1357 1815 1427 διηνε-

228 1436 344 1500 κῶς
368 1439 603 1509 πολέμια
637 1441 728 1494 καὶ
755 1445 1037 1513 μαχόμενα
1062 1446 1356 1517 σύντροφόν
1386 1466 1502 1513 πως
1554 1451 1664 1519 ἔχει
1719 1454 1816 1521 τὴν

228 1526 491 1598 βλάστην,
517 1533 610 1585 καὶ
636 1534 767 1601 μίαν
790 1534 963 1605 δήπου
988 1539 1110 1591 τινὰ
1132 1539 1230 1610 τὴν
1256 1543 1338 1603 είς
1388 1541 1503 1609 φῶς
1556 1561 1815 1613 προενεγ-

227 1622 436 1679 κοῦσαν
487 1629 702 1700 μητέρα
737 1633 1215 1705 προΐσχεταιοκαὶ
1269 1637 1336 1691 τά
1396 1639 1495 1710 τὴν
1549 1639 1813 1694 ἄσπονδον

228 1712 434 1785 ἔχθραν
483 1720 619 1789 πρὸς
683 1722 891 1791 ἄλληλα
947 1730 1261 1799 κεκτημένα
1327 1727 1481 1795 ξένας
1538 1733 1694 1797 τινὰς
1756 1735 1814 1787 ἐν

224 1806 514 1874 ἀνθρώπου
565 1812 681 1866 θύει
734 1815 879 1887 ψυχῇ
933 1818 1030 1882 τὰς
1085 1822 1471 1885 σπονδάςσκαὶ
1525 1823 1649 1877 οὐτε
1698 1825 1812 1894 βίον

222 1899 431 1952 ἄλυπον
446 1900 574 1955 ὄντα
597 1906 727 1976 παρ’
747 1908 924 1962 οὐδενὶ
947 1910 1055 1964 τῶν
1069 1913 1325 1966 ἁπάντων
1343 1915 1785 1989 ὁρῶμεν,[Ρ.508
1797 1920 1807 1989 ι

221 1987 349 2041 οὐτε
378 1990 555 2062 λύπην
572 1996 921 2052 παντάπασιν
943 2000 1156 2071 ἀτερπῆ
1179 2017 1192 2032 ⁸
1222 2003 1337 2056 ἀλλ’
1363 2000 1501 2060 εἶναι
1525 1987 1807 2076 συμϐαίνει

221 2082 321 2132 καὶ
373 2081 552 2155 λύπην
604 2087 790 2141 αἰτίαν
840 2091 1041 2160 χαρᾶς,
1075 2096 1169 2146 καὶ
1221 2090 1291 2152 αὖ
1360 2102 1573 2167 μητέρα
1633 2098 1805 2170 λύπης

220 2174 418 2241 χαράν.
456 2176 641 2242 Τρύτα
674 2179 773 2247 μὲν
801 2176 943 2235 εἶναι
976 2187 1206 2253 συμφυᾶ
1256 2205 1392 2250 πως,
1425 2192 1521 2242 καὶ
1556 2190 1802 2260 ἐγκατῳ-

220 2262 572 2335 κιδομημένα
630 2270 744 2333 τοῖς
805 2271 1150 2342 πράγμασιν,
1218 2276 1251 2347 ἡ
1306 2278 1473 2349 πεῖρα
1537 2279 1806 2352 ξυγχωρεῖ

222 2358 465 2409 συνιέναι
496 2363 616 2422 ταῖς
677 2365 1073 2432 συνετωτέραις
1132 2365 1361 2437 ψυχαῖς·
1399 2371 1459 2424 τὸ
1484 2372 1537 2425 δὲ
1595 2376 1801 2443 μεγέθη

219 2449 317 2501 καὶ
370 2453 743 2524 σμικρότητας
794 2458 1007 2519 τούτοις
1062 2458 1284 2530 διδόναι,
1349 2463 1507 2518 τοῦτο
1534 2465 1578 2518 δ’
1648 2462 1798 2537 οἴμαι

220 2541 488 2611 δήπουθεν
514 2545 587 2607 ὡς
620 2547 689 2598 τὰ
742 2548 911 2601 πολλά
974 2552 1080 2604 τῶν
1142 2554 1229 2621 ἐφ’
1262 2556 1393 2625 ημῖν
1421 2556 1689 2629 ὑπάρχειν
1718 2561 1796 2615 ἓν.

223 2633 325 2693 Ὃς
350 2635 458 2704 γὰρ
482 2638 739 2705 μεγάλοις
770 2641 980 2707 ἐφίεται
1012 2648 1355 2715 πραγμάτων
1412 2649 1599 2704 ὕδασιν
1638 2656 1799 2721 ἐγκυ-

222 2724 448 2796 6ιστᾷν,
473 2730 685 2801 ἀνάγκη
707 2733 878 2803 τούτῳ
909 2738 1001 2788 καὶ
1035 2739 1303 2805 μεγάλους
1331 2741 1658 2810 ὑφίστασθαι
1691 2746 1797 2799 τῶν

219 2820 485 2872 κινδύνων
513 2825 636 2885 τοὺς
693 2825 969 2891 κλύδωνας
988 2846 1000 2859 ⁸
1020 2824 1064 2897 ᾧ
1094 2831 1151 2885 δὲ
1208 2833 1564 2905 βραχυτέροις
1602 2838 1797 2891 ἐνδιαι-

219 2909 419 2962 τὶσθαι
449 2912 726 2980 νομίζεται
752 2915 1030 2986 ἀποχρῶν,
1054 2920 1229 2991 τούτῳ
1268 2922 1325 2975 δὲ
1355 2927 1446 2977 καὶ
1502 2929 1797 2997 μετριωτέο

222 3016 347 3067 ραις
379 3004 676 3073 κεχρῆσθαι
701 3009 819 3070 ταῖς
853 3009 1051 3071 λύπαις
1087 3014 1182 3064 τοῦ
1237 3011 1354 3083 βίου
1410 3015 1605 3083 χρεών.
1638 3018 1795 3069 Βασι-

219 3091 339 3143 λεία
360 3094 538 3146 τοίνυν
566 3097 624 3147 ὲν
650 3099 761 3159 τοῖς
780 3098 873 3150 τοῦ
910 3099 1025 3168 βίου
1050 3101 1338 3171 πράγμασι
1370 3106 1624 3173 μέγιστον
1654 3104 1792 3160 εἶναι

1928 640 2034 695 qne
2068 627 2234 698 ﬁgere
2260 630 2541 693 videatur,
2575 635 2697 688 aliis
2750 636 2888 690 nihil
2925 637 3067 695 firmi
3119 640 3344 708 habere,
3369 646 3507 699 nihil

1926 719 2086 772 certi.
2120 718 2303 788 Fuga:
2347 722 2492 777 enim
2533 724 2667 779 hora
2720 743 2864 797 saspe
2906 738 2964 785 et
2998 745 3335 790 momentum
3372 747 3509 793 tem-

1927 812 2077 877 poris
2102 813 2291 875 multa,
2321 830 2443 884 qua:
2476 827 2622 871 stare
2669 820 3016 885 videbantur,
3045 825 3271 879 omnino
3294 828 3345 880 in
3373 843 3508 882 eon-

1926 900 2154 954 trarium
2213 914 2438 959 vertunt
2490 919 2544 961 et
2584 910 2647 959 ad
2693 919 2893 964 terram
2918 912 3164 983 aﬂligunt
3194 934 3206 967 :
3239 929 3404 987 atque
3434 922 3502 973 ad

1924 1005 2198 1047 summum
2250 995 2485 1050 fortuna:
2533 1000 2885 1068 splendorem
2917 1005 3147 1060 obscura
3173 1011 3506 1080 quandoque

1921 1084 2181 1141 evehunt.
2230 1086 2422 1142 Mirum
2465 1105 2616 1155 vero,
2662 1098 2941 1162 quomodo
2968 1097 3107 1151 nihil
3135 1115 3364 1169 usquam
3391 1104 3506 1157 sin-

1920 1190 2130 1240 cerum,
2181 1180 2316 1235 nihil
2365 1183 2434 1236 ab
2479 1186 2629 1239 omni
2658 1197 2815 1257 parte
2857 1191 3161 1258 perfectum
3195 1194 3508 1251 inveniatur

1919 1282 2108 1323 eorum
2138 1274 2406 1340 omnium,
2430 1290 2551 1345 qua-
2575 1293 2673 1332 seu
2701 1278 2845 1334 bona
2869 1297 2965 1338 seu
3002 1285 3144 1340 mala
3172 1302 3293 1342 esse
3327 1288 3505 1343 homi-

1919 1377 2017 1415 nes
2063 1364 2446 1423 arbitrantur:
2491 1371 2587 1425 sed
2636 1387 2750 1433 res.
2802 1373 2905 1427 sibi
2961 1376 3198 1432 invicem
3232 1388 3498 1437 aeternum

1921 1454 2156 1510 inimica!
2202 1468 2257 1513 et
2302 1472 2631 1531 pugnantes.
2665 1466 2813 1521 velut
2866 1467 3030 1539 807
3079 1469 3413 1536 coalescant,
3444 1481 3507 1527 et

1921 1547 2089 1600 unius
2126 1550 2285 1617 quasi
2337 1553 2529 1608 matris
2577 1554 2702 1608 sinu
2743 1556 2923 1612 editas
2954 1574 3013 1612 se
3044 1559 3097 1613 in
3130 1559 3308 1615 lucem
3342 1563 3503 1631 proli-

1918 1644 2174 1693 teantur:
2213 1649 2272 1695 et
2312 1657 2400 1706 ea,
2450 1660 2573 1714 qua:
2615 1645 2804 1701 odium
2849 1648 3194 1718 implacabile
3238 1652 3383 1708 inter
3439 1668 3501 1709 se

1913 1743 2196 1799 exercent,
2237 1735 2499 1791 inusitata
2552 1739 2801 1808 quaedam
2856 1741 3065 1798 foedera
3117 1744 3171 1799 in
3211 1746 3497 1802 hominum

1914 1822 2112 1878 animis
2145 1823 2382 1893 feriant;
2415 1844 2479 1884 ac
2509 1845 2690 1900 neque
2728 1834 2897 1888 vitam
2933 1836 3167 1892 tristitiae
3201 1838 3500 1896 immunem

1912 1913 2167 1983 cuiquam
2196 1919 2513 1990 contingere
2533 1922 2842 1989 videamus,
2870 1942 2971 1981 nec
2997 1928 3273 1985 tristitiam
3290 1932 3500 2002 jucun-

1910 2003 2100 2059 ditatis
2128 2022 2357 2075 prorsus
2397 2022 2721 2083 expertem;
2765 2018 2863 2072 sed
2897 2034 3020 2075 esse
3049 2022 3224 2079 soleat
3266 2033 3324 2079 et
3354 2025 3497 2081 lati-

1911 2094 1998 2151 tia:
2032 2097 2190 2169 origo
2219 2101 2462 2170 tristitia,
2495 2116 2553 2160 et
2585 2123 2781 2164 rursus
2816 2111 3055 2169 tristitia:
3082 2125 3256 2171 mater
3284 2118 3493 2175 laetitia.

1905 2184 1976 2239 Et
2034 2186 2149 2244 haec
2187 2191 2413 2260 quidem
2475 2212 2599 2253 esse
2651 2199 2818 2257 rebus
2868 2204 3030 2260 insita
3084 2209 3496 2276 quodammodo

1904 2279 2288 2347 atque-infixa
2330 2282 2791 2357 intelligentiores
2833 2292 3037 2365 quique
3078 2300 3282 2363 sciunt,
3325 2316 3494 2369 expe-

1906 2371 2103 2424 rientia
2133 2388 2331 2445 nempe
2365 2376 2575 2432 edocti.
2608 2382 2678 2436 At
2711 2393 2771 2437 ut
2797 2384 2887 2439 illa
2919 2387 3032 2457 ipsa
3066 2389 3151 2443 vel
3187 2404 3496 2462 augeantur

1902 2458 1988 2513 vel
2045 2463 2391 2530 minuantur.
2430 2469 2484 2525 id
2529 2485 2632 2541 ego
2675 2475 2931 2532 existimo
2958 2494 3127 2549 penes
3157 2496 3256 2538 nos
3280 2499 3402 2540 esse
3433 2494 3493 2540 ut

1902 2553 2226 2621 plurimum.
2288 2559 2394 2625 Qui
2449 2564 2597 2618 enim
2633 2582 2692 2622 se
2752 2568 2806 2622 in
2858 2584 3087 2640 magnas
3135 2578 3485 2643 negotiorum

1904 2646 2079 2700 undas
2110 2649 2311 2717 gestiat
2352 2652 2701 2724 immergere,
2767 2674 2892 2712 eum
2944 2675 3168 2717 necesse
3233 2676 3317 2719 est
3370 2682 3491 2720 ma-

1899 2750 2035 2805 gnos
2124 2740 2315 2795 subire
2397 2744 2769 2813 periculorum
2848 2750 3049 2806 fluctus
3108 2770 3124 2812 ;
3180 2756 3270 2809 cui
3357 2773 3488 2811 vero

1899 2830 2209 2887 minoribus
2277 2835 2547 2891 interesse
2614 2841 2749 2894 satis
2814 2842 3021 2905 luerit,
3083 2859 3210 2898 eum
3273 2858 3489 2916 oportet

1897 2920 2365 2980 moderatioribus
2416 2926 2555 2982 allici
2604 2930 2729 2983 vita:
2775 2932 3069 2987 molestiis.
3115 2933 3283 3005 Regia
3334 2952 3486 2993 certe

1896 3008 2134 3077 dignitas
2167 3010 2220 3063 in
2256 3012 2359 3064 hac
2392 3015 2501 3068 vita
2534 3018 2831 3071 maximum
2857 3035 2978 3074 esse
3010 3022 3242 3077 fortuna:
3277 3027 3483 3081 donum

1897 3101 2272 3165 existimatur.
2316 3114 2372 3157 et
2409 3121 2683 3172 summus,
2712 3113 2756 3163 si
2812 3110 2894 3163 fas
2951 3112 3157 3177 dicere,
3199 3116 3483 3174 felicitatis

218 3184 410 3254 χρῆμα
442 3188 719 3257 νομίζεται
748 3191 920 3261 τύχης
949 3195 1060 3253 καὶ,
1097 3194 1163 3245 ἵν’
1199 3195 1365 3259 εἴπω,
1390 3200 1451 3249 τὸ
1503 3200 1793 3268 κράτιστον

1902 3194 2177 3249 cumulus.
2252 3195 2457 3250 Contra
2519 3200 2712 3268 paucis
2774 3202 2953 3255 obolis
3020 3207 3203 3258 metiri
3268 3213 3478 3277 cupiam

216 3279 321 3348 τῆς
352 3280 699 3349 εὐδαιμονίας
731 3282 882 3351 ὕψος.
917 3283 990 3337 Τὸ
1038 3286 1096 3338 δὲ
1147 3291 1363 3357 μικροῖς
1410 3306 1553 3341 τισιν
1590 3292 1795 3357 ὀὸολοίς

221 3371 596 3443 ὁρίζεσθαίτῳ
642 3374 737 3427 τοῦ
785 3376 902 3444 βίου
952 3379 1052 3448 τὴν
1081 3381 1352 3453 ,εὐπορίαν
1390 3383 1485 3433 καὶ
1536 3385 1794 3453 τριϐωνο⁹

224 3467 432 3533 φορεῖν,
462 3468 553 3518 καὶ
610 3468 793 3521 ἰκανὸν
822 3465 959 3522 εἶναι
988 3471 1017 3523 ὃ
1075 3474 1140 3543 τῇ
1194 3474 1353 3542 φύσει
1391 3476 1451 3527 τὸ
1500 3474 1794 3543 ἀναγκαῖον

224 3557 389 3625 μόνον
419 3556 721 3626 χαρίζεται,
755 3560 917 3615 τοῦτο
945 3562 1001 3616 δὲ
1034 3565 1367 3635 κακόδαιμον
1397 3570 1665 3636 φαίνεται,
1703 3572 1795 3623 καὶ

222 3648 431 3702 τούτων
462 3650 602 3714 ἐνὸς,
634 3646 715 3715 οἷς
740 3654 770 3705 ὁ
801 3654 1050 3719 πλεῖστος
1102 3656 1259 3726 ὄχλος
1301 3662 1626 3730 καταρᾶται.
1652 3656 1721 3733 ᾯ
1750 3663 1793 3713 δ’

217 3744 505 3813 ἑκατέροις
535 3749 644 3807 τοῖς
674 3746 808 3815 βίοις
844 3749 901 3799 ὲν
934 3751 1103 3820 πείρᾳ
1165 3752 1417 3818 γενέσθαι
1467 3755 1790 3823 τετύχηκεν,

217 3836 483 3905 ἄρχεσθαι
508 3837 708 3906 μᾶλλον
737 3831 890 3901 οὗτος
914 3839 946 3909 ἢ
981 3840 1284 3908 βασιλεύειν
1364 3843 1522 3896 ἕλοιτ’
1545 3845 1611 3897 ἂν
1640 3841 1793 3915 οἶμαι

219 3929 370 3996 μάλα
400 3929 715 3999 προθύμως,
735 3930 829 3982 καὶ
851 3933 1057 4001 πένητα
1083 3933 1291 4000 μᾶλλον
1320 3935 1471 4005 τρῖϐε
1484 3954 1530 3988 ιν
1584 3935 1720 4005 βίον,
1759 3938 1789 4005 ἣ

212 4024 272 4084 ὃς
306 4022 530 4090 μυρίαις
583 4024 1043 4091 περιστοιχίζεται
1103 4026 1282 4090 δόξαις
1320 4029 1416 4080 καὶ
1478 4029 1788 4098 χρήμασιν·

213 4115 267 4166 εί
296 4114 342 4164 δ’
382 4112 500 4177 οὖν,
551 4112 755 4181 λεγέτω
795 4133 875 4179 τις
926 4116 1233 4185 παρελθὼν,
1271 4119 1389 4181 πῶς
1448 4120 1792 4190 Ἀλέξανδρος

212 4208 428 4268 ἐκεῖνος
461 4208 489 4258 ὁ
521 4206 714 4274 μέγας,
746 4209 775 4259 ὁ
832 4207 1024 4278 μέχρις
1067 4208 1242 4263 Ἰνδῶν
1263 4214 1331 4263 τὰ
1372 4211 1472 4281 τῆς
1520 4212 1790 4283 Εὐρώπης

210 4299 537 4361 διαδιϐάσας
567 4298 724 4364 ὅπλα,
766 4300 857 4352 τὸν
901 4300 1095 4371 εὐτελῆ
1142 4303 1237 4355 τοῦ
1284 4306 1570 4371 Διογένους
1631 4307 1789 4358 πίθον

215 4397 313 4442 καὶ
379 4392 476 4459 τὴν
524 4391 887 4462 διερῤωγυῖαν
948 4393 1294 4463 ἀμπέχεσθαι
1350 4396 1553 4462 μᾶλλον
1588 4398 1791 4465 ἐσθῆτα

214 4484 405 4536 ποθεῖν
438 4485 788 4555 ὡμολόγει,ῆ
827 4486 926 4555 τὴν
977 4486 1077 4555 τῆς
1136 4489 1267 4556 ὅλης
1338 4488 1522 4552 Ἀσίας
1577 4507 1636 4543 τε
1695 4491 1787 4543 καὶ

215 4577 489 4646 Εὐρώπης
512 4578 654 4647 ἔχειν
698 4577 896 4647 ἀρχὴν,
927 4581 1022 4631 καὶ
1068 4580 1158 4630 τὸν
1206 4579 1551 4633 Βαδυλὼνιον
1583 4583 1788 4633 ἐκεῖνον

217 4669 648 4738 περιϐεϐλῆσθαι
718 4669 984 4722 πλοῦτονσ
1052 4670 1174 4723 ὅθεν
1228 4671 1323 4722 καὶ
1383 4673 1441 4723 τὸ
1493 4673 1628 4725 πολὺ
1693 4672 1794 4741 τῆς

216 4760 501 4830 ῥᾳστώνης
527 4762 683 4830 χεθὲν
715 4762 925 4831 Δαρείῳ
954 4763 1049 4813 καὶ
1080 4763 1313 4831 Πέρσαις
1335 4762 1546 4832 ὄνειρον
1592 4764 1793 4831 ἔδειξεν

212 4849 357 4905 εἶναι
444 4853 628 4922 σαφῶς
709 4855 843 4917 τὰς’
892 4854 1154 4916 δοκούσας
1234 4856 1557 4925 εὐδαίμονας
1628 4858 1793 4927 τύχας

210 4943 308 4996 τοῦ
380 4943 518 5012 βίου.
559 4944 727 4997 Οὐδὲν
776 4946 884 5012 γὰρ
951 4942 1094 4997 οὕτω
1154 4947 1348 5013 μεστὸν
1408 4947 1642 5015 ὑποψίας
1700 4948 1793 4999 καὶ

216 5035 516 5096 ἀπιστίας,
580 5032 655 5095 ὼς
705 5033 947 5102 βασιλεία
1016 5034 1110 5088 καὶ
1184 5034 1580 5090 δυναστεύουσα
1645 5039 1786 5107 χείρ.

219 5120 294 5195 τῼ
352 5125 451 5191 μὲν
531 5127 637 5195 γὰρ
706 5125 1085 5195 βασιλεύεσθαί
1140 5144 1257 5189 πως
1314 5128 1632 5196 τετύχηκεν,
1696 5132 1789 5181 ἕνα

220 5220 385 5288 μόνον
407 5213 558 5278 οὗτος
589 5218 747 5278 δέδιε,
776 5217 868 5269 τὸν
922 5216 1176 5285 βασιλέα·
1237 5220 1403 5287 φαίην
1447 5219 1491 5271 δ’
1546 5220 1633 5285 ἂν,
1681 5222 1789 5273 οὐδ’

212 5311 399 5373 αὑτὸν,
429 5311 475 5360 εί
499 5310 563 5361 τὰ
587 5310 770 5363 δίκαια
795 5310 1106 5376 φυλάττειν,
1124 5310 1270 5372 ὅστις
1296 5311 1412 5363 ποτ’
1428 5310 1492 5363 ἂν
1515 5307 1570 5385 ᾗ,
1592 5313 1786 5387 ἐθέλει,

212 5406 307 5457 καὶ
346 5404 444 5472 τὴν
473 5403 743 5473 λαχοῦσαν
778 5405 974 5472 μοῖραν
1020 5405 1268 5473 στέργειν
1316 5405 1408 5455 τοῦ
1442 5404 1581 5473 βίου.
1611 5400 1681 5475 ᾯ
1728 5407 1786 5457 δὲ

215 5497 524 5567 βασιλεύειν
555 5498 785 5563 ἔξεστιν,
814 5492 967 5552 οὗτος
992 5499 1128 5565 μετά
1152 5498 1258 5549 τῶν
1290 5498 1548 5566 ἐμφανῶν
1578 5499 1787 5567 ἐχθρῶν

214 5591 437 5651 πλείους
462 5590 687 5659 ἔχεικαὶ
728 5592 849 5651 τοὺς
880 5590 1061 5659 κρύφα
1098 5591 1196 5650 τὰς
1250 5590 1467 5652 πλείους
1514 5594 1754 5644 συσκευά

212 5686 409 5749 ζοντας
457 5684 565 5735 τῶν
599 5683 918 5734 ἐπιϐουλῶν.
971 5683 1084 5734 Οὐκ
1124 5682 1339 5751 ὀκνήσω
1370 5682 1414 5734 δ’
1476 5685 1669 5737 εἰπεῖν.
1709 5690 1783 5745 ως

212 5776 309 5829 καὶ
338 5774 530 5835 αὐτοὺς
562 5774 650 5825 ἀεὶ
681 5774 872 5835 δέδιεν,
901 5773 1088 5824 ὁπόσοι
1132 5774 1387 5838 φυλάκων
1420 5776 1599 5843 ἔχουσι
1630 5776 1781 5838 τάξιν

1901 3299 2123 3338 omnem
2170 3289 2246 3340 rei
2294 3288 2598 3354 familiaris,
2652 3300 2708 3344 et
2758 3303 2909 3346 veste
2953 3293 3031 3347 uti
3072 3297 3220 3359 trita,
3259 3311 3312 3351 et
3345 3301 3483 3352 satis

1902 3373 2109 3429 habere
2175 3377 2228 3430 id
2291 3378 2440 3447 quod
2507 3390 2723 3436 natura:
2785 3384 2933 3437 solas
2994 3400 3082 3439 res
3143 3392 3479 3443 necessarias

1901 3467 2237 3535 suppeditat,
2303 3470 2353 3522 id
2402 3480 2458 3525 et
2525 3473 2789 3527 miserum
2853 3474 3106 3536 videtur,
3164 3488 3219 3530 et
3287 3496 3479 3532 eorum

1903 3568 2092 3619 unum,
2120 3571 2242 3624 quae
2258 3557 2402 3626 vulgi
2430 3560 2660 3612 maxima
2682 3575 2806 3628 pars
2821 3560 3188 3616 detestantur.
3216 3564 3319 3631 Qui
3352 3582 3488 3618 vem-

1901 3656 2189 3716 utramque
2240 3650 2366 3704 vita:
2398 3653 2771 3706 conditionem
2805 3666 3068 3722 expertus
3100 3666 3205 3719 est,
3233 3656 3279 3711 is
3308 3660 3478 3711 multo

1897 3739 2160 3794 libentius
2204 3750 2392 3809 pareat
2440 3760 2605 3812 quam
2657 3745 2912 3813 imperet,
2959 3755 3016 3800 et
3054 3748 3221 3800 vitam
3259 3750 3478 3805 trahere

1898 3832 2116 3900 inopem
2151 3833 2321 3899 nialit»,
2356 3850 2518 3905 quam
2554 3852 2675 3907 qua
2708 3838 2957 3892 inﬁnitis
3003 3839 3307 3894 honoribus
3361 3845 3485 3910 opi-

1896 3924 2108 3993 busque
2163 3930 2360 3997 stipata
2422 3930 2514 3983 sit.
2569 3931 2663 3984 Sin
2727 3934 2931 3998 minus,
2983 3932 3221 4003 prodeat
3274 3934 3479 4000 aliquis

1894 4016 2201 4088 doceatque
2254 4036 2375 4082 nos,
2406 4023 2685 4090 quomodo
2734 4022 3044 4077 Alexander
3098 4024 3188 4077 ille
3225 4022 3473 4094 Magnus,

1894 4110 2052 4179 cujus
2105 4112 2366 4180 auspiciis
2430 4130 2581 4166 arma
2638 4115 2869 4184 Europa:
2922 4118 3093 4187 808
3145 4119 3211 4172 ad
3266 4118 3473 4172 lndia‘m

1894 4216 2067 4270 usque
2093 4215 2473 4271 penetrarunt,
2507 4207 2612 4261 vile
2666 4208 2922 4278 DiOgenis
2956 4211 3164 4265 dolium
3196 4212 3470 4277 habitare,

1893 4300 1949 4345 et
1978 4292 2224 4360 ejusdem
2276 4293 2455 4348 lacera
2503 4304 2654 4349 veste
2711 4296 2885 4361 indui,
2914 4299 3159 4367 optatius
3210 4302 3315 4352 sibi
3348 4314 3473 4355 esse

1892 4385 2180 4438 confessus
2208 4388 2300 4450 sit,
2337 4402 2499 4454 quant
2537 4388 2679 4441 Asia:
2727 4398 2781 4442 et
2828 4389 3060 4457 Europa:
3095 4394 3264 4443 totius
3294 4393 3469 4461 impe-

1896 4480 2035 4530 rium
2090 4480 2394 4546 possidere,
2443 4491 2499 4533 et
2538 4480 2854 4551 Babyloniis
2910 4482 3124 4537 divitiis
3158 4485 3425 4538 cumulari
3454 4502 3477 4542 :.

1897 4584 2129 4636 quarum
2180 4568 2353 4623 ellusa
2408 4572 2747 4626 abundantia
2804 4573 2964 4627 Dario
2990 4583 3046 4628 et
3082 4575 3260 4629 Persis
3287 4588 3477 4629 osten—

1897 4661 1997 4724 dit,
2036 4677 2246 4714 merum
2301 4680 2419 4717 esse
2472 4668 2746 4718 somnium
2803 4682 2867 4719 ea
2930 4682 3051 4735 qua:
3096 4667 3466 4721 conditionem

1895 4754 2018 4805 vitat:
2078 4755 2380 4808 beatiorem
2460 4756 2639 4810 facere
2713 4759 3117 4813 existimantur.
3176 4759 3479 4813 Enimvero

1894 4848 2031 4901 nihil
2084 4858 2167 4901 est
2202 4851 2272 4901 ita
2331 4851 2660 4918 suspicionis
2693 4852 3081 4904 etdiﬂldentiie
3133 4854 3374 4918 plenum,
3410 4862 3469 4903 ut

1896 4941 2235 5009 principatus
2286 4953 2340 4994 et
2368 4953 2608 5011 potestas
2664 4958 2897 4997 summa.
2944 4943 3077 4997 Nam
3108 4958 3269 5012 quem
3306 4944 3465 4995 alteri

1893 5034 2174 5086 subditum
2224 5049 2345 5088 esse
2407 5035 2629 5087 fortuna
2675 5036 2871 5100 voluit,
2902 5037 2947 5089 is
2983 5051 3149 5089 unum
3201 5036 3465 5089 duntaxat

1893 5124 2253 5192 pertimescit,
2306 5126 2693 5193 imperatorem
2749 5127 3039 5192 videlicet;
3072 5129 3165 5182 sed
3206 5142 3275 5182 ne
3317 5128 3464 5181 hunc

1893 5216 2117 5283 quidem
2157 5217 2355 5282 (ausim
2393 5217 2620 5283 dicere),
2643 5221 2685 5271 si
2712 5218 2859 5286 jura,
2892 5222 3201 5289 quicunque
3241 5222 3459 5273 tandem

1891 5310 1982 5361 ille
2020 5310 2110 5373 sit,
2146 5311 2274 5362 velit
2325 5326 2565 5374 servare,
2594 5321 2647 5363 et
2704 5327 2766 5363 ea
2799 5327 2919 5380 qua:
2956 5314 3183 5381 contigit
3211 5313 3315 5366 sibi
3348 5312 3462 5364 for-

1894 5411 2020 5453 tuna
2072 5413 2367 5455 contentus
2403 5404 2567 5455 vivat.
2600 5404 2669 5466 At
2711 5405 2798 5457 tui
2833 5405 3105 5472 imperare
3138 5404 3323 5458 datum
3350 5417 3456 5467 est,

1892 5494 1936 5548 is
1968 5507 2165 5562 praeter
2216 5504 2435 5563 apertos
2498 5495 2704 5556 hostes,
2748 5497 3057 5564 Complures
3103 5498 3243 5550 alios
3269 5497 3456 5563 habet,

1889 5592 1981 5658 qui
2046 5591 2244 5643 multas
2300 5591 2350 5643 ei
2408 5592 2715 5643 clanculum
2780 5592 3005 5645 insidias
3059 5600 3292 5644 struant.
3342 5591 3456 5646 Nec

1889 5683 2120 5735 verebor
2160 5684 2289 5736 illud
2336 5685 2623 5746 allirmare,
2653 5686 2831 5738 timeri
2862 5687 2929 5739 ab
2958 5700 3023 5739 eo
3050 5699 3266 5752 semper
3288 5684 3451 5738 etiam

1890 5777 2034 5843 ipsus
2067 5780 2391 5845 stipatores;
2435 5780 2503 5830 ita
2543 5785 2600 5829 ιιι
2631 5780 2678 5831 ei
2722 5786 2988 5847 perpetuo
3017 5777 3454 5830 contretnisccn-

211 5864 384 5934 αὐτῷ,
412 5865 508 5916 καὶ
546 5864 789 5934 περίεστι
819 5863 1041 5933 τρέμειν
1074 5864 1184 5929 ἀεὶ,
1221 5866 1311 5915 καὶ
1346 5866 1688 5930 Ταντάλειον,
1724 5876 1820 5927 τηι

1901 5890 1931 5925 ιι
1958 5883 2011 5924 et
2066 5871 2355 5935 Tantalea,
2388 5882 2445 5924 ut
2497 5872 2681 5938 aiant,
2716 5882 2826 5929 VlI-d
2875 5874 3087 5941 agenda
3133 5874 3225 5925 sit.
3289 5868 3416 5927 Ηεεε
