4236 6442
236 432 365 512 ιοδι
627 442 700 515 [Α.
737 458 785 496 c.
834 441 994 514 ιδιη

1249 412 1691 508 nvzaNTIN/E
1732 446 1805 507 ιιι

1825 446 2113 508 STORLE
2158 448 2301 510 LIB.
2334 449 2524 509 xvru
2566 448 2703 517 [ευρ.
2744 460 2765 499 ι
2831 460 3124 502 cumcuz.
3180 448 3227 519 ι]

3346 452 3480 517 1062

229 563 393 615 αὑτὸν
417 561 593 632 ἐαυτῷ
632 564 939 633 κατήγορον
976 565 1041 617 ἐκ
1068 562 1161 616 τοῦ
1208 563 1474 630 σύνεγγυς
1509 559 1644 633 εἶχε,
1707 566 1799 617 καὶ

1830 569 1870 623 Α
1904 564 2087 632 plures
2127 563 2273 617 inlixi
2302 564 2517 633 penitus
2551 565 2877 619 insidebant.
2908 567 3203 635 Plerosque
3235 584 3394 635 agros
3424 580 3479 621 et

230 653 404 706 πολλὰ
420 657 539 716 ταῖς
555 654 647 707 τοῦ
673 655 969 718 συνειδότος
991 654 1207 727 [P.5l0]
1229 658 1452 725 σκηναῖς
1473 656 1803 725 αὖλιζόμενά

228 747 282 796 οἱ
314 762 387 795 πα
400 746 687 813 ραπέπηγε
714 746 936 815 κέντρα.
970 747 1079 809 Τὰς
1108 748 1215 816 γὰρ
1239 748 1496 809 πλείστας
1516 748 1803 816 Ῥωμαίων

229 838 414 906 χώρας
440 839 533 889 καὶ
562 840 746 901 πόλεις
774 838 967 891 θᾶττον
997 838 1029 907 ἢ
1081 838 1241 907 λόγος
1316 840 1651 910 ἀφελόμενος
1702 841 1802 902 τὰς

237 928 338 996 μὲν
367 931 477 988 τοῖς
504 927 765 991 ἐναντίοις
791 930 1099 999 ἐχαρίσατο,
1124 930 1221 994 τάς
1247 931 1291 983 δ’
1318 931 1804 1007 ἐξηνδραποδίσατο

229 1021 329 1072 καὶ
392 1020 701 1087 κατέσκαψε
764 1020 1001 1090 χεῖρονη
1035 1022 1131 1083 τάς
1185 1022 1369 1091 Θήϐας
1434 1023 1799 1092 Ἀλέξανδρος.

229 1112 344 1164 Καὶ
392 1112 503 1164 διὰ·
533 1104 691 1165 τοῦτο
756 1113 1005 1182 Μάρκιος
1052 1112 1269 1177 εὔελπις
1310 1116 1511 1186 ἥκιστα
1536 1112 1623 1186 ἦν,
1684 1117 1804 1169 οὐδὲ

228 1203 467 1271 πάροδον
519 1205 658 1267 ὅλως
712 1207 792 1266 είς
829 1206 1010 1257 πίστιν
1066 1202 1212 1276 εἶχον
1242 1209 1361 1268 ταῖς
1393 1206 1681 1275 Ῥωμαίων
1703 1212 1803 1277 ψυ-

232 1297 361 1362 χαῖς
395 1297 450 1348 αἱ
498 1296 749 1365 Μαρκίου
816 1300 1131 1362 συνθέσεις⁶
1162 1295 1226 1351 οῖ’
1260 1316 1318 1351 τε
1395 1300 1683 1374 ’ξ’ωμαίων
1737 1302 1802 1354 αὖ

228 1385 483 1453 πολέμιοι
510 1388 839 1453 φρικώδεσιν
861 1390 1043 1458 ὅρκοις
1084 1390 1249 1442 αὐτὸν
1280 1391 1803 1461 προκατειληφότες,

227 1474 425 1527 ἔπειτα
465 1480 640 1545 μέγαν
664 1481 721 1543 ἐξ
742 1480 1002 1542 ἀσθενοῦς
1039 1482 1158 1544 ταῖς
1186 1482 1411 1543 οἰκείαις
1443 1483 1807 1552 ξυμμεμαχη-

227 1573 389 1630 κότες
414 1569 712 1639 δυνάμεσιν
752 1572 1135 1642 ἐπεπράχεσαν
1158 1592 1171 1605 ⁸
1204 1568 1281 1635 ἃς
1320 1572 1491 1644 βραχύ
1523 1592 1575 1625 τι
1625 1592 1807 1645 παραυ

227 1661 568 1729 κρούσασθαι
601 1662 689 1715 διὰ
723 1664 791 1716 τὰ
822 1665 1029 1735 μητρὸς
1050 1665 1205 1729 δόξας
1236 1666 1445 1736 δάκρυα
1482 1666 1670 1719 ἔλαθεν
1723 1670 1804 1731 είς

1906 655 2067 708 urbes
2104 654 2361 709 Romanis
2396 671 2518 711 cum
2549 657 2839 711 ademisset
2869 699 2883 721 ,
2934 660 3095 727 idque
3145 674 3353 712 summa
3388 676 3479 712 ce-

1904 745 2119 799 leritate
2146 788 2155 816 ε
2192 748 2387 815 partim
2434 747 2681 801 hostibus
2710 758 3076 812 concesserat,
3108 752 3302 819 partim
3337 750 3474 802 diri-

1906 845 2121 905 puerat,
2156 849 2211 893 et
2242 839 2418 908 pejus,
2470 856 2631 908 quam
2687 840 2903 893 Thebas
2932 842 3254 904 Alexander,
3298 850 3481 893 vasta-

1905 941 2081 982 verat.
2142 929 2354 984 Idcirco
2394 931 2680 984 minimum
2736 941 2852 985 erat
2884 933 3074 985 Martio
3124 933 3274 986 boum
3320 934 3477 1001 spei;

1904 1006 2082 1083 neque
2119 1017 2268 1071 illius
2325 1020 2607 1085 pactiones
2664 1022 2804 1087 apud
2860 1021 3229 1073 Roiuanorum
3261 1026 3479 1073 animos

1906 1108 2111 1161 aditum
2146 1109 2315 1162 ullum
2346 1109 2618 1164 habebant
2647 1112 2709 1162 ad
2747 1112 2905 1163 tidem
2932 1112 3342 1180 acquirendam.
3372 1112 3477 1163 lto—

1909 1215 2194 1254 manorum
2248 1218 2381 1255 vero
2443 1203 2627 1258 hostes
2685 1206 2937 1258 euuulem
2997 1190 3480 1273 horrendisjurao

1906 1294 2107 1346 mentis
2140 1294 2375 1360 primum
2408 1295 2813 1350 obstrinxerant
2838 1337 2851 1357 ,
2887 1297 3085 1349 deinde
3112 1296 3229 1351 suis
3268 1297 3480 1350 viribus

1908 1384 2155 1453 adjutum
2206 1401 2273 1439 ex
2300 1385 2492 1440 humili
2524 1403 2776 1457 magnum
2810 1388 3127 1441 eﬂecerant.
3160 1388 3349 1457 Itaque
3384 1389 3474 1441 ille

1906 1485 2133 1543 propter
2188 1478 2381 1531 matris
2438 1478 2708 1549 lacrymas
2757 1495 2881 1532 cum
2931 1494 3028 1532 eos
3076 1478 3475 1547 aliquantulum

1904 1565 2066 1634 811
2100 1567 2251 1620 visus
2278 1577 2422 1622 esset
2452 1570 2705 1631 elusisse,
2766 1570 2817 1622 in
2854 1568 3044 1621 ultima
3092 1568 3230 1621 mala
3264 1570 3480 1636 impru-

1913 1656 2050 1710 dens
2095 1658 2349 1726 delapsus
2377 1669 2481 1713 est.
2513 1660 2594 1713 Tu
2628 1676 2759 1715 vero
2804 1677 2901 1714 nec
2952 1659 3264 1713 detrimenti
3322 1662 3480 1729 quid-

98 4365 107 4373 ‘
200 4320 330 4354 κται
353 4303 639 4373 δυστυχίας
692 4304 761 4358 τά
801 4304 1089 4375 Ῥωμαίων
1120 4307 1419 4377 πράγματα
1449 4311 1770 4379 προφανῶςο

1906 1763 2067 1815 quam
2100 1746 2178 1801 rei
2214 1748 2471 1803 Romana
2495 1752 2747 1813 attulisti.
2780 1766 2878 1805 nec
2915 1762 2964 1805 te
3002 1751 3124 1805 ullis
3152 1750 3477 1820 juratuentis

1910 1839 2298 1905 prepedivisti.
2350 1840 2455 1896 Ista
2490 1844 2637 1897 enim
2668 1847 2849 1897 omnia
2896 1847 3053 1911 plane
3085 1846 3383 1898 antevertit
3421 1855 3476 1897 et

1908 1925 2148 1982 inhibuit
2178 1930 2450 1986 adventus
2481 1936 2586 1987 tnei
2619 1935 2911 1997 celeritas;
2951 1935 3021 1989 ita
3056 1944 3113 1987 ut
3148 1934 3281 1987 nihil
3312 1934 3473 2002 quid-

1908 2035 2069 2088 quam
2129 2023 2229 2076 tibi
2265 2024 2466 2089 obstet,
2515 2027 2811 2095 quominus
2847 2026 3039 2077 matris
3075 2024 3476 2079 exhortationi-.

1908 2108 2010 2162 bus
2052 2125 2261 2178 pareas.
2310 2111 2469 2166 Vides
2531 2122 2825 2182 praeterea,
2875 2130 3036 2180 quam
3098 2114 3151 2166 iu
3183 2120 3480 2183 angustum

1907 2211 2185 2255 Contracta
2242 2204 2405 2273 hujus
2458 2204 2671 2274 imperii
2714 2205 3028 2273 magnitudo
3059 2245 3072 2267 ,
3134 2221 3242 2274 quo
3277 2207 3472 2275 inopia:

1905 2292 2125 2348 redacta
2170 2296 2242 2349 sit
2288 2295 2532 2349 ltomana
2568 2312 2676 2351 res.
2710 2294 2912 2351 Vereor
2957 2297 3209 2366 equidem
3242 2298 3427 2353 dicere
3452 2338 3472 2361 ,

226 1753 353 1802 τοὺ-
386 1754 646 1820 ἐσχάτους
694 1754 946 1823 ὀλέθρους
985 1757 1325 1826 ὡλισθηκὼς.
1358 1759 1430 1810 Σὺ
1458 1757 1502 1810 δ’
1527 1758 1649 1811 οὔτε
1677 1759 1804 1827 βλά-

158 1833 167 1838 ’
226 1842 333 1911 θην
363 1844 473 1903 τοῖς
524 1842 815 1907 Ῥωμαίων
853 1846 1108 1916 οὐδεμίαν
1139 1849 1414 1918 παρέσχες
1456 1851 1799 1921 πράγμασιν,

285 1900 299 1911 υ
456 1900 468 1903 -
638 1900 648 1907 -
981 1900 994 1916 ι
1170 1900 1234 1917 ⁷1
1324 1900 1412 1918 ov-
1462 1900 1799 1921 ’r“lr"'""

224 1931 342 1982 οὗθ’
368 1932 551 2000 ὅρκοις
576 1934 753 1988 οὐδέσι
790 1936 1013 2004 δέσμιον
1041 1939 1270 1991 σεαυτὸν
1326 1924 1799 2009 προκατέστησαί
1833 1900 1878 1959 Β

224 2023 415 2075 Ταῦτα
444 2026 551 2093 γάρ
581 2025 794 2079 ἅπαντα
826 2029 1296 2098 προκατειληφυῖα
1333 2032 1603 2102 λαμπρῶς
1638 2035 1670 2103 ἡ
1702 2034 1803 2101 τῆς

224 2117 365 2182 ἐμῆς
400 2117 638 2183 ἀφίξεως
696 2122 1037 2189 ἀνεχαίτισεν
1078 2121 1215 2191 αὕτη
1271 2124 1506 2196 σπουδή·
1548 2125 1624 2189 ὡς
1664 2122 1803 2180 εῐναί

224 2222 310 2256 σοι
351 2208 517 2275 μηδὲν
562 2210 811 2275 ἐμποδὼν
855 2210 964 2262 τῶν
1028 2212 1284 2265 ἁπάντων
1328 2217 1446 2276 ταῖς
1509 2218 1805 2285 μητρικαῖς

227 2300 585 2365 παραινέσεσι
644 2301 950 2358 πείθεσθαι.
982 2302 1197 2357 Ἔπειθ’
1220 2306 1352 2376 δρᾷς
1410 2309 1506 2361 καὶ
1550 2310 1632 2371 είς
1678 2308 1802 2361 ὅσον

223 2390 327 2454 μὲν
358 2386 695 2457 βραχύτητος
745 2390 779 2460 ἡ
843 2389 1129 2461 Ῥωμαίων
1171 2394 1315 2464 ἀρχὴ
1358 2397 1677 2465 συνεστάλη,
1720 2401 1800 2464 είς

1905 2395 1964 2439 ut
1991 2386 2335 2441 audientium
2371 2388 2563 2456 pudori
2595 2403 2836 2457 parcam.
2874 2389 3078 2444 Tamen
3120 2390 3171 2443 id
3231 2392 3327 2446 tibi
3362 2409 3470 2446 una

219 2480 346 2533 ἔων
382 2479 437 2533 δὲ
484 2480 673 2543 πενίας
699 2483 769 2535 τὰ
817 2482 1105 2554 Ῥωμαίων
1155 2487 1325 2559 ἐρῤύη
1356 2489 1654 2560 πράγματα
1679 2510 1692 2524 θ
1723 2493 1795 2557 ὼς

1902 2492 1960 2531 re
1993 2479 2308 2533 declarabo.
2352 2479 2570 2534 Nor-unt
2604 2480 2971 2533 Romanorum
3027 2492 3082 2535 et
3110 2482 3468 2538 Barbarorum

223 2570 366 2640 μηδέ
398 2571 577 2638 λέγειν
609 2572 832 2645 θαρρεῖν
863 2576 1037 2643 φειδοῖ
1092 2578 1192 2647 τῆς
1246 2577 1353 2632 τῶν
1410 2582 1797 2652 ἀκουσομένων

1900 2568 2175 2638 plerique.
2210 2581 2429 2638 quantae
2462 2570 2623 2624 nobis
2664 2572 2992 2639 parentibus
3024 2574 3133 2626 tuis
3161 2590 3314 2642 opes.
3343 2584 3469 2631 ante

218 2660 423 2724 αἰδοῦς.
457 2663 649 2732 Ὅμως
673 2666 730 2731 ἐξ
763 2667 881 2727 ἑνός
916 2668 981 2734 γέ
1014 2684 1107 2721 του
1154 2668 1381 2738 δηλώσω
1434 2688 1517 2724 σοι
1567 2675 1794 2743 τρόπου.

1900 2659 2280 2715 conlusiouem
2337 2673 2646 2730 temporum
2685 2673 2740 2717 et
2786 2663 3154 2717 calamitosum
3205 2666 3349 2719 illam
3385 2667 3470 2720 fu-

221 2752 401 2803 Ἱσασι
432 2752 532 2819 μὲν
555 2754 660 2823 γάρ
678 2754 785 2807 τῶν
826 2756 1113 2825 Ῥωμαίων
1135 2759 1230 2810 καὶ
1253 2758 1546 2830 βαρϐάρων
1567 2763 1617 2814 οἱ
1644 2762 1795 2815 πλεῖ-

1897 2764 2042 2818 gam,
2099 2752 2150 2805 in
2198 2767 2333 2806 auro
2363 2754 2594 2816 fuerint,
2654 2754 2707 2807 in
2750 2764 3017 2823 argento,
3072 2754 3125 2808 in
3155 2758 3384 2825 gemmis
3412 2768 3469 2813 et

218 2858 335 2893 στοι
366 2842 456 2894 τὸν
495 2843 722 2898 πλοῦτον
747 2846 853 2916 πρὸ
878 2848 977 2916 τῆς
1011 2849 1323 2917 συγχύσεως
1346 2853 1451 2904 καὶ
1488 2853 1596 2905 τῶν
1620 2854 1803 2921 διωγ-“

1898 2842 2210 2912 margaritis
2243 2844 2678 2912 pretiosissimis,
2719 2845 2771 2897 in
2798 2846 3052 2917 gregibus
3083 2856 3140 2900 et
3177 2850 3466 2913 armentis.

221 2932 342 3000 μῶν
389 2934 636 2998 ἐκείνων,
675 2937 870 2999 ὁπόσος
932 2939 1047 3002 τοῖς
1101 2943 1209 3001 σοῖς
1267 2941 1515 3008 γονεῦσιν
1554 2945 1794 3015 ὑπῆρχεν

1896 2934 2132 3003 denique
2181 2937 2231 2989 in
2272 2936 2482 2990 inﬁnita
2514 2936 2887 3004 quorumlibet
2916 2937 3145 2991 altilium
3177 2954 3465 3008 pecorum-

215 3026 370 3091 ἡμῖν,
397 3025 456 3076 ἐν
486 3043 541 3077 τε
579 3028 769 3098 χρυσῷ
805 3030 898 3082 καὶ
930 3030 1158 3100 ἀργύρῳ
1187 3035 1281 3085 καὶ
1314 3035 1476 3085 λίθων
1505 3036 1599 3087 καὶ
1656 3055 1795 3106 μαρ-

1895 3041 2001 3093 que
2034 3029 2105 3079 vi.
2132 3027 2343 3081 Norunt
2367 3028 2533 3081 etiam
2559 3028 2779 3096 plurimi
2806 3044 2871 3081 ex
2904 3030 2989 3093 iis,
3018 3030 3109 3099 qui
3130 3030 3217 3084 hic
3241 3032 3463 3096 adsunt,

214 3119 403 3185 τάρων
429 3121 769 3192 πολυτελείᾳ,
809 3122 865 3174 ἐν
893 3139 952 3174 τε
1012 3126 1273 3192 ποίμναις
1335 3126 1429 3177 καὶ
1493 3128 1793 3195 βουκολίοις

1896 3127 2029 3183 (ιυοι
2073 3118 2369 3185 apothecas
2421 3118 2567 3170 omni
2626 3134 2823 3186 genere
2856 3134 3051 3173 earum
3090 3135 3296 3185 rerum,
3327 3137 3465 3189 quas

214 3210 313 3262 καὶ
336 3212 561 3277 μυριάσι
596 3214 863 3265 παντοίων
896 3213 1227 3283 θρεμμάτων
1255 3217 1346 3269 καὶ
1404 3216 1785 3289 βοσκημάτων.

1823 3241 1860 3303 C
1896 3221 2036 3262 terra
2085 3210 2293 3278 gignit,
2343 3206 2745 3275 redundantes;
2800 3228 2920 3280 qua:
2970 3212 3208 3277 horrea,
3264 3216 3462 3269 annuis

218 3302 468 3354 Ἰσασιδέ
503 3306 597 3355 καὶ
621 3302 731 3355 τῶν
784 3304 1148 3373 παρεστώτων
1178 3308 1225 3359 οἱ
1293 3306 1514 3370 πλείους
1558 3310 1619 3362 τὸ
1678 3318 1786 3363 των

1826 3298 1858 3303 ⁷
1892 3298 2163 3352 fruetibus
2189 3309 2243 3352 et
2272 3302 2487 3353 acervis
2531 3300 2755 3368 gravida
2790 3312 2846 3354 et
2876 3312 3171 3367 coarctata,
3200 3303 3461 3358 habueri-

210 3394 497 3460 ἡμετέρων
522 3394 719 3462 πλῆθος
743 3395 1059 3462 άποθηκῶν,
1082 3397 1139 3449 αἶ
1165 3401 1276 3461 τοῖς
1314 3401 1377 3452 ἐκ
1429 3400 1532 3467 γῆς
1585 3419 1760 3455 παντο

1888 3405 2032 3444 mus.
2063 3390 2182 3444 Jam
2217 3390 2285 3445 de
2314 3391 2531 3445 lautitia
2564 3402 2617 3445 et
2660 3395 3060 3463 magniﬁcentia
3098 3410 3299 3449 mensae
3322 3413 3461 3464 quo-

209 3486 400 3547 δαποῖς
431 3490 764 3556 γεννήμασιν
812 3486 1251 3557 ὑπερεξεχέοντο,
1298 3493 1395 3541 καὶ
1441 3493 1509 3544 τὰ
1563 3497 1785 3561 ταμιεῖα

1898 3480 2140 3539 tidianaz.
2192 3481 2287 3550 qui
2334 3482 2451 3550 ejus
2482 3483 2776 3552 participes
2810 3486 3092 3539 nobiscum
3145 3468 3387 3548 fuerunt,
3423 3488 3459 3543 ii

208 3577 414 3638 ἐκεῖνα,
443 3578 615 3630 ὁπόσα
640 3576 893 3647 βρίθοντα
917 3581 1109 3650 κομιδῇ
1133 3584 1245 3644 τοῖς
1279 3582 1531 3651 ἐτησίοις-
1546 3590 1780 3653 καρποῖς

1885 3572 2071 3624 sciunt
2104 3587 2228 3625 cum
2262 3572 2395 3635 alia,
2437 3582 2550 3626 tum
2581 3588 2682 3627 nec
2713 3574 2779 3627 ad
2810 3574 3078 3629 decimam
3110 3588 3315 3646 partem
3344 3581 3458 3648 pri-
3494 3620 3499 3624 .

207 3683 267 3717 τε
303 3668 398 3718 καὶ
430 3668 719 3737 θησαυροῖς
754 3671 1242 3742 ἐστενοχωροῦντο.
1274 3672 1385 3741 τῆς
1413 3673 1469 3725 δέ
1498 3675 1617 3726 καθ’
1645 3677 1783 3744 ἠμέ-

1884 3663 2042 3716 stina:
2068 3663 2216 3716 illius
2248 3662 2666 3733 magniﬁcentia:
2691 3680 2851 3734 posse
2884 3669 3137 3737 progredi
3170 3684 3265 3722 eos
3309 3685 3457 3723 sum-

210 3771 313 3821 ραν
332 3754 569 3825 εκάστην
584 3758 863 3827 τραπέζης
886 3760 985 3827 τὴν
1008 3760 1271 3827 ἀφθονίαν
1294 3764 1385 3813 καὶ
1410 3763 1780 3825 πολυτέλειαν,
1886 3764 2015 3821 ptus
2042 3791 2058 3815 .
2113 3754 2210 3821 qui
2250 3756 2303 3806 in
2337 3769 2580 3808 mensam
2615 3755 3019 3823 imperatoriam
3052 3757 3213 3812 hodie
3243 3774 3271 3810 a
3302 3760 3458 3815 nobis

204 3845 345 3896 ἀλλὰ
378 3847 474 3897 καὶ
492 3847 695 3916 ταύτην
718 3829 831 3901 ὅσοι
878 3851 1126 3918 μετεῖχον
1154 3851 1369 3921 ἐκείνης
1419 3853 1512 3905 καὶ
1560 3871 1781 3921 παραπ-

1885 3845 2062 3907 ﬁunt,
2098 3860 2274 3913 usque
2325 3860 2393 3900 eo
2446 3845 2784 3909 debilitatae,
2835 3864 2902 3901 eo
2935 3850 3263 3903 calamitatis
3293 3851 3456 3919 laps-re

204 3936 419 4001 ἑλαυον,
447 3938 624 3991 ίσασιν
652 3937 915 4005 ἅπαντες,
949 3940 1025 3993 τά
1048 3957 1109 3993 τε
1139 3943 1275 3997 ἄλλα
1298 3944 1391 3996 καὶ
1413 3942 1487 4006 ὡς
1512 3944 1622 3997 οὐδ’
1652 3947 1781 4014 ἄχρι

1880 3946 2009 3989 sunt
2037 3950 2101 3990 ac
2128 3937 2391 3991 demersa:
2429 3934 2604 4005 palam
2640 3952 2730 3991 res
2770 3939 3049 3993 Romanae.
3083 3941 3242 3995 Potes
3281 3959 3447 4009 nunc,

204 4030 301 4079 καὶ
326 4029 383 4089 ἐς
417 4028 479 4081 τὸ
510 4030 605 4082 τοῦ
637 4030 862 4084 δεκάτου
893 4031 1057 4101 μέρος
1082 4035 1294 4103 ἐκείνης
1328 4036 1555 4104 ἀνήκειν
1582 4038 1650 4087 τὰ
1677 4039 1777 4105 τῆς

1878 4023 2212 4088 dulcissime,
2260 4025 2567 4093 expendere
2598 4064 2611 4086 ,
2662 4025 2793 4093 quid
2826 4034 2879 4077 et
2921 4026 3085 4093 patri,
3126 4036 3185 4081 et
3226 4026 3293 4081 iis
3319 4043 3457 4096 quos

204 4120 492 4189 βασιλικῆς
526 4124 661 4190 ἡμῖν
691 4124 977 4192 τραπέζης
1004 4124 1228 4177 δύναται
1281 4127 1538 4196 τήμερον.
1588 4128 1776 4189 οὕτως

1875 4130 2062 4171 secum
2094 4131 2159 4170 ac
2186 4116 2332 4169 circa
2367 4117 2659 4185 seqhabet,
2702 4117 2866 4185 812
2899 4115 3248 4186 reﬁnquens.
3294 4120 3454 4187 quid-

200 4211 443 4273 άσθενῶς
474 4212 623 4282 ἔσχε,
649 4215 744 4266 καὶ
763 4203 821 4275 ἐς
853 4214 1109 4267 τοσοῦτον
1163 4216 1314 4287 {ppu
1347 4219 1441 4270 καὶ
1491 4222 1779 4289 κατενήνε-

1873 4221 2000 4260 nam
2034 4221 2284 4261 seorsum
2319 4206 2438 4275 ipse
2489 4207 2706 4261 tandem
2742 4208 3033 4261 habiturus
3070 4210 3144 4263 sis
3166 4249 3182 4265 .
3213 4210 3357 4280 quod
3390 4221 3446 4263 et

1822 4322 1834 4333 ε
1874 4298 1971 4352 tibi
1995 4307 2051 4351 et
2087 4299 2195 4350 tuis
2226 4298 2494 4351 militibus
2527 4298 2599 4353 sit
2629 4299 2786 4352 satis.
2816 4299 2925 4352 Nec
2969 4299 3114 4352 enim
3143 4300 3260 4354 siue
3282 4303 3449 4355 armis

198 4392 277 4453 ὡς
311 4393 510 4456 ἐξεῖναι
539 4396 765 4447 σκοπεῖν
797 4411 879 4459 σε,
921 4394 1255 4462 γλυκύτατε.
1287 4396 1341 4449 τί
1368 4399 1772 4462 καταλελοιπὼς

1872 4387 2314 4456 militaribusque
2363 4388 2537 4457 copiis
2602 4390 2939 4443 constituere
3004 4390 3293 4458 imperium
3343 4394 3447 4446 sili

198 4484 282 4553 τῷ
312 4486 481 4553 πατρὶ
510 4488 731 4549 καὶτοῖς
754 4504 815 4550 γε
840 4487 979 4555 ἀμφ’
1008 4487 1169 4540 αὑτὸν
1198 4488 1332 4556 ὁμοῦ
1363 4491 1457 4542 καὶ
1480 4490 1577 4542 σὺν
1601 4490 1767 4559 αὐτῷ,

1873 4480 2165 4548 quisquam
2213 4489 2429 4547 potest,
2478 4480 2779 4548 praesertim
2816 4480 2862 4533 si
2898 4480 2951 4533 id
2994 4497 3091 4550 per
3134 4498 3305 4537 novas
3360 4501 3446 4539 res

199 4575 255 4625 τί
285 4574 409 4625 ποτ’
438 4577 505 4627 ἂν
529 4574 713 4637 λάϐοις
744 4576 905 4639 αὐτὸς
963 4577 1069 4628 ίδία
1110 4576 1248 4646 πρὸς
1284 4579 1543 4647 εὐπορίαν
1578 4580 1660 4633 σοι
1712 4598 1768 4633 τε
1800 4589 1805 4645 1

1823 4590 1848 4645 )
1877 4582 2083 4639 quarat
2113 4588 2127 4624 :
2163 4571 2287 4635 nec,
2320 4574 2464 4640 quod
2514 4572 2690 4641 majus
2731 4582 2836 4634 est,
2884 4587 3037 4625 arma
3072 4573 3443 4642 militaresmie

199 4667 297 4717 λαὶ
335 4669 446 4728 τοῖς
478 4683 542 4733 γε
600 4669 742 4745 ἀμφὶ
792 4668 852 4720 σὲ
898 4669 1284 4736 στρατιώταις.
1318 4670 1453 4722 Οὔτε
1503 4673 1611 4740 γὰρ
1644 4672 1770 4725 ἄνευ

1872 4665 2044 4731 copia:
2073 4663 2336 4717 videntur
2371 4665 2552 4731 parari
2586 4677 2745 4731 posse
2805 4664 2922 4717 sine
2973 4666 3224 4733 pecunia.
3272 4666 3443 4721 Nemo

193 4754 377 4807 ὃπλων
404 4756 496 4807 καὶ
519 4758 923 4822 στρατιωτικῶν
947 4758 1229 4825 δυνάμεων
1247 4760 1468 4812 δυνατὸν
1491 4760 1770 4829 βασ.λεὲαν

1871 4754 2087 4807 scilicet
2116 4754 2219 4807 hoe
2251 4757 2453 4817 nescit,
2488 4754 2662 4822 ipsum
2700 4770 2795 4822 per
2825 4770 2883 4807 se
2907 4770 3100 4807 aurum
3128 4756 3295 4809 multa
3323 4759 3442 4811 sine

198 4845 577 4907 συνίστασθαι,
603 4834 698 4896 καὶ
724 4846 957 4913 μάλιστα
1000 4847 1098 4915 τὴν
1131 4849 1193 4897 ἐκ
1218 4848 1585 4918 νεωτερισμοῦ
1604 4864 1617 4877 ·
1645 4849 1767 4901 οὔτε

1871 4844 2138 4897 militibus
2190 4858 2383 4911 posse,
2437 4845 2549 4897 imo
2602 4850 2863 4911 majorem
2908 4860 3069 4912 quam
3105 4854 3438 4900 tormentum

1870 4934 2039 4987 ullum
2092 4936 2296 4988 murale
2346 4935 2454 4987 vim
2512 4934 2757 4988 habere:
2793 4944 2848 4989 et
2910 4947 3250 5005 compertum
3297 4953 3439 5007 sa'pe

1825 5035 1972 5089 ~est,
2036 5026 2227 5079 urbem
2283 5035 2509 5094 prOpter
2564 5042 2801 5087 anrutu.
2843 5035 3135 5094 antequam
3191 5027 3437 5097 plerique

1864 5115 2204 5177 sensissent,
2241 5116 2394 5167 nullo
2439 5115 2623 5168 labore
2655 5116 2905 5168 hostibus
2947 5117 3214 5184 proditam
3245 5116 3433 5171 fuisse.

1865 5207 1988 5260 Seis
2044 5206 2319 5275 denique,
2361 5216 2627 5275 quantum
2668 5207 2930 5260 molestiae
2968 5217 3024 5260 et
3068 5208 3432 5276 periculorum

1863 5298 1933 5350 ab
1957 5297 2293 5350 exercitibus
2328 5296 2598 5351 redundet
2628 5300 2679 5350 iu
2707 5298 2895 5360 duces,
2932 5313 3056 5351 cum
3087 5313 3187 5352 nec
3231 5299 3430 5352 bellum

194 5396 460 5456 πολλάκις
493 5395 686 5462 ῥᾳδίω,
716 5396 1078 5465 προδεδομένη
1120 5400 1229 5457 τοῖς
1256 5398 1531 5464 πολεμίοις
1608 5401 1761 5461 πίλις

1862 5391 2094 5457 geritur,
2125 5404 2226 5443 nec
2261 5390 2545 5458 stipendia
2584 5391 2991 5458 persolvuntur.
3021 5391 3154 5445 Nam
3194 5395 3285 5460 qui
3315 5410 3429 5446 rem

188 5484 281 5535 διὰ
315 5486 533 5551 χρυσόν.
559 5480 729 5537 Οἶσθα
752 5486 798 5534 δ’
820 5481 888 5537 αὖ
914 5501 1001 5536 και
1022 5488 1141 5545 beo;
1165 5486 1226 5537 ἐκ
1246 5486 1353 5537 τῶν
1388 5487 1758 5555 στρατοπέδων

1862 5483 2248 5549 fortunamque
2277 5496 2496 5535 omnem
2529 5482 2633 5536 sibi
2665 5483 2717 5535 in
2743 5484 3031 5553 stipendiis
3056 5483 3288 5553 positam
3310 5500 3430 5538 esse

189 5578 306 5637 τοῖς
379 5578 605 5641 ἄγουσιν
657 5576 810 5645 ὄχλος
866 5577 1005 5646 μετὰ
1054 5577 1310 5629 κινδύνων
1347 5578 1556 5641 ἕπεται,
1620 5580 1755 5647 μήτε

1859 5573 2203 5642 intelligunt.
2238 5587 2333 5629 eos
2358 5588 2589 5626 necesse
2621 5583 2703 5626 est
2742 5584 2797 5627 et
2824 5574 3027 5627 bellum
3061 5575 3232 5628 multo
3267 5575 3430 5628 malle
3500 5649 3507 5655 _

187 5666 443 5735 πολέμων
471 5667 773 5735 παρόντων,
810 5667 946 5735 μήτε
978 5667 1185 5736 μισθῶν
1233 5667 1522 5734 διδομένων
1551 5669 1753 5731 αὐτοῖς.

1857 5681 2017 5734 quam
2055 5680 2265 5730 pacem,
2298 5675 2352 5718 et
2400 5680 2589 5732 pacem
2624 5666 2793 5718 multo
2834 5681 2997 5734 quam
3044 5665 3244 5719 bellum
3274 5668 3426 5736 pejo-

189 5750 285 5817 Οἷς
316 5756 424 5825 γάρ
448 5756 727 5827 ὁρίζεσθαι
756 5757 848 5808 τὸν
881 5756 995 5825 βίον
1023 5759 1079 5809 ἐν
1108 5757 1186 5828 τῷ
1221 5758 1410 5827 μισθοῦ
1462 5760 1750 5829 στρατεύε-
1796 5785 1805 5790 -

1824 5770 1969 5825 _rem
2011 5754 2289 5806 arbitrari.
2326 5754 2392 5807 lis
2421 5755 2691 5822 siquidem
2733 5756 2936 5808 bellum
2980 5772 3088 5809 non
3119 5757 3295 5810 solum
3327 5771 3450 5809 acv

192 5847 320 5902 σθαι
351 5848 549 5914 ἔπεισι,
582 5849 787 5913 τούτοις
818 5850 1031 5917 ἀνάγκη
1062 5850 1157 5902 καὶ
1207 5850 1298 5905 τὸν
1363 5850 1459 5919 μὲν
1517 5851 1749 5920 πόλεμιν

1852 5846 2092 5915 εἰρὶριιιίί
2136 5845 2434 5913 stipendii,
2476 5846 2571 5899 sed
2617 5853 2673 5902 et
2702 5847 2894 5915 prasdae
2929 5864 3022 5915 per
3046 5848 3153 5901 vim
3201 5847 3424 5917 agenda!

195 4940 496 5004 χρημάτων
522 4935 677 5000 ἄνευ,
699 4936 759 4989 τό
782 4954 844 5005 γε
875 4938 1059 5005 μεῖζον
1086 4940 1279 5001 είπεῖν,
1310 4940 1448 4992 ὅπλα
1482 4940 1578 4991 καὶ
1603 4957 1768 5009 στρα-

192 5032 458 5092 τιωτικάς
510 5031 655 5092 εἰκὸς
703 5032 1048 5100 ἀθροίζεσθαι
1090 5032 1365 5099 δυνάμεις.
1415 5033 1794 5103 Στρατιωτῶν’

194 5122 309 5191 γὰρ
332 5121 459 5175 ἄνευ
476 5117 645 5175 ἐνίοτε
672 5123 882 5191 μεγάλα
909 5125 1000 5175 καὶ
1018 5123 1140 5176 καθ’
1164 5125 1324 5177 αὑτὸν
1353 5124 1603 5193 ἰσχύοντα
1631 5130 1763 5179 πάν-

193 5230 288 5276 τες
319 5215 467 5265 ἴσασι
504 5214 596 5266 τὸν
628 5213 852 5282 χρυσὸν,
878 5214 973 5266 καὶ
1002 5215 1177 5283 πάσης
1204 5214 1356 5285 [Ρ.51
1375 5215 1421 5286 Ι]
1440 5215 1651 5267 Ἐλεπό)
1664 5216 1788 5277 εως’

197 5303 392 5368 μείζω.
422 5303 555 5370 Πρὶν
583 5305 691 5373 γάρ
720 5304 1000 5356 αἰσθέσθαι
1027 5307 1150 5364 τοὺς
1179 5305 1414 5368 πλείους,
1451 5307 1761 5373 εὑρίσκεται
