4236 6442
250 434 388 506 ιοει
599 431 679 507 μ.
706 448 761 491 ε.
793 433 953 508 istst

1169 441 1617 502 BYZANTlN/E
1656 441 2047 503 HISTORUE
2085 442 2232 507 LIB.
2269 444 2422 504 XVI.

2555 438 2690 512 tunc.
2717 455 2763 497 ι.
2803 454 3097 496 σλκτιεινι.
3147 438 3207 512 2]

3355 442 3498 515 1082

244 554 361 608 τῶν
384 552 725 623 δεδογμένων
768 556 1045 611 ποιεῖσθαι
1077 556 1300 629 βουλὴν,
1340 559 1414 629 μὴ
1461 559 1715 630 θόρυϐον,
1746 557 1822 622 ὡς
1849 563 1895 621 Δ
1925 558 1983 613 dt:

1926 558 1994 613 do
2032 559 2099 614 iis
2126 558 2315 623 rebus,
2344 573 2467 629 qua:
2494 558 2734 613 decretae
2766 569 2993 622 essent;
3027 558 3196 629 829
3237 574 3306 615 ne
3337 561 3383 614 is
3414 572 3495 614 tu.

245 646 775 717 περιφρονούμενος,
808 648 981 701 ἐπιὼν
1023 650 1327 720 άναφλέξη,
1364 652 1465 717 τὴν
1497 650 1593 705 τοῦ
1645 650 1817 720 μόθου

244 734 348 789 τοῦ
390 735 641 791 ’Δττικοῦ
677 738 1020 810 μιμούμενος
1052 740 1212 810 Ἔριν
1255 742 1499 810 εκείνην,
1530 743 1597 811 ἢν
1628 741 1705 810 τῷ
1737 757 1826 793 τε-

248 825 482 895 ρατώδει
526 827 623 880 τοῦ
673 828 849 899 μήλου
907 831 1174 901 μεγίστην
1207 831 1379 884 πάλαι
1410 833 1578 899 φασὶν
1607 833 1822 901 ὑφάψαι

246 919 495 981 στάσεως
525 920 699 989 φλόγα
737 922 830 975 καὶ
875 922 1059 993 μάχην
1096 924 1179 992 τῷ
1210 925 1318 977 τῶν
1364 924 1505 979 θεῶν
1537 926 1819 996 συνεδρίῳ,

244 1007 334 1059 δτι
366 1008 442 1079 μὴ
483 1012 539 1076 ες
568 1010 671 1079 τὴν
712 1012 899 1082 κοινὴν
929 1012 1144 1081 ἐκείνην
1166 1014 1278 1066 τῶν
1324 1016 1426 1084 τῆς
1458 1015 1675 1078 Θέτιδος
1718 1016 1822 1083 γά-

248 1116 372 1168 μων
402 1102 690 1170 τράπεζαν
741 1087 1013 1175 ἐσεκλῆοη
1053 1107 1151 1158 καὶ
1184 1106 1347 1176 αὕτη.
1403 1108 1499 1160 Διά
1530 1108 1595 1179 δὴ
1651 1108 1825 1162 ταῦτα

251 1194 656 1264 μετάπεμπτος
687 1197 750 1248 ὲκ
782 1196 1166 1267 Διδυμοτείχου
1199 1204 1293 1255 καὶ
1337 1200 1595 1269 “alapa;
1629 1202 1684 1262 ὲς
1721 1200 1822 1252 Βυ-

245 1282 467 1347 ζάντιον
514 1286 748 1356 τάχιστα
799 1287 1035 1355 γίνεται.
1088 1291 1200 1344 Καὶ
1254 1292 1339 1344 ἵνα
1381 1293 1484 1343 τόν
1545 1292 1694 1362 μέσῳ
1730 1292 1824 1344 τοῦ

247 1375 515 1444 φορτικοῦ
552 1379 713 1447 χάριν
742 1379 1025 1447 παρέλθω,
1058 1383 1196 1451 πρὸς
1237 1385 1363 1446 τοὺς
1403 1385 1527 1438 κατ’
1558 1386 1693 1453 ἐμοῦ
1726 1386 1825 1439 καὶ

245 1467 413 1530 αὐτὸς
466 1469 693 1535 ὁμοίως,
747 1473 952 1539 μᾶλλον
999 1474 1045 1526 δ’
1073 1479 1252 1527 είπείν
1311 1478 1640 1544 οίκειζτερον
1681 1477 1823 1530 κατὰ

243 1558 361 1609 τῶν
385 1559 484 1628 τῆς
520 1560 853 1630 Ἐκκλησίας
875 1564 1186 1633 δογμάτων,
1219 1569 1489 1637 πολέμους
1519 1570 1822 1634 όπλίζεται.

1926 651 2184 714 multum,
2210 651 2361 705 velut
2397 650 2710 720 despectus,
2746 652 3055 706 interventu
3087 667 3186 704 suo
3213 652 3497 714 excitaret,

1927 742 2310 797 illam~fabula
2342 742 2517 797 Attica
2558 741 2901 796 decantatam
2944 742 3282 797 Discordiam
3316 743 3502 796 imita-

1927 842 2123 896 turus,
2177 848 2298 901 qua:
2348 833 2496 899 pomi
2568 833 2821 903 prodigio
2877 835 3162 890 maximam
3214 834 3502 888 seditionis

1925 924 2196 977 ﬂammam
2228 933 2284 977 et
2312 939 2551 992 pugnam
2588 926 2642 977 in
2685 926 2921 978 concilio
2949 924 3177 978 deorum
3213 925 3336 977 ideo
3364 926 3496 978 olim

1924 1016 2243 1069 accendisse
2296 1015 2523 1076 dicitur,
2579 1016 2710 1083 quia
2771 1016 2837 1068 ad
2905 1030 3197 1070 commune
3258 1015 3390 1067 illud
3446 1024 3503 1068 et.

1924 1104 2170 1174 nuptiale
2201 1104 2456 1157 Thetidis
2486 1104 2802 1158 convivium
2837 1114 3029 1157 vocata
3076 1102 3221 1155 haud
3281 1103 3499 1155 fuisset.

1925 1198 2294 1263 Quamobrem
2376 1195 2761 1266 Didymoticho
2820 1197 3122 1249 arcessitus
3181 1194 3498 1262 Byzantium

1924 1294 2161 1347 accurrit
2193 1302 2245 1345 et
2274 1292 2544 1345 Palamas.
2578 1292 2755 1360 Atque
2782 1299 2842 1343 ut
2872 1290 3077 1344 fastidii
3102 1290 3313 1342 vitandi
3338 1303 3501 1342 causa

1924 1400 1986 1438 ea
2025 1384 2298 1446 omittam,
2344 1397 2465 1451 qua:
2521 1382 2812 1451 interjecto
2869 1391 3113 1449 tempore
3157 1380 3499 1443 acciderunt,

1925 1476 2162 1543 accingit
2188 1476 2352 1529 etiam
2386 1475 2478 1529 ille
2509 1489 2567 1528 se
2596 1474 2665 1527 ad
2700 1473 2901 1528 bellum
2933 1473 3089 1537 mihi,
3126 1472 3234 1524 imo
3266 1471 3349 1540 (ut
3374 1486 3504 1524 con-

1924 1567 2208 1633 gruentius
2254 1565 2467 1634 loquar)
2511 1565 2679 1619 sacris
2744 1563 3001 1619 Ecclesiae
3037 1563 3308 1632 dogmatis
3359 1560 3503 1615 infe-

244 1648 361 1701 Καὶ
389 1650 578 1717 ἐπειδὴ
616 1651 711 1705 τὸν
739 1653 927 1719 άγῶνα
966 1655 1141 1724 θυμοῦ
1181 1658 1277 1709 καὶ
1315 1657 1617 1722 κενοδοξίας
1650 1660 1825 1712 πνέων
1929 1673 1983 1710 re

1929 1659 2183 1732 rendam.
2216 1657 2466 1726 Cumque
2489 1658 2542 1711 in
2573 1666 2854 1711 certamen
2888 1654 3284 1717 descendisset,
3315 1653 3504 1721 ingen—

244 1739 424 1810 εἰσῄει
459 1744 704 1810 μακρᾶς,
737 1744 876 1811 ἐμοῦ
910 1747 1116 1815 μηδένα
1144 1749 1416 1818 πάρεδρον
1440 1750 1655 1820 ἔχοντος
1690 1750 1824 1819 σύμ·
1928 1756 1980 1802 te

1928 1756 2035 1802 tem
2065 1748 2322 1817 spiritum
2346 1756 2404 1802 et
2422 1761 2671 1814 magnam
2701 1747 3080 1814 arrogantiam
3094 1759 3204 1814 prae
3222 1759 3279 1797 se
3297 1743 3499 1806 ferens,

248 1848 448 1903 μαχον,
482 1835 621 1902 πλὴν
654 1840 818 1907 μόνου
849 1838 1013 1901 Θεοῦ,
1045 1840 1299 1910 καθάπερ
1326 1840 1423 1893 καὶ
1465 1844 1521 1903 ἐς
1544 1843 1673 1904 τοὺς
1700 1843 1825 1912 πρό·
1857 1895 1895 1912 η
1924 1857 1983 1911 eg

1926 1857 2024 1911 ego
2052 1841 2275 1910 quidem
2316 1839 2595 1893 neminem
2644 1836 2940 1900 habebam,
2970 1836 3066 1904 qui
3105 1836 3238 1889 mihi
3282 1834 3502 1887 adesset

240 1938 409 1991 τριτα
470 1924 776 1994 διαλόγους,
836 1928 1000 1991 αὐτὸς
1048 1930 1190 1999 πρός
1241 1947 1304 1997 γε
1339 1930 1453 1994 τοῖς
1503 1932 1682 1992 ἄλλοις
1727 1933 1822 1984 καὶ
1856 1923 1896 1952 ⁸³
1930 1948 1983 1989 ac

1930 1948 1995 1989 ac
2027 1941 2402 1992 succurreret,
2456 1930 2566 1984 Deo
2596 1938 2851 1999 excepto,
2883 1928 3029 1982 sicut
3056 1942 3159 1981 nec
3192 1927 3244 1980 in
3290 1926 3381 1979 illa
3414 1923 3499 1977 di-

240 2014 409 2068 αὐτὸν
442 2014 691 2084 βασιλέα,
719 2017 779 2071 τὸ
803 2019 904 2087 τῆς
956 2019 1139 2089 ἰσχύος
1171 2021 1488 2088 κεφάλαιον,
1529 2022 1821 2090 κράτιστον
1927 2041 1983 2094 sp

1927 2024 2268 2094 sputatione,
2305 2038 2428 2093 qua:
2470 2021 2652 2075 habita
2710 2019 2917 2075 triduo
2949 2027 3077 2073 ante
3127 2017 3345 2081 fuerat;
3394 2014 3498 2068 iste

240 2101 361 2176 εἶχε
419 2108 730 2179 σύμμαχον.
773 2112 840 2165 ’Δ
889 2113 991 2181 μὲν
1023 2111 1116 2165 οὖν
1152 2114 1277 2183 ἐμοί
1327 2132 1386 2167 τε
1434 2115 1710 2177 κάκείνοις
1762 2116 1821 2167 ιν
1926 2129 1983 2167 au

1926 2122 2133 2176 autem,
2150 2122 2347 2181 pra‘ter
2364 2108 2615 2173 caeteros,
2635 2112 2811 2179 ipsum
2839 2122 3060 2177 quoque
3088 2108 3497 2175 imperatorem,

241 2200 557 2269 προοιμίοις
611 2202 921 2272 λελάληται,
981 2206 1254 2275 μηδεμιᾶς
1290 2206 1350 2268 ἐς
1387 2206 1486 2276 τὴν
1534 2206 1818 2277 παροῦσαν
1925 2204 1982 2259 in

1926 2204 1982 2259 in
2014 2219 2125 2273 quo
2172 2216 2386 2256 summa
2440 2202 2659 2255 roboris
2708 2210 2849 2263 erat,
2900 2198 3227 2252 acerrimum
3259 2194 3499 2250 habebat

241 2291 529 2358 ἀφήγησιν
558 2292 751 2362 ἔχοντα
781 2295 972 2364 χρείας
996 2297 1269 2366 ἀνάγκην,
1307 2299 1488 2365 σιωπῇ
1535 2298 1817 2367 παρατρέ-
1926 2313 1983 2365 pl

1926 2304 2427 2365 propugnatorem.
2483 2292 2616 2359 Qua:
2669 2292 2840 2362 igitur
2903 2307 3005 2363 ego
3061 2289 3235 2344 etilli
3285 2285 3494 2356 praefati

243 2396 365 2449 χειν
398 2383 737 2455 κεκρίκαμεν
760 2385 891 2439 δεῖν.
927 2388 1007 2441 Τὰ
1028 2388 1073 2440 δ’
1109 2388 1307 2458 ἐφεξῆς
1334 2385 1483 2459 εἶχεν
1510 2389 1676 2444 οὕτω.

245 2477 573 2531 necessario
640 2479 947 2548 pertinent,
999 2479 1221 2536 silentio
1264 2480 1734 2550 praetermittenda
1772 2478 1983 2551 judico.

240 2569 415 2624 modi.

322 2667 419 2721 IB'.
452 2668 544 2739 Μὴ
571 2669 766 2739 χρείαν
792 2669 1031 2737 ἔφασκον
1062 2670 1240 2738 ἔγωγε
1272 2665 1414 2724 εῖναι
1439 2671 1711 2739 δευτέρων
1741 2669 1823 2724 ἔτι

242 2756 514 2823 διαλόγων
544 2761 639 2811 καὶ
669 2760 880 2830 κρότων
903 2761 1011 2813 ἀπὸ
1031 2760 1282 2831 γλώττης
1313 2762 1573 2831 μαχίμων
1595 2764 1743 2831 ιμοὶ,
1770 2765 1821 2815 εί

244 2846 458 2914 βέϐαιοι
494 2849 747 2916 μένουσιν
773 2852 828 2903 αί
854 2850 953 2917 τῆς
982 2853 1255 2922 προτέρας
1289 2853 1503 2923 ἐκείνης
1531 2854 1820 2919 διαλέξεως

243 2940 632 3000 καταστάσεις.
660 2939 723 2992 Ei
760 2939 803 2992 δ’
827 2941 1013 2993 ἐκεῖνα
1044 2944 1363 2996 παντάπασι
1393 2944 1608 2995 λέλυται
1641 2944 1735 2996 καὶ
1762 2944 1821 3005 ἐς

240 3030 373 3092 τοὺς
404 3030 575 3099 λήθης
629 3030 890 3100 ἔρριπται
932 3032 1165 3103 ῥύακας,
1197 3034 1308 3087 οὐδ’
1353 3034 1497 3087 οὕτω
1534 3052 1626 3102 μοι
1656 3036 1822 3090 πάλιν

240 3123 516 3192 δευτέρων
545 3123 626 3176 δεῖ
650 3125 1003 3195 συζητήσεών
1028 3143 1088 3179 τε
1113 3129 1207 3180 καὶ
1242 3126 1588 3194 ἀποδείξεων.
1622 3129 1684 3181 Et
1710 3129 1819 3198 γὰρ

237 3217 282 3271 ἃ
323 3217 428 3287 πρὸ
459 3217 688 3286 βραχέος
728 3216 940 3285 βασιλεῖ
967 3235 1027 3271 τε
1066 3220 1162 3271 καὶ
1195 3220 1513 3290 πατριάρχῃ
1548 3220 1817 3286 δέδοκται,

239 3309 341 3373 νῦν
370 3309 643 3378 ἀραχνίων
693 3308 911 3363 λέλυται
939 3314 1163 3379 τρόπον,
1195 3312 1310 3374 πῶς
1339 3311 1405 3365 ἂν
1437 3308 1527 3365 οἷα
1570 3314 1665 3364 καὶ
1703 3313 1817 3366 Ila.-

242 3402 397 3472 λαμᾷ
427 3402 552 3470 περὶ
602 3402 711 3456 τῶν
768 3403 950 3455 αὐτῶν
1003 3404 1365 3474 πεπράξεται,
1415 3404 1583 3457 πιστά
1612 3421 1672 3457 τε
1724 3407 1819 3458 καὶ

242 3496 747 3565 ἀναμφισόητήτως
783 3496 915 3565 ἡμῖν
962 3495 1156 3565 ἔχοντα
1203 3498 1419 3567 φανείη,
1472 3498 1523 3547 εί
1576 3496 1685 3566 ἄρα
1725 3497 1818 3548 καὶ

244 3586 409 3647 αὐτός
454 3604 545 3655 μοι
592 3588 905 3656 ξυμφωνείν
936 3589 1350 3657 ἐπαγγέλλοιτο,
1382 3590 1519 3659 πρὸς
1568 3590 1604 3643 δ.
1632 3590 1696 3659 δὴ
1726 3591 1816 3641 καὶ

243 3678 596 3746 πειθομένοις
644 3681 773 3750 ὑμῖν
820 3680 1099 3750 ἐχρώμην,
1131 3680 1210 3751 τῷ
1261 3682 1485 3752 μεγέθει
1515 3680 1615 3751 τῆς
1661 3681 1817 3748 ἀξίας

241 3773 497 3824 πλεῖστον
527 3772 682 3840 ὑμῶν
712 3773 1058 3842 λειπόμενος,
1088 3774 1184 3825 καὶ
1212 3773 1330 3842 ἅμα
1357 3776 1426 3844 τῇ
1455 3775 1564 3826 τῶν
1594 3773 1815 3841 τρόπων

241 3866 386 3917 claci
418 3864 512 3915 καὶ
547 3864 840 3932 σεμνότητι
870 3865 1004 3918 πολὺ
1037 3866 1098 3917 τὸ
1122 3866 1298 3929 ἐνδεές
1323 3883 1382 3919 τε
1404 3868 1502 3919 καὶ
1524 3865 1817 3936 ὑφειμένον

238 3958 308 4010 bc
338 3954 548 4009 πολλῶν
586 3955 848 4021 πολλάκις
879 3956 1232 4027 ἐνδεδειχώςὶ

314 4127 400 4201 [Ρ.
428 4127 558 4201 523]
589 4127 687 4183 ll‘.
724 4131 866 4200 Πρὸς
906 4130 1050 4200 άπερ
1080 4133 1108 4183 ό
1138 4133 1425 4202 Παλαμᾶς,
1470 4149 1489 4182 ι
1518 4133 1641 4185 Οὐδ’
1666 4132 1811 4201 ἐμοὶ,

238 4223 399 4291 φησι,
425 4222 713 4288 διαλέξεων
737 4222 819 4274 δεῖ
839 4223 933 4275 καὶ
956 4224 1257 4294 κριτηρίων
1278 4224 1473 4289 ἄλλων,
1499 4224 1644 4290 ἅπαξ
1669 4226 1816 4296 εἱλη-

238 4316 367 4384 φότι
400 4316 469 4367 τὰ
509 4316 643 4383 πρὸς
673 4315 956 4368 δικαίωσιν
982 4314 1079 4368 καὶ
1106 4316 1405 4384 ἀσφάλειαν
1427 4317 1680 4386 ἔγγραφα
1703 4316 1814 4370 τῶν

241 4404 373 4470 ἐμοὶ
405 4402 744 4471 λαληθέντων
782 4401 1071 4454 όπώσποτε
1119 4402 1256 4470 πρὸς
1295 4404 1544 4456 Ἰωάννου
1575 4403 1667 4456 τοῦ
1704 4421 1814 4457 πα-

1923 2402 2138 2461 sumus,
2182 2402 2271 2448 ea,
2299 2386 2429 2454 quia
2476 2385 2545 2439 ad
2594 2396 2915 2454 praesentem
2973 2383 3340 2438 narrationem
3388 2393 3497 2431 non

2075 2477 2206 2542 Quae
2266 2494 2398 2534 vero
2473 2484 2660 2534 secuta
2718 2485 2885 2541 sunt,
2929 2490 2994 2530 ea
3059 2474 3284 2530 fuerunt
3345 2473 3498 2545 ejus-

2000 2670 2116 2724 Xll.
2149 2669 2422 2740 Negabam
2456 2666 2590 2721 mihi
2615 2680 2755 2736 opus
2775 2680 2895 2720 esse
2926 2664 3100 2718 altera
3122 2663 3496 2733 disputatione

1925 2772 1981 2817 et
2015 2761 2503 2830 pugnacisliuguae
2537 2759 2795 2827 strepitu,
2856 2757 2901 2811 si
2947 2756 3166 2810 stabilia
3214 2764 3498 2808 manerent

1923 2868 2011 2917 ea,
2075 2868 2196 2920 quae
2255 2851 2424 2921 priori
2466 2851 2839 2919 disputatione
2889 2848 3187 2902 constituta
3239 2846 3491 2900 fuissent.

1924 2943 2017 2997 Sin
2079 2942 2169 2997 illa
2237 2944 2465 2995 omnino
2524 2940 2727 2994 abolita
2783 2948 2840 2993 et
2893 2938 3189 2993 oblivionis
3240 2936 3497 2989 fluctibus

1926 3048 2105 3087 mersa
2139 3042 2345 3095 essent,
2398 3047 2468 3086 ne
2519 3031 2599 3085 sic
2630 3029 2852 3098 quidem
2884 3029 3016 3081 mihi
3050 3030 3209 3081 novis
3244 3027 3497 3095 qu:esti0—
3559 3070 3567 3077 .

1925 3126 2085 3178 nibus
2137 3120 2771 3192 argumentationibusve
2836 3133 2973 3188 opus
3024 3132 3166 3172 esse.
3225 3115 3281 3169 Si
3347 3100 3511 3168 enim

1924 3232 2045 3287 quae
2076 3217 2241 3286 paulo
2275 3224 2401 3268 ante
2437 3211 2756 3283 imperatori
2821 3220 2876 3265 et
2919 3208 3246 3280 patriarchae
3278 3208 3498 3278 placue-

1926 3320 2072 3375 rant,
2106 3326 2169 3364 ea
2201 3324 2351 3362 nunc
2375 3308 2524 3362 velut
2558 3306 2679 3360 tela:
2728 3318 3055 3358 aranearum
3104 3303 3279 3355 soluta
3342 3310 3492 3362 sunt,

1924 3400 2200 3470 quomodo
2232 3414 2317 3457 ca.
2350 3415 2470 3467 qum
2490 3391 2739 3451 Palamas
2769 3394 2960 3447 iisdem
2988 3392 3055 3446 de
3078 3392 3241 3445 rebus
3270 3399 3491 3448 statuet.

1920 3494 2135 3547 sincera
2169 3507 2268 3545 nec
2294 3491 2574 3558 ambiguae
2795 3486 2918 3540 ﬁdei
2978 3500 3099 3539 esse
3132 3483 3491 3544 videbuntur,

1919 3586 1962 3639 si
1989 3585 2128 3639 forte
2162 3596 2558 3635 concessurum
2597 3594 2655 3633 se
2717 3578 2848 3631 mihi
2889 3577 2977 3630 illa
3029 3575 3369 3646 promiserit,
3423 3576 3494 3627 de

1920 3676 2121 3745 quibus
2150 3689 2246 3729 vos
2272 3684 2433 3728 antea
2493 3670 2623 3726 mihi
2653 3668 2990 3734 assenststis;
3020 3681 3142 3721 cum
3178 3666 3291 3735 ipse
3321 3664 3497 3732 digni~

1923 3770 2049 3823 tatis
2081 3765 2445 3834 amplitudine
2484 3764 2642 3818 vobis
2676 3762 2907 3816 multum
2963 3759 3189 3813 inferior
3223 3759 3331 3837 sit;
3393 3758 3493 3809 ho-

1920 3869 2132 3913 nestate
2164 3868 2351 3911 autem
2378 3865 2435 3909 et
2475 3869 2691 3908 morum
2752 3852 3021 3923 gravitate
3071 3852 3247 3919 looge-
3276 3850 3488 3910 abesse,

1916 3949 2076 4018 longe
2106 3947 2358 4017 superari
2402 3960 2522 3999 sese
2546 3960 2577 3998 a
2619 3944 2797 4008 vobis,
2831 3957 2974 4011 saepe
3000 3949 3057 3995 et
3085 3939 3273 3994 multis
3328 3955 3491 4009 argu-

1918 4040 2118 4092 mentis
2137 4036 2482 4091 ostenderit?

1991 4129 2133 4183 Xlll.
2168 4129 2247 4184 Ad
2271 4130 2390 4182 haec
2411 4127 2662 4180 Palamas
2696 4145 2711 4181 :
2761 4143 2780 4176 ι
2815 4125 2927 4179 Nec
2949 4124 3105 4189 mihi,
3140 4123 3339 4193 inquit,
3370 4122 3492 4176 aliis

1920 4222 2387 4293 disputationibus
2419 4235 2558 4289 opus
2596 4227 2701 4283 est,
2760 4218 2952 4271 aliisve
2983 4216 3231 4286 judiciis,
3269 4230 3391 4268 cum
3418 4214 3485 4269 ad

1917 4330 2110 4370 corum
2150 4329 2271 4383 qua:
2305 4311 2693 4381 quoquomodo
2720 4310 2856 4374 dixi,
2916 4308 3297 4378 probationem
3354 4322 3487 4361 con-

1919 4406 2398 4472 (irmationemque
2452 4402 2657 4471 scripta
2724 4400 3133 4469 impetraverim
3186 4400 3405 4452 decreta
3454 4413 3484 4453 ε

236 4494 503 4562 τριάρχου
554 4492 798 4544 καὶτῶν
840 4492 958 4543 τότε
1008 4493 1445 4562 συνεδρευόντων
1501 4494 1813 4546 ἐπισκόπων
1915 4499 1979 4552 Jo

1926 4499 2125 4552 Ioanne
2164 4495 2473 4565 patriarcha
2501 4503 2557 4547 et
2585 4496 2651 4546 ab
2679 4492 2747 4545 iis
2774 4495 2867 4561 qui
2896 4506 3019 4545 cum
3046 4490 3139 4544 illo
3165 4499 3293 4544 tunc
3324 4490 3485 4543 sede-

236 4586 434 4654 εκείνῳ
465 4584 811 4653 ψηφίσματα.
860 4602 879 4634 ι
917 4584 1056 4652 Πρὸς
1094 4585 1239 4651 άπερ
1288 4586 1414 4654 ἐμοὶ
1452 4585 1661 4637 τοιάνδε
1693 4603 1811 4637 ποι-
1839 4625 1886 4683 D
1914 4592 1980 4646 ba

1926 4598 2066 4654 Dant,
2098 4589 2429 4659 episcopis.»
2461 4587 2572 4655 Ego
2604 4600 2733 4638 vero
2759 4585 2874 4637 haec
2904 4582 3109 4653 suhjcci
3137 4597 3155 4636 :
3191 4581 3275 4634 «Si
3307 4596 3368 4635 ea
3388 4580 3484 4633 de-

235 4679 419 4729 εἰοθαι
454 4676 553 4745 τὴν
595 4676 878 4743 ὑποφοράν
925 4674 1274 4739 ξυνέπιπτεν.
1317 4693 1335 4726 ι
1382 4677 1442 4728 El
1493 4676 1593 4745 μὲν
1622 4676 1687 4745 δὴ
1713 4677 1809 4727 καί⁵
1839 4672 1880 4683 ’⁷
1911 4699 1983 4737 cn

1926 4693 2061 4737 :rcta
2097 4681 2141 4733 is
2175 4679 2269 4747 qni
2304 4679 2509 4732 fecerat
2550 4678 2614 4729 ad
2663 4685 2966 4730 extremum
3017 4683 3133 4727 rata
3174 4672 3481 4731 habuisset,

237 4770 410 4838 μέχρι
439 4770 535 4820 καὶ
569 4769 622 4830 ες
676 4768 827 4830 τέλος
864 4767 969 4819 ὑπὸ
1000 4766 1095 4818 τοῦ
1141 4767 1461 4835 δεδρακότος
1506 4769 1715 4819 ἐκείνου
1747 4768 1809 4819 τὸ
1907 4778 1951 4827 si

1926 4778 1951 4827 il
1983 4789 2085 4826 n0n
2114 4772 2301 4825 eadem
2328 4770 2489 4838 paulo
2513 4777 2637 4839 post
2667 4766 3004 4819 firmioribus
3025 4765 3146 4818 aliis
3174 4764 3392 4832 scriptis
3419 4777 3484 4816 ac

234 4863 405 4931 κῦρος
437 4856 583 4931 εἶχεν
609 4863 814 4924 ἐκεῖνα,
848 4862 943 4914 κα)⁴
983 4859 1059 4929 μὴ
1090 4861 1190 4911 οὐκ
1236 4859 1317 4922 είς
1356 4861 1576 4928 μακράν
1601 4861 1808 4926 ἑτέροις
1907 4864 1983 4917 (ιρι

1927 4863 2145 4917 lecrctis
2174 4860 2497 4915 labefactata
2531 4869 2584 4911 ct
2613 4858 2860 4910 funditus
2921 4856 3183 4909 convulsa
3214 4854 3474 4914 fuissent,

232 4952 606 5006 διασέσεισταί
634 4968 693 5003 τε
728 4952 850 5004 κάκ-
883 4949 1100 5020 βάθρων
1138 4950 1616 5018 ἁναμεμόχλευτάι
1651 4956 1808 5017 στεῤ-
1910 4955 1983 5008 tib

1926 4955 2007 5007 .ibi
2043 4952 2269 5022 quidem
2301 4955 2554 5009 fortasse.
2585 4953 2688 5004 etsi
2724 4965 2828 5001 non
2858 4948 3103 5010 veritati,
3176 4944 3478 5015 probabilis

236 5042 485 5113 ροτὲροις
518 5042 811 5110 γράμμασι
840 5044 934 5093 καὶ
956 5040 1294 5108 ψηφίσμασι,
1333 5042 1412 5091 σοὶ
1441 5040 1540 5105 μὲν
1570 5041 1720 5102 ἴσως,
1753 5041 1800 5091 εί
1913 5058 1983 5097 rat

1926 5046 2054 5098 ratio
2095 5044 2512 5110 suﬂ‘ragaretnr.
2564 5041 2717 5107 Quod
2763 5041 2805 5094 si
2840 5041 2955 5109 ipse
3009 5038 3102 5108 qui
3137 5039 3361 5099 fecerat,
3420 5051 3479 5089 re

234 5139 333 5186 καὶ
368 5136 443 5202 μὴ
479 5139 543 5203 τῇ
575 5132 823 5204 ἀληθείᾳ,
854 5134 913 5185 τὸ
947 5135 1208 5201 παράπαν
1236 5127 1345 5201 εἶχε
1376 5133 1435 5183 τὸ
1468 5132 1708 5200 εῦλογον.
1741 5136 1802 5186 ΕΞ
1913 5151 1978 5190 co

1926 5151 2098 5190 :oram
2138 5135 2404 5208 cpisc0pis
2432 5135 2697 5203 pluribus,
2729 5149 2890 5202 quam
2922 5140 3054 5202 quot
3076 5141 3236 5185 antea
3283 5143 3483 5182 conve-

230 5227 277 5280 δ’
311 5226 459 5294 αὐτῷ
490 5243 552 5292 γε
599 5227 771 5294 δήπου
814 5226 892 5295 τῷ
933 5225 1238 5292 δεδρακότι.
1293 5226 1429 5290 μετά
1479 5225 1803 5295 πλειόνωνῆ
1911 5245 1979 5283 ne

1926 5237 2128 5290 merant,
2161 5229 2343 5282 denuo
2370 5227 2701 5288 examinata,
2730 5234 2785 5279 et
2811 5224 3099 5292 multiplici
3127 5222 3476 5276 decretorum

232 5320 506 5389 πρότερον
536 5315 690 5380 αὖθις
720 5318 829 5369 τῶν
872 5318 1187 5371 ἐπισκόπων
1218 5316 1330 5388 (85)
1380 5317 1803 5388 συσκεψαμένῳ,
1910 5320 1983 5372 illi

1933 5320 2129 5373 llorum
2162 5319 2298 5372 vitio
2322 5328 2631 5386 perspecto,
2655 5318 2803 5371 omni
2823 5317 3006 5371 stndlo
3032 5317 3086 5369 in
3118 5315 3171 5369 id
3202 5312 3476 5375 incubuit,

1448 5442 1471 5455 “
1568 5447 1904 5506 Variorum
1937 5454 2152 5507 ποιων

305 5575 427 5645 (83)
460 5574 648 5643 Itaque
675 5566 951 5629 adversus
982 5574 1257 5645 Palamam
1323 5571 1563 5643 synodus
1613 5582 1797 5645 coacta
1908 5588 2047 5639 pene
2075 5573 2209 5645 orbe
2247 5571 2575 5645 patriarchis
2601 5582 2655 5625 et
2682 5568 2977 5645 episcopis,
3018 5569 3195 5623 octavi
3228 5576 3283 5645 et
3308 5568 3484 5645 ultimi

228 5638 324 5697 est
356 5663 383 5697 a
408 5638 612 5698 Joanne
647 5646 970 5713 patriarcha.
1003 5646 1175 5712 Atque
1211 5638 1455 5697 tlltnl'est
1481 5644 1793 5705 t‘ttlltllltiltl,
1905 5638 2353 5713 concilii_nonten
2381 5642 2657 5713 habitngo.
2701 5641 2904 5713 Tamen
2945 5639 3181 5693 Joannes
3230 5638 3486 5707 Cyparis-

226 5719 294 5768 dt-
320 5734 427 5782 quo
451 5710 721 5780 (it'crgtirtts
754 5715 1027 5773 (lliswrt'tr
1071 5710 1163 5767 lib.
1203 5730 1307 5774 xix,
1348 5733 1467 5781 cap.
1520 5718 1563 5772 l,
1598 5728 1652 5765 ιι.
1689 5714 1792 5780 Ιδ).
1888 5715 2070 5766 'siotcs
2126 5711 2526 5765 Palamicarum
2568 5710 3186 5782 TmnsgressionumAlib.
3224 5724 3279 5771 I,
3313 5726 3481 5765 scrin.

229 5778 472 5838 \ctcrcm
500 5778 587 5837 οι(
610 5787 805 5839 fatuam
834 5786 1231 5853 percrebuisse,
1260 5778 1512 5851 tanquam
1544 5778 1790 5836 haeresim
1900 5784 1953 5843 4,
1976 5800 2097 5849 cap.
2120 5783 2176 5844 4,
2203 5782 2340 5834 duos
2370 5792 2578 5835 tantum
2605 5793 2660 5833 ct
2684 5778 2872 5853 viginti
2904 5778 3185 5847 pontifices
3216 5782 3483 5830 adtcrsus

232 5857 481 5911 omnium
517 5858 805 5910 maximam
838 5852 1172 5923 eorrccturo,
1202 5856 1513 5927 coactisque
1543 5870 1609 5909 ex
1639 5855 1785 5907 omni
1895 5854 2165 5908 l'alamatn
2192 5856 2424 5908 CUlVlSaC
2445 5861 2689 5907 testatur.
2712 5852 2786 5905 De
2818 5860 3059 5920 tempore
3087 5863 3195 5918 quo
3223 5864 3285 5902 ca
3306 5862 3455 5916 syuo.
