4236 6442
220 409 358 474 1089
645 399 1026 496 [Δημάδη]

1211 399 1650 464 ΒΥΖΑΝἸΊΝᾸΕ
1691 397 2074 460 HISTORIA?
2114 397 2255 458 LIB.
2296 397 2392 456 XV
2401 393 2447 456 Ι.

3317 388 3467 452 ωεσ-

2529 387 2662 461 [ιιιιι.
2700 404 2745 443 ι.
2784 399 3074 442 cuneus.
3113 382 3171 458 2]

279 525 351 576 Γ.
383 521 588 576 Τούτου
619 517 831 572 δὀὖτω
859 517 1270 588 κεχωρηκότας,
1303 517 1361 569 ἐν
1401 516 1601 577 λύπαις
1635 510 1778 566 εἶναι
1805 515 1857 573 Α

1805 515 1857 573 Α
1952 512 2043 566 Ill.
2088 511 2138 568 ls
2168 526 2294 565 cum
2325 511 2518 564 fuisset
2547 508 2714 577 hujus
2739 506 2867 561 belli
2897 505 3095 567 exitus,
3128 505 3322 560 incidit
3348 507 3451 560 im-

204 616 283 682 τῷ
312 614 518 684 βασιλεῖ
543 611 842 676 ξυνέϐαινε,
870 611 970 678 τῆς
995 627 1054 662 τε
1081 608 1536 677 προσδοκωμένης
1569 607 1779 670 ἐκεῖθεν

206 707 486 773 Περσικῆς
515 703 858 773 λελειμμένῳ
890 701 1204 770 συμμαχίας
1233 700 1465 766 stultitia
1496 699 1650 765 φίλου
1689 713 1779 764 με-

207 795 403 862 γίστην
435 793 582 863 αὐτῷ
635 795 724 847 διὰ
754 793 870 862 βίου
900 796 1241 862 τηρήσαντος
1289 791 1504 843 εὔνοιαν
1553 793 1782 857 ἐστερη-

212 888 485 956 μένῳ.“Εν
505 887 602 953 μὲν
625 887 690 954 δὴ
716 885 874 938 τοῦτο
897 889 998 952 τῆς
1030 885 1171 936 κατὰ
1201 883 1516 951 Τριόαλλὼν
1549 885 1675 932 ἐκστ
1687 899 1781 947 ρα-

207 980 360 1040 τείας
385 977 636 1046 ἐμποδὼν
678 978 919 1044 ἐγεγόνει
944 975 1023 1044 τῷ
1054 977 1282 1045 βασιλεῖ.
1317 976 1580 1043 Δεύτερον
1609 972 1688 1035 δέ,
1723 973 1782 1023 τὸ

210 1071 356 1123 κατὰ
379 1069 485 1120 τῶν
511 1067 723 1138 νεφρῶν
767 1068 879 1137 (86)
905 1069 1186 1136 ἐνσκῆψαν
1216 1066 1367 1134 αὐτῷ
1398 1069 1526 1134 περὶ
1558 1067 1655 1126 τὰς
1692 1065 1782 1116 θε-

215 1161 369 1226 ρινὰς
412 1160 505 1212 τοῦ
535 1161 683 1230 ἡλίου
712 1161 921 1229 τροπὰς
965 1163 1204 1226 νόσημα,
1232 1159 1331 1221 τάς
1375 1175 1432 1211 τε
1478 1159 1782 1227 ἀλγηδόνας

209 1250 464 1318 δριμείας
489 1252 696 1318 ἐπάγον
720 1251 868 1321 αὐτῷ
899 1253 994 1304 καὶ
1019 1251 1118 1321 τὴν
1156 1251 1253 1304 τοῦ
1289 1251 1526 1317 βαδίζειν
1556 1250 1785 1302 ὑποκλέ-

209 1358 350 1394 πτον
384 1343 695 1412 ἐλευθερίαν
712 1360 772 1396 τε
797 1345 891 1396 καὶ
921 1343 1226 1414 ῥᾳστώνην,
1270 1345 1363 1395 καὶ
1387 1341 1504 1411 ἄμα
1538 1343 1638 1404 τὰς
1674 1341 1783 1395 τῶν

211 1434 420 1502 ίατρῶν
453 1436 784 1503 ἐπαγγελίας
812 1437 870 1488 οὐ
909 1436 1053 1505 μάλα
1077 1453 1160 1487 τοι
1200 1437 1338 1504 πρός
1362 1435 1423 1486 τὸ
1445 1432 1636 1486 εὔελπι
1681 1451 1782 1485 κα-

209 1526 395 1591 θαρῶς
414 1527 767 1595 ἀθροίζεσθαι
797 1527 1117 1597 συγχωροῦν
1144 1531 1208 1578 ὲκ
1231 1525 1324 1578 τοῦ
1354 1525 1644 1592 σύνεγγυς.
1675 1525 1786 1578 Καὶ

208 1617 397 1684 τρίτον
419 1618 510 1668 ἐπὶ
538 1618 768 1680 τούτοις,
810 1621 843 1688 ἡ
873 1620 982 1671 τῶν
1011 1622 1068 1672 ἐν
1100 1622 1213 1679 τοῖς
1253 1618 1496 1671 Γαλάτου
1537 1616 1785 1669 Λατίνων

209 1707 356 1758 κατὰ
389 1707 697 1770 Βυζαντίων
722 1711 781 1775 ἐξ
823 1710 1078 1778 οὐδεμιᾶς
1110 1712 1436 1779 προφάσεως
1471 1709 1782 1761 ἐπανάστα-

211 1814 300 1861 σις
327 1797 465 1867 (87),
498 1800 544 1870 ἢ.
589 1801 724 1869 μετὰ
757 1802 856 1864 τὰς
894 1804 1148 1872 Ὀρίωνος
1192 1801 1446 1864 ἐπιτολὰς
1496 1800 1660 1862 εὐθὺς
1691 1816 1787 1851 πε·

1884 613 2103 670 perator
2137 604 2190 654 in
2230 602 2466 664 luctum,
2500 609 2555 651 ut
2603 599 2698 665 qui
2740 596 2902 650 simul
2943 604 2997 650 et
3041 595 3298 654 Persicis.
3333 612 3453 664 quae

1883 694 2035 747 illinc
2076 700 2414 760 speraverat,
2447 689 2668 743 auxiliis
2702 689 3117 748 destitueretur.
3153 697 3206 741 et
3232 703 3320 747 eo.
3359 689 3452 754 qui

1883 784 2217 851 singularem
2240 798 2368 851 erga
2395 797 2454 836 se
2483 781 2922 835 benevolentiam
2956 788 3066 832 tota
3091 778 3202 831 vita
3232 794 3454 832 consei-

1883 883 2125 936 vaverat,
2157 874 2332 926 amico
2375 875 2687 926 orbaretur.
2733 872 2910 926 Prima
2943 886 3007 924 ea
3059 884 3147 924 res
3179 868 3303 933 fuit,
3333 885 3455 937 quae

1885 966 2231 1035 imperatoris
2265 968 2317 1020 in
2351 966 2623 1019 Triballos
2652 963 2994 1032 expeditioni
3025 962 3320 1016 obstiterit.
3358 962 3453 1015 Al-

1885 1069 1998 1111 tera
2045 1059 2293 1119 morbus,
2334 1056 2430 1125 qui
2469 1057 2645 1110 eidem
2685 1056 2832 1109 circa
2865 1054 3164 1111 solstitium
3202 1053 3452 1105 :estivum

1886 1151 1938 1202 in
1970 1165 2126 1203 renes
2154 1149 2375 1210 invasit.
2408 1149 2628 1202 dolores
2653 1162 2809 1201 acres
2841 1146 3097 1208 atterens,
3135 1152 3191 1197 et
3218 1143 3452 1196 liberam

1887 1239 2173 1294 incedendi
2210 1239 2523 1293 facultatem
2557 1238 2928 1307 supprimens,
2965 1237 3039 1290 ita
3074 1246 3134 1290 ut
3169 1251 3236 1289 ex
3275 1233 3456 1288 medi-

1883 1346 2075 1385 corum
2106 1331 2393 1400 promissis
2423 1345 2548 1398 spes
2579 1345 2688 1384 non
2721 1330 3013 1383 admodum
3040 1327 3163 1382 laeta
3188 1338 3283 1380 aut
3307 1337 3458 1380 certa

1884 1428 2150 1484 continuo
2178 1429 2551 1497 colligeretur.
2591 1427 2835 1482 Tertium
2869 1427 3321 1495 impedimentum
3364 1441 3457 1480 ac-

1885 1522 2074 1586 cessit,
2103 1522 2332 1576 rebellio
2357 1522 2428 1574 ab
2455 1521 2662 1575 Latinis
2685 1522 2942 1577 Galataeis
2966 1522 3233 1576 adversus
3254 1520 3462 1591 Byzan-

1889 1616 1994 1666 tios
2037 1613 2191 1667 nullo
2240 1623 2501 1682 praatextu
2533 1621 2747 1682 empta;
2786 1630 2908 1682 quae
2956 1615 3026 1669 ab
3069 1613 3294 1669 Orionis
3329 1623 3459 1666 ortu

1886 1707 2073 1760 statim
2118 1706 2335 1760 initium
2363 1706 2596 1773 jbabuit.
2646 1706 2721 1760 De
2766 1721 2853 1772 ea,
2888 1708 3108 1774 paulum
3157 1706 3458 1777 progressi,

1885 1815 2112 1868 agemus
2127 1799 2276 1854 infra
2303 1799 2502 1854 fusius.
2541 1799 2697 1854 Nunc
2732 1816 2863 1856 vero
2890 1800 3028 1855 illud
3059 1816 3352 1855 resumam.

209 1893 438 1958 ποίηται
482 1895 582 1952 τὰς
626 1895 839 1964 ἀρχάςο
887 1897 1017 1966 περὶ
1062 1890 1130 1966 ἧς
1192 1895 1385 1964 μικρὸν
1423 1893 1649 1963 ὕστερον
1689 1889 1972 1961 προϊόντες
2000 1891 2246 1962 ξὲροῦμεν
2292 1892 2614 1963 πλατυτέρα
2652 1895 2721 1964 τῇ
3044 1895 3158 1947 Νῦν
3192 1894 3238 1947 δ’
3274 1896 3454 1948 ἐκεῖνο

210 1987 663 2055 ἐπαναλήψομαι.

1645 2098 1876 2155 CAPUT
1915 2099 2028 2156 VII.

210 2194 393 2248 Persa;
419 2196 690 2262 prmdones
719 2195 775 2247 in
807 2195 1082 2249 Thraciam
1109 2194 1322 2266 ρπλΑεία
1353 2192 1652 2262 trajiciunt.
1708 2192 1923 2261 Equites
1954 2194 2288 2263 circumjecta
2336 2192 2549 2266 Bizyna:
2593 2197 2712 2250 urbi
2759 2197 2872 2251 loca
2905 2197 3199 2254 incursant.
3254 2197 3459 2256 Pedites

281 2266 506 2339 ulterius
538 2274 774 2339 pergunt.
802 2264 1545 2339 AMatthwushCantacusenus
1583 2280 1700 2339 cum
1729 2280 1894 2339 parva
1927 2280 2110 2339 _manu
2155 2266 2232 2339 Itis
2285 2264 2530 2319 occurrit.
2584 2267 2810 2321 Barbari
2855 2269 3120 2324 Romanos
3169 2273 3458 2339 conspicati

280 2337 408 2408 quid
434 2337 648 2408 egerint.
687 2336 835 2408 Acris
869 2353 1065 2408 pugna.
1104 2335 1342 2388 latthwi
1398 2335 1706 2408 strenuitas.
1748 2333 2048 2408 ΔΙίῥιιειίειιε
2077 2335 2133 2386 in
2184 2337 2350 2388 hostes
2391 2347 2584 2408 temere
2629 2341 2817 2391 inuecti
2861 2340 3177 2408 periculum.
3225 2333 3456 2394 Barbari

278 2407 638 2482 internecione
661 2404 838 2457 deleti.
881 2403 1158 2482 (’rteclarie
1185 2420 1300 2473 spes
1354 2419 1428 2482 ex_
1467 2403 1660 2482 illustri
1710 2403 1944 2482 uictoria.
2003 2405 2256 2475 Equestre
2307 2407 2617 2475 pradonum
2668 2403 2952 2480 agmen'ab
2997 2410 3110 2479 ipso
3140 2413 3457 2482 imperatore

286 2478 484 2545 partim
511 2489 722 2537 casum,
759 2475 952 2544 partim
985 2481 1168 2543 prazda
1198 2483 1378 2543 erepta
1402 2473 1577 2542 fusum
1608 2481 1655 2525 et
1690 2475 2001 2541 dispersum.

289 2588 369 2645 A'.
401 2592 562 2660 ’Δρτι
593 2587 688 2641 τοῦ
739 2589 890 2659 ἡλίου
939 2590 1038 2652 τὰς
1073 2590 1294 2660 θερινὰς
1327 2589 1531 2659 τροπὰς
1576 2592 1786 2660 παραλ-
1817 2592 1864 2651 Β
1945 2635 1962 2643 ,η

1817 2592 1864 2651 Β
1945 2591 2003 2649 .l.
2048 2592 2242 2650 Statim
2273 2606 2396 2666 post
2419 2569 2668 2654 aestivum
2690 2600 2992 2656 solstitium
3023 2601 3315 2658 Persarum
3345 2619 3459 2660 ma-

215 2685 528 2746 λάττοντος,
559 2683 806 2753 Περσική
838 2700 920 2744 τις
963 2682 1193 2750 δύναμις
1231 2682 1367 2751 (88),
1401 2683 1460 2748 ἐξ
1487 2683 1786 2752 αὐτονόμου

217 2778 315 2828 καὶ
346 2774 644 2844 λῃστρικῆς
675 2774 812 2842 ἄλλη
837 2773 1064 2827 ἄλλοθεν
1085 2773 1426 2843 ἡθροισμένη
1456 2775 1666 2843 τροφῆς
1695 2771 1789 2824 καὶ

215 2868 450 2933 διαίτης,
481 2868 543 2930 ἐς
569 2866 793 2936 Θρᾴκην
819 2864 881 2930 ἐξ
918 2865 1102 2928 ’Δσιας
1139 2866 1436 2935 πεποίηται
1462 2869 1563 2934 τὴν
1591 2865 1786 2918 διάϐα-

220 2977 329 3013 σιν.
366 2960 475 3012 Καὶ
496 2959 792 3028 ἐπειδήπερ
843 2956 1018 3009 ὁπόσα
1068 2957 1339 3028 θαλάττης
1370 2958 1537 3025 ἐγγὺς
1573 2955 1788 3027 ὑπῆρχε

216 3052 399 3121 χωρία
427 3051 559 3104 πᾶσι
589 3048 846 3114 καθάπαξ
866 3050 1122 3117 ἀοίκητον
1161 3045 1299 3102 εἶναι
1325 3050 1640 3102 συνέὀαινεν
1662 3051 1792 3118 ἐρη-

220 3144 353 3208 μίαν
375 3141 466 3193 διά.
503 3157 568 3206 γε
597 3141 696 3202 τὰς
745 3143 988 3209 συνεχεῖς
1031 3139 1140 3193 τῶν
1191 3141 1400 3210 ἐχθρῶν
1427 3142 1675 3207 ἐφόδους,
1709 3140 1788 3203 είς

215 3232 330 3286 δύω
353 3231 593 3301 σχίζεται
631 3231 854 3301 μοίρας·
890 3231 1108 3284 καὶτῶν
1136 3233 1237 3300 μέν
1259 3233 1518 3300 ίππέωνὴ
1552 3230 1787 3300 φάλαγξ,

214 3328 299 3385 είς
332 3324 636 3386 διακοσίους
660 3321 744 3394 [Ρ.
769 3321 894 3392 52η
922 3324 1014 3375 καὶ
1043 3322 1250 3391 χιλίους
1279 3323 1370 3374 τὸν
1396 3323 1524 3391 άριθ
1535 3324 1633 3392 μὸν
1660 3324 1790 3376 άνα-

216 3412 485 3480 φέρουσα,
521 3411 616 3462 ἐπὶ
645 3409 712 3462 τὰ
741 3410 842 3462 ὅσα
879 3411 1009 3480 περὶ
1041 3408 1274 3479 Βιζύνην
1314 3410 1428 3461 εισι
1455 3411 1635 3479 χωρία
1662 3413 1788 3473 τοὺς

213 3501 453 3572 δρόμους
482 3499 630 3557 ὅλαις
661 3499 859 3568 ἡλαυνε
908 3501 1030 3561 ταῖς
1065 3499 1270 3568 ἡνίαις·
1305 3501 1339 3568 ἡ
1371 3499 1430 3553 δὲ
1475 3501 1676 3570 πεζικὴ
1698 3501 1789 3554 δύ-

215 3610 406 3660 ναμις,
437 3593 501 3643 ἐκ
529 3592 609 3653 δὶς
640 3590 982 3643 ἑπτακοσίων
1015 3590 1269 3653 εὐζώνων
1316 3591 1527 3660 ἀνδρῶν
1559 3608 1788 3660 συγκει-

216 3685 359 3752 μένη
404 3683 499 3735 καὶ
536 3681 698 3752 αὕτη,
726 3682 1092 3752 δυτικωτέραν
1124 3682 1423 3752 πεποίηται
1453 3684 1555 3752 τὴν
1581 3683 1785 3752 ὁρμήν.

211 3777 510 3830 Συνέσαινε
581 3774 690 3842 γὰρ
751 3774 884 3844 αὐτῇ
947 3776 1046 3844 τήν
1093 3793 1151 3828 τε
1200 3775 1460 3843 Ῥοδόπην
1528 3776 1590 3828 τὸ
1640 3775 1784 3845 ὅρος,

1889 2703 2015 2752 nus,
2047 2691 2141 2758 qui
2184 2691 2278 2744 alii
2321 2692 2544 2746 aliunde
2587 2708 2655 2746 ex
2699 2693 2923 2748 licentia
2969 2706 3023 2750 et
3067 2697 3359 2751 latrocinio
3404 2701 3456 2750 in

1891 2797 2062 2834 unum
2087 2797 2480 2848 convenerant.
2508 2786 2789 2855 trajiciunt
2815 2803 2880 2841 ex
2903 2787 3033 2843 Asia
3061 2790 3114 2844 in
3143 2791 3456 2848 Thraciam.

1887 2872 2056 2941 836
2086 2874 2277 2937 Iidem,
2304 2878 2431 2944 quia
2462 2877 2581 2931 loca
2611 2880 2795 2932 omnia
2828 2881 2964 2933 mari
2995 2881 3170 2936 vicina
3213 2883 3285 2937 ob
3327 2899 3460 2938 con-

1893 2963 2072 3023 tinuas
2106 2964 2349 3018 hostium
2390 2966 2732 3036 irruptiones
2763 2978 2913 3022 vasta
2954 2979 3010 3024 et
3057 2972 3462 3027 habitatoribus

1888 3069 2060 3108 vacua
2105 3058 2495 3123 occurrebant,
2549 3058 2814 3128 bipartito
2858 3075 2917 3114 se
2969 3061 3356 3118 distribuunt:
3402 3077 3461 3119 ct:

1887 3147 2160 3213 equestris
2187 3147 2410 3217 quidem
2440 3150 2662 3216 cohors,
2686 3166 2810 3218 quae
2829 3152 2982 3206 mille
3005 3161 3062 3206 et
3091 3154 3464 3210 ducentorum

1887 3235 2132 3302 equitum
2164 3247 2302 3302 erat,
2354 3238 2412 3294 in
2445 3253 2612 3310 agros
2654 3240 2873 3312 Biayna:
2911 3243 3032 3298 urbi
3070 3243 3467 3314 circumjeetos

1887 3325 2026 3380 laxis
2058 3328 2290 3384 habenis
2322 3330 2640 3397 invehitur;
2681 3331 2954 3401 pedestris
2994 3344 3202 3403 autem,
3241 3353 3362 3408 qun-
3392 3354 3465 3391 es

1889 3418 1975 3473 bis
2031 3422 2398 3491 septingentis
2454 3423 2778 3480 hominibus
2823 3426 3097 3496 expeditis
3143 3431 3466 3497 constabat,

1891 3511 2060 3578 tinagis
2095 3526 2350 3566 occasum
2389 3528 2581 3569 versus
2609 3514 3028 3584 impressionem
3066 3518 3216 3574 facit.
3247 3519 3470 3588 Nempe-

1887 3604 1968 3666 hi,
1995 3605 2260 3673 Rhodope
2292 3617 2478 3662 monte
2504 3617 2560 3661 et
2592 3609 2828 3678 Oppidis,
2857 3627 2979 3680 quae
3016 3613 3162 3668 circa
3199 3615 3456 3686 Didymo-

1889 3695 2095 3749 tichum
2122 3697 2227 3751 sita
2252 3707 2398 3763 sunt,
2429 3698 2498 3753 ad
2522 3699 2770 3755 dextram
2798 3702 3024 3768 relictis,
3054 3705 3110 3758 in
3137 3705 3464 3761 ulteriorem

1889 3787 2188 3857 regionem,
2229 3789 2282 3843 id
2325 3799 2410 3844 est
2455 3790 2832 3858 Cbalcidicen,
2879 3794 3214 3865 irrumpunt,
3245 3801 3360 3871 cui,
3397 3811 3466 3854 ut

213 3869 315 3922 καὶ
338 3869 458 3921 ὅσαι
486 3869 618 3934 περὶ
663 3867 1042 3937 Διδυμότειχον
1101 3866 1257 3920 οὖσαι
1304 3868 1626 3937 τυγχάνουσι
1695 3869 1790 3920 πόα
1820 3919 1864 3978 c

213 3961 233 3978 κ
383 3959 722 3978 ,μηρνι
836 3960 1753 3978 .,._,........

1820 3919 1864 3978 ϐ
1895 3896 2056 3949 supra
2120 3881 2327 3936 dictum
2380 3893 2488 3950 est,
2549 3884 2840 3942 lauimus
2897 3887 3246 3958 imperatoris
3314 3866 3469 3948 illius

211 3961 352 4024 λεις,
380 3960 439 4023 ἐξ
467 3959 800 4030 ὑπερδεξίων
825 3961 1072 4031 άφεμένῃ
1089 3960 1188 4029 τὴν
1223 3961 1410 4028 ἔφοδον
1437 3963 1522 4030 ἐφ’
1539 3963 1636 4014 ὅσα
1657 3963 1782 4014 ἐπέ-

212 4068 375 4104 κεινα
413 4053 590 4103 κεῖται
621 4051 796 4120 χωρία
827 4051 1102 4103 ποιεῖσθαι
1124 4065 1137 4078 ·
1176 4044 1253 4104 ὧν
1279 4052 1548 4122 Ματθαίῳ
1589 4052 1667 4120 τῷ
1691 4052 1785 4105 τοῦ

214 4142 491 4214 βασιλέως
530 4142 630 4210 υίῴ
687 4143 788 4211 τὴν
822 4142 1153 4212 ἐπιτροπὴν,
1188 4142 1266 4205 ὡς
1294 4145 1554 4214 ἀνωτέρω
1587 4144 1788 4215 διείλη-

213 4251 375 4294 πται.
403 4235 728 4304 κεκτημένῳ
757 4235 817 4286 οὐ
852 4235 999 4304 μάλα
1022 4253 1108 4288 τοι
1139 4236 1363 4288 ἀνεκτὸν
1384 4237 1643 4307 ἐνομίσθη
1665 4238 1787 4291 κατ’

210 4327 468 4392 ἐξουσίαν
503 4327 736 4395 ἀπονητὶ
761 4327 1097 4394 ποιήσασθαι
1132 4328 1236 4398 τὴν
1258 4329 1357 4396 τῆς
1389 4328 1540 4391 λείας
1575 4330 1786 4384 ἐκεῖθεν

212 4418 381 4469 ἐᾶσαι
413 4414 539 4477 τοὺς
563 4416 782 4485 Πέρσας
820 4417 1162 4484 ¹ιι¹ιίιιςαγωγὴν.
1209 4416 1420 4487 Ῥᾴδιον
1445 4419 1489 4469 δ’
1507 4419 1709 4488 ἥκιστα
1729 4420 1788 4472 ὃν

211 4509 279 4558 ἐκ
317 4506 485 4573 μόνης
530 4505 630 4573 τῆς
683 4507 1216 4573 Γρατιανουπόλεως,
1261 4508 1318 4559 ἐν
1350 4502 1615 4579 ᾖτουτονὶ
1640 4528 1789 4577 τηνι-

209 4597 394 4650 animo:
443 4601 695 4666 παρεῖναι
725 4596 1031 4662 ξυνέϐαινε,
1061 4598 1298 4668 ,στρατὸν
1329 4603 1442 4662 τοῖς
1486 4601 1787 4671 βαρϐάροις

209 4690 513 4742 ἀντίπαλον
543 4690 890 4758 παραχρῆμα
921 4694 1271 4759 συναγαγεῖν,
1309 4694 1373 4745 ἐκ
1419 4695 1528 4746 ’τῶν
1557 4696 1786 4748 ἐνόντων

208 4783 564 4851 τριακοσίους
622 4783 822 4845 ἱππέας
870 4784 1217 4853 ἀνειληφὼς,
1259 4787 1354 4837 καὶ
1401 4787 1635 4857 πεζικήν
1661 4807 1785 4841 τινα

211 4873 496 4940 φάλαγγα,
532 4873 774 4941 μεγάλην
802 4874 1100 4942 ἐϐράϐευσε
1126 4873 1193 4926 δι’
1226 4875 1440 4928 ἀϐάτων
1472 4879 1687 4947 χωρίων
1709 4881 1786 4949 τῷ

208 4966 402 5033 δρόμῳ
437 4966 535 5033 τὴν
563 4965 866 5034 ταχύτητα,
926 4968 999 5036 μὴ
1059 4967 1200 5038 λάθῃ
1242 4969 1490 5034 φυγοῦσα
1525 4974 1662 5039 μετὰ
1688 4975 1786 5040 τῆς

208 5057 366 5116 λείας
392 5059 424 5126 ἡ
453 5056 718 5127 λῃστρικὴ
744 5057 994 5126 δύναμις.
1021 5057 1202 5112 Τόπου
1227 5062 1520 5131 τοιγαροῦν
1547 5063 1785 5134 ἐντυχὼν

209 5150 654 5217 ὲπιτηδειότητι,.
683 5151 752 5203 δι’
797 5145 862 5204 οὗ
893 5151 993 5219 τὴν
1047 5153 1395 5223 ἀναστροφὴν
1435 5157 1484 5206 οἱ
1515 5156 1784 5226 βάρὸαροι

1895 3983 2152 4041 praeerat.
2188 3973 2287 4028 llic
2315 3974 2509 4030 Persas
2546 3978 2700 4031 omni
2734 3978 2959 4035 licentia
2989 3990 3044 4036 et
3074 3982 3229 4036 nullo
3267 3984 3469 4040 labore

1892 4063 2289 4131 praedaminde
2322 4065 2547 4136 impune
2578 4079 2833 4125 avertere
2859 4086 2968 4125 non
3004 4075 3348 4130 tolerandum
3378 4094 3464 4130 ra.-

1891 4165 2000 4219 tus,
2035 4172 2161 4210 cum
2191 4157 2351 4212 facile
2401 4159 2550 4214 haud
2599 4173 2748 4216 esset
2790 4178 2858 4217 ex
2903 4165 3022 4220 sola
3064 4167 3473 4235 GratianOpoli,.

1893 4246 1987 4300 ubi
2024 4248 2139 4316 ipse
2185 4257 2299 4302 tum
2349 4247 2491 4304 forte
2526 4253 2870 4318 versabatur,
2922 4269 3116 4324 cogere
3150 4270 3453 4312 exemtum

1889 4338 2230 4394 debellandis
2253 4338 2508 4396 Barbaris
2531 4358 2740 4410 parem,
2769 4359 2838 4398 ex
2866 4345 2934 4400 iis
2967 4347 3062 4415 qui
3088 4349 3317 4403 aderant
3344 4361 3457 4418 trc-

1889 4443 2081 4486 ceutos
2107 4435 2326 4502 equites
2364 4443 2420 4488 et
2468 4434 2778 4503 pedestrem
2821 4438 3110 4494 cohortem
3156 4443 3370 4502 sumit;
3394 4460 3456 4498 ac

1889 4540 1958 4578 ne
1979 4525 2278 4580 latronum
2297 4543 2488 4594 agmen
2516 4543 2641 4583 sese
2667 4543 2794 4583 cum
2828 4531 3009 4598 prada
3051 4533 3238 4587 subito
3280 4538 3458 4603 prori-

1888 4620 2024 4689 piat,
2067 4626 2276 4689 magno“
2296 4619 2512 4674 itineris
2540 4621 2868 4689 compendio
2906 4639 3132 4678 cursum
3180 4641 3279 4692 per
3309 4627 3454 4680 invia

1887 4712 2175 4766 accelerat.
2227 4711 2432 4766 Locum
2482 4728 2618 4767 vero
2665 4725 3038 4782 opportunum
3085 4727 3297 4780 nactus,
3349 4733 3454 4785 qua

1890 4804 2118 4858 redituri
2146 4803 2334 4857 hostes
2363 4805 2719 4873 putabantur,
2750 4820 2884 4859 suos
2913 4807 2986 4860 ibi
3029 4807 3082 4859 in
3109 4808 3330 4861 insidiis
3356 4821 3452 4872 po-

1888 4896 2007 4948 nit:
2039 4903 2152 4947 tum
2179 4893 2442 4962 quosdam
2465 4894 2753 4962 expeditos
2781 4897 3119 4964 speculatum
3149 4898 3450 4965 prtemittit.

1887 4986 1965 5039 Ex
1991 4985 2193 5054 quibus
2216 4999 2339 5038 cum
2367 4984 2687 5048 audivisset,
2719 4985 2774 5038 in
2817 4984 2997 5053 prada
3021 4985 3232 5054 agenda
3274 4986 3455 5039 adhuc

1887 5085 2183 5144 occupatos
2205 5090 2330 5129 esse
2360 5074 2630 5128 Barbaros
2654 5084 2713 5129 et
2746 5089 2778 5128 a
2810 5076 3009 5144 castris
3037 5076 3198 5144 longe
3223 5076 3450 5140 abesse;

1889 5168 2091 5221 milites
2120 5182 2248 5221 suos
2285 5167 2498 5220 modice
2523 5167 2679 5236 jubet
2714 5166 3007 5235 prandere.
3059 5167 3130 5222 At
3179 5169 3280 5230 illi,
3322 5183 3451 5235 qu'a

207 5242 348 5309 δρᾷν
381 5243 711 5308 ἐνομίζοντο,
743 5243 844 5310 τὴν
885 5259 944 5294 τε
975 5244 1256 5312 ἐφεδρείαν
1288 5245 1520 5299 ἐνταῦθα
1551 5251 1781 5318 πεποίη-
1807 5251 1861 5314 D

1777 5251 1861 5314 ’Β
1888 5277 1993 5314 non
2031 5260 2328 5320 habebant,
2360 5258 2506 5311 unde
2524 5273 2721 5327 aquam
2757 5259 3040 5312 haurirent
3072 5258 3138 5311 ad
3171 5258 3334 5327 837
3366 5273 3450 5312 re-

208 5349 303 5382 ται
335 5331 556 5382 καὶτῶν
584 5331 835 5394 εὐζώνων
887 5333 1062 5395 ἐνίους
1098 5332 1462 5402 προῦπεμπεν
1494 5340 1574 5401 είς
1609 5357 1776 5391 κατα-

209 5423 456 5490 σκοπήνο
490 5425 581 5491 ἀφ’
614 5418 687 5479 ὦν
724 5425 852 5493 περὶ
881 5423 977 5493 τὴν
1009 5424 1158 5477 λείαν
1190 5427 1534 5495 ἀσχολεῖσθαι
1586 5433 1778 5499 πόρρω

1889 5352 2273 5422 stinguendam
2303 5351 2481 5415 sitim,
2502 5365 2665 5420 quam
2697 5362 2754 5405 et
2787 5366 2986 5406 cursus
3018 5350 3356 5420 defatigatio,
3393 5361 3452 5407 et

1889 5438 2036 5492 illius
2067 5439 2404 5507 tempestatis
2443 5439 2611 5492 ardor
2648 5438 2932 5507 attulerat,
2957 5441 3126 5497 armis
3153 5443 3451 5513 expedien-

1548 5576 1889 5642 Variorum
1929 5589 2111 5642 notae.

280 5696 394 5764 iss)
427 5695 719 5751 Cantacuz.
744 5696 842 5749 lib.
881 5711 954 5750 tv.
988 5711 1106 5762 cap.
1144 5695 1231 5753 10.
1289 5699 1518 5752 Ducam.
1565 5743 1576 5751 .

280 5770 392 5836 (δεῖ)
434 5767 630 5834 Deqna
655 5767 874 5837 copiose
924 5767 1197 5820 Catitacuz
1251 5769 1345 5824 lib.
1381 5786 1452 5832 ιν,
1494 5785 1617 5841 cap.
1664 5772 1752 5840 ll,

208 5838 297 5892 ιε.
365 5835 595 5892 Ducam.

1932 5703 2214 5774 (88)}lem
2250 5715 2440 5762 narrat
2467 5668 2881 5764 Cantacuzenus
2924 5707 3021 5764 lib.
3085 5719 3166 5774 tv,
3203 5715 3326 5774 cap.
3385 5704 3446 5759 ιυ

1895 5783 2034 5829 extr.
2061 5772 2296 5832 Dousa.
