4236 6442
264 400 398 462 ιοοι
631 396 706 468 [Α.
744 413 795 452 c.
827 396 989 468 ιδιειι

1244 401 1695 464 ΒΥΖΑΝΤΙΝᾹΞ
1735 402 2123 464 11131⁵01ὶῖᾹέ
2167 404 2314 462 LIB.
2358 403 2549 461 XVII.

3390 396 3523 458 1099

2631 396 2763 468 [τιιιι.
2797 413 2841 448 .t.
2884 408 3177 449 curacuz.
3216 395 3275 463 Ξ]

258 534 489 580 στασαν,
512 521 610 571 καὶ
634 519 880 582 πλείονος
896 518 963 572 αὖ
997 520 1395 589 ἐπειλημμένοι
1418 520 1559 591 πρὸς
1587 524 1649 574 τὸ
1678 520 1821 574 ἄνανι

1946 536 2067 574 rum
2105 532 2260 588 septa
2288 521 2396 574 alia
2418 530 2586 588 atque
2611 519 2718 572 alia
2745 519 2851 572 late
2872 515 3327 573 cirtutuducunt;
3352 514 3525 566 fossus

249 626 344 673 τες
372 614 541 665 τόπου
599 612 842 682 πύργους
876 630 934 664 τε
976 612 1289 682 ᾠκοδόμουν
1326 613 1833 680 δυσανταγώνιστον

251 705 620 773 κεκτημένους
653 710 714 757 τὸ
743 705 902 773 ὕψος,
946 708 1039 758 καὶ
1066 706 1183 775 ἅμα
1212 706 1363 777 τείχη
1390 707 1487 760 καὶ
1513 705 1833 775 περιὸόλους

1943 624 2211 683 przeterca
2240 623 2296 666 et
2320 612 2658 666 munitiones
2715 610 3043 673 ntuliuntur,
3070 618 3126 661 et
3182 622 3525 676 qumcunque

1941 706 2155 764 aditum
2199 706 2453 759 hostibus
2482 704 2763 758 difﬁcilem
2788 702 2987 756 minari
3013 702 3211 756 solent.

256 798 483 868 μακράν
505 800 604 869 τὴν
640 801 985 869 εὐρυχωρίαν
1032 801 1257 870 ἔχοντας
1306 801 1502 864 ἄλλους
1530 802 1618 852 ἐπ’
1652 801 1830 860 ἄλλοις
1868 801 2097 868 συχνοὺς
2129 800 2524 868 περιήλαυνον⁶
2552 799 2650 850 καὶ
2693 802 2831 867 πρός
2858 814 2923 864 γε
2988 794 3068 849 ἔτι
3132 797 3378 869 τάφρους
3422 798 3523 852 καὶ

256 881 597 962 ὀχυρώματα
621 894 707 947 ἐπ’
758 895 941 956 αὐτοῖς
971 895 1068 948 καὶ
1127 896 1230 947 ὅσα
1272 894 1551 963 πολεμίοις
1595 895 2046 964 δυσεπιχείρητον
2080 892 2365 947 ἀπειλοῦσι
2393 895 2492 962 τὴν
2526 892 2758 962 πάροδον
2787 888 3049 960 ὤρυττον.

325 984 399 1037 l".
431 987 589 1054 Ἀρτι
614 986 787 1039 δὲκαὶ
817 986 1071 1039 ναυτικὸν
1101 986 1453 1039 συνίστασθαι
1482 985 1838 1055 βουληθέντος

246 1076 344 1129 τοῦ
376 1077 638 1145 βασιλέως
691 1076 1148 1147 Καντακουζηνοῦ
1198 1077 1286 1129 διὰ
1335 1079 1435 1140 τὰς
1483 1077 1687 1146 συχνάς
1724 1075 1833 1129 τῶν

248 1167 535 1240 Περσικῶν
564 1168 850 1236 δυνάμεωι
874 1168 1095 1236 ἐφόδους
1122 1170 1229 1221 κάκ
1257 1168 1360 1236 τῆς
1398 1168 1586 1233 Ἀσίας
1611 1169 1667 1230 ἐς
1696 1167 1834 1238 Θρᾴ-

246 1276 353 1325 κην
404 1258 622 1327 νύκτωρ
666 1258 760 1312 καὶ
813 1259 932 1328 μεθ’
989 1261 1207 1329 ἡμέραν
1244 1259 1544 1327 διαϐάσεις,
1591 1260 1689 1313 καὶ
1715 1258 1833 1329 ἅμα

244 1352 373 1413 τοὺς
418 1354 480 1403 ὲκ
510 1353 779 1422 θαλάττης
801 1353 1291 1421 οἰκονομικώτερον
1312 1355 1514 1425 τρόπον
1538 1356 1833 1422 κουφίσαν-

244 1462 334 1507 τος
368 1444 566 1511 φόρους
595 1444 938 1515 βουλομένοις
955 1447 1240 1515 καταίρειν
1269 1450 1347 1509 είς
1373 1449 1465 1500 τὸν
1488 1450 1597 1501 τῶν
1621 1448 1827 1512 Βυζαν-

243 1539 375 1587 τίων
394 1538 610 1606 λιμένα,
645 1538 674 1591 δ
702 1540 940 1604 μάλιστα
968 1542 1081 1601 τοῖς
1112 1541 1361 1604 Λατίνοις
1390 1537 1459 1614 ἢν
1487 1542 1573 1596 ἀεὶ
1595 1540 1828 1613 βοηθοῦν

244 1632 337 1681 καὶ
368 1634 759 1699 κραταιότερον
793 1633 979 1695 αὐτοῖς
1037 1634 1097 1685 τὸ
1125 1633 1389 1688 δύνασθαι
1443 1634 1709 1705 διηνεκῶς
1738 1637 1828 1704 ἐρ-

245 1723 575 1791 γαζόμενον,
605 1724 864 1779 ὑπόνοιαν
887 1725 1046 1795 ἔσχον
1077 1727 1221 1794 μάλα
1260 1727 1540 1794 θρασεῖαν,
1569 1729 1665 1781 καὶ
1693 1728 1827 1780 εδει-

2016 985 2103 1040 lll.
2138 984 2367 1039 Demum
2389 998 2516 1037 cum
2543 984 2842 1054 imperator
2858 982 3277 1038 Cantacuzenus
3288 983 3525 1040 classem

1943 1079 2220 1131 instruere
2240 1078 2601 1141 decrevisset,
2630 1076 2702 1131 ob
2727 1077 2949 1132 crebros
2975 1076 3319 1131 Persicarutn
3344 1078 3527 1148 cupia-

1944 1184 2067 1221 rum
2097 1169 2352 1223 incursus
2372 1183 2679 1239 earumque
2714 1184 2779 1224 ex
2808 1170 2938 1224 Asia
2979 1172 3032 1224 in
3082 1169 3375 1224 Thraciam
3420 1187 3523 1225 no-

1940 1271 2172 1317 cturnas
2232 1260 2574 1331 diurnasque
2607 1262 3077 1329 transvectiones;
3111 1262 3370 1332 idemque
3430 1264 3522 1326 iis.

1939 1352 2033 1421 qui
2067 1354 2133 1406 ad
2165 1351 2526 1423 Byzantinum
2553 1362 2772 1419 portum
2823 1354 3101 1422 appellere
3132 1354 3357 1419 vellent,
3422 1356 3525 1410 tri-

1940 1444 2200 1499 butorum
2231 1446 2581 1499 nauticorum
2599 1460 2739 1499 onus
2762 1446 3021 1512 prudenti
3059 1447 3271 1501 ratione
3293 1446 3527 1503 minuis-

1939 1550 2045 1601 set,
2115 1538 2433 1608 cujusmodi
2461 1538 2700 1593 consilio
2728 1539 3029 1608 plurimum
3075 1556 3296 1611 semper
3339 1541 3521 1597 Latini

1940 1628 2290 1698 profecerant
2323 1637 2379 1680 et
2402 1626 2707 1697 potentiam
2745 1643 2899 1681 suam
2955 1630 3012 1683 in
3069 1629 3191 1685 dies
3227 1641 3520 1697 auxerant,

1938 1718 2312 1787 suspicionem
2346 1717 2591 1770 habuere
2637 1715 2673 1770 ii
2717 1715 3127 1786 gravissimam.
3187 1718 3520 1771 timuerunt-

246 1831 351 1868 σαν
386 1817 461 1884 μὴ
490 1815 1126 1887 θαλαττοκρατησάντων
1165 1818 1455 1887 Ῥωμαίων
1487 1817 1821 1890 ὑπορῤυεῖσσ

1936 1827 2068 1881 que.
2095 1827 2164 1866 ne
2195 1810 2471 1882 Byzantiis
2490 1809 2664 1865 maris
2701 1809 2937 1879 imperio
2990 1810 3202 1879 potitis,
3250 1810 3367 1864 suis
3390 1826 3521 1864 vero

242 1908 277 1976 ἡ
318 1907 496 1960 αὐτῶν
545 1906 776 1978 δύναμις
825 1910 963 1977 μετὰ
1015 1911 1115 1978 τῆς
1147 1908 1243 1961 τοῦ
1292 1909 1517 1977 κέρδους
1563 1912 1827 1981 εὐπορίας

244 2004 461 2076 αὐξήσῃ
511 2003 745 2072 τάχιστα
789 2000 1117 2070 Ῥωμαίους.
1161 2004 1228 2054 ’0
1258 2002 1315 2055 δὲ
1361 2003 1595 2071 μάλιστα
1641 2004 1707 2056 ἐκ
1733 2003 1829 2056 τοῦ

244 2095 593 2166 παραχρῆμα
623 2096 719 2148 καὶ
748 2093 1014 2163 σύνεγγυς
1041 2094 1239 2166 ἔθραυε
1264 2097 1364 2164 τὴν
1382 2096 1609 2149 ἐκείνων
1627 2096 1829 2166 ψυχὴν,

240 2190 276 2256 ἡ
311 2188 407 2254 τῆς
442 2189 575 2241 Χίου
608 2188 884 2255 πρόφασις
920 2184 1010 2258 ἦν.
1062 2188 1371 2241 Ἑδεδίεσαν
1404 2189 1536 2258 γὰρ,
1590 2190 1667 2261 μὴ
1720 2190 1829 2260 πρὸ

243 2282 479 2352 βραχέος
517 2282 598 2334 ἔτι
626 2280 738 2333 τῶν
786 2279 1077 2350 ὁμοφύλων
1122 2279 1427 2345 ἐπιϐούλως
1475 2282 1828 2351 ἀφελομένων

236 2374 630 2438 καταπλεύσας
664 2377 693 2428 ὀ
720 2374 833 2428 τῶν
872 2373 1161 2443 Ῥωμαίων
1212 2375 1401 2437 στόλος
1446 2374 1603 2439 αὖθις
1658 2376 1828 2445 αὐτὴν

235 2466 530 2535 ἀφέληται,
591 2467 721 2535 πρὶν
768 2465 1051 2534 είληφέναι
1083 2465 1175 2517 τὸν
1207 2466 1286 2528 είς
1321 2468 1656 2535 συντήρησιν
1686 2483 1825 2535 κρα-

233 2561 527 2629 ταιοτέραν
588 2560 908 2629 ἀρκέσαντα
957 2557 1153 2627 χρόνον
1213 2558 1376 2628 αὐτῇ.
1414 2558 1581 2611 Ὅθεν
1642 2559 1826 2621 αἰτίας

235 2652 361 2706 καθ’
390 2654 607 2722 ἡμέραν
639 2653 816 2721 μάχης
841 2649 1142 2723 βάπτοντες
1160 2645 1482 2720 ἧσανᾶλλας
1506 2649 1823 2717 ἐπ’ἆλλαις,

236 2746 394 2799 οὐδὲν
442 2746 785 2813 κεκτημένας
823 2745 1045 2813 ἰσχυρὸν
1098 2746 1191 2797 καὶ
1220 2745 1601 2813 εὐπρόσωπον,
1628 2744 1825 2813 φόνους

238 2855 302 2891 τε
332 2837 646 2899 Βυζαντίων
694 2836 1059 2907 ἐργαζόμενοι
1083 2878 1099 2902 ,
1136 2836 1322 2907 κρύφα
1361 2838 1459 2905 μὲν
1490 2838 1550 2888 τὸ
1584 2837 1821 2905 πρῶτον,

236 2932 748 2998 ὲκκεκαλυμμένως
799 2928 844 2981 δ’
875 2928 1070 2983 ἔπειτα
1123 2930 1221 2983 καὶ
1270 2930 1411 3001 πλὴν
1467 2930 1671 3001 σκηνῆς
1724 2931 1822 2982 καὶ

232 3019 608 3090 προσωπείου.

305 3111 380 3167 Δ’.
405 3114 627 3166 Τούτων
653 3114 698 3166 δ’
730 3113 873 3169 οὕτω
921 3114 1241 3186 δρωμένων,
1297 3114 1662 3186 ὲθελοκωφεῖν
1706 3117 1821 3170 £66-

1939 1908 2186 1977 ipsorum
2232 1908 2443 1961 viribus
2469 1922 2594 1968 cum
2620 1902 2758 1960 lucri
2790 1906 3082 1961 occasione
3119 1905 3517 1967 dilabentibus.

1936 2014 2023 2053 res
2045 1998 2296 2053 Romana
2322 2010 2640 2069 augeretur.
2676 1999 2807 2066 Qua:
2830 1997 3013 2053 autem
3046 1999 3320 2070 praecipua
3376 2001 3518 2054 ratio

1932 2094 2121 2147 statim
2153 2102 2210 2147 et
2235 2092 2493 2162 propiore
2522 2102 2671 2147 metu
2720 2108 2913 2147 eorum
2975 2094 3193 2147 animos
3255 2092 3515 2162 perculit,

1931 2202 1997 2239 ea
2032 2183 2136 2239 luit
2165 2184 2335 2239 Chios
2366 2185 2571 2241 insula.
2597 2185 2943 2241 Verebantur
2972 2186 3204 2244 scilicet.
3236 2202 3304 2241 ne
3331 2186 3517 2247 istam,

1931 2293 2095 2346 quam
2148 2277 2311 2344 paulo
2335 2285 2463 2331 ante
2499 2278 2795 2347 populares
2829 2278 2913 2333 sui
2954 2278 3118 2350 85.3
3161 2294 3259 2349 per
3290 2278 3519 2334 insidias

1930 2368 2318 2430 abstulissent,
2373 2368 2621 2422 Romana
2680 2370 2877 2424 classis
2932 2371 3161 2439 appulsa
3223 2370 3512 2440 reciperet.

1931 2475 2033 2514 nec
2057 2460 2200 2534 satis
2221 2461 2323 2531 ipsi
2352 2462 2622 2531 temporis
2660 2463 2931 2518 haberent
2958 2462 3027 2516 ad
3083 2478 3209 2517 eam
3260 2462 3520 2517 ﬁrmiori-

1929 2553 2035 2607 bus
2065 2554 2339 2622 prasidiis
2366 2553 2808 2610 custodiendam.
2862 2554 3000 2610 Belli
3058 2554 3245 2625 itaque
3291 2556 3518 2626 gerendi

1929 2653 2132 2693 causas
2156 2641 2294 2696 alias
2327 2659 2393 2695 cx
2422 2641 2546 2697 altis
2572 2644 2821 2713 quotidie
2854 2644 3173 2711 nectebant,
3232 2661 3337 2701 nec
3381 2646 3520 2701 vali-

1927 2725 2027 2781 das
2055 2743 2158 2782 nec
2191 2732 2520 2798 speciosas;
2568 2742 2622 2788 et
2678 2732 3065 2805 Byzantiorum
3128 2741 3330 2803 caules,
3374 2737 3517 2792 clam

1928 2820 2128 2888 primo,
2159 2821 2359 2877 deinde
2388 2834 2578 2895 aperte
2601 2828 2740 2880 citra
2787 2843 3008 2882 scenam
3041 2841 3097 2886 et
3139 2831 3350 2887 larvam
3388 2848 3521 2904 per-

1927 2912 2239 2978 petrahant.

1997 3099 2087 3154 IV.
2116 3098 2240 3154 llaec
2272 3117 2399 3155 cum
2429 3104 2501 3158 ita
2539 3104 2754 3172 tierent,
2799 3108 3050 3179 Byzantii
3083 3126 3282 3185 sponte
3308 3117 3513 3173 obsur-

228 3221 363 3257 κουν
384 3202 673 3266 Βυζάντιοι
697 3221 712 3237 ·
740 3206 898 3259 τοῦτο
925 3207 1027 3276 μὲν
1059 3210 1151 3260 καὶ
1173 3207 1479 3276 εἰρηνεύειν
1514 3208 1812 3272 ἐθέλοντες*

1926 3192 2114 3247 duisse
2150 3192 2505 3261 videbantur,
2535 3199 2733 3268 partim
2795 3206 2926 3272 quia
2984 3221 3174 3274 pacem
3227 3206 3509 3279 volebant,

228 3296 392 3349 τοῦτο
413 3297 469 3350 δὲ
505 3299 601 3351 καὶ
618 3298 716 3365 τὴν
741 3298 890 3365 σφῶν
913 3299 1097 3351 αὐτῶν
1124 3297 1474 3363 ξυννοοῦντες
1504 3300 1814 3367 ἀσθένειαν,

231 3389 491 3458 πολυειδῆ
510 3407 634 3444 τινα
660 3393 756 3443 καὶ
787 3389 1044 3460 ποικίλην
1074 3391 1169 3444 τοῦ
1195 3391 1391 3462 χρόνου
1443 3391 1659 3456 τούτοις
1689 3394 1819 3446 ἑπε-

228 3479 539 3545 νεγκόντος,
569 3480 634 3532 ὲκ
661 3480 757 3533 τοῦ
792 3479 1271 3551 περιφρονητικῶς
1324 3480 1659 3535 διατίθεσθαι
1688 3487 1817 3546 τοὺς

228 3572 375 3621 κατᾶ
410 3568 660 3641 διαδοχὴν
702 3570 813 3622 τῶν
858 3572 1107 3640 αρχικῶν
1145 3570 1588 3642 ἐπειλημμένους
1619 3574 1683 3626 ὲκ
1714 3591 1817 3627 πα-

226 3658 387 3713 λαιοῦ
421 3662 477 3723 ἐς
505 3652 615 3714 ὅσι’
641 3662 927 3730 πολιτικήν
950 3678 1009 3715 τε
1042 3662 1139 3714 καὶ
1165 3663 1520 3733 οίκονομικὴν
1542 3666 1656 3734 ἔχει
1680 3667 1817 3735 πρό-

226 3769 381 3805 νοιαν
413 3752 522 3805 τῶν
546 3753 805 3822 ὑπηκόων
837 3752 975 3822 όμοῦ
1004 3757 1102 3806 καὶ
1130 3752 1239 3806 τῶν
1258 3754 1535 3824 δημοσίων
1560 3757 1815 3825 πραγμά-

224 3862 335 3898 των
357 3862 372 3876 ·
405 3846 506 3898 οὐκ
531 3843 632 3898 οἶδ’
662 3846 847 3899 ὅντινα
872 3845 960 3918 [Ρ.
985 3845 1115 3919 551]
1136 3846 1339 3915 τρόπον
1355 3849 1585 3911 ἐκείνοις
1611 3849 1814 3919 ἥκιστα

227 3936 577 4005 βουλομένοις
630 3938 852 4001 εἰδέναι,
887 3937 964 3999 ὡς
1007 3942 1137 3997 τοὺς
1166 3936 1401 4006 βεὸαίως
1429 3939 1525 3991 καὶ
1553 3939 1812 4005 ἀσφαλῶς

227 4024 378 4093 βιοῦν
413 4025 720 4088 ἐθέλοντας,
746 4027 841 4078 καὶ
869 4026 1135 4095 φοσεροὺς
1157 4025 1255 4094 μὲν
1280 4020 1420 4077 εἶναι
1438 4027 1550 4086 τοῖς
1571 4022 1811 4095 ἐχθροῖς,

227 4118 513 4179 ποθεινοὺς
540 4116 598 4171 δὲ
630 4119 744 4180 τοῖς
780 4117 953 4185 φίλοις
988 4117 1097 4180 ἀεὶ,
1124 4117 1225 4186 οὐχ
1258 4116 1385 4169 ὅταν
1415 4118 1475 4169 ὲν
1508 4116 1811 4184 ὀφθαλμοῖς

224 4209 452 4280 ἔρχηται
475 4210 543 4262 τε
577 4210 729 4263 δεινὰ
757 4209 1279 4280 παρασκευάζεσθαι
1302 4210 1597 4279 χρεὼν,ὅτ⁹
1622 4209 1809 4279 ὄνησιν

222 4300 482 4369 οὐδεμίαν
514 4299 630 4369 εχει
684 4298 747 4352 τὸ
810 4300 1159 4370 σπούδασμα,
1214 4299 1350 4352 ἀλλά
1388 4299 1675 4370 πόρρωθεν
1720 4299 1811 4352 ἀεὶ

227 4390 484 4460 μελετᾷν,
512 4393 639 4445 τίνα
670 4407 731 4442 τε
793 4390 903 4461 χρὴ
937 4390 1277 4461 προορᾶσθαι
1327 4390 1424 4445 καὶ
1448 4391 1571 4444 τίνα
1603 4390 1805 4457 φυλάτ-

219 4485 437 4548 τεσθαι,
470 4486 563 4537 καὶ
594 4483 660 4537 αὖ
687 4485 810 4536 τίνα
835 4483 1158 4552 προσίεσθαι
1180 4484 1274 4536 καὶ
1302 4482 1643 4537 οἰκειοῦσθαι
1671 4484 1807 4553 πρὸς

1922 3285 2121 3355 partim
2148 3287 2276 3356 quia
2295 3304 2449 3343 suam
2476 3288 2853 3349 inﬁrmitatem
2882 3299 3319 3368 perspiciebant;
3342 3318 3508 3372 quam

1920 3377 2004 3431 eis
2039 3378 2401 3447 multiplicem
2430 3394 2484 3436 et
2518 3384 2726 3438 variam
2765 3386 2883 3455 ipse
2911 3392 3177 3458 temporis
3206 3392 3394 3463 lapsus
3422 3406 3507 3450 at-

1924 3471 2146 3533 tulerat.
2174 3489 2242 3526 eo
2275 3474 2424 3543 quod
2460 3474 2496 3530 ii
2529 3478 2623 3547 qui
2668 3479 3038 3551 principatum
3065 3501 3130 3540 cx
3157 3490 3507 3548 successione

1915 3564 2126 3633 jamdiu
2188 3569 2473 3633 tenebant,
2558 3588 2653 3628 eas
2719 3590 2883 3632 curas
2940 3580 3329 3649 neglexissent,
3382 3602 3506 3656 qua:

1919 3655 2258 3725 privatorum
2291 3660 2455 3715 rebus
2491 3673 2548 3718 et
2581 3664 2818 3734 publica;
2838 3668 3059 3725 utilitati
3092 3673 3313 3741 politica
3374 3655 3505 3745 pro-

1920 3747 2163 3802 videntia
2252 3755 2721 3825 mcuttottticisque
2786 3760 3093 3817 rationibus
3185 3770 3500 3827 consulunt.

1921 3838 2130 3911 Nempe
2166 3842 2218 3894 hi
2275 3846 2467 3898 nescio
2514 3849 2793 3915 quomodo
2844 3853 3139 3908 noluerant
3173 3858 3501 3930 intelligere.

1918 3948 2015 3986 eos
2045 3935 2139 4001 qui
2165 3937 2449 4005 tranquilli
2473 3954 2537 3993 ac
2557 3942 2737 3995 securi
2765 3942 2949 3999 Vivere
2979 3946 3169 4011 vvlint,
3207 3958 3375 4020 atque
3430 3959 3501 4009 ah

1919 4023 2174 4078 hostibus
2219 4028 2441 4095 quidem
2475 4031 2671 4093 metui,
2700 4033 2767 4085 ah
2796 4035 2989 4088 amicis
3020 4049 3202 4093 autem
3235 4052 3501 4111 perpetuo

1914 4117 2337 4187 diligi,necesse
2387 4138 2530 4188 esse,
2564 4127 2916 4194 nonquando
2966 4130 3291 4190 obversatur
3323 4140 3500 4196 oculis

1916 4210 2229 4276 periculum
2258 4211 2534 4268 instruere
2564 4232 2643 4281 se,
2682 4233 2805 4271 cum
2856 4221 3060 4277 nullam
3092 4225 3256 4281 habet
3295 4229 3500 4285 utilita-

1919 4310 2029 4355 tem
2065 4303 2354 4373 diligentia
2382 4324 2396 4368 ;
2427 4310 2521 4363 scd
2556 4311 2717 4381 longo
2740 4324 2867 4369 ante
2898 4331 3072 4385 usque
3101 4334 3289 4375 secum
3324 4324 3501 4379 medi-

1915 4396 2043 4459 tari,
2116 4413 2430 4464 ecquaenam
2467 4402 2776 4469 pratvideri,
2829 4420 3149 4476 ecquaenam
3201 4418 3496 4482 praecaveri

1916 4496 2205 4555 oporteat;
2269 4498 2385 4545 tum
2419 4493 2584 4548 etiam
2633 4496 2763 4563 quid
2798 4510 3091 4568 apparatus
3111 4518 3277 4561 causa
3318 4508 3497 4569 adsci-

226 4579 610 4645 παρασκευὴν,
628 4570 703 4629 ὧν
729 4576 898 4645 μήπω
929 4576 1028 4645 μὲν
1059 4576 1325 4645 πάρεστιν
1356 4577 1390 4644 ἡ
1417 4574 1597 4646 χρεία,
1622 4575 1805 4643 μέλλει

1926 4578 2178 4632 scendum
2213 4581 2691 4653 adquirendumve
2721 4589 2794 4643 sit
2823 4606 3013 4646 eorum
3038 4609 3161 4663 qua
3196 4599 3317 4653 usui
3350 4616 3491 4654 non-

223 4667 279 4720 δε
310 4667 405 4721 τοῦ
430 4669 627 4737 χρόνου
656 4667 877 4737 ῥέοντος
899 4668 995 4720 καὶ
1031 4666 1381 4730 παντοδαπάς
1418 4668 1514 4720 καὶ
1546 4667 1806 4729 παντοίας

228 4759 522 4821 πλέκοντος
553 4761 667 4821 τοῖς
701 4757 1011 4828 ἀνθρώποις
1056 4756 1155 4820 τὰς
1178 4756 1347 4827 τύχας
1366 4771 1381 4785 ⁸
1416 4756 1538 4810 οὐδὶ
1565 4756 1806 4808 συνιέναι

222 4853 568 4913 παντάπασι,
627 4851 733 4903 τίνι
782 4850 1019 4919 καὶδσῳ
1048 4849 1366 4919 δικαιοσύνη
1418 4850 1556 4919 πρὸς
1588 4848 1805 4901 ἀδικίαν

222 4942 627 5010 συγκρινομένη
656 4939 926 5008 διαφέρει,
953 4942 1310 5011 χρηματικῶν
1347 4957 1406 4993 τε
1427 4936 1495 4994 αὖ
1525 4940 1803 5010 προσόδων

222 5036 539 5103 προμήθεια
568 5034 662 5086 καὶ
688 5033 871 5087 ὅπλων
895 5033 1090 5102 κτῆσις
1109 5035 1246 5104 πρὸς
1276 5035 1539 5103 ἀμέλειαν
1572 5034 1800 5087 τούτων’

220 5126 303 5178 ἔτι
326 5143 385 5177 τε
436 5126 724 5177 πολιτειῶν
760 5126 1014 5194 εὐνομίαι
1057 5128 1151 5180 καὶ
1180 5127 1407 5190 κανόνες
1429 5128 1694 5199 άρῤεπεῖς
1726 5127 1803 5180 δι-

219 5218 537 5287 καστηρίων
553 5217 688 5285 ὁμοῦ
723 5219 819 5270 καὶ
847 5217 1251 5288 βουλευτηρίων
1287 5219 1423 5289 πρδς
1449 5217 1802 5288 ἀστάθμητον

218 5312 316 5362 καὶ
349 5309 754 5377 συγκεχυμένον
801 5309 937 5375 βίον.
977 5309 1208 5377 Ὅμοιον
1240 5308 1350 5378 γὰρ
1378 5309 1444 5361 ἂν
1473 5310 1585 5377 εἴη,
1610 5308 1800 5378 ὥσπερ

217 5398 285 5451 ἂν
310 5399 363 5449 εῖ
407 5413 493 5458 τις
554 5395 927 5464 παραὸἀλλειν
981 5397 1227 5465 βούλοιτο
1262 5398 1359 5450 καὶ
1388 5397 1637 5467 θεωρεῖν,
1674 5398 1798 5450 ὅσον

215 5486 274 5538 ὲν
311 5484 537 5550 πελάγει
585 5483 831 5552 διαφέρει
876 5485 1057 5549 καλῶς
1119 5487 1476 5557 οἰακιζομένη
1528 5488 1663 5552 ναῦς
1696 5489 1796 5559 τῆς

213 5579 347 5633 ἄνευ
376 5577 581 5629 οἰάκων
612 5583 704 5626 καὶ
734 5577 927 5647 πόρρω
954 5577 1154 5638 παντὸς
1187 5578 1504 5647 προμηθοῦς
1527 5582 1641 5643 τοῖς
1670 5582 1797 5633 πολ-

214 5668 328 5731 λοῖς
357 5667 586 5729 ἐκείνοις
616 5667 713 5719 καὶ
764 5667 1064 5738 ἀνημέροις
1124 5671 1368 5738 κύμασ.ν
1399 5672 1753 5744 ἐπιπηδώσης
1777 5688 1791 5702 °

214 5753 297 5822 οἷς
331 5757 513 5825 πιλλῷ
561 5757 736 5825 δήπου
768 5757 979 5827 βέλτιον
1022 5761 1089 5811 ἂν
1138 5757 1205 5831 ἦν
1254 5763 1393 5815 οῖκοι
1448 5767 1794 5833 καθημένους

212 5850 420 5915 ἀδοξεῖν
476 5850 572 5902 καὶ
606 5852 784 5919 μισεῖν
818 5852 1141 5921 παρρησίαν
1193 5853 1330 5921 ὁμοῦ
1385 5857 1477 5909 καὶ
1505 5858 1793 5911 πολιτικὴν

463 5946 730 6004 Ριτιιυι.
772 5948 887 6006 Gn.
932 5947 1230 6006 CXLl'lll

1912 4670 2042 4724 dum
2070 4672 2289 4738 quidem
2313 4685 2464 4742 sunt,
2490 4678 2585 4732 sed
2617 4680 2951 4748 procedente
2989 4692 3257 4755 tempore.
3299 4691 3492 4746 inulti-

1910 4762 2189 4832 plicesque
2222 4774 2278 4818 et
2301 4768 2483 4837 varios
2507 4769 2826 4830 hominibus
2852 4790 3014 4832 casus
3044 4786 3279 4845 texente,
3304 4783 3493 4852 profu-

1911 4861 2034 4906 tura
2072 4864 2247 4909 sunt:
2284 4857 2598 4925 noluerant,
2631 4862 2875 4933 inquam,
2901 4866 3017 4921 haec
3069 4869 3105 4922 ii
3157 4870 3489 4943 intelligere,

1907 4959 2010 4999 nec
2041 4946 2175 5015 quid
2207 4958 2265 5003 et
2283 4963 2549 5019 quantum
2592 4955 2805 5025 jnstitia
2840 4960 3119 5032 injustitia:
3173 4976 3489 5038 comparata

1905 5046 2155 5103 praestet;
2197 5038 2328 5107 quid
2371 5044 2619 5109 pecunia:
2648 5049 2878 5117 provisa:
2904 5066 3295 5127 armorumque
3331 5061 3486 5130 c0pia

1904 5141 2094 5182 earum
2131 5144 2317 5185 rerum
2345 5134 2651 5203 neglectui;
2709 5140 2843 5207 quid
2890 5142 3130 5215 denique
3163 5150 3485 5219 respublica:

1904 5219 2046 5276 bene
2070 5232 2293 5279 morata:
2313 5234 2369 5278 et
2392 5239 2649 5283 constans
2680 5231 3011 5301 iudiciorum
3039 5239 3206 5319 8M
3255 5258 3318 5300 ac
3349 5246 3483 5301 deli-

1904 5309 2251 5407 berationum
2280 5318 2418 5371 ordo
2450 5319 2575 5374 vita:
2596 5321 2819 5379 incertae
2844 5309 3259 5390 etconlusionis
3284 5338 3479 5407 plenae.

1903 5398 2137 5457 Perinde
2176 5406 2320 5460 enim
2345 5408 2531 5477 fuerit,
2560 5428 2627 5466 ac
2651 5413 2696 5489 si
2724 5418 2849 5485 quis
2873 5398 3300 5491 comparatione-
3325 5430 3480 5488 insti-

1902 5503 2020 5549 tuta
2040 5498 2321 5554 aestimare
2347 5503 2500 5568 velit,
2534 5516 2801 5574 quantum
2834 5511 2887 5564 in
2915 5514 3050 5567 mari
3083 5519 3236 5571 navis
3271 5523 3479 5589 optimo

1899 5589 2271 5657 gubernaculo
2298 5591 2565 5651 instructa
2596 5600 2776 5667 potior
2800 5600 2954 5656 sitea
2984 5620 3107 5673 qua:
3148 5608 3270 5664 sine
3301 5613 3477 5680 clavo,

1901 5679 2021 5733 sine
2046 5680 2153 5734 ulla
2173 5697 2359 5737 rerum
2397 5689 2733 5755 provisione,
2768 5694 3127 5752 mstuantihus
3154 5679 3475 5773 asperisque

1898 5771 2157 5827 ﬂuctibus
2181 5774 2406 5832 insiliat.
2464 5779 2717 5837 Profecto
2749 5784 3067 5841 hominibus
3119 5789 3227 5844 illis
3282 5771 3475 5847 naeuus

1898 5864 2073 5918 multo
2107 5865 2303 5923 fuisse:
2334 5869 2483 5925 domi
2507 5873 2699 5929 sedere
2726 5875 2993 5947 ingloriis,
3021 5879 3392 5952 ﬁduciamque
3421 5894 3473 5939 et

2998 5973 3076 6034 33
