4236 6442
739 416 878 481 1103

999 483 1007 492 1
1088 412 1164 483 li.
1207 427 1262 466 ιι.
1306 412 1469 478 6856,
1516 427 1619 466 lND.
1667 411 1719 483 l]

1939 418 2361 479 NICEPHORI
2407 420 2797 481 GltEGORJ‘I

3875 422 4013 488 1104

3049 418 3177 489 [μιν.
3222 436 3264 475 ι.
3307 434 3602 474 csuncuz.
3641 420 3699 493 2]

735 533 884 586 ﬂuvii
925 543 981 586 et
1009 531 1204 584 marini
1231 531 1407 594 sinus,
1443 545 1636 600 magna
1665 543 1845 583 arcum
1874 539 1930 583 et
1986 530 2103 584 limi
2148 530 2320 584 utrin-

2429 534 2520 585 καὶ
2579 532 2674 585 τοῦ
2733 535 2984 604 πορθμοῦ
3037 535 3098 587 τὸ
3154 537 3330 606 πέρας
3376 535 3550 588 ἐστίν.
3601 533 3747 587 Ἐκεῖ
3797 535 3906 600 γὰρ
3951 536 4013 600 ἐξ

734 641 839 695 que
871 622 1213 679 accumulata
1245 622 1326 674 vis
1352 625 1490 675 ostia
1527 619 1786 686 obstruit,
1811 636 1875 675 ac
1909 622 2000 675 vix
2027 628 2320 691 angustum

733 719 1024 786 quemdam
1056 725 1109 770 et
1131 725 1419 785 penetrato
1457 713 1734 769 diﬂicilem
1782 713 1988 767 aditum
2016 714 2318 783 relinquit;

730 824 998 882 quantum
1032 823 1229 878 nempe
1259 823 1492 863 currens
1517 806 1720 860 ﬂuvius
1752 806 1858 861 sibi
1904 806 2018 877 ipse
2067 822 2321 862 necessa-

731 911 815 963 rio
843 905 1068 977 rumpit:
1101 904 1236 958 Tuta
1254 918 1386 958 vero
1415 903 1670 974 utrinque
1697 902 1930 956 latitudo
1990 918 2101 956 non
2156 901 2322 956 modo

2426 626 2931 694 ἀντιπεριστάστως
2963 625 3072 678 τῶν
3103 626 3196 678 δύο
3246 629 3501 698 περάτων
3522 625 3615 677 τοῦ
3651 643 3710 677 τε
3757 627 4011 694 ποταμοῦ

2427 716 2521 768 καὶ
2562 714 2658 768 τοῦ
2718 716 3004 768 θαλαττίου
3073 716 3276 769 κόλπου
3329 717 3497 788 πολλὴ
3548 719 4013 788 συσσωρευομὲνη

2423 809 2650 877 ψάμμος
2701 824 2760 860 τε
2808 809 2903 860 καὶ
2963 807 3076 870 ἰλὺς
3124 810 3471 879 ἑκατέρωθεν
3522 812 3617 861 καὶ
3675 810 4016 863 ἀποθιιοῦσα

2425 906 2486 957 τὸ
2520 903 2716 971 στόμα,
2761 903 2856 955 καὶ
2903 901 3060 970 μόλις
3112 903 3306 972 στενήν
3351 919 3476 955 τινα
3525 903 3621 955 καὶ
3672 903 4013 973 δυσέμϐολον

731 1000 943 1070 magnis
975 993 1292 1051 triremibus
1335 993 1601 1062 impervia
1639 1002 1904 1057 remanet,
1951 991 2047 1046 sed
2098 1000 2154 1045 et
2178 992 2320 1047 bire-

2422 998 2652 1066 ἀφιεῖσα
2671 995 2909 1062 διέχειαν
2941 993 3164 1065 βάθους,
3195 995 3331 1065 ὅσην
3363 995 3429 1065 δὴ
3461 996 3788 1066 καταρρέων
3831 999 3858 1049 ὁ
3899 1013 4004 1049 πο-

731 1108 848 1146 mes
881 1104 1248 1161 quaacunque,
1287 1097 1340 1140 et
1386 1101 1556 1139 vacua
1605 1085 1771 1140 etiam
1812 1083 2050 1154 navigia,
2091 1091 2319 1154 propter

731 1199 886 1253 aqua:
916 1179 1327 1251 supernatautis
1354 1179 1694 1248 paucitatem
1725 1177 1848 1231 illac
1867 1177 1948 1246 (ut
1970 1176 2188 1246 Opinor)
2213 1176 2319 1231 dif-

732 1276 946 1330 ticulter
975 1273 1305 1343 plerumque
1343 1272 1682 1324 transierint.
1711 1269 1970 1338 Reliquas
2004 1284 2133 1324 vero
2155 1269 2315 1334 duas,

727 1378 900 1422 eteas
923 1381 1044 1435 quae
1072 1373 1347 1417 vetustate
1385 1363 1698 1416 laborantes
1725 1361 2071 1416 novabantur
2114 1362 2168 1415 in
2203 1377 2320 1416 me-

728 1467 859 1524 lius,
889 1458 1106 1514 hostilis
1146 1457 1365 1510 ﬂamma
1388 1453 1558 1526 848
1578 1454 1886 1525 absumpsit
1918 1455 2010 1510 illa
2069 1454 2159 1509 die
2189 1471 2316 1510 cum

730 1557 944 1613 caeteris
967 1556 1247 1620 omnibus,
1267 1570 1398 1624 qua:
1429 1561 1674 1607 cremata
1705 1561 1854 1606 sunt.

2429 1093 2605 1159 ταμὸς
2663 1087 2723 1152 ὲξ
2765 1088 3013 1155 ἀνάγκης
3061 1089 3349 1157 ῥήγνυσιν,
3394 1089 3738 1159 ἑκατέρωθεν
3781 1089 3842 1141 τὸ
3901 1092 4015 1142 πᾶν

2419 1179 2576 1251 εὖρος
2615 1179 2819 1232 ἄϐατον
2844 1179 2905 1231 οὐ
2935 1179 3097 1247 μόνον
3133 1157 3748 1248 μεγάλαιςχκαταλείπει
3781 1183 3905 1250 τριή
3919 1199 4006 1251 ρε·

2423 1291 2529 1336 σιν,
2583 1273 2721 1325 ἀλλὰ
2773 1273 2868 1324 καὶ
2921 1273 3022 1324 ὅσα
3074 1271 3283 1340 δίκροτ⁶
3335 1272 3402 1324 ἂν
3433 1272 3521 1341 εῐη
3570 1272 3666 1324 καὶ
3719 1275 3854 1326 κενά
3892 1275 4005 1325 τῶν
4048 1328 4056 1336 ,

2421 1365 2646 1431 πλοίων,
2678 1363 2766 1417 διὰ
2796 1363 2894 1434 τὴν
2926 1363 3022 1416 τοῦ
3075 1362 3499 1428 ἐπιπολάζοντος
3556 1363 3750 1428 ὓδατος
3801 1365 4015 1441 βραχνο

2421 1475 2584 1528 τητα,
2609 1457 2711 1509 καὶ
2735 1456 2908 1509 ταῦτα
2945 1456 3322 1527 δυσπόρευτον
3371 1453 3527 1524 οἶμαι
3576 1457 3644 1511 ἂν
3683 1459 3785 1527 τὴν
3834 1459 4012 1513 δίοδον

2421 1549 2536 1618 εχοι
2561 1548 2636 1611 ὡς
2677 1547 2749 1600 τὰ
2783 1547 2979 1601 πολλὰ.
3013 1547 3078 1598 Ai
3113 1547 3158 1599 δ’
3207 1548 3395 1616 ἕτεραι
3451 1546 3546 1598 δύο
3583 1551 3722 1616 μετά
3771 1547 4009 1599 καὶτῶν

730 1651 1198 1720 ὲγκαινιζομένων
1262 1651 1325 1700 ἐκ
1384 1647 1749 1716 παλαιότητος
1819 1646 1914 1699 ἐπὶ
1985 1646 2048 1700 τὸ
2080 1645 2314 1717 ’βέλτιον
2353 1644 2618 1714 πολεμίου
2649 1643 2822 1713 πυρὸς
2884 1643 3050 1711 ἔργον
3113 1640 3249 1711 ὁμοῦ
3278 1643 3391 1704 τοῖς
3418 1642 3776 1710 φλεγομένοις
3807 1643 4017 1694 ἅπασιν

725 1749 908 1818 ἐκείνῃ
951 1745 1274 1815 γεγένηνται
1309 1746 1375 1813 τῇ
1413 1743 1617 1814 ἡμέρᾳ.

699 1832 706 1839 ’
798 1843 884 1898 Ill.
927 1841 1076 1896 Nihil
1107 1841 1292 1910 itaque
1334 1839 1522 1892 hostes
1545 1839 1826 1906 icunctati,
1886 1839 2110 1908 quando
2169 1838 2321 1894 omni
2355 1843 2398 1902 Β

723 1939 1049 1993 fruebantur
1081 1943 1136 1988 et
1163 1943 1589 2002 quantacunque
1621 1931 1878 1986 volebant
1905 1932 2144 1998 licentia,
2166 1933 2318 1987 nullo

722 2032 913 2088 labore
941 2027 1397 2088 transvehuntur,
1429 2035 1485 2078 et
1521 2031 1688 2077 totam
1740 2039 1962 2093 quoque
2009 2023 2315 2092 oppositam

723 2139 871 2177 oram
921 2121 1250 2175 incendunt.
1282 2117 1362 2172 Ac
1392 2126 1524 2169 tunc
1555 2116 1696 2169 forte
1730 2116 2027 2199 violqntior
2057 2116 2128 2170 ab
2163 2127 2317 2170 arcto

725 2220 988 2289 ingruens
1012 2227 1211 2268 ventus
1244 2225 1368 2266 cum
1403 2209 1595 2264 urbem
1627 2210 1799 2264 multo
1840 2220 1894 2263 et
1928 2210 2120 2278 rapido
2141 2211 2314 2271 fumo,

725 2324 837 2366 tum
872 2307 1066 2377 majori
1095 2306 1286 2359 dolore
1311 2303 1515 2358 civium
1549 2301 1715 2356 corda
1760 2302 2040 2371 implevit,
2076 2309 2317 2370 quantus

720 2403 978 2457 videlicet
1031 2401 1076 2453 is
1131 2406 1240 2461 est,
1288 2411 1450 2467 quem
1483 2394 1724 2449 dedecus
1759 2395 1922 2448 simul
1953 2403 2010 2447 et
2053 2393 2314 2446 damnum

721 2494 962 2565 pariunt.
991 2492 1061 2547 Et
1090 2490 1280 2544 videre
1300 2499 1420 2543 erat
1451 2502 1560 2541 una
1591 2486 1681 2540 die
1707 2487 2038 2540 exteriorem
2094 2501 2314 2538 omnem

723 2588 880 2643 urbis
907 2588 1163 2646 Ornatutn
1191 2583 1376 2638 statim
1404 2581 1670 2645 deletum,
1706 2580 1778 2633 ita
1813 2589 1872 2633 ut
1909 2579 2194 2633 hominum
2229 2594 2316 2632 sa-

722 2683 944 2737 niorum
975 2678 1151 2733 oculis
1183 2677 1437 2747 lacryma:
1471 2675 1776 2728 cierentur.

791 2860 880 2918 ιν.
919 2860 1029 2914 Nec
1057 2870 1188 2911 vero
1225 2855 1303 2910 illi
1337 2855 1441 2910 hoc
1463 2857 1640 2910 solum
1669 2871 1684 2920 ;
1734 2855 1828 2908 sed
1862 2865 1918 2907 et
1945 2855 2084 2924 palis
2115 2868 2312 2923 quam-

719 2956 974 3030 plurimis
1021 2963 1077 3009 et
1127 2952 1308 3006 omnis
1364 2949 1584 3018 generis
1626 2947 1904 3001 asscrilus
1959 2945 2123 3013 longo
2185 2957 2312 2997 ante

721 3050 956 3122 provisis
1040 3059 1187 3100 nunc
1247 3043 1469 3097 demum
1530 3040 1670 3093 ultra
1758 3038 2025 3108 pristinos
2107 3035 2311 3090 limites

721 3144 926 3199 muenia
959 3148 1310 3210 promovent,
1338 3144 1394 3189 et
1424 3133 1656 3187 multum
1719 3128 1882 3199 spatii
1941 3143 2037 3197 per
2073 3125 2310 3180 editiora

2499 1836 2584 1908 [P.
2607 1833 2736 1906 554]
2755 1832 2828 1890 Γ.
2859 1835 3042 1903 Μηδὲν
3063 1834 3108 1885 δ’
3132 1829 3226 1885 οὖν
3261 1835 3307 1886 οί
3337 1833 3587 1900 πολέμιαι
3615 1832 4012 1902 μελλήσαντες.

2423 1931 2549 1984 ἐπεί
2595 1946 2651 1997 γε
2683 1929 2867 1988 ἀδείας
2909 1929 3132 1997 ἁπάσης
3153 1966 3167 1988 ,
3200 1925 3404 1995 ὁπόσης
3439 1925 3725 1977 ἐϐούλοντο
3746 1967 3758 1986 ,
3797 1925 4013 1992 σφόδρα

2423 2023 2717 2085 ἀπέλαυον,
2751 2023 2984 2089 ἀπονητὶ
3033 2022 3320 2082 διαϐάντες
3377 2019 3702 2088 ἐμπιπρῶσι
3760 2022 3857 2070 καὶ
3908 2020 4010 2088 τὴν

2423 2119 2597 2191 πέραν
2631 2121 2848 2171 ἃπασαν
2896 2116 3101 2184 ὁμοίως
3153 2113 3439 2183 παράλιον.
3481 2114 3706 2182 Πνεῦμα
3754 2113 3807 2164 δὲ
3867 2115 4013 2165 κατὰ

2419 2211 2592 2280 τύχην
2635 2207 2728 2260 ἀπ’
2759 2206 2965 2277 ἄρκτου
3017 2204 3218 2274 ρεῦσαν
3259 2203 3620 2271 σφοδρότερον
3652 2201 3851 2253 πολλοῦ
3911 2203 4010 2270 μὲν

2420 2306 2516 2358 καὶ
2569 2303 2763 2373 ταχέος
2823 2302 3093 2372 ἐνέπλησε
3164 2303 3264 2373 τὴν
3319 2303 3428 2355 τῶν
3484 2301 3795 2365 Βυζαντίων
3848 2303 4011 2354 πόλιν

2418 2397 2652 2460 καπνοῦ,
2680 2395 2925 2458 πλείονος
2982 2397 3038 2450 δὲ
3091 2396 3190 2466 τὴν
3231 2397 3466 2466 καρδίαν
3506 2397 3606 2466 τῆς
3643 2396 3843 2463 λύπης,
3874 2397 4010 2461 ξσην

2418 2487 2680 2558 αἰσχύνης
2707 2488 2756 2540 θ’
2788 2487 2927 2556 ὁμοῦ
2971 2488 3068 2541 καὶ
3098 2487 3303 2558 ζημίας
3332 2491 3688 2558 προῖσχουσιν
3738 2489 4009 2551 αῠλακες.

2420 2583 2529 2633 Καὶ
2561 2577 2631 2652 ἦν
2660 2582 2790 2634 ίδεῖν
2816 2583 3140 2651 αὐθημερὸν
3164 2584 3257 2636 τὸν
3287 2583 3394 2646 ἔξω
3438 2585 3621 2636 πάντα
3665 2584 3876 2650 κόσμον
3906 2585 4009 2648 τῆς

2417 2671 2626 2733 πόλεως
2676 2671 2732 2722 ὲν
2794 2669 2991 2740 βραχεῖ
3050 2671 3461 2740 μαραινόμενόν
3516 2687 3576 2722 τε
3636 2671 3732 2723 καὶ
3784 2669 4012 2740 δάκρυα

2416 2762 2865 2832 προκαλούμενον
2899 2762 3142 2815 συνετῶν
3166 2763 3488 2832 ὀφθαλμῶν.

2485 2858 2562 2908 Δ’.
2599 2856 2674 2906 Οὐ
2714 2857 2876 2924 μόνον
2904 2856 2980 2918 δὲ,
3015 2856 3153 2908 ἀλλὰ
3196 2857 3292 2908 καὶ
3337 2854 3720 2925 χαρακώματα
3774 2857 4011 2908 πλεῖστα

2415 2948 2512 2999 καὶ
2550 2946 2772 3008 σανίδας
2805 2947 3071 3003 παντοίας
3110 2947 3646 3016 προετοιμασάμενοι
3689 2946 4007 3018 πόρρωθεν,

2415 3043 2473 3093 ἐν
2498 3041 2673 3111 τούτῳ
2702 3041 2796 3094 τοῦ
2828 3041 3022 3109 χρόνου
3078 3042 3147 3093 τὰ
3179 3042 3333 3112 τείχη
3387 3042 3494 3093 τῶν
3529 3043 3817 3111 προτέρων
3859 3057 4010 3110 παρ-

2416 3131 2739 3194 εκϐαλόντες
2789 3133 2952 3202 ὅρων,
3007 3131 3203 3184 πολλοῦ
3261 3149 3406 3194 τινος
3471 3132 3768 3198 ἒόράξαντο
3830 3133 4007 3183 τόπου

718 3198 991 3304 occupauit
1017 3249 1032 3299 ;
1058 3243 1294 3299 eumque
1336 3229 1516 3282 locum
1549 3222 1761 3279 crebris
1815 3231 1871 3275 et
1905 3217 2309 3288 multiplicibus

2421 3226 2558 3295 πρδλς
2595 3225 2707 3278 τῶν
2754 3230 3211 3296 μετεωροτέρωνο
3262 3225 3322 3278 ὃν
3368 3226 3434 3298 δὴ
3494 3226 3708 3288 στύλοις
3770 3228 4006 3287 πυκνοῖς

717 3330 857 3405 palis
876 3326 1174 3387 obvallant,
1211 3338 1274 3377 ae
1313 3317 1701 3388 triangularem
1755 3313 1810 3368 in
1839 3314 2070 3367 formam
2117 3320 2310 3365 exten-

717 3424 892 3482 dunt;
929 3431 1042 3472 tum
1074 3429 1314 3484 superne
1346 3409 1560 3466 tabulas
1609 3406 1940 3477 impingunt,
1983 3419 2048 3458 ac
2104 3419 2308 3473 prapo-

718 3511 1079 3583 gnaculorinn
1126 3517 1182 3561 et
1211 3504 1488 3559 aeriarum
1524 3497 1960 3554 ambulationum
1991 3494 2164 3548 instar
2188 3494 2310 3546 alli-

717 3615 872 3675 gunt.
895 3603 1120 3657 Summa
1140 3597 1335 3652 deinde
1358 3591 1640 3662 diligentia
1666 3598 1722 3644 et
1740 3589 1908 3644 multa
1941 3602 2104 3640 manu
2131 3593 2303 3638 tetum

716 3700 1152 3764 circumquaque
1183 3687 1530 3744 territorium
1563 3683 1707 3738 fossa
1736 3683 1985 3749 cingunt,
2010 3679 2110 3732 viri
2142 3677 2305 3732 simul

717 3803 774 3845 et
835 3787 1074 3849 (ennium,
1136 3781 1264 3838 totis
1317 3779 1572 3834 noctibus
1614 3775 1935 3845 vigilantes;
1999 3781 2183 3841 atque,
2246 3781 2305 3825 ut

718 3897 860 3954 opus
886 3881 1214 3940 accelerent,
1253 3873 1468 3929 nullum
1517 3870 1694 3924 noctis
1742 3883 1805 3922 ac
1831 3866 1940 3921 diei
2007 3865 2303 3920 discrimen

721 3984 990 4035 sumunt.

799 4155 857 4209 ι’.
884 4151 1112 4207 Crebris
1155 4147 1375 4201 interim
1438 4140 1942 4214 oppugnationibus
1997 4138 2302 4194 sollicitata:

721 4248 967 4320 Byzantii
999 4253 1190 4312 portze.
1225 4251 1273 4293 et
1306 4238 1609 4296 onesertim
1634 4236 1739 4290 illa:
1759 4249 1951 4300 naves,
1986 4247 2123 4303 quas
2155 4247 2186 4284 a
2209 4248 2303 4286 na-

720 4341 939 4397 varchis
985 4335 1286 4391 subductas
1306 4343 1470 4405 atque
1497 4329 1553 4383 in
1587 4339 1764 4382 tutum
1797 4336 2042 4394 receptas
2080 4333 2136 4377 et
2160 4339 2300 4393 pra:-

720 4438 861 4492 sidio
893 4435 1129 4487 munitas
1154 4428 1417 4481 diximus.
1451 4421 1556 4477 Sed
1586 4419 1860 4491 Byzantiis
1890 4415 2057 4488 849
2085 4415 2302 4470 fortiter

720 4523 1210 4601 propugnantibus,
1249 4517 1492 4585 undique
1513 4513 1589 4568 illi
1618 4511 2050 4581 repellebantur,
2087 4507 2302 4562 multis-

719 4581 1180 4694 qucrviilneribus
1203 4581 1447 4676 acceptis
1483 4605 1836 4661 recedebant.
1896 4602 2103 4657 Verum
2135 4601 2300 4654 iidem
2339 4581 2381 4635 D

722 4715 888 4772 maris
921 4708 1151 4780 imperio
1178 4705 1362 4776 potiti,
1399 4703 1472 4756 ita
1509 4711 1568 4754 ut
1608 4699 1867 4757 volebant
1903 4703 1957 4749 et
1988 4703 2049 4748 ut
2094 4694 2303 4763 pridem

725 4804 1018 4863 machinati
1040 4801 1282 4859 fuerant,
1342 4811 1450 4850 non
1480 4792 1644 4847 modo
1696 4791 1985 4843 universas
2059 4800 2310 4856 compre-

723 4901 1042 4957 hendebant
1097 4891 1382 4948 oneiarias
1434 4902 1626 4949 naves,
1663 4901 1786 4954 quae
1823 4885 1893 4938 ab
1950 4884 2306 4953 Hellesponto

725 4993 1049 5066 Byzantium
1083 4985 1341 5040 advenire
1369 4981 1731 5045 festinarent;
1755 4976 1851 5032 sed
1879 4987 1935 5031 et
1964 4989 2308 5048 quacunque

725 5105 791 5141 ex
825 5087 1000 5140 Ponto
1029 5078 1247 5134 Euxino
1295 5077 1630 5127 frumentum
1667 5069 2027 5134 adveherent,
2083 5082 2177 5121 eas
2217 5081 2310 5135 pa-

729 5182 860 5232 riter
885 5190 1077 5229 omncs
1136 5178 1327 5238 portus
1368 5177 1590 5218 accessu
1631 5160 1897 5215 arcebant
1943 5159 2306 5229 diripiebant-

726 5285 866 5341 qne;
892 5268 1206 5332 factumque
1247 5259 1397 5321 inde,
1455 5255 1802 5308 utfrumenti
1831 5265 1886 5307 et
1913 5254 2143 5306 aliarum
2217 5265 2304 5305 re-

726 5377 848 5417 num
882 5357 1315 5414 neccsSariarum
1351 5348 1535 5417 inopia
1568 5346 1622 5400 in
1655 5344 1790 5400 urbe
1818 5344 2128 5400 exsisteret.

808 5546 893 5600 γι.
936 5537 1260 5611 lmpcratrix
1289 5541 1472 5589 autem
1508 5531 1685 5594 lrene,
1723 5529 1811 5584 cui
1846 5527 1991 5583 istud
2026 5530 2304 5597 negotium

727 5639 1076 5712 repentinum
1103 5631 1400 5694 acciderat,
1427 5643 1551 5682 cum
1577 5640 1644 5683 ex
1667 5624 1818 5678 omni
1848 5634 2004 5692 parte
2033 5637 2308 5678 commea-

725 5749 815 5791 tus
855 5738 1042 5788 essent
1075 5723 1382 5785 interclusi,
1435 5718 1626 5791 paucis
1679 5717 1971 5781 militibus,
2020 5716 2115 5785 qui
2165 5715 2303 5769 forte

648 5835 650 5837 ’
721 5829 975 5886 aderant,
1024 5817 1262 5875 Manut-li
1307 5814 1419 5868 tilio
1455 5811 1576 5866 urbi
1615 5821 1729 5864 tum
1769 5809 2024 5878 prmiecto
2067 5808 2301 5873 traditis,

728 5922 880 5992 iubet
914 5916 1234 5990 Byzantium
1279 5907 1594 5975 circumire,
1633 5914 1687 5961 ct
1723 5906 1786 5960 ad
1828 5905 2040 5960 hostem
2073 5905 2302 5975 propul-

2420 3322 2515 3372 καὶ
2547 3320 2905 3383 πολυπλόκοις
2949 3319 3458 3389 διασταυρώσαντές
3490 3335 3548 3372 τε
3579 3320 3673 3371 καὶ
3706 3320 4008 3386 παρεκτεὶο

2416 3430 2610 3476 ναντες
2647 3417 2704 3477 ὲς
2748 3415 3018 3483 τρίγωνον
3055 3413 3265 3482 σχῆμα,
3297 3413 3394 3465 καὶ
3431 3411 3518 3463 ἐπ’
3558 3413 3745 3471 αὐτοῖς
3781 3411 4007 3472 σανίδας

2419 3505 2710 3567 ἐλάσαντες
2763 3521 2822 3556 τε
2871 3506 2964 3557 καὶ
3008 3505 3467 3576 προσηλώσαντες
3523 3505 3680 3572 δίκην
3720 3504 4006 3568 ἐπάλξεων

2416 3604 2512 3650 καὶ
2568 3597 2825 3666 αίθερίων
2875 3599 3216 3667 περιπάτων,
3269 3592 3388 3648 είτα
3440 3596 3646 3665 σπονδῇ
3703 3597 3800 3647 καὶ
3841 3597 4003 3646 πολυ-

2412 3687 2597 3757 χειρίᾳ
2649 3687 2832 3738 πᾶσαν
2875 3687 2974 3755 τὴν
3023 3686 3210 3755 κύκλῳ
3261 3685 3732 3755 περιταφρεύουσι
3784 3687 4000 3755 χώραν,

2413 3782 2610 3853 ἄνδρες
2660 3780 2796 3851 ὁμοῦ
2849 3784 2942 3833 καὶ
2994 3781 3280 3847 γυναῖκες,
3314 3778 3441 3838 ὅλας
3493 3777 3695 3837 νύκτας
3754 3778 3998 3839 ἀΰπνους

2413 3873 2788 3936 διατελοῦντες
2832 3875 2932 3926 καὶ
2981 3871 3151 3943 μηδὲν
3195 3872 3307 3924 τῶν
3355 3871 3582 3940 ἡμερῶν
3630 3869 3999 3936 διαφερούσας

2411 3967 2726 4030 δεικνύντες
2801 3967 2859 4028 ἐς
2934 3964 3035 4034 τὴν
3107 3960 3670 4029 κατεσπουδασμένην
3729 3962 3999 4028 ἐργασίαν

2412 4060 2648 4128 ἐκείνην.

2485 4150 2560 4205 E'.
2608 4151 2696 4204 ’Ev
2728 4151 2899 4220 τούτῳ
2941 4149 3134 4218 συχναὶ
3164 4147 3467 4217 προσϐολαὶ
3498 4147 3641 4200 κατὰ
3667 4146 3776 4198 τῶν
3810 4145 4000 4198 πυλῶν

2411 4245 2514 4314 τῆς
2541 4243 2752 4305 πόλεως
2785 4243 3051 4310 ἐγίνοντο,
3083 4244 3178 4293 καὶ
3210 4241 3443 4309 μάλιστα
3492 4241 3635 4291 κατᾶ
3681 4240 3788 4289 τῶν
3839 4245 3998 4307 ειρη-

2415 4339 2590 4408 μένων
2619 4335 2774 4400 νεῶν,
2811 4334 2897 4400 ἃς,
2936 4334 3010 4396 ὡς
3044 4335 3385 4403 εἰρήκειμεν,
3410 4333 3458 4383 οἱ
3493 4331 3760 4400 ναύαρχοι
3793 4333 3996 4383 παῦε).-

2410 4430 2680 4485 κύσαντες
2731 4429 2811 4490 είς
2866 4425 3171 4494 ἀσφάλειαν
3225 4426 3438 4496 ἧγαγόν
3485 4442 3545 4476 τε
3592 4425 3685 4475 καὶ
3747 4425 3999 4493 φρουρὰν

2413 4525 2541 4592 περὶ
2601 4520 2770 4580 αὑτὰς
2829 4518 3087 4587 ἔστησαν.
3154 4517 3545 4587 Ἀμυνομὲνων
3594 4515 3640 4568 δ’
3697 4515 3996 4584 εὐρώστως

2409 4615 2517 4669 τῶν
2547 4612 2888 4678 Βυζαντίων,
2942 4610 3296 4682 ὲξεκροῦοντο
3333 4610 3670 4679 πανταχόθεν
3716 4612 3812 4660 καὶ
3845 4610 3996 4677 0m},-

2410 4725 2540 4762 εσαν
2573 4705 2868 4777 τραύματα
2899 4705 3128 4756 πλεῖστα
3177 4701 3472 4764 λαϐόντες·
3506 4704 3646 4770 πλὴν
3679 4704 3763 4755 ὄτι
3797 4702 3996 4754 θαλατ-

2413 4800 2881 4866 τοκρατήσαντες,
2915 4797 2991 4859 ὡς
3015 4794 3301 4847 ἐϐούλοντό
3331 4811 3388 4846 τε
3421 4795 3518 4846 καὶ
3571 4793 3741 4845 πάλαι
3784 4798 3999 4860 ἐμηχα-

2410 4891 2600 4954 νῶντο,
2627 4890 2687 4941 οὐ
2724 4891 2882 4958 μόνον
2934 4889 3110 4950 πάσας
3161 4886 3477 4958 ἐχειροῦντο
3522 4885 3620 4948 τὰς
3661 4885 3721 4949 ἐξ
3761 4886 3997 4954 Ἑλλησ-

2409 4985 2604 5036 πόντου
2639 4981 2928 5051 καταίρειν
2957 4981 3013 5041 Is;
3042 4978 3340 5042 Βυζάντιον
3386 4977 3756 5046 ἐπειγομένας
3787 4993 3998 5046 φορτη-

2408 5075 2538 5141 γοὺς
2572 5073 2729 5140 νῆας,
2752 5072 2889 5124 ἀλλὰ
2927 5072 3022 5123 καί
3053 5071 3175 5123 ὅσαι
3204 5071 3304 5140 τὴν
3329 5070 3694 5138 σιτοπομπίαν
3730 5071 3993 5140 ἐκόμιζον

2411 5169 2476 5219 ὲκ
2507 5165 2600 5219 τοῦ
2635 5165 2912 5228 Εὐξείνου,
2952 5165 3133 5226 πάσας
3166 5165 3362 5234 ἐπίσης
3405 5160 3590 5232 εἶργον
3631 5163 3724 5214 τοῦ
3761 5164 3994 5217 είσπλου

2409 5261 2508 5312 καὶ
2559 5254 3114 5327 ἐξηνδραποόίζοντο·
3166 5256 3244 5317 ὼς
3285 5255 3538 5307 ἐντεῦθεν
3591 5258 3789 5309 σπάνιν
3836 5260 3998 5323 ὲχγε-

2411 5346 2598 5400 νέσθαι
2622 5349 2690 5416 τῇ
2729 5343 2883 5396 πόλει
2917 5346 3066 5396 σίτου
3107 5347 3202 5397 καὶ
3232 5343 3341 5396 τῶν
3379 5346 3557 5407 ἄλλως
3586 5347 3823 5413 ἑχόντων
3869 5349 3994 5398 επι-

2409 5441 2655 5510 τηδείων.

2483 5535 2572 5601 ς’.
2619 5534 2685 5587 Ἥ
2708 5533 2764 5586 δὶ
2797 5533 3009 5603 βασιλς
3042 5533 3270 5603 Εἰρήνη..
3297 5531 3392 5585 τοῦ
3437 5532 3766 5599 πράγματος
3815 5534 3996 5598 αἰφνι.

2407 5626 2520 5679 δίου
2559 5625 3023 5695 συμπεπτωκότος
3073 5624 3210 5695 αὐτῇ
3260 5625 3357 5678 καὶ
3401 5623 3512 5677 τῶν
3539 5624 3820 5694 προσόδων
3853 5627 3991 5675 απο-

2409 5716 2811 5785 κεκλεισμένων
2861 5715 3217 5785 πανταχόθεν,
3252 5715 3598 5786 στρατιώτας
3643 5717 3740 5785 μὲν
3771 5715 3989 5779 ὀλίγους

2407 5813 2470 5863 ἐκ
2522 5809 2630 5862 τῶν
2689 5809 3114 5878 παρατυχόντων
3169 5808 3335 5862 δοῦσα
3397 5809 3474 5877 τῷ
3536 5809 3634 5878 υἱῷ
3691 5807 3988 5875 Μανουὴλ,

2407 5904 2688 5973 ἐπιτρόπῳ
2734 5901 3038 5973 τηνικαῦτά
3088 5918 3150 5971 γε
3194 5903 3308 5957 δντι
3357 5903 3462 5957 τῶν
3515 5903 3852 5970 Βυζαντίων,
3891 5918 3994 5958 πε-
