4236 6442
793 415 932 484 1107
1112 423 1186 500 [Α.
1234 441 1289 478 1.
1325 425 1490 500 6857,
1532 448 1640 488 nvo.
1681 434 1738 504 2]

1991 443 2407 506 NlCEPlIORl
2447 445 2827 513 GREGORJE

3095 455 3230 523 line.
3275 474 3318 511 ι.
3361 474 3656 516 cmucuz.
3690 460 3749 531 2|

3895 457 4033 535 1108

789 540 1034 645 ξ’ῗηδίίίο
1065 558 1254 603 ⁰¹η¹¹⁸³
1287 552 1498 618 Pariter
1541 553 1608 606 ad
1652 552 2076 622 εοηεβῖτθηάυιη
2107 557 2353 626 εοιηΡθΙο
2387 560 2426 614 Α
2459 569 2835 638 περιστάσεως
2887 571 3096 635 πάντας
3141 575 3222 635 είς
3270 575 3401 645 μίαν
3430 576 3862 645 συνελαυνούσης
3890 593 4028 644 προ-

791 631 953 688 lebat.

858 725 947 779 ΙΙΙ.
989 727 1164 782 Lati'ni
1201 730 1266 786 ex
1307 735 1480 789 altera
1508 747 1663 805 parte
1690 739 1968 793 triremem
1997 755 2161 794 unam
2205 740 2346 796 Chio

788 821 1201 886 arcessiverant,
1233 839 1300 879 ao
1322 841 1666 883 numerosam
1702 831 1936 886 militum
1966 848 2208 887 manum.
2237 834 2348 888 Ad-

789 920 1051 965 venerant
1087 913 1250 968 etiam
1303 919 1554 972 maxima:
1601 935 1792 974 eorum
1842 935 2010 977 naves
2055 924 2344 984 onerariae.

785 1015 1123 1071 quaecunque
1147 1006 1215 1060 ad
1241 1019 1600 1067 mercaturam
1623 1012 1876 1080 profecta:
1900 1014 2140 1077 fuerant,
2168 1025 2347 1069 erant-

788 1107 897 1153 que
929 1093 1062 1159 ipsis
1091 1111 1297 1168 magum
1321 1099 1432 1166 jam
1462 1109 1518 1154 et
1551 1103 1985 1159 instructissima!
2011 1105 2215 1174 copiae;
2245 1106 2345 1159 de-

788 1181 956 1251 nique
989 1185 1280 1242 alllucbant
1311 1189 1477 1243 rebus
1509 1193 1860 1259 necessariis;
1900 1203 1961 1248 ut
1987 1210 2180 1250 eorum
2211 1195 2345 1250 urbs

787 1275 1080 1336 splendida
1125 1279 1372 1347 quedam
1429 1282 1554 1338 belli
1606 1283 1820 1340 oliicina
1870 1301 1994 1342 esse
2044 1286 2344 1342 videretur.

784 1364 996 1422 Animis
1029 1371 1214 1439 itaque
1250 1374 1393 1428 aucti
1442 1391 1550 1429 non
1598 1377 1760 1430 modo
1792 1391 1889 1433 eos
1919 1378 2078 1433 facile
2113 1379 2346 1446 repelle-

787 1459 941 1518 bant.
967 1462 1058 1530 qui
1091 1463 1222 1518 foris
1254 1480 1316 1519 ac
1354 1466 1625 1535 superiori
1665 1467 1732 1522 de
1764 1470 1884 1524 loco
1926 1470 2074 1537 ipsos
2108 1470 2230 1524 telis
2261 1468 2345 1522 in-

787 1565 1098 1613 cesserent:
1139 1557 1231 1611 sed
1272 1567 1328 1612 et
1376 1559 1532 1620 mari,
1573 1561 1790 1617 selectis
1831 1562 2049 1618 duabus
2091 1563 2345 1617 maximis

789 1646 1076 1706 onerariis.
1117 1648 1338 1703 missilia
1377 1651 1477 1719 ipsi
1509 1667 1729 1721 quoque
1773 1661 2196 1709 tormentaeum
2243 1654 2347 1707 im-

789 1737 1121 1804 posuissent,
1151 1740 1394 1796 ballistas
1422 1752 1635 1799 nostras
1661 1745 1940 1814 lapidibus
1965 1748 2297 1815 appetebant
2325 1765 2341 1802 :

788 1827 844 1878 in
884 1829 1040 1882 tertia
1075 1841 1279 1896 autem,
1314 1849 1434 1902 qua;
1463 1834 1678 1890 duabu‘s
1709 1837 1818 1892 illis
1865 1838 2038 1908 major
2067 1850 2211 1905 erat,
2249 1855 2346 1894 an—

2455 657 2670 721 θυμίαν.

2526 750 2598 804 r'.
2644 755 2707 805 Οί
2755 754 2810 807 δὲ
2872 757 3090 809 Λατῖνοι
3151 759 3570 828 μετεπέμψαντο
3629 761 3728 826 μὲν
3774 762 3838 812 ἔκ
3888 761 4025 815 Χίου

2450 844 2649 912 τριήρη
2697 847 2828 912 μίαν
2874 849 2967 899 καὶ
3008 847 3250 909 ὁπλίτας
3285 848 3533 917 συχνούς.
3565 843 3738 903 Ἷίκον
3766 849 3814 901 δ’
3834 851 4023 914 αὐτοῖς

2451 934 2546 984 καὶ
2575 934 2695 987 ὅσαι
2745 938 2870 991 κατ’
2921 935 3194 1009 ἐμπορίαν
3245 939 3472 1007 ἔκδημοι
3503 941 3720 1002 τούτοις
3766 941 3877 993 τῶν
3931 959 4028 1009 με-

2451 1024 2654 1090 γίστων
2710 1023 2854 1095 ἦσαν
2899 1029 3146 1085 ὁλκάδες.
3184 1031 3296 1084 Καὶ
3349 1027 3418 1101 ἦν
3469 1031 3831 1094 εὐοπλότατος
3861 1032 4023 1100 ὄχλος

2450 1116 2605 1181 σφίσι
2641 1119 2806 1182 πολὺς
2971 1123 3065 1173 καὶ
3094 1122 3301 1190 ἄφθονα
3331 1122 3401 1174 τὰ
3451 1123 3756 1191 ἐπιτήδεια,
3785 1123 3882 1174 καὶ
3925 1142 4024 1175 πο-

2448 1207 2616 1278 λέμου
2648 1210 2815 1277 φάναι
2857 1211 3108 1280 λαμπρὸν
3142 1214 3500 1281 ἐργαστήριον
3535 1215 3567 1281 ἠ
3597 1214 3804 1265 τούτων
3837 1214 4018 1265 ἑδὸιιει

2449 1300 2643 1363 ιιτὸλις⁹
2695 1301 2836 1354 ῶστε
2906 1303 3279 1372 θαρρήσαντες
3343 1304 3443 1373 ἥδη
3515 1305 3591 1373 μὴ
3660 1305 3821 1371 μόνον
3890 1307 4018 1367 τοὺς

2448 1386 2647 1456 ἔξωθεν
2685 1393 2750 1444 ἐκ
2810 1393 3087 1462 μετεώρου
3141 1393 3358 1462 βάλλειν
3413 1395 3829 1462 ἐπιχειροῦντας
3875 1397 4023 1461 σφᾶς

2447 1483 2852 1550 ἀποκρούεσθαι
2895 1484 3157 1554 εὐχερῶς,
3207 1485 3342 1538 ἀλλὰ
3387 1486 3482 1537 κάὶ
3527 1487 3670 1537 κατὰ
3725 1485 4022 1546 θάλατταν,

2447 1569 2542 1622 δύο
2608 1571 2710 1637 μὲν
2764 1571 2872 1623 τῶν
2933 1553 3223 1639 μεγίστων.
3276 1571 3518 1624 ὁλκάδων
3582 1571 4020 1641 ἀπολεξάμενοι,

2449 1663 2753 1730 πετροϐόλα
2782 1665 2878 1716 καὶ
2905 1663 3060 1717 αὐτοί
3082 1679 3263 1730 σφισιν
3284 1665 3599 1733 ἐπέστησαν
3627 1666 4022 1733 μηχανήματα,

2448 1754 2515 1807 δι’
2538 1747 2613 1806 ὧν
2638 1753 2865 1822 ἔϐαλλον
2895 1753 2994 1816 τὰς
3027 1755 3304 1825 ἡμετέρας
3335 1755 3698 1824 πετροϐόλους
3723 1755 3982 1823 ,μηχανάς
4004 1770 4019 1784 ο

2449 1846 2508 1908 ές
2542 1845 2599 1898 δὲ
2640 1845 2738 1915 τὴν
2792 1844 2998 1905 τούτων
3047 1844 3218 1914 μείζω
3267 1847 3362 1899 καὶ⁵
3403 1846 3618 1917 τρίτην,
3658 1845 3885 1915 κεραίας
3927 1848 4024 1899 καὶ

787 1927 969 1974 tenna:
993 1929 1050 1975 et
1076 1937 1282 1992 magna:
1305 1926 1510 1990 trabes,
1542 1927 1663 1982 alia:
1689 1941 1903 1996 erecta,
1930 1931 2050 1986 alia:
2077 1940 2348 1988 transver-
2374 1909 2422 1970 Β
2450 1937 2460 1989 ε

2346 1962 2348 1971 ν
2374 1909 2422 1970 Β
2450 1936 2643 1999 δοκοὺς
2693 1909 2982 2006 μεγάλους,
3011 1909 3136 1999 τοὺς
3169 1937 3267 2004 μὲν
3296 1909 3533 2006 ὀρθίους,
3551 1909 3700 1998 ’τοὺς
3725 1909 3777 1988 ’δ’
3811 1937 4019 2004 ἐγκαρ-

785 2028 859 2066 s:e
887 2021 942 2067 et
973 2015 1224 2085 mquales.
1259 2031 1290 2068 a
1317 2018 1494 2072 media
1530 2020 1655 2074 navi
1685 2021 1753 2075 ad
1784 2037 2004 2092 proram
2043 2022 2345 2092 dispositae,

785 2102 988 2158 sensim
1014 2104 1427 2172 attollebantur,
1453 2116 1508 2162 et
1534 2110 1769 2165 maxima
1797 2112 1882 2168 sui
1907 2123 2060 2182 parte
2087 2113 2350 2171 sublimes

785 2195 968 2249 medio
1000 2196 1054 2250 in
1080 2211 1204 2251 aere
1235 2198 1583 2268 pendebant;
1616 2201 1688 2255 ita
1723 2213 1786 2257 ut
1820 2217 1986 2273 supra
2019 2204 2348 2277 Byzantinos

786 2301 974 2339 muros
1022 2287 1407 2343 eveherentur.
1453 2290 1562 2346 llas
1606 2291 1805 2348 tabulis
1848 2294 2060 2350 crebris
2107 2296 2349 2367 undique

785 2375 1334 2449 circumplectuntur,
1373 2393 1432 2436 et
1459 2382 1682 2438 densam
1714 2385 2032 2456 clypeorum
2077 2403 2261 2456 sepem
2293 2390 2349 2444 in

785 2469 974 2523 orbem
1017 2473 1409 2540 praetendunt:
1461 2481 1575 2528 tum
1625 2476 1878 2544 plurimis
1924 2478 2350 2550 leetissimisque

788 2561 1058 2617 militibus
1093 2563 1445 2628 intromissis,
1479 2567 1658 2620 navim
1691 2583 1816 2622 cum
1849 2585 2044 2625 novem
2074 2571 2347 2627 subsidia-

788 2652 887 2708 riis
913 2654 1230 2729 triremibus
1256 2671 1415 2710 muro
1444 2657 1758 2725 admovent,
1779 2661 1958 2730 ignem
1979 2673 2038 2718 et
2059 2663 2353 2734 cujuscun-

789 2761 896 2813 que
925 2747 1144 2816 generis
1174 2748 1338 2818 852
1374 2749 1502 2812 tela,
1547 2750 1652 2804 alia
1697 2753 1951 2807 cominus
1983 2753 2090 2808 alia
2133 2754 2351 2810 eminus

791 2837 1065 2903 ferientia,
1096 2849 1151 2893 et
1176 2841 1358 2894 omnia
1388 2840 1502 2895 fere
1540 2843 1732 2898 mortis
1758 2844 2126 2900 instrumenta
2163 2860 2347 2902 secum

788 2938 1089 2999 pOrlantes.

861 3107 950 3164 iV.
1005 3108 1266 3176 Quamvis
1304 3127 1466 3181 porro
1511 3116 1724 3184 primus
1767 3115 2001 3186 impetus
2037 3118 2351 3180 acerrimus

2454 2025 2601 2088 albo;
2625 2025 2719 2078 καὶ
2746 2026 3131 2095 ἀγχωμάλους,
3165 2026 3276 2079 άπὸ
3307 2027 3484 2096 μέσης
3523 2025 3626 2092 τῆς
3657 2023 3794 2088 νεὼς
3832 2026 3892 2086 ἐς
3917 2025 4020 2093 τὴν

2450 2113 2679 2185 πρῶραν
2707 2117 3096 2184 καταθέμενοι,
3136 2117 3274 2186 πρὸς
3323 2119 3386 2172 τὸ
3418 2116 3751 2187 ὑψηλότερον
3793 2116 4022 2185 προϊού-

2452 2223 2550 2270 σας
2593 2205 2811 2277 ὁμαλῶς
2864 2207 2954 2261 ἀεὶ
2997 2208 3090 2262 καὶ
3135 2208 3196 2260 τὸ
3246 2206 3413 2260 πλέον
3460 2207 3695 2276 ἐχούσας
3739 2208 4019 2276 μετέωρον

2453 2299 2616 2369 μέχρι
2648 2298 2845 2352 πολλοῦ
2877 2298 2972 2352 τοῦ
3006 2301 3188 2369 ἀέρος,
3223 2299 3366 2354 ὥστε
3409 2299 3507 2353 καὶ
3557 2299 3700 2366 ὑπὲρ
3743 2299 3815 2352 τὰ
3856 2298 4018 2369 τείχη

2449 2387 2557 2440 τῶν
2612 2387 2924 2452 Βυζαντίων
2990 2389 3335 2458 ιπαίρεσθαι,
3393 2387 3574 2442 σανίσι
3648 2404 3709 2440 τε
3776 2389 4020 2447 πυκναῖς

2452 2479 2906 2550 περισφίγξαντες
2944 2481 3038 2533 καὶ
3066 2470 3251 2550 κύκλῳ
3281 2479 3451 2532 πολὺν
3477 2479 3570 2532 τὸν
3598 2480 3706 2532 τῶν
3739 2478 4022 2548 μεγίστων

2451 2567 2985 2638 ἀσπίδωνφραγμδν
3028 2568 3403 2639 περιθέμενοι,
3431 2569 3527 2620 καὶ
3567 2568 3800 2628 πολλοὺς
3830 2568 4022 2619 ὁπόσοι

2449 2661 2558 2713 τῶν
2589 2660 2822 2730 μάλιστα
2867 2660 3167 2713 ὲπιλεκτῶν
3214 2661 3454 2713 ὁπλιτῶν
3479 2655 3621 2731 ἦσαν
3661 2658 4020 2728 ἐμϐαλόντες,

2449 2753 2654 2818 ταύτην
2687 2753 2822 2822 ὁμοῦ
2847 2756 2968 2813 ταῖς
3004 2751 3490 2822 παρασπιζούσαις
3522 2751 3681 2804 ἐννέα
3721 2751 4019 2820 τριήρεσιν

2449 2843 2526 2912 τῷ
2549 2843 2718 2913 τείχει
2748 2845 3120 2914 προσήγαγον,
3162 2843 3274 2914 πῦρ
3303 2845 3398 2898 καὶ
3438 2843 3566 2911 ξίφη
3601 2843 3802 2907 πάντα,
3826 2843 3930 2894 ὅσα
3958 2858 4020 2893 τε

2450 2935 2739 3006 ἀγχέμαχα
2770 2937 2864 2989 καὶ
2907 2937 3010 2989 ὅσα
3047 2936 3160 2989 τῶν
3183 2935 3482 3005 έκηϐόλων,
3513 2936 3608 2988 καὶ
3632 2935 3815 2988 πάντα
3847 2933 4023 3001 φάναι

2453 3029 2623 3098 σκεύη
2653 3026 2880 3080 θανάτου
2923 3026 3042 3096 μεθ’
3069 3027 3282 3080 ἑαυτῶν
3313 3026 3560 3092 ἄγοντες.

2526 3117 2598 3173 Δ’.
2633 3116 2745 3186 Τῆς
2774 3114 2867 3172 οὖν
2896 3118 3203 3187 προσϐολῆς
3253 3119 3554 3188 γενομένης
3601 3116 3748 3186 μάλα
3794 3116 4026 3186 βαρείας

791 3200 980 3264 fuerit,
1013 3211 1072 3254 ut
1120 3217 1223 3256 nec
1271 3204 1532 3258 sustineri
1568 3221 1727 3275 posse
1773 3207 2074 3272 videretur,
2122 3218 2349 3264 strenue
2377 3238 2420 3296 ο
2456 3230 2464 3264 :

2377 3238 2420 3296 ο
2456 3212 2549 3265 καὶ
2575 3210 2732 3275 δόξαν
2754 3211 2986 3280 ἐχούσης
3012 3208 3506 3277 ἀνανταγώνιστον,
3538 3208 3831 3279 εὐρώστως
3868 3210 4025 3277 ὅμως

791 3303 971 3349 tamen
997 3295 1384 3364 prepulsavere
1414 3297 1677 3368 Byzantii,
1704 3308 1819 3352 tum
1848 3314 1916 3355 ex
1944 3299 2192 3354 interiori
2229 3317 2349 3355 mu-

791 3398 875 3447 ro,
920 3392 1031 3437 tum
1064 3399 1132 3439 ex
1164 3385 1451 3440 altioribus
1486 3388 1765 3452 aediliciis;
1811 3405 1920 3445 uno
1959 3391 2124 3446 verbo
2158 3393 2350 3447 intrin-

791 3492 971 3540 secus,
1006 3478 1368 3544 extrinsecus,
1395 3495 1460 3533 σε
1503 3479 1637 3550 ipsis
1669 3497 1951 3537 murorum
1984 3483 2190 3553 pinnis,
2226 3487 2351 3554 qui-

792 3568 896 3623 bus
945 3567 1071 3622 mali
1111 3569 1379 3638 scaleque
1405 3570 1746 3644 .Latinorum
1791 3588 2026 3643 superne
2070 3575 2352 3644 impende-

789 3657 956 3723 bant;
994 3658 1130 3711 adeo
1162 3670 1220 3712 ut
1255 3660 1473 3714 hcroica
1515 3661 1762 3730 quaedam
1813 3678 1994 3733 pugna
2040 3665 2347 3730 exsisteret,

792 3749 1206 3824 cumJitrinque
1238 3753 1292 3806 in
1321 3768 1402 3815 os,
1450 3755 1720 3808 consertis
1754 3755 2028 3820 manibus,
2075 3767 2132 3811 et
2171 3758 2353 3828 negle-

793 3853 882 3898 cta
925 3859 1153 3914 prorsus
1203 3845 1397 3899 salutis
1443 3857 1574 3899 cura
1628 3856 1984 3916 pugnaretur.
2040 3849 2119 3901 Ac
2161 3848 2350 3903 videre

792 3945 914 3990 erat
958 3935 1177 3990 nivibus
1217 3935 1465 3990 hibernis
1502 3951 1688 4005 parem
1727 3937 1965 4007 lapidum
2003 3940 2350 4010 telorumque

793 4026 903 4080 vim
940 4041 1100 4081 ruere
1151 4027 1206 4080 in
1243 4026 1372 4081 illud
1416 4027 1734 4083 Latinorum
1768 4045 1964 4100 agmen
1996 4030 2250 4095 effusam,
2295 4039 2353 4087 et

793 4119 1019 4173 crebros
1070 4119 1126 4172 in
1172 4134 1229 4172 se
1279 4119 1512 4174 invicem
1562 4120 1780 4186 cadere,
1829 4132 1884 4176 et
1932 4137 2000 4181 ex
2044 4123 2170 4176 aliis
2215 4123 2353 4178 alios

793 4208 1033 4261 vicissim
1070 4208 1201 4262 ferri
1228 4207 1421 4277 agique
1450 4207 1748 4264 identidem
1779 4225 1879 4280 pro
1914 4210 2052 4266 vivis
2080 4223 2350 4276 mortuos,

794 4314 858 4355 ac
904 4315 1004 4369 pro
1047 4301 1275 4353 mortuis
1301 4301 1453 4355 vivos
1487 4319 1502 4356 :
1539 4290 1759 4373 clypeos
1787 4313 1971 4358 autem
2013 4314 2069 4357 et
2105 4304 2352 4370 longiora

793 4401 949 4446 scuta
1002 4392 1236 4446 subinde
1284 4392 1553 4462 confringi
1600 4397 1921 4464 conterique
1969 4412 1999 4449 a
2056 4395 2351 4467 Byzantiis,

795 4495 1057 4551 tauquam
1106 4484 1252 4552 flgttli
1295 4498 1442 4537 vasa.
1471 4482 1795 4554 Quicunque
1845 4500 1877 4539 e
1928 4485 2137 4540 Latinis
2174 4486 2355 4541 adhuc

2455 3303 2724 3372 ἠμύνοντο
2747 3304 2796 3355 oi
2827 3301 3112 3366 Βυζάντιοι
3146 3300 3210 3354 ἐκ
3239 3317 3299 3353 τε
3331 3301 3441 3354 τῶν
3468 3301 3640 3353 ένδον’
3667 3299 3866 3370 τειχῶν
3914 3301 4027 3352 κὰκ

2453 3395 2563 3448 τῶν
2605 3393 2952 3463 ὑψηλοτέρων
2992 3393 3213 3446 οἰκιῶν·
3250 3395 3342 3446 καὶ
3359 3392 3548 3455 ἁπλῶς
3589 3395 3784 3456 εἰπεῖν,
3819 3391 4025 3445 imos.

2455 3502 2513 3538 τε
2543 3487 2638 3540 καὶ
2673 3484 2895 3551 ἔξωθεν,
2925 3483 3024 3538 καὶ
3044 3485 3106 3538 ἐκ
3141 3484 3248 3538 τῶν
3279 3484 3559 3551 ἐπάλξεων
3591 3485 3796 3550 αὐτῶν,
3827 3485 3916 3552 ἐφ’
3947 3479 4023 3536 ὧν

2453 3580 2594 3632 οἵτε
2641 3578 2780 3630 ἱστοὶ
2832 3577 2932 3628 καὶ
2974 3577 3031 3628 αί
3079 3575 3350 3644 κλίμακες
3394 3577 3503 3628 τῶν
3544 3576 3792 3628 Λατίνων
3824 3575 4025 3646 dandi-

2458 3687 2622 3742 ρηντο
2643 3685 2657 3700 '
2692 3668 2767 3731 ὡς
2795 3667 3040 3737 γίνεσθαι
3089 3654 3187 3736 τὴν
3220 3668 3399 3737 μάχην
3441 3668 3684 3736 ήρωϊκήν
3704 3684 3849 3730 τινα,
3878 3667 4024 3718 κατὰ

2457 3765 2629 3832 στόμα
2668 3762 2764 3815 καί⁵
2792 3766 2855 3814 εκ
2885 3761 3084 3831 χειρῶν
3115 3761 3330 3831 ἁπάσης
3363 3759 3687 3828 ἀφειδοῦσαν
3719 3760 3891 3827 ζωῆς.
3915 3761 4025 3811 Καὶ.

2455 3851 2524 3926 ἦν
2559 3855 2683 3907 ίδεῖν
2720 3853 3000 3922 νιφάδεσσι
3049 3851 3148 3920 μὲν
3199 3850 3544 3920 χειμερίῃσιν
3577 3849 3752 3909 ἐοικὸς
3804 3849 3918 3900 τῶν
3967 3865 4025 3899 τε

2437 3945 2767 4016 ⁴χερμαδίων
2802 3943 2966 3996 λίθων
3020 3944 3079 3995 τὸ
3125 3941 3326 4010 πλῆθος
3364 3941 3455 3993 καὶ
3503 3940 3614 3993 τῶν
3656 3939 3828 4010 βελῶν
3863 3958 4026 4010 φερο-

2461 4041 2638 4107 μένων
2700 4037 2839 4089 κατὲ
2899 4034 3000 4103 τῆς
3055 4035 3351 4102 Λατινικῆς
3419 4034 3636 4102 ἐκείνης
3708 4033 4024 4100 φάλαγγος.

2459 4128 2686 4198 συχνοὺς
2737 4126 2782 4180 δ’
2830 4127 2921 4178 ἔπὶ
2964 4125 3178 4194 συχνοῖς
3223 4125 3543 4189 πίπτοντας,
3573 4124 3670 4176 καὶ
3703 4124 3901 4184 ἄλλους
3937 4125 4027 4175 ἐπ’

2459 4221 2636 4282 ἄλλοις
2663 4218 2961 4289 ἀμοιϐαδὸν
2989 4218 3289 4287 ἀγομένους
3327 4217 3420 4270 καὶ
3455 4218 3792 4285 φερομένους
3830 4217 4025 4286 συχνά,

2459 4313 2579 4366 ἀντὶ
2605 4311 2706 4380 μὲν
2740 4310 2961 4375 ζώντων
2989 4311 3239 4377 νεκροὺς,
3280 4310 3403 4362 ἀντὶ
3433 4310 3487 4362 δὲ
3518 4308 3732 4377 νεκρῶν
3775 4307 4023 4370 ζῶντας·

2459 4405 2557 4466 τὰς
2589 4403 2636 4456 δ’
2668 4402 2897 4463 ἀσπίδας
2927 4402 3140 4463 ὲκείνας
3192 4401 3289 4454 καὶ
3335 4403 3464 4464 τοὺς
3509 4396 3738 4466 Θυρεοῦς
3789 4403 4031 4476 ἀρασσο-

2466 4491 2660 4561 μένους
2687 4506 2745 4541 τε
2768 4488 2861 4540 καὶ
2891 4487 3344 4558 συντριϐομένους
3369 4486 3475 4538 ὑπὸ
3499 4486 3813 4550 Βυζαντίων
3838 4486 4027 4556 συχνά.

796 4575 1032 4638 stabant,
1067 4589 1257 4626 eorum
1304 4574 1463 4636 alius,
1509 4584 1795 4644 postquam
1839 4577 2048 4646 lapsum
2104 4577 2354 4650 alicunde
2387 4585 2469 4642 υτ

2387 4585 2433 4642 ι)
2463 4578 2712 4646 καθάπερ
2768 4575 2936 4648 σκεδη
2974 4576 3284 4645 κεραμέως.
3326 4577 3439 4630 Καὶ
3475 4576 3504 4627 ὁ
3545 4575 3645 4644 μὶν
3701 4575 3815 4628 τῶν
3870 4577 4027 4630 ιστα-

795 4678 1005 4715 socmm
1037 4662 1364 4730 arripuerat,
1396 4670 1450 4715 et
1478 4662 1754 4729 paululum
1782 4661 1850 4717 de
1874 4662 2056 4716 medio
2091 4669 2351 4725 traxerat,

793 4756 976 4809 statim
1008 4762 1065 4807 et
1095 4755 1209 4822 ipse
1237 4752 1491 4823 defapsus
1519 4769 1588 4808 co
1614 4754 1828 4824 egebat,
1871 4771 1901 4809 a
1949 4770 2060 4824 quo
2107 4754 2359 4808 trahere-

798 4859 923 4911 tur;
957 4846 1098 4899 alius
1121 4846 1340 4915 jamjam
1389 4853 1664 4901 tracturus
1704 4846 1947 4901 tabulato
1989 4846 2354 4918 aﬂligehatnr,

796 4953 1112 5007 pronusque
1139 4938 1193 4992 in
1225 4952 1375 5001 eum,
1409 4954 1570 5007 quem
1606 4939 1823 4994 trahere
1853 4949 2092 5009 pararet,
2135 4955 2359 4995 corrue-

794 5031 888 5083 hat
918 5049 929 5082 :
956 5030 1095 5082 alius
1116 5028 1379 5098 denique,
1414 5046 1538 5084 cum
1567 5032 1866 5086 restitisset
1890 5032 2188 5100 paulisper,
2217 5031 2355 5086 nihil

792 5123 938 5192 quod
965 5131 1213 5191 cuperet,
1241 5122 1454 5190 quodve
1483 5121 1732 5178 obtinere
1761 5122 2069 5186 festinaret,
2096 5137 2355 5191 asseque-

784 5200 984 5279 Ibatur;
1012 5214 1146 5268 nihil
1170 5212 1316 5282 quod
1343 5223 1665 5282 prmseutem
1697 5224 1927 5268 mortem
1955 5212 2192 5278 afferret,
2223 5213 2357 5268 cllu-

792 5305 974 5372 gicbat
1014 5322 1030 5358 :
1066 5303 1485 5374 cratque,illius
1525 5321 1719 5376 pugnas
1761 5305 1912 5358 varia
1957 5320 2021 5359 ac
2065 5304 2352 5374 multiplex

791 5398 965 5450 forma
992 5415 1006 5450 :
1037 5414 1227 5469 magna
1253 5399 1512 5467 utrinque
1544 5396 1922 5463 contentione,
1948 5411 2144 5466 magno
2173 5397 2355 5450 animo

789 5488 1144 5552 certabatur;
1172 5503 1280 5542 non
1307 5488 1412 5542 utri
1443 5487 1576 5541 salvi
1612 5486 1930 5549 evaderent,
1978 5487 2073 5540 sed
2105 5486 2212 5540 utri
2258 5501 2355 5554 pro

787 5580 952 5634 laude
990 5579 1402 5645 nccuntberent,
1432 5579 1595 5650 853
1635 5579 1884 5649 pluribus
1930 5587 2059 5633 ante
2106 5578 2354 5634 hostibus

788 5687 839 5739 pi
854 5679 1001 5726 nstra
1011 5671 1100 5725 tis.

861 5763 928 5816 V.
965 5762 1064 5816 Die
1106 5762 1217 5833 jam
1265 5760 1526 5816 inclinato
1575 5761 1759 5815 hostes
1795 5775 1889 5830 spe
1941 5759 2157 5830 dejecti,
2205 5760 2351 5830 quod

789 5853 1118 5910 lectissimos
1145 5855 1269 5910 illos
1300 5854 1501 5909 milites
1532 5869 1636 5908 una
1660 5868 1783 5907 cum
1814 5853 1954 5914 tclis,
1983 5853 2203 5930 ciypcis,
2227 5867 2352 5912 nro-

2459 4667 2634 4737 μένων
2687 4666 2768 4720 έτι
2824 4667 3088 4728 Λατίνων,
3140 4667 3266 4719 ὅθεν
3329 4666 3566 4735 δήποθέν
3630 4666 3724 4719 τὸν
3787 4669 4030 4720 πεσόντα

2454 4753 2787 4824 δραξάμενος
2816 4755 2914 4805 καὶ
2940 4751 3137 4822 μικρὸν
3166 4752 3506 4821 ὰφελκύσας,
3532 4751 3694 4814 εὐθὺς
3730 4753 3827 4804 καὶ
3866 4754 4030 4814 αὐτὸς

2456 4847 2641 4902 πεσὼν
2673 4848 2846 4902 ἐδεῖτο
2888 4846 2984 4900 τοῦ
3035 4844 3471 4913 ἀφελκύσοντοςο
3518 4847 3547 4899 ὁ
3574 4844 3622 4898 δ’
3658 4846 3764 4916 ήδη
3813 4846 4030 4914 μέλλων

2457 4937 2671 4992 ἑλκύειν
2721 4937 2815 4990 ἐπὶ
2875 4937 2971 4990 τοῦ
3044 4934 3516 5005 καταστρώματος
3574 4937 4030 5005 κατερρήγνυτο,

2460 5014 2552 5080 καὶ
2602 5024 2817 5094 πρηνὴς
2863 5023 2950 5091 ἐφ’
2999 5023 3059 5077 ὃν
3106 5018 3290 5077 εἷλκεν
3320 5024 3585 5076 ἔπιπτεν
3620 5026 3649 5078 ὁ
3691 5023 3735 5076 δ’
3769 5020 4034 5077 ἀνθιστά-

2463 5129 2623 5186 μενος
2657 5110 2866 5181 βραχύν
2913 5128 3034 5163 τινα
3073 5112 3265 5181 χρόνον
3304 5112 3641 5180 έπετύγχανε
3674 5112 3777 5181 μὲν
3810 5113 4032 5175 οὐδενὸς

2457 5203 2532 5261 ὧν
2560 5208 2742 5274 ἐφίετο
2766 5207 2862 5260 κα)⁸
2897 5205 2982 5274 ιφ’
3018 5205 3162 5274 ἆπερ
3193 5205 3482 5258 ἔσπευδεν·
3521 5205 3765 5257 ἐλείπετο
3797 5205 3846 5257 δ’
3878 5205 4029 5257 οὐδε-

2458 5299 2543 5359 νδς
2557 5297 2685 5361 τῶν,
2715 5296 2803 5369 [Ρ.
2835 5296 2964 5368 537]
2981 5297 3080 5349 ὅσα
3103 5298 3298 5365 ῥᾷστον
3324 5297 3619 5363 ἐπάγουσιν
3638 5295 3797 5367 ᾅδην.
3828 5297 3940 5351 Καὶ
3959 5291 4026 5363 ἦν

2460 5393 2489 5445 ὁ
2518 5390 2666 5459 ἀγὼν
2717 5390 2998 5457 πολυειδὴς
3042 5390 3137 5442 καὶ
3169 5388 3543 5457 πολύμορφος,
3573 5389 3670 5442 καὶ
3718 5387 3895 5458 πολλή
3943 5405 4023 5450 τις

2457 5484 2799 5552 ἑκατέρωθεν
2829 5484 2862 5548 ἡ
2896 5481 3184 5551 φιλοτιμία
3216 5483 3310 5534 καὶ
3337 5481 3400 5534 τὸ
3427 5481 3847 5549 εὔτολμονιοὺχ
3875 5482 4021 5541 ὅστις

2459 5574 2820 5645 περισωθείη,
2853 5574 2970 5625 ἀλλ’
3000 5574 3147 5634 ὅστις
3195 5573 3335 5644 ὑπὲρ
3384 5573 3477 5625 τοῦ
3534 5569 3704 5624 καλοῦ
3757 5571 4021 5633 θανεῖται.

2459 5667 2744 5730 πλείστους
2771 5665 3098 5720 καταϐαλὼν
3127 5664 3444 5736 πολεμίους.

2532 5757 2607 5814 ιζ’,
2649 5758 2803 5811 Ἐπεὶ
2830 5759 2887 5811 δὲ
2930 5759 3031 5828 τῆς
3059 5760 3268 5828 ἡμέρας
3302 5757 3591 5825 κλινούσης
3621 5757 3745 5827 ήδη,
3794 5773 3889 5810 και
3919 5755 4020 5808 τῶν

2456 5851 2729 5905 πολεμίων
2773 5851 3192 5908 ἀπεγνωκότων,
3228 5849 3316 5902 διὰ
3351 5853 3410 5902 τὸ
3445 5849 3855 5903 ἐπιλελοιπέναι
3901 5848 4019 5900 τούς
