4236 6442
1040 408 1114 480 [Α.
1159 423 1217 464 tt.
1253 407 1413 473 6857,
1451 422 1557 462 txn.
1601 405 1658 479 9.]

755 412 894 479 1119

1945 412 2367 474 ΝΙΟΕΡΠΟΒΙ
2406 412 2792 474 GREGOR/E

3882 409 4026 473 1190

3076 405 3211 478 [tum
3250 422 3292 460 ι.
3335 418 3633 463 cauncuz.
3672 406 3729 479 ³5]

751 527 912 599 gendi
944 534 1162 595 tempus
1181 533 1586 594 exspectassent
1608 566 1622 589 ,
1650 523 1812 589 bene,
1842 524 2062 594 opinor,
2095 526 2324 580 habuis—

2442 524 2616 578 ιώπου
2675 526 2792 586 τοῖς
2847 523 3101 588 Λατίνοις
3165 525 3414 592 ἵστασαν,
3469 525 3869 594 περιμένουσαι
3919 525 4028 592 τὴν

754 627 861 674 set.
895 617 1010 672 lmo
1031 616 1075 672 si
1108 616 1336 672 littorali
1362 617 1452 672 ilia
1481 617 1829 685 navigatione
1866 632 1976 671 non
2011 616 2322 687 interrupta

749 709 1150 779 processissent
1181 710 1346 763 simili
1367 709 1527 765 modo
1549 725 1722 779 usque
1747 708 1813 762 ad
1845 718 2151 763 extremum
2174 708 2323 772 freti,

754 803 848 856 ubi
885 801 1144 858 videlicet
1179 813 1236 859 et
1258 803 1394 856 alias
1415 818 1581 857 naves
1614 802 1830 857 stetisse
1857 802 2120 864 diximus.
2161 811 2325 872 atque

751 895 909 950 illine
941 910 1068 973 eum
1111 896 1326 951 caeteris
1371 911 1602 949 reversae
1631 906 1823 951 contra
1859 897 2072 951 hostem
2114 904 2333 950 servato

752 984 946 1040 ordine
977 996 1249 1055 provectae
1291 996 1498 1048 essent,
1532 987 1675 1041 bene
1706 986 1785 1040 sic
1833 1001 2052 1057 quoque
2092 985 2332 1057 (Opinor)

755 1075 1063 1132 habuisset.
1113 1076 1221 1132 Sed
1252 1077 1414 1131 aliam
1447 1077 1593 1132 Deus
1625 1087 1866 1133 mentem
1900 1092 2103 1146 pavore
2131 1077 2332 1148 injecto

754 1167 958 1234 attulit,
1012 1178 1068 1223 et
1103 1179 1332 1237 repente
1367 1169 1514 1223 vices
1561 1171 1790 1223 mutavit
1820 1169 2088 1238 vanisque
2134 1183 2329 1223 eorum

751 1257 916 1314 dictis
940 1275 1004 1314 ac
1036 1260 1200 1316 minis
1227 1260 1448 1315 fortuna
1491 1262 1675 1316 exitus
1706 1261 2018 1318 contrarios
2042 1259 2216 1315 dedit.

2431 618 2581 688 ῶραν
2597 618 2694 686 τῆς
2714 617 3044 686 προσϐολῆς,
3079 613 3137 672 εὖ
3165 619 3232 672 ἂν
3245 616 3404 688 οἶμαι
3431 614 3582 690 εἶχεν
3601 637 3614 653 ο
3645 619 3678 688 ἢ
3701 621 3763 671 τό
3801 636 3864 686 γε
3895 618 4025 686 βέλ-

2431 708 2688 782 τιον,’[ῐ).
2715 709 2842 781 545]
2869 712 2916 763 εί
2948 711 3023 781 μὴ
3053 711 3379 781 διακίψασαι
3407 715 3499 765 τὴν
3519 713 3794 778 παράλιον
3816 713 4026 766 ἐκεῖνον

2436 801 2606 854 πλοῦν
2638 802 2995 872 προύχώρουν
3045 804 3247 872 ὁμοίως
3298 807 3425 875 άχρί
3482 808 3583 872 τῆς
3637 807 3902 874 ἐσχατιᾶς
3931 807 4026 858 τοῦ

2440 893 2712 962 πορθμοῦ,
2753 895 2861 964 ὅπη
2915 895 3116 966 δηλαδὴ
3169 897 3265 950 καὶ
3319 897 3420 961 τὰς
3477 896 3645 959 ἄλλοις
3698 898 4028 967 εἰρήκειμεν

2439 986 2715 1052 ἵστασθαι,
2747 987 3007 1042 κάκεῖθεν
3032 989 3169 1057 ὁμοῦ
3204 991 3324 1051 ταῖς
3371 989 3563 1053 ἄλλαις
3597 990 3986 1059 tunae-=9???
4005 1021 4017 1027 ·

2439 1096 2528 1132 σαι
2559 1080 2653 1133 τὸν
2683 1080 2952 1134 ἐπίπλουν
2979 1082 3036 1133 ἐν
3065 1081 3219 1147 τάξει
3245 1083 3388 1136 κατὰ
3418 1083 3535 1152 τῶν,
3566 1082 3843 1152 πολεμίων
3879 1087 4027 1132 ἐποι-

2434 1170 2612 1234 οὗντο.
2636 1173 2733 1228 καλ⁵
2767 1173 2946 1237 οὕτως
2977 1174 3037 1228 εὖ
3069 1175 3135 1228 ἂν
3169 1169 3340 1245 οἶμαι
3363 1174 3530 1246 εἶχεν.
3565 1177 3681 1229 Νῦν
3724 1177 3779 1228 δὲ
3827 1177 3943 1226 ἀλλ’
3976 1177 4027 1225 ἑ-

2433 1265 2602 1335 τέραν
2631 1267 2660 1319 ό
2696 1265 2908 1336 δαίμων
2953 1267 3156 1322 ἐδωκεν
3213 1269 3428 1323 ἔννοιαν
3491 1271 3588 1324 καὶ
3626 1269 3831 1323 δειλίαν
3860 1286 3875 1301 ο
3926 1270 4022 1320 καὶ

753 1355 1094 1423 μετήνεγκεν
1159 1356 1355 1428 ἀθρόον
1406 1358 1503 1410 καὶ
1553 1355 1918 1428 περιέστησεν
1982 1358 2041 1420 ἐς
2087 1355 2405 1410 τούναντίον
2441 1358 2540 1424 τὰς
2598 1361 2708 1415 τῶν
2761 1364 3137 1434 καυχημάτων
3188 1368 3284 1421 καὶ
3341 1366 3584 1420 ἀπειλῶν
3643 1366 3945 1427 ἀποϐάσεις
3983 1367 4022 1435 ἦ

748 1468 908 1520 τυχη.

947 1547 1082 1603 Nam
1132 1547 1296 1619 862
1342 1561 1482 1615 quos
1524 1546 1814 1616 oportebat
1870 1546 2130 1612 heroiee,
2187 1546 2334 1600 sicut

749 1641 1143 1707 promiserant,
1197 1655 1475 1710 pugnare;
1519 1640 1558 1694 ii
1603 1649 1799 1694 contra
1851 1638 2075 1708 trepidi,
2113 1639 2344 1692 nemine.

750 1733 1078 1797 obsistente,
1131 1733 1284 1788 nullo
1331 1747 1432 1787 nec
1463 1731 1656 1785 stricto
1688 1731 1868 1801 gladio
1897 1746 2000 1785 nec
2033 1730 2248 1784 vibrato
2275 1731 2330 1784 in

2512 1547 2588 1604 Γ.
2625 1550 2756 1604 Δέον
2781 1551 2890 1621 γὰρ
2917 1553 3173 1621 ἡρωϊκῶς
3203 1560 3343 1607 κατά
3372 1554 3472 1616 τὰς
3504 1555 3842 1622 ἐπαγγελίας
3873 1555 4025 1622 ἀγω-

2439 1642 2716 1709 νίσασθαι,
2761 1647 2809 1697 οἱ
2832 1647 2878 1699 δ’
2934 1646 3236 1716 ὑπότρομοι
3287 1648 3573 1716 γενόμενοι
3631 1649 3731 1716 (8),
3792 1649 4025 1717 μηδενδς

2439 1736 2919 1806 ἀντιπράττοντος,
2974 1741 3112 1808 μήτε
3166 1741 3354 1807 ξίφους
3413 1742 3820 1808 γυμνωθέντος,
3883 1745 4021 1813 μήτε

754 1836 853 1877 eos
897 1824 1025 1886 telo,
1058 1825 1202 1879 versi
1258 1824 1312 1877 in
1355 1825 1535 1892 fugam
1569 1837 1762 1877 omnes
1807 1839 1872 1877 ex
1916 1823 2175 1877 tabulatis
2215 1810 2331 1877 bini

2442 1827 2627 1898 βέλους
2663 1828 2749 1880 ἐπ’
2782 1829 2980 1892 αὐτοὺς
3012 1830 3523 1897 ἀκροϐολισθέντος,
3562 1833 3797 1899 ἔφευγον
3847 1835 4025 1887 ᾶπαν-

753 1916 939 1969 statim
965 1917 1220 1986 ternique
1249 1916 1392 1971 fmde
1422 1925 1476 1971 et
1498 1915 1726 1970 confuse
1756 1915 2067 1986 subjectum
2098 1916 2152 1970 in
2187 1931 2334 1970 mare

750 2008 1103 2064 desiliebant.
1162 2009 1238 2064 Ae
1287 2009 1323 2062 ii
1377 2010 1621 2079 quidem,
1677 2009 1771 2078 qui
1818 2008 2333 2072 nare-didicerant,

749 2103 979 2169 abjectis
1011 2103 1176 2157 armis
1208 2119 1349 2169 aegre
1385 2104 1438 2156 in
1479 2113 1678 2157 terram
1719 2102 2046 2169 evadebant.
2080 2102 2334 2170 Plerique

753 2202 939 2248 autem
967 2210 1246 2249 armorum
1273 2197 1515 2264 pondere
1547 2196 2022 2265 deprimebantur.
2057 2197 2124 2251 Et
2147 2197 2335 2251 videre.

751 2296 873 2339 erat
909 2287 1191 2356 (miserum
1218 2303 1350 2341 sane
1384 2290 1780 2358 spectaculum)
1835 2290 1888 2342 in
1920 2290 2130 2360 gurgite
2167 2291 2338 2359 palpi-

757 2387 960 2442 tantes,
1009 2380 1287 2434 terribiles
1324 2382 1446 2434 illos
1473 2391 1528 2434 et
1560 2383 1867 2449 arrogantia
1895 2383 2068 2436 elatos
2099 2383 2335 2438 bellato-

753 2486 862 2531 res.
902 2471 1133 2541 piscium
1165 2487 1607 2543 canerorumque
1638 2475 1812 2529 instar
1847 2475 1952 2529 sibi
1989 2475 2221 2530 invicem
2258 2487 2338 2531 te-

749 2563 1350 2632 ttaciteniuherentes,
1379 2578 1438 2622 ut
1472 2583 1753 2636 emergere
1791 2567 1933 2622 baud
1971 2578 2212 2636 possent,
2241 2571 2335 2624 sed

752 2654 806 2709 in
845 2664 1116 2723 posteram
1147 2657 1290 2711 diem
1321 2672 1350 2710 a
1377 2657 1589 2711 fortuna
1621 2667 2052 2721 reservarentur,
2093 2660 2337 2727 piscibus

752 2749 1204 2804 eonvivatoribus
1239 2750 1354 2804 suis
1385 2751 1607 2820 epulum
1638 2751 1739 2819 ipsi
1773 2750 1976 2804 daturi.
2014 2753 2163 2806 Adeo
2197 2753 2338 2808 facta

755 2843 956 2913 injuria
999 2853 1251 2898 auctores
1295 2845 1510 2913 injuriae.
1549 2860 1615 2898 ex
1665 2845 1904 2898 fortibus
1936 2845 2184 2900 imbelles
2217 2847 2341 2901 red-

752 2935 834 2988 dit
867 2953 881 2988 :
909 2936 1046 2990 adeo
1066 2936 1278 2990 beroiei
1310 2937 1540 3005 spiritus
1579 2936 1686 2990 boc
1721 2936 1859 3007 ipso,
1880 2937 2025 3006 quod
2061 2952 2117 2992 se
2145 2938 2340 2993 adver-

753 3043 849 3084 sus
887 3028 1054 3084 Deum
1081 3030 1464 3085 contumacius
1495 3030 1737 3101 erigunt,
1784 3029 2025 3096 infelicia
2064 3030 2338 3088 exsistunt

754 3117 991 3177 fortunae
1020 3123 1283 3177 ludibria.

2440 1940 2549 1985 τες,
2594 1921 2705 1975 τῶν
2751 1927 3240 1994 καταστρωμάτων
3281 1925 3546 1996 ἐξαίφνης
3600 1928 3796 1981 σύνδνό
3828 1946 3885 1981 τε
3929 1931 4026 1981 καὶ

2439 2016 2690 2088 σύντρεις
2743 2016 3091 2086 ἐκπηδῶντες
3142 2020 3235 2084 ξὺν
3273 2020 3452 2073 οὐδενὶ
3506 2021 3694 2090 κόσμῳ
3737 2023 3878 2075 κατὰ
3925 2023 4027 2090 τῆς

2439 2111 2808 2182 ὑποκειμένης
2842 2112 3112 2181 θαλάττης
3137 2128 3151 2143 °
3195 2107 3269 2167 ὧν
3303 2115 3353 2166 ei
3401 2114 3503 2183 μὲν
3557 2115 3914 2184 διανήχεσθαι
3951 2120 4028 2169 εί·-

2436 2205 2608 2267 δῦτες,
2638 2207 2923 2276 ῥίπτοντες
2951 2207 3019 2259 τὰ
3060 2207 3224 2267 ὅπλα,
3265 2207 3424 2276 μόλις
3467 2210 3526 2270 ἐς
3553 2209 3659 2275 γῆν
3691 2209 3989 2274 ἐξέπιπτον
4011 2228 4025 2242 ο

2437 2298 2485 2348 ei
2511 2297 2567 2348 δὲ
2611 2296 2832 2360 πλείους
2872 2296 2950 2366 τῷ
2983 2298 3138 2368 βάρει
3163 2298 3273 2351 τῶν
3311 2298 3495 2352 ὅπλων
3524 2300 3876 2353 κατεδύοντο.
3913 2304 4027 2355 Καὶ

2437 2384 2505 2460 ἦν
2548 2392 2675 2442 ίδεῖν
2708 2390 2888 2458 θέαμα
2939 2392 3200 2455 ἐλεεινὸν,
3236 2394 3622 2462 ἀσπαίροντας
3665 2395 3723 2445 ἐν
3764 2393 3844 2462 τῷ
3878 2394 4028 2462 βυθῷ

2438 2490 2561 2549 τοὺς
2617 2486 2884 2554 φοϐεροὺς
2938 2485 3035 2539 καὶ
3095 2487 3409 2556 μετεώρους
3463 2488 3710 2548 ἐκείνους
3768 2489 4026 2551 ὁπλίτας,

2438 2579 2595 2647 δίκην
2624 2578 2826 2648 ἰχθύων
2861 2577 2959 2630 καὶ
2986 2577 3288 2645 καρκίνιον,
3318 2577 3413 2629 καὶ
3445 2577 3693 2644 ἀλλήλων
3727 2579 4028 2646 ἐχομένους

2440 2670 2614 2737 ἀπρὶξ
2657 2671 2752 2722 καὶ
2776 2669 3034 2721 ἀναδῦναι
3072 2668 3147 2737 μὴ
3190 2667 3552 2738 δυναμένους,
3595 2669 3735 2723 ἀλλὰ
3768 2688 4033 2738 ταμιευο-

2444 2765 2642 2832 μένους
2665 2764 2722 2825 ἐς
2756 2764 2854 2830 τὴν
2886 2763 3185 2833 ὑστεραὲαν
3223 2762 3329 2816 ὑπὸ
3358 2764 3459 2830 τῆς
3491 2767 3660 2832 τύχης
3696 2764 4030 2831 ἑστιάτορας

2440 2857 2640 2917 αὐτοὺς
2671 2857 2783 2918 τοῖς
2815 2854 3029 2908 ἐαυτῶν
3057 2856 3382 2924 δαιτυμόσιν
3420 2857 3498 2925 (9)
3531 2855 3753 2909 ἔσεσθαι
3787 2854 4028 2924 ίχθύσιν.

2441 2943 2630 3008 Οὕτως
2660 2944 2956 3014 ἀνάνδρους
2985 2946 3048 2998 τὸ
3105 2947 3314 2999 ἀδικεῖν
3351 2948 3498 3000 ποιεῖ
3543 2947 3670 3010 τοὺς
3719 2947 4030 3016 ἀνδρείους,

2441 3039 2535 3091 καὶ
2579 3038 2835 3106 παίγνιον
2877 3038 3139 3108 δυστυχὲς
3171 3039 3240 3093 τὰ
3280 3040 3502 3115 ήρῳῖκὰ
3533 3041 3772 3095 δεικνύει
3823 3030 4030 3110 φρᾍνή-

2445 3146 2590 3198 ματα
2620 3129 2681 3180 τὺ
2718 3127 2855 3182 Θεοῦ
2892 3127 3357 3198 κατεπαίρεσθαι.

828 3219 918 3274 IV.
949 3217 1215 3273 Nimirum
1249 3220 1309 3279 it,
1339 3221 1464 3284 quia
1499 3227 1624 3272 ante
1653 3233 1887 3288 pugnam
1919 3218 2011 3273 diu
2037 3229 2334 3288 noctuque,

2512 3225 2586 3275 Δ’.
2628 3221 2783 3275 Ἐπεὶ
2813 3221 2924 3292 γὰρ
2959 3221 3066 3290 πρὸ
3111 3221 3212 3290 τῆς
3264 3221 3466 3291 μάχης,
3507 3220 3728 3290 νύκτωρ
3773 3222 3871 3275 καὶ
3913 3222 4033 3290 μεθ’

757 3313 943 3379 lingua
981 3313 1600 3368 contumeliosissimum
1652 3313 1837 3368 viduis
1867 3315 2200 3386 pupillisque
2236 3316 2340 3388 By-

761 3406 999 3462 zantinis
1056 3406 1261 3462 bellum
1320 3405 1661 3472 inferentes,
1724 3410 1921 3478 quovis
1960 3410 2115 3464 hoste
2154 3413 2340 3483 pejora

759 3505 1233 3568 perpetraverant,
1267 3497 1690 3568 tabularumque
1724 3509 1779 3552 et
1810 3500 2161 3569 palorumad
2203 3503 2342 3558 clas-

761 3593 837 3646 sis
872 3607 1030 3644 usum
1090 3592 1584 3661 comparandorum
1630 3591 1851 3645 nomine
1890 3601 2029 3646 totas
2057 3601 2112 3644 et
2151 3593 2343 3647 domos

759 3697 1077 3742 everterant
1132 3698 1186 3743 et
1234 3704 1367 3757 opes
1412 3687 1798 3756 diripuerant,
1852 3702 1916 3740 ac
1959 3686 2011 3739 in
2072 3687 2340 3757 ejusmodi

767 3781 1101 3836 facinoribus
1159 3782 1387 3848 Spiritus
1443 3781 1565 3834 illos
1605 3780 1827 3834 Martios
1871 3780 1981 3850 jam
2031 3789 2145 3833 tum
2195 3795 2341 3833 cou-

765 3883 1148 3942 sumpserant;
1187 3873 1310 3927 ideo
1343 3881 1542 3942 prmter
1595 3872 1909 3940 opinionem
1947 3870 2200 3925 ﬂu’ctibus
2230 3887 2344 3923 ma-

766 3965 1015 4033 rinisque
1075 3964 1382 4034 gurgitibus
1434 3964 1676 4033 absorpti
1718 3963 2008 4032 prteclaras
2061 3962 2173 4016 illic
2219 3979 2345 4030 spes

767 4057 950 4113 subito
983 4059 1381 4129 sepeliverunt,
1416 4068 1579 4128 atque
1609 4075 1675 4112 ex
1705 4062 1837 4113 orbe
1863 4058 1970 4113 boc
1994 4057 2244 4112 terrestri
2288 4058 2344 4111 in

769 4149 1055 4204 humidum
1116 4161 1170 4203 et
1211 4149 1264 4202 in
1325 4149 1625 4218 profundas
1673 4165 1844 4217 aquas
1900 4149 2150 4202 translati
2195 4157 2344 4204 sunt.

767 4241 1101 4296 Delictorum
1131 4241 1333 4311 quippe
1373 4241 1708 4296 conscientia
1744 4256 2066 4310 oppressam
2102 4249 2344 4294 mentem

768 4335 1079 4396 habebant,
1135 4345 1191 4388 et.
1249 4335 1549 4404 pupillares
1605 4334 1726 4389 illas
1759 4335 1839 4404 (ut
1875 4348 1974 4403 par
2006 4335 2112 4401 est)
2155 4348 2348 4402 preces

763 4429 929 4501 863
990 4428 1441 4498 miserabilesque
1504 4428 1773 4498 laerymas
1825 4427 2344 4482 reminiscebantur.

2443 3315 2660 3386 ἡμέραν
2689 3312 2780 3367 ἀεὶ
2830 3313 3254 3384 στρατευόμενοι
3307 3310 3490 3381 πολ.λῷ
3528 3311 3609 3380 τῷ
3639 3312 3742 3379 τῆς
3778 3313 4034 3381 γλώττης

2444 3406 2720 3476 ὑϐρίζοντι
2747 3405 2889 3458 κατὰ
2920 3405 3033 3457 τῶν
3057 3403 3374 3466 Βυζαντίων
3404 3402 3598 3471 χηρῶν
3629 3404 3726 3455 καὶ
3751 3404 4032 3471 ὀρφανῶν,

2443 3501 2663 3552 πάντων
2691 3498 2971 3567 πολεμίων
2999 3497 3170 3566 ἔδρων
3199 3489 3346 3548 οὗτοι
3377 3496 3445 3550 τὰ
3471 3497 3744 3564 χείριστα.
3771 3498 3869 3550 καὶ
3894 3515 4031 3564 προσ

2445 3593 2606 3660 φάσει
2640 3590 2728 3642 διὰ
2761 3591 2863 3652 ’τὰς
2893 3588 3026 3650 ναῦς
3054 3589 3284 3640 σανίδων
3316 3588 3413 3640 καὶ
3454 3589 3728 3639 στυπτὶων
3751 3587 3880 3646 ὅλας
3909 3589 4032 3638 ἀνέ-

2442 3699 2646 3750 τρεπον
2673 3668 2996 3746 οίκίας,ηκα“ι
3025 3679 3154 3741 ὅλας
3185 3678 3378 3741 οὐσίας
3410 3663 3902 3748 ἠνδραποδίζοντο,
3926 3680 4032 3730 κάν

2445 3779 2556 3837 τοῖς
2583 3773 2846 3837 τοιούτοις
2879 3771 3344 3842 προανηλώκεσαν
3380 3771 3477 3839 τῆς
3515 3772 3747 3840 ἀρείκῆς
3775 3772 4035 3836 ἀνδρείας

2445 3866 2537 3918 τὸν
2574 3866 2739 3933 ὄγκον
2779 3866 3006 3924 ἐκεῖνον,
3058 3861 3251 3914 ἐλαθον
3302 3861 3509 3929 κύμασι
3551 3862 3644 3917 καὶ
3705 3861 3890 3928 βυθοϊς
3939 3861 4038 3912 θα-

2445 3957 2683 4017 λαττίοις
2719 3954 2814 4007 νῦν
2854 3954 3106 4006 ἐνταυθοῖ
3147 3954 3246 4014 τὰς
3273 3954 3526 4018 γενναίας
3575 3951 3852 4019 θάψαντες
3883 3952 4037 4004 ἐλπῖ-

2446 4053 2541 4114 δας
2593 4050 2791 4120 ἁθρόον
2834 4050 2930 4102 καὶ
2989 4047 3086 4100 τοῦ
3141 4045 3517 4117 ὴπειρωτικοῦ
3579 4045 3672 4098 τὸν
3715 4046 3883 4115 ὑγρὸν
3940 4049 4038 4100 καὶ

2449 4143 2785 4213 ὑποϐρύχιον
2829 4140 3198 4207 ἀλλαξάμενοι
3240 4138 3377 4207 βίον.
3421 4137 3510 4207 Τῷ
3545 4137 3653 4206 γὰρ
3687 4137 4038 4206 ἡμαρτηκότι

2447 4234 2542 4288 τοῦ
2598 4233 2901 4293 συνειδότος
2969 4230 3254 4301 βρίθοντας
3306 4227 3523 4296 ἔχοντες
3562 4226 3891 4293 λογισμοὺς,
3939 4227 4039 4278 καὶ

2449 4325 2997 4394 ἀναμιμνησκόμενοι
3033 4322 3276 4390 δεήσεων
3306 4320 3534 4372 ἐκείνων
3579 4317 3920 4385 ὀρφανικῶν,
3957 4318 4037 4370 ὡς

2450 4418 2616 4480 ἔοικε,
2658 4419 2752 4470 καὶ
2797 4414 3050 4484 δακρύων
3077 4413 3352 4475 ἐλεεινῶν,
3385 4411 3577 4480 ῶσπερ
3627 4409 3942 4479 μεθυούσας
3971 4405 4043 4460 εἷ-

768 4520 1136 4586 Quamobrem
1180 4529 1234 4573 et
1267 4521 1520 4574 manibus
1549 4519 1617 4573 ad
1651 4535 1801 4574 arma
1855 4518 2135 4572 tractanda
2188 4518 2342 4586 quasi

2450 4526 2546 4579 χον
2584 4508 2681 4569 τὰς
2716 4508 2906 4575 χεῖρας
2960 4504 3096 4574 πρὸς
3141 4504 3282 4556 ὅπλα
3338 4503 3438 4553 καὶ
3481 4497 3854 4569 ἀκροσφαλεῖς
3905 4500 4040 4566 πρὸς

766 4610 960 4671 ebriis,
995 4619 1051 4665 et
1103 4609 1338 4679 pedibus
1380 4609 1446 4662 ad
1485 4609 1814 4662 movendum
1848 4625 2048 4678 corpus
2085 4609 2349 4663 vacillati-

769 4700 922 4755 tibus
955 4700 1272 4770 torpebant.
1307 4699 1501 4753 Anime
1537 4709 1718 4753 autem
1751 4699 1928 4754 fracto
1959 4715 2021 4753 ac
2060 4702 2349 4754 vulnerato

768 4791 909 4846 bene
971 4808 1193 4862 sperare
1248 4792 1395 4846 haud
1463 4799 1715 4862 poterant
1764 4808 1778 4845 :
1841 4792 1962 4862 ipso
2016 4800 2131 4846 tum
2193 4793 2342 4847 exitu

768 4884 974 4948 ecloCti,
1031 4900 1152 4936 eum
1185 4885 1252 4938 iis
1308 4884 1462 4946 nihil.
1492 4884 1787 4952 proderat,
1824 4899 1932 4937 non
1990 4897 2241 4953 Oportcre
2290 4885 2343 4938 in

771 4978 941 5032 armis
993 4977 1190 5030 bonam
1229 4993 1378 5046 spem
1413 4976 1722 5040 collocari,
1776 4977 1882 5031 nisi
1926 4977 2155 5046 aequitas
2205 4977 2349 5031 adsit

771 5083 898 5120 cum
963 5078 1111 5122 recta
1173 5069 1395 5137 pietatis
1425 5071 1637 5122 ratione
1667 5067 1979 5138 conjuncta.
2034 5068 2162 5132 Qua:
2200 5069 2346 5122 enim

768 5160 914 5228 juste
952 5158 1090 5212 facta
1124 5167 1271 5221 sunt,
1312 5175 1376 5213 ea
1426 5158 1540 5213 sala
1574 5157 1740 5212 animi
1775 5157 1945 5212 robur
1978 5158 2193 5211 firmum
2225 5173 2351 5212 sus-

2451 4601 2696 4671 κινήσεις
2743 4599 2870 4659 τοὺς
2925 4598 3112 4659 πόδας,
3168 4596 3263 4649 καὶ
3295 4595 3416 4671 ἀμα
3470 4592 3892 4662 τεθραυσμένην
3940 4591 4042 4659 τὴν

2449 4669 2695 4749 διάνοιαν
2747 4692 2804 4754 ἐς
2843 4689 2943 4753 τὰς
2977 4689 3115 4759 πρὸς
3161 4688 3220 4740 τὸ
3260 4669 3515 4756 κρεῖττον
3549 4685 3801 4744 ἐλπίδας,
3853 4683 4042 4751 ἔργοις

2453 4787 2563 4846 τοῖς
2591 4780 2895 4852 τηνικαῦτα
2926 4779 3318 4850 μανθάνοντες,
3364 4779 3454 4830 ὅτε
3495 4777 3664 4845 μηδέν
3691 4791 3881 4842 σφισιν
3915 4773 4045 4842 ὅςε-

2454 4876 2548 4940 λος
2577 4871 2667 4945 ἦν,
2702 4874 2780 4944 μὴ
2814 4869 2954 4925 εἶναι
2986 4871 3164 4943 χρεὼν
3197 4873 3258 4923 ἐν
3305 4873 3415 4933 τοῖς
3447 4869 3632 4930 ὅπλοις
3667 4869 3766 4928 τὰς
3795 4870 4046 4936 χρηστὰς

2434 4970 2674 5037 ’ἀνέχειν
2724 4966 2973 5027 ἐλπίδας.
3013 4964 3079 5032 ἣν
3115 4963 3189 5033 μὴ
3241 4965 3390 5031 παρῇ
3431 4960 3490 5013 τὺ
3523 4961 3734 5013 δίκαιον
3767 4962 3910 5026 μετὰ
3949 4959 4046 5022 ti,-

2457 5063 2551 5116 τοῦ
2603 5061 2850 5114 εὐσεϐεῖν
2885 5060 3207 5127 εὐθύτητος.
3245 5059 3442 5118 Μτίνοις
3494 5057 3738 5123 γὰρ’τοῖς
3791 5062 3892 5106 σὶν
3925 5055 4046 5124 δῖκη

2459 5156 2764 5227 δρωμένοις
2800 5155 2861 5206 τὸ
2883 5154 3181 5223 δυνάμενον
3209 5153 3306 5219 τῆς
3337 5150 3518 5220 ψυχῆς
3548 5147 3810 5217 ἀσραλῶς
3839 5151 3933 5216 sps
3964 5148 4046 5198 ὖεο

2122 5289 2459 5352 Vettiorum
2501 5300 2687 5351 notae.

851 5453 932 5522 (8)
963 5449 1115 5503 llauc
1171 5447 1611 5522 Grzrcanjearum
1673 5445 1892 5522 navium
1950 5443 2161 5522 cladem
2218 5443 2359 5496 mul-

781 5527 854 5579 tis
917 5515 1082 5575 etiaut
1138 5527 1321 5573 narrat
1375 5517 1796 5572 Cautacuzeuus
1843 5516 1899 5569 tl.
1939 5531 2062 5584 cap.
2103 5515 2158 5566 tl
2210 5522 2356 5568 extr.

779 5597 1023 5650 Ducam.

855 5667 931 5731 (εδ)
971 5664 1370 5726 lntcrpretatus
1388 5673 1533 5731 sum,
1559 5657 1783 5731 pisciims
1804 5657 2225 5731 conviuutoribus
2249 5658 2359 5731 suis

785 5726 996 5804 epulum
1025 5734 1126 5799 ipsi
1155 5731 1338 5804 daturi
1360 5728 1471 5804 ;_ttl
1495 5728 1640 5804 quod
1676 5726 1950 5804 Gregnras
1975 5728 2201 5804 ψει-,μί
2264 5727 2363 5779 [ενι-

788 5796 893 5860 Iur.
927 5796 1122 5856 sensit.
1178 5801 1401 5856 llomeri
1440 5796 1807 5864 Scboliastes,
1840 5799 1904 5854 ad
1940 5799 2085 5852 hunc
2115 5796 2360 5867 Odyssea:

782 5878 828 5943 ἓ,
857 5875 951 5930 Gil
991 5889 1205 5929 versum
1251 5891 1264 5928 :

2549 5443 2908 5511 Δαιττριμόιτε(
2943 5441 2994 5492 δ’
3021 5442 3083 5504 ἐς
3109 5440 3324 5508 δώματ’
3357 5442 3503 5493 ἴσην
3521 5441 3686 5492 θείου
3713 5441 4048 5504 βασιλῆες.

2466 5514 2800 5580 δαιτυμόνας
2828 5513 3221 5578 interpretatur
3245 5514 3565 5579 ἑστιάτορας
3589 5529 3598 5561 :
3623 5522 3676 5563 et
3702 5512 3813 5563 vim
3842 5524 4052 5566 utrum-

2468 5600 2575 5654 que
2605 5582 2974 5654 siguit‘tcandi.
3003 5583 3278 5636 convivam
3308 5598 3511 5654 nempe
3547 5592 3596 5632 et
3629 5584 4049 5654 CONI‘iDﬂ!0T€nt.

2467 5653 2517 5708 ei
2553 5653 2824 5707 vocabulo
2842 5665 3158 5720 competere
3187 5659 3382 5706 docent
3413 5653 3816 5716 lexicograpbi.
3841 5653 4044 5706 Tamen

2468 5727 2612 5794 apud
2646 5723 2975 5794 Gregorium
3010 5723 3345 5777 Naziauzcn.
3407 5734 3547 5776 orat.
3589 5723 3658 5776 38
3697 5725 3976 5794 ἑστιάτωρ
4001 5734 4050 5775 et

2467 5793 2748 5860 δαιτυςιὼι
2808 5803 3207 5862 opponuntur:
3270 5796 3380 5847 imo
3435 5804 3489 5846 et
3548 5794 3690 5852 apud
3746 5793 4045 5861 Gregoram

2471 5867 2676 5935 ipsum,
2711 5864 2846 5918 Hist.
2881 5864 2975 5918 lib.
3017 5880 3167 5927 χλιιι,
3204 5881 3326 5935 pag.
3359 5864 3485 5929 58:2,
3511 5864 3608 5918 Ιίιι.
3660 5865 3754 5919 ult.
3799 5865 4012 5920 lloth.
