4236 6442
239 435 371 500 1191
629 435 705 504 ΙΑ.
747 450 792 490 c.
843 437 1000 509 1349]

1219 445 1670 507 ΒΥΖΛΝΤΙΝΑΞ
1711 448 2098 508 ΗΙΞΤΟΗΙίΕ
2135 453 2283 510 LIB.
2327 453 2510 512 XVII.

2588 447 2721 521 [ηιρ.
2758 463 2800 501 .I.
2844 464 3134 505 omnem.
3173 453 3230 523 5]

3349 455 3484 519 1122

232 549 326 601 ταί
371 567 430 601 τε
473 553 564 604 καὶ
619 554 680 604 τὸ
732 555 934 626 capso;
987 558 1044 608 ἐν
1085 561 1477 626 περιστάσεσιν
1519 563 1814 630 ἀκλόνητον

1866 571 2173 628 ttentant,
2229 577 2285 620 ct
2355 567 2608 619 ﬁduciam
2670 567 3153 624 circumstantibus
3221 573 3478 641 periculis

232 641 369 708 ἔχει.
408 642 516 694 Καὶ
551 643 660 713 γὰρ
700 646 747 697 εί
791 649 930 700 κατὰ
973 649 1078 700 τῶν
1122 650 1418 718 ἀλλοτρίων
1465 653 1534 704 τά
1579 655 1806 707 τοιαῦτα

231 733 497 799 γινόμενα
529 734 625 785 τῶν
651 735 1006 805 ἀδικημάτων
1035 740 1317 792 εὐθύνεται
1347 744 1481 812 πρὸς
1508 742 1602 794 τοῦ
1625 745 1804 797 κοινοῦ

233 821 501 874 δεσπότου
535 825 693 890 Θεοῦ,
731 827 910 898 πολλῷ
946 828 1028 900 [Ρ.
1061 830 1186 902 5H]
1224 833 1423 902 μᾶλλον
1451 837 1498 886 εί
1532 836 1806 904 ὁμόφυλον

232 912 319 980 εἴη
352 917 413 965 τὸ
442 915 815 986 ἀδικούμενον.

306 1006 382 1061 E'.
415 1007 488 1060 Το
511 1011 564 1063 δὲ
595 1012 744 1077 ξένον
771 1015 949 1068 ἐκεῖνο
981 1015 1158 1086 θέαμα
1194 1017 1411 1088 βλέπων
1445 1021 1472 1072 ὁ
1502 1021 1608 1072 τῶν
1634 1023 1803 1074 Λατί-

229 1113 338 1148 νων
376 1101 644 1168 ναύαρχος
679 1102 963 1172 πόρρωθεν
997 1105 1057 1157 τὸ
1089 1108 1192 1172 μὲν
1228 1108 1444 1177 πρῶτον
1491 1111 1803 1180 διηπορεῖτο

229 1189 352 1240 καθ’
387 1191 602 1249 ἑαυτὸν.
637 1197 728 1244 καί
754 1212 874 1247 τινα
921 1197 1170 1265 ἐνόμιζεν
1209 1196 1347 1251 εἶναι
1381 1200 1670 1270 ὑπόκρισιν
1709 1203 1803 1253 καὶ

226 1279 712 1352 δραματουργίανο
765 1287 954 1339 ἔπειτα
1013 1289 1156 1356 ἔγνω
1205 1290 1498 1360 θεομηνίαν
1546 1290 1685 1345 εἶναι
1741 1295 1801 1346 τὸ

229 1376 465 1441 πρᾶγμα
496 1376 643 1444 σαφῆ
667 1393 678 1402 ·
716 1379 807 1429 καὶ
839 1380 1016 1449 ἡσυχῆ
1066 1385 1623 1453 παρακελευσάμενος
1651 1389 1802 1455 ἐρέτ-

224 1480 338 1516 τειν
378 1467 436 1517 τὸ
465 1467 561 1535 τῆς
602 1471 915 1539 ἡγεμονίδος
950 1470 1222 1544 πλήρωμα
1267 1477 1462 1547 προῄει
1494 1480 1801 1547 παραγγεί-

225 1557 322 1618 la;
354 1558 578 1613 ἔπεσθαι
612 1564 702 1612 καὶ
737 1563 834 1624 τὰς
874 1563 1038 1627 ἄλλας
1068 1567 1314 1636 τριήρεις
1355 1572 1605 1622 κατόπιν.
1648 1570 1797 1621 Ἐπεὶ

225 1646 272 1696 δ’
323 1649 492 1701 ἐλθὼν
547 1655 706 1715 κενάς
748 1654 843 1715 τὰς
889 1654 1199 1724 Ῥωμαϊκὰς
1243 1658 1302 1708 τὸ
1354 1661 1617 1728 παράπαν
1672 1654 1796 1729 εὗρε

223 1742 495 1810 τριήρεις,
529 1744 940 1814 ἀναδησάμενος
986 1741 1134 1798 εἷλκέ
1180 1765 1237 1800 τε
1277 1750 1453 1812 πάσας
1487 1750 1668 1819 ἡρέμα
1703 1757 1795 1804 καὶ

223 1828 569 1897 ὑπέστρεφεν
594 1834 740 1899 ἄγων
769 1834 824 1894 ἐς
852 1833 912 1884 τὸ
950 1834 1054 1885 τῶν
1083 1836 1327 1907 Λατίνων
1360 1839 1592 1891 ἐπίνειον
1656 1843 1794 1908 πλὴν

1918 657 2296 711 inconcussam
2335 658 2560 711 faciunt.
2620 655 2752 710 Nam
2814 661 2857 712 si
2910 661 3178 729 ejusmodi
3210 663 3435 731 injurias
3463 705 3475 720 .

1866 767 1885 777 -
1914 747 2077 799 etiam
2115 748 2439 817 alienigenis
2483 748 2671 810 factas,
2700 753 3007 804 communis
3035 754 3276 806 omnium
3309 755 3466 807 domi-

1917 853 2019 890 nus
2048 838 2194 892 Deus
2244 840 2554 903 ulciscitur,
2589 841 2762 893 multo
2808 842 3008 911 magis,
3045 845 3089 897 si
3126 845 3196 897 sit
3234 845 3477 914 ejusdem

1915 929 2092 996 gentis
2128 928 2177 981 id
2207 970 2223 993 ,
2264 931 2409 999 quod
2447 931 2698 1001 injuriam
2733 949 2948 1001 passum
2983 944 3088 986 est.

1983 1017 2048 1070 V.
2089 1019 2157 1071 At
2179 1021 2254 1072 rei
2288 1020 2628 1073 insolentiam
2656 1038 2685 1075 e
2713 1022 3009 1093 longinquo
3036 1023 3478 1078 animadverteris

1912 1108 2228 1163 Latinorum
2280 1113 2594 1169 nararebu.
2637 1115 2907 1182 ambigere
2945 1115 3120 1182 primo
3166 1131 3373 1180 secum,
3422 1127 3479 1170 ct

1909 1202 2196 1269 quamdam
2229 1219 2348 1258 esse
2373 1205 2422 1258 id
2455 1205 2855 1259 simulationem
2883 1207 3184 1276 tabulaque
3207 1209 3477 1263 actionem

1912 1305 2140 1360 putare:
2173 1296 2370 1348 deinde
2407 1314 2702 1366 agnoscere
2734 1298 2970 1352 furorem
3013 1315 3132 1353 esse
3169 1301 3318 1352 illum
3359 1301 3474 1352 evi-

1908 1384 2125 1436 dentem
2182 1386 2301 1438 irati
2358 1387 2630 1440 Numinis.
2692 1388 2827 1441 Tum
2877 1405 2971 1443 eos
3022 1392 3114 1460 qui
3167 1393 3473 1459 praetoriam

1907 1475 2087 1526 navim
2124 1477 2731 1546 t'mnplebant.'placide
2762 1489 2820 1532 ut
2851 1481 3174 1548 remigarenl
3204 1483 3470 1544 hortatus,

1906 1567 2275 1632 progreditur,
2303 1570 2452 1635 sequi
2483 1571 2647 1636 jussis
2673 1580 2726 1622 et
2758 1571 2879 1625 aliis
2904 1590 2933 1624 a
2959 1587 3107 1643 tergo
3137 1575 3470 1626 triremibus.

1903 1653 2194 1724 Postquam
2228 1658 2469 1715 advenit.
2507 1672 2559 1712 et
2596 1663 2813 1730 penitus
2847 1679 3044 1717 vacuas
3075 1681 3239 1718 naves
3275 1667 3472 1719 Rutila-

1905 1761 2001 1797 uas
2031 1747 2279 1812 olleudit,
2316 1750 2567 1817 religatas
2602 1767 2790 1806 onmes
2829 1757 3025 1806 sensim
3061 1756 3283 1809 trahens
3318 1766 3373 1809 et
3404 1759 3467 1809 ad

1903 1834 2222 1890 Latinorum
2266 1843 2453 1919 navale
2485 1844 2758 1896 adducens
2788 1847 3098 1910 revertitur,
3127 1851 3368 1916 exceptis
3403 1850 3470 1903 iis

233 1915 358 1967 ὅσαι
398 1917 606 1986 διήρεις
639 1938 698 1971 τε
731 1922 825 1972 καὶ
863 1924 1120 1992 μονήρεις
1175 1928 1270 1978 καὶ
1321 1927 1509 1996 λέμϐοι
1560 1932 1798 1997 πλήθους
1831 1933 1842 1990 1

1866 1941 1872 1982 ι
1904 1931 2239 1992 triremibus,
2274 1915 2588 1985 monet-ibus
2619 1946 2672 1986 et
2709 1937 3043 2005 lembis,_qui
3084 1955 3191 2005 pra:
3223 1942 3468 1995 multitu-

221 2007 387 2060 ἕνεκα
420 2010 706 2082 διαῐρᾶσαι
738 2015 835 2085 τὴν
860 2015 1063 2069 ἅλωσιν
1098 2019 1376 2090 ὑπερόριος
1409 2022 1513 2073 τῶν
1536 2026 1799 2076 κινδύνων
1834 2088 1838 2091 _

222 2102 494 2167 ἐγένοντο.

297 2194 386 2260 ς’.
421 2195 639 2248 Τούτων
688 2199 732 2250 δ’
793 2203 850 2264 ἐς
901 2203 1058 2257 τοῦτο
1106 2206 1279 2275 τύχης
1328 2209 1792 2278 κατινεχθεισῶν,

219 2287 508 2352 ἐφαίνοντο
557 2293 914 2348 ἐπιπλέουσαι
963 2298 1064 2366 ἤδη
1105 2303 1198 2351 καὶ
1229 2301 1350 2352 ὅσαι
1393 2301 1543 2371 παρὰ
1581 2304 1677 2364 τάς
1707 2306 1796 2354 ἐκ·

220 2377 407 2442 δολας,
442 2379 516 2442 ὡς
565 2385 906 2454 εἰρήκειμεν,
948 2388 1164 2441 ἵσταντο
1205 2393 1373 2444 πάλαι
1419 2393 1510 2448 τοῦ
1547 2395 1791 2462 ποταμοῦ

219 2471 472 2539 τριήρεις
498 2474 756 2542 μέγισται
790 2480 888 2547 μὲν
919 2483 1088 2549 τρεῖς,
1121 2484 1306 2550 μείους
1331 2485 1386 2536 δὲ
1419 2487 1787 2555 παμπληθεῖς.

232 2562 388 2615 Ἐπεὶ
421 2567 474 2618 δὲ
511 2573 647 2623 κατὰ
683 2573 856 2641 μέσην
906 2580 1197 2645 γενόμεναι
1243 2578 1340 2649 τὴν
1391 2584 1789 2652 πορείανιέρή-

225 2671 361 2724 μους
384 2658 591 2728 ἀνδρῶν
620 2645 921 2733 ἑλκομένας
948 2663 1084 2720 εἶδον
1110 2670 1212 2722 ὑπὸ
1251 2671 1356 2722 τῶν
1389 2675 1663 2742 πολεμίων
1691 2679 1786 2738 τὰς

210 2747 524 2815 ὁμοφύλους
576 2753 731 2819 νῆας,
763 2755 997 2826 ἔστησαν
1028 2758 1216 2830 ὥσπερ
1259 2766 1365 2814 τινὶ
1409 2766 1586 2836 νάρκῃ
1618 2769 1784 2836 πεδη-

216 2837 395 2891 θεῐσαι
442 2843 534 2895 καὶ
579 2845 655 2913 μὴ
697 2845 994 2916 δυνάμεναι
1049 2853 1186 2918 μήτε
1215 2853 1404 2920 πρόσω
1453 2855 1579 2922 μήτ’
1611 2857 1784 2909 ὀπίσω

219 2932 496 2985 ποιεῖσθαι
533 2936 626 2988 τὸν
661 2936 847 3004 πλοῦν,
885 2939 990 3003 ἕως
1040 2943 1152 3004 τοῖς
1197 2946 1403 3011 ὁμοίοις
1435 2950 1549 3006 ταῖς
1595 2948 1782 3011 ἄλλαις

215 3025 577 3092 περιέπιπτον
613 3031 705 3083 καὶ
732 3026 891 3085 αὗται
927 3036 1139 3096 κακοῖς.
1171 3030 1279 3087 Ἦν
1317 3039 1425 3104 γάρ
1467 3037 1593 3090 ἰδεῖν
1621 3041 1779 3102 εὐθὺς

213 3116 311 3165 καὶ
355 3117 558 3170 τούτων
598 3119 744 3173 ἅπαν
778 3126 838 3174 τὸ
882 3124 1180 3193 πλήρωμα,
1235 3129 1603 3197 τριηράρχους
1640 3130 1777 3199 ὁμοῦ

208 3209 308 3257 καὶ
341 3208 561 3273 ναύτας,
603 3213 743 3264 κατά
769 3213 1012 3284 κεφαλῆς
1051 3218 1108 3278 ἐς
1155 3218 1427 3271 θάλατταν
1479 3222 1776 3286 πίπτοντας
1805 3267 1846 3321 C

208 3298 303 3321 οὶ..
339 3301 450 3321 2.__,
495 3320 518 3321 η
575 3305 652 3321 _-!
1011 3308 1066 3321 nl
1256 3312 1265 3321 ι
1515 3313 1524 3321 .
1616 3314 1635 3321 _

206 3298 304 3350 τὸν
335 3301 520 3368 ὅμοιον
573 3305 680 3366 τοῖς
726 3308 1124 3373 προπεπονθόσι
1172 3312 1392 3377 τρόπον,
1435 3313 1565 3382 πρὶν
1611 3314 1641 3382 ἢ
1689 3331 1779 3382 γε-

212 3392 576 3458 γυμνωμένον
604 3395 907 3449 θεάσασθαι
937 3398 1089 3466 ξίφος
1115 3403 1210 3452 καὶ
1237 3406 1366 3471 πρὶν
1394 3403 1655 3474 πολεμίας
1688 3408 1775 3458 al-

214 3485 439 3535 σθέσθαι
475 3487 615 3549 τινὸς
645 3488 971 3560 ἀπειλούσης
1011 3491 1160 3559 βοῆς.

285 3576 358 3629 Ζ’.
389 3578 710 3646 Διενείμαῖο
747 3580 791 3631 δ’
827 3582 1028 3650 ὁμοίως
1079 3583 1139 3634 τὸ
1171 3584 1269 3651 τῆς
1324 3585 1522 3648 δειλίας
1560 3590 1775 3658 ἐκείνης

205 3662 380 3715 δ;ινὸν
417 3669 509 3717 καὶ
539 3669 650 3718 ὅσοι
687 3673 838 3737 παρὰ
869 3671 957 3721 τὸν
985 3671 1230 3736 αἰγιαλὸν
1265 3676 1356 3725 καὶ
1381 3662 1508 3737 τοὺς
1534 3676 1774 3747 πύργους

210 3753 354 3827 ἦσαν
387 3759 641 3822 ἑστῶτες.
674 3761 864 3812 Μεστά
889 3763 997 3830 γὰρ
1026 3759 1093 3832 ἦν
1125 3764 1338 3817 ἅπαντα
1363 3767 1534 3836 ὁχλων
1562 3786 1773 3825 παντο-

206 3851 419 3915 εαπων,
475 3853 535 3902 ού
570 3853 732 3918 μόνον
785 3853 851 3904 τά
885 3853 931 3904 τ’
967 3853 1117 3906 ἔνδον
1147 3857 1331 3908 πυλῶν
1366 3860 1460 3910 καὶ
1513 3862 1611 3913 ὅσα
1664 3863 1773 3913 τῶν

206 3947 384 4008 ὲκτὶς,
418 3945 550 3996 ἀλλὰ
584 3946 676 3997 καὶ
707 3945 766 3996 τὸ
816 3945 957 3997 κατὰ
1001 3946 1096 4008 τὰς
1131 3948 1383 4011 ἐπάλξεις
1422 3949 1623 4019 πλῆθος
1677 3956 1771 4006 ἀν-

205 4036 347 4106 δρῶν
385 4035 615 4105 αριθμὸν
645 4038 823 4088 πάντα
853 4037 1019 4090 νικῶν
1047 4034 1146 4108 ἦν’
1175 4031 1250 4091 ὧν
1275 4041 1397 4092 οὕτε
1427 4042 1769 4112 σαλπιγκτὴς

203 4127 273 4200 ἧν
307 4146 412 4190 τις,
453 4128 574 4180 οὕτε
623 4145 674 4180 τι
723 4128 1021 4196 κύμϐαλον,
1053 4128 1163 4195 οὒτ’
1192 4131 1342 4182 οὐδὲν
1380 4134 1550 4185 ὁπόσα
1581 4135 1770 4188 εἴωθεν

206 4222 262 4269 ἐν
295 4217 552 4284 πολέμοις
582 4215 885 4284 εὐθαρσοῦς
917 4221 1347 4289 παραστήματος
1385 4222 1631 4286 γίνεσθαι
1660 4239 1769 4274 πα..

205 4307 537 4377 ρικηγςικὰ,
572 4307 738 4376 λήθης
764 4309 978 4375 μακρᾶς
1008 4325 1148 4369 τινος
1179 4309 1286 4359 τῶν
1313 4311 1368 4360 ἐν
1397 4312 1604 4374 τούτοις
1631 4329 1767 4382 χρη·

211 4399 407 4465 σίμων,
450 4397 549 4447 οὐκ
584 4391 682 4446 οἶδ’
727 4396 921 4445 ὁπόθεν
963 4396 1053 4445 καὶ
1105 4394 1272 4460 ὅπως,
1304 4398 1768 4468 ἐπιπλανηθείσης

204 4487 344 4546 τέως
377 4486 470 4536 καὶ
502 4482 920 4550 διανεμηθείσης
950 4484 1049 4543 τὰς
1087 4481 1374 4551 Ῥωμαίων
1393 4484 1591 4553 ψυχάς.
1612 4486 1768 4540 Ἀλλὰ

207 4574 347 4639 πλὴν
379 4571 473 4622 τοῦ
519 4573 776 4622 ἀναπνεῖν
823 4571 1082 4640 ἄντικρυς
1122 4566 1264 4622 εἶναι
1298 4573 1496 4634 πάντες

202 4681 424 4734 νεκροι·
464 4661 861 4730 συνωθούμενοι
915 4678 977 4727 γε
1029 4663 1135 4729 μὴν
1188 4662 1280 4713 ὑπ’
1313 4663 1555 4732 ἀλλήλων
1593 4668 1650 4718 ἐν
1697 4669 1761 4736 τῇ

200 4761 341 4826 πρὸς
383 4756 449 4806 τὰ
483 4755 627 4806 ἔνδον
672 4756 816 4822 φυγῇ
863 4751 1188 4803 σννέπιπτόν
1219 4769 1277 4802 τε
1311 4755 1404 4804 καὶ
1429 4757 1765 4807 συνεπάτουν

199 4851 493 4918 ἀλλήλους,
523 4847 810 4899 καὶταῦτα
846 4847 943 4903 καὶ
973 4847 1152 4898 αὐτῶν
1178 4845 1285 4898 τῶν
1317 4847 1589 4915 πολεμίων
1612 4849 1765 4918 ἐστη-

201 4945 400 5002 κότων,
432 4938 528 4990 καὶ
554 4935 843 5005 θεωμένων
890 4937 1116 4999 ἀτενῶς,
1160 4937 1254 4988 καὶ
1299 4935 1504 5004 σφόδρα
1531 4940 1665 5005 πρὸς
1703 4938 1764 4989 τὸ

201 5031 299 5084 τοῦ
322 5031 595 5100 δράματος
627 5028 1094 5095 ἐκπεπληγμένων
1118 5027 1420 5097 παράδοξον
1450 5045 1464 5059 ·
1494 5029 1633 5082 ὥστε
1671 5034 1764 5083 καὶ

200 5124 323 5175 δέον
361 5123 586 5191 σκιρτᾷν
619 5120 860 5182 ἐκείνους
915 5119 1019 5170 ὑπὸ
1063 5120 1158 5186 τῆς
1222 5120 1462 5189 μεγάλης
1511 5121 1762 5190 εὐτυχίας

202 5216 439 5282 ἐκείνη,
471 5213 580 5265 τῶν
620 5213 676 5264 δὲ
723 5214 816 5262 καὶ
863 5210 1054 5280 ἠλέουν
1099 5212 1233 5263 ἔνιοι
1274 5214 1399 5275 τοὺς
1435 5214 1757 5282 πάσχοντας,

201 5310 299 5360 καὶ
333 5305 520 5374 στῆναι
548 5304 1000 5374 παρεκελεύοντο,
1033 5306 1127 5356 καὶ
1159 5306 1298 5372 σφᾶς
1329 5305 1526 5366 αὐτοὺς
1560 5308 1762 5359 οἰκτεί-

200 5417 322 5471 μιν
346 5400 442 5466 τῆς
466 5397 844 5466 δαιμονιώδους
873 5396 1039 5448 ἐϐόων
1065 5401 1291 5464 ταυτησὶ
1327 5402 1636 5467 συμφορᾶς,
1668 5401 1762 5452 καὶ

203 5492 279 5558 μὴ
303 5490 477 5558 μάτην
494 5489 636 5542 οὕτω
654 5487 956 5558 προδιδόναι
975 5487 1195 5560 [Ρ.545]
1214 5489 1454 5555 θανάτῳ,
1473 5490 1759 5553 διώκοντος

196 5583 455 5652 μηδενός.
484 5579 668 5640 Οὕτως
685 5579 1149 5649 ἀνυπέρὸλητοντδ
1172 5583 1270 5648 τῆς
1295 5597 1444 5649 συμφ
1464 5583 1594 5650 ορᾶς
1616 5583 1760 5633 ἐκεί-

198 5691 302 5741 νης
335 5673 529 5734 πάθος,
564 5676 657 5725 καὶ
691 5672 856 5741 μηδὲν
893 5670 1278 5734 καταλελοιπὸς
1306 5672 1413 5724 τῶν
1446 5673 1532 5740 ἐφ’
1553 5674 1758 5742 ὁμοίοις

196 5766 368 5818 πάλαι
422 5765 896 5837 παραδειγμάτων,
944 5765 1272 5835 ἁμιλλᾶσθαι
1324 5765 1523 5836 ῥᾳδίως
1583 5766 1758 5836 τούτῳ

191 5858 651 5930 παρατιθέμενον.

1902 2021 2030 2074 diue
2075 2033 2367 2090 antequam
2411 2035 2739 2092 caperentur
2779 2028 2900 2097 fuga
2930 2029 3098 2097 elapsi
3133 2043 3282 2085 extra
3318 2035 3467 2102 peri-

1901 2113 2084 2163 culum
2114 2112 2222 2181 jam
2252 2124 2430 2168 erant.

1971 2204 2057 2258 \‘l.
2095 2205 2229 2257 Cum
2289 2206 2371 2257 hac
2427 2207 2481 2258 in
2539 2222 2657 2259 eam
2713 2210 3073 2264 calamitatem
3124 2214 3461 2277 incidissent,

1897 2295 2266 2349 cernebantur
2317 2299 2613 2351 subeuntes
2638 2300 2748 2369 jam
2788 2315 2842 2353 et
2892 2320 2968 2356 eae
3018 2305 3290 2370 triremes,
3342 2325 3462 2375 qua:

1898 2387 2132 2455 pridem,
2171 2398 2227 2440 ut
2263 2387 2522 2451 diximus,
2555 2389 2622 2442 ad
2657 2394 2793 2444 ostia
2835 2392 2983 2447 ﬂuvii
3018 2398 3252 2457 stabant,
3291 2402 3463 2452 maxi-

1895 2493 1992 2529 mae
2018 2480 2240 2546 quidem
2269 2489 2400 2544 tres,
2422 2485 2659 2537 minores
2686 2495 2865 2538 autem
2896 2487 3055 2553 longe
3079 2490 3345 2557 plurimae.
3371 2490 3460 2546 Ea:

1888 2565 2056 2636 864
2088 2570 2267 2620 medio
2303 2569 2353 2621 in
2401 2586 2586 2634 cursu,
2622 2589 2818 2627 vacuas
2860 2575 3175 2631 hominibus
3213 2582 3352 2635 trahi
3386 2585 3458 2637 ab

1889 2657 2140 2711 hostibus
2171 2674 2393 2712 suorum
2432 2678 2598 2716 mnes
2634 2664 2724 2718 ubi
2757 2667 3031 2731 viderunt,
3065 2680 3265 2726 stetere
3297 2677 3456 2742 quasi

1888 2750 2172 2816 torpedine
2202 2753 2382 2818 aliqua
2426 2756 2756 2820 constrictae,
2795 2767 2852 2809 ut
2883 2774 2981 2812 nec
3011 2763 3266 2830 progredi
3313 2766 3455 2818 ultra

1885 2851 2125 2908 pOSsent,
2157 2857 2257 2896 nec
2298 2845 2414 2897 vela
2450 2857 2747 2900 retrorsum
2798 2847 2948 2912 dare,
2986 2852 3159 2906 donec
3213 2855 3346 2924 ipsa:
3395 2858 3450 2909 in

1884 2932 2081 2986 similia
2114 2936 2252 2987 mala
2300 2936 2632 2990 inciderunt.
2668 2938 2802 2991 Nam
2843 2951 2898 2994 et
2930 2942 3195 3011 quidquid
3244 2945 3298 2998 in
3343 2945 3453 3000 illis

1884 3022 2168 3078 hominum
2208 3026 2334 3092 fuit,
2368 3044 2463 3081 eos
2510 3045 2700 3084 omnes
2739 3032 2928 3084 videre
2979 3044 3094 3087 erat
3137 3037 3447 3099 confestim,

1886 3115 2212 3169 trierarchos
2247 3120 2450 3185 pariter
2473 3130 2527 3172 et
2553 3131 2768 3182 nautas,
2807 3122 2947 3175 volvi
2980 3122 3033 3175 in
3067 3135 3250 3192 caput,
3285 3142 3449 3180 ruen-

1883 3211 1964 3255 tes
1998 3205 2049 3256 in
2079 3220 2249 3268 mare,
2288 3208 2479 3260 eodem
2521 3210 2681 3262 modo
2713 3222 2874 3279 atque
2901 3229 2995 3267 eos
3028 3217 3119 3282 qui
3151 3216 3294 3270 idem
3323 3230 3448 3272 ante

1881 3301 2020 3362 passi
2049 3297 2282 3359 fuerant,
2305 3309 2594 3368 antequam
2618 3308 2878 3355 nudatum
2900 3319 3085 3358 ensem
3113 3310 3442 3374 aspicerent,

1877 3395 1973 3438 aut
1999 3387 2292 3442 clamorem
2325 3390 2494 3442 ullqu
2523 3392 2760 3444 hostium
2795 3393 3063 3448 minacem
3095 3399 3371 3454 audirent.

1947 3585 2055 3639 VII.
2087 3586 2424 3641 Pervadebat
2465 3598 2643 3643 autem
2679 3595 2881 3661 pariter
2931 3595 3019 3650 ille
3055 3606 3229 3653 terror
3256 3611 3309 3654 et
3346 3617 3442 3656 eos

1873 3691 2086 3742 omnes,
2137 3679 2228 3746 qui
2272 3680 2426 3747 juxta
2467 3681 2622 3735 littus
2667 3699 2732 3737 ac
2783 3699 2964 3740 turres
3004 3690 3238 3745 stabant.
3273 3691 3444 3746 Erant

1871 3784 2016 3822 enim
2064 3771 2245 3823 omnia
2302 3771 2450 3824 omni
2503 3773 2784 3827 hominum
2834 3793 3031 3845 genere
3077 3782 3282 3848 plena:
3336 3800 3440 3837 nec

1871 3861 2033 3912 modo
2073 3861 2214 3913 intra
2247 3873 2431 3930 portas
2457 3873 2508 3916 et
2533 3878 2712 3927 extra,
2747 3870 2839 3920 sed
2875 3878 2928 3919 et
2963 3872 3194 3924 summis
3228 3874 3279 3925 iu
3307 3890 3442 3928 mua—

1870 3953 2033 4005 nibus
2060 3954 2350 4006 multitudo
2379 3964 2499 4007 erat
2528 3958 2722 4024 quovis
2751 3974 2979 4013 numero
3006 3964 3217 4029 major;
3249 3965 3302 4018 iu
3331 3981 3438 4033 qua

1872 4059 1973 4097 nec
2006 4045 2224 4098 tubicen
2259 4046 2566 4114 quisquam,
2611 4063 2711 4101 nec
2745 4051 3052 4118 cymbalum
3088 4060 3254 4106 ullum
3295 4069 3434 4122 erat,

1870 4149 2046 4202 neque
2069 4135 2366 4204 quidquam
2389 4152 2578 4189 eorum
2598 4154 2719 4206 quae
2745 4141 2917 4194 solent
2948 4144 3001 4196 in
3036 4145 3178 4197 bello
3209 4162 3439 4215 pransi-n-

1871 4227 1940 4279 tis
1989 4227 2156 4279 animi
2209 4228 2376 4279 robur
2413 4229 2677 4284 excitare.
2723 4231 2942 4286 Scilicet
2984 4249 3171 4287 earum
3226 4253 3434 4304 rerum,

1868 4331 1989 4383 qua:
2041 4330 2150 4370 tum
2205 4318 2365 4372 utiles
2410 4321 2660 4384 fuissent,
2697 4339 2886 4392 magna
2939 4327 3185 4393 quadam
3232 4329 3436 4384 oblivio

1871 4408 2240 4461 Romanorum
2298 4411 2529 4476 animos,
2583 4415 2767 4466 nescio
2827 4416 2971 4470 unde
3026 4427 3082 4470 et
3135 4423 3432 4486 quomodo,

1871 4499 2144 4553 invaserat
2195 4509 2249 4553 et
2295 4515 2642 4568 corruperat;
2697 4521 2760 4557 ac
2809 4508 3169 4576 respiratione
3207 4523 3435 4582 excepta

1547 4574 1764 4627 ἐδόκουν
1796 4601 1838 4656 D
1871 4593 2244 4662 mortuiplaue
2261 4611 2452 4648 omnes
2471 4611 2588 4648 esse
2613 4597 2959 4663 videbantur,
2989 4605 3268 4656 trudentes
3295 4606 3435 4660 alius

1866 4685 2057 4750 alium,
2088 4686 2216 4738 dum
2254 4688 2306 4738 in
2338 4686 2598 4740 interiora
2632 4689 2865 4758 fugiunt,
2890 4694 3356 4764 procidcbantquc
3381 4709 3434 4752 et

1867 4791 1927 4830 se
1978 4778 2207 4831 invicem
2256 4780 2639 4847 proterebant;
2690 4782 2857 4851 idque
2912 4801 3034 4837 cum
3093 4787 3277 4840 hostes
3328 4789 3430 4857 ipsi

1866 4876 2075 4920 starent
2104 4871 2412 4938 intentique
2437 4882 2774 4939 spectarent,
2804 4885 2854 4927 et
2883 4875 2948 4928 ad
2993 4878 3066 4929 rei
3099 4877 3426 4934 miraculum

1863 4958 2020 5011 va|dc
2048 4960 2501 5028 obstupescereut
2523 4979 2537 5028 ;
2562 4963 2636 5017 ita
2661 4975 2720 5018 ut
2738 4981 2874 5035 quos
2897 4969 2967 5021 ob
2987 4985 3241 5038 magnum
3274 4973 3429 5027 illum

1865 5068 2176 5107 successum
2211 5055 2484 5109 ersultare
2522 5062 2786 5126 oportuit,
2820 5076 2884 5114 ex
2915 5061 2980 5115 iis
3004 5067 3253 5119 nonnulli
3288 5068 3431 5121 cala-

1865 5145 2092 5200 mitosos
2132 5145 2252 5200 illos
2293 5149 2711 5214 miserarentur,
2754 5161 2810 5205 et
2845 5165 2988 5207 stare
3018 5156 3295 5225 juberent,
3332 5160 3428 5213 ob-

1863 5244 2327 5306 testarenturque,
2379 5251 2437 5293 ut
2485 5242 2537 5292 in
2577 5241 2740 5312 865
2790 5244 2881 5297 illa
2919 5247 3071 5299 clade
3121 5263 3151 5300 a
3201 5251 3428 5305 sinistro

1861 5327 2046 5395 aliquo
2073 5331 2234 5396 genio
2265 5331 2504 5385 immissa
2542 5333 2688 5402 ipsos
2728 5335 2809 5388 sui
2837 5337 3141 5403 misereret,
3174 5356 3309 5394 neve
3354 5341 3430 5397 ita

1863 5427 2066 5472 temere
2094 5429 2254 5473 Vitam
2281 5422 2596 5489 proderent,
2621 5428 2839 5484 nemine
2864 5440 3251 5498 persequente.
3277 5433 3426 5487 Adeo

1861 5511 2061 5561 malum
2131 5510 2264 5562 illttd
2324 5511 2543 5563 modum
2609 5528 2825 5566 omnem
2885 5528 3225 5582 excesserat;
3288 5519 3424 5572 adeo

1858 5613 2069 5661 eorum,
2091 5589 2211 5667 quae
2238 5615 2477 5668 unquam
2505 5604 2557 5655 in
2591 5603 2709 5668 pari
2740 5619 2902 5657 causa
2928 5607 3268 5672 acciderunt,
3290 5611 3424 5660 uilul

1858 5700 1999 5752 erat,
2040 5691 2185 5758 quod
2235 5707 2361 5746 cum
2407 5692 2515 5746 isto
2557 5694 2816 5749 collatum
2870 5696 3028 5751 facile
3068 5707 3253 5767 posset
3293 5715 3426 5751 cou-

1861 5784 2102 5837 tendere.
