4236 6442
995 426 1070 495 [Α.
1119 440 1173 478 ιι.
1208 422 1368 486 6857,
1414 437 1519 475 tan.
1559 419 1615 490 2]

711 432 853 495 11‘23

1869 419 2284 478 NICEPHORI
2321 418 2711 479 GREGC‘I-{IE

2986 412 3117 484 [ιυιι.
3158 427 3202 465 ι.
3244 421 3511 465 ελπτλσυι
3540 405 3624 476 5.]

3808 406 3944 471 1124

2134 528 2362 584 CAPUT
2407 529 2515 583 VII.

704 639 882 693 Latini
911 637 1110 692 castelli
1156 634 1356 687 obsidio
1392 631 1588 684 soluta.
1619 627 1976 682 Obsidemium
2028 627 2152 695 fuga
2198 634 2245 675 et
2296 639 2503 695 pavor;
2535 620 2713 695 Latini
2761 621 2982 673 victoria
3026 618 3295 695 moderate
3339 616 3456 695 usi;
3504 629 3688 682 pacem
3739 621 3948 695 pellunt.

778 681 960 777 ιθάαέί
991 710 1053 758 ab
1076 707 1214 777 _urbe
1242 701 1421 754 Genua
1461 700 1603 777 missi
1642 702 1875 751 veniunt.
1918 681 2116 777 Εοᾴιιῆ
2144 695 2440 777 interventu
2463 689 2708 777 (.Ialattej,
2741 706 3045 774 quaﬂqnani
3090 691 3328 750 victores,
3383 681 3593 748 iniquus
3629 683 3775 751 pacis
3809 681 3948 752 leges

775 759 1015 832 salicum.
1066 774 1430 843 Imperatoris,
1457 772 1512 822 in
1544 783 1780 822 summa:
1824 767 2096 835 angustias
2130 762 2609 826 adducti,-animus
2653 759 2804 829 {ortis
2851 771 2896 812 et
2937 759 3182 814 invictus.

778 887 822 941 1.
854 885 990 940 Cum
1044 883 1273 938 classem
1310 897 1376 935 eo
1428 880 1761 948 compulsam
1806 877 2055 930 viderent
2090 874 2149 939 ii,
2178 874 2271 942 qui
2301 880 2352 936 Α

2336 901 2352 936 ι
2445 879 2524 928 A'.
2565 845 2726 928 Ἀ).λᾶ
2792 877 2899 943 γὰρ
2930 874 3007 935 είς
3044 871 3203 924 τοῦτο
3263 871 3430 940 τύχης
3468 871 3558 922 τὶν
3596 868 3779 921 στόλον
3827 885 3953 920 συν-

710 978 774 1032 acl
818 978 1138 1030 Latinorum
1175 973 1459 1027 castellum
1511 986 1540 1023 e
1573 968 1870 1038 longinquo
1907 982 1971 1021 ac
2009 963 2280 1035 superiori

711 1072 781 1124 de
828 1069 950 1123 loco
1004 1064 1433 1135 oppugnandum
1496 1061 1649 1115 missi
1705 1060 1946 1121 fuerant,
2003 1058 2286 1129 Byzantini

714 1163 939 1224 milites,
970 1168 1025 1213 et
1064 1157 1382 1227 quicunque
1413 1154 1619 1207 auxilio
1644 1151 1820 1205 vocati
1861 1151 2079 1204 fuerant
2115 1149 2289 1202 Thra-

713 1271 806 1309 ces
858 1269 920 1307 ac
953 1253 1152 1312 Persae,
1179 1248 1246 1302 ad
1297 1248 1400 1301 tria
1459 1245 1744 1299 hominum
1784 1243 1974 1304 millia,
2014 1240 2206 1296 eodem
2233 1249 2290 1294 et

716 1345 818 1414 ipsi
847 1354 1056 1397 terrore
1088 1338 1350 1409 perculsi,
1383 1336 1590 1390 relictis
1634 1345 1690 1389 et
1719 1333 1927 1404 clypeis
1957 1343 2014 1386 et
2039 1331 2208 1386 armis
2235 1340 2292 1387 et

715 1431 1022 1486 machinis.
1077 1430 1326 1496 palantes
1378 1423 1786 1492 inordinatique
1837 1421 2116 1490 fugerunt,
2163 1434 2287 1471 eum

715 1539 880 1578 nemo
913 1530 1083 1583 esset,
1112 1521 1206 1589 qui
1257 1518 1454 1572 hostile.
1485 1526 1579 1570 aut
1619 1525 1772 1569 atrox
1803 1513 2098 1584 quidquam
2130 1512 2293 1564 muti-

717 1625 837 1669 ret:
879 1629 980 1667 nec
1034 1612 1188 1680 prius
1238 1609 1566 1674 substitere,
1601 1621 1766 1676 quam
1812 1605 1980 1659 ﬂuvio
2011 1602 2293 1657 celerrime

721 1705 946 1773 trajecto
975 1704 1145 1756 libere
1178 1700 1449 1769 respirare
1484 1699 1774 1769 coeperint.

794 1991 859 2044 ll.
918 1999 993 2043 Ac
1043 1997 1192 2042 Illius
1223 1986 1445 2057 quidem
1493 1985 1696 2039 furoris
1759 1985 1926 2038 dl\'ilti
1980 1999 2172 2039 causas
2206 1984 2297 2037 alii

723 2083 860 2139 alias
907 2081 1288 2151 proponebant
1325 2093 1492 2148 atque
1533 2077 1864 2131 statuebant.
1899 2078 2010 2145 Ego
2047 2094 2174 2131 vero
2207 2092 2300 2130 eas

726 2175 849 2227 alus
906 2169 1311 2225 enumerandas
1375 2169 1703 2238 relinquam,
1763 2169 2177 2236 orationemque
2232 2167 2298 2220 ad

725 2269 830 2321 alia
883 2275 1223 2321 convertam.
1278 2265 1460 2320 Unum
1511 2274 1690 2318 tamen
1741 2263 1844 2317 hoc
1892 2264 2057 2327 addo,
2090 2265 2133 2316 si
2161 2263 2300 2318 forte

728 2361 1055 2414 audaciores
1085 2357 1268 2412 Latini
1300 2369 1434 2411 tunc
1463 2356 1824 2418 exstitissent,
1856 2366 1913 2408 et
1945 2355 2183 2408 maximo
2212 2355 2302 2408 illo

733 2453 1144 2523 improvisoque
1176 2464 1434 2505 successu
1463 2449 1592 2502 elati
1624 2447 1895 2516 fugientes
1913 2446 2222 2516 Byzantios,
2250 2455 2305 2498 et

731 2561 760 2599 a
799 2561 857 2599 se
924 2544 1159 2597 invicem
1215 2540 1517 2596 fmdissime
1578 2537 1949 2607 proculcatos,
2003 2537 2068 2590 ad
2123 2545 2306 2606 portas

733 2652 906 2705 usque
967 2634 1242 2705 persecuti
1291 2641 1497 2692 essent,
1533 2646 1723 2700 parum
1760 2630 2080 2684 abfuturam
2135 2629 2306 2682 fuisse

733 2731 867 2798 quin
898 2728 1009 2781 illic
1069 2726 1288 2795 penitus
1324 2722 1708 2794 proﬂigaretur
1736 2723 2012 2775 variorum
2044 2729 2098 2774 et
2127 2719 2306 2774 omnis

736 2821 954 2890 generis
988 2818 1273 2871 hominum
1321 2814 1635 2868 multitudo.
1667 2811 1773 2866 Sed
1806 2812 1943 2865 iram
1978 2821 2130 2865 suam
2162 2810 2309 2865 Deus

736 2910 1008 2964 continuit
1040 2909 1372 2976 Latinosque
1409 2906 1643 2970 induxit,
1677 2915 1736 2958 ut
1773 2903 1998 2958 victoria
2031 2903 2309 2956 moderate

741 3011 1045 3064 uterentur,
1089 3015 1151 3053 ac
1190 3014 1298 3052 non
1340 2998 1572 3051 aliorum
1606 2995 1867 3050 adversos
1893 3009 2056 3048 casus
2081 2992 2159 3047 rei
2189 3010 2220 3047 a
2252 3009 2311 3048 se

740 3097 878 3148 bene.
908 3103 1070 3162 gesta:
1097 3091 1336 3144 fructum
1361 3098 1641 3158 putarent,
1665 3087 1757 3157 qui
1782 3088 1848 3141 ad
1871 3097 2128 3155 tropaeum
2147 3085 2314 3155 εδδ

742 3183 872 3238 illud
907 3185 1239 3252 insperatum
1274 3181 1408 3233 nihil
1437 3194 1660 3249 prorsus
1697 3191 1798 3232 nec
1824 3175 2080 3230 militaris
2109 3189 2310 3244 operae,

745 3288 846 3328 nec
885 3272 1104 3326 solertis
1133 3268 1559 3339 machinamenti
1603 3266 1972 3320 contulissent
2002 3277 2016 3315 :
2047 3265 2142 3316 sed
2172 3277 2312 3332 opus

747 3367 842 3420 Dei
871 3381 992 3420 esse
1020 3371 1347 3426 statuetent,
1395 3362 1688 3414 humanam
1734 3359 2066 3429 diligentiam
2104 3355 2312 3409 [utilem

747 3457 1100 3516 declarantis,
1132 3463 1186 3506 et
1208 3467 1401 3506 eorum
1427 3439 1520 3519 qui
1556 3466 1613 3504 se
1641 3450 1788 3519 ipsos
1813 3450 2092 3519 magniﬁce
2119 3448 2317 3502 eﬂ‘erre

748 3563 856 3600 non
911 3546 1187 3606 dubitant,
1237 3542 1602 3613 arrogantiam
1661 3557 1875 3596 merum
1923 3557 2042 3595 esse
2093 3540 2314 3593 mimum
2347 3562 2393 3620 (ς

751 3637 1110 3692 ostendentis.
1166 3635 1434 3688 Miserunt
1479 3634 1664 3702 itaque
1695 3634 1876 3687 statim
1919 3632 1987 3685 ad
2025 3633 2319 3700 imperato-

754 3746 889 3790 rem,
931 3728 1024 3797 qui
1070 3742 1258 3796 pacem
1301 3727 1484 3778 itidem
1528 3733 1587 3776 ut
1628 3733 1811 3788 antea,
1851 3724 1944 3779 sed
1983 3738 2093 3776 non
2129 3720 2321 3774 iisdem

755 3820 1189 3882 conditionibus,
1231 3819 1411 3871 denuo
1440 3824 1815 3884 exposcerent.

827 3912 917 3966 Ill.
949 3908 1199 3963 Nondum
1235 3909 1332 3962 toti
1376 3920 1611 3976 quatuor
1639 3922 1705 3961 ex
1742 3921 1808 3960 eo
1839 3905 1957 3959 dies
1982 3905 2323 3971 eﬂluxerant,

760 4020 882 4058 cum
918 4002 1158 4055 triremis
1213 4017 1319 4053 una
1369 3998 1646 4068 expedita,
1678 3998 1746 4052 ad
1785 3996 2079 4052 Galatzeum
2128 3999 2327 4052 castel-

760 4099 872 4152 lum
907 4095 1159 4165 appulsa,
1211 4093 1419 4160 legatos
1468 4091 1535 4143 ab
1573 4089 1707 4142 urbe
1749 4087 1936 4142 Genua
1963 4088 2199 4155 advexit,
2233 4090 2327 4159 qui

762 4189 1142 4260 Byzantiorum
1189 4181 1456 4236 voluntati
1498 4196 1595 4249 per
1638 4179 1819 4233 omnia
1871 4179 2014 4231 ultro
2050 4179 2330 4233 satisface-

765 4290 918 4344 rent;
990 4293 1052 4332 ac
1107 4276 1459 4330 restituerent
1523 4271 1746 4341 quidem
1801 4271 2071 4340 quidquid
2127 4271 2328 4336 Latini,

765 4373 1005 4441 propriis
1071 4368 1340 4422 limitibus
1398 4365 1731 4433 propagatis,
1786 4378 1853 4416 ex
1902 4379 2030 4431 agro
2087 4364 2332 4417 Romano

768 4469 1170 4529 occupassent;
1250 4455 1448 4508 deinde
1529 4451 1896 4521 rependerent
1942 4450 2008 4503 ad
2071 4450 2330 4519 plenum,

769 4550 1031 4621 quidquid
1073 4546 1255 4599 damni
1313 4543 1589 4612 Byzantiis
1638 4539 1971 4602 intulissent,
2017 4539 2336 4607 persolutis-

770 4655 874 4709 que
929 4639 1152 4705 insuper
1203 4635 1326 4702 plus
1363 4647 1524 4700 quam
1559 4641 1777 4683 centum
1832 4629 2102 4690 millibus,
2149 4643 2334 4695 pacem

773 4731 1056 4802 pristinam
1114 4729 1468 4794 impetrarent
1501 4741 1514 4775 :
1550 4724 1801 4791 jurarettt
1829 4721 2066 4788 denique
2095 4720 2336 4773 horribi-

775 4825 1041 4876 lissimum
1092 4816 1499 4889 jusjurandum,
1549 4831 1606 4867 se
1653 4829 1932 4883 nunquam
1967 4811 2032 4864 ad
2073 4813 2336 4881 ejusmodi

2384 968 2642 1021 ελαθέντα
2710 967 3000 1036 βλέποντες
3042 966 3092 1017 oi
3139 962 3426 1034 πόρρωθεν
3503 962 3812 1031 πολιορκεῖν
3853 961 3948 1028 ἀφ’

2387 1059 2594 1129 ὑψηλοῦ
2647 1059 2708 1112 τὸ
2762 1058 3172 1124 τῶν,Λατίνων
3227 1056 3488 1126 φρούριον
3545 1055 3958 1125 ἐκπεμφθέντες

2391 1147 2725 1216 στρατιῶται
2752 1145 3067 1207 Βυζαντίων
3100 1161 3157 1196 τε
3199 1148 3292 1197 καὶ
3319 1142 3607 1220 auctora/:3
3638 1142 3958 1212 συμμαχίαν

2391 1235 2700 1304 ἐκλήθησαν
2764 1233 2977 1302 Θρᾷκες
3004 1234 3136 1301 -ᾰμα
3189 1235 3284 1284 καὶ
3341 1234 3567 1304 Πέρσαι,
3598 1232 3867 1304 χιλιάδες.
3895 1232 3954 1282 οὗ

2394 1325 2579 1394 μείους
2609 1322 2717 1374 τῶν
2752 1321 2939 1392 τριῶν,
2965 1323 3076 1383 τοῖς
3104 1322 3314 1388 ὁμοίοις
3357 1303 3455 1372 καὶ
3479 1313 3627 1371 οὗτοι
3650 1320 3840 1378 δεινοῖς
3867 1335 3960 1369 πε-

2395 1416 2704 1484 ριέπιπτον,
2741 1416 2836 1466 καὶ
2883 1412 3111 1482 θυρεοὺς
3142 1412 3384 1475 ἐκείνους
3429 1413 3522 1463 καὶ
3553 1411 3694 1463 ὅπλα
3723 1412 3816 1462 καὶ
3857 1427 3962 1477 μη-

2392 1505 2694 1574 χανήματα
2744 1502 3258 1571 καταλιμπάνοντες
3304 1502 3535 1568 ἔφευγον
3582 1500 3851 1570 σποράδες
3899 1516 3960 1549 τε

2395 1597 2491 1650 καὶ
2517 1596 2867 1660 ἀσύντακτοι,
2900 1593 3128 1664 μηδενὸς
3164 1593 3318 1654 ὄντος
3359 1592 3453 1669 top
3497 1592 3758 1661 πολέμιόν
3780 1609 3834 1643 τι
3868 1592 3962 1643 καὶ

2396 1689 2590 1755 ἄγριον
2618 1684 2918 1754 γρύζοντος
2943 1698 2957 1713 ⁸
2988 1684 3083 1736 καὶ
3123 1683 3185 1737 οὐ
3219 1686 3489 1753 πρότερον
3535 1683 3790 1753 ἔστησαν,
3830 1685 3964 1750 πρίν

2401 1781 2609 1849 σπουδῇ
2639 1781 2730 1830 τὸν
2760 1775 3004 1846 ποταμὸν
3033 1777 3318 1841 διαὸάντες
3347 1777 3655 1849 ἐλευθέριόν
3687 1796 3737 1829 τι
3771 1779 3966 1829 ἀνεπε-

2398 1889 2594 1925 πνευκε
2604 1889 2701 1924 σαν
2728 1872 2851 1942 ήδη.

2471 1968 2547 2019 Β¹.
2581 1967 2694 2036 Τῆς
2731 1968 2912 2034 μέντοι
2945 1968 3243 2037 θεομηνίας
3272 1966 3504 2034 ταυτησὶ
3524 1969 3621 2026 τὰς
3653 1963 3832 2024 αἰτίας
3867 1962 3964 2014 ἄλ-

2401 2059 2483 2111 λοι
2523 2057 2689 2121 ἄλλας
2712 2058 2952 2111 ἐτίθεντο
2980 2075 3038 2108 τε
3073 2057 3166 2108 καὶ
3203 2055 3553 2125 ἐψηφίζοντο.
3594 2053 3734 2121 Ἐγὼ
3766 2054 3810 2106 δ’
3845 2053 3964 2104 ἐτέ-

2409 2171 2521 2223 ροις
2553 2170 2760 2214 ταυτας
2795 2152 3131 2220 ἀπαριθμεῖν
3163 2152 3322 2219 ἀφεὶς
3362 2150 3453 2202 τὸν
3484 2149 3642 2216 λόγον
3685 2147 3769 2215 ἐφ’
3803 2149 3969 2216 ἐτερα

2336 2227 2377 2282 Β
2406 2240 2678 2310 τρέψομαι
2703 2256 2714 2268 ·
2747 2241 2905 2328 τοῦτο
2935 2240 3092 2307 μόνον
3132 2237 3413 2307 προσθεὶς,
3445 2235 3518 2298 ὡς
3548 2237 3595 2286 εί
3632 2234 3970 2302 θρασύτερον

2405 2334 2536 2394 ίσως
2571 2333 2618 2384 οἱ
2644 2326 2861 2384 Λατῖνοι
2893 2332 3013 2382 τότε
3048 2329 3364 2392 διετίθεντο,
3396 2331 3491 2382 καὶ
3521 2327 3598 2397 τῷ
3621 2326 3770 2392 παρᾶ
3796 2341 3971 2394 προσ-

2405 2425 2592 2478 δοκίαν
2632 2426 2811 2478 πᾶσαν
2844 2425 3084 2491 μεγίστῳ
3120 2420 3452 2490 ἐπαρθέντες
3483 2420 3822 2487 εὐτυχήματι
3845 2434 3971 2468 του-

2405 2519 2507 2586 τῳὶ
2541 2514 2866 2578 Βυζαντίους
2896 2514 3193 2583 φεύγοντας
3226 2515 3322 2564 καὶ
3365 2511 3455 2564 ὑπ’
3487 2510 3731 2580 ἀλλήλων
3761 2509 3973 2570 ἁκλειῖλς

2407 2610 2926 2676 καταπατουμένους
2975 2607 3102 2675 ἄχρι
3153 2605 3338 2657 πυλῶν
3389 2603 3633 2665 ἐδίωκον,
3684 2601 3868 2667 ὀλίγου
3910 2600 3976 2652 ἂν

2411 2701 2598 2770 ἐδέησε
2630 2700 2834 2768 πλῆθος
2858 2700 2978 2750 ἐκεῖ
3008 2695 3378 2764 διαφθαρῆναι
3411 2694 3682 2746 παντοίων
3711 2696 3805 2744 καὶ
3834 2708 3977 2745 παν-

2408 2791 2658 2844 τοδαπῶν
2695 2790 3021 2860 ἀνθρώπων.
3061 2786 3200 2840 Ἀλλ’
3231 2788 3432 2855 ἐπέσχε
3467 2785 3665 2853 Κύριος
3688 2785 3777 2836 τὸν
3806 2785 3980 2852 θυμὸν

2411 2885 2602 2945 αὑτοῦ,
2636 2885 2728 2935 καὶ
2769 2883 2967 2952 μέτρια
3019 2883 3158 2947 σφᾶς
3210 2879 3373 2940 εὐθὺς
3414 2877 3698 2930 ἐπεπείκει
3735 2879 3980 2944 φρονεῖν,

2413 2978 2606 3049 καὶμὴ
2644 2979 2744 3039 τὰς
2783 2976 3067 3044 ἀλλοτρίας
3119 2973 3288 3043 τύχας
3326 2973 3437 3024 ίδια
3484 2971 3730 3040 νομίζειν
3770 2971 3984 3021 ἑαυτῶν

2414 3073 2790 3139 εὐτυχήματα,
2822 3069 2988 3138 μηδὲν
3019 3071 3073 3127 ἐς
3105 3066 3164 3118 τδ
3192 3065 3500 3134 παράλογον
3529 3061 3688 3114 τοῦτο
3719 3063 3986 3128 τρόπαιον

2414 3164 2548 3224 ὅλως
2572 3161 2793 3214 ἔνοπλον
2823 3159 3243 3228 εἰσενεγκόντων
3295 3159 3454 3225 ἔργον
3480 3155 3512 3223 ἢ
3547 3154 3765 3206 συνετὸν
3805 3155 3988 3222 μηχα-

2414 3271 2586 3322 νημα,
2628 3251 2742 3303 ἀλλ’
2793 3249 3013 3317 ἄθυρμα
3064 3245 3261 3315 σαθρὸν
3310 3244 3444 3296 θεοῦ
3492 3243 3590 3314 τὴν
3634 3243 3988 3310 ἀνθρωπίνην

2415 3347 2723 3406 δεικνύντος
2751 3343 2988 3407 σπουδὴν
3020 3341 3110 3391 καὶ
3161 3338 3373 3403 γέλωτα
3414 3336 3560 3403 σαφῆ
3590 3335 3690 3405 τὴν
3743 3333 3854 3385 τῶν
3887 3351 3989 3402 με·

2419 3435 2781 3504 γαλοφρινείν
2819 3431 2903 3499 ἐφ’
2949 3431 3165 3489 ἑαυτοῖς
3214 3427 3312 3478 οὐκ
3345 3424 3648 3476 ὀκνούντων
3673 3423 3871 3490 ὀφρύν.
3894 3423 3989 3472 Διὸ

2423 3524 2520 3576 καὶ
2559 3521 2875 3588 πέμψαντες
2909 3515 3068 3578 εὐθὺς
3103 3517 3159 3575 ἐς
3201 3513 3425 3580 βασιλέα
3455 3511 3552 3578 τὴν
3585 3512 3856 3578 προτέραν
3888 3506 3988 3561 αἶ-

2426 3615 2510 3677 θις
2544 3612 2743 3682 ὁμοίως
2775 3609 3005 3678 ἐζήτουν
3028 3608 3274 3674 εἰρήνην,
3322 3606 3371 3654 εί
3409 3602 3503 3653 καὶ
3543 3600 3620 3671 μὴ
3659 3601 3746 3669 ἐφ’
3771 3603 3992 3670 ὁμοίας

2425 3705 2548 3767 ταῖς
2589 3702 2949 3772 συμφωνίαις.

2497 3881 2573 3933 Γ.
2617 3880 2756 3932 Ἀλλ’
2806 3878 2958 3930 οὔπω
3002 3877 3266 3943 τέτταρες
3303 3876 3420 3927 ὗλαι
3459 3873 3740 3943 παρῆλθον
3783 3873 3995 3924 ἐκεῖθεν

2426 3977 2658 4045 ήμέραι,
2693 3977 2788 4027 καὶ
2817 3971 3187 4024 κατέπλευσεν
3233 3971 3289 4027 ἐς
3326 3968 3387 4020 τὸ
3420 3965 3513 4019 τοῦ
3556 3965 3798 4018 Γαλάτου
3829 3965 3997 4033 φροὺ·

2434 4084 2546 4138 ριον
2577 4069 2641 4118 ἐκ
2669 4064 2932 4123 Γεννούας
2962 4059 3374 4130 ταχυναυτοῦσα
3403 4057 3503 4125 μία
3547 4057 3799 4126 τριήρης,
3827 4057 3992 4122 πρέσ·

2432 4157 2549 4218 εεις
2600 4156 2804 4221 ἄγουσα
2859 4154 2982 4213 τοὺς
3043 4153 3222 4203 πάντα
3266 4148 3582 4205 τελέσσντας
3631 4145 3906 4212 ἀσμένως,
3964 4145 4002 4195 ἃ.

2435 4249 2572 4317 πρὸς
2633 4244 2936 4314 βουλήσεως
2990 4241 3078 4310 εἴη
3125 4239 3464 4303 Βυζαντίοις.
3513 4236 3831 4291 Καταλῦσαι
3874 4236 4001 4303 μὲν,

2432 4341 2556 4393 ὅσον
2589 4337 2790 4408 δηλαδὴ
2851 4337 2976 4396 τοὺς
3016 4336 3248 4394 οἰκείους
3283 4329 3722 4400 παρεκὸαλόντες
3758 4328 3915 4394 ὄρους
3951 4326 4006 4376 ei.

2435 4435 2658 4486 Λατῖνοι
2701 4427 3124 4496 παρακατέσχον
3178 4423 3271 4476 τοῦ
3311 4423 3417 4473 τῶν
3453 4420 3742 4488 Ῥωμαίων
3794 4417 4002 4468 τόπου’

2436 4523 2726 4578 ἀποδοῦναι
2755 4521 2808 4571 δὲ
2834 4521 2927 4572 καὶ
2965 4519 3031 4588 ἣν
3056 4520 3334 4586 ἐπήγαγον
3359 4513 3673 4577 Βυζαντίοις
3705 4511 3909 4579 ζημίαν
3948 4510 4005 4570 ἐς

2435 4615 2495 4667 τὸ
2515 4614 2757 4671 ἀνενδεές
2778 4629 2791 4642 ·
2823 4610 2906 4679 ll’.
2927 4607 3054 4679 546]
3084 4611 3176 4661 καὶ
3220 4607 3334 4675 ἅμα
3379 4601 3712 4672 προσθέντας
3747 4603 4010 4668 χρήματα

2438 4707 2618 4773 τυχεῖν
2645 4702 2742 4770 τῆς
2779 4703 3050 4771 προτέρας
3078 4700 3299 4767 εἰρήνης
3324 4693 3465 4761 ὑπὲρ
3501 4691 3598 4754 τὰς
3648 4688 3690 4760 ρ’
3724 4690 3971 4759 χιλιάδας
3994 4706 4006 4718 ·

2439 4798 2535 4848 καὶ
2561 4799 2756 4865 ὅρκους
2788 4793 2978 4843 ἔπειτα
3003 4789 3186 4842 δοῦναι
3225 4785 3694 4857 φρικωδεστάτους
3737 4781 3880 4848 ὺπέρ
3919 4781 4011 4834 τοῦ

777 4929 946 4967 novas
1011 4927 1097 4964 res
1154 4908 1454 4962 moliendas
1503 4905 1796 4958 abductum
1848 4905 1954 4967 iri;
1995 4905 2087 4957 sed
2144 4894 2393 4957 eoruml

2371 4894 2411 4946 ι)
2447 4891 2641 4957 μηκέτι
2690 4886 2824 4953 πρὸς
2875 4885 3003 4943 τοὺς
3070 4880 3284 4948 ὁμοίους
3349 4874 3715 4946 ἀπενεχθῆναι
3763 4890 4016 4940 ιεωτεριε

777 5019 1068 5066 memores,
1115 5017 1233 5068 qua:
1281 5000 1381 5052 sibi
1432 5007 1626 5065 printer
1659 5012 1807 5064 spem
1853 4995 2186 5054 evenissent,
2223 5010 2339 5046 n10-

777 5098 1078 5151 deratinres
1102 5094 1216 5145 iure
1243 5092 1295 5144 in
1318 5105 1613 5158 posterum.
1640 5087 1773 5140 Cum
1794 5095 1974 5140 autem
2006 5086 2038 5137 ii
2060 5086 2216 5155 legati
2247 5087 2340 5138 ad-

781 5188 1078 5248 venissent,
1135 5196 1464 5250 magnnsque
1519 5180 1637 5232 illos
1659 5188 1712 5230 et
1745 5179 2050 5245 inopinatos
2107 5177 2342 5245 accepis—

783 5290 907 5335 scnl
938 5292 1158 5332 suorum
1222 5288 1528 5332 successus,
1572 5281 1683 5322 tum
1715 5285 1930 5337 quoque
1967 5270 2342 5336 interposuere.

783 5390 862 5435 se,
898 5383 951 5424 ct
1008 5379 1066 5422 ut
1101 5383 1201 5436 pax
1239 5365 1327 5418 illa
1385 5365 1559 5429 turpis
1614 5362 1764 5413 ﬁeret
1811 5375 2100 5420 enravere;
2130 5359 2342 5426 qualem

785 5475 843 5520 et
878 5458 1320 5529 Peloponnesios,
1359 5454 1641 5508 Antalcida
1673 5461 1954 5520 regnante,
1985 5449 2190 5518 pridem
2221 5464 2343 5501 cum

788 5555 970 5609 Persis
1002 5549 1264 5619 pepigisse
1320 5545 1650 5612 accepimus,
1678 5541 1901 5594 classem
1953 5539 2156 5590 veritos
2184 5537 2349 5590 Atltc-

791 5646 1087 5710 nitnsium,
1125 5641 1217 5710 qui
1249 5641 1419 5693 maris
1446 5647 1558 5690 tum
1589 5645 1771 5704 aperte
1807 5632 2176 5703 potiebantur.

2448 4980 2650 5049 σμοὺς·
2685 4979 2819 5029 ἀλλὰ
2874 4973 3252 5043 μεμνημένους
3287 4970 3395 5021 τῶν
3429 4966 3558 5036 παρ’
3587 4966 3777 5017 ἐλπίδα
3799 4981 4015 5032 συμπε-

2445 5077 2739 5124 πτωκότων
2787 5068 2938 5134 σφίσι
2991 5063 3391 5134 μετριωτέρους
3448 5055 3589 5110 εἶναι
3646 5058 3740 5110 τοι)
3798 5055 4013 5108 λοιποῦ.

2462 5166 2612 5216 Ἐπεὶ
2643 5162 2688 5214 δ’
2721 5156 2937 5211 ἐλθοῦσι
2970 5155 3244 5216 κάκείνοις
3273 5155 3334 5205 τὺ
3368 5154 3511 5220 μέγα
3536 5148 3697 5202 τοῦτο
3732 5149 3824 5200 καί
3869 5148 4019 5213 παρὰ

2452 5259 2634 5308 πᾶσαν
2669 5255 2933 5320 ἔγνωσται
2976 5245 3306 5315 προσδοκίαν
3362 5244 3470 5294 τῶν
3518 5240 3808 5309 ὀμοςύλων
3861 5238 4017 5289 εὖτέ-

2453 5365 2624 5417 χημα,
2669 5346 2860 5412 μέσοις
2890 5358 2948 5392 τε
2981 5340 3258 5407 γεγονέναι
3301 5337 3444 5388 δυοῖν
3490 5331 3900 5397 ξυνεπεπτώκ;ι
3932 5330 4024 5380 καὶ

2449 5444 2544 5506 την
2588 5435 2820 5503 αίσχραν
2872 5432 3089 5498 ἐκείνην
3138 5430 3363 5498 εἰρήνην
3403 5424 3823 5495 παρασκευάσαι
3864 5423 4021 5482 ποιή-

2453 5521 2882 5586 σασθαι,ὁποίαν
2919 5522 3009 5571 καὶ
3040 5513 3500 5574 Πελοποννησίους
3547 5513 3638 5563 ἐπὶ
3677 5508 4020 5560 ’Λνταλκίδου

2454 5616 2620 5668 πάλαι
2668 5613 2803 5681 πρὸς
2837 5609 3051 5679 Πέρσας
3093 5605 3380 5659 συνθέσθαι
3426 5603 3715 5670 ἀκούομεν,
3773 5602 3886 5651 ῑέει
3929 5599 4022 5669 τῆς

2458 5705 2712 5773 ναυτικῆς
2772 5703 2878 5754 τῶν
2931 5698 3231 5768 Ἀθηναίων
3285 5696 3564 5763 δυνάμεως
3625 5697 3680 5745 ἐν
3739 5695 3852 5750 :1,-
3902 5688 4024 5740 τότε

2462 5802 2671 5870 χρόνοις
2693 5795 3006 5864 περιφανῶς
3033 5792 3334 5857 θαλαττοκρ
3347 5786 3636 5840 ατούντων.
