  <div class='ocr_page' id='page_1' title='image "/cluster/home/n/w/nwhite01/storage/ocr_20150623/148/nnc1.0046980490/588.png"; bbox 0 0 4236 6442; ppageno 0'>
   <div class='ocr_carea' id='block_1_1' title="bbox 267 404 401 466">
    <p class='ocr_par' dir='ltr' id='par_1_1' title="bbox 267 404 401 466">
     <span class='ocr_line' id='line_1_1' title="bbox 267 404 401 466; baseline -0.015 0"><span class='ocrx_word' id='word_1_1' title='bbox 267 404 401 466; x_wconf 73' lang='lat'><strong>1137</strong></span> 
     </span>
    </p>
   </div>
   <div class='ocr_carea' id='block_1_2' title="bbox 617 400 1060 474">
    <p class='ocr_par' dir='ltr' id='par_1_2' title="bbox 617 400 1060 474">
     <span class='ocr_line' id='line_1_2' title="bbox 617 400 1060 474; baseline -0.005 -18"><span class='ocrx_word' id='word_1_2' title='bbox 617 400 691 472; x_wconf 73' lang='grc' dir='ltr'><strong>[Α.</strong></span> <span class='ocrx_word' id='word_1_3' title='bbox 731 417 781 454; x_wconf 85' lang='lat' dir='ltr'><strong>c.</strong></span> <span class='ocrx_word' id='word_1_4' title='bbox 834 402 991 472; x_wconf 72' lang='grc'><strong>15511</strong></span> <span class='ocrx_word' id='word_1_5' title='bbox 1058 472 1060 474; x_wconf 16' lang='grc' dir='ltr'><strong><em>τ</em></strong></span> 
     </span>
    </p>
   </div>
   <div class='ocr_carea' id='block_1_3' title="bbox 1208 403 2483 476">
    <p class='ocr_par' dir='ltr' id='par_1_3' title="bbox 1208 403 2483 476">
     <span class='ocr_line' id='line_1_3' title="bbox 1208 403 2483 476; baseline 0.009 -12"><span class='ocrx_word' id='word_1_6' title='bbox 1208 404 1644 465; x_wconf 61' lang='grc' dir='ltr'><strong>ΒΥΖΧΝΤΙΝΕ</strong></span> <span class='ocrx_word' id='word_1_7' title='bbox 1682 403 2058 462; x_wconf 62' lang='grc' dir='ltr'><strong>ΙΙΙδΤΟΙΗΕ</strong></span> <span class='ocrx_word' id='word_1_8' title='bbox 2090 409 2226 468; x_wconf 68' lang='grc' dir='ltr'>ιλιι.</span> <span class='ocrx_word' id='word_1_9' title='bbox 2272 412 2483 476; x_wconf 81' lang='lat' dir='ltr'><strong>XVIII.</strong></span> 
     </span>
    </p>
   </div>
   <div class='ocr_carea' id='block_1_4' title="bbox 2603 410 3247 479">
    <p class='ocr_par' dir='ltr' id='par_1_4' title="bbox 2603 410 3247 479">
     <span class='ocr_line' id='line_1_4' title="bbox 2603 410 3247 479; baseline 0.009 -18"><span class='ocrx_word' id='word_1_10' title='bbox 2603 410 2736 479; x_wconf 66' lang='grc' dir='ltr'>[ιιιρ.</span> <span class='ocrx_word' id='word_1_11' title='bbox 2776 422 2819 463; x_wconf 83' lang='lat' dir='ltr'><strong>.t.</strong></span> <span class='ocrx_word' id='word_1_12' title='bbox 2859 424 3151 465; x_wconf 68' lang='lat' dir='ltr'><strong>omnem.</strong></span> <span class='ocrx_word' id='word_1_13' title='bbox 3192 411 3247 479; x_wconf 86' lang='lat'><strong>5]</strong></span> 
     </span>
    </p>
   </div>
   <div class='ocr_carea' id='block_1_5' title="bbox 3361 414 3494 475">
    <p class='ocr_par' dir='ltr' id='par_1_5' title="bbox 3361 414 3494 475">
     <span class='ocr_line' id='line_1_5' title="bbox 3361 414 3494 475; baseline 0.008 -1"><span class='ocrx_word' id='word_1_14' title='bbox 3361 414 3494 475; x_wconf 58' lang='lat'><strong>1135</strong></span> 
     </span>
    </p>
   </div>
   <div class='ocr_carea' id='block_1_6' title="bbox 264 516 1897 598">
    <p class='ocr_par' dir='ltr' id='par_1_6' title="bbox 264 516 1897 591">
     <span class='ocr_line' id='line_1_6' title="bbox 264 516 1897 591; baseline 0.003 -23"><span class='ocrx_word' id='word_1_15' title='bbox 264 516 450 585; x_wconf 71' lang='grc' dir='ltr'>φόϐων</span> <span class='ocrx_word' id='word_1_16' title='bbox 508 520 857 589; x_wconf 77' lang='grc' dir='ltr'>ἀπορρήτων,</span> <span class='ocrx_word' id='word_1_17' title='bbox 890 524 984 577; x_wconf 76' lang='grc' dir='ltr'>καὶ</span> <span class='ocrx_word' id='word_1_18' title='bbox 1035 521 1391 591; x_wconf 73' lang='grc' dir='ltr'><strong>ἀπηρτῆσθαι</strong></span> <span class='ocrx_word' id='word_1_19' title='bbox 1422 521 1674 584; x_wconf 78' lang='grc' dir='ltr'><strong>καθάπαξ</strong></span> <span class='ocrx_word' id='word_1_20' title='bbox 1729 518 1828 587; x_wconf 69' lang='grc' dir='ltr'>ἥδη</span> <span class='ocrx_word' id='word_1_21' title='bbox 1859 519 1897 573; x_wconf 80' lang='grc' dir='ltr'><strong>Α</strong></span> 
     </span>
    </p>
   </div>
   <div class='ocr_carea' id='block_1_7' title="bbox 1940 516 3491 598">
    <p class='ocr_par' dir='ltr' id='par_1_7' title="bbox 1940 524 3491 598">
     <span class='ocr_line' id='line_1_7' title="bbox 1940 524 3491 598; baseline 0.001 -23"><span class='ocrx_word' id='word_1_22' title='bbox 1940 530 2046 575; x_wconf 87' lang='lat' dir='ltr'><strong>tum</strong></span> <span class='ocrx_word' id='word_1_23' title='bbox 2080 526 2430 595; x_wconf 89' lang='lat' dir='ltr'><strong>solutumque</strong></span> <span class='ocrx_word' id='word_1_24' title='bbox 2454 527 2622 598; x_wconf 73' lang='lat'><strong>379</strong></span> <span class='ocrx_word' id='word_1_25' title='bbox 2655 528 2805 582; x_wconf 91' lang='lat' dir='ltr'><strong>omni</strong></span> <span class='ocrx_word' id='word_1_26' title='bbox 2839 527 3172 598; x_wconf 76' lang='lat' dir='ltr'><strong>suspicione,</strong></span> <span class='ocrx_word' id='word_1_27' title='bbox 3208 524 3491 596; x_wconf 83' lang='lat' dir='ltr'><strong>postquam</strong></span> 
     </span>
    </p>
   </div>
   <div class='ocr_carea' id='block_1_8' title="bbox 265 610 1829 682">
    <p class='ocr_par' dir='ltr' id='par_1_8' title="bbox 265 610 1829 682">
     <span class='ocr_line' id='line_1_8' title="bbox 265 610 1829 682; baseline 0.003 -21"><span class='ocrx_word' id='word_1_28' title='bbox 265 610 444 678; x_wconf 80' lang='grc' dir='ltr'>πὰση;</span> <span class='ocrx_word' id='word_1_29' title='bbox 479 610 732 678; x_wconf 76' lang='grc' dir='ltr'><strong>ὑποψίας,</strong></span> <span class='ocrx_word' id='word_1_30' title='bbox 761 614 823 666; x_wconf 65' lang='grc' dir='ltr'>ἑκ</span> <span class='ocrx_word' id='word_1_31' title='bbox 857 612 1031 665; x_wconf 85' lang='grc' dir='ltr'>ποδῶν</span> <span class='ocrx_word' id='word_1_32' title='bbox 1069 614 1359 682; x_wconf 79' lang='grc' dir='ltr'><strong>γενομένου</strong></span> <span class='ocrx_word' id='word_1_33' title='bbox 1391 613 1484 667; x_wconf 82' lang='grc' dir='ltr'>τοῦ</span> <span class='ocrx_word' id='word_1_34' title='bbox 1520 614 1618 682; x_wconf 80' lang='grc' dir='ltr'><strong>τὴν</strong></span> <span class='ocrx_word' id='word_1_35' title='bbox 1651 613 1829 667; x_wconf 83' lang='grc' dir='ltr'>διαδο-</span> 
     </span>
    </p>
   </div>
   <div class='ocr_carea' id='block_1_9' title="bbox 262 700 1829 774">
    <p class='ocr_par' dir='ltr' id='par_1_9' title="bbox 262 700 1829 774">
     <span class='ocr_line' id='line_1_9' title="bbox 262 700 1829 774; baseline 0.004 -24"><span class='ocrx_word' id='word_1_36' title='bbox 262 700 365 769; x_wconf 80' lang='grc' dir='ltr'><strong>χὴν</strong></span> <span class='ocrx_word' id='word_1_37' title='bbox 394 701 491 769; x_wconf 82' lang='grc' dir='ltr'>τῆς</span> <span class='ocrx_word' id='word_1_38' title='bbox 522 701 800 767; x_wconf 76' lang='grc' dir='ltr'><strong>βασιλείας</strong></span> <span class='ocrx_word' id='word_1_39' title='bbox 820 704 930 765; x_wconf 80' lang='grc' dir='ltr'>τοῖς</span> <span class='ocrx_word' id='word_1_40' title='bbox 956 704 1124 757; x_wconf 74' lang='grc' dir='ltr'>υἱέσιν</span> <span class='ocrx_word' id='word_1_41' title='bbox 1153 705 1323 767; x_wconf 82' lang='grc' dir='ltr'>ἀδεῶς</span> <span class='ocrx_word' id='word_1_42' title='bbox 1356 707 1515 757; x_wconf 71' lang='grc' dir='ltr'>αὐτὸν</span> <span class='ocrx_word' id='word_1_43' title='bbox 1538 700 1829 774; x_wconf 85' lang='grc' dir='ltr'>παραπέμ-</span> 
     </span>
    </p>
   </div>
   <div class='ocr_carea' id='block_1_10' title="bbox 261 792 1828 866">
    <p class='ocr_par' dir='ltr' id='par_1_10' title="bbox 261 792 1828 866">
     <span class='ocr_line' id='line_1_10' title="bbox 261 792 1828 866; baseline 0.005 -25"><span class='ocrx_word' id='word_1_44' title='bbox 261 807 389 843; x_wconf 85' lang='grc' dir='ltr'>πειν</span> <span class='ocrx_word' id='word_1_45' title='bbox 420 792 744 855; x_wconf 83' lang='grc' dir='ltr'>κωλύοντος.</span> <span class='ocrx_word' id='word_1_46' title='bbox 780 793 891 846; x_wconf 80' lang='grc' dir='ltr'><strong>Καὶ</strong></span> <span class='ocrx_word' id='word_1_47' title='bbox 917 797 1029 858; x_wconf 80' lang='grc' dir='ltr'>τοῖς</span> <span class='ocrx_word' id='word_1_48' title='bbox 1079 797 1398 866; x_wconf 76' lang='grc' dir='ltr'><strong>πράγμασιν</strong></span> <span class='ocrx_word' id='word_1_49' title='bbox 1431 792 1570 849; x_wconf 76' lang='grc' dir='ltr'>εἶναι</span> <span class='ocrx_word' id='word_1_50' title='bbox 1602 796 1828 863; x_wconf 83' lang='grc' dir='ltr'>νομίσας</span> 
     </span>
    </p>
   </div>
   <div class='ocr_carea' id='block_1_11' title="bbox 260 884 1829 959">
    <p class='ocr_par' dir='ltr' id='par_1_11' title="bbox 260 884 1829 959">
     <span class='ocr_line' id='line_1_11' title="bbox 260 884 1829 959; baseline 0.005 -27"><span class='ocrx_word' id='word_1_51' title='bbox 260 884 489 953; x_wconf 80' lang='grc' dir='ltr'>εἰρήνην</span> <span class='ocrx_word' id='word_1_52' title='bbox 519 901 574 936; x_wconf 79' lang='grc' dir='ltr'><strong>τε</strong></span> <span class='ocrx_word' id='word_1_53' title='bbox 609 886 701 937; x_wconf 76' lang='grc' dir='ltr'><strong>καὶ</strong></span> <span class='ocrx_word' id='word_1_54' title='bbox 736 886 1055 954; x_wconf 75' lang='grc' dir='ltr'>ἀσφάλειαν,</span> <span class='ocrx_word' id='word_1_55' title='bbox 1088 887 1183 939; x_wconf 81' lang='grc' dir='ltr'>τοῦ</span> <span class='ocrx_word' id='word_1_56' title='bbox 1233 886 1420 940; x_wconf 83' lang='grc' dir='ltr'><strong>λοιποῦ</strong></span> <span class='ocrx_word' id='word_1_57' title='bbox 1458 888 1594 954; x_wconf 77' lang='grc' dir='ltr'>πρὸς</span> <span class='ocrx_word' id='word_1_58' title='bbox 1629 890 1695 959; x_wconf 82' lang='grc' dir='ltr'>ἢν</span> <span class='ocrx_word' id='word_1_59' title='bbox 1738 888 1829 941; x_wconf 69' lang='grc' dir='ltr'>ἐπὶ</span> 
     </span>
    </p>
   </div>
   <div class='ocr_carea' id='block_1_12' title="bbox 260 971 1830 1051">
    <p class='ocr_par' dir='ltr' id='par_1_12' title="bbox 260 971 1830 1051">
     <span class='ocr_line' id='line_1_12' title="bbox 260 971 1830 1051; baseline 0.005 -24"><span class='ocrx_word' id='word_1_60' title='bbox 260 976 386 1028; x_wconf 82' lang='grc' dir='ltr'>νοῦν</span> <span class='ocrx_word' id='word_1_61' title='bbox 418 971 531 1046; x_wconf 76' lang='grc' dir='ltr'>εἶχε</span> <span class='ocrx_word' id='word_1_62' title='bbox 552 979 661 1030; x_wconf 86' lang='grc' dir='ltr'><strong>τῶν</strong></span> <span class='ocrx_word' id='word_1_63' title='bbox 687 980 1002 1032; x_wconf 71' lang='grc' dir='ltr'>ἐπισκόπων</span> <span class='ocrx_word' id='word_1_64' title='bbox 1031 983 1403 1048; x_wconf 83' lang='grc' dir='ltr'>συστήσασθαι</span> <span class='ocrx_word' id='word_1_65' title='bbox 1426 982 1665 1046; x_wconf 87' lang='grc' dir='ltr'>σύνοδον,</span> <span class='ocrx_word' id='word_1_66' title='bbox 1689 982 1830 1051; x_wconf 76' lang='grc' dir='ltr'>ὑπὲρ</span> 
     </span>
    </p>
   </div>
   <div class='ocr_carea' id='block_1_13' title="bbox 261 1067 1829 1144">
    <p class='ocr_par' dir='ltr' id='par_1_13' title="bbox 261 1067 1829 1144">
     <span class='ocr_line' id='line_1_13' title="bbox 261 1067 1829 1144; baseline 0.005 -26"><span class='ocrx_word' id='word_1_67' title='bbox 261 1067 371 1118; x_wconf 85' lang='grc' dir='ltr'><strong>τῶν</strong></span> <span class='ocrx_word' id='word_1_68' title='bbox 399 1067 491 1120; x_wconf 79' lang='grc' dir='ltr'>τοῦ</span> <span class='ocrx_word' id='word_1_69' title='bbox 527 1068 759 1137; x_wconf 85' lang='grc' dir='ltr'>Παλαμᾶ</span> <span class='ocrx_word' id='word_1_70' title='bbox 778 1071 1085 1141; x_wconf 82' lang='grc' dir='ltr'><strong>δογμάτων,</strong></span> <span class='ocrx_word' id='word_1_71' title='bbox 1107 1073 1226 1134; x_wconf 83' lang='grc' dir='ltr'>ὅλος</span> <span class='ocrx_word' id='word_1_72' title='bbox 1242 1075 1528 1143; x_wconf 75' lang='grc' dir='ltr'>ὴσχόλητο.</span> <span class='ocrx_word' id='word_1_73' title='bbox 1556 1070 1697 1127; x_wconf 83' lang='grc' dir='ltr'>Ἦκε</span> <span class='ocrx_word' id='word_1_74' title='bbox 1722 1076 1829 1144; x_wconf 83' lang='grc' dir='ltr'>γὰρ</span> 
     </span>
    </p>
   </div>
   <div class='ocr_carea' id='block_1_14' title="bbox 260 1158 1830 1234">
    <p class='ocr_par' dir='ltr' id='par_1_14' title="bbox 260 1158 1830 1234">
     <span class='ocr_line' id='line_1_14' title="bbox 260 1158 1830 1234; baseline 0.007 -25"><span class='ocrx_word' id='word_1_75' title='bbox 260 1158 363 1227; x_wconf 68' lang='grc' dir='ltr'>ἤδη</span> <span class='ocrx_word' id='word_1_76' title='bbox 413 1161 506 1211; x_wconf 79' lang='grc' dir='ltr'><strong>καὶ</strong></span> <span class='ocrx_word' id='word_1_77' title='bbox 534 1160 561 1211; x_wconf 82' lang='grc' dir='ltr'><strong>ὁ</strong></span> <span class='ocrx_word' id='word_1_78' title='bbox 596 1160 858 1231; x_wconf 82' lang='grc' dir='ltr'>Παλαμᾶς</span> <span class='ocrx_word' id='word_1_79' title='bbox 893 1165 955 1215; x_wconf 85' lang='grc' dir='ltr'>ἐκ</span> <span class='ocrx_word' id='word_1_80' title='bbox 993 1164 1393 1234; x_wconf 67' lang='grc' dir='ltr'><strong>Θεσσαλονίκης</strong></span> <span class='ocrx_word' id='word_1_81' title='bbox 1422 1168 1478 1229; x_wconf 76' lang='grc' dir='ltr'>ἐς</span> <span class='ocrx_word' id='word_1_82' title='bbox 1506 1168 1830 1230; x_wconf 71' lang='grc' dir='ltr'>Βυζάντιον,</span> 
     </span>
    </p>
   </div>
   <div class='ocr_carea' id='block_1_15' title="bbox 264 1252 1833 1327">
    <p class='ocr_par' dir='ltr' id='par_1_15' title="bbox 264 1252 1833 1327">
     <span class='ocr_line' id='line_1_15' title="bbox 264 1252 1833 1327; baseline 0.008 -27"><span class='ocrx_word' id='word_1_83' title='bbox 264 1252 549 1312; x_wconf 83' lang='grc' dir='ltr'>παντοίαις</span> <span class='ocrx_word' id='word_1_84' title='bbox 579 1254 1032 1323; x_wconf 78' lang='grc' dir='ltr'>ἀνεπτερωμένος</span> <span class='ocrx_word' id='word_1_85' title='bbox 1065 1257 1264 1323; x_wconf 77' lang='grc' dir='ltr'>ἐλπίσι,</span> <span class='ocrx_word' id='word_1_86' title='bbox 1293 1260 1464 1327; x_wconf 77' lang='grc' dir='ltr'>ῥᾷστα</span> <span class='ocrx_word' id='word_1_87' title='bbox 1497 1260 1589 1311; x_wconf 77' lang='grc' dir='ltr'><strong>καὶ</strong></span> <span class='ocrx_word' id='word_1_88' title='bbox 1618 1259 1714 1324; x_wconf 76' lang='grc' dir='ltr'>ξὺν</span> <span class='ocrx_word' id='word_1_89' title='bbox 1745 1262 1833 1313; x_wconf 85' lang='grc' dir='ltr'><strong>ού-</strong></span> 
     </span>
    </p>
   </div>
   <div class='ocr_carea' id='block_1_16' title="bbox 262 1341 1831 1422">
    <p class='ocr_par' dir='ltr' id='par_1_16' title="bbox 262 1341 1831 1422">
     <span class='ocr_line' id='line_1_16' title="bbox 262 1341 1831 1422; baseline 0.01 -32"><span class='ocrx_word' id='word_1_90' title='bbox 262 1341 377 1393; x_wconf 81' lang='grc' dir='ltr'>δενὶ</span> <span class='ocrx_word' id='word_1_91' title='bbox 408 1345 554 1413; x_wconf 75' lang='grc' dir='ltr'>πόνῳ</span> <span class='ocrx_word' id='word_1_92' title='bbox 582 1346 650 1399; x_wconf 67' lang='grc' dir='ltr'>τὰ</span> <span class='ocrx_word' id='word_1_93' title='bbox 683 1347 827 1399; x_wconf 89' lang='grc' dir='ltr'><strong>κατά</strong></span> <span class='ocrx_word' id='word_1_94' title='bbox 870 1348 1122 1419; x_wconf 86' lang='grc' dir='ltr'>βούλησιν</span> <span class='ocrx_word' id='word_1_95' title='bbox 1161 1350 1310 1420; x_wconf 82' lang='grc' dir='ltr'>αὐτῷ</span> <span class='ocrx_word' id='word_1_96' title='bbox 1361 1351 1831 1422; x_wconf 75' lang='grc' dir='ltr'><strong>ἐπαγγειλαμένου</strong></span> 
     </span>
    </p>
   </div>
   <div class='ocr_carea' id='block_1_17' title="bbox 265 1436 1834 1516">
    <p class='ocr_par' dir='ltr' id='par_1_17' title="bbox 265 1436 1834 1516">
     <span class='ocr_line' id='line_1_17' title="bbox 265 1436 1834 1516; baseline 0.01 -32"><span class='ocrx_word' id='word_1_97' title='bbox 265 1436 553 1493; x_wconf 71' lang='grc' dir='ltr'>ἐπιτελεῖν.</span> <span class='ocrx_word' id='word_1_98' title='bbox 588 1441 678 1490; x_wconf 65' lang='grc' dir='ltr'>καὶ</span> <span class='ocrx_word' id='word_1_99' title='bbox 717 1444 765 1494; x_wconf 87' lang='grc' dir='ltr'><strong>εί</strong></span> <span class='ocrx_word' id='word_1_100' title='bbox 801 1444 970 1512; x_wconf 85' lang='grc' dir='ltr'>μυρία</span> <span class='ocrx_word' id='word_1_101' title='bbox 1000 1442 1109 1495; x_wconf 88' lang='grc' dir='ltr'><strong>τῶν</strong></span> <span class='ocrx_word' id='word_1_102' title='bbox 1141 1442 1415 1515; x_wconf 84' lang='grc' dir='ltr'><strong>δημοσίων</strong></span> <span class='ocrx_word' id='word_1_103' title='bbox 1442 1445 1527 1515; x_wconf 77' lang='grc' dir='ltr'>εἴη</span> <span class='ocrx_word' id='word_1_104' title='bbox 1574 1447 1834 1516; x_wconf 75' lang='grc' dir='ltr'>πραγμά-</span> 
     </span>
    </p>
   </div>
   <div class='ocr_carea' id='block_1_18' title="bbox 265 1528 996 1602">
    <p class='ocr_par' dir='ltr' id='par_1_18' title="bbox 265 1528 996 1602">
     <span class='ocr_line' id='line_1_18' title="bbox 265 1528 996 1602; baseline 0.015 -24"><span class='ocrx_word' id='word_1_105' title='bbox 265 1544 374 1579; x_wconf 85' lang='grc' dir='ltr'>των</span> <span class='ocrx_word' id='word_1_106' title='bbox 404 1528 724 1585; x_wconf 76' lang='grc' dir='ltr'>ἀνθέλκοντα</span> <span class='ocrx_word' id='word_1_107' title='bbox 756 1534 821 1583; x_wconf 86' lang='grc' dir='ltr'><strong>κύ</strong></span> <span class='ocrx_word' id='word_1_108' title='bbox 831 1552 996 1602; x_wconf 85' lang='grc' dir='ltr'>ματα.</span> 
     </span>
    </p>
   </div>
   <div class='ocr_carea' id='block_1_19' title="bbox 335 1620 1863 1702">
    <p class='ocr_par' dir='ltr' id='par_1_19' title="bbox 335 1620 1863 1702">
     <span class='ocr_line' id='line_1_19' title="bbox 335 1620 1863 1702; baseline 0.007 -32"><span class='ocrx_word' id='word_1_109' title='bbox 335 1620 407 1671; x_wconf 87' lang='grc' dir='ltr'><strong>Δ’.</strong></span> <span class='ocrx_word' id='word_1_110' title='bbox 433 1620 569 1685; x_wconf 83' lang='grc' dir='ltr'><strong>Ἤδη</strong></span> <span class='ocrx_word' id='word_1_111' title='bbox 593 1621 646 1673; x_wconf 67' lang='grc' dir='ltr'>δὲ</span> <span class='ocrx_word' id='word_1_112' title='bbox 664 1624 759 1690; x_wconf 69' lang='grc' dir='ltr'><strong>τῆς</strong></span> <span class='ocrx_word' id='word_1_113' title='bbox 781 1624 989 1695; x_wconf 78' lang='grc' dir='ltr'>ἡμέρας</span> <span class='ocrx_word' id='word_1_114' title='bbox 1007 1626 1382 1697; x_wconf 83' lang='grc' dir='ltr'>ἐνεστηκυίας,</span> <span class='ocrx_word' id='word_1_115' title='bbox 1398 1630 1453 1681; x_wconf 79' lang='grc' dir='ltr'>ὲν</span> <span class='ocrx_word' id='word_1_116' title='bbox 1519 1629 1626 1683; x_wconf 70' lang='grc' dir='ltr'>ἔδει</span> <span class='ocrx_word' id='word_1_117' title='bbox 1642 1628 1750 1683; x_wconf 90' lang='grc' dir='ltr'><strong>τῶν</strong></span> <span class='ocrx_word' id='word_1_118' title='bbox 1766 1631 1830 1701; x_wconf 81' lang='grc' dir='ltr'>τῇ</span> <span class='ocrx_word' id='word_1_119' title='bbox 1860 1674 1863 1677; x_wconf 97' lang='grc'><strong>.</strong></span> 
     </span>
    </p>
   </div>
   <div class='ocr_carea' id='block_1_20' title="bbox 266 1714 1832 1793">
    <p class='ocr_par' dir='ltr' id='par_1_20' title="bbox 266 1714 1832 1793">
     <span class='ocr_line' id='line_1_20' title="bbox 266 1714 1832 1793; baseline 0.013 -34"><span class='ocrx_word' id='word_1_120' title='bbox 266 1714 481 1784; x_wconf 76' lang='grc' dir='ltr'>μεγάλῃ</span> <span class='ocrx_word' id='word_1_121' title='bbox 508 1714 601 1765; x_wconf 78' lang='grc' dir='ltr'>τοῦ</span> <span class='ocrx_word' id='word_1_122' title='bbox 634 1715 768 1769; x_wconf 78' lang='grc' dir='ltr'>Θεοῦ</span> <span class='ocrx_word' id='word_1_123' title='bbox 805 1719 1073 1792; x_wconf 72' lang='grc' dir='ltr'><strong>ἐκκλησίᾳ</strong></span> <span class='ocrx_word' id='word_1_124' title='bbox 1111 1722 1565 1793; x_wconf 77' lang='grc' dir='ltr'>ὑπηρετουμένων</span> <span class='ocrx_word' id='word_1_125' title='bbox 1597 1726 1712 1788; x_wconf 75' lang='grc' dir='ltr'><strong>1ένα,</strong></span> <span class='ocrx_word' id='word_1_126' title='bbox 1746 1727 1832 1779; x_wconf 66' lang='grc' dir='ltr'><strong>ἐπ’</strong></span> 
     </span>
    </p>
   </div>
   <div class='ocr_carea' id='block_1_21' title="bbox 265 1801 1835 1885">
    <p class='ocr_par' dir='ltr' id='par_1_21' title="bbox 265 1801 1835 1885">
     <span class='ocr_line' id='line_1_21' title="bbox 265 1801 1835 1885; baseline 0.011 -31"><span class='ocrx_word' id='word_1_127' title='bbox 265 1801 521 1870; x_wconf 84' lang='grc' dir='ltr'>ἇμϐωνος</span> <span class='ocrx_word' id='word_1_128' title='bbox 551 1805 827 1859; x_wconf 65' lang='grc' dir='ltr'>ἀναϐάντα</span> <span class='ocrx_word' id='word_1_129' title='bbox 847 1847 862 1867; x_wconf 85' lang='grc'><strong>.</strong></span> <span class='ocrx_word' id='word_1_130' title='bbox 897 1809 1006 1861; x_wconf 86' lang='grc' dir='ltr'><strong>τῶν</strong></span> <span class='ocrx_word' id='word_1_131' title='bbox 1042 1812 1141 1878; x_wconf 71' lang='grc' dir='ltr'>μὲν</span> <span class='ocrx_word' id='word_1_132' title='bbox 1168 1814 1407 1866; x_wconf 87' lang='grc' dir='ltr'>εύσεϐῶν</span> <span class='ocrx_word' id='word_1_133' title='bbox 1447 1815 1711 1885; x_wconf 86' lang='grc' dir='ltr'>βασιλέων</span> <span class='ocrx_word' id='word_1_134' title='bbox 1742 1818 1835 1871; x_wconf 74' lang='grc' dir='ltr'>καὶ</span> 
     </span>
    </p>
   </div>
   <div class='ocr_carea' id='block_1_22' title="bbox 267 1896 1837 1981">
    <p class='ocr_par' dir='ltr' id='par_1_22' title="bbox 267 1896 1837 1981">
     <span class='ocr_line' id='line_1_22' title="bbox 267 1896 1837 1981; baseline 0.015 -38"><span class='ocrx_word' id='word_1_135' title='bbox 267 1896 623 1966; x_wconf 87' lang='grc' dir='ltr'>πατριαρχῶν</span> <span class='ocrx_word' id='word_1_136' title='bbox 652 1897 735 1968; x_wconf 79' lang='grc' dir='ltr'><strong>[Ρ.</strong></span> <span class='ocrx_word' id='word_1_137' title='bbox 758 1899 883 1971; x_wconf 80' lang='grc'><strong>555]</strong></span> <span class='ocrx_word' id='word_1_138' title='bbox 915 1904 1310 1973; x_wconf 74' lang='grc' dir='ltr'>ἀνακηρύττειν</span> <span class='ocrx_word' id='word_1_139' title='bbox 1337 1908 1434 1970; x_wconf 69' lang='grc' dir='ltr'><strong>τὰς</strong></span> <span class='ocrx_word' id='word_1_140' title='bbox 1471 1911 1711 1981; x_wconf 79' lang='grc' dir='ltr'>μνήμας,</span> <span class='ocrx_word' id='word_1_141' title='bbox 1728 1912 1837 1966; x_wconf 88' lang='grc' dir='ltr'><strong>τῶν</strong></span> 
     </span>
    </p>
   </div>
   <div class='ocr_carea' id='block_1_23' title="bbox 264 1983 1835 2071">
    <p class='ocr_par' dir='ltr' id='par_1_23' title="bbox 264 1983 1835 2071">
     <span class='ocr_line' id='line_1_23' title="bbox 264 1983 1835 2071; baseline 0.013 -35"><span class='ocrx_word' id='word_1_142' title='bbox 264 1983 309 2037; x_wconf 81' lang='grc' dir='ltr'>δ’</span> <span class='ocrx_word' id='word_1_143' title='bbox 327 1985 541 2040; x_wconf 75' lang='grc' dir='ltr'>ἀσεϐῶν</span> <span class='ocrx_word' id='word_1_144' title='bbox 554 1989 715 2043; x_wconf 87' lang='grc' dir='ltr'>ἀναοὲ</span> <span class='ocrx_word' id='word_1_145' title='bbox 722 2009 854 2060; x_wconf 80' lang='grc' dir='ltr'>ματι</span> <span class='ocrx_word' id='word_1_146' title='bbox 876 1998 1268 2065; x_wconf 73' lang='grc' dir='ltr'>παραπέμπειν</span> <span class='ocrx_word' id='word_1_147' title='bbox 1287 2001 1381 2053; x_wconf 79' lang='grc' dir='ltr'>καὶ</span> <span class='ocrx_word' id='word_1_148' title='bbox 1396 2001 1556 2071; x_wconf 79' lang='grc' dir='ltr'>ἀραῖς</span> <span class='ocrx_word' id='word_1_149' title='bbox 1571 2003 1835 2070; x_wconf 85' lang='grc' dir='ltr'>αιωνίοις,</span> 
     </span>
    </p>
   </div>
   <div class='ocr_carea' id='block_1_24' title="bbox 266 2074 1839 2168">
    <p class='ocr_par' dir='ltr' id='par_1_24' title="bbox 266 2074 1839 2168">
     <span class='ocr_line' id='line_1_24' title="bbox 266 2074 1839 2168; baseline 0.017 -42"><span class='ocrx_word' id='word_1_150' title='bbox 266 2074 462 2144; x_wconf 78' lang='grc' dir='ltr'>γέγονέ</span> <span class='ocrx_word' id='word_1_151' title='bbox 504 2097 556 2132; x_wconf 88' lang='grc' dir='ltr'><strong>τι</strong></span> <span class='ocrx_word' id='word_1_152' title='bbox 588 2079 874 2151; x_wconf 71' lang='grc' dir='ltr'>τεράστιον</span> <span class='ocrx_word' id='word_1_153' title='bbox 921 2087 1355 2160; x_wconf 79' lang='grc' dir='ltr'>ἀπροσδόκητον.</span> <span class='ocrx_word' id='word_1_154' title='bbox 1385 2094 1681 2163; x_wconf 75' lang='grc' dir='ltr'>Σισίγηται</span> <span class='ocrx_word' id='word_1_155' title='bbox 1728 2097 1839 2168; x_wconf 77' lang='grc' dir='ltr'><strong>γὰρ</strong></span> 
     </span>
    </p>
   </div>
   <div class='ocr_carea' id='block_1_25' title="bbox 269 2169 1837 2255">
    <p class='ocr_par' dir='ltr' id='par_1_25' title="bbox 269 2169 1837 2255">
     <span class='ocr_line' id='line_1_25' title="bbox 269 2169 1837 2255; baseline 0.013 -35"><span class='ocrx_word' id='word_1_156' title='bbox 269 2169 414 2223; x_wconf 75' lang='grc' dir='ltr'>κατὰ</span> <span class='ocrx_word' id='word_1_157' title='bbox 447 2170 615 2241; x_wconf 78' lang='grc' dir='ltr'>λήθην</span> <span class='ocrx_word' id='word_1_158' title='bbox 642 2178 958 2249; x_wconf 82' lang='grc' dir='ltr'>παρασυρὲν</span> <span class='ocrx_word' id='word_1_159' title='bbox 990 2182 1185 2236; x_wconf 82' lang='grc' dir='ltr'>οὑτωσί</span> <span class='ocrx_word' id='word_1_160' title='bbox 1223 2201 1343 2247; x_wconf 86' lang='grc' dir='ltr'><strong>πως</strong></span> <span class='ocrx_word' id='word_1_161' title='bbox 1369 2184 1464 2238; x_wconf 80' lang='grc' dir='ltr'>τοῦ</span> <span class='ocrx_word' id='word_1_162' title='bbox 1506 2204 1563 2238; x_wconf 90' lang='grc' dir='ltr'><strong>τε</strong></span> <span class='ocrx_word' id='word_1_163' title='bbox 1598 2189 1718 2239; x_wconf 93' lang='grc' dir='ltr'>νέου</span> <span class='ocrx_word' id='word_1_164' title='bbox 1742 2187 1837 2255; x_wconf 77' lang='grc' dir='ltr'><strong>βα-</strong></span> 
     </span>
    </p>
   </div>
   <div class='ocr_carea' id='block_1_26' title="bbox 268 2260 1838 2350">
    <p class='ocr_par' dir='ltr' id='par_1_26' title="bbox 268 2260 1838 2350">
     <span class='ocr_line' id='line_1_26' title="bbox 268 2260 1838 2350; baseline 0.017 -42"><span class='ocrx_word' id='word_1_165' title='bbox 268 2260 461 2318; x_wconf 83' lang='grc' dir='ltr'>σιλέως</span> <span class='ocrx_word' id='word_1_166' title='bbox 490 2263 828 2334; x_wconf 72' lang='grc' dir='ltr'>Ἀνδρονίκου</span> <span class='ocrx_word' id='word_1_167' title='bbox 850 2270 1085 2341; x_wconf 80' lang='grc' dir='ltr'>τοῦνομα</span> <span class='ocrx_word' id='word_1_168' title='bbox 1112 2275 1204 2327; x_wconf 80' lang='grc' dir='ltr'>καὶ</span> <span class='ocrx_word' id='word_1_169' title='bbox 1231 2276 1347 2343; x_wconf 76' lang='grc' dir='ltr'><strong>ἅμα</strong></span> <span class='ocrx_word' id='word_1_170' title='bbox 1370 2278 1430 2329; x_wconf 78' lang='grc' dir='ltr'>τὸ</span> <span class='ocrx_word' id='word_1_171' title='bbox 1454 2278 1545 2330; x_wconf 73' lang='grc' dir='ltr'>τοῦ</span> <span class='ocrx_word' id='word_1_172' title='bbox 1570 2282 1838 2350; x_wconf 72' lang='grc' dir='ltr'>πατριάρ-</span> 
     </span>
    </p>
   </div>
   <div class='ocr_carea' id='block_1_27' title="bbox 267 2354 1833 2437">
    <p class='ocr_par' dir='ltr' id='par_1_27' title="bbox 267 2354 1833 2437">
     <span class='ocr_line' id='line_1_27' title="bbox 267 2354 1833 2437; baseline 0.015 -34"><span class='ocrx_word' id='word_1_173' title='bbox 267 2369 363 2420; x_wconf 80' lang='grc' dir='ltr'><strong>χου</strong></span> <span class='ocrx_word' id='word_1_174' title='bbox 403 2354 695 2427; x_wconf 77' lang='grc' dir='ltr'>’1τιδώρου.</span> <span class='ocrx_word' id='word_1_175' title='bbox 730 2359 798 2414; x_wconf 83' lang='grc'><strong>’³0</strong></span> <span class='ocrx_word' id='word_1_176' title='bbox 825 2367 917 2415; x_wconf 78' lang='grc' dir='ltr'><strong>καὶ</strong></span> <span class='ocrx_word' id='word_1_177' title='bbox 943 2365 1130 2432; x_wconf 82' lang='grc' dir='ltr'>σαφῶς</span> <span class='ocrx_word' id='word_1_178' title='bbox 1157 2368 1344 2430; x_wconf 78' lang='grc' dir='ltr'>οίωνδς</span> <span class='ocrx_word' id='word_1_179' title='bbox 1366 2369 1542 2436; x_wconf 62' lang='grc' dir='ltr'>ἔδοξεν</span> <span class='ocrx_word' id='word_1_180' title='bbox 1562 2369 1699 2425; x_wconf 74' lang='grc' dir='ltr'>εἶναι</span> <span class='ocrx_word' id='word_1_181' title='bbox 1726 2378 1833 2437; x_wconf 85' lang='grc' dir='ltr'>τοῖς</span> 
     </span>
    </p>
   </div>
   <div class='ocr_carea' id='block_1_28' title="bbox 267 2443 1833 2535">
    <p class='ocr_par' dir='ltr' id='par_1_28' title="bbox 267 2443 1833 2535">
     <span class='ocr_line' id='line_1_28' title="bbox 267 2443 1833 2535; baseline 0.017 -41"><span class='ocrx_word' id='word_1_182' title='bbox 267 2443 499 2509; x_wconf 77' lang='grc' dir='ltr'>ξυνετῶς</span> <span class='ocrx_word' id='word_1_183' title='bbox 532 2453 944 2522; x_wconf 74' lang='grc' dir='ltr'>στοχαζομένοις</span> <span class='ocrx_word' id='word_1_184' title='bbox 974 2456 1084 2509; x_wconf 89' lang='grc' dir='ltr'><strong>τῶν</strong></span> <span class='ocrx_word' id='word_1_185' title='bbox 1115 2461 1428 2526; x_wconf 80' lang='grc' dir='ltr'>γενομένων</span> <span class='ocrx_word' id='word_1_186' title='bbox 1462 2467 1553 2516; x_wconf 79' lang='grc' dir='ltr'><strong>καὶ</strong></span> <span class='ocrx_word' id='word_1_187' title='bbox 1592 2469 1833 2535; x_wconf 81' lang='grc' dir='ltr'>φερομέ-</span> 
     </span>
    </p>
   </div>
   <div class='ocr_carea' id='block_1_29' title="bbox 269 2539 1835 2628">
    <p class='ocr_par' dir='ltr' id='par_1_29' title="bbox 269 2539 1835 2628">
     <span class='ocr_line' id='line_1_29' title="bbox 269 2539 1835 2628; baseline 0.018 -45"><span class='ocrx_word' id='word_1_188' title='bbox 269 2552 377 2628; x_wconf 83' lang='grc' dir='ltr'><strong>νων</strong></span> <span class='ocrx_word' id='word_1_189' title='bbox 403 2539 602 2628; x_wconf 10' lang='grc' dir='ltr'>,ἀλὶοὲ</span> <span class='ocrx_word' id='word_1_190' title='bbox 634 2544 806 2606; x_wconf 82' lang='grc' dir='ltr'>ἄλλως</span> <span class='ocrx_word' id='word_1_191' title='bbox 838 2548 1199 2616; x_wconf 85' lang='grc' dir='ltr'>πραγμάτων.</span> <span class='ocrx_word' id='word_1_192' title='bbox 1234 2552 1383 2620; x_wconf 79' lang='grc' dir='ltr'>Μηδὲ</span> <span class='ocrx_word' id='word_1_193' title='bbox 1414 2556 1522 2626; x_wconf 72' lang='grc' dir='ltr'>γὰρ</span> <span class='ocrx_word' id='word_1_194' title='bbox 1553 2555 1685 2611; x_wconf 79' lang='grc' dir='ltr'>εἶναι</span> <span class='ocrx_word' id='word_1_195' title='bbox 1714 2560 1835 2628; x_wconf 77' lang='grc' dir='ltr'><strong>Θεῷ</strong></span> 
     </span>
    </p>
   </div>
   <div class='ocr_carea' id='block_1_30' title="bbox 268 2624 1833 2714">
    <p class='ocr_par' dir='ltr' id='par_1_30' title="bbox 268 2624 1833 2714">
     <span class='ocr_line' id='line_1_30' title="bbox 268 2624 1833 2714; baseline 0.019 -42"><span class='ocrx_word' id='word_1_196' title='bbox 268 2624 445 2694; x_wconf 50' lang='lat' dir='ltr'><strong>(om!)</strong></span> <span class='ocrx_word' id='word_1_197' title='bbox 458 2625 794 2697; x_wconf 79' lang='grc' dir='ltr'>δεδογμένον,</span> <span class='ocrx_word' id='word_1_198' title='bbox 811 2632 885 2695; x_wconf 82' lang='grc' dir='ltr'>ὡς</span> <span class='ocrx_word' id='word_1_199' title='bbox 914 2631 1106 2699; x_wconf 74' lang='grc' dir='ltr'>ἔοικεν,</span> <span class='ocrx_word' id='word_1_200' title='bbox 1133 2638 1220 2690; x_wconf 79' lang='grc' dir='ltr'><strong>ἐπ’</strong></span> <span class='ocrx_word' id='word_1_201' title='bbox 1236 2641 1402 2709; x_wconf 83' lang='grc' dir='ltr'>ὲκκλη</span> <span class='ocrx_word' id='word_1_202' title='bbox 1412 2624 1503 2696; x_wconf 84' lang='grc' dir='ltr'><strong>σία</strong></span> <span class='ocrx_word' id='word_1_203' title='bbox 1510 2664 1528 2704; x_wconf 76' lang='grc' dir='ltr'><strong>ς</strong></span> <span class='ocrx_word' id='word_1_204' title='bbox 1549 2624 1833 2714; x_wconf 72' lang='grc' dir='ltr'>ὑμνεῖσθαι</span> 
     </span>
    </p>
   </div>
   <div class='ocr_carea' id='block_1_31' title="bbox 269 2715 1834 2804">
    <p class='ocr_par' dir='ltr' id='par_1_31' title="bbox 269 2715 1834 2804">
     <span class='ocr_line' id='line_1_31' title="bbox 269 2715 1834 2804; baseline 0.02 -41"><span class='ocrx_word' id='word_1_205' title='bbox 269 2715 407 2783; x_wconf 72' lang='grc' dir='ltr'>μήτε</span> <span class='ocrx_word' id='word_1_206' title='bbox 439 2718 529 2770; x_wconf 86' lang='grc' dir='ltr'><strong>τὸν</strong></span> <span class='ocrx_word' id='word_1_207' title='bbox 547 2720 791 2785; x_wconf 75' lang='grc' dir='ltr'>βασιλέα,</span> <span class='ocrx_word' id='word_1_208' title='bbox 812 2725 1028 2795; x_wconf 88' lang='grc' dir='ltr'>πρῶτον</span> <span class='ocrx_word' id='word_1_209' title='bbox 1053 2728 1153 2799; x_wconf 79' lang='grc' dir='ltr'>τὴν</span> <span class='ocrx_word' id='word_1_210' title='bbox 1181 2731 1274 2783; x_wconf 79' lang='grc' dir='ltr'>τοῦ</span> <span class='ocrx_word' id='word_1_211' title='bbox 1308 2736 1545 2804; x_wconf 80' lang='grc' dir='ltr'>Παλαμᾶ</span> <span class='ocrx_word' id='word_1_212' title='bbox 1573 2740 1834 2795; x_wconf 82' lang='grc' dir='ltr'>πολύθεον</span> 
     </span>
    </p>
   </div>
   <div class='ocr_carea' id='block_1_32' title="bbox 267 2807 1836 2898">
    <p class='ocr_par' dir='ltr' id='par_1_32' title="bbox 267 2807 1836 2898">
     <span class='ocr_line' id='line_1_32' title="bbox 267 2807 1836 2898; baseline 0.019 -40"><span class='ocrx_word' id='word_1_213' title='bbox 267 2807 479 2879; x_wconf 75' lang='grc' dir='ltr'>πλάνην</span> <span class='ocrx_word' id='word_1_214' title='bbox 526 2815 935 2884; x_wconf 85' lang='grc' dir='ltr'>μετεωρίσαντα</span> <span class='ocrx_word' id='word_1_215' title='bbox 967 2821 1105 2889; x_wconf 81' lang='grc' dir='ltr'>πρὸς</span> <span class='ocrx_word' id='word_1_216' title='bbox 1147 2823 1467 2894; x_wconf 66' lang='grc' dir='ltr'>ὑπερθέσεις</span> <span class='ocrx_word' id='word_1_217' title='bbox 1514 2832 1609 2883; x_wconf 76' lang='grc' dir='ltr'><strong>καὶ</strong></span> <span class='ocrx_word' id='word_1_218' title='bbox 1654 2833 1836 2898; x_wconf 81' lang='grc' dir='ltr'>ἀνεξέ-</span> 
     </span>
    </p>
   </div>
   <div class='ocr_carea' id='block_1_33' title="bbox 272 2902 1834 2985">
    <p class='ocr_par' dir='ltr' id='par_1_33' title="bbox 272 2902 1834 2985">
     <span class='ocr_line' id='line_1_33' title="bbox 272 2902 1834 2985; baseline 0.017 -34"><span class='ocrx_word' id='word_1_219' title='bbox 272 2916 466 2953; x_wconf 83' lang='grc' dir='ltr'>ταστον</span> <span class='ocrx_word' id='word_1_220' title='bbox 499 2902 784 2959; x_wconf 75' lang='grc' dir='ltr'>λελοιπότα</span> <span class='ocrx_word' id='word_1_221' title='bbox 809 2910 904 2960; x_wconf 79' lang='grc' dir='ltr'>καὶ</span> <span class='ocrx_word' id='word_1_222' title='bbox 937 2911 1284 2982; x_wconf 79' lang='grc' dir='ltr'>ἀδιόρθωτον,</span> <span class='ocrx_word' id='word_1_223' title='bbox 1320 2920 1457 2985; x_wconf 79' lang='grc' dir='ltr'>μήτε</span> <span class='ocrx_word' id='word_1_224' title='bbox 1493 2921 1585 2973; x_wconf 84' lang='grc' dir='ltr'><strong>τὸν</strong></span> <span class='ocrx_word' id='word_1_225' title='bbox 1630 2922 1834 2977; x_wconf 84' lang='grc' dir='ltr'>Ἰσίδω-</span> 
     </span>
    </p>
   </div>
   <div class='ocr_carea' id='block_1_34' title="bbox 266 2997 1839 3083">
    <p class='ocr_par' dir='ltr' id='par_1_34' title="bbox 266 2997 1839 3083">
     <span class='ocr_line' id='line_1_34' title="bbox 266 2997 1839 3083; baseline 0.022 -43"><span class='ocrx_word' id='word_1_226' title='bbox 266 3008 382 3061; x_wconf 84' lang='grc' dir='ltr'>ρον,</span> <span class='ocrx_word' id='word_1_227' title='bbox 415 2997 626 3065; x_wconf 74' lang='grc' dir='ltr'>πρῶτον</span> <span class='ocrx_word' id='word_1_228' title='bbox 652 3001 1029 3069; x_wconf 78' lang='grc' dir='ltr'>είσενεγκόντα</span> <span class='ocrx_word' id='word_1_229' title='bbox 1054 3007 1169 3067; x_wconf 88' lang='grc' dir='ltr'>τοῖς</span> <span class='ocrx_word' id='word_1_230' title='bbox 1193 3019 1609 3081; x_wconf 81' lang='grc' dir='ltr'>πατριαρχικοῑς</span> <span class='ocrx_word' id='word_1_231' title='bbox 1636 3018 1839 3083; x_wconf 65' lang='grc' dir='ltr'>θώκοις</span> 
     </span>
    </p>
   </div>
   <div class='ocr_carea' id='block_1_35' title="bbox 265 3084 1832 3175">
    <p class='ocr_par' dir='ltr' id='par_1_35' title="bbox 265 3084 1832 3175">
     <span class='ocr_line' id='line_1_35' title="bbox 265 3084 1832 3175; baseline 0.019 -39"><span class='ocrx_word' id='word_1_232' title='bbox 265 3084 434 3155; x_wconf 82' lang='grc' dir='ltr'>αὐτὴν</span> <span class='ocrx_word' id='word_1_233' title='bbox 482 3091 576 3140; x_wconf 73' lang='grc' dir='ltr'>καὶ</span> <span class='ocrx_word' id='word_1_234' title='bbox 618 3089 855 3164; x_wconf 76' lang='grc' dir='ltr'>δημοσία</span> <span class='ocrx_word' id='word_1_235' title='bbox 902 3096 1324 3167; x_wconf 80' lang='grc' dir='ltr'>ἀνακηρύξαντα</span> <span class='ocrx_word' id='word_1_236' title='bbox 1375 3103 1553 3172; x_wconf 81' lang='grc' dir='ltr'>λόγοις</span> <span class='ocrx_word' id='word_1_237' title='bbox 1574 3107 1690 3175; x_wconf 76' lang='grc' dir='ltr'><strong>ἅμα</strong></span> <span class='ocrx_word' id='word_1_238' title='bbox 1741 3113 1832 3167; x_wconf 75' lang='grc' dir='ltr'><strong>καί</strong></span> 
     </span>
    </p>
   </div>
   <div class='ocr_carea' id='block_1_36' title="bbox 1936 617 3493 688">
    <p class='ocr_par' dir='ltr' id='par_1_36' title="bbox 1936 617 3493 688">
     <span class='ocr_line' id='line_1_36' title="bbox 1936 617 3493 688; baseline -0.001 -19"><span class='ocrx_word' id='word_1_239' title='bbox 1936 632 1965 669; x_wconf 87' lang='lat' dir='ltr'><strong>a</strong></span> <span class='ocrx_word' id='word_1_240' title='bbox 1999 628 2294 686; x_wconf 76' lang='lat' dir='ltr'><strong>conspectu</strong></span> <span class='ocrx_word' id='word_1_241' title='bbox 2328 621 2645 675; x_wconf 87' lang='lat' dir='ltr'><strong>removisset</strong></span> <span class='ocrx_word' id='word_1_242' title='bbox 2676 636 2798 673; x_wconf 90' lang='lat' dir='ltr'><strong>eum</strong></span> <span class='ocrx_word' id='word_1_243' title='bbox 2829 619 3030 682; x_wconf 86' lang='lat' dir='ltr'><strong>virum,</strong></span> <span class='ocrx_word' id='word_1_244' title='bbox 3053 619 3145 688; x_wconf 93' lang='lat' dir='ltr'><strong>qui</strong></span> <span class='ocrx_word' id='word_1_245' title='bbox 3178 633 3244 672; x_wconf 90' lang='lat' dir='ltr'><strong>ne</strong></span> <span class='ocrx_word' id='word_1_246' title='bbox 3279 617 3493 684; x_wconf 70' lang='lat' dir='ltr'><strong>imperii</strong></span> 
     </span>
    </p>
   </div>
   <div class='ocr_carea' id='block_1_37' title="bbox 1934 708 3491 766">
    <p class='ocr_par' dir='ltr' id='par_1_37' title="bbox 1934 708 3491 766">
     <span class='ocr_line' id='line_1_37' title="bbox 1934 708 3491 766; baseline -0.001 -6"><span class='ocrx_word' id='word_1_247' title='bbox 1934 709 2340 764; x_wconf 74' lang='lat' dir='ltr'><strong>successionem</strong></span> <span class='ocrx_word' id='word_1_248' title='bbox 2376 710 2565 765; x_wconf 87' lang='lat' dir='ltr'><strong>liberis</strong></span> <span class='ocrx_word' id='word_1_249' title='bbox 2592 711 2705 766; x_wconf 87' lang='lat' dir='ltr'><strong>suis</strong></span> <span class='ocrx_word' id='word_1_250' title='bbox 2734 720 2853 765; x_wconf 90' lang='lat' dir='ltr'><strong>tnto</strong></span> <span class='ocrx_word' id='word_1_251' title='bbox 2881 710 3277 765; x_wconf 79' lang='lat' dir='ltr'><strong>transmitteret</strong></span> <span class='ocrx_word' id='word_1_252' title='bbox 3310 708 3491 761; x_wconf 79' lang='lat' dir='ltr'><strong>obsta-</strong></span> 
     </span>
    </p>
   </div>
   <div class='ocr_carea' id='block_1_38' title="bbox 1937 798 3494 872">
    <p class='ocr_par' dir='ltr' id='par_1_38' title="bbox 1937 798 3494 872">
     <span class='ocr_line' id='line_1_38' title="bbox 1937 798 3494 872; baseline 0 -20"><span class='ocrx_word' id='word_1_253' title='bbox 1937 798 2048 853; x_wconf 89' lang='lat' dir='ltr'><strong>bat.</strong></span> <span class='ocrx_word' id='word_1_254' title='bbox 2090 801 2277 869; x_wconf 87' lang='lat' dir='ltr'><strong>Itaque</strong></span> <span class='ocrx_word' id='word_1_255' title='bbox 2310 812 2496 872; x_wconf 86' lang='lat' dir='ltr'><strong>pacata</strong></span> <span class='ocrx_word' id='word_1_256' title='bbox 2531 818 2594 858; x_wconf 91' lang='lat' dir='ltr'><strong>ac</strong></span> <span class='ocrx_word' id='word_1_257' title='bbox 2625 819 2820 858; x_wconf 81' lang='lat' dir='ltr'><strong>secura</strong></span> <span class='ocrx_word' id='word_1_258' title='bbox 2848 805 3031 857; x_wconf 90' lang='lat' dir='ltr'><strong>omnia</strong></span> <span class='ocrx_word' id='word_1_259' title='bbox 3079 803 3394 863; x_wconf 82' lang='lat' dir='ltr'><strong>arbitratus,</strong></span> <span class='ocrx_word' id='word_1_260' title='bbox 3442 802 3494 853; x_wconf 80' lang='lat' dir='ltr'><strong>in</strong></span> 
     </span>
    </p>
   </div>
   <div class='ocr_carea' id='block_1_39' title="bbox 1934 894 3499 967">
    <p class='ocr_par' dir='ltr' id='par_1_39' title="bbox 1934 894 3499 967">
     <span class='ocr_line' id='line_1_39' title="bbox 1934 894 3499 967; baseline -0.001 -19"><span class='ocrx_word' id='word_1_261' title='bbox 1934 908 2003 948; x_wconf 87' lang='lat' dir='ltr'><strong>eo</strong></span> <span class='ocrx_word' id='word_1_262' title='bbox 2033 894 2292 965; x_wconf 90' lang='lat' dir='ltr'><strong>deinceps</strong></span> <span class='ocrx_word' id='word_1_263' title='bbox 2328 906 2475 951; x_wconf 90' lang='lat' dir='ltr'><strong>totus</strong></span> <span class='ocrx_word' id='word_1_264' title='bbox 2506 897 2629 964; x_wconf 87' lang='lat' dir='ltr'><strong>fuit,</strong></span> <span class='ocrx_word' id='word_1_265' title='bbox 2683 910 2743 953; x_wconf 91' lang='lat' dir='ltr'><strong>ut</strong></span> <span class='ocrx_word' id='word_1_266' title='bbox 2776 898 2921 967; x_wconf 90' lang='lat' dir='ltr'><strong>quod</strong></span> <span class='ocrx_word' id='word_1_267' title='bbox 2962 898 3145 951; x_wconf 89' lang='lat' dir='ltr'><strong>animo</strong></span> <span class='ocrx_word' id='word_1_268' title='bbox 3194 895 3499 950; x_wconf 85' lang='lat' dir='ltr'><strong>meditaba-</strong></span> 
     </span>
    </p>
   </div>
   <div class='ocr_carea' id='block_1_40' title="bbox 1940 987 3496 1058">
    <p class='ocr_par' dir='ltr' id='par_1_40' title="bbox 1940 987 3496 1058">
     <span class='ocr_line' id='line_1_40' title="bbox 1940 987 3496 1058; baseline -0.001 -18"><span class='ocrx_word' id='word_1_269' title='bbox 1940 995 2049 1049; x_wconf 91' lang='lat' dir='ltr'><strong>tur,</strong></span> <span class='ocrx_word' id='word_1_270' title='bbox 2089 998 2276 1041; x_wconf 83' lang='lat' dir='ltr'><strong>coacto</strong></span> <span class='ocrx_word' id='word_1_271' title='bbox 2309 988 2696 1058; x_wconf 89' lang='lat' dir='ltr'><strong>episcoporum</strong></span> <span class='ocrx_word' id='word_1_272' title='bbox 2733 989 2989 1049; x_wconf 88' lang='lat' dir='ltr'><strong>concilio.</strong></span> <span class='ocrx_word' id='word_1_273' title='bbox 3038 988 3344 1042; x_wconf 81' lang='lat' dir='ltr'><strong>doctrinam</strong></span> <span class='ocrx_word' id='word_1_274' title='bbox 3393 987 3496 1039; x_wconf 80' lang='lat' dir='ltr'><strong>l&#39;a-</strong></span> 
     </span>
    </p>
   </div>
   <div class='ocr_carea' id='block_1_41' title="bbox 1937 1076 3499 1147">
    <p class='ocr_par' dir='ltr' id='par_1_41' title="bbox 1937 1076 3499 1147">
     <span class='ocr_line' id='line_1_41' title="bbox 1937 1076 3499 1147; baseline -0.001 -17"><span class='ocrx_word' id='word_1_275' title='bbox 1937 1076 2095 1130; x_wconf 70' lang='lat' dir='ltr'><strong>lamze</strong></span> <span class='ocrx_word' id='word_1_276' title='bbox 2128 1086 2393 1131; x_wconf 84' lang='lat' dir='ltr'><strong>tueretur.</strong></span> <span class='ocrx_word' id='word_1_277' title='bbox 2426 1079 2638 1147; x_wconf 86' lang='lat' dir='ltr'><strong>Quippe</strong></span> <span class='ocrx_word' id='word_1_278' title='bbox 2670 1087 2724 1133; x_wconf 89' lang='lat' dir='ltr'><strong>et</strong></span> <span class='ocrx_word' id='word_1_279' title='bbox 2772 1081 2886 1147; x_wconf 88' lang='lat' dir='ltr'><strong>ipse</strong></span> <span class='ocrx_word' id='word_1_280' title='bbox 2928 1079 3171 1133; x_wconf 85' lang='lat' dir='ltr'><strong>Palamas</strong></span> <span class='ocrx_word' id='word_1_281' title='bbox 3211 1077 3499 1131; x_wconf 80' lang='lat' dir='ltr'><strong>Thessalo-</strong></span> 
     </span>
    </p>
   </div>
   <div class='ocr_carea' id='block_1_42' title="bbox 1940 1167 3498 1239">
    <p class='ocr_par' dir='ltr' id='par_1_42' title="bbox 1940 1167 3498 1239">
     <span class='ocr_line' id='line_1_42' title="bbox 1940 1167 3498 1239; baseline 0.001 -18"><span class='ocrx_word' id='word_1_282' title='bbox 1940 1170 2057 1222; x_wconf 82' lang='lat' dir='ltr'><strong>nica</strong></span> <span class='ocrx_word' id='word_1_283' title='bbox 2094 1169 2406 1239; x_wconf 77' lang='lat' dir='ltr'><strong>Byzantium</strong></span> <span class='ocrx_word' id='word_1_284' title='bbox 2441 1170 2550 1239; x_wconf 86' lang='lat' dir='ltr'><strong>jam</strong></span> <span class='ocrx_word' id='word_1_285' title='bbox 2584 1181 2831 1234; x_wconf 87' lang='lat' dir='ltr'><strong>venerat,</strong></span> <span class='ocrx_word' id='word_1_286' title='bbox 2869 1185 3081 1224; x_wconf 90' lang='lat' dir='ltr'><strong>summa</strong></span> <span class='ocrx_word' id='word_1_287' title='bbox 3130 1184 3225 1238; x_wconf 79' lang='lat' dir='ltr'><strong>spe</strong></span> <span class='ocrx_word' id='word_1_288' title='bbox 3260 1167 3498 1223; x_wconf 84' lang='lat' dir='ltr'><strong>inﬂatus.</strong></span> 
     </span>
    </p>
   </div>
   <div class='ocr_carea' id='block_1_43' title="bbox 1938 1258 3501 1329">
    <p class='ocr_par' dir='ltr' id='par_1_43' title="bbox 1938 1258 3501 1329">
     <span class='ocr_line' id='line_1_43' title="bbox 1938 1258 3501 1329; baseline -0.003 -15"><span class='ocrx_word' id='word_1_289' title='bbox 1938 1259 2070 1314; x_wconf 83' lang='lat' dir='ltr'><strong>Nam</strong></span> <span class='ocrx_word' id='word_1_290' title='bbox 2099 1276 2219 1329; x_wconf 65' lang='lat' dir='ltr'><strong>qua:</strong></span> <span class='ocrx_word' id='word_1_291' title='bbox 2252 1260 2299 1315; x_wconf 89' lang='lat' dir='ltr'><strong>is</strong></span> <span class='ocrx_word' id='word_1_292' title='bbox 2326 1261 2509 1327; x_wconf 83' lang='lat' dir='ltr'><strong>vellet,</strong></span> <span class='ocrx_word' id='word_1_293' title='bbox 2538 1274 2603 1315; x_wconf 89' lang='lat' dir='ltr'><strong>ea</strong></span> <span class='ocrx_word' id='word_1_294' title='bbox 2631 1276 2689 1315; x_wconf 88' lang='lat' dir='ltr'><strong>se</strong></span> <span class='ocrx_word' id='word_1_295' title='bbox 2715 1260 3128 1316; x_wconf 82' lang='lat' dir='ltr'><strong>Cantaenzenus</strong></span> <span class='ocrx_word' id='word_1_296' title='bbox 3162 1258 3418 1313; x_wconf 80' lang='lat' dir='ltr'><strong>facillime</strong></span> <span class='ocrx_word' id='word_1_297' title='bbox 3445 1266 3501 1312; x_wconf 86' lang='lat' dir='ltr'><strong>et</strong></span> 
     </span>
    </p>
   </div>
   <div class='ocr_carea' id='block_1_44' title="bbox 1940 1353 3502 1425">
    <p class='ocr_par' dir='ltr' id='par_1_44' title="bbox 1940 1353 3502 1425">
     <span class='ocr_line' id='line_1_44' title="bbox 1940 1353 3502 1425; baseline -0.003 -18"><span class='ocrx_word' id='word_1_298' title='bbox 1940 1354 2092 1407; x_wconf 86' lang='lat' dir='ltr'><strong>nullo</strong></span> <span class='ocrx_word' id='word_1_299' title='bbox 2123 1354 2335 1419; x_wconf 87' lang='lat' dir='ltr'><strong>labore,</strong></span> <span class='ocrx_word' id='word_1_300' title='bbox 2367 1356 2721 1424; x_wconf 84' lang='lat' dir='ltr'><strong>quantumvis</strong></span> <span class='ocrx_word' id='word_1_301' title='bbox 2755 1353 2983 1425; x_wconf 76' lang='lat' dir='ltr'><strong>infinitis</strong></span> <span class='ocrx_word' id='word_1_302' title='bbox 3022 1353 3367 1421; x_wconf 86' lang='lat' dir='ltr'><strong>publicorum</strong></span> <span class='ocrx_word' id='word_1_303' title='bbox 3406 1365 3502 1403; x_wconf 87' lang='lat' dir='ltr'><strong>nc-</strong></span> 
     </span>
    </p>
   </div>
   <div class='ocr_carea' id='block_1_45' title="bbox 1938 1447 3502 1519">
    <p class='ocr_par' dir='ltr' id='par_1_45' title="bbox 1938 1447 3502 1519">
     <span class='ocr_line' id='line_1_45' title="bbox 1938 1447 3502 1519; baseline -0.002 -18"><span class='ocrx_word' id='word_1_304' title='bbox 1938 1448 2212 1519; x_wconf 82' lang='lat' dir='ltr'><strong>gotiorum</strong></span> <span class='ocrx_word' id='word_1_305' title='bbox 2254 1447 2513 1502; x_wconf 79' lang='lat' dir='ltr'><strong>ﬂuctibus</strong></span> <span class='ocrx_word' id='word_1_306' title='bbox 2558 1448 2900 1511; x_wconf 81' lang='lat' dir='ltr'><strong>distractum,</strong></span> <span class='ocrx_word' id='word_1_307' title='bbox 2952 1455 3337 1502; x_wconf 75' lang='lat' dir='ltr'><strong>exsecuturum</strong></span> <span class='ocrx_word' id='word_1_308' title='bbox 3381 1459 3502 1499; x_wconf 83' lang='lat' dir='ltr'><strong>esse</strong></span> 
     </span>
    </p>
   </div>
   <div class='ocr_carea' id='block_1_46' title="bbox 1939 1540 2283 1611">
    <p class='ocr_par' dir='ltr' id='par_1_46' title="bbox 1939 1540 2283 1611">
     <span class='ocr_line' id='line_1_46' title="bbox 1939 1540 2283 1611; baseline -0.003 -18"><span class='ocrx_word' id='word_1_309' title='bbox 1939 1540 2283 1611; x_wconf 88' lang='lat' dir='ltr'><strong>promiserat.</strong></span> 
     </span>
    </p>
   </div>
   <div class='ocr_carea' id='block_1_47' title="bbox 2011 1629 3500 1699">
    <p class='ocr_par' dir='ltr' id='par_1_47' title="bbox 2011 1629 3500 1699">
     <span class='ocr_line' id='line_1_47' title="bbox 2011 1629 3500 1699; baseline -0.003 -17"><span class='ocrx_word' id='word_1_310' title='bbox 2011 1629 2096 1686; x_wconf 81' lang='lat' dir='ltr'><strong>IV.</strong></span> <span class='ocrx_word' id='word_1_311' title='bbox 2134 1630 2212 1685; x_wconf 81' lang='lat' dir='ltr'><strong>Ac</strong></span> <span class='ocrx_word' id='word_1_312' title='bbox 2241 1632 2349 1696; x_wconf 86' lang='lat' dir='ltr'><strong>jam</strong></span> <span class='ocrx_word' id='word_1_313' title='bbox 2391 1629 2510 1684; x_wconf 86' lang='lat' dir='ltr'><strong>dies</strong></span> <span class='ocrx_word' id='word_1_314' title='bbox 2536 1629 2747 1694; x_wconf 85' lang='lat' dir='ltr'><strong>aderat,</strong></span> <span class='ocrx_word' id='word_1_315' title='bbox 2780 1629 2832 1683; x_wconf 93' lang='lat' dir='ltr'><strong>in</strong></span> <span class='ocrx_word' id='word_1_316' title='bbox 2864 1645 2969 1698; x_wconf 78' lang='lat' dir='ltr'><strong>qna</strong></span> <span class='ocrx_word' id='word_1_317' title='bbox 3011 1629 3298 1699; x_wconf 84' lang='lat' dir='ltr'><strong>oportebat</strong></span> <span class='ocrx_word' id='word_1_318' title='bbox 3332 1637 3500 1680; x_wconf 88' lang='lat' dir='ltr'><strong>unum</strong></span> 
     </span>
    </p>
   </div>
   <div class='ocr_carea' id='block_1_48' title="bbox 1939 1719 3498 1791">
    <p class='ocr_par' dir='ltr' id='par_1_48' title="bbox 1939 1719 3498 1791">
     <span class='ocr_line' id='line_1_48' title="bbox 1939 1719 3498 1791; baseline -0.003 -13"><span class='ocrx_word' id='word_1_319' title='bbox 1939 1738 2008 1778; x_wconf 77' lang='lat' dir='ltr'><strong>ex</strong></span> <span class='ocrx_word' id='word_1_320' title='bbox 2060 1737 2265 1791; x_wconf 81' lang='lat' dir='ltr'><strong>magna:</strong></span> <span class='ocrx_word' id='word_1_321' title='bbox 2310 1721 2566 1777; x_wconf 72' lang='lat' dir='ltr'><strong>Ecclesize</strong></span> <span class='ocrx_word' id='word_1_322' title='bbox 2594 1721 2882 1785; x_wconf 87' lang='lat' dir='ltr'><strong>ministris,</strong></span> <span class='ocrx_word' id='word_1_323' title='bbox 2916 1735 3216 1776; x_wconf 84' lang='lat' dir='ltr'><strong>conscenso</strong></span> <span class='ocrx_word' id='word_1_324' title='bbox 3246 1719 3498 1779; x_wconf 81' lang='lat' dir='ltr'><strong>amboue.</strong></span> 
     </span>
    </p>
   </div>
   <div class='ocr_carea' id='block_1_49' title="bbox 1942 1812 3500 1884">
    <p class='ocr_par' dir='ltr' id='par_1_49' title="bbox 1942 1812 3500 1884">
     <span class='ocr_line' id='line_1_49' title="bbox 1942 1812 3500 1884; baseline -0.003 -15"><span class='ocrx_word' id='word_1_325' title='bbox 1942 1815 2158 1884; x_wconf 91' lang='lat' dir='ltr'><strong>piorum</strong></span> <span class='ocrx_word' id='word_1_326' title='bbox 2185 1814 2578 1883; x_wconf 88' lang='lat' dir='ltr'><strong>imperatorum</strong></span> <span class='ocrx_word' id='word_1_327' title='bbox 2609 1822 2665 1867; x_wconf 89' lang='lat' dir='ltr'><strong>et</strong></span> <span class='ocrx_word' id='word_1_328' title='bbox 2700 1812 3145 1882; x_wconf 85' lang='lat' dir='ltr'><strong>patriarcharum</strong></span> <span class='ocrx_word' id='word_1_329' title='bbox 3181 1813 3500 1867; x_wconf 85' lang='lat' dir='ltr'><strong>memoriam</strong></span> 
     </span>
    </p>
   </div>
   <div class='ocr_carea' id='block_1_50' title="bbox 1944 1902 3501 1979">
    <p class='ocr_par' dir='ltr' id='par_1_50' title="bbox 1944 1902 3501 1979">
     <span class='ocr_line' id='line_1_50' title="bbox 1944 1902 3501 1979; baseline -0.003 -20"><span class='ocrx_word' id='word_1_330' title='bbox 1944 1905 2165 1979; x_wconf 88' lang='lat' dir='ltr'><strong>publico</strong></span> <span class='ocrx_word' id='word_1_331' title='bbox 2239 1904 2512 1974; x_wconf 62' lang='lat' dir='ltr'><strong>praeconio</strong></span> <span class='ocrx_word' id='word_1_332' title='bbox 2570 1902 3000 1968; x_wconf 83' lang='lat' dir='ltr'><strong>commendare,</strong></span> <span class='ocrx_word' id='word_1_333' title='bbox 3063 1902 3262 1969; x_wconf 86' lang='lat' dir='ltr'><strong>impios</strong></span> <span class='ocrx_word' id='word_1_334' title='bbox 3320 1911 3501 1955; x_wconf 82' lang='lat' dir='ltr'><strong>autem</strong></span> 
     </span>
    </p>
   </div>
   <div class='ocr_carea' id='block_1_51' title="bbox 1940 1992 3502 2062">
    <p class='ocr_par' dir='ltr' id='par_1_51' title="bbox 1940 1992 3502 2062">
     <span class='ocr_line' id='line_1_51' title="bbox 1940 1992 3502 2062; baseline -0.007 -8"><span class='ocrx_word' id='word_1_335' title='bbox 1940 1995 2217 2054; x_wconf 77' lang='lat' dir='ltr'><strong>exsecrari</strong></span> <span class='ocrx_word' id='word_1_336' title='bbox 2281 2009 2346 2051; x_wconf 81' lang='lat' dir='ltr'><strong>ac</strong></span> <span class='ocrx_word' id='word_1_337' title='bbox 2404 1994 2542 2052; x_wconf 85' lang='lat' dir='ltr'><strong>diris</strong></span> <span class='ocrx_word' id='word_1_338' title='bbox 2590 1993 2893 2060; x_wconf 86' lang='lat' dir='ltr'><strong>devovere,</strong></span> <span class='ocrx_word' id='word_1_339' title='bbox 2955 2008 3078 2049; x_wconf 89' lang='lat' dir='ltr'><strong>cum</strong></span> <span class='ocrx_word' id='word_1_340' title='bbox 3150 1992 3502 2062; x_wconf 84' lang='lat' dir='ltr'><strong>improvisum</strong></span> 
     </span>
    </p>
   </div>
   <div class='ocr_carea' id='block_1_52' title="bbox 1941 2085 3506 2162">
    <p class='ocr_par' dir='ltr' id='par_1_52' title="bbox 1941 2085 3506 2162">
     <span class='ocr_line' id='line_1_52' title="bbox 1941 2085 3506 2162; baseline -0.007 -14"><span class='ocrx_word' id='word_1_341' title='bbox 1941 2091 2204 2162; x_wconf 81' lang='lat' dir='ltr'><strong>quiddam</strong></span> <span class='ocrx_word' id='word_1_342' title='bbox 2236 2099 2292 2144; x_wconf 90' lang='lat' dir='ltr'><strong>et</strong></span> <span class='ocrx_word' id='word_1_343' title='bbox 2322 2088 2555 2160; x_wconf 80' lang='lat' dir='ltr'><strong>prodigii</strong></span> <span class='ocrx_word' id='word_1_344' title='bbox 2582 2087 2758 2142; x_wconf 89' lang='lat' dir='ltr'><strong>simile</strong></span> <span class='ocrx_word' id='word_1_345' title='bbox 2784 2087 3002 2153; x_wconf 71' lang='lat' dir='ltr'><strong>accidit.</strong></span> <span class='ocrx_word' id='word_1_346' title='bbox 3034 2086 3167 2141; x_wconf 88' lang='lat' dir='ltr'><strong>Nam</strong></span> <span class='ocrx_word' id='word_1_347' title='bbox 3201 2085 3417 2140; x_wconf 76' lang='lat' dir='ltr'><strong>silentio</strong></span> <span class='ocrx_word' id='word_1_348' title='bbox 3451 2093 3506 2138; x_wconf 87' lang='lat' dir='ltr'><strong>et</strong></span> 
     </span>
    </p>
   </div>
   <div class='ocr_carea' id='block_1_53' title="bbox 1942 2179 3506 2250">
    <p class='ocr_par' dir='ltr' id='par_1_53' title="bbox 1942 2179 3506 2250">
     <span class='ocr_line' id='line_1_53' title="bbox 1942 2179 3506 2250; baseline -0.007 -9"><span class='ocrx_word' id='word_1_349' title='bbox 1942 2184 2219 2241; x_wconf 83' lang='lat' dir='ltr'><strong>oblivione</strong></span> <span class='ocrx_word' id='word_1_350' title='bbox 2251 2182 2437 2236; x_wconf 83' lang='lat' dir='ltr'><strong>nescio</strong></span> <span class='ocrx_word' id='word_1_351' title='bbox 2469 2179 2743 2250; x_wconf 88' lang='lat' dir='ltr'><strong>quomodo</strong></span> <span class='ocrx_word' id='word_1_352' title='bbox 2780 2180 3113 2248; x_wconf 67' lang='lat' dir='ltr'><strong>praeteritum</strong></span> <span class='ocrx_word' id='word_1_353' title='bbox 3147 2189 3229 2232; x_wconf 89' lang='lat' dir='ltr'><strong>est</strong></span> <span class='ocrx_word' id='word_1_354' title='bbox 3256 2179 3461 2245; x_wconf 77' lang='lat' dir='ltr'><strong>impera</strong></span> <span class='ocrx_word' id='word_1_355' title='bbox 3482 2206 3506 2217; x_wconf 83' lang='lat'><strong>-</strong></span> 
     </span>
    </p>
   </div>
   <div class='ocr_carea' id='block_1_54' title="bbox 1944 2270 3501 2339">
    <p class='ocr_par' dir='ltr' id='par_1_54' title="bbox 1944 2270 3501 2339">
     <span class='ocr_line' id='line_1_54' title="bbox 1944 2270 3501 2339; baseline -0.007 -6"><span class='ocrx_word' id='word_1_356' title='bbox 1944 2279 2078 2333; x_wconf 87' lang='lat' dir='ltr'><strong>toris</strong></span> <span class='ocrx_word' id='word_1_357' title='bbox 2110 2275 2413 2331; x_wconf 80' lang='lat' dir='ltr'><strong>Andronici</strong></span> <span class='ocrx_word' id='word_1_358' title='bbox 2443 2272 2679 2339; x_wconf 81' lang='lat' dir='ltr'><strong>iunioris</strong></span> <span class='ocrx_word' id='word_1_359' title='bbox 2716 2286 2942 2333; x_wconf 87' lang='lat' dir='ltr'><strong>nomen,</strong></span> <span class='ocrx_word' id='word_1_360' title='bbox 2990 2272 3117 2324; x_wconf 88' lang='lat' dir='ltr'><strong>item</strong></span> <span class='ocrx_word' id='word_1_361' title='bbox 3172 2270 3363 2323; x_wconf 87' lang='lat' dir='ltr'><strong>lsidori</strong></span> <span class='ocrx_word' id='word_1_362' title='bbox 3414 2285 3501 2337; x_wconf 82' lang='lat' dir='ltr'><strong>pa-</strong></span> 
     </span>
    </p>
   </div>
   <div class='ocr_carea' id='block_1_55' title="bbox 1943 2362 3509 2434">
    <p class='ocr_par' dir='ltr' id='par_1_55' title="bbox 1943 2362 3509 2434">
     <span class='ocr_line' id='line_1_55' title="bbox 1943 2362 3509 2434; baseline -0.009 -10"><span class='ocrx_word' id='word_1_363' title='bbox 1943 2369 2189 2424; x_wconf 68' lang='lat' dir='ltr'><strong>triarchae</strong></span> <span class='ocrx_word' id='word_1_364' title='bbox 2217 2384 2232 2431; x_wconf 91' lang='lat'><strong>;</strong></span> <span class='ocrx_word' id='word_1_365' title='bbox 2258 2364 2404 2434; x_wconf 90' lang='lat' dir='ltr'><strong>quod</strong></span> <span class='ocrx_word' id='word_1_366' title='bbox 2447 2363 2791 2418; x_wconf 80' lang='lat' dir='ltr'><strong>manifestum</strong></span> <span class='ocrx_word' id='word_1_367' title='bbox 2825 2376 2984 2415; x_wconf 91' lang='lat' dir='ltr'><strong>omen</strong></span> <span class='ocrx_word' id='word_1_368' title='bbox 3031 2375 3153 2415; x_wconf 85' lang='lat' dir='ltr'><strong>esse</strong></span> <span class='ocrx_word' id='word_1_369' title='bbox 3200 2362 3375 2414; x_wconf 83' lang='lat' dir='ltr'><strong>visunt</strong></span> <span class='ocrx_word' id='word_1_370' title='bbox 3422 2367 3509 2412; x_wconf 83' lang='lat' dir='ltr'><strong>est.</strong></span> 
     </span>
    </p>
   </div>
   <div class='ocr_carea' id='block_1_56' title="bbox 1943 2455 3504 2533">
    <p class='ocr_par' dir='ltr' id='par_1_56' title="bbox 1943 2455 3504 2533">
     <span class='ocr_line' id='line_1_56' title="bbox 1943 2455 3504 2533; baseline -0.008 -15"><span class='ocrx_word' id='word_1_371' title='bbox 1943 2464 2009 2519; x_wconf 87' lang='lat' dir='ltr'><strong>iis</strong></span> <span class='ocrx_word' id='word_1_372' title='bbox 2036 2464 2129 2533; x_wconf 91' lang='lat' dir='ltr'><strong>qni</strong></span> <span class='ocrx_word' id='word_1_373' title='bbox 2164 2461 2389 2515; x_wconf 87' lang='lat' dir='ltr'><strong>fortuita</strong></span> <span class='ocrx_word' id='word_1_374' title='bbox 2441 2470 2497 2514; x_wconf 90' lang='lat' dir='ltr'><strong>et</strong></span> <span class='ocrx_word' id='word_1_375' title='bbox 2543 2457 2678 2513; x_wconf 82' lang='lat' dir='ltr'><strong>alias</strong></span> <span class='ocrx_word' id='word_1_376' title='bbox 2725 2458 2883 2510; x_wconf 85' lang='lat' dir='ltr'><strong>aliter</strong></span> <span class='ocrx_word' id='word_1_377' title='bbox 2932 2455 3305 2522; x_wconf 85' lang='lat' dir='ltr'><strong>contingentia</strong></span> <span class='ocrx_word' id='word_1_378' title='bbox 3346 2464 3504 2508; x_wconf 83' lang='lat' dir='ltr'><strong>acute</strong></span> 
     </span>
    </p>
   </div>
   <div class='ocr_carea' id='block_1_57' title="bbox 1943 2545 3503 2621">
    <p class='ocr_par' dir='ltr' id='par_1_57' title="bbox 1943 2545 3503 2621">
     <span class='ocr_line' id='line_1_57' title="bbox 1943 2545 3503 2621; baseline -0.009 -11"><span class='ocrx_word' id='word_1_379' title='bbox 1943 2556 2396 2621; x_wconf 86' lang='lat' dir='ltr'><strong>interpretantur.</strong></span> <span class='ocrx_word' id='word_1_380' title='bbox 2448 2548 2663 2603; x_wconf 86' lang='lat' dir='ltr'><strong>Etenim</strong></span> <span class='ocrx_word' id='word_1_381' title='bbox 2716 2554 2963 2616; x_wconf 81' lang='lat' dir='ltr'><strong>apparet,</strong></span> <span class='ocrx_word' id='word_1_382' title='bbox 3013 2545 3355 2611; x_wconf 83' lang='lat' dir='ltr'><strong>inquiebant,</strong></span> <span class='ocrx_word' id='word_1_383' title='bbox 3397 2559 3503 2596; x_wconf 89' lang='lat' dir='ltr'><strong>non</strong></span> 
     </span>
    </p>
   </div>
   <div class='ocr_carea' id='block_1_58' title="bbox 1942 2636 3506 2717">
    <p class='ocr_par' dir='ltr' id='par_1_58' title="bbox 1942 2636 3506 2717">
     <span class='ocr_line' id='line_1_58' title="bbox 1942 2636 3506 2717; baseline -0.008 -17"><span class='ocrx_word' id='word_1_384' title='bbox 1942 2646 2213 2717; x_wconf 86' lang='lat' dir='ltr'><strong>placuisse</strong></span> <span class='ocrx_word' id='word_1_385' title='bbox 2247 2645 2353 2696; x_wconf 88' lang='lat' dir='ltr'><strong>Deo</strong></span> <span class='ocrx_word' id='word_1_386' title='bbox 2386 2639 2654 2695; x_wconf 82' lang='lat' dir='ltr'><strong>celebrari</strong></span> <span class='ocrx_word' id='word_1_387' title='bbox 2691 2638 2745 2693; x_wconf 92' lang='lat' dir='ltr'><strong>in</strong></span> <span class='ocrx_word' id='word_1_388' title='bbox 2780 2637 3008 2692; x_wconf 86' lang='lat' dir='ltr'><strong>ecclesia</strong></span> <span class='ocrx_word' id='word_1_389' title='bbox 3033 2652 3135 2689; x_wconf 91' lang='lat' dir='ltr'><strong>nec</strong></span> <span class='ocrx_word' id='word_1_390' title='bbox 3166 2650 3295 2689; x_wconf 88' lang='lat' dir='ltr'><strong>cum</strong></span> <span class='ocrx_word' id='word_1_391' title='bbox 3332 2636 3506 2702; x_wconf 84' lang='lat' dir='ltr'><strong>impc-</strong></span> 
     </span>
    </p>
   </div>
   <div class='ocr_carea' id='block_1_59' title="bbox 1942 2727 3506 2804">
    <p class='ocr_par' dir='ltr' id='par_1_59' title="bbox 1942 2727 3506 2804">
     <span class='ocr_line' id='line_1_59' title="bbox 1942 2727 3506 2804; baseline -0.01 -12"><span class='ocrx_word' id='word_1_392' title='bbox 1942 2748 2203 2800; x_wconf 80' lang='lat' dir='ltr'><strong>ratorem,</strong></span> <span class='ocrx_word' id='word_1_393' title='bbox 2223 2735 2316 2804; x_wconf 90' lang='lat' dir='ltr'><strong>qui</strong></span> <span class='ocrx_word' id='word_1_394' title='bbox 2351 2734 2600 2795; x_wconf 71' lang='lat' dir='ltr'><strong>Palamaa,</strong></span> <span class='ocrx_word' id='word_1_395' title='bbox 2621 2731 2754 2786; x_wconf 90' lang='lat' dir='ltr'><strong>deos</strong></span> <span class='ocrx_word' id='word_1_396' title='bbox 2780 2730 2982 2784; x_wconf 90' lang='lat' dir='ltr'><strong>multos</strong></span> <span class='ocrx_word' id='word_1_397' title='bbox 3004 2727 3317 2791; x_wconf 78' lang='lat' dir='ltr'><strong>statuentis,</strong></span> <span class='ocrx_word' id='word_1_398' title='bbox 3348 2741 3506 2779; x_wconf 80' lang='lat' dir='ltr'><strong>erro-</strong></span> 
     </span>
    </p>
   </div>
   <div class='ocr_carea' id='block_1_60' title="bbox 1941 2817 3505 2897">
    <p class='ocr_par' dir='ltr' id='par_1_60' title="bbox 1941 2817 3505 2897">
     <span class='ocr_line' id='line_1_60' title="bbox 1941 2817 3505 2897; baseline -0.009 -13"><span class='ocrx_word' id='word_1_399' title='bbox 1941 2847 2056 2885; x_wconf 87' lang='lat' dir='ltr'><strong>rem</strong></span> <span class='ocrx_word' id='word_1_400' title='bbox 2107 2829 2320 2897; x_wconf 89' lang='lat' dir='ltr'><strong>primus</strong></span> <span class='ocrx_word' id='word_1_401' title='bbox 2375 2823 2735 2880; x_wconf 86' lang='lat' dir='ltr'><strong>dilationibus</strong></span> <span class='ocrx_word' id='word_1_402' title='bbox 2787 2817 3173 2883; x_wconf 63' lang='lat' dir='ltr'><strong>sustentasset,</strong></span> <span class='ocrx_word' id='word_1_403' title='bbox 3216 2834 3279 2872; x_wconf 92' lang='lat' dir='ltr'><strong>ac</strong></span> <span class='ocrx_word' id='word_1_404' title='bbox 3326 2833 3505 2885; x_wconf 85' lang='lat' dir='ltr'><strong>neque</strong></span> 
     </span>
    </p>
   </div>
   <div class='ocr_carea' id='block_1_61' title="bbox 1940 2910 3586 2983">
    <p class='ocr_par' dir='ltr' id='par_1_61' title="bbox 1940 2910 3586 2983">
     <span class='ocr_line' id='line_1_61' title="bbox 1940 2910 3586 2983; baseline -0.01 -6"><span class='ocrx_word' id='word_1_405' title='bbox 1940 2918 2365 2977; x_wconf 76' lang='lat' dir='ltr'><strong>examinandum</strong></span> <span class='ocrx_word' id='word_1_406' title='bbox 2413 2929 2592 2983; x_wconf 89' lang='lat' dir='ltr'><strong>neque</strong></span> <span class='ocrx_word' id='word_1_407' title='bbox 2624 2910 3010 2982; x_wconf 78' lang='lat' dir='ltr'><strong>corrigendum</strong></span> <span class='ocrx_word' id='word_1_408' title='bbox 3038 2911 3376 2971; x_wconf 88' lang='lat' dir='ltr'><strong>curavisset;</strong></span> <span class='ocrx_word' id='word_1_409' title='bbox 3405 2925 3507 2962; x_wconf 80' lang='lat' dir='ltr'><strong>nec</strong></span> <span class='ocrx_word' id='word_1_410' title='bbox 3579 2976 3586 2983; x_wconf 31' lang='lat'>&#39;</span> 
     </span>
    </p>
   </div>
   <div class='ocr_carea' id='block_1_62' title="bbox 1942 3004 3502 3075">
    <p class='ocr_par' dir='ltr' id='par_1_62' title="bbox 1942 3004 3502 3075">
     <span class='ocr_line' id='line_1_62' title="bbox 1942 3004 3502 3075; baseline -0.013 -6"><span class='ocrx_word' id='word_1_411' title='bbox 1942 3016 2093 3070; x_wconf 83' lang='lat' dir='ltr'><strong>illum</strong></span> <span class='ocrx_word' id='word_1_412' title='bbox 2131 3011 2421 3066; x_wconf 88' lang='lat' dir='ltr'><strong>lsidorum.</strong></span> <span class='ocrx_word' id='word_1_413' title='bbox 2456 3006 2547 3075; x_wconf 91' lang='lat' dir='ltr'><strong>qui</strong></span> <span class='ocrx_word' id='word_1_414' title='bbox 2592 3004 2801 3073; x_wconf 89' lang='lat' dir='ltr'><strong>primus</strong></span> <span class='ocrx_word' id='word_1_415' title='bbox 2850 3017 2975 3057; x_wconf 88' lang='lat' dir='ltr'><strong>eum</strong></span> <span class='ocrx_word' id='word_1_416' title='bbox 3020 3004 3195 3070; x_wconf 90' lang='lat' dir='ltr'><strong>ipsum</strong></span> <span class='ocrx_word' id='word_1_417' title='bbox 3237 3014 3502 3062; x_wconf 84' lang='lat' dir='ltr'><strong>errorem,</strong></span> 
     </span>
    </p>
   </div>
   <div class='ocr_carea' id='block_1_63' title="bbox 1943 3090 3507 3173">
    <p class='ocr_par' dir='ltr' id='par_1_63' title="bbox 1943 3090 3507 3173">
     <span class='ocr_line' id='line_1_63' title="bbox 1943 3090 3507 3173; baseline -0.009 -14"><span class='ocrx_word' id='word_1_418' title='bbox 1943 3108 1997 3159; x_wconf 90' lang='lat' dir='ltr'><strong>in</strong></span> <span class='ocrx_word' id='word_1_419' title='bbox 2030 3098 2450 3173; x_wconf 84' lang='lat' dir='ltr'><strong>patriarcbalem</strong></span> <span class='ocrx_word' id='word_1_420' title='bbox 2486 3095 2672 3151; x_wconf 85' lang='lat' dir='ltr'><strong>sedem</strong></span> <span class='ocrx_word' id='word_1_421' title='bbox 2721 3093 2952 3154; x_wconf 89' lang='lat' dir='ltr'><strong>illatum,</strong></span> <span class='ocrx_word' id='word_1_422' title='bbox 2984 3090 3149 3146; x_wconf 78' lang='lat' dir='ltr'><strong>dictis</strong></span> <span class='ocrx_word' id='word_1_423' title='bbox 3201 3091 3406 3159; x_wconf 88' lang='lat' dir='ltr'><strong>pariter</strong></span> <span class='ocrx_word' id='word_1_424' title='bbox 3449 3100 3507 3145; x_wconf 81' lang='lat' dir='ltr'><strong>ct</strong></span> 
     </span>
    </p>
   </div>
   <div class='ocr_carea' id='block_1_64' title="bbox 267 3179 1897 3279">
    <p class='ocr_par' dir='ltr' id='par_1_64' title="bbox 267 3179 1897 3279">
     <span class='ocr_line' id='line_1_64' title="bbox 267 3179 1897 3279; baseline 0.017 -50"><span class='ocrx_word' id='word_1_425' title='bbox 267 3179 622 3279; x_wconf 61' lang='grc' dir='ltr'>πράγμασιν·</span> <span class='ocrx_word' id='word_1_426' title='bbox 652 3181 727 3245; x_wconf 82' lang='grc' dir='ltr'>ὥς</span> <span class='ocrx_word' id='word_1_427' title='bbox 856 3188 950 3239; x_wconf 74' lang='grc' dir='ltr'><strong>καὶ</strong></span> <span class='ocrx_word' id='word_1_428' title='bbox 972 3191 1006 3257; x_wconf 78' lang='grc' dir='ltr'>ἠ</span> <span class='ocrx_word' id='word_1_429' title='bbox 1017 3190 1108 3253; x_wconf 80' lang='grc' dir='ltr'><strong>μίν</strong></span> <span class='ocrx_word' id='word_1_430' title='bbox 1138 3192 1396 3264; x_wconf 77' lang='grc' dir='ltr'>ἀνωτέρω</span> <span class='ocrx_word' id='word_1_431' title='bbox 1428 3213 1531 3249; x_wconf 88' lang='grc' dir='ltr'><strong>που</strong></span> <span class='ocrx_word' id='word_1_432' title='bbox 1561 3200 1662 3268; x_wconf 85' lang='grc' dir='ltr'>τῆς</span> <span class='ocrx_word' id='word_1_433' title='bbox 1689 3203 1829 3255; x_wconf 80' lang='grc' dir='ltr'><strong>ίστο⁶</strong></span> <span class='ocrx_word' id='word_1_434' title='bbox 1856 3216 1897 3279; x_wconf 77' lang='lat' dir='ltr'><strong>c</strong></span> 
     </span>
    </p>
   </div>
   <div class='ocr_carea' id='block_1_65' title="bbox 1940 3179 3506 3279">
    <p class='ocr_par' dir='ltr' id='par_1_65' title="bbox 1940 3181 3506 3264">
     <span class='ocr_line' id='line_1_65' title="bbox 1940 3181 3506 3264; baseline -0.013 -11"><span class='ocrx_word' id='word_1_435' title='bbox 1940 3198 2098 3255; x_wconf 86' lang='lat' dir='ltr'><strong>factis</strong></span> <span class='ocrx_word' id='word_1_436' title='bbox 2144 3192 2361 3264; x_wconf 84' lang='lat' dir='ltr'><strong>publice</strong></span> <span class='ocrx_word' id='word_1_437' title='bbox 2414 3185 2857 3258; x_wconf 82' lang='lat' dir='ltr'><strong>promulgasset:</strong></span> <span class='ocrx_word' id='word_1_438' title='bbox 2894 3181 3362 3251; x_wconf 72' lang='lat' dir='ltr'><strong>quemadmodum</strong></span> <span class='ocrx_word' id='word_1_439' title='bbox 3405 3198 3506 3236; x_wconf 88' lang='lat' dir='ltr'><strong>suo</strong></span> 
     </span>
    </p>
   </div>
   <div class='ocr_carea' id='block_1_66' title="bbox 270 3270 1835 3349">
    <p class='ocr_par' dir='ltr' id='par_1_66' title="bbox 270 3270 1835 3349">
     <span class='ocr_line' id='line_1_66' title="bbox 270 3270 1835 3349; baseline 0.018 -29"><span class='ocrx_word' id='word_1_440' title='bbox 270 3270 393 3339; x_wconf 86' lang='grc' dir='ltr'>ρίας</span> <span class='ocrx_word' id='word_1_441' title='bbox 422 3273 479 3323; x_wconf 84' lang='grc' dir='ltr'>ὲν</span> <span class='ocrx_word' id='word_1_442' title='bbox 516 3274 627 3334; x_wconf 77' lang='grc' dir='ltr'>τοῖς</span> <span class='ocrx_word' id='word_1_443' title='bbox 669 3274 971 3345; x_wconf 73' lang='grc' dir='ltr'>καθήκουσι</span> <span class='ocrx_word' id='word_1_444' title='bbox 1005 3279 1310 3349; x_wconf 75' lang='grc' dir='ltr'>διείληπται</span> <span class='ocrx_word' id='word_1_445' title='bbox 1356 3285 1562 3348; x_wconf 85' lang='grc' dir='ltr'>τόποις.</span> <span class='ocrx_word' id='word_1_446' title='bbox 1607 3290 1761 3343; x_wconf 78' lang='grc' dir='ltr'>Ἐπεὶ</span> <span class='ocrx_word' id='word_1_447' title='bbox 1787 3294 1835 3347; x_wconf 75' lang='grc' dir='ltr'>δ’</span> 
     </span>
    </p>
   </div>
   <div class='ocr_carea' id='block_1_67' title="bbox 267 3366 1836 3452">
    <p class='ocr_par' dir='ltr' id='par_1_67' title="bbox 267 3366 1836 3452">
     <span class='ocr_line' id='line_1_67' title="bbox 267 3366 1836 3452; baseline 0.015 -35"><span class='ocrx_word' id='word_1_448' title='bbox 267 3366 326 3426; x_wconf 70' lang='grc' dir='ltr'>ις</span> <span class='ocrx_word' id='word_1_449' title='bbox 369 3366 468 3436; x_wconf 76' lang='grc' dir='ltr'><strong>τὴν</strong></span> <span class='ocrx_word' id='word_1_450' title='bbox 515 3369 807 3438; x_wconf 82' lang='grc' dir='ltr'>ὑστεραίαν</span> <span class='ocrx_word' id='word_1_451' title='bbox 843 3373 1113 3427; x_wconf 65' lang='grc' dir='ltr'>ἀκουσθέν</span> <span class='ocrx_word' id='word_1_452' title='bbox 1145 3378 1309 3449; x_wconf 80' lang='grc' dir='ltr'>Ἀννῃ</span> <span class='ocrx_word' id='word_1_453' title='bbox 1364 3384 1429 3450; x_wconf 80' lang='grc' dir='ltr'>τῇ</span> <span class='ocrx_word' id='word_1_454' title='bbox 1484 3382 1714 3452; x_wconf 82' lang='grc' dir='ltr'>βασιλίδι</span> <span class='ocrx_word' id='word_1_455' title='bbox 1742 3390 1836 3441; x_wconf 74' lang='grc' dir='ltr'>καὶ</span> 
     </span>
    </p>
   </div>
   <div class='ocr_carea' id='block_1_68' title="bbox 269 3459 1839 3542">
    <p class='ocr_par' dir='ltr' id='par_1_68' title="bbox 269 3459 1839 3542">
     <span class='ocr_line' id='line_1_68' title="bbox 269 3459 1839 3542; baseline 0.013 -29"><span class='ocrx_word' id='word_1_456' title='bbox 269 3459 490 3527; x_wconf 74' lang='grc' dir='ltr'>συζύγῳ</span> <span class='ocrx_word' id='word_1_457' title='bbox 521 3463 754 3528; x_wconf 71' lang='grc' dir='ltr'>ἐκείνου,</span> <span class='ocrx_word' id='word_1_458' title='bbox 792 3468 933 3535; x_wconf 67' lang='grc' dir='ltr'>πρδς</span> <span class='ocrx_word' id='word_1_459' title='bbox 962 3468 1139 3537; x_wconf 85' lang='grc' dir='ltr'>λύπην</span> <span class='ocrx_word' id='word_1_460' title='bbox 1173 3471 1447 3542; x_wconf 82' lang='grc' dir='ltr'>ἀφόρητόν</span> <span class='ocrx_word' id='word_1_461' title='bbox 1476 3493 1533 3528; x_wconf 86' lang='grc' dir='ltr'><strong>τε</strong></span> <span class='ocrx_word' id='word_1_462' title='bbox 1568 3476 1711 3541; x_wconf 75' lang='grc' dir='ltr'>ἔδοξε</span> <span class='ocrx_word' id='word_1_463' title='bbox 1746 3483 1839 3534; x_wconf 83' lang='grc' dir='ltr'>καὶ</span> 
     </span>
    </p>
   </div>
   <div class='ocr_carea' id='block_1_69' title="bbox 267 3552 1839 3633">
    <p class='ocr_par' dir='ltr' id='par_1_69' title="bbox 267 3552 1839 3633">
     <span class='ocr_line' id='line_1_69' title="bbox 267 3552 1839 3633; baseline 0.011 -28"><span class='ocrx_word' id='word_1_464' title='bbox 267 3552 331 3605; x_wconf 84' lang='grc' dir='ltr'><strong>ού</strong></span> <span class='ocrx_word' id='word_1_465' title='bbox 374 3552 518 3621; x_wconf 85' lang='grc' dir='ltr'>μάλα</span> <span class='ocrx_word' id='word_1_466' title='bbox 550 3555 882 3624; x_wconf 82' lang='grc' dir='ltr'>ἀνύποπτον,</span> <span class='ocrx_word' id='word_1_467' title='bbox 920 3558 1128 3613; x_wconf 88' lang='grc' dir='ltr'>δίκαιον</span> <span class='ocrx_word' id='word_1_468' title='bbox 1156 3557 1298 3615; x_wconf 74' lang='grc' dir='ltr'>εἶναι</span> <span class='ocrx_word' id='word_1_469' title='bbox 1332 3563 1413 3633; x_wconf 83' lang='grc' dir='ltr'>τῷ</span> <span class='ocrx_word' id='word_1_470' title='bbox 1442 3565 1652 3633; x_wconf 79' lang='grc' dir='ltr'>βασιλεῖ</span> <span class='ocrx_word' id='word_1_471' title='bbox 1689 3570 1839 3623; x_wconf 88' lang='grc' dir='ltr'>νενό-</span> 
     </span>
    </p>
   </div>
   <div class='ocr_carea' id='block_1_70' title="bbox 272 3648 1839 3731">
    <p class='ocr_par' dir='ltr' id='par_1_70' title="bbox 272 3648 1839 3731">
     <span class='ocr_line' id='line_1_70' title="bbox 272 3648 1839 3731; baseline 0.013 -35"><span class='ocrx_word' id='word_1_472' title='bbox 272 3661 459 3714; x_wconf 87' lang='grc' dir='ltr'>μισται</span> <span class='ocrx_word' id='word_1_473' title='bbox 493 3648 951 3720; x_wconf 76' lang='grc' dir='ltr'>Καντακουςηνῷ,</span> <span class='ocrx_word' id='word_1_474' title='bbox 985 3652 1084 3722; x_wconf 79' lang='grc' dir='ltr'>τὴν</span> <span class='ocrx_word' id='word_1_475' title='bbox 1105 3654 1302 3726; x_wconf 74' lang='grc' dir='ltr'>ἐφεξῆς</span> <span class='ocrx_word' id='word_1_476' title='bbox 1326 3660 1597 3729; x_wconf 75' lang='grc' dir='ltr'>κυριακὴν</span> <span class='ocrx_word' id='word_1_477' title='bbox 1622 3662 1839 3731; x_wconf 74' lang='grc' dir='ltr'>ἡμέραν</span> 
     </span>
    </p>
   </div>
   <div class='ocr_carea' id='block_1_71' title="bbox 267 3737 1841 3820">
    <p class='ocr_par' dir='ltr' id='par_1_71' title="bbox 267 3737 1841 3820">
     <span class='ocr_line' id='line_1_71' title="bbox 267 3737 1841 3820; baseline 0.01 -29"><span class='ocrx_word' id='word_1_478' title='bbox 267 3737 624 3808; x_wconf 75' lang='grc' dir='ltr'>ἀθροισθῆναι</span> <span class='ocrx_word' id='word_1_479' title='bbox 641 3756 696 3792; x_wconf 89' lang='grc' dir='ltr'><strong>τε</strong></span> <span class='ocrx_word' id='word_1_480' title='bbox 722 3742 812 3793; x_wconf 76' lang='grc' dir='ltr'>τὸν</span> <span class='ocrx_word' id='word_1_481' title='bbox 839 3742 965 3795; x_wconf 81' lang='grc' dir='ltr'>λαὸν</span> <span class='ocrx_word' id='word_1_482' title='bbox 988 3743 1145 3808; x_wconf 80' lang='grc' dir='ltr'>αὖθις</span> <span class='ocrx_word' id='word_1_483' title='bbox 1167 3750 1259 3800; x_wconf 74' lang='grc' dir='ltr'><strong>καὶ</strong></span> <span class='ocrx_word' id='word_1_484' title='bbox 1291 3749 1461 3819; x_wconf 86' lang='grc' dir='ltr'>μόνην</span> <span class='ocrx_word' id='word_1_485' title='bbox 1486 3752 1584 3820; x_wconf 76' lang='grc' dir='ltr'>τὴν</span> <span class='ocrx_word' id='word_1_486' title='bbox 1612 3753 1703 3806; x_wconf 85' lang='grc' dir='ltr'>τοῦ</span> <span class='ocrx_word' id='word_1_487' title='bbox 1728 3755 1841 3808; x_wconf 83' lang='grc' dir='ltr'>ὀνό-</span> 
     </span>
    </p>
   </div>
   <div class='ocr_carea' id='block_1_72' title="bbox 273 3835 1840 3915">
    <p class='ocr_par' dir='ltr' id='par_1_72' title="bbox 273 3835 1840 3915">
     <span class='ocr_line' id='line_1_72' title="bbox 273 3835 1840 3915; baseline 0.011 -35"><span class='ocrx_word' id='word_1_488' title='bbox 273 3846 442 3900; x_wconf 78' lang='grc' dir='ltr'>ματος</span> <span class='ocrx_word' id='word_1_489' title='bbox 469 3835 677 3885; x_wconf 81' lang='grc' dir='ltr'>ἐκείνου</span> <span class='ocrx_word' id='word_1_490' title='bbox 725 3837 977 3901; x_wconf 83' lang='grc' dir='ltr'>γενέσθαι</span> <span class='ocrx_word' id='word_1_491' title='bbox 1005 3838 1332 3911; x_wconf 66' lang='grc' dir='ltr'>ἀνάρρησιν.</span> <span class='ocrx_word' id='word_1_492' title='bbox 1383 3845 1491 3895; x_wconf 77' lang='grc' dir='ltr'><strong>Καὶ</strong></span> <span class='ocrx_word' id='word_1_493' title='bbox 1524 3845 1700 3899; x_wconf 77' lang='grc' dir='ltr'>ταῦτα</span> <span class='ocrx_word' id='word_1_494' title='bbox 1739 3846 1840 3915; x_wconf 76' lang='grc' dir='ltr'>μὲν</span> 
     </span>
    </p>
   </div>
   <div class='ocr_carea' id='block_1_73' title="bbox 267 3923 1731 4000">
    <p class='ocr_par' dir='ltr' id='par_1_73' title="bbox 267 3923 1731 4000">
     <span class='ocr_line' id='line_1_73' title="bbox 267 3923 1731 4000; baseline 0.012 -26"><span class='ocrx_word' id='word_1_495' title='bbox 267 3923 396 3993; x_wconf 77' lang='grc' dir='ltr'>τῇδέ</span> <span class='ocrx_word' id='word_1_496' title='bbox 428 3941 503 3993; x_wconf 89' lang='grc' dir='ltr'><strong>πη</strong></span> <span class='ocrx_word' id='word_1_497' title='bbox 530 3926 653 3995; x_wconf 79' lang='grc' dir='ltr'>ἔσχε</span> <span class='ocrx_word' id='word_1_498' title='bbox 676 3942 688 3954; x_wconf 84' lang='grc'><strong>·</strong></span> <span class='ocrx_word' id='word_1_499' title='bbox 718 3928 814 3981; x_wconf 79' lang='grc' dir='ltr'><strong>καὶ</strong></span> <span class='ocrx_word' id='word_1_500' title='bbox 842 3930 870 3980; x_wconf 85' lang='grc' dir='ltr'><strong>δ</strong></span> <span class='ocrx_word' id='word_1_501' title='bbox 894 3931 1101 4000; x_wconf 84' lang='grc' dir='ltr'>χειμὼν</span> <span class='ocrx_word' id='word_1_502' title='bbox 1130 3933 1188 3985; x_wconf 85' lang='grc' dir='ltr'><strong>ἐν</strong></span> <span class='ocrx_word' id='word_1_503' title='bbox 1215 3933 1425 3998; x_wconf 77' lang='grc' dir='ltr'>τούτοις</span> <span class='ocrx_word' id='word_1_504' title='bbox 1455 3937 1731 3992; x_wconf 67' lang='grc' dir='ltr'>ἐτελεύτα.</span> 
     </span>
    </p>
   </div>
   <div class='ocr_carea' id='block_1_74' title="bbox 343 4106 1838 4186">
    <p class='ocr_par' dir='ltr' id='par_1_74' title="bbox 343 4106 1838 4186">
     <span class='ocr_line' id='line_1_74' title="bbox 343 4106 1838 4186; baseline 0.008 -27"><span class='ocrx_word' id='word_1_505' title='bbox 343 4106 416 4160; x_wconf 66' lang='grc' dir='ltr'>η’.</span> <span class='ocrx_word' id='word_1_506' title='bbox 475 4108 635 4177; x_wconf 83' lang='grc' dir='ltr'>Ἀρτι</span> <span class='ocrx_word' id='word_1_507' title='bbox 679 4108 733 4161; x_wconf 78' lang='grc' dir='ltr'>δὲ</span> <span class='ocrx_word' id='word_1_508' title='bbox 765 4108 860 4161; x_wconf 79' lang='grc' dir='ltr'><strong>τοῦ</strong></span> <span class='ocrx_word' id='word_1_509' title='bbox 906 4110 1061 4179; x_wconf 82' lang='grc' dir='ltr'>ἡλίου</span> <span class='ocrx_word' id='word_1_510' title='bbox 1092 4112 1217 4177; x_wconf 78' lang='grc' dir='ltr'>τοὺς</span> <span class='ocrx_word' id='word_1_511' title='bbox 1254 4114 1473 4184; x_wconf 72' lang='grc' dir='ltr'>ὴρινοὺς</span> <span class='ocrx_word' id='word_1_512' title='bbox 1520 4116 1838 4186; x_wconf 82' lang='grc' dir='ltr'>ἀμείϐοντος</span> 
     </span>
    </p>
   </div>
   <div class='ocr_carea' id='block_1_75' title="bbox 270 4200 1844 4278">
    <p class='ocr_par' dir='ltr' id='par_1_75' title="bbox 270 4200 1844 4278">
     <span class='ocr_line' id='line_1_75' title="bbox 270 4200 1844 4278; baseline 0.01 -29"><span class='ocrx_word' id='word_1_513' title='bbox 270 4200 527 4261; x_wconf 80' lang='grc' dir='ltr'>κύκλους,</span> <span class='ocrx_word' id='word_1_514' title='bbox 559 4202 653 4254; x_wconf 72' lang='grc' dir='ltr'>καὶ</span> <span class='ocrx_word' id='word_1_515' title='bbox 682 4203 747 4269; x_wconf 80' lang='grc' dir='ltr'>τῇ</span> <span class='ocrx_word' id='word_1_516' title='bbox 789 4202 858 4271; x_wconf 78' lang='grc' dir='ltr'>γῇ</span> <span class='ocrx_word' id='word_1_517' title='bbox 894 4202 956 4255; x_wconf 80' lang='grc' dir='ltr'><strong>ὲκ</strong></span> <span class='ocrx_word' id='word_1_518' title='bbox 998 4202 1097 4272; x_wconf 83' lang='grc' dir='ltr'>τῆς</span> <span class='ocrx_word' id='word_1_519' title='bbox 1128 4204 1254 4267; x_wconf 87' lang='grc' dir='ltr'>νέας</span> <span class='ocrx_word' id='word_1_520' title='bbox 1290 4206 1453 4274; x_wconf 85' lang='grc' dir='ltr'>χλόης</span> <span class='ocrx_word' id='word_1_521' title='bbox 1502 4208 1701 4278; x_wconf 82' lang='grc' dir='ltr'>εὐανθῆ</span> <span class='ocrx_word' id='word_1_522' title='bbox 1751 4212 1844 4265; x_wconf 77' lang='grc' dir='ltr'><strong>καὶ</strong></span> 
     </span>
    </p>
   </div>
   <div class='ocr_carea' id='block_1_76' title="bbox 270 4292 1847 4367">
    <p class='ocr_par' dir='ltr' id='par_1_76' title="bbox 270 4292 1847 4367">
     <span class='ocr_line' id='line_1_76' title="bbox 270 4292 1847 4367; baseline 0.007 -23"><span class='ocrx_word' id='word_1_523' title='bbox 270 4292 517 4345; x_wconf 85' lang='grc' dir='ltr'>ποικίλον</span> <span class='ocrx_word' id='word_1_524' title='bbox 562 4295 674 4355; x_wconf 76' lang='grc' dir='ltr'>τοῖς</span> <span class='ocrx_word' id='word_1_525' title='bbox 717 4295 974 4364; x_wconf 85' lang='grc' dir='ltr'>χρώμασι</span> <span class='ocrx_word' id='word_1_526' title='bbox 1018 4296 1431 4367; x_wconf 83' lang='grc' dir='ltr'>ίστουργοῦντος</span> <span class='ocrx_word' id='word_1_527' title='bbox 1486 4301 1707 4367; x_wconf 88' lang='grc' dir='ltr'>χιτῶνα,</span> <span class='ocrx_word' id='word_1_528' title='bbox 1750 4304 1847 4355; x_wconf 69' lang='grc' dir='ltr'><strong>καὶ</strong></span> 
     </span>
    </p>
   </div>
   <div class='ocr_carea' id='block_1_77' title="bbox 269 4384 1843 4460">
    <p class='ocr_par' dir='ltr' id='par_1_77' title="bbox 269 4384 1843 4460">
     <span class='ocr_line' id='line_1_77' title="bbox 269 4384 1843 4460; baseline 0.006 -25"><span class='ocrx_word' id='word_1_529' title='bbox 269 4384 465 4453; x_wconf 81' lang='grc' dir='ltr'>δένδρα</span> <span class='ocrx_word' id='word_1_530' title='bbox 496 4384 673 4438; x_wconf 86' lang='grc' dir='ltr'>πάντα</span> <span class='ocrx_word' id='word_1_531' title='bbox 704 4388 842 4455; x_wconf 80' lang='grc' dir='ltr'>πρὸς</span> <span class='ocrx_word' id='word_1_532' title='bbox 867 4386 1167 4441; x_wconf 80' lang='grc' dir='ltr'>ἀναϐίωσίν</span> <span class='ocrx_word' id='word_1_533' title='bbox 1190 4406 1247 4442; x_wconf 84' lang='grc' dir='ltr'><strong>τε</strong></span> <span class='ocrx_word' id='word_1_534' title='bbox 1276 4391 1370 4442; x_wconf 74' lang='grc' dir='ltr'><strong>καὶ</strong></span> <span class='ocrx_word' id='word_1_535' title='bbox 1394 4394 1664 4445; x_wconf 84' lang='grc' dir='ltr'>παντοίων</span> <span class='ocrx_word' id='word_1_536' title='bbox 1689 4394 1843 4460; x_wconf 86' lang='grc' dir='ltr'>γένε-</span> 
     </span>
    </p>
   </div>
   <div class='ocr_carea' id='block_1_78' title="bbox 273 4476 1842 4552">
    <p class='ocr_par' dir='ltr' id='par_1_78' title="bbox 273 4476 1842 4552">
     <span class='ocr_line' id='line_1_78' title="bbox 273 4476 1842 4552; baseline 0.006 -24"><span class='ocrx_word' id='word_1_537' title='bbox 273 4492 357 4532; x_wconf 81' lang='grc' dir='ltr'><strong>σιν</strong></span> <span class='ocrx_word' id='word_1_538' title='bbox 397 4476 625 4547; x_wconf 86' lang='grc' dir='ltr'>καρπῶν</span> <span class='ocrx_word' id='word_1_539' title='bbox 684 4476 980 4546; x_wconf 79' lang='grc' dir='ltr'>ἀφθόγγοις</span> <span class='ocrx_word' id='word_1_540' title='bbox 1030 4477 1286 4546; x_wconf 79' lang='grc' dir='ltr'>σάλπιγξι</span> <span class='ocrx_word' id='word_1_541' title='bbox 1324 4484 1842 4552; x_wconf 85' lang='grc' dir='ltr'>προσκαλουμένου,</span> 
     </span>
    </p>
   </div>
   <div class='ocr_carea' id='block_1_79' title="bbox 270 4560 1916 4640">
    <p class='ocr_par' dir='ltr' id='par_1_79' title="bbox 270 4560 1916 4640">
     <span class='ocr_line' id='line_1_79' title="bbox 270 4560 1916 4640; baseline 0.006 -22"><span class='ocrx_word' id='word_1_542' title='bbox 270 4568 646 4621; x_wconf 78' lang='grc' dir='ltr'>κατέπλευσαν</span> <span class='ocrx_word' id='word_1_543' title='bbox 678 4571 733 4632; x_wconf 72' lang='grc' dir='ltr'>ἐς</span> <span class='ocrx_word' id='word_1_544' title='bbox 760 4570 884 4632; x_wconf 78' lang='grc' dir='ltr'>τοὺς</span> <span class='ocrx_word' id='word_1_545' title='bbox 916 4569 1009 4622; x_wconf 83' lang='grc' dir='ltr'>τοῦ</span> <span class='ocrx_word' id='word_1_546' title='bbox 1044 4570 1336 4634; x_wconf 79' lang='grc' dir='ltr'>Βυζαντίου</span> <span class='ocrx_word' id='word_1_547' title='bbox 1371 4571 1596 4640; x_wconf 81' lang='grc' dir='ltr'>λιμένας</span> <span class='ocrx_word' id='word_1_548' title='bbox 1629 4574 1839 4628; x_wconf 82' lang='grc' dir='ltr'>Βενετι-</span> <span class='ocrx_word' id='word_1_549' title='bbox 1876 4560 1916 4612; x_wconf 74' lang='grc' dir='ltr'><strong>ί)</strong></span> 
     </span>
    </p>
   </div>
   <div class='ocr_carea' id='block_1_80' title="bbox 272 4659 1879 4732">
    <p class='ocr_par' dir='ltr' id='par_1_80' title="bbox 272 4659 1879 4732">
     <span class='ocr_line' id='line_1_80' title="bbox 272 4659 1879 4732; baseline 0.006 -23"><span class='ocrx_word' id='word_1_550' title='bbox 272 4659 366 4709; x_wconf 78' lang='grc' dir='ltr'><strong>καὶ</strong></span> <span class='ocrx_word' id='word_1_551' title='bbox 425 4660 677 4729; x_wconf 80' lang='grc' dir='ltr'>τριήρεις</span> <span class='ocrx_word' id='word_1_552' title='bbox 717 4659 984 4731; x_wconf 84' lang='grc' dir='ltr'>τέσσαρες</span> <span class='ocrx_word' id='word_1_553' title='bbox 1014 4664 1107 4713; x_wconf 70' lang='grc' dir='ltr'>καὶ</span> <span class='ocrx_word' id='word_1_554' title='bbox 1160 4662 1312 4727; x_wconf 80' lang='grc' dir='ltr'>δέκα,</span> <span class='ocrx_word' id='word_1_555' title='bbox 1364 4662 1426 4716; x_wconf 69' lang='grc' dir='ltr'>Αἰ</span> <span class='ocrx_word' id='word_1_556' title='bbox 1482 4664 1545 4732; x_wconf 87' lang='grc' dir='ltr'><strong>δὴ</strong></span> <span class='ocrx_word' id='word_1_557' title='bbox 1599 4664 1693 4716; x_wconf 73' lang='grc' dir='ltr'>τὸν</span> <span class='ocrx_word' id='word_1_558' title='bbox 1744 4666 1879 4718; x_wconf 75' lang='grc' dir='ltr'>τοῦ·</span> 
     </span>
    </p>
   </div>
   <div class='ocr_carea' id='block_1_81' title="bbox 276 4751 1843 4821">
    <p class='ocr_par' dir='ltr' id='par_1_81' title="bbox 276 4751 1843 4821">
     <span class='ocr_line' id='line_1_81' title="bbox 276 4751 1843 4821; baseline 0.002 -16"><span class='ocrx_word' id='word_1_559' title='bbox 276 4751 529 4818; x_wconf 78' lang='grc' dir='ltr'>Εὐξείνου</span> <span class='ocrx_word' id='word_1_560' title='bbox 557 4752 752 4804; x_wconf 84' lang='grc' dir='ltr'>πόντου</span> <span class='ocrx_word' id='word_1_561' title='bbox 778 4751 1139 4816; x_wconf 77' lang='grc' dir='ltr'>διαζώσαντες</span> <span class='ocrx_word' id='word_1_562' title='bbox 1167 4754 1369 4821; x_wconf 79' lang='grc' dir='ltr'>αὐχένα</span> <span class='ocrx_word' id='word_1_563' title='bbox 1386 4755 1481 4816; x_wconf 66' lang='grc' dir='ltr'>τὰς</span> <span class='ocrx_word' id='word_1_564' title='bbox 1507 4755 1570 4807; x_wconf 85' lang='grc' dir='ltr'>ὲκ</span> <span class='ocrx_word' id='word_1_565' title='bbox 1600 4755 1843 4808; x_wconf 80' lang='grc' dir='ltr'>Μαιώτι-</span> 
     </span>
    </p>
   </div>
   <div class='ocr_carea' id='block_1_82' title="bbox 278 4840 1845 4914">
    <p class='ocr_par' dir='ltr' id='par_1_82' title="bbox 278 4840 1845 4914">
     <span class='ocr_line' id='line_1_82' title="bbox 278 4840 1845 4914; baseline 0.001 -19"><span class='ocrx_word' id='word_1_566' title='bbox 278 4842 367 4902; x_wconf 73' lang='grc' dir='ltr'>δὸς</span> <span class='ocrx_word' id='word_1_567' title='bbox 396 4858 455 4894; x_wconf 86' lang='grc' dir='ltr'><strong>τε</strong></span> <span class='ocrx_word' id='word_1_568' title='bbox 486 4842 580 4894; x_wconf 69' lang='grc' dir='ltr'><strong>καί</strong></span> <span class='ocrx_word' id='word_1_569' title='bbox 603 4840 889 4911; x_wconf 84' lang='grc' dir='ltr'>Χερσῶνος</span> <span class='ocrx_word' id='word_1_570' title='bbox 905 4843 1004 4895; x_wconf 74' lang='grc' dir='ltr'>καὶ</span> <span class='ocrx_word' id='word_1_571' title='bbox 1034 4841 1143 4895; x_wconf 88' lang='grc' dir='ltr'><strong>τῶν</strong></span> <span class='ocrx_word' id='word_1_572' title='bbox 1174 4843 1383 4896; x_wconf 73' lang='grc' dir='ltr'>ἐκεῖθεν</span> <span class='ocrx_word' id='word_1_573' title='bbox 1411 4843 1706 4909; x_wconf 86' lang='grc' dir='ltr'>κατιούσας</span> <span class='ocrx_word' id='word_1_574' title='bbox 1737 4862 1845 4914; x_wconf 87' lang='grc' dir='ltr'>χω-</span> 
     </span>
    </p>
   </div>
   <div class='ocr_carea' id='block_1_83' title="bbox 279 4933 1842 5005">
    <p class='ocr_par' dir='ltr' id='par_1_83' title="bbox 279 4933 1842 5005">
     <span class='ocr_line' id='line_1_83' title="bbox 279 4933 1842 5005; baseline 0.003 -21"><span class='ocrx_word' id='word_1_575' title='bbox 279 4933 414 5004; x_wconf 84' lang='grc' dir='ltr'>ρίων</span> <span class='ocrx_word' id='word_1_576' title='bbox 445 4933 503 4999; x_wconf 78' lang='grc' dir='ltr'><strong>ἐξ</strong></span> <span class='ocrx_word' id='word_1_577' title='bbox 537 4934 804 5002; x_wconf 71' lang='grc' dir='ltr'>ἐμπορίας</span> <span class='ocrx_word' id='word_1_578' title='bbox 839 4933 1145 4997; x_wconf 81' lang='grc' dir='ltr'>Γαλατικὰς</span> <span class='ocrx_word' id='word_1_579' title='bbox 1180 4935 1425 5005; x_wconf 79' lang='grc' dir='ltr'>τριήρεις</span> <span class='ocrx_word' id='word_1_580' title='bbox 1457 4936 1565 4987; x_wconf 66' lang='grc' dir='ltr'><strong>τῶν</strong></span> <span class='ocrx_word' id='word_1_581' title='bbox 1600 4936 1842 4989; x_wconf 88' lang='grc' dir='ltr'>Γεννουῖ-</span> 
     </span>
    </p>
   </div>
   <div class='ocr_carea' id='block_1_84' title="bbox 274 5023 1857 5097">
    <p class='ocr_par' dir='ltr' id='par_1_84' title="bbox 274 5023 1857 5097">
     <span class='ocr_line' id='line_1_84' title="bbox 274 5023 1857 5097; baseline 0.002 -20"><span class='ocrx_word' id='word_1_582' title='bbox 274 5025 385 5077; x_wconf 80' lang='grc' dir='ltr'>τῶν</span> <span class='ocrx_word' id='word_1_583' title='bbox 409 5023 830 5092; x_wconf 81' lang='grc' dir='ltr'>ξυνελάμϐανον.</span> <span class='ocrx_word' id='word_1_584' title='bbox 855 5026 1154 5079; x_wconf 82' lang='grc' dir='ltr'>Ἀσπονδον</span> <span class='ocrx_word' id='word_1_585' title='bbox 1172 5027 1278 5097; x_wconf 78' lang='grc' dir='ltr'>γὰρ</span> <span class='ocrx_word' id='word_1_586' title='bbox 1308 5026 1395 5079; x_wconf 76' lang='grc' dir='ltr'><strong>ἐπ’</strong></span> <span class='ocrx_word' id='word_1_587' title='bbox 1419 5026 1683 5097; x_wconf 81' lang='grc' dir='ltr'>ἀλλήλους</span> <span class='ocrx_word' id='word_1_588' title='bbox 1704 5027 1857 5090; x_wconf 82' lang='grc' dir='ltr'>τέως·</span> 
     </span>
    </p>
   </div>
   <div class='ocr_carea' id='block_1_85' title="bbox 272 5112 1841 5188">
    <p class='ocr_par' dir='ltr' id='par_1_85' title="bbox 272 5112 1841 5188">
     <span class='ocr_line' id='line_1_85' title="bbox 272 5112 1841 5188; baseline 0.003 -20"><span class='ocrx_word' id='word_1_589' title='bbox 272 5117 374 5187; x_wconf 82' lang='grc' dir='ltr'><strong>τὴν</strong></span> <span class='ocrx_word' id='word_1_590' title='bbox 408 5117 585 5186; x_wconf 82' lang='grc' dir='ltr'>μάχην</span> <span class='ocrx_word' id='word_1_591' title='bbox 623 5115 881 5185; x_wconf 85' lang='grc' dir='ltr'>θεμένους</span> <span class='ocrx_word' id='word_1_592' title='bbox 907 5116 1007 5169; x_wconf 84' lang='grc' dir='ltr'><strong>οὐκ</strong></span> <span class='ocrx_word' id='word_1_593' title='bbox 1038 5112 1107 5186; x_wconf 83' lang='grc' dir='ltr'>ἦν</span> <span class='ocrx_word' id='word_1_594' title='bbox 1140 5119 1392 5188; x_wconf 72' lang='grc' dir='ltr'>ἠρεμεῖν,</span> <span class='ocrx_word' id='word_1_595' title='bbox 1418 5119 1478 5171; x_wconf 84' lang='grc' dir='ltr'>οὐ</span> <span class='ocrx_word' id='word_1_596' title='bbox 1518 5120 1757 5188; x_wconf 86' lang='grc' dir='ltr'>νύκτωρ,</span> <span class='ocrx_word' id='word_1_597' title='bbox 1782 5120 1841 5172; x_wconf 83' lang='grc' dir='ltr'>οὐ</span> 
     </span>
    </p>
   </div>
   <div class='ocr_carea' id='block_1_86' title="bbox 276 5200 1845 5280">
    <p class='ocr_par' dir='ltr' id='par_1_86' title="bbox 276 5200 1845 5280">
     <span class='ocr_line' id='line_1_86' title="bbox 276 5200 1845 5280; baseline 0.004 -20"><span class='ocrx_word' id='word_1_598' title='bbox 276 5210 400 5279; x_wconf 86' lang='grc' dir='ltr'>μεθ’</span> <span class='ocrx_word' id='word_1_599' title='bbox 423 5200 659 5279; x_wconf 77' lang='grc' dir='ltr'>ἡμέραν,</span> <span class='ocrx_word' id='word_1_600' title='bbox 683 5209 790 5262; x_wconf 80' lang='grc' dir='ltr'>οὐδ’</span> <span class='ocrx_word' id='word_1_601' title='bbox 818 5210 911 5264; x_wconf 75' lang='grc' dir='ltr'>ἐπὶ</span> <span class='ocrx_word' id='word_1_602' title='bbox 938 5208 1110 5279; x_wconf 81' lang='grc' dir='ltr'>βραχὺ</span> <span class='ocrx_word' id='word_1_603' title='bbox 1136 5210 1231 5279; x_wconf 85' lang='grc' dir='ltr'>τῆς</span> <span class='ocrx_word' id='word_1_604' title='bbox 1257 5210 1404 5280; x_wconf 81' lang='grc' dir='ltr'>ὧρας</span> <span class='ocrx_word' id='word_1_605' title='bbox 1432 5226 1444 5241; x_wconf 81' lang='grc'>⁶</span> <span class='ocrx_word' id='word_1_606' title='bbox 1476 5212 1614 5264; x_wconf 76' lang='grc' dir='ltr'>ἀλλὰ</span> <span class='ocrx_word' id='word_1_607' title='bbox 1637 5212 1845 5274; x_wconf 70' lang='grc' dir='ltr'>πάντας</span> 
     </span>
    </p>
   </div>
   <div class='ocr_carea' id='block_1_87' title="bbox 271 5301 1846 5373">
    <p class='ocr_par' dir='ltr' id='par_1_87' title="bbox 271 5301 1846 5373">
     <span class='ocr_line' id='line_1_87' title="bbox 271 5301 1846 5373; baseline 0.001 -20"><span class='ocrx_word' id='word_1_608' title='bbox 271 5302 469 5362; x_wconf 77' lang='grc' dir='ltr'>τόπους</span> <span class='ocrx_word' id='word_1_609' title='bbox 500 5301 594 5354; x_wconf 83' lang='grc' dir='ltr'>καὶ</span> <span class='ocrx_word' id='word_1_610' title='bbox 624 5301 849 5370; x_wconf 78' lang='grc' dir='ltr'>λιμένας</span> <span class='ocrx_word' id='word_1_611' title='bbox 868 5301 1171 5372; x_wconf 78' lang='grc' dir='ltr'>διερευνᾷν,</span> <span class='ocrx_word' id='word_1_612' title='bbox 1201 5302 1295 5354; x_wconf 76' lang='grc' dir='ltr'><strong>καὶ</strong></span> <span class='ocrx_word' id='word_1_613' title='bbox 1322 5303 1455 5355; x_wconf 79' lang='grc' dir='ltr'>πᾶσι</span> <span class='ocrx_word' id='word_1_614' title='bbox 1480 5303 1701 5373; x_wconf 84' lang='grc' dir='ltr'>τρόποις</span> <span class='ocrx_word' id='word_1_615' title='bbox 1728 5304 1846 5356; x_wconf 76' lang='grc' dir='ltr'>ἐπι-</span> 
     </span>
    </p>
   </div>
   <div class='ocr_carea' id='block_1_88' title="bbox 272 5389 1843 5462">
    <p class='ocr_par' dir='ltr' id='par_1_88' title="bbox 272 5389 1843 5462">
     <span class='ocr_line' id='line_1_88' title="bbox 272 5389 1843 5462; baseline 0.002 -21"><span class='ocrx_word' id='word_1_616' title='bbox 272 5392 503 5462; x_wconf 77' lang='grc' dir='ltr'>χειρεῖν,</span> <span class='ocrx_word' id='word_1_617' title='bbox 530 5390 652 5443; x_wconf 85' lang='grc' dir='ltr'>ὅθεν</span> <span class='ocrx_word' id='word_1_618' title='bbox 700 5391 767 5444; x_wconf 81' lang='grc' dir='ltr'><strong>ἀν</strong></span> <span class='ocrx_word' id='word_1_619' title='bbox 810 5390 896 5458; x_wconf 76' lang='grc' dir='ltr'>εἴη</span> <span class='ocrx_word' id='word_1_620' title='bbox 926 5390 1025 5459; x_wconf 80' lang='grc' dir='ltr'><strong>τὴν</strong></span> <span class='ocrx_word' id='word_1_621' title='bbox 1070 5389 1317 5460; x_wconf 88' lang='grc' dir='ltr'>ἀλλήλων</span> <span class='ocrx_word' id='word_1_622' title='bbox 1354 5390 1595 5461; x_wconf 87' lang='grc' dir='ltr'>δρῶντας</span> <span class='ocrx_word' id='word_1_623' title='bbox 1636 5391 1843 5460; x_wconf 64' lang='grc' dir='ltr'>φθορὰν</span> 
     </span>
    </p>
   </div>
   <div class='ocr_carea' id='block_1_89' title="bbox 274 5482 1841 5554">
    <p class='ocr_par' dir='ltr' id='par_1_89' title="bbox 274 5482 1841 5554">
     <span class='ocr_line' id='line_1_89' title="bbox 274 5482 1841 5554; baseline -0.001 -18"><span class='ocrx_word' id='word_1_624' title='bbox 274 5483 609 5554; x_wconf 80' lang='grc' dir='ltr'>ὑπερτέρους</span> <span class='ocrx_word' id='word_1_625' title='bbox 655 5482 751 5536; x_wconf 83' lang='grc' dir='ltr'>τοῦ</span> <span class='ocrx_word' id='word_1_626' title='bbox 787 5482 976 5536; x_wconf 87' lang='grc' dir='ltr'>λοιποῦ</span> <span class='ocrx_word' id='word_1_627' title='bbox 1023 5483 1404 5537; x_wconf 83' lang='grc' dir='ltr'>καθίστασθαι.</span> <span class='ocrx_word' id='word_1_628' title='bbox 1441 5483 1699 5553; x_wconf 78' lang='grc' dir='ltr'>Είληφόσι</span> <span class='ocrx_word' id='word_1_629' title='bbox 1727 5482 1841 5549; x_wconf 69' lang='grc'><strong>(20)</strong></span> 
     </span>
    </p>
   </div>
   <div class='ocr_carea' id='block_1_90' title="bbox 274 5576 1841 5645">
    <p class='ocr_par' dir='ltr' id='par_1_90' title="bbox 274 5576 1841 5645">
     <span class='ocr_line' id='line_1_90' title="bbox 274 5576 1841 5645; baseline -0.001 -15"><span class='ocrx_word' id='word_1_630' title='bbox 274 5577 328 5630; x_wconf 80' lang='grc' dir='ltr'>δὲ</span> <span class='ocrx_word' id='word_1_631' title='bbox 352 5577 444 5630; x_wconf 80' lang='grc' dir='ltr'>καὶ</span> <span class='ocrx_word' id='word_1_632' title='bbox 467 5576 784 5645; x_wconf 80' lang='grc' dir='ltr'>συμμαχίας</span> <span class='ocrx_word' id='word_1_633' title='bbox 815 5577 880 5627; x_wconf 83' lang='grc' dir='ltr'>ἐκ</span> <span class='ocrx_word' id='word_1_634' title='bbox 914 5576 1243 5643; x_wconf 65' lang='grc' dir='ltr'>Καῖελάνιον</span> <span class='ocrx_word' id='word_1_635' title='bbox 1268 5578 1361 5627; x_wconf 80' lang='grc' dir='ltr'>καὶ</span> <span class='ocrx_word' id='word_1_636' title='bbox 1391 5576 1720 5641; x_wconf 78' lang='grc' dir='ltr'>Βυζαντίων,</span> <span class='ocrx_word' id='word_1_637' title='bbox 1753 5577 1841 5641; x_wconf 75' lang='grc' dir='ltr'><strong>ἑγ-</strong></span> 
     </span>
    </p>
   </div>
   <div class='ocr_carea' id='block_1_91' title="bbox 1938 3275 3507 3346">
    <p class='ocr_par' dir='ltr' id='par_1_91' title="bbox 1938 3275 3507 3346">
     <span class='ocr_line' id='line_1_91' title="bbox 1938 3275 3507 3346; baseline -0.019 0"><span class='ocrx_word' id='word_1_638' title='bbox 1938 3293 2059 3346; x_wconf 83' lang='lat' dir='ltr'><strong>loce</strong></span> <span class='ocrx_word' id='word_1_639' title='bbox 2093 3304 2123 3342; x_wconf 88' lang='lat' dir='ltr'><strong>a</strong></span> <span class='ocrx_word' id='word_1_640' title='bbox 2161 3284 2318 3339; x_wconf 87' lang='lat' dir='ltr'><strong>nobis</strong></span> <span class='ocrx_word' id='word_1_641' title='bbox 2368 3282 2421 3333; x_wconf 92' lang='lat' dir='ltr'><strong>in</strong></span> <span class='ocrx_word' id='word_1_642' title='bbox 2470 3280 2569 3331; x_wconf 85' lang='lat' dir='ltr'><strong>hac</strong></span> <span class='ocrx_word' id='word_1_643' title='bbox 2617 3276 2843 3330; x_wconf 84' lang='lat' dir='ltr'><strong>historia</strong></span> <span class='ocrx_word' id='word_1_644' title='bbox 2882 3275 3051 3344; x_wconf 76' lang='lat'><strong>880</strong></span> <span class='ocrx_word' id='word_1_645' title='bbox 3094 3288 3256 3343; x_wconf 86' lang='lat' dir='ltr'><strong>supra</strong></span> <span class='ocrx_word' id='word_1_646' title='bbox 3293 3275 3507 3341; x_wconf 70' lang='lat' dir='ltr'><strong>exposi.</strong></span> 
     </span>
    </p>
   </div>
   <div class='ocr_carea' id='block_1_92' title="bbox 1942 3366 3504 3437">
    <p class='ocr_par' dir='ltr' id='par_1_92' title="bbox 1942 3366 3504 3437">
     <span class='ocr_line' id='line_1_92' title="bbox 1942 3366 3504 3437; baseline -0.012 0"><span class='ocrx_word' id='word_1_647' title='bbox 1942 3393 2056 3437; x_wconf 90' lang='lat' dir='ltr'><strong>tum</strong></span> <span class='ocrx_word' id='word_1_648' title='bbox 2089 3391 2193 3434; x_wconf 87' lang='lat' dir='ltr'><strong>est.</strong></span> <span class='ocrx_word' id='word_1_649' title='bbox 2223 3375 2359 3430; x_wconf 85' lang='lat' dir='ltr'><strong>Cum</strong></span> <span class='ocrx_word' id='word_1_650' title='bbox 2410 3380 2594 3425; x_wconf 88' lang='lat' dir='ltr'><strong>autem</strong></span> <span class='ocrx_word' id='word_1_651' title='bbox 2647 3368 2909 3437; x_wconf 86' lang='lat' dir='ltr'><strong>postridie</strong></span> <span class='ocrx_word' id='word_1_652' title='bbox 2963 3366 3280 3435; x_wconf 81' lang='lat' dir='ltr'><strong>imperatrix</strong></span> <span class='ocrx_word' id='word_1_653' title='bbox 3328 3368 3504 3428; x_wconf 85' lang='lat' dir='ltr'><strong>Anna.</strong></span> 
     </span>
    </p>
   </div>
   <div class='ocr_carea' id='block_1_93' title="bbox 1941 3455 3504 3541">
    <p class='ocr_par' dir='ltr' id='par_1_93' title="bbox 1941 3455 3504 3541">
     <span class='ocr_line' id='line_1_93' title="bbox 1941 3455 3504 3541; baseline -0.008 -19"><span class='ocrx_word' id='word_1_654' title='bbox 1941 3466 2207 3541; x_wconf 88' lang='lat' dir='ltr'><strong>principis</strong></span> <span class='ocrx_word' id='word_1_655' title='bbox 2254 3462 2499 3517; x_wconf 89' lang='lat' dir='ltr'><strong>defuncti</strong></span> <span class='ocrx_word' id='word_1_656' title='bbox 2576 3472 2736 3522; x_wconf 74' lang='lat' dir='ltr'><strong>uxor,</strong></span> <span class='ocrx_word' id='word_1_657' title='bbox 2801 3455 3045 3511; x_wconf 90' lang='lat' dir='ltr'><strong>dolorem</strong></span> <span class='ocrx_word' id='word_1_658' title='bbox 3103 3456 3504 3511; x_wconf 88' lang='lat' dir='ltr'><strong>intolerabilem</strong></span> 
     </span>
    </p>
   </div>
   <div class='ocr_carea' id='block_1_94' title="bbox 1941 3550 3512 3623">
    <p class='ocr_par' dir='ltr' id='par_1_94' title="bbox 1941 3550 3512 3623">
     <span class='ocr_line' id='line_1_94' title="bbox 1941 3550 3512 3623; baseline -0.008 -5"><span class='ocrx_word' id='word_1_659' title='bbox 1941 3563 2127 3619; x_wconf 76' lang='lat' dir='ltr'><strong>audita</strong></span> <span class='ocrx_word' id='word_1_660' title='bbox 2158 3575 2222 3614; x_wconf 89' lang='lat' dir='ltr'><strong>ea</strong></span> <span class='ocrx_word' id='word_1_661' title='bbox 2253 3573 2309 3612; x_wconf 91' lang='lat' dir='ltr'><strong>re</strong></span> <span class='ocrx_word' id='word_1_662' title='bbox 2354 3553 2721 3623; x_wconf 77' lang='lat' dir='ltr'><strong>concepisset,</strong></span> <span class='ocrx_word' id='word_1_663' title='bbox 2752 3561 2807 3605; x_wconf 88' lang='lat' dir='ltr'><strong>et</strong></span> <span class='ocrx_word' id='word_1_664' title='bbox 2843 3550 3148 3620; x_wconf 82' lang='lat' dir='ltr'><strong>suspicioni</strong></span> <span class='ocrx_word' id='word_1_665' title='bbox 3198 3550 3355 3605; x_wconf 87' lang='lat' dir='ltr'><strong>locus</strong></span> <span class='ocrx_word' id='word_1_666' title='bbox 3385 3564 3512 3605; x_wconf 83' lang='lat' dir='ltr'><strong>esse</strong></span> 
     </span>
    </p>
   </div>
   <div class='ocr_carea' id='block_1_95' title="bbox 1940 3639 3507 3713">
    <p class='ocr_par' dir='ltr' id='par_1_95' title="bbox 1940 3639 3507 3713">
     <span class='ocr_line' id='line_1_95' title="bbox 1940 3639 3507 3713; baseline -0.01 -5"><span class='ocrx_word' id='word_1_667' title='bbox 1940 3653 2243 3713; x_wconf 88' lang='lat' dir='ltr'><strong>videretur,</strong></span> <span class='ocrx_word' id='word_1_668' title='bbox 2291 3645 2506 3701; x_wconf 89' lang='lat' dir='ltr'><strong>censuit</strong></span> <span class='ocrx_word' id='word_1_669' title='bbox 2568 3642 2987 3697; x_wconf 85' lang='lat' dir='ltr'><strong>Cantacuzcnus</strong></span> <span class='ocrx_word' id='word_1_670' title='bbox 3042 3639 3370 3709; x_wconf 81' lang='lat' dir='ltr'><strong>imperator,</strong></span> <span class='ocrx_word' id='word_1_671' title='bbox 3421 3640 3507 3693; x_wconf 87' lang='lat' dir='ltr'><strong>die</strong></span> 
     </span>
    </p>
   </div>
   <div class='ocr_carea' id='block_1_96' title="bbox 1947 3732 3507 3810">
    <p class='ocr_par' dir='ltr' id='par_1_96' title="bbox 1947 3732 3507 3810">
     <span class='ocr_line' id='line_1_96' title="bbox 1947 3732 3507 3810; baseline -0.012 -8"><span class='ocrx_word' id='word_1_672' title='bbox 1947 3745 2229 3805; x_wconf 86' lang='lat' dir='ltr'><strong>Dominica</strong></span> <span class='ocrx_word' id='word_1_673' title='bbox 2282 3739 2531 3810; x_wconf 80' lang='lat' dir='ltr'><strong>proxime</strong></span> <span class='ocrx_word' id='word_1_674' title='bbox 2579 3743 2837 3790; x_wconf 83' lang='lat' dir='ltr'><strong>secutura</strong></span> <span class='ocrx_word' id='word_1_675' title='bbox 2875 3732 3314 3802; x_wconf 76' lang='lat' dir='ltr'><strong>congregandum</strong></span> <span class='ocrx_word' id='word_1_676' title='bbox 3381 3747 3507 3785; x_wconf 83' lang='lat' dir='ltr'><strong>rur-</strong></span> 
     </span>
    </p>
   </div>
   <div class='ocr_carea' id='block_1_97' title="bbox 1943 3824 3509 3907">
    <p class='ocr_par' dir='ltr' id='par_1_97' title="bbox 1943 3824 3509 3907">
     <span class='ocr_line' id='line_1_97' title="bbox 1943 3824 3509 3907; baseline -0.009 -14"><span class='ocrx_word' id='word_1_677' title='bbox 1943 3854 2037 3893; x_wconf 89' lang='lat' dir='ltr'><strong>sus</strong></span> <span class='ocrx_word' id='word_1_678' title='bbox 2085 3834 2370 3907; x_wconf 84' lang='lat' dir='ltr'><strong>p0pu|um,</strong></span> <span class='ocrx_word' id='word_1_679' title='bbox 2419 3841 2475 3884; x_wconf 90' lang='lat' dir='ltr'><strong>ct</strong></span> <span class='ocrx_word' id='word_1_680' title='bbox 2511 3829 2676 3882; x_wconf 87' lang='lat' dir='ltr'><strong>unius</strong></span> <span class='ocrx_word' id='word_1_681' title='bbox 2708 3825 3005 3880; x_wconf 81' lang='lat' dir='ltr'><strong>Andronici</strong></span> <span class='ocrx_word' id='word_1_682' title='bbox 3050 3838 3248 3879; x_wconf 87' lang='lat' dir='ltr'><strong>nomen</strong></span> <span class='ocrx_word' id='word_1_683' title='bbox 3293 3824 3509 3894; x_wconf 64' lang='lat' dir='ltr'><strong>pret-lae</strong></span> 
     </span>
    </p>
   </div>
   <div class='ocr_carea' id='block_1_98' title="bbox 1944 3914 3511 3995">
    <p class='ocr_par' dir='ltr' id='par_1_98' title="bbox 1944 3914 3511 3995">
     <span class='ocr_line' id='line_1_98' title="bbox 1944 3914 3511 3995; baseline -0.009 -11"><span class='ocrx_word' id='word_1_684' title='bbox 1944 3928 2225 3985; x_wconf 87' lang='lat' dir='ltr'><strong>mandum.</strong></span> <span class='ocrx_word' id='word_1_685' title='bbox 2276 3926 2455 3995; x_wconf 85' lang='lat' dir='ltr'><strong>Atque</strong></span> <span class='ocrx_word' id='word_1_686' title='bbox 2508 3921 2622 3977; x_wconf 62' lang='lat' dir='ltr'><strong>haec</strong></span> <span class='ocrx_word' id='word_1_687' title='bbox 2662 3919 2736 3975; x_wconf 88' lang='lat' dir='ltr'><strong>ita</strong></span> <span class='ocrx_word' id='word_1_688' title='bbox 2780 3919 2954 3974; x_wconf 81' lang='lat' dir='ltr'><strong>ferme</strong></span> <span class='ocrx_word' id='word_1_689' title='bbox 2990 3934 3048 3973; x_wconf 90' lang='lat' dir='ltr'><strong>se</strong></span> <span class='ocrx_word' id='word_1_690' title='bbox 3079 3918 3409 3972; x_wconf 83' lang='lat' dir='ltr'><strong>habuerunt.</strong></span> <span class='ocrx_word' id='word_1_691' title='bbox 3446 3914 3511 3970; x_wconf 80' lang='lat' dir='ltr'><strong>Et</strong></span> 
     </span>
    </p>
   </div>
   <div class='ocr_carea' id='block_1_99' title="bbox 1944 4016 2537 4079">
    <p class='ocr_par' dir='ltr' id='par_1_99' title="bbox 1944 4016 2537 4079">
     <span class='ocr_line' id='line_1_99' title="bbox 1944 4016 2537 4079; baseline -0.013 0"><span class='ocrx_word' id='word_1_692' title='bbox 1944 4023 1998 4079; x_wconf 91' lang='lat' dir='ltr'><strong>in</strong></span> <span class='ocrx_word' id='word_1_693' title='bbox 2032 4022 2119 4076; x_wconf 84' lang='lat' dir='ltr'><strong>itis</strong></span> <span class='ocrx_word' id='word_1_694' title='bbox 2148 4019 2327 4074; x_wconf 75' lang='lat' dir='ltr'><strong>lzicms</strong></span> <span class='ocrx_word' id='word_1_695' title='bbox 2354 4016 2537 4071; x_wconf 88' lang='lat' dir='ltr'><strong>desiit.</strong></span> 
     </span>
    </p>
   </div>
   <div class='ocr_carea' id='block_1_100' title="bbox 2013 4102 3509 4184">
    <p class='ocr_par' dir='ltr' id='par_1_100' title="bbox 2013 4102 3509 4184">
     <span class='ocr_line' id='line_1_100' title="bbox 2013 4102 3509 4184; baseline -0.012 -14"><span class='ocrx_word' id='word_1_696' title='bbox 2013 4115 2077 4184; x_wconf 83' lang='lat' dir='ltr'><strong>v.</strong></span> <span class='ocrx_word' id='word_1_697' title='bbox 2119 4112 2259 4167; x_wconf 72' lang='lat' dir='ltr'><strong>Vere</strong></span> <span class='ocrx_word' id='word_1_698' title='bbox 2286 4114 2535 4171; x_wconf 80' lang='lat' dir='ltr'><strong>ineunte,</strong></span> <span class='ocrx_word' id='word_1_699' title='bbox 2566 4121 2691 4161; x_wconf 87' lang='lat' dir='ltr'><strong>eum</strong></span> <span class='ocrx_word' id='word_1_700' title='bbox 2741 4103 2819 4157; x_wconf 84' lang='lat' dir='ltr'><strong>sol</strong></span> <span class='ocrx_word' id='word_1_701' title='bbox 2855 4102 3239 4171; x_wconf 62' lang='lat' dir='ltr'><strong>aequinoctium</strong></span> <span class='ocrx_word' id='word_1_702' title='bbox 3281 4110 3509 4169; x_wconf 53' lang='lat' dir='ltr'><strong>praeter-</strong></span> 
     </span>
    </p>
   </div>
   <div class='ocr_carea' id='block_1_101' title="bbox 1946 4193 3507 4271">
    <p class='ocr_par' dir='ltr' id='par_1_101' title="bbox 1946 4193 3507 4271">
     <span class='ocr_line' id='line_1_101' title="bbox 1946 4193 3507 4271; baseline -0.011 -9"><span class='ocrx_word' id='word_1_703' title='bbox 1946 4214 2135 4262; x_wconf 85' lang='lat' dir='ltr'><strong>vectus</strong></span> <span class='ocrx_word' id='word_1_704' title='bbox 2174 4217 2315 4257; x_wconf 90' lang='lat' dir='ltr'><strong>novo</strong></span> <span class='ocrx_word' id='word_1_705' title='bbox 2344 4199 2611 4271; x_wconf 77' lang='lat' dir='ltr'><strong>gramine,</strong></span> <span class='ocrx_word' id='word_1_706' title='bbox 2647 4198 2794 4251; x_wconf 83' lang='lat' dir='ltr'><strong>velut</strong></span> <span class='ocrx_word' id='word_1_707' title='bbox 2842 4195 3043 4248; x_wconf 83' lang='lat' dir='ltr'><strong>ﬂorida</strong></span> <span class='ocrx_word' id='word_1_708' title='bbox 3090 4202 3145 4248; x_wconf 91' lang='lat' dir='ltr'><strong>et</strong></span> <span class='ocrx_word' id='word_1_709' title='bbox 3193 4193 3507 4247; x_wconf 78' lang='lat' dir='ltr'><strong>versicolori</strong></span> 
     </span>
    </p>
   </div>
   <div class='ocr_carea' id='block_1_102' title="bbox 1950 4287 3508 4361">
    <p class='ocr_par' dir='ltr' id='par_1_102' title="bbox 1950 4287 3508 4361">
     <span class='ocr_line' id='line_1_102' title="bbox 1950 4287 3508 4361; baseline -0.008 -9"><span class='ocrx_word' id='word_1_710' title='bbox 1950 4310 2121 4361; x_wconf 86' lang='lat' dir='ltr'><strong>veste,</strong></span> <span class='ocrx_word' id='word_1_711' title='bbox 2159 4306 2356 4351; x_wconf 90' lang='lat' dir='ltr'><strong>terram</strong></span> <span class='ocrx_word' id='word_1_712' title='bbox 2400 4294 2709 4353; x_wconf 80' lang='lat' dir='ltr'><strong>obtexeret,</strong></span> <span class='ocrx_word' id='word_1_713' title='bbox 2744 4304 3044 4358; x_wconf 86' lang='lat' dir='ltr'><strong>omnesque</strong></span> <span class='ocrx_word' id='word_1_714' title='bbox 3075 4288 3301 4341; x_wconf 87' lang='lat' dir='ltr'><strong>arbores</strong></span> <span class='ocrx_word' id='word_1_715' title='bbox 3333 4287 3508 4342; x_wconf 86' lang='lat' dir='ltr'><strong>susci-</strong></span> 
     </span>
    </p>
   </div>
   <div class='ocr_carea' id='block_1_103' title="bbox 1948 4377 3508 4452">
    <p class='ocr_par' dir='ltr' id='par_1_103' title="bbox 1948 4377 3508 4452">
     <span class='ocr_line' id='line_1_103' title="bbox 1948 4377 3508 4452; baseline -0.008 -10"><span class='ocrx_word' id='word_1_716' title='bbox 1948 4399 2107 4452; x_wconf 87' lang='lat' dir='ltr'><strong>taret,</strong></span> <span class='ocrx_word' id='word_1_717' title='bbox 2145 4399 2201 4442; x_wconf 89' lang='lat' dir='ltr'><strong>et</strong></span> <span class='ocrx_word' id='word_1_718' title='bbox 2222 4385 2288 4439; x_wconf 85' lang='lat' dir='ltr'><strong>ad</strong></span> <span class='ocrx_word' id='word_1_719' title='bbox 2319 4384 2641 4451; x_wconf 79' lang='lat' dir='ltr'><strong>omnigenus</strong></span> <span class='ocrx_word' id='word_1_720' title='bbox 2672 4380 2885 4434; x_wconf 83' lang='lat' dir='ltr'><strong>fructus</strong></span> <span class='ocrx_word' id='word_1_721' title='bbox 2917 4377 3302 4448; x_wconf 78' lang='lat' dir='ltr'><strong>pmdncendos</strong></span> <span class='ocrx_word' id='word_1_722' title='bbox 3340 4379 3508 4431; x_wconf 62' lang='lat' dir='ltr'><strong>mutis</strong></span> 
     </span>
    </p>
   </div>
   <div class='ocr_carea' id='block_1_104' title="bbox 1950 4470 3509 4549">
    <p class='ocr_par' dir='ltr' id='par_1_104' title="bbox 1950 4470 3509 4549">
     <span class='ocr_line' id='line_1_104' title="bbox 1950 4470 3509 4549; baseline -0.006 -15"><span class='ocrx_word' id='word_1_723' title='bbox 1950 4482 2176 4535; x_wconf 87' lang='lat' dir='ltr'><strong>vocibus</strong></span> <span class='ocrx_word' id='word_1_724' title='bbox 2218 4484 2575 4549; x_wconf 86' lang='lat' dir='ltr'><strong>provocaret,</strong></span> <span class='ocrx_word' id='word_1_725' title='bbox 2620 4474 2675 4527; x_wconf 88' lang='lat' dir='ltr'><strong>in</strong></span> <span class='ocrx_word' id='word_1_726' title='bbox 2709 4472 3036 4543; x_wconf 83' lang='lat' dir='ltr'><strong>Byzantinos</strong></span> <span class='ocrx_word' id='word_1_727' title='bbox 3078 4482 3268 4539; x_wconf 90' lang='lat' dir='ltr'><strong>portus</strong></span> <span class='ocrx_word' id='word_1_728' title='bbox 3294 4470 3509 4525; x_wconf 64' lang='lat' dir='ltr'><strong>Venetae</strong></span> 
     </span>
    </p>
   </div>
   <div class='ocr_carea' id='block_1_105' title="bbox 1948 4560 3507 4639">
    <p class='ocr_par' dir='ltr' id='par_1_105' title="bbox 1948 4560 3507 4639">
     <span class='ocr_line' id='line_1_105' title="bbox 1948 4560 3507 4639; baseline -0.01 -13"><span class='ocrx_word' id='word_1_729' title='bbox 1948 4574 2205 4627; x_wconf 89' lang='lat' dir='ltr'><strong>triremes</strong></span> <span class='ocrx_word' id='word_1_730' title='bbox 2256 4566 2673 4639; x_wconf 84' lang='lat' dir='ltr'><strong>quatuordecim</strong></span> <span class='ocrx_word' id='word_1_731' title='bbox 2727 4565 2920 4619; x_wconf 59' lang='lat' dir='ltr'><strong>delatae</strong></span> <span class='ocrx_word' id='word_1_732' title='bbox 2972 4571 3119 4616; x_wconf 91' lang='lat' dir='ltr'><strong>sunt.</strong></span> <span class='ocrx_word' id='word_1_733' title='bbox 3172 4562 3353 4629; x_wconf 83' lang='lat' dir='ltr'><strong>Atque</strong></span> <span class='ocrx_word' id='word_1_734' title='bbox 3402 4560 3507 4620; x_wconf 53' lang='lat' dir='ltr'><strong>han</strong></span> 
     </span>
    </p>
   </div>
   <div class='ocr_carea' id='block_1_106' title="bbox 1949 4651 3511 4718">
    <p class='ocr_par' dir='ltr' id='par_1_106' title="bbox 1949 4651 3511 4718">
     <span class='ocr_line' id='line_1_106' title="bbox 1949 4651 3511 4718; baseline -0.009 -1"><span class='ocrx_word' id='word_1_735' title='bbox 1949 4664 2104 4718; x_wconf 82' lang='lat' dir='ltr'><strong>Ponti</strong></span> <span class='ocrx_word' id='word_1_736' title='bbox 2140 4662 2336 4716; x_wconf 81' lang='lat' dir='ltr'><strong>Euxini</strong></span> <span class='ocrx_word' id='word_1_737' title='bbox 2373 4658 2622 4711; x_wconf 86' lang='lat' dir='ltr'><strong>faucibus</strong></span> <span class='ocrx_word' id='word_1_738' title='bbox 2650 4654 3049 4718; x_wconf 82' lang='lat' dir='ltr'><strong>circumelusis,</strong></span> <span class='ocrx_word' id='word_1_739' title='bbox 3094 4653 3368 4708; x_wconf 84' lang='lat' dir='ltr'><strong>Galaticas</strong></span> <span class='ocrx_word' id='word_1_740' title='bbox 3406 4651 3511 4705; x_wconf 74' lang='lat' dir='ltr'><strong>Ge—</strong></span> 
     </span>
    </p>
   </div>
   <div class='ocr_carea' id='block_1_107' title="bbox 1946 4742 3510 4813">
    <p class='ocr_par' dir='ltr' id='par_1_107' title="bbox 1946 4742 3510 4813">
     <span class='ocr_line' id='line_1_107' title="bbox 1946 4742 3510 4813; baseline -0.01 -4"><span class='ocrx_word' id='word_1_741' title='bbox 1946 4756 2223 4809; x_wconf 87' lang='lat' dir='ltr'><strong>nuitarum</strong></span> <span class='ocrx_word' id='word_1_742' title='bbox 2254 4752 2525 4813; x_wconf 83' lang='lat' dir='ltr'><strong>triremes,</strong></span> <span class='ocrx_word' id='word_1_743' title='bbox 2556 4748 2626 4801; x_wconf 88' lang='lat' dir='ltr'><strong>ab</strong></span> <span class='ocrx_word' id='word_1_744' title='bbox 2664 4756 2903 4800; x_wconf 89' lang='lat' dir='ltr'><strong>mercatu</strong></span> <span class='ocrx_word' id='word_1_745' title='bbox 2940 4747 3231 4799; x_wconf 75' lang='lat' dir='ltr'><strong>redeuntes</strong></span> <span class='ocrx_word' id='word_1_746' title='bbox 3257 4759 3319 4795; x_wconf 79' lang='lat' dir='ltr'><strong>ex</strong></span> <span class='ocrx_word' id='word_1_747' title='bbox 3355 4742 3510 4796; x_wconf 65' lang='grc' dir='ltr'>Μαιο-</span> 
     </span>
    </p>
   </div>
   <div class='ocr_carea' id='block_1_108' title="bbox 1947 4833 3511 4907">
    <p class='ocr_par' dir='ltr' id='par_1_108' title="bbox 1947 4833 3511 4907">
     <span class='ocr_line' id='line_1_108' title="bbox 1947 4833 3511 4907; baseline -0.012 -7"><span class='ocrx_word' id='word_1_748' title='bbox 1947 4846 2059 4900; x_wconf 87' lang='lat' dir='ltr'><strong>tide</strong></span> <span class='ocrx_word' id='word_1_749' title='bbox 2085 4854 2140 4897; x_wconf 91' lang='lat' dir='ltr'><strong>et</strong></span> <span class='ocrx_word' id='word_1_750' title='bbox 2164 4842 2467 4902; x_wconf 77' lang='lat' dir='ltr'><strong>Cltcrsottc,</strong></span> <span class='ocrx_word' id='word_1_751' title='bbox 2500 4839 2732 4907; x_wconf 88' lang='lat' dir='ltr'><strong>aliisque</strong></span> <span class='ocrx_word' id='word_1_752' title='bbox 2760 4836 2907 4891; x_wconf 88' lang='lat' dir='ltr'><strong>illius</strong></span> <span class='ocrx_word' id='word_1_753' title='bbox 2938 4842 3143 4888; x_wconf 86' lang='lat' dir='ltr'><strong>tractus</strong></span> <span class='ocrx_word' id='word_1_754' title='bbox 3176 4833 3332 4895; x_wconf 83' lang='lat' dir='ltr'><strong>locis,</strong></span> <span class='ocrx_word' id='word_1_755' title='bbox 3362 4848 3511 4885; x_wconf 90' lang='lat' dir='ltr'><strong>com—</strong></span> 
     </span>
    </p>
   </div>
   <div class='ocr_carea' id='block_1_109' title="bbox 1948 4924 3507 5007">
    <p class='ocr_par' dir='ltr' id='par_1_109' title="bbox 1948 4924 3507 5007">
     <span class='ocr_line' id='line_1_109' title="bbox 1948 4924 3507 5007; baseline -0.011 -16"><span class='ocrx_word' id='word_1_756' title='bbox 1948 4934 2381 5007; x_wconf 86' lang='lat' dir='ltr'><strong>prcbendebant.</strong></span> <span class='ocrx_word' id='word_1_757' title='bbox 2450 4930 2718 4984; x_wconf 80' lang='lat' dir='ltr'><strong>Nimirum</strong></span> <span class='ocrx_word' id='word_1_758' title='bbox 2792 4928 3136 4982; x_wconf 85' lang='lat' dir='ltr'><strong>internecino</strong></span> <span class='ocrx_word' id='word_1_759' title='bbox 3193 4927 3336 4980; x_wconf 86' lang='lat' dir='ltr'><strong>bello</strong></span> <span class='ocrx_word' id='word_1_760' title='bbox 3407 4924 3507 4978; x_wconf 81' lang='lat' dir='ltr'><strong>sibi</strong></span> 
     </span>
    </p>
   </div>
   <div class='ocr_carea' id='block_1_110' title="bbox 1948 5017 3510 5087">
    <p class='ocr_par' dir='ltr' id='par_1_110' title="bbox 1948 5017 3510 5087">
     <span class='ocr_line' id='line_1_110' title="bbox 1948 5017 3510 5087; baseline -0.009 -4"><span class='ocrx_word' id='word_1_761' title='bbox 1948 5029 2183 5084; x_wconf 89' lang='lat' dir='ltr'><strong>invicem</strong></span> <span class='ocrx_word' id='word_1_762' title='bbox 2225 5027 2454 5087; x_wconf 79' lang='lat' dir='ltr'><strong>indicto,</strong></span> <span class='ocrx_word' id='word_1_763' title='bbox 2490 5038 2591 5078; x_wconf 89' lang='lat' dir='ltr'><strong>nec</strong></span> <span class='ocrx_word' id='word_1_764' title='bbox 2624 5032 2787 5076; x_wconf 86' lang='lat' dir='ltr'><strong>noctu</strong></span> <span class='ocrx_word' id='word_1_765' title='bbox 2822 5037 2922 5074; x_wconf 89' lang='lat' dir='ltr'><strong>nec</strong></span> <span class='ocrx_word' id='word_1_766' title='bbox 2969 5020 3228 5080; x_wconf 83' lang='lat' dir='ltr'><strong>interdiu,</strong></span> <span class='ocrx_word' id='word_1_767' title='bbox 3261 5032 3328 5071; x_wconf 90' lang='lat' dir='ltr'><strong>ne</strong></span> <span class='ocrx_word' id='word_1_768' title='bbox 3362 5017 3510 5070; x_wconf 57' lang='lat' dir='ltr'><strong>liora!</strong></span> 
     </span>
    </p>
   </div>
   <div class='ocr_carea' id='block_1_111' title="bbox 1945 5107 3507 5187">
    <p class='ocr_par' dir='ltr' id='par_1_111' title="bbox 1945 5107 3507 5187">
     <span class='ocr_line' id='line_1_111' title="bbox 1945 5107 3507 5187; baseline -0.009 -18"><span class='ocrx_word' id='word_1_769' title='bbox 1945 5119 2166 5187; x_wconf 90' lang='lat' dir='ltr'><strong>quidem</strong></span> <span class='ocrx_word' id='word_1_770' title='bbox 2202 5125 2498 5179; x_wconf 88' lang='lat' dir='ltr'><strong>momento,</strong></span> <span class='ocrx_word' id='word_1_771' title='bbox 2533 5112 2816 5182; x_wconf 87' lang='lat' dir='ltr'><strong>quiescere</strong></span> <span class='ocrx_word' id='word_1_772' title='bbox 2842 5119 3127 5179; x_wconf 86' lang='lat' dir='ltr'><strong>poterant:</strong></span> <span class='ocrx_word' id='word_1_773' title='bbox 3165 5107 3257 5160; x_wconf 87' lang='lat' dir='ltr'><strong>sed</strong></span> <span class='ocrx_word' id='word_1_774' title='bbox 3291 5122 3507 5159; x_wconf 71' lang='lat' dir='ltr'><strong>omnem</strong></span> 
     </span>
    </p>
   </div>
   <div class='ocr_carea' id='block_1_112' title="bbox 1944 5201 3509 5275">
    <p class='ocr_par' dir='ltr' id='par_1_112' title="bbox 1944 5201 3509 5275">
     <span class='ocr_line' id='line_1_112' title="bbox 1944 5201 3509 5275; baseline -0.01 -12"><span class='ocrx_word' id='word_1_775' title='bbox 1944 5209 2148 5274; x_wconf 89' lang='lat' dir='ltr'><strong>locum,</strong></span> <span class='ocrx_word' id='word_1_776' title='bbox 2164 5223 2354 5261; x_wconf 91' lang='lat' dir='ltr'><strong>omnes</strong></span> <span class='ocrx_word' id='word_1_777' title='bbox 2379 5214 2569 5275; x_wconf 89' lang='lat' dir='ltr'><strong>portus</strong></span> <span class='ocrx_word' id='word_1_778' title='bbox 2588 5203 3091 5273; x_wconf 85' lang='lat' dir='ltr'><strong>perscrutabantur,</strong></span> <span class='ocrx_word' id='word_1_779' title='bbox 3109 5201 3509 5266; x_wconf 85' lang='lat' dir='ltr'><strong>tcutabantque</strong></span> 
     </span>
    </p>
   </div>
   <div class='ocr_carea' id='block_1_113' title="bbox 1944 5288 3509 5363">
    <p class='ocr_par' dir='ltr' id='par_1_113' title="bbox 1944 5288 3509 5363">
     <span class='ocr_line' id='line_1_113' title="bbox 1944 5288 3509 5363; baseline -0.009 -10"><span class='ocrx_word' id='word_1_780' title='bbox 1944 5301 2152 5363; x_wconf 87' lang='lat' dir='ltr'><strong>omnia,</strong></span> <span class='ocrx_word' id='word_1_781' title='bbox 2184 5307 2242 5351; x_wconf 90' lang='lat' dir='ltr'><strong>ut</strong></span> <span class='ocrx_word' id='word_1_782' title='bbox 2287 5296 2522 5350; x_wconf 84' lang='lat' dir='ltr'><strong>cenllato</strong></span> <span class='ocrx_word' id='word_1_783' title='bbox 2560 5294 2665 5348; x_wconf 89' lang='lat' dir='ltr'><strong>sibi</strong></span> <span class='ocrx_word' id='word_1_784' title='bbox 2702 5293 2936 5346; x_wconf 84' lang='lat' dir='ltr'><strong>invicem</strong></span> <span class='ocrx_word' id='word_1_785' title='bbox 2973 5290 3142 5344; x_wconf 78' lang='lat' dir='ltr'><strong>exitio</strong></span> <span class='ocrx_word' id='word_1_786' title='bbox 3192 5288 3509 5356; x_wconf 84' lang='lat' dir='ltr'><strong>superiores</strong></span> 
     </span>
    </p>
   </div>
   <div class='ocr_carea' id='block_1_114' title="bbox 1948 5376 3512 5457">
    <p class='ocr_par' dir='ltr' id='par_1_114' title="bbox 1948 5376 3512 5457">
     <span class='ocr_line' id='line_1_114' title="bbox 1948 5376 3512 5457; baseline -0.01 -15"><span class='ocrx_word' id='word_1_787' title='bbox 1948 5393 2003 5442; x_wconf 90' lang='lat' dir='ltr'><strong>ln</strong></span> <span class='ocrx_word' id='word_1_788' title='bbox 2040 5397 2319 5457; x_wconf 87' lang='lat' dir='ltr'><strong>posterum</strong></span> <span class='ocrx_word' id='word_1_789' title='bbox 2365 5383 2846 5451; x_wconf 19' lang='lat' dir='ltr'><strong>evaderent..Cum</strong></span> <span class='ocrx_word' id='word_1_790' title='bbox 2896 5391 3077 5434; x_wconf 77' lang='lat' dir='ltr'><strong>autem</strong></span> <span class='ocrx_word' id='word_1_791' title='bbox 3124 5388 3176 5432; x_wconf 90' lang='lat' dir='ltr'><strong>ct</strong></span> <span class='ocrx_word' id='word_1_792' title='bbox 3220 5376 3512 5431; x_wconf 70' lang='lat' dir='ltr'><strong>Catelaunos</strong></span> 
     </span>
    </p>
   </div>
   <div class='ocr_carea' id='block_1_115' title="bbox 1949 5468 3512 5547">
    <p class='ocr_par' dir='ltr' id='par_1_115' title="bbox 1949 5468 3512 5547">
     <span class='ocr_line' id='line_1_115' title="bbox 1949 5468 3512 5547; baseline -0.009 -13"><span class='ocrx_word' id='word_1_793' title='bbox 1949 5481 2129 5535; x_wconf 84' lang='lat' dir='ltr'><strong>socios</strong></span> <span class='ocrx_word' id='word_1_794' title='bbox 2164 5479 2268 5534; x_wconf 89' lang='lat' dir='ltr'><strong>sibi</strong></span> <span class='ocrx_word' id='word_1_795' title='bbox 2300 5477 2487 5532; x_wconf 79' lang='lat' dir='ltr'><strong>Veneti</strong></span> <span class='ocrx_word' id='word_1_796' title='bbox 2523 5474 2918 5547; x_wconf 68' lang='lat' dir='ltr'><strong>adiunxissent,</strong></span> <span class='ocrx_word' id='word_1_797' title='bbox 2938 5482 2993 5525; x_wconf 91' lang='lat' dir='ltr'><strong>et</strong></span> <span class='ocrx_word' id='word_1_798' title='bbox 3029 5470 3332 5540; x_wconf 70' lang='lat' dir='ltr'><strong>Byzantios,</strong></span> <span class='ocrx_word' id='word_1_799' title='bbox 3365 5468 3512 5536; x_wconf 79' lang='lat' dir='ltr'><strong>ipsos</strong></span> 
     </span>
    </p>
   </div>
   <div class='ocr_carea' id='block_1_116' title="bbox 1949 5559 3509 5643">
    <p class='ocr_par' dir='ltr' id='par_1_116' title="bbox 1949 5559 3509 5643">
     <span class='ocr_line' id='line_1_116' title="bbox 1949 5559 3509 5643; baseline -0.01 -18"><span class='ocrx_word' id='word_1_800' title='bbox 1949 5587 2169 5643; x_wconf 86' lang='lat' dir='ltr'><strong>quoque</strong></span> <span class='ocrx_word' id='word_1_801' title='bbox 2218 5570 2466 5626; x_wconf 87' lang='lat' dir='ltr'><strong>Gennitis</strong></span> <span class='ocrx_word' id='word_1_802' title='bbox 2512 5568 2583 5622; x_wconf 88' lang='lat' dir='ltr'><strong>ob</strong></span> <span class='ocrx_word' id='word_1_803' title='bbox 2634 5569 2949 5636; x_wconf 84' lang='lat' dir='ltr'><strong>superiores</strong></span> <span class='ocrx_word' id='word_1_804' title='bbox 2987 5562 3171 5617; x_wconf 80' lang='lat' dir='ltr'><strong>clades</strong></span> <span class='ocrx_word' id='word_1_805' title='bbox 3235 5559 3509 5621; x_wconf 82' lang='lat' dir='ltr'><strong>infensos,</strong></span> 
     </span>
    </p>
   </div>
   <div class='ocr_carea' id='block_1_117' title="bbox 1609 5712 2156 5773">
    <p class='ocr_par' dir='ltr' id='par_1_117' title="bbox 1609 5712 2156 5773">
     <span class='ocr_line' id='line_1_117' title="bbox 1609 5712 2156 5773; baseline -0.002 -2"><span class='ocrx_word' id='word_1_806' title='bbox 1609 5712 1937 5773; x_wconf 64' lang='lat' dir='ltr'><strong>\‘ariorum</strong></span> <span class='ocrx_word' id='word_1_807' title='bbox 1972 5718 2156 5772; x_wconf 64' lang='lat' dir='ltr'><strong>notae.</strong></span> 
     </span>
    </p>
   </div>
   <div class='ocr_carea' id='block_1_118' title="bbox 349 5848 1183 5919">
    <p class='ocr_par' dir='ltr' id='par_1_118' title="bbox 349 5848 1183 5919">
     <span class='ocr_line' id='line_1_118' title="bbox 349 5848 1183 5919; baseline 0 -17"><span class='ocrx_word' id='word_1_808' title='bbox 349 5850 465 5919; x_wconf 65' lang='lat' dir='ltr'><strong>(i0)</strong></span> <span class='ocrx_word' id='word_1_809' title='bbox 495 5850 597 5906; x_wconf 85' lang='lat' dir='ltr'><strong>l‘ro</strong></span> <span class='ocrx_word' id='word_1_810' title='bbox 629 5848 929 5919; x_wconf 60' lang='lat' dir='ltr'><strong>si).r,;;d:.;.</strong></span> <span class='ocrx_word' id='word_1_811' title='bbox 980 5848 1183 5903; x_wconf 77' lang='grc' dir='ltr'>υυινιιι.</span> 
     </span>
    </p>
   </div>
  </div>
