4236 6442
285 350 426 402 1146
661 358 737 415 [Α.
774 353 1021 420 c.1351|

1236 354 1685 425 BYZANTINAZ
1724 356 2108 432 Htsroum
2150 372 2297 434 LIB.
2340 372 2539 433 xvm

2642 368 2776 440 [τηρ.
2807 385 2854 424 ι.
2892 381 3184 426 caucos.
3222 369 3278 441 5]
3388 372 3523 436 1146

288 459 380 511 καὶ
418 460 612 557 δόξανς
644 464 1027 535 Μνήσθητιδτι
1072 469 1262 541 θνητὸς
1293 470 1347 527 εῐ
1366 481 1458 529 καὶ
1508 478 1710 552 θνητὴν
1739 483 1861 537 ἔλα·
1890 491 1933 546 Α
1964 503 1973 556 ι

1918 501 1933 546 ι
1964 486 2203 556 primum
2240 487 2562 541 hominem?
2598 487 2710 541 Cur
2733 487 2882 557 cogis
2907 497 3107 541 terram
3165 485 3246 538 eis
3290 485 3523 539 tribulos

284 566 380 618 χες
433 552 618 619 φύσιν.
659 557 897 626 Φοϐερὸν
938 561 1000 613 τὸ
1050 561 1315 629 ἐμπεσεῖν
1366 570 1447 629 είς
1487 573 1676 641 χεῖρας
1721 572 1856 626 Θεοῦ

226 675 233 683 ι
284 641 507 735 ζῷντος,
542 646 625 717 [Ρ.
656 649 785 721 557]
841 652 975 705 Είπὲ
1007 656 1122 718 πῶς
1156 657 1313 711 ἄλλαι
1368 662 1466 726 μὲν
1492 665 1547 715 αί
1579 665 1855 735 τεττάρων

230 784 239 792 ,
282 734 382 805 ἥδη
415 738 550 790 ἐτῶν
577 741 899 809 ἐπαγγελίαι
924 745 1037 814 (26)
1070 748 1231 816 ἔτερα
1261 750 1307 803 δ’
1342 747 1407 805 αὖ
1439 752 1507 806 τὰ
1535 754 1666 822 τέλη
1692 772 1707 821 ;
1738 734 1855 811 Κα-

279 824 500 899 θολικὴν
556 833 654 900 μὲν
682 834 791 905 γὰρ
828 839 1193 909 πεποιηκέναι
1236 842 1454 897 σύνοδον
1480 845 1549 898 τὰ
1595 846 1698 915 τῆς
1752 848 1851 915 σῆς

280 919 613 988 ἐπαγγελίας
634 920 723 994 ἦν,
760 932 1113 1002 πατριαρχῶν
1138 933 1393 989 ἁπάντων
1420 939 1512 989 καὶ
1537 939 1853 993 ἐπισκόπων

278 1010 587 1079 κληθέντων
607 1033 619 1045 ’
645 1018 739 1070 νῦν
769 1021 947 1075 rosas
979 1026 1208 1093 μερικοῦ
1234 1044 1380 1091 τινος
1413 1029 1532 1099 ἴχνη
1557 1032 1853 1097 διασώζου-

278 1116 378 1152 σαν
408 1103 711 1171 σχεδιάζεις
737 1108 1151 1183 βουλευτηρίου.
1187 1117 1294 1169 Καὶ
1326 1122 1458 1187 πρὶν
1491 1121 1591 1189 μὲν
1622 1122 1852 1176 ἐλπίδων

280 1188 403 1262 ἴχνη
457 1194 805 1264 διορθώσεως
863 1202 972 1256 τῶν
1027 1205 1123 1259 τοῦ
1177 1208 1414 1277 Παλαμᾶ
1476 1215 1850 1280 καινοφωνιῶν

275 1281 501 1335 ἔϐοσκον
527 1288 883 1373 τὰςὲέκείνων
900 1293 1082 1363 ψυχάς
1107 1313 1121 1327 ⁸
1153 1297 1249 1351 νῦν
1286 1300 1344 1353 δὲ
1373 1305 1701 1371 τυραννικὸν
1739 1307 1851 1373 ὁρῶ

278 1392 339 1427 σε
372 1376 522 1445 βῆμα
548 1352 1028 1450 παρασκευάζοντα
1059 1352 1153 1441 σὸν
1179 1392 1237 1444 ἐν
1270 1352 1467 1465 γωνίςιιΓ
1491 1398 1744 1466 καθάπερ
1771 1352 1843 1451 ἓν

278 1467 769 1543 σπηλαίῳλῃστῶν.
808 1475 931 1539 Πῶς
957 1477 1066 1549 γὰρ
1091 1482 1175 1549 εἴη
1201 1480 1267 1533 ἂν
1300 1483 1666 1545 σύνοδος.’τῶν
1689 1486 1849 1540 θείων

274 1556 373 1625 τῆς
391 1557 717 1630 Ἑκκλησίας
744 1566 988 1620 κανόνων
1009 1571 1103 1622 καὶ
1127 1570 1346 1638 θεσμῶν
1367 1574 1655 1646 ὑπερόριος
1675 1576 1809 1633 οὖσα
1828 1596 1845 1646 ;

273 1646 522 1713 Κανόνας
553 1654 661 1725 γὰρ
702 1656 768 1709 ἐκ
806 1662 1119 1731 μεταφορᾶς
1149 1664 1431 1718 καλεῖσθαι
1476 1667 1845 1737 ξυμπίπτωκε

270 1740 365 1792 τοῦ
400 1744 709 1798 τεκτονικοῦ
759 1749 851 1802 καὶ
876 1750 1055 1804 κοινοῦ
1101 1755 1344 1819 κανόνος.
1388 1758 1604 1828 Ὠσπερ
1645 1759 1741 1815 οὖν
1767 1764 1845 1833 τῷ

269 1835 568 1906 τεκτονικῷ
638 1841 821 1892 κανόνι
880 1842 1226 1917 πλατυτέραν
1302 1849 1445 1919 ἔχειν
1496 1852 1595 1920 τὴν
1654 1857 1843 1925 χρείαν

267 1925 506 1993 ἀνάγκη,
542 1931 683 1983 κατὰ
716 1934 899 1987 πᾶσαν
929 1938 1035 2006 γῆν
1058 1953 1117 1990 τε
1142 1941 1238 1992 καὶ
1266 1940 1559 2009 θάλασσαν,
1591 1951 1683 2001 καὶ
1705 1950 1842 2018 ὅπη-

272 2036 377 2088 περ
409 2021 475 2074 ἂν
503 2018 616 2076 εἷεν
643 2027 981 2091 ἐνοικοῦντες
1015 2030 1295 2101 ἄνθρωποι
1318 2050 1334 2066 ·
1371 2037 1492 2101 ταῖς
1521 2038 1578 2092 δὲ
1609 2040 1718 2092 τῶν
1750 2043 1842 2094 ἀν-

269 2113 505 2182 θρώπων
534 2118 852 2186 ἡγεμονίαις
885 2124 1123 2194 μερικάς
1153 2144 1304 2192 τινας
1334 2130 1427 2181 καὶ
1454 2124 1565 2184 οἷον
1592 2150 1842 2204 σπερμα-

266 2209 426 2272 τικὶς
471 2211 567 2262 καὶ
603 2211 893 2282 διαφόρους
927 2218 1105 2270 εἰπεῖν
1132 2235 1145 2248 ’
1179 2219 1322 2275 οὕτω
1356 2224 1451 2278 καὶ
1484 2228 1593 2288 τοῖς
1621 2226 1722 2295 τῆς
1753 2229 1841 2280 ἐκ·

267 2304 498 2374 κλησίας
526 2308 716 2360 κανόσι
748 2309 839 2363 καὶ
862 2312 975 2371 τοίς
1007 2312 1307 2376 πολιτικοῖς
1334 2319 1518 2386 νόμοις
1544 2320 1841 2373 καθολικω-

266 2398 432 2466 τέραν
458 2400 603 2469 ἔχειν
632 2402 844 2469 ἀνάγκη
874 2403 972 2473 τὴν
1003 2407 1215 2473 χρείαν,
1251 2409 1345 2460 καὶ
1377 2409 1567 2478 ἄρχειν
1598 2412 1709 2464 τῶν
1735 2414 1838 2481 ἀρ-

264 2490 490 2557 χόντων,
532 2494 623 2544 καὶ
659 2494 913 2559 ἡγεῖσθαι
953 2497 1063 2550 τῶν
1095 2499 1403 2568 ἡγεμόνων.
1441 2501 1507 2554 Σὲ
1533 2502 1588 2556 δὲ
1618 2504 1840 2556 τούνανο

264 2583 384 2634 τίον
432 2583 567 2653 δρᾷν
597 2584 848 2640 ἐθέλοντα
879 2588 1092 2658 βλέπων
1130 2592 1277 2645 δέδια
1326 2594 1400 2663 μὴ
1446 2595 1841 2664 ἐναντιούμενά

266 2691 350 2727 σοι
380 2676 447 2729 τὰ
480 2677 734 2747 δρᾶιμενα
765 2681 1009 2751 γένηται.
1042 2684 1137 2737 καὶ
1181 2683 1275 2737 τοῦ
1306 2686 1509 2740 σκοποῦ
1545 2689 1837 2747 παντάπα-

266 2787 354 2821 σιν
388 2770 678 2825 ἀντίπαλα.
738 2773 905 2825 Ἐπεὶ·
930 2776 1025 2826 καὶ
1052 2775 1335 2846 οἰκοδόμος
1372 2780 1465 2833 καὶ
1498 2782 1704 2834 τέκτων
1719 2805 1752 2846 ,κ
1771 2780 1839 2837 ἂν

266 2860 344 2927 μὴ
394 2862 607 2932 καθέτῳ
636 2866 731 2916 καὶ
762 2865 976 2937 στάθμῃ
1016 2869 1110 2920 καὶ
1141 2871 1253 2933 τοῖς
1306 2871 1573 2936 τοιούτοις
1603 2854 1839 2943 χρῶντες

262 2954 509 3018 κανόσιν,
538 2955 639 3009 οὐκ
668 2958 745 3020 εἰς
776 2963 992 3028 μακρὰν
1023 2960 1121 3029 τὴν
1150 2961 1469 3033 καθαίρεσιν
1507 2966 1605 3017 ῐδοι
1634 2965 1701 3019 ἂν
1730 2966 1839 3018 τῶν

260 3047 581 3115 δρωμένων,
629 3048 723 3103 τοῦ
767 3051 866 3121 τῆς
914 3052 1182 3121 ἁρμονίας
1224 3056 1458 3125 κράτους
1504 3058 1713 3129 οὐδαμῆ
1741 3060 1839 3129 τὴν

1958 560 2406 636 et‘aerumnarum
2431 582 2619 650 spinas
2648 582 2986 649 germinare,
3030 590 3086 633 et
3112 589 3317 633 tantam
3344 579 3523 649 lacry-

1957 687 2168 726 marum
2196 672 2502 726 amaritiem
2534 671 2845 741 parturire?
2870 669 2983 725 Cur
3019 670 3317 724 infortunia
3350 679 3406 722 et
3426 670 3523 729 du-

1956 762 2123 826 lores.
2154 778 2278 817 cum
2316 764 2422 817 lzeti
2435 764 2563 817 tiam
2592 774 2645 818 et
2674 763 3019 831 splendorem
3050 763 3209 817 facile
3240 762 3352 816 sit?
3413 762 3522 815 Me-

1955 867 2143 911 mento
2176 856 2463 910 mortalem
2498 864 2550 910 te
2582 871 2704 911 esse
2735 865 2792 910 et
2830 855 3125 909 obnoxiam
3163 856 3324 908 morti
3356 863 3521 908 natu-

1955 962 2068 1002 ram
2099 946 2371 1001 sortitum.
2413 946 2713 1002 «Terribile
2739 955 2823 1002 est
2861 947 2915 1000 in
2952 961 3152 999 manus
3172 946 3521 999 Deiviventis

1956 1041 2290 1095 incidere'.»
2325 1039 2441 1095 Jam
2474 1040 2605 1093 illud
2638 1039 2799 1093 velim
2849 1039 3020 1098 dicas.
3080 1037 3214 1106 quid
3265 1022 3336 1091 s‘u
3366 1036 3515 1104 quod

1952 1148 2050 1202 per
2086 1148 2259 1187 annos
2291 1141 2433 1187 totos
2463 1143 2700 1201 quatuor
2738 1133 2843 1186 alia
2875 1130 3225 1201 promiseris,
3260 1130 3365 1184 alia
3401 1130 3519 1197 ipso
3580 1202 3585 1209 ι

1950 1226 2099 1281 exitu
2129 1227 2392 1295 pra-stes?
2424 1225 2638 1281 Etenim
2672 1216 2834 1278 tuum'
2862 1225 2992 1279 illud
3031 1224 3365 1293 promissum
3392 1222 3517 1285 fuit,

1950 1326 2198 1371 coactum
2223 1317 2286 1370 iri
2318 1318 2631 1384 generalem
2668 1318 2962 1387 synodum,
3005 1314 3061 1368 in
3094 1330 3257 1383 quam
3307 1327 3515 1367 convo~

1948 1419 2203 1464 carentur
2229 1425 2420 1463 omnes
2450 1409 2775 1478 patriarchae
2801 1418 2858 1462 et
2889 1407 3152 1477 episcopi.
3187 1406 3360 1471 Quam
3385 1418 3515 1458 vero

1949 1517 2095 1555 nunc
2122 1502 2580 1570 cxtemporariam
2611 1502 2783 1571 cogis,
2846 1516 2911 1555 ea
2944 1517 3013 1555 ne
3036 1499 3265 1555 minoris
3290 1497 3511 1567 quidem

1947 1596 2180 1666 alicujus
2233 1596 2400 1649 curia:
2452 1595 2741 1662 imaginem
2818 1600 3193 1663 repraesentat.
3266 1590 3514 1646 Antehac

1947 1702 2070 1757 spes
2086 1688 2276 1742 saltem
2304 1686 2661 1749 adumbratae,
2695 1686 2763 1741 de
2796 1685 2977 1740 futura
3000 1698 3264 1739 novarum
3284 1683 3515 1737 Palama:

1948 1779 2265 1848 opinionum
2316 1778 2681 1841 correctione,
2740 1778 2955 1831 illorum
3015 1776 3228 1830 animos
3256 1774 3512 1835 alebant;

1946 1880 2001 1923 at
2041 1885 2209 1931 nunc.
2249 1879 2308 1922 ut
2338 1870 2520 1934 video,
2558 1869 2901 1940 tyrannicum
2958 1867 3198 1921 tribunal
3251 1874 3366 1920 tutc
3400 1866 3515 1933 ipse

1946 1959 2001 2014 in
2035 1961 2255 2031 angulo,
2287 1971 2344 2016 et
2365 1962 2534 2016 veluti
2563 1961 2617 2016 in
2640 1960 2903 2030 spelunca
2933 1959 3230 2023 latronum,
3257 1956 3353 2011 tibi
3378 1972 3512 2010 con~

1944 2054 2149 2109 stituis.
2176 2052 2307 2107 Nam
2339 2070 2462 2125 qua:
2490 2070 2519 2109 a
2554 2054 2727 2109 sacris
2754 2052 3004 2109 Ecclesia:
3034 2051 3237 2117 regulis
3280 2065 3345 2104 ac
3378 2049 3513 2118 legi-

1943 2146 2048 2201 bus
2102 2146 2421 2217 longissime
2473 2147 2648 2210 abest,
2710 2162 2778 2201 an
2815 2161 2879 2211 ea
2939 2144 3181 2217 synodus
3227 2158 3348 2198 esse
3401 2141 3512 2194 ullo

1944 2236 2106 2292 modo
2134 2239 2350 2307 possit?
2375 2236 2535 2293 Certe
2566 2238 2973 2293 ecclesiasticas
2994 2236 3210 2307 regulas
3229 2234 3513 2301 metapho-

1941 2326 2054 2381 l‘ice
2106 2326 2278 2381 dictas
2334 2336 2550 2381 constat
2595 2342 2625 2382 a
2681 2326 2864 2382 fabrili
2916 2327 3239 2397 vulgarique
3298 2325 3507 2390 regula.

1941 2418 2413 2484 Quemadmodum
2449 2419 2616 2489 igitur
2647 2435 2869 2474 necesse
2900 2428 3084 2483 est,ut
3119 2418 3303 2487 regula
3338 2416 3511 2469 fabri-

1941 2506 2012 2560 lis
2036 2521 2192 2561 nsum
2254 2508 2500 2564 latiorem
2567 2509 2786 2574 habeat,
2840 2510 2989 2564 omni
3042 2520 3200 2563 terra:
3231 2515 3287 2562 et
3347 2508 3509 2570 mari,

1941 2599 2197 2656 omnibus
2274 2600 2532 2655 habitatis
2600 2603 2915 2670 regionibus
2992 2600 3503 2659 accommodatum.

1884 2738 1889 2743 .
1943 2692 2070 2748 item
2104 2709 2239 2749 usus
2268 2694 2597 2765 singulares,
2656 2706 2821 2765 atque
2857 2704 2916 2749 ut
2949 2696 3021 2750 ita
3048 2695 3223 2749 dicam
3264 2696 3509 2747 minutus

1940 2794 1996 2838 et
2022 2785 2376 2853 multiplices,
2444 2803 2542 2856 pro
2581 2788 2749 2842 variis
2813 2788 3099 2841 hominum
3156 2786 3508 2847 ditionibus;

1940 2876 2109 2947 886
2142 2877 2213 2929 ita
2245 2879 2408 2932 etiam
2443 2894 2669 2933 necesse
2692 2889 2776 2932 cst
2803 2879 3310 2933 ecclesiasticarum
3353 2892 3509 2947 rogu-

1940 2967 2115 3021 larum
2137 2978 2193 3023 et
2225 2970 2402 3039 legum
2437 2970 2682 3025 civilium
2713 2987 2872 3024 usum
2901 2970 2967 3024 ad
2999 2972 3287 3025 universos
3343 2973 3511 3039 perti-

1940 3072 2101 3119 nere.
2140 3067 2275 3112 utet
2306 3058 2734 3129 imperatoribus
2768 3062 3062 3129 imperent,
3110 3070 3166 3116 et
3199 3051 3509 3131 praepositis

260 3136 552 3190 ἐπίστασιν
604 3138 712 3191 τῶν
739 3140 916 3209 ἔργων
948 3141 1247 3206 ίθύναντος.
1310 3146 1466 3200 Ἐπεὶ
1514 3148 1692 3200 τοίνυν
1744 3150 1839 3202 καὶ
1868 3164 1913 3222 c
1949 3167 1973 3220 ι]

1949 3150 2191 3220 praesint.
2226 3150 2307 3204 Tu
2335 3167 2484 3215 vero,
2535 3153 2662 3223 quia
2716 3154 3055 3207 contrarium
3115 3152 3321 3207 videris
3376 3153 3512 3207 velle

261 3228 329 3279 σὺ
389 3228 502 3293 τοῖς
564 3229 662 3299 τῆς
718 3232 1008 3304 ἐκκλησίας
1082 3238 1303 3290 κανόσιν
1373 3240 1472 3309 οὐχ
1538 3239 1680 3312 ἕπῃ,
1736 3242 1844 3295 ίσθι

266 3319 778 3389 καταλυθησόμενος
841 3324 945 3377 ὑπὸ
1000 3326 1096 3395 τῆς
1156 3328 1492 3397 ἐκκλησίας,
1552 3330 1584 3401 ἦ
1647 3333 1846 3401 μᾶλλον

258 3413 368 3464 ύπδ
420 3413 511 3465 τοῦ
560 3413 659 3481 τῆς
718 3415 1042 3484 Ἐκκλησίας
1096 3418 1401 3487 ἡγουμένου
1444 3416 1604 3481 Θεοῦ.
1666 3426 1760 3490 καὶ
1792 3423 1841 3476 ει

263 3505 342 3575 μὴ
393 3505 589 3557 αὐτίκα
643 3507 811 3575 μάλα,
846 3506 962 3560 ἀλλ’
1004 3503 1097 3560 οὖν
1128 3508 1238 3561 οὐδ’
1270 3510 1349 3572 είς
1401 3509 1545 3577 μάλα
1598 3512 1839 3582 μακράν.

261 3593 436 3650 (ιῖσθα
466 3599 575 3667 γὰρ
612 3598 687 3662 ὡς
738 3600 805 3653 σὺ
841 3600 1057 3664 πρῶτος
1091 3600 1298 3655 ἄνωθεν
1342 3603 1657 3672 προστάτης
1684 3604 1837 3671 γενό-

263 3709 424 3761 μενος
468 3690 567 3760 τῆς
613 3691 705 3744 τοῦ
754 3693 993 3763 Παλαμᾶ
1023 3692 1340 3753 δυσσεϐείας
1387 3695 1524 3764 ὁμοῦ
1558 3698 1623 3765 τῇ
1672 3697 1840 3765 μητρὶ

259 3783 355 3834 τοῦ
404 3783 657 3836 τοσούτου
694 3784 922 3854 θορύϐου
940 3788 1006 3854 τῇ
1059 3785 1324 3856 ἐκκλησίᾳ
1360 3787 1623 3856 κατέστης
1646 3789 1835 3850 αίτιος.

258 3873 353 3926 Διὸ
406 3877 499 3926 καὶ
543 3874 869 3942 μηνίσαντος
909 3877 1003 3929 τού
1039 3876 1197 3937 Θεοῦ,
1226 3877 1323 3946 τῆς
1352 3878 1700 3945 εὐδαιμονίας
1742 3880 1839 3931 καὶ

255 3967 416 4034 δόξης
442 3967 658 4038 ἐκείνης
685 3967 891 4036 γυμνδς
920 3968 1282 4040 κατελείφθης
1308 3968 1591 4036 αἰφνίδιον,
1630 3971 1724 4021 καὶ
1746 3972 1836 4038 γέ-

256 4077 421 4127 γονας
461 4059 623 4120 εὐθὺς
670 4058 959 4130 ὑπερόριος
995 4061 1255 4131 πατρίδος
1306 4063 1426 4131 ἅμα
1476 4062 1572 4115 καὶ
1622 4062 1830 4129 γένους.

256 4150 371 4201 Καὶ
400 4150 432 4219 ἡ
469 4150 569 4219 μὲν
596 4148 662 4217 σὴ
685 4150 869 4218 μήτηρ
891 4150 1181 4220 αίσχίστην
1211 4150 1357 4204 ἔτισε
1389 4152 1482 4205 τοῦ
1513 4152 1630 4222 βίου
1648 4153 1835 4205 τελευ-

254 4240 375 4310 τὴν,
404 4240 547 4309 λιμῷ
582 4242 678 4293 καὶ
709 4239 874 4310 ψύχει
899 4241 1278 4309 δαπανηθεῖσα
1316 4242 1410 4296 καί
1461 4260 1556 4296 σου
1588 4244 1681 4297 τοῦ
1713 4246 1835 4313 φιλ-

251 4334 417 4384 τάτου
442 4332 537 4403 τὴν
561 4332 818 4402 στέρησιν
851 4334 1048 4399 πικρὸν
1077 4334 1331 4401 ἐντάφιον
1354 4335 1697 4405 ἐνεγκαμένη
1722 4351 1734 4365 °
1767 4337 1832 4390 σὺ

251 4426 309 4477 δὲ
345 4423 574 4488 πολλοὺς
603 4425 698 4477 καὶ
729 4424 1008 4485 ποικίλους
1033 4426 1423 4495 ἀναμετρήσας
1455 4426 1571 4497 βίον
1599 4427 1832 4490 πλάνους

1949 3251 2153 3313 facere,
2186 3267 2473 3319 vereor,~nc
2516 3269 2604 3315 ea.
2655 3270 2775 3323 qum
2815 3252 2999 3309 futura
3046 3264 3196 3314 sunt.
3236 3254 3510 3307 contraria

1949 3342 2046 3397 tibi
2080 3343 2415 3398 accidanth
2450 3361 2616 3413 scopo
2656 3356 2748 3400 tuo
2782 3346 2940 3416 plane
2976 3346 3249 3415 opposita.
3299 3345 3512 3414 Quippe

1948 3436 2285 3490 architectus
2317 3446 2373 3491 et
2424 3436 2598 3500 faber.
2640 3437 2743 3493 nisi
2794 3439 3187 3508 perpendiculo
3220 3445 3276 3492 et
3307 3437 3510 3491 amussi

1943 3526 2177 3598 aliisque
2226 3529 2502 3583 similibus
2552 3532 2754 3599 regulis
2786 3541 3035 3596 utantur,
3074 3546 3236 3584 ruere
3279 3546 3364 3592 ea.
3393 3546 3512 3599 qua'

1942 3617 2194 3683 fecerint,
2223 3621 2488 3675 videbunt
2518 3636 2625 3676 non
2658 3622 2819 3690 longo
2855 3634 2997 3691 post,
3040 3633 3328 3692 propterea
3363 3623 3509 3688 quod

1940 3725 2169 3779 operum
2195 3723 2477 3767 structura
2513 3714 2580 3768 ad
2618 3715 2808 3769 solida:
2837 3716 3327 3785 coagmentationis
3364 3715 3512 3782 leges

1940 3817 2047 3854 non
2077 3813 2267 3856 exacta
2296 3805 2387 3858 sit.
2417 3804 2689 3871 Quoniam
2719 3806 2888 3876 igitur
2920 3808 3035 3875 ipse
3069 3823 3291 3876 quoque
3337 3808 3509 3861 cccle-

1936 3892 2187 3947 siasticas
2212 3896 2425 3965 regulas
2459 3914 2566 3950 non
2594 3899 2867 3966 sequeris.
2899 3898 3045 3953 scias
3069 3907 3120 3953 te
3142 3899 3213 3953 ab
3243 3899 3510 3963 Ecclesia,

1937 3985 2018 4036 vel
2054 3986 2233 4054 potius
2256 4003 2283 4041 a
2311 3988 2441 4052 Deo,
2475 3989 2569 4059 qui
2602 3989 2863 4045 Ecclesiae
2919 4002 3136 4062 praeest,
3178 3992 3507 4047 subversum

1938 4074 2026 4138 iri,
2063 4076 2107 4130 si
2144 4092 2251 4129 non
2280 4079 2487 4142 statim,
2530 4090 2586 4133 at
2617 4095 2716 4135 nec
2742 4092 2865 4151 post
2922 4081 3270 4153 longissimas
3300 4099 3505 4139 moras.

1936 4167 2151 4220 Etenim
2186 4168 2270 4234 (ut
2292 4170 2423 4236 scis)
2449 4172 2660 4241 primus
2688 4184 2767 4234 tu.
2803 4184 2892 4227 tua
2911 4188 3034 4227 cum
3057 4184 3249 4237 matre,
3278 4176 3509 4230 Palama:

1936 4256 2203 4324 impietati
2235 4262 2631 4329 patrocinatus,
2681 4263 2843 4334 hujus
2875 4272 3057 4326 tautae,
3120 4280 3230 4332 qua
3259 4265 3503 4319 Ecclesia

1934 4348 2197 4418 agitatur,
2261 4353 2702 4419 perturbationis
2755 4371 2920 4411 causa
2974 4356 3259 4410 exstitisti.
3320 4357 3506 4426 Itaque

1938 4442 2047 4495 Deo
2071 4445 2233 4507 irato,
2263 4442 2503 4499 fortunis
2538 4454 2595 4500 et
2622 4446 2929 4502 honoribus
2982 4446 3089 4501 illis
3125 4447 3232 4502 tuis
3263 4448 3503 4509 amissis,

252 4514 396 4566 κατά
434 4530 492 4565 τε
541 4512 765 4581 Θρᾴκην
798 4513 890 4566 καὶ
926 4511 1269 4566 Μακεδονίαν
1327 4512 1421 4565 καὶ
1472 4514 1516 4565 Τ
1522 4513 1831 4582 ριϐαλλοὺς,
1866 4516 1910 4570 υ
1938 4546 1969 4582 η

1938 4529 2119 4585 nudus
2164 4542 2391 4602 repente
2429 4535 2656 4590 relictus
2708 4551 2806 4601 es;
2869 4537 3167 4607 statimque
3220 4540 3395 4607 patria
3450 4550 3507 4593 et

251 4605 541 4675 Περσικοῖς
566 4604 758 4657 ἔπειτα
788 4604 882 4657 καὶ
901 4602 1261 4671 σατραπικοῖς
1285 4603 1381 4657 ὑπ’
1406 4604 1651 4673 ἀνάγκης
1677 4604 1764 4658 {Os
1775 4605 1828 4659 σί
1924 4637 1973 4677 ε(

1924 4623 2255 4693 cognatione
2295 4626 2483 4693 procul
2526 4627 2816 4683 exsulasti.
2875 4627 2955 4682 Ac
3014 4602 3191 4682 mater
3255 4629 3503 4699 quidem,

252 4716 311 4751 τε
339 4699 432 4750 καὶ
461 4698 694 4766 δόγμασι
716 4696 1145 4765 κεκοινώνηκας,
1179 4698 1253 4761 ὡς
1282 4699 1376 4752 καὶ
1405 4701 1661 4751 τοσοῦτον
1696 4703 1825 4772 περὶ
1921 4712 1973 4767 τε,

1921 4712 2064 4767 fatue
2094 4723 2150 4768 et
2184 4715 2383 4784 frigore
2412 4716 2726 4787 absumpta.
2756 4728 2813 4772 et
2864 4728 3013 4775 tuam
3047 4696 3355 4775 charissimi
3399 4721 3495 4774 lilii

250 4794 310 4845 τὸ
354 4793 507 4861 γένος
540 4792 832 4863 ἀγνώμονα
875 4793 1215 4867 καταστῆναι
1266 4794 1361 4848 καὶ
1403 4793 1587 4848 οἴκτου
1620 4797 1821 4861 παντὸς
1922 4806 1973 4859 al

1922 4806 2228 4861 absentiam
2265 4822 2447 4877 passa,
2475 4825 2598 4879 quae
2631 4811 2893 4866 morienti
2926 4811 3221 4881 peracerba
3249 4828 3371 4868 esse
3407 4814 3503 4868 de—

246 4886 550 4953 ἀλλότριον,
583 4885 1080 4954 ὲγκαταλειφθέντα
1113 4902 1172 4937 σε
1206 4884 1341 4955 πρὸς
1368 4886 1527 4951 Θεοῦ,
1558 4888 1699 4941 ὥστε
1728 4891 1823 4943 καὶ
1922 4895 1972 4951 bl

1922 4895 2059 4961 buit,
2088 4896 2389 4952 fmdissimo
2421 4900 2544 4953 vita:
2598 4902 2745 4955 exitu
2782 4917 2973 4971 pmuas
3011 4902 3184 4956 dedit.
3237 4903 3318 4959 Tu
3369 4920 3503 4957 vero

246 4978 375 5040 τοὺς
402 4977 510 5029 τῶν
534 4976 897 5046 αίχμαλώτων
925 4977 1212 5047 Ῥωμαίων
1240 4980 1466 5049 νεκροὺς
1495 4981 1586 5033 καὶ
1615 4981 1721 5034 τῶν
1744 4982 1824 5036 ἔτι

247 5069 770 5139 κλαυθμυριζόντων
796 5069 1016 5140 βρεφῶν
1037 5070 1104 5123 τὰ
1126 5069 1354 5139 σώματα
1378 5075 1705 5140 συμπατεῖν,
1734 5075 1825 5128 καὶ

243 5162 568 5231 ἀναλγήτως
583 5161 1046 5226 ἐπιϐατεύειν,καὶ
1070 5160 1203 5231 μηδὲ
1221 5161 1320 5230 τὴν
1334 5162 1399 5214 τὰ
1420 5163 1589 5216 πάντα
1604 5163 1825 5232 βόσκου-

1936 4989 2137 5043 multos
2172 4999 2229 5043 et
2287 4990 2467 5044 varios
2517 4991 2731 5046 viarum
2782 5008 3003 5048 errores
3064 5011 3162 5063 per
3188 4994 3498 5060 Thraciam,

1934 5096 2030 5149 per
2062 5080 2455 5147 Maceloniam,
2486 5099 2580 5152 per
2598 5083 2870 5139 Triballos
2890 5101 3174 5147 emensus,
3209 5084 3498 5139 Persarum

1931 5174 2130 5228 deinde
2162 5186 2613 5246 satraparumque
2643 5178 2893 5232 instituta
2928 5186 2984 5232 et
2999 5179 3252 5247 dogmata
3277 5190 3499 5235 coactus

246 5271 347 5306 σαν
379 5254 529 5324 ἡλίου
562 5250 646 5326 [Ρ.
664 5252 790 5325 558]
816 5252 991 5323 φλόγα
1021 5252 1312 5320 αίδείσθαι,
1351 5253 1486 5322 μηδὲ
1517 5255 1642 5317 τοὺς
1674 5256 1825 5308 αἰθε-

247 5346 398 5413 ρῖους
426 5344 517 5397 τοῦ
547 5344 684 5398 Θεοῦ
711 5344 1139 5413 κεραυνοϐόλους
1161 5346 1513 5419 πρηστῆρας,
1545 5346 1621 5409 ὡς
1650 5347 1709 5399 τὸ
1740 5351 1821 5401 εί-

244 5436 361 5499 κὺς,
394 5437 622 5509 δειλιᾷν.
659 5437 957 5508 Ἐπιλείψει
988 5455 1055 5509 με
1090 5438 1444 5513 διηγούμενον
1477 5438 1537 5491 τὸ
1564 5437 1661 5508 τῆς
1693 5457 1818 5510 χρο-

1930 5265 2283 5334 participare,
2320 5267 2400 5322 sic
2438 5267 2660 5321 domum
2698 5270 2917 5338 generis
2946 5272 3022 5324 tui
3058 5270 3265 5324 oblitus
3291 5287 3372 5329 es.
3420 5272 3498 5325 sic

1928 5362 2001 5419 te,
2030 5370 2155 5407 cum
2186 5371 2337 5409 esses
2361 5372 2390 5411 a
2416 5357 2530 5411 Deo
2557 5357 2879 5423 derelictus,
2916 5367 2982 5413 ab
3004 5360 3153 5414 omni
3187 5360 3354 5429 887
3393 5361 3495 5411 mi-

1928 5446 2229 5501 sericordia
2270 5448 2507 5503 alienum
2538 5438 2864 5519 exhibuisti,
2911 5460 2971 5506 ut
3013 5461 3070 5507 et
3116 5451 3490 5506 Romanorum

324 5579 341 5608 ⁸
377 5578 541 5633 llehr.
578 5595 631 5635 ι.
670 5579 761 5635 δι.

617 5619 631 5643 ’
1580 5654 1912 5718 Variorum
1950 5669 2133 5722 noue.
2206 5711 2210 5717 .

316 5753 429 5818 (26)
463 5753 668 5836 {Sanine
697 5754 1132 5836 paritagizenns,
1163 5758 1359 5815 statim.
1406 5756 1518 5813 fere
1573 5763 1735 5832 atque
1796 5760 2007 5833 imperii
2051 5767 2177 5819 sede
2202 5766 2409 5835 potitus
2439 5776 2541 5829 est,
2581 5765 2833 5836 promisit
2904 5782 2961 5821 sc
3021 5774 3335 5822 coacturum
3369 5778 3491 5819 csse

243 5823 514 5886 eiusmodi
547 5824 831 5887 synodum.
868 5825 1077 5883 Bonus.
1349 5854 1358 5887 :
