4236 6442
265 441 404 501 "Si
652 446 731 510 [Α.
770 455 824 494 c.
867 443 1028 513 1351]

1255 449 1694 512 BYZANTINIE
1716 444 2094 508 ﬂlSTORl/B
2120 444 2262 503 LIB.
2297 443 2515 504 XVIII.
2593 441 2722 508 [ιι-ι’.
2760 454 2806 491 ι.
2843 451 3136 492 usum-
3179 441 3232 508 5]
3343 441 3481 505 ttat

331 557 406 609 Γ.
437 556 544 610 Καὶ
573 560 691 629 ἃμα
717 562 924 632 παρῆν,
955 557 1002 629 ᾧ
1041 565 1111 619 τὰ
1139 569 1269 634 περὶ
1302 571 1364 621 τὸ
1393 569 1519 638 δρος
1555 568 1617 621 τδ
1648 567 1814 626 Γάνος
1843 567 1891 621 Δ
1988 564 2004 613 Ι

1804 582 1814 624 ε
1843 567 1891 621 Α
1988 559 2077 613 Ill.
2103 559 2304 612 Aderat
2328 557 2490 611 simul
2519 558 2583 621 is,
2615 558 2705 610 cui
2731 555 3030 625 spiritualis
3077 554 3477 609 administratio

257 649 434 717 χωρία
468 650 864 719 ἐπιτέτραπται
909 654 1119 710 διέπειν
1151 661 1538 726 πνευματικῶς
1587 658 1679 710 καὶ
1719 656 1812 706 τὸν

253 743 377 792 ἐκεί
405 744 720 810 ποιμαίνειν
758 746 1154 816 ἀρχιερατικῶς
1185 751 1387 819 κλῆρον
1431 751 1526 803 καὶ
1564 749 1690 803 λαδν
1715 747 1811 801 τοῦ

255 828 418 895 Θεοῦ,
450 832 643 884 πολιὰν
674 835 774 902 μιν
803 836 1143 905 ἐπαγόμενος
1165 841 1348 910 τρίχα.
1382 839 1565 892 πολιὸν
1596 839 1652 891 δέ
1677 839 1810 907 φρό-

255 937 406 990 νημαι
431 938 446 953 ⁸
476 923 723 977 καὶδσον
755 926 846 978 τὸν
891 927 994 991 ἐξω
1024 930 1345 999 φαινόμενον
1380 931 1665 999 ἄνθρωπον
1695 923 1809 996 εἶχε

256 1009 639 1082 ξυντετηκότα,
667 1018 920 1071 τοσοῦτον
951 1019 1213 1074 ἀνθοῦντα.
1239 1023 1332 1075 τὸν
1365 1022 1440 1091 μὴ
1463 1021 1803 1089 φαινόμενον.

265 1099 590 1170 ’Υπερόριος
626 1107 734 1173 γὰρ
764 1108 863 1176 τῆς
888 1110 1218 1178 ἐπισκοπῆς,
1251 1110 1338 1162 διὰ
1362 1107 1423 1162 τὺ
1446 1111 1622 1182 μισεῖν
1649 1114 1811 1176 πονη-

257 1193 370 1262 ρῶν
392 1194 687 1263 ἐκκλησίας
742 1198 835 1250 καὶ
893 1197 1095 1268 λοιμῶν
1147 1200 1453 1266 ξυναυλίας,
1502 1201 1567 1254 ἐκ
1615 1200 1807 1254 πολλοῦ

253 1284 516 1349 γεγονὼς,
541 1286 691 1358 πάσῃ
717 1287 826 1340 τῶν
860 1288 1172 1354 ἀναγκαίων
1209 1290 1514 1360 αὐθαιρέτῳ
1549 1307 1807 1360 στενοχω-

254 1373 351 1443 ρίᾳ
390 1373 647 1428 δαπανῶν
671 1376 901 1430 διετέλει
929 1380 1024 1448 τὴν
1056 1372 1248 1434 ἐαυτοῦ
1272 1381 1441 1451 ζωήν.

324 1553 398 1605 Δ’.
424 1552 545 1606 Τῶν
577 1569 641 1620 γε
675 1554 783 1623 μὴν
835 1554 1040 1624 ἐτέρων
1091 1556 1409 1609 ἐπισκόπων
1435 1558 1551 1611 δσοι
1575 1559 1664 1611 τὸν
1693 1559 1807 1612 ἴσον

250 1642 423 1712 ᾔεσαν
454 1644 613 1714 ζῆλον
641 1647 735 1698 καὶ
763 1647 961 1716 τρόπον
991 1647 1081 1720 [Ρ.
1133 1649 1262 1721 562]
1290 1651 1464 1704 οὐδενί
1505 1670 1568 1716 γε
1603 1653 1658 1716 ἐς
1690 1655 1808 1706 τόδε

254 1734 660 1802 ξυμπέπτωκεν
673 1737 1029 1806 ἐλλελεῖφθαι.
1049 1741 1181 1803 Ταῖς
1193 1743 1301 1812 γὰρ
1329 1745 1477 1811 σφῶν
1492 1745 1808 1812 ἐκκλησίαις

250 1824 797 1894 παρεισφθαρέντων,
831 1829 1016 1880 ὁπόσοι
1053 1830 1286 1899 ἀγύρται
1317 1833 1410 1884 καὶ
1445 1835 1806 1901 βαναυσώδεις

1918 641 2165 705 locorum
2199 650 2352 704 Cano
2393 651 2563 703 monti
2598 649 3099 717 circumiectorum,
3154 649 3398 712 clerique
3420 658 3477 700 et

1917 743 2103 812 populi
2142 741 2438 796 Christiani
2486 757 2617 795 cura
2671 740 2955 810 pastoralis
3009 753 3135 794 cum
3182 739 3475 807 pontiﬁcali

1914 833 2245 888 auctoritate
2278 834 2565 888 commissa
2599 831 2736 888 fuit:
2791 832 2898 897 vir,
2937 843 2998 885 ut
3049 831 3205 884 senili
3253 830 3474 888 canitie.

1915 923 1989 976 ita
2017 933 2071 977 et
2100 922 2258 976 senili
2290 923 2613 991 prudentia;
2637 912 2690 974 in
2718 935 2828 990 quo
2844 931 3108 990 quantum
3136 919 3299 974 homo
3326 927 3475 972 este-

1914 1013 2029 1066 rior
2055 1023 2113 1066 et
2141 1013 2318 1066 oculis
2349 1013 2630 1082 subjectus
2659 1026 2717 1066 se
2744 1013 2919 1080 ipsum
2950 1017 3335 1070 maceravcrat,
3359 1019 3476 1060 tan-

1917 1114 2029 1157 tum
2059 1104 2292 1158 interior
2318 1115 2375 1159 et
2399 1104 2575 1157 latens
2607 1101 2939 1171 vigescebat.
2997 1101 3210 1167 Quippe
3262 1098 3477 1165 episeo:

1915 1203 2045 1264 patu
2103 1196 2432 1266 jampridem
2483 1197 2691 1265 eiectus
2743 1193 2814 1247 ob
2846 1207 2964 1245 eam
3021 1190 3186 1260 893
3233 1204 3474 1242 causam.

1913 1288 2040 1355 quia
2095 1287 2359 1339 malorum
2394 1285 2625 1339 concilia
2671 1293 2727 1337 et
2760 1282 3129 1352 pestilentium
3189 1278 3477 1333 cathedras

1913 1377 2138 1441 odisset,
2167 1377 2314 1429 omni
2361 1391 2542 1428 rerum
2596 1375 3027 1452 necessariarum
3079 1373 3302 1441 penuria
3339 1371 3473 1423 allii-

1910 1474 2036 1519 ctus
2064 1464 2229 1520 vitam
2262 1479 2417 1518 suam
2448 1463 2647 1518 sensim
2679 1466 3053 1517 consumebat.

1986 1556 2078 1610 ιν.
2111 1555 2264 1620 Quod
2296 1555 2362 1608 ad
2393 1566 2616 1610 caeteros
2653 1555 2937 1624 episcopos
2968 1555 3184 1619 attinet,
3208 1554 3300 1623 qui
3325 1568 3475 1607 eum-

1913 1646 2036 1702 dem
2076 1649 2252 1701 zelum
2303 1656 2358 1701 et
2391 1661 2597 1700 morem
2659 1647 2810 1716 sequi
2860 1647 3227 1708 instituerant,
3281 1659 3471 1699 eorum

1912 1738 2094 1792 nullus
2144 1746 2424 1805 superstes
2471 1725 2538 1789 ad
2599 1735 2703 1788 boc
2759 1751 2928 1803 usque
2993 1742 3206 1803 tempus
3254 1734 3469 1786 mansit.

1910 1828 2052 1883 Nam
2083 1843 2207 1882 cum
2236 1828 2292 1881 in
2345 1841 2537 1880 eorum
2587 1825 2846 1880 ecclesias
2891 1824 3382 1878 circumforaneum
3417 1835 3472 1874 et

253 1914 352 1966 καὶ
376 1913 565 1982 ἄνδρες
586 1916 847 1986 ἄντικρυς
870 1921 1139 1988 αἱμάτων,
1155 1921 1260 1988 ἔξω
1286 1925 1476 1992 στῆναι
1495 1924 1809 1996 πέπρακται
1841 1905 1882 1962 Β
1913 1919 1926 1972 i

1796 1943 1809 1976 ι
1841 1905 1882 1962 Β
1913 1917 2179 1972 illiberale
2213 1917 2495 1971 hominum
2515 1931 2689 1987 genus
2713 1931 2775 1970 ac
2793 1915 2981 1985 reipsa
3017 1915 3118 1969 viri
3146 1912 3469 1982 sanguinum

252 2005 395 2070 σφᾶς
445 2007 786 2075 προμηθείας
819 2009 1036 2079 ἁπάσης
1085 2010 1160 2074 ὡς
1209 2014 1565 2086 πορρωτάτω.
1612 2011 1713 2069 Ὧν
1742 2016 1806 2087 δή

249 2110 357 2144 που
407 2095 472 2148 τὰ
517 2098 767 2165 σώματα,
815 2101 892 2169 μὴ
942 2102 1350 2172 ἐγκαρτερῆσαι
1377 2106 1441 2174 τῇ
1473 2107 1666 2159 σπάνει
1698 2106 1808 2158 τῶν

246 2186 565 2253 ἀναγκαίων
596 2187 950 2259 δεδυνημένα,
979 2193 1076 2244 καὶ
1109 2193 1233 2246 ὅσαι
1267 2195 1438 2266 ταύτῃ
1472 2196 1807 2268 δυσπραγίαι

247 2277 505 2345 καθάπερ
532 2277 794 2345 ὁμοφυεῖς
833 2297 979 2345 τινες
1022 2284 1183 2354 τύχαι
1228 2287 1323 2339 καὶ
1352 2289 1518 2356 κῆρες
1562 2289 1804 2355 ἕπονται,

246 2367 433 2432 πάσης
481 2369 850 2440 σκληρότητος
894 2375 1083 2440 ἐφόδια
1123 2376 1389 2446 λαμπρῶς
1423 2380 1804 2448 ἐφελκόμεναι,

243 2456 345 2507 καὶ
375 2455 489 2509 ἀλλ’
532 2458 620 2526 ἐπ’
649 2459 831 2524 ἄλλοις
862 2463 1152 2518 ἁντλοῦσαι
1197 2470 1395 2531 κακίας
1430 2471 1681 2540 πολυειδῆ
1713 2475 1804 2527 καὶ

248 2543 563 2615 πολύτροπα
603 2548 778 2615 ῥόθια,
830 2551 966 2620 πρὸς
1019 2553 1119 2618 τὰς
1156 2557 1406 2619 αίωνίους
1457 2560 1670 2622 ἐκείνας
1714 2563 1805 2614 καὶ

248 2638 529 2704 μακαρίας
562 2639 762 2706 σκηνὰς
790 2642 1228 2716 μετῳκίσθησαν.
1279 2647 1467 2716 Παρῆν
1497 2648 1543 2700 δ’
1565 2644 1655 2702 οὖν
1682 2652 1804 2704 ἀντὶ

251 2727 464 2779 πολλῶν
495 2731 602 2780 κάκ
631 2731 732 2798 τῆς
775 2713 1104 2802 Ἀντιοχείας
1134 2713 1448 2806 ἐπαρχίαςό
1481 2739 1655 2810 Τύρου
1686 2743 1804 2795 ἐπί-

248 2835 455 2881 σκοπος
477 2836 492 2853 ο
524 2822 663 2892 ἀνὴρ
691 2826 908 2886 συνετὸς
939 2828 1032 2878 καὶ
1055 2827 1222 2880 πολὺν
1250 2833 1313 2882 ἐκ
1347 2832 1560 2897 φύσεως
1585 2836 1799 2902 τρέφων

243 2910 340 2962 τὸν
363 2913 419 2973 ἐς
445 2912 511 2973 τὰ
537 2912 721 2965 δίκαια
743 2914 925 2980 ζῆλον,
953 2919 1088 2970 κάπὶ
1111 2918 1220 2972 τῶν
1244 2921 1342 2989 τῆς
1363 2924 1639 2986 εὐσεδείας
1669 2943 1804 2994 xpu-

246 3001 419 3052 πίδων
453 3003 596 3068 μάλα
626 3000 852 3074 ἀκλινῆς
895 3007 1054 3069 αὐτός
1079 3024 1138 3059 τε
1175 3009 1458 3079 ίστάμενος
1490 3008 1582 3065 xii.
1610 3014 1799 3078 ἄλλους

243 3087 635 3159 ἐπιρῤωννύειν
679 3091 756 3144 ῶν
801 3095 1006 3158 ίκανός.
1038 3091 1204 3156 Οὗτος
1250 3101 1308 3150 ἐν
1351 3103 1529 3169 χεροῖν
1551 3102 1689 3172 ἐχων
1732 3104 1798 3157 τὰ

246 3180 415 3234 παλαι
461 3184 536 3251 τῷ
587 3185 683 3255 τὴν
724 3186 1050 3255 ’Δντιόχειαν
1101 3194 1515 3261 πατριαρχικῶς
1563 3195 1796 3250 διέποντι

240 3272 504 3337 γεγονότα
534 3274 861 3344 ψηφίσματα
907 3281 1000 3330 καὶ
1047 3281 1349 3349 γράμματα
1392 3286 1532 3337 κατὰ
1577 3288 1671 3355 τῆς
1702 3287 1794 3338 τοῦ

243 3364 482 3432 Παλαμᾶ
509 3366 846 3434 δυσσεϐείας,
872 3372 1111 3438 καὶλᾰμα
1143 3373 1251 3424 ἀπὸ
1275 3374 1537 3442 στόματος
1570 3378 1665 3446 ῇδη
1701 3379 1795 3448 τὴν

206 3466 209 3469 ’
237 3455 453 3506 ἐκείνου
501 3461 787 3524 κηρύττων
820 3460 1048 3529 γνώμην
1081 3465 1175 3515 καὶ
1213 3463 1451 3533 θίλησιν,
1491 3467 1791 3540 αὐθαιρέτῳ

243 3546 342 3596 καὶ
374 3546 530 3607 αὐτὸς
559 3548 844 3614 ἠκολούθει
880 3553 1137 3620 προθέσει
1164 3554 1341 3623 ψυχῆς
1365 3559 1478 3620 τοις
1502 3557 1664 3620 θείοις
1704 3563 1797 3613 ἁν-

238 3634 456 3703 δράσιν,
498 3637 592 3700 οὓς
635 3641 695 3704 ἐξ
734 3641 961 3711 ἑωθινῆς
1013 3644 1146 3712 πρὸς
1187 3647 1285 3715 τὴν
1317 3649 1589 3717 ἡμετέραν
1617 3651 1794 3705 οίκίαν

235 3725 486 3795 ιφθημεν
514 3731 792 3799 εἰρηκότες
816 3735 1185 3802 ἁθροίζεσθαι.

314 3818 390 3872 E’.
450 3821 726 3891 Συνῄεσαν
753 3825 809 3877 δέ
845 3828 942 3879 καὶ
978 3828 1086 3880 τῶν
1119 3827 1424 3897 ἐλλογίμων
1461 3830 1669 3901 ἀνδρῶν
1700 3834 1794 3885 καὶ

209 3910 426 3978 -αοφῶν
457 3913 557 3964 οὐκ
584 3913 780 3980 ὀλίγοι,
811 3919 1185 3986 πεφραγμένοι
1226 3919 1404 3982 καλῶς
1442 3925 1554 3984 τοῖς
1592 3926 1656 3975 ἐκ
1689 3926 1794 3976 τῶν

245 3998 409 4082 Oenus
443 4002 630 4066 ὔπλοις
663 4003 901 4074 Γραφῶν
952 4010 1071 4058 κάκ
1110 4008 1220 4059 τῶν
1253 4011 1602 4077 φαινομένων
1645 4015 1794 4082 ἠθῶν

239 4078 406 4153 εὐθῦς
436 4091 645 4160 οὐδαμῆ
681 4097 804 4158 τοὺς
833 4095 972 4166 ὐπέρ
997 4097 1274 4164 εὐσεδείας
1298 4078 1794 4170 καπηλεύσειν-ἐοι-

248 4185 405 4244 κότες
426 4185 875 4254 ἀγῶναςοξΔεξιός
903 4206 986 4253 τε,
1006 4191 1064 4252 ὃς
1084 4191 1225 4259 λόγῳ
1251 4194 1347 4246 καὶ
1371 4184 1536 4265 ἀρετῇ
1563 4197 1654 4250 τὸν
1680 4198 1794 4267 βίον

241 4275 332 4326 ἀεὶ
359 4276 580 4344 κοσμῶν
615 4279 784 4343 ἔδειξε
818 4280 912 4332 καὶ
964 4279 1059 4331 νῦν
1105 4284 1164 4334 ἐν
1195 4285 1306 4345 τοῖς
1343 4284 1480 4352 ὑπὲρ
1516 4286 1790 4351 εὐσεϐείας

239 4366 447 4430 ἀγῶσιν
498 4369 708 4438 οὐδαμῆ
755 4369 1094 4439 ψευδομένην
1127 4370 1265 4439 ιχων
1296 4373 1396 4444 τὴν
1449 4376 1664 4443 κλῆσιν,
1702 4381 1792 4430 καὶ

240 4454 360 4522 ἅμα
406 4457 738 4523 ’Δθανάσιοω
770 4459 1066 4524 ἀθανασίας
1115 4463 1341 4531 πλήρεις
1373 4464 1510 4534 ἔχων
1549 4469 1671 4530 τοὺς
1701 4468 1789 4520 λο-

243 4561 496 4613 γισμουί.

314 4736 405 4801 ς’.
439 4737 561 4790 Ἐπὶ
586 4737 789 4800 τούτοις
824 4742 918 4794 καὶ
947 4742 976 4793 ό
1004 4743 1111 4796 τῶν
1138 4744 1287 4814 ἐμῶν
1310 4745 1483 4816 εἰσῄει
1509 4746 1665 4815 χορὸς
1692 4764 1795 4814 μα-

240 4827 442 4895 θητῶν,
471 4831 564 4881 ut
587 4829 784 4891 οἵτινες
816 4831 896 4883 ἐτι
929 4834 1058 4900 σφίσ
1085 4851 1113 4886 ν
1140 4834 1461 4904 ἐφοίτησαν,
1499 4836 1592 4888 τὸν
1625 4836 1792 4890 αὐτὸν

236 4915 629 4984 ἀγωνισάμενοι
661 4919 737 4985 τῷ
763 4920 1067 4991 διδασκάλῳ
1119 4923 1341 4992 δρόμον.
1406 4917 1500 4976 ’ον
1547 4926 1608 4976 τὺ
1658 4927 1790 4993 πρὸς

239 5006 364 5063 τοὺς
399 5004 539 5071 ὑπὲρ
558 5005 839 5069 εὐσεϐείας
872 5011 1150 5073 κινδύνους
1180 5013 1470 5082 προθυμον
1492 5028 1552 5067 τε
1586 5033 1677 5068 και
1704 5020 1792 5068 εὐ-

241 5095 396 5162 γενὲς
424 5096 516 5148 καὶ
554 5095 650 5165 τὴν
675 5097 992 5165 ἐμπρακτον
1019 5103 1371 5173 εὐδοκίμησιν
1397 5107 1596 5168 ἱκανῶς
1630 5108 1793 5160 δεδειρ

238 5193 393 5261 χέναι
427 5190 568 5244 δοκῶ
598 5207 688 5258 μοι
719 5192 842 5252 τούς
873 5195 931 5243 ἐν
978 5194 1170 5263 ἐκείνῳ
1201 5196 1278 5264 τῷ
1315 5200 1637 5269 μαρτυρικῷ
1663 5216 1784 5250 στα-

236 5281 338 5347 δίῳ
378 5283 694 5350 περιφανείς
723 5280 939 5348 ἀγῶνας
979 5284 1072 5338 καὶ
1120 5285 1190 5336 τὰ
1238 5287 1788 5358 ἐπιπαρρησιασμένα

236 5369 336 5437 τῆς
369 5369 611 5441 γλώττης
643 5374 816 5440 σεμνὰ
844 5373 1220 5441 παλαίσματα.

307 5545 383 5601 ι’.
425 5545 539 5598 Καὶ
567 5546 652 5601 ίνα
682 5549 811 5611 τοὺς
848 5546 1038 5611 ἄλλους
1067 5549 1230 5615 ἐάσω,
1258 5548 1350 5614 οθς
1377 5549 1530 5607 οὔπω
1567 5554 1660 5608 καὶ
1691 5557 1789 5623 τή-

236 5652 407 5707 μερον
432 5637 490 5699 ἐς
522 5635 647 5704 Wa
683 5639 819 5698 ιένει
859 5641 1233 5711 περιειστήκει
1275 5658 1389 5710 μοι,
1438 5644 1789 5711 παμπόλλους

236 5744 297 5781 τε
333 5728 494 5788 δντας
556 5729 644 5779 καὶ
696 5731 900 5793 πάντας
942 5731 1190 5799 ἀλλήλοις
1231 5732 1641 5802 ἁμιλλωμένους
1689 5736 1789 5802 τὴν

232 5823 437 5885 ἀρετὴν
467 5820 560 5871 καὶ
578 5823 672 5872 τῖιν
705 5819 840 5889 βίον,
875 5822 1086 5892 καὶτῆς
1111 5824 1263 5882 ἐνδον
1293 5826 1431 5878 κατᾶ
1457 5825 1590 5878 Θεὸν
1622 5825 1789 5892 ἀγαλ-

1819 3233 1866 3294 C

1907 2011 2278 2081 irrepsissent,
2307 2009 2434 2062 hinc
2461 2007 2660 2062 factum
2705 2015 2810 2071 est,
2865 2014 2922 2059 ut
2952 2005 3029 2060 illi
3060 2002 3372 2071 longissime
3403 2002 3470 2054 ab

1906 2102 2052 2155 omni
2085 2101 2337 2156 humana
2365 2097 2719 2169 providentiae
2747 2111 2851 2165 ope
2875 2095 3279 2163 ablegaqentur.
3328 2093 3470 2158 Quo-

1907 2208 2027 2246 rum
2056 2206 2306 2260 corpora,
2334 2205 2458 2243 cum
2487 2190 2718 2242 tolerare
2743 2201 2847 2240 non
2885 2193 3106 2255 possent
3163 2199 3345 2238 rerum
3375 2198 3468 2237 ne-

1907 2287 2268 2336 cessariarum
2317 2282 2555 2350 inopiam
2617 2293 2680 2333 ac
2733 2287 2960 2333 ceteras
3019 2276 3289 2337 miserias,
3349 2290 3469 2344 qua:

1903 2386 2022 2425 eam
2063 2374 2466 2440 velutcognata
2499 2370 2747 2440 quadam
2801 2370 2910 2422 fata
2951 2379 3008 2425 et
3041 2367 3333 2422 infortunia
3377 2382 3468 2420 co-

1905 2464 2180 2525 mitantes,
2229 2477 2390 2516 omne
2416 2460 2752 2517 austeritatis
2803 2462 3224 2516 instrumentum
3282 2474 3465 2513 secum

1905 2552 2152 2616 trahunt,
2211 2562 2266 2606 et
2315 2553 2451 2607 alios
2513 2567 2582 2606 ex
2634 2553 2756 2606 aliis
2807 2552 3072 2605 malorum
3119 2551 3465 2620 omnigenum

1901 2645 2099 2700 ﬂuctus
2127 2644 2570 2714 superingerunt,
2616 2643 2683 2698 ad
2708 2643 3072 2711 sempiternas
3088 2643 3208 2696 illas
3261 2650 3317 2694 et
3344 2641 3464 2694 bea-

1902 2746 1984 2791 tas
2019 2735 2178 2790 sedes
2205 2736 2528 2804 migravere.
2574 2735 2778 2788 Aderat
2807 2743 2986 2787 tamen
3023 2750 3161 2788 unus
3193 2747 3293 2802 pro
3329 2734 3464 2785 mnl-

1901 2830 1971 2883 tis
1996 2845 2061 2883 ex
2085 2828 2422 2883 Antiochena
2471 2827 2768 2895 provincia,
2825 2827 3114 2893 episcopus
3167 2823 3320 2892 Tyri,
3387 2828 3465 2875 τη

1899 2918 2223 2987 intelligens,
2240 2917 2335 2985 qui
2368 2917 2586 2971 insitum
2602 2929 2632 2970 a
2651 2925 2842 2970 natura
2866 2930 3106 2968 sinerem
3124 2915 3251 2982 justi
3272 2912 3465 2966 arden-

1901 3009 2164 3062 tissimum
2180 3009 2362 3060 animo
2390 3007 2579 3071 aleret,
2609 3021 2673 3060 ac
2706 3008 2758 3058 in
2793 3021 2931 3059 verm
2947 3005 3071 3058 ﬁdei
3101 3005 3467 3058 fundamentis

1900 3115 2023 3152 cum
2048 3101 2165 3161 ipse
2199 3100 2456 3152 immotus
2491 3107 2776 3167 perstaret,
2804 3109 2916 3152 tum
2944 3099 3082 3153 alios
3110 3109 3294 3167 posset
3329 3117 3462 3154 con-

1899 3191 2133 3246 firmare.
2181 3190 2278 3244 Hic
2306 3206 2414 3260 pra!
2442 3191 2694 3245 manibus
2747 3192 2952 3245 babens
2995 3200 3178 3245 vetera
3233 3201 3462 3260 patrar-

1897 3284 2011 3335 chae
2035 3282 2358 3336 Antiooheni
2388 3281 2627 3345 decreta,
2656 3291 2708 3335 et
2738 3282 2951 3338 litteras
3004 3283 3074 3337 ab
3109 3299 3176 3338 eo
3201 3286 3465 3340 adversus

1895 3370 2125 3426 Pulama:
2145 3373 2479 3442 impietatem
2511 3374 2761 3442 scriptas.
2788 3390 2888 3428 nec
2911 3391 3019 3429 non
3046 3377 3291 3446 ejusdem
3334 3395 3460 3434 sen-

1897 3464 2116 3518 tentiam
2145 3479 2210 3518 ac
2231 3464 2562 3518 voluntatem
2601 3465 2726 3518 viva
2761 3481 2894 3520 voce
2946 3471 3299 3535 annuntians,
3347 3489 3460 3540 ipse

1893 3567 2110 3622 quoque
2142 3557 2287 3611 ultro
2344 3557 2677 3625 sequebatur
2729 3559 2875 3614 viros
2902 3546 3028 3615 illos
3066 3564 3457 3629 sanctissimos,

1893 3659 2031 3712 quos
2083 3659 2240 3699 mane
2296 3645 2364 3700 ad
2428 3656 2667 3700 nostram
2725 3647 2950 3703 domum
3001 3652 3328 3712 conﬂuxisse
3377 3659 3460 3712 di-

1893 3747 2090 3786 simus.

1969 3822 2032 3876 γ.
2059 3823 2375 3878 Convenere
2412 3825 2575 3879 etiam
2611 3826 2863 3884 homines
2889 3833 3138 3887 doctrina
3182 3847 3238 3890 et
3277 3841 3453 3894 erudi—

1894 3914 2041 3967 tione
2071 3913 2314 3984 insignes
2347 3931 2456 3969 nou
2503 3919 2683 3985 pauci,
2748 3923 2919 3977 sacris
2961 3923 3261 3992 Scripturis
3306 3931 3453 3983 velut

1892 4013 2170 4058 armatura
2202 4005 2440 4072 quadam
2470 4009 2682 4077 egregia
2715 4010 2996 4075 instructi,
3020 4015 3192 4087 894
3214 4018 3305 4086 qui
3335 4020 3454 4086 ipso

1891 4097 2073 4150 statim
2116 4096 2302 4150 habitu
2328 4098 2549 4152 minime
2581 4099 2905 4155 videbantur
2937 4104 2989 4156 in
3025 4107 3149 4159 fidei
3192 4109 3453 4162 orthodo~

1891 4203 1971 4242 sa:
2025 4187 2340 4243 defensione
2397 4190 2562 4243 ullam
2593 4190 2837 4247 fraudem
2872 4195 3212 4265 admissuri;
3260 4217 3452 4272 nempe

1890 4278 2112 4340 Dexius,
2175 4279 2271 4352 qui
2338 4279 2645 4334 litterarum
2693 4295 2751 4338 et
2812 4286 3029 4341 virtutis
3082 4289 3239 4346 laude
3294 4306 3448 4347 antea

1890 4367 2107 4434 quidem
2156 4381 2370 4435 semper
2424 4368 2650 4423 illustris
2698 4372 2834 4437 fuit;
2904 4384 2960 4428 at
3013 4375 3067 4429 in
3125 4379 3272 4434 hisce
3327 4383 3450 4434 reli-

1891 4457 2066 4525 gionis
2094 4456 2482 4511 certaminibus
2508 4474 2695 4513 verum
2724 4476 2847 4516 esse
2874 4479 3031 4518 suum
3055 4481 3253 4522 nomen
3270 4480 3452 4524 osten-

1891 4544 1990 4597 dit.
2024 4543 2153 4598 ltein
2183 4545 2530 4610 Athanasius.
2562 4556 2706 4604 totus
2728 4565 2788 4606 re
2833 4553 2948 4621 ipsa
2991 4556 3046 4610 in
3099 4559 3448 4616 meditatione

1895 4637 2332 4690 inmortalitatis.

1962 4739 2051 4794 Vl.
2080 4741 2305 4795 Subibat
2329 4741 2740 4801 deiudecborus
2755 4747 3152 4818 discipulorum
3181 4770 3445 4818 meorum.

1891 4837 1946 4882 et
1977 4841 2243 4898 quotquot
2263 4840 2522 4898 praeterea
2551 4834 2781 4890 latorum
2809 4839 3056 4908 discipuli
3094 4855 3270 4910 erant,
3303 4847 3446 4902 idem

1892 4932 2015 4972 cum
2047 4923 2306 4988 magistro
2338 4922 2574 4976 stadium
2605 4924 2911 4982 decursuri.
2941 4929 3184 4994 Quorum
3203 4938 3446 4994 animum

1894 5011 1948 5062 in
1974 5011 2390 5080 subeunduspio
2419 5013 2682 5082 religione
2737 5019 2997 5086 periculis
3035 5037 3354 5096 promptum
3387 5047 3450 5086 ac

1891 5115 2235 5168 generosum,
2267 5109 2323 5153 et
2349 5100 2629 5156 efficacem
2686 5120 2814 5162 vere
2871 5110 3150 5179 virtutem,
3190 5121 3323 5173 satis
3364 5125 3448 5190 (ut

1889 5193 2018 5244 mihi
2042 5191 2276 5258 videtur)
2294 5190 2638 5248 declararunt
2660 5199 2931 5266 praeclarae
2979 5202 3078 5258 illa:
3101 5204 3445 5277 luctationes,

1889 5283 2087 5350 quibus
2116 5295 2174 5336 se
2204 5281 2257 5333 in
2276 5283 2519 5353 martyrii
2557 5285 2805 5355 palestra
2836 5288 3222 5360 excreueruut,
3250 5311 3304 5352 et
3352 5304 3446 5355 bo-

1889 5382 2046 5426 ncsta
2089 5372 2284 5443 lingua
2309 5379 2610 5432 certamina
2649 5379 2720 5432 ab
2751 5381 2818 5434 iis
2848 5381 3085 5452 ingenue
3106 5397 3162 5443 et
3185 5391 3444 5446 audacter

1888 5472 2157 5531 suscepta.

1959 5552 2072 5608 γη.
2105 5553 2310 5612 Omitto
2347 5558 2488 5615 alios
2544 5575 2706 5630 quam
2759 5564 3046 5634 plurimos,
3101 5584 3237 5638 quos
3275 5586 3442 5642 usque

1887 5643 1953 5696 ad
1978 5643 2118 5698 banc
2154 5643 2297 5700 diem
2329 5662 2398 5701 ne
2423 5647 2605 5702 ridere
2626 5651 2846 5718 quidem
2877 5657 3010 5710 milii
3035 5657 3260 5727 contigit
3286 5677 3300 5714 :
3323 5675 3442 5716 om-

1888 5745 1986 5785 nes
2009 5731 2252 5801 ejusdem
2279 5735 2500 5790 virtutis
2521 5737 2887 5812 ejusdemque
2904 5745 3140 5799 instituti
3169 5751 3398 5806 aemulos
3425 5772 3441 5808 :

1887 5838 2078 5880 omnes
2106 5822 2422 5894 impressam
2456 5827 2639 5887 animo
2672 5833 2817 5902 piata
2843 5835 3167 5892 sententiam
3227 5855 3440 5897 morum
