4240 6460
758 422 896 484 1159

1043 421 1118 487 Ia.
1166 438 1218 474 tt.
1253 420 1411 486 13859,
1458 437 1562 474 l.\D.
1604 422 1659 492 4]

1908 427 2321 487 NICEI‘HOIU
2359 429 2742 490 GREGORE

3017 427 3147 499 [nm
3190 442 3232 480 ι.
3272 442 3558 482 ΒΑΝΤΔΕΠΖ.
3594 425 3653 498 5]

3841 430 3973 493 1160

744 551 824 598 se,
857 546 1142 602 antequam
1179 535 1278 587 nos
1306 535 1739 598 introducetnur,
1767 537 2042 598 quomodo
2066 552 2152 596 ea,
2190 552 2312 603 ηυδε
2345 553 2382 603 Α

2301 552 2312 588 ι
2345 553 2382 603 Α
2419 557 2516 601 νοι,
2548 540 2679 606 πρὶν
2724 539 2869 608 ἡμᾶς
2901 539 3150 599 εἰσιέναι,
3180 538 3247 590 τὰ
3278 539 3444 591 πάλαι
3472 537 3729 599 πολλάκις
3759 539 3975 608 μελετη-

743 628 1063 699 jamprideru
1133 629 1314 679 animo
1353 627 1746 680 meditarentur
1801 636 1856 680 ct.
1897 627 2187 682 adversum
2221 643 2317 679 nos

745 727 1037 782 struerent,
1062 718 1240 771 oblata
1273 719 1487 772 tandem
1515 720 1823 781 occasione,
1884 719 2042 772 facile
2095 719 2162 772 ad
2201 719 2318 771 exi-

746 824 858 865 rum
891 811 1204 879 perducturi
1229 821 1444 870 essent;
1478 812 1549 865 ita
1581 820 1638 864 ut
1697 827 1819 865 mox
1846 812 2063 865 aﬂuturi
2106 811 2319 864 audito-

744 920 832 957 res
860 919 966 956 non
1009 903 1394 971 intelligerent,
1427 903 1611 956 dolum
1645 918 1770 957 eum
1801 919 1921 957 esse
1942 903 2128 956 multis
2155 902 2315 956 annis

745 995 1068 1049 fabricatum
1116 1003 1171 1048 et
1217 995 1510 1049 artiﬁciose
1554 997 1937 1064 compositum.
1987 995 2227 1048 Tandem
2263 1003 2320 1048 et

744 1104 845 1141 nos
916 1103 1154 1157 quoque,
1208 1103 1237 1140 a
1279 1087 1606 1152 janitoribus
1665 1088 1860 1147 vocati,
1943 1087 2312 1140 introivimus.

746 1180 881 1232 Tum
917 1181 1098 1232 statim
1125 1179 1418 1246 imperator
1436 1180 1741 1246 appositum
1774 1177 2127 1246 Evangelium
2162 1176 2316 1231 brevi

746 1272 1062 1324 adoratione
1089 1279 1411 1340 prosecutus
1432 1279 1535 1333 est,
1578 1272 1736 1324 nobis
1768 1272 2026 1324 videlicet
2059 1283 2121 1323 ea
2150 1285 2317 1338 opera

745 1362 1141 1417 satisfacturos.
1169 1361 1302 1415 Nam
1337 1373 1392 1416 ut
1415 1362 1745 1416 sacrosancti
1774 1362 1910 1417 sexti
1948 1362 2168 1416 concilii
2228 1376 2319 1430 ge—

747 1455 948 1506 neralis
976 1464 1093 1508 acta
1121 1454 1537 1515 exhiberentur,
1569 1461 1730 1522 prout
1761 1463 1980 1506 cautum
2011 1460 2155 1505 esset
2185 1467 2319 1505 con-

745 1547 1028 1598 stitutione
1050 1546 1311 1614 principis
1344 1545 1436 1598 illo
1471 1553 1717 1612 tempore
1766 1544 2105 1612 imperantis,
2164 1550 2217 1597 et
2258 1552 2318 1596 ut

746 1653 889 1691 nunc
912 1654 1129 1705 quoque
1159 1639 1519 1706 praesentibus
1568 1636 1728 1690 nobis
1791 1637 2092 1704 jar-aretur,
2149 1635 2314 1688 etiam

745 1741 906 1797 atque
937 1732 1097 1782 etiam
1135 1731 1492 1798 petieramus.
1552 1729 1761 1780 Deinde
1794 1737 1850 1780 et
1913 1729 2026 1795 ipse
2062 1726 2224 1791 sedit,
2262 1735 2318 1779 et

746 1838 843 1874 nos
877 1823 1040 1874 etiam
1081 1821 1242 1874 simul
1279 1837 1403 1873 eum
1440 1819 1562 1872 aliis
1582 1818 1773 1872 sedere
1799 1819 1985 1888 jussit.
2021 1862 2025 1874 .

2420 627 2578 680 θέντα
2609 645 2667 678 τε
2700 629 2792 680 καὶ
2817 627 3254 679 συςκευαεθέντα
3284 629 3629 696 βουλεύματα
3656 628 3776 681 καθ’
3801 629 3974 697 ἡμῶν,

2420 719 2535 780 πῶς
2566 719 2631 771 ἂν
2669 720 2761 770 ἐπὶ
2793 718 2985 786 καιροῦ
3011 719 3106 770 νῦν
3145 722 3224 779 εἰς
3260 720 3434 788 πέρας
3465 721 3620 786 ἄγειν
3671 722 3758 788 εἴη
3797 722 3978 782 αὐτοῖς

2419 812 2659 871 εὐπετῶς
2683 828 2736 863 τε
2766 815 2858 865 καὶ
2879 813 2953 874 ὠς
2981 813 3046 865 ἂν
3069 816 3177 875 τοῖς
3211 814 3475 882 παροῦσιν
3500 817 3800 881 ἀκροαταῖς
3825 816 3978 881 ἀγνο-

2416 902 2605 974 ηθείη.
2638 903 2868 957 λαθόντα
2910 908 2991 958 ὅτι
3025 906 3118 971 ξὺν
3152 908 3289 977 δόλῳ
3340 907 3656 976 πέπρακταί
3686 924 3746 959 τε
3778 909 3871 958 καὶ
3899 908 3979 959 δε-

2415 997 2898 1065 δραματούργηται
2928 999 3197 1054 πολυετεῖ.
3234 1001 3526 1070 Εῐσῂειμεν
3554 999 3599 1051 δ’
3630 995 3723 1051 οὖν
3760 999 3857 1067 ὀψὲ
3889 1000 3982 1051 καὶ

2419 1092 2601 1158 ἡμεῖς.
2629 1090 2737 1142 τῶν
2773 1089 3037 1159 Θυρωρῶν
3070 1092 3445 1145 καλεσάντων.
3501 1093 3608 1144 Καὶ
3655 1091 3683 1141 ὁ
3727 1090 3980 1158 βασιλεὺς

2405 1182 2577 1244 εὐθὺς
2599 1181 2673 1250 τῷ
2702 1182 3004 1252 εὐαγγελίῳ
3031 1184 3423 1252 παρακειμένῳ
3455 1178 3825 1253 προσκύνησιν
3849 1185 3980 1232 ἀπο-

2417 1277 2611 1344 νείμας
2653 1277 2930 1347 βραχεῖαν,
2962 1278 3118 1347 ἡμῶν
3153 1295 3212 1344 γε
3251 1278 3455 1340 εἵνεκα,
3514 1275 3684 1327 πολλὰ
3723 1277 3980 1336 πολλάκις

2418 1369 2515 1428 τὰς
2542 1370 2640 1438 τῆς
2667 1371 2816 1432 θείας
2845 1373 2938 1423 καὶ
2984 1369 3366 1437 οἰκουμενικῆς
3411 1370 3575 1436 ’ἐκτης
3605 1367 3823 1419 συνόδου
3855 1386 3979 1436 προ⁸

2418 1462 2638 1531 τεθῆναι
2680 1464 2905 1531 πράξεις
2945 1461 3344 1522 ἀπαιτούντων,
3383 1464 3521 1511 κατὰ
3579 1463 3677 1526 τὴν
3726 1462 3838 1511 ἐκΞῖ
3887 1459 3977 1510 τοί

2409 1553 2536 1603 ⁴τότε
2572 1550 2832 1620 βασιλέως
2854 1554 3206 1612 κατάστασιν,
3232 1551 3324 1601 καὶ
3351 1549 3475 1609 τοὺς
3506 1547 3980 1614 ὃρκους’γενέοθαι

2417 1643 2515 1695 καὶ
2545 1643 2643 1694 νῦν
2701 1643 2784 1709 ἐφ’
2833 1640 2989 1709 ἡμῶν
3015 1657 3026 1669 ·
3066 1642 3254 1692 ἔπειτα
3310 1640 3471 1700 αὐτός
3503 1656 3560 1689 τε
3619 1639 3864 1690 ἐκάθισεν
3890 1643 3980 1689 καὶ

2419 1734 2533 1802 ἅμα
2570 1733 2704 1800 ὁμοῦ
2735 1734 2846 1795 τοῖς
2880 1735 3060 1795 ἄλλοις
3091 1731 3430 1800 καθεσθῆναι
3467 1732 3849 1800 προύτρέψατο
3886 1734 3981 1782 καὶ

2419 1827 2584 1894 ἡμᾶς.

818 1912 900 1964 IV.
933 1918 1112 1980 Atque
1143 1913 1230 1966 ille
1268 1912 1417 1979 loqui
1441 1925 1672 1963 exorsus
1716 1910 1950 1962 orationi
1983 1903 2094 1962 suae
2144 1908 2312 1961 inter-
2347 1914 2387 1967 Β
2488 1945 2492 1964 ι

2303 1935 2312 1945 ν
2347 1914 2387 1967 Β
2488 1917 2558 1967 Δ’.
2597 1915 2790 1981 Λέγειν
2817 1913 2862 1966 δ’
2893 1912 3203 1982 ἀρξάμενος
3257 1913 3570 1982 παρομίγνυ
3605 1912 3715 1973 τοῖς
3747 1910 3977 1977 λεγομέ-

747 2005 1561 2073 serebatjuramentaquaedam
1604 2019 1734 2071 vaga
1767 2014 1821 2056 et
1881 2001 2160 2070 perplexa,
2211 1999 2314 2053 sibi

749 2097 925 2165 ipsiet
958 2095 1146 2150 liberis
1198 2094 1312 2149 suis
1360 2096 1591 2150 exitium
1642 2093 1796 2162 quasi
1852 2091 2224 2161 imprecando,
2270 2090 2314 2143 si

747 2187 942 2254 quovis
986 2185 1148 2238 modo
1200 2186 1357 2239 alteri
1416 2187 1559 2255 parti
1609 2186 1855 2237 faveret:
1888 2191 2155 2249 erantque
2200 2181 2318 2249 ejus

745 2277 912 2347 899
939 2279 1100 2338 dicta,
1129 2284 1188 2328 ut
1221 2291 1276 2329 re
1314 2279 1426 2344 ipsa
1462 2273 1662 2344 patuit,
1712 2273 2048 2326 dilemmata.
2108 2269 2315 2339 Ecquid

748 2384 908 2437 porro
952 2367 1172 2429 mirum,
1209 2366 1297 2418 ubi
1341 2365 1430 2419 ille
1473 2380 1558 2418 am
1586 2364 1711 2418 inde
1770 2365 1839 2416 ab
1871 2363 2028 2415 initio
2059 2377 2182 2414 cum
2214 2361 2316 2414 Pa—

746 2463 887 2515 lama
957 2461 1114 2532 plane
1168 2459 1542 2528 conspirabat,
1606 2469 1661 2512 et
1696 2458 1813 2527 ejus
1864 2452 2314 2508 consuetudinem

749 2554 884 2603 tanti
927 2550 1184 2616 faciebat,
1215 2559 1276 2603 ut
1303 2565 1423 2603 eam
1461 2548 1551 2602 diu
1583 2557 1858 2614 noctuque
1889 2545 2122 2614 publicis
2149 2558 2315 2611 nego-

748 2641 835 2695 tiis
861 2642 1178 2711 urgentibus
1208 2639 1580 2704 antelraberet,
1600 2647 1654 2693 et
1677 2652 1799 2692 cum
1828 2653 1891 2690 eo
1914 2635 2065 2688 dolos
2087 2649 2317 2688 consue-

747 2744 829 2786 ret
855 2749 916 2787 ac
967 2736 1109 2786 retia
1143 2732 1300 2787 nobis
1325 2733 1612 2796 tenderet;
1642 2731 1891 2797 idemque
1933 2740 2039 2781 tam
2094 2727 2316 2796 privatis

745 2842 907 2895 quam
947 2826 1186 2896 publicis
1212 2826 1559 2880 sermonibus
1591 2837 1804 2876 mecum
1845 2822 1924 2874 sic
1954 2819 2148 2874 solitus
2171 2827 2316 2872 esset

749 2934 1011 2987 pugnare,
1041 2929 1101 2972 ut
1123 2920 1240 2985 ipso
1272 2917 1440 2970 etiam
1465 2917 1685 2970 Palama
1713 2914 2004 2966 violentior
2027 2927 2147 2965 esse
2173 2911 2318 2963 vidc-

747 3010 937 3062 retur?
965 3009 1158 3077 Itaque
1190 3010 1300 3073 ille,
1323 3023 1446 3062 cum
1475 3006 1829 3077 promittebat
1865 3019 1922 3057 se
1952 3018 2077 3072 erga
2091 3003 2314 3055 alteram

749 3108 957 3169 partem
1000 3115 1272 3168 propenso
1302 3100 1488 3152 animo
1524 3099 1667 3151 baud
1697 3099 1834 3161 lore,
1863 3097 1904 3149 si
1931 3110 2029 3148 nos
2055 3095 2200 3148 solos
2233 3109 2318 3146 re-

750 3191 946 3259 spexit,
975 3206 1083 3242 non
1117 3189 1382 3258 pejeravit
1427 3188 1672 3256 quidem,
1735 3195 1789 3239 at
1856 3186 2096 3237 animam
2157 3196 2312 3236 suam

748 3284 1006 3352 perdidit,
1037 3283 1320 3351 antiquum
1342 3278 1491 3334 illum
1517 3280 1785 3333 Herodem
1813 3277 2316 3346 prorsusitnitatus;

748 3378 863 3445 qui,
904 3377 1224 3444 prOplretam
1257 3391 1378 3427 cum
1406 3375 1704 3434 occideret,
1753 3371 1944 3444 sceleti
2006 3384 2106 3424 suo
2144 3370 2315 3436 jusju-

757 3468 980 3520 randum
1034 3465 1392 3536 praatexebat.
1427 3464 1581 3528 Quod
1613 3466 1655 3516 si
1683 3471 1931 3516 neutram
1980 3470 2188 3529 partem
2229 3473 2319 3512 re-

749 3561 959 3628 spicere
991 3565 1143 3611 men's
1170 3557 1526 3626 juriSjuraudi
1560 3556 1759 3624 potuit,
1824 3556 1915 3607 sed
1956 3567 2107 3620 aequa
2165 3551 2319 3625 lance

749 3665 1044 3719 Suspensus
1067 3651 1293 3703 allectus
1328 3665 1508 3717 parem
1566 3664 1623 3701 se
1657 3647 1906 3715 utrisque
1953 3644 2191 3712 pratbere
2223 3640 2317 3693 de-

755 3753 1012 3805 wevera',
1043 3749 1203 3807 atque
1257 3740 1345 3792 ilie
1397 3738 1594 3791 deinde
1643 3737 1839 3806 juratis
1895 3750 2000 3786 non
2058 3732 2208 3785 stetit
2242 3729 2318 3794 (id

747 3837 894 3902 quod
929 3850 986 3886 re
1024 3833 1138 3902 ipsa
1197 3833 1514 3892 declaravit,
1578 3844 1699 3883 cum
1725 3829 1779 3880 in
1842 3827 2053 3879 theatro
2088 3823 2180 3876 illo
2209 3821 2318 3875 fre-

750 3923 1127 3992 quentissimo
1155 3921 1398 3990 corrupit
1457 3922 1598 3988 juris
1652 3918 1987 3986 azquitatem)
2040 3926 2318 3980 nunquam

749 4026 895 4068 certe
926 4015 1150 4083 perjurii
1183 4014 1390 4066 crimen
1417 4011 1662 4078 eilugiet,
1699 4011 1791 4077 qui
1823 4022 1920 4062 sua
1946 4015 2138 4075 sponte
2169 4018 2319 4056 corn-

753 4107 900 4157 misit
937 4116 994 4157 ut
1016 4113 1162 4157 esset
1196 4104 1473 4172 perjurus.
1762 4093 1765 4146 ἐ

827 4195 887 4248 ν.
921 4197 1125 4264 Nempe
1181 4196 1292 4257 ille,
1317 4194 1564 4247 eamdem
1633 4192 1864 4246 Palatina:
1921 4203 1977 4246 et
2022 4195 2104 4247 sui
2151 4195 2322 4262 ipsius

754 4291 968 4342 ruinam
1036 4303 1157 4341 esse
1212 4298 1482 4347 statuens,
1514 4302 1636 4339 cum
1686 4301 1830 4338 nunc
1877 4286 2108 4349 videret,
2163 4289 2321 4341 aliter

754 4397 912 4450 quam
944 4387 1250 4448 putaverat,
1302 4377 1505 4429 nostris
1562 4375 2025 4442 disputationibus
2076 4378 2321 4430 funditus

757 4472 1053 4541 proﬂigari,
1088 4484 1324 4537 puppem
1391 4469 1444 4519 in
1486 4466 1666 4519 medio
1702 4482 1865 4518 cursu
1918 4472 2225 4532 contorsit;
2265 4480 2320 4522 et

2419 2022 2524 2067 νοις
2559 2007 2650 2056 καὶ
2688 2007 2888 2074 ὅρκους
2924 2004 3354 2070 διεσπασμένους
3395 2003 3547 2060 τινὰς
3597 2003 3691 2053 καὶ
3725 2003 3982 2064 αἰνιγμα-

2416 2096 2625 2160 τώδεις,
2649 2095 2998 2165 ἐπαρώμενος
3031 2111 3147 2157 πως
3167 2094 3347 2161 ἐαυτῷ
3368 2094 3464 2146 καὶ
3493 2095 3705 2146 τέκνοις
3736 2091 3981 2159 ὄλεθρον,

2419 2190 2467 2238 εἰ
2492 2188 2570 2255 τῷ
2599 2188 2679 2239 ἐνὶ
2726 2188 2880 2256 μέρει
2924 2187 3217 2255 πρόσθοιτο
3260 2188 3362 2255 τὴν
3396 2185 3626 2255 γνώμην
3657 2185 3977 2237 ὀποσονοίι.

2420 2280 2524 2330 Καὶ
2558 2275 2648 2350 ἦν,
2691 2279 2765 2341 ὼς
2800 2278 3000 2342 ἔδειξεν
3037 2282 3128 2332 ἐπὶ
3155 2279 3266 2331 τῶν
3315 2279 3514 2348 ἔργων,
3560 2278 3879 2345 διλήμματα
3910 2279 3978 2327 τὰ

2419 2369 2763 2437 φθεγγόμενα
2784 2385 2798 2398 ⁸
2833 2370 2927 2421 καὶ
2972 2369 3086 2431 πῶς
3139 2369 3237 2437 μὲν
3265 2367 3327 2420 οὔ
3352 2385 3366 2399 ο
3398 2369 3476 2438 τῷ
3531 2369 3766 2436 Παλαμᾷ
3795 2369 3862 2418 τά
3895 2367 3984 2416 id:

2420 2463 2593 2513 πνέων
2618 2460 2673 2526 ἐξ
2695 2461 2888 2530 ἀρχῆς,
2912 2461 3005 2512 καὶ
3031 2460 3246 2529 νύκτωρ
3277 2461 3370 2513 καὶ
3400 2460 3518 2528 μεθ’
3542 2460 3754 2527 ἡμέραν
3777 2458 3985 2527 προύρ-

2419 2555 2702 2622 γιαιτέραν
2730 2553 2840 2604 τῶν
2873 2553 2976 2605 ἀνὰ
3011 2554 3198 2621 χεῖρας
3234 2552 3556 2620 ποιούμενος
3585 2550 3859 2619 δημοσίων
3885 2554 3986 2616 τὴν

2419 2643 2582 2697 αὐτοῦ
2639 2644 2876 2713 ὁμιλίαν,
2929 2643 3232 2695 καὶταῦτα
3287 2645 3619 2713 συρῤἀπτων
3667 2641 3790 2694 καθ’
3827 2643 3986 2710 ﬁgi.er

2419 2737 2515 2788 καὶ
2552 2736 2905 2797 συσκευάζων
2956 2736 3171 2799 δίκτυα,
3204 2738 3373 2803 κάμοὶ
3407 2735 3637 2801 λογικῶς
3676 2736 3985 2803 μαχόμενος

2423 2832 2526 2901 ἰδίᾳ
2560 2834 2652 2882 καὶ
2680 2830 2911 2898 δημοσίᾳ
2937 2828 3240 2897 βιαιότερον
3269 2826 3299 2895 ἢ
3333 2825 3454 2878 κατ’
3480 2826 3641 2878 αὐτὸν
3667 2828 3842 2877 εἰπεῖν
3876 2826 3988 2877 Πα-

2420 2920 2623 2987 λαμᾶν;
2655 2920 2716 2970 Εἰ
2749 2916 2842 2971 οὖν
2877 2919 2936 2970 τὸ
2961 2919 3232 2988 ἡμέτερον
3262 2917 3456 2985 ἔϐλεψε
3493 2917 3655 2985 μέρος
3688 2917 3918 2980 ἐκεῖνος,
3943 2909 3989 2980 ᾧ

2418 3011 2514 3078 τὴν
2552 3010 2776 3079 γνώμην
2809 3011 2992 3079 ἥκισθ’
3029 3011 3343 3076 ὐπισχνοῖτο
3377 3009 3787 3077 προστίθεσθαι,
3811 3009 3987 3074 55mp-

2420 3113 2552 3163 κησε
2586 3099 2686 3165 μέν
2723 3112 2733 3123 ’
2760 3096 3099 3150 ἀπολωλέναι
3133 3097 3179 3148 δ’
3207 3099 3356 3166 ὅμως
3410 3099 3663 3165 πέπραχε
3694 3097 3792 3167 τὴν
3857 3100 3987 3148 ἑαυ-

2418 3186 2510 3239 τοῦ
2541 3187 2738 3256 ψυχὴν,
2771 3190 2851 3250 εἰς
2897 3187 3141 3257 Ἡρώδην
3171 3191 3261 3242 τὸν
3293 3189 3457 3240 πάλαι
3483 3190 3580 3256 τὴν
3610 3188 3845 3256 μίμησιν
3888 3188 3988 3239 ἇν-

2422 3295 2612 3345 τικρυς
2641 3278 2972 3345 ἀνενεγκὼν,
2999 3280 3057 3342 δς
3092 3281 3532 3348 προφητοκτόνου
3565 3280 3988 3348 πρόϐλημακα-

2421 3372 2546 3430 κίας
2597 3371 2686 3424 τὸν
2721 3372 2883 3440 ὅρκον
2927 3371 3242 3438 πεποίηται.
3295 3371 3358 3422 Εἰ
3412 3371 3469 3422 δὲ
3523 3372 3659 3438 πρὸς
3703 3372 3992 3436 οὐδέτερον

2423 3461 2644 3531 βλέπειν
2682 3464 2809 3530 ἐνῆν
2858 3467 2972 3515 τοῖν
3012 3466 3202 3532 μεροῖν
3253 3463 3353 3532 τὴν
3383 3464 3475 3516 τού
3517 3464 3683 3533 ὅρκου
3722 3466 3988 3526 διάνοιαν,

2420 3553 2536 3604 ἀλλ’
2573 3554 2840 3623 ἰσόρῤοπα
2880 3553 2964 3605 ὲπ’
3000 3556 3205 3619 ἀμφοῖν
3234 3553 3302 3606 τὰ
3329 3553 3427 3622 τῆς
3453 3554 3676 3622 γνώμης
3709 3557 3992 3623 ἐκρέματο

2421 3645 2680 3707 τάλαντα,
2718 3647 2830 3706 τοῖς
2859 3643 2904 3696 δ’
2935 3644 3020 3714 [Ρ.
3049 3644 3172 3714 ὗϐϋ]
3192 3646 3601 3714 ὀμωμοσμένοις
3621 3647 3801 3714 ἥκισθ’
3833 3647 3992 3698 ’ὑστε-

2426 3755 2514 3805 ρον
2545 3739 2842 3806 ἐνέμεινεν,
2873 3737 2947 3800 ὼς
2996 3739 3177 3806 ἔργοις
3211 3738 3412 3802 ἔδειξεν
3456 3739 3660 3801 αὐτοῖς,
3705 3743 3989 3808 καπηλεύ-

2425 3847 2518 3890 σας
2559 3832 2653 3884 ἐπὶ
2683 3830 2910 3898 θεάτρου
2943 3832 3201 3882 τοσούτου
3229 3832 3327 3900 τὴν
3353 3832 3533 3899 δίκην,
3560 3834 3655 3892 τὰς
3677 3832 3776 3898 τῆς
3798 3837 3988 3898 ἐπιορ-

2421 3921 2539 3983 κίας
2563 3922 2663 3973 οὐκ
2695 3922 2758 3975 ἀν
2791 3938 2917 3973 ποτε
2943 3921 3211 3990 λοιδορίας
3235 3922 3483 3990 ἐκφύγοι,
3515 3923 3705 3976 ἑαυτὸν
3727 3925 3991 3991 ἐπίορκον

2421 4012 2747 4082 αὐθαίρετον
2778 4015 3094 4082 πεπραχώς.

2494 4186 2573 4240 Er,
2621 4186 2849 4240 οΕαυτοῦ
2874 4189 2980 4256 γὰρ
3009 4190 3105 4256 τὴν
3125 4190 3216 4241 τοῦ
3240 4191 3470 4258 Παλαμᾶ
3506 4191 3855 4260 λογιζόμενος
3901 4191 3994 4267 ἧτ-

2415 4300 2540 4344 ταν,
2566 4281 2736 4331 ἔπειτ’
2765 4279 2909 4336 ἰδὼν,
2934 4282 3006 4341 ὡς
3030 4281 3128 4330 οὐκ
3148 4280 3305 4349 ᾤετο,
3332 4283 3474 4332 κατὰ
3496 4287 3694 4348 κράτος
3721 4288 3826 4334 τοῖ-
3860 4288 3996 4353 ἡμε-

2419 4378 2595 4442 τέροις
2627 4375 2935 4441 ἡττώμενον
2967 4373 3167 4438 λόγοις,
3202 4374 3454 4442 πρύμναν
3482 4393 3538 4425 τε
3591 4379 3651 4425 ὲν
3699 4382 3845 4448 μέσῃ
3900 4398 3992 4428 τῖο-

2425 4469 2543 4534 ρείᾳ
2573 4468 2870 4534 ἐκρούσατο
2899 4466 2993 4516 καὶ
3021 4466 3183 4535 ῥίψας
3213 4470 3312 4534 τὴν
3355 4468 3650 4536 ἀλωπεκῆν
3689 4472 3849 4531 εὐθυς
3891 4479 3992 4540 τὴν

755 4565 974 4631 vulpina
1022 4562 1228 4629 abjeeta
1276 4559 1458 4612 statim
1513 4561 1750 4610 ursinarn
1786 4559 1980 4628 pellem
2013 4559 2208 4623 induit,
2239 4571 2318 4614 to—
2351 4587 2394 4639 ῃ
2424 4581 2429 4606 ι

2316 4591 2318 4598 ι
2351 4587 2394 4639 D
2424 4558 2687 4625 ἀρκτικὴν
2719 4556 2994 4622 μετενέδυ,
3054 4563 3145 4609 καὶ
3181 4559 3338 4618 ἄλλος
3394 4559 3508 4620 ὅλος
3531 4562 3590 4622 ἐξ
3625 4561 3786 4612 ἄλλου
3837 4565 3990 4614 καθί-

759 4668 952 4723 tusque
991 4669 1054 4705 ex
1087 4653 1192 4703 alio
1227 4651 1366 4703 alius
1406 4652 1614 4712 evasit;
1651 4663 1752 4703 nec
1796 4665 1854 4703 se
1885 4651 2116 4719 amplius
2146 4652 2322 4718 potuit

755 4747 1033 4805 cohibere,
1067 4743 1198 4811 quin
1242 4752 1297 4794 et
1350 4740 1764 4798 vociferaretur.
1798 4747 1853 4792 et
1903 4756 2020 4802 nos,
2047 4741 2147 4793 nisi
2182 4752 2321 4795 tace-

758 4851 960 4899 remus,
993 4835 1153 4887 minis
1199 4841 1434 4886 terreret
1465 4849 1479 4886 :
1507 4832 1707 4899 quippe
1745 4832 1886 4882 haud
1917 4831 2174 4885 ferendos
2203 4849 2322 4887 esse

757 4944 880 4990 nos,
925 4929 1016 4994 qui
1071 4927 1120 4977 in
1181 4925 1300 4992 ejus
1352 4923 1514 4974 domo
1552 4932 1664 4974 tum
1713 4922 1857 4989 loqui
1890 4923 2170 4982 vellemus.
2195 4939 2320 4977 cum

760 5035 877 5086 Ipse
940 5019 1104 5069 nollet
1131 5016 1359 5079 audire;
1404 5013 1568 5083 900
1601 5015 1754 5081 quasi
1797 5030 1990 5083 nempe
2025 5018 2108 5068 sui
2153 5017 2322 5084 ipsius

758 5125 810 5164 et
872 5111 1235 5178 priestitorum
1291 5108 1728 5175 juramentorum
1786 5106 1918 5159 foret
1975 5108 2194 5171 oblitus,
2223 5123 2323 5162 nec

763 5203 1043 5254 hominum
1064 5200 1153 5264 qui
1182 5198 1310 5250 illuc
1338 5198 1484 5248 multi
1509 5206 1894 5258 convenerant,
1913 5201 2321 5264 conscientiam,

765 5307 864 5343 nec
900 5291 1057 5342 tacita
1077 5289 1274 5356 judicia
1297 5298 1634 5340 revereretur
1662 5288 1898 5351 illorutu,
1922 5304 2103 5341 coram
2123 5291 2324 5358 quibus

767 5384 816 5432 in
850 5383 1132 5433 manili-sto
1150 5380 1350 5430 ευυιυτρ
1371 5379 1741 5445 deprehensus
1761 5381 2024 5433 mendacii
2043 5393 2098 5434 et
2123 5383 2323 5451 iniqui-

763 5473 888 5524 tatis
916 5482 1248 5539 argueretur.
1272 5472 1402 5524 Nam
1431 5474 1516 5524 ille
1539 5473 1587 5523 id
1609 5473 1754 5539 quod
1779 5481 1914 5536 erat,
1937 5474 2158 5528 minime
2184 5488 2322 5540 erat;

762 5576 817 5617 et
850 5566 991 5632 quod
1020 5579 1125 5616 non
1166 5575 1304 5626 erat,
1339 5564 1389 5616 id
1422 5565 1595 5632 ipsum
1635 5579 1818 5617 revera
1851 5576 1984 5626 erat.
2022 5583 2118 5634 pro
2150 5568 2322 5635 impe-

762 5668 940 5707 ratore
975 5671 1155 5707 merus
1185 5667 1461 5724 tyrannus,
1497 5672 1593 5722 pro
1621 5656 1805 5724 judice
1828 5665 2106 5708 accusator
2138 5667 2322 5709 noster

760 5760 812 5799 et
847 5748 1231 5800 inexcusabilis
1267 5762 1600 5815 perseeutor.
1630 5749 1778 5801 Adeo
1818 5748 2000 5800 infelix
2039 5750 2148 5810 ille,
2180 5749 2321 5802 divi-

760 5858 827 5893 na
867 5856 965 5907 ope
1009 5842 1321 5902 destitutus,
1355 5843 1421 5893 dc
1455 5857 1552 5894 suo
1601 5851 1740 5893 statu
1771 5842 1907 5893 decli
1964 5842 2081 5908 -:vit,
2112 5853 2164 5895 et
2195 5860 2312 5912 Spe-

2425 4665 2609 4712 στατο,
2638 4649 2833 4717 μηκέτι
2864 4650 3125 4711 καθεκτὸς
3160 4647 3296 4701 εἶναι
3331 4651 3646 4720 δυνάμενος,
3686 4654 3824 4706 ἀλλὰ
3858 4658 3996 4723 βιῶ-θ

2425 4740 2518 4790 καὶ
2542 4739 2800 4800 ἀπειλῶν,
2827 4741 2874 4788 εἰ
2911 4738 2984 4805 μὴ
3021 4738 3300 4806 σιγῴημεν
3323 4753 3335 4765 ·
3375 4740 3510 4808 μηδὲ
3560 4741 3667 4809 γὰρ
3699 4743 3997 4808 ἀνέχετθαι

2424 4833 2533 4883 τῶν
2565 4832 2728 4883 οῐκων
2755 4832 2904 4892 ἐντὸς
2927 4833 3033 4881 τῶν
3059 4831 3245 4889 αὐτοῦ.
3283 4832 3461 4897 λέγειν
3502 4832 3601 4900 μὲν
3652 4834 3999 4900 βουλομένων

2425 4922 2602 4990 ἡμῶν,
2631 4923 2791 4972 αὐτοῦ
2825 4922 2868 4970 δ’
2905 4922 3125 4972 ἀκούειν
3153 4924 3354 4990 ἣκιστα
3381 4923 3670 4990 δεχομένου
3694 4941 3706 4952 ο
3739 4924 4000 4994 καθαπερ

2426 5012 2583 5074 αὐτὸς
2618 5013 2979 5078 ἐκλαθόμενος
3011 5012 3206 5064 ἑαυτοῦ
3226 5012 3316 5063 καὶ
3359 5015 3469 5064 τῶν
3513 5014 3689 5081 ὅρκων
3747 5018 3997 5079 ἐκείνων,

2428 5105 2520 5156 καὶ
2555 5104 2688 5172 μήτε
2721 5105 2812 5154 τοῦ
2841 5105 3086 5166 ξυνόντος
3115 5104 3352 5172 πλήθους
3372 5106 3432 5156 τὸ
3465 5107 3700 5166 συνειδὸς
3730 5110 3874 5174 μήτε
3910 5126 4002 5168 τας

2427 5197 2524 5264 τῆς
2547 5198 2768 5264 γνώμης
2795 5197 3000 5263 κρίσεις
3025 5197 3161 5256 ὅλως
3182 5197 3445 5255 αἰδεσθεὶς
3490 5198 3738 5260 ἐκείνων,
3787 5199 3878 5264 ιφ*
3923 5194 4002 5255 ei:

2429 5290 2678 5357 ἡλίσκετο
2712 5291 2853 5354 μάλα
2873 5291 2960 5340 ἐπ’
2985 5284 3288 5357 αὐτοφώρῳ
3313 5290 3639 5358 ψευδόμενός
3673 5308 3731 5342 τε
3764 5296 3864 5344 καὶ
3888 5296 4002 5346 ἀδε-

2434 5379 2560 5431 κῶν.
2586 5381 2648 5430 Ὃ
2685 5380 2782 5446 μὲν
2813 5380 2919 5448 γὰρ
2939 5375 3026 5448 ἦν,
3055 5381 3151 5431 οὐκ
3178 5376 3262 5448 ἦν·
3299 5381 3326 5432 ὃ
3352 5382 3496 5433 δὀὐκ
3531 5377 3721 5450 ἦν,ἦν·
3760 5383 3886 5434 ἀιτὶ
3909 5391 4003 5452 μὲν

2430 5474 2980 5543 βασιλέως,τύραννος
3013 5475 3339 5543 ἀκραιφνὴς
3361 5477 3480 5527 ἀντὶ
3510 5477 3564 5527 δὲ
3591 5476 3872 5530 δικαστοῦ.
3900 5498 4001 5530 κει-

2429 5570 2652 5635 τὴγορος
2682 5569 2777 5619 καί
2799 5567 3027 5634 ὀιώκτης
3053 5569 3209 5635 ἡμῶν
3232 5569 3659 5636 ἀπροφάσιστος.
3691 5570 3886 5629 Οὖτως

2431 5660 2805 5726 καταλειφθεὶς
2847 5664 2950 5711 ἀπὸ
2981 5661 3079 5728 τῆς
3111 5661 3202 5712 τοῦ
3233 5663 3366 5713 θεοῦ
3389 5664 3567 5723 δεξιᾶς
3591 5679 3617 5714 ο
3650 5681 3999 5729 ταλα,π;ι.ρνις

2428 5751 2615 5817 ἐξέστη
2649 5769 2704 5801 τε
2769 5753 2963 5802 ἑαυτοῦ
3027 5756 3116 5804 καὶ
3191 5757 3299 5816 τοῖς
3333 5753 3526 5821 ὁρῶσιν
3577 5754 3800 5820 ἄθυρμα
3859 5775 3998 5822 λαμ-

2430 5846 2564 5911 πρὸν
2619 5846 2828 5911 ἐγένετο
2881 5849 3012 5913 πρός
3074 5864 3128 5898 τε
3180 5849 3270 5899 τοῦ
3337 5849 3535 5911 τρόπον
3590 5851 3717 5910 πρός
3789 5866 3842 5900 τε
3899 5851 4004 5900 τῶν
