4240 6460
733 349 868 416 1175
1013 350 1085 417 [Α.
1120 362 1174 400 ιι.
1208 345 1367 412 G859,
1407 363 1512 402 mn.
1552 348 1608 418 4]

1926 355 2344 414 ΝῐίῖΕΡΠΟῐΠ
2385 355 2766 417 ϐῐζΕϐΟῐὶιΈ

3839 357 3973 420 1176

3049 352 3184 423 [ιιιρ.
3210 371 3254 409 ι.
3294 369 3586 411 cuncvz.
3627 353 3683 423 5]

730 457 997 522 ιιιι-ηγῑειῑ.
1035 458 1336 511 cavendum
1372 461 1561 528 saltem
1595 458 1691 512 tibi
1724 469 1863 519 erat.
1894 477 1960 514 ne
1990 463 2136 516 illius
2167 463 2302 513 reti-
2335 503 2341 518 ι

2408 469 2660 536 κλήματα
2688 467 2828 535 ἔχων
2864 466 3026 529 αὐτὸς
3055 468 3348 536 ἀπολογίας
3379 472 3472 522 καὶ
3510 471 3690 530 λύσεις
3721 473 3970 528 ἑκάστοις

732 549 830 602 lius
872 550 1353 614 prmoceupareris,
1385 551 1494 617 qui-
1515 560 1886 616 accusaretur,
1921 569 2024 605 neu
2077 563 2126 606 te
2177 554 2295 621 ejus

732 648 1190 703 propugnatorem
1237 640 1304 692 ab
1351 640 1484 708 ipsis
1519 641 1724 699 statim.
1756 650 1815 694 ut
1856 642 2027 705 aiunt,
2061 643 2296 694 caret-ri—

730 729 833 782 bus
880 733 1053 798 palam
1107 734 1407 801 professus,
1456 751 1519 787 ea
1555 737 1791 797 diceres,
1824 752 1944 804 qum
1993 753 2022 788 e
2074 752 2130 790 re
2177 738 2296 800 ejus

730 835 935 883 essent,
964 825 1058 878 sed
1094 842 1189 878 eos
1229 828 1466 895 primum
1501 830 1692 881 audire
1724 830 2012 886 debueras.
2053 829 2144 896 qui
2192 829 2298 879 eri.

733 915 879 966 mina
928 915 1276 985 ohjieerent;
1328 916 1529 971 deinde
1568 928 1623 969 et
1674 919 1937 986 quidquid
1986 934 2111 971 reus
2155 920 2294 984 ipse.

732 1008 1061 1060 defendendi
1115 1011 1198 1061 sui
1243 1019 1294 1062 et
1331 1010 1716 1063 dilucndorum
1765 1011 2057 1063 criminum
2109 1026 2294 1072 causa,

732 1101 1138 1154 contradiceret
1186 1111 1241 1155 ct
1278 1103 1509 1170 singulis
1552 1103 1952 1172 responderet:
1997 1115 2110 1157 tum
2143 1104 2300 1156 deui-

733 1206 841 1259 que
874 1193 1201 1245 sententiam
1255 1203 1399 1245 tuam
1452 1194 1826 1262 interponere,
1877 1196 2178 1249 secundum
2215 1209 2300 1248 ca-

735 1297 909 1335 nones
935 1294 988 1335 et
1016 1282 1164 1352 leges
1195 1284 1249 1339 in
1281 1286 1366 1339 his
1401 1287 1567 1339 rebus
1595 1287 1925 1355 jampridem
1960 1288 2028 1340 ab
2055 1287 2296 1341 Ecclesia

733 1382 1001 1441 receptos.
1039 1372 1149 1443 Ego
1178 1387 1322 1428 certe
1354 1375 1594 1429 animum
1628 1375 1821 1429 affectu
1860 1387 2297 1445 praeoccupatum

735 1465 1018 1521 absinthio
1069 1468 1301 1521 similem
1350 1479 1553 1522 statuo.
1621 1467 2092 1533 Quemadmodum
2151 1469 2297 1524 enim

736 1559 894 1620 illud,
927 1570 1067 1614 tacta
1093 1576 1423 1630 quocunque
1469 1562 1631 1615 modo
1676 1563 1883 1629 lingua,
1942 1573 2046 1615 tam
2093 1577 2299 1626 acrem,

739 1661 848 1705 tam
881 1652 1154 1707 efllcacem
1186 1653 1569 1706 amaritudinis
1601 1655 1711 1705 vim
1760 1655 1942 1721 gustui
1990 1653 2300 1722 adspergit,

736 1752 798 1794 ut
826 1751 879 1796 et
905 1744 1066 1812 longo
1095 1752 1335 1809 tempore
1366 1752 1421 1796 et
1446 1744 1614 1797 multo
1637 1743 1878 1797 dulcium
1908 1759 2162 1813 saporum
2201 1759 2300 1796 usu

666 1914 672 1920 Ι
735 1843 891 1902 egeat
938 1835 1003 1887 ad
1053 1835 1288 1903 priorem
1345 1836 1611 1890 naturalis
1660 1836 1787 1889 boni
1847 1837 2294 1904 perceptionem:
2332 1815 2374 1872 Β

730 1927 881 1996 idem
918 1927 1079 1979 etiam
1127 1927 1178 1980 in
1207 1926 1485 1995 judieibus
1533 1927 1697 1980 animi
1736 1927 2097 1995 praeoccupati
2135 1927 2300 1980 allec-

737 2027 852 2069 tum
899 2018 1102 2070 scimus
1138 2032 1296 2086 posse
1333 2017 1675 2086 plerumque.
1728 2017 1862 2071 Nam
1915 2032 2040 2071 cum
2087 2018 2305 2085 litigan-

739 2108 878 2160 tium
910 2124 1052 2163 unus
1094 2108 1338 2161 animum
1386 2108 1589 2179 judicis
1632 2109 1847 2178 przeviis
1899 2109 2305 2162 narrationibus

733 2193 916 2268 iisque
969 2197 1367 2270 probabilibus,
1413 2211 1624 2256 mature
1673 2202 1982 2270 occupavit,
2023 2199 2190 2271 914.
2232 2199 2305 2252 ita

738 2295 846 2349 alte
882 2295 1230 2364 imprimitur,
1266 2296 1337 2349 ita
1371 2295 1554 2349 deletu
1596 2294 1833 2349 difﬁcilis
1873 2305 1951 2348 οε(
2005 2295 2124 2358 eius
2177 2292 2301 2345 mali

739 2389 986 2450 lahes,ut
1011 2389 1311 2457 periculum
1339 2389 1428 2447 sit,
1446 2403 1514 2440 ne
1539 2387 1771 2440 duorum
1799 2388 2029 2439 alterum
2053 2385 2264 2438 accidat
2289 2403 2303 2449 ;

744 2496 803 2534 ut
844 2483 926 2534 vel
969 2481 1196 2534 multam
1246 2481 1491 2548 iniquam
1536 2466 1762 2533 sufferat
1815 2479 1860 2532 is
1904 2478 1996 2546 qui
2037 2477 2308 2547 posterior

740 2573 927 2634 subit;
963 2571 1055 2640 qui
1087 2580 1142 2624 et
1191 2585 1588 2637 nonnunquam
1637 2577 1834 2636 praeter
1860 2567 2173 2636 opinionem
2217 2582 2307 2617 ro-

673 2691 682 2700 -
741 2666 887 2732 gitur
916 2679 973 2717 se
1015 2665 1194 2732 ipsum
1235 2661 1534 2716 defendere
1562 2659 1789 2714 sceleris
1830 2667 2141 2712 accusatum
2171 2672 2187 2719 ς
2221 2657 2305 2709 vel

743 2756 991 2826 plurimis
1027 2757 1443 2809 eontentionmn
1482 2752 1742 2806 fluctibus
1783 2750 2086 2812 exhaustis,
2123 2748 2310 2802 multis

741 2859 799 2903 et
837 2848 1009 2902 variis
1039 2846 1288 2916 gravium
1318 2847 1587 2906 virorum,
1615 2845 1657 2897 si
1687 2859 1827 2912 quos
1857 2841 2115 2910 reperiat,
2150 2839 2308 2892 testi-

745 2940 945 2995 moniis
978 2938 1282 3008 productis,
1315 2952 1438 2991 sero
1470 2936 1686 2990 tandem
1738 2943 1791 2990 et
1843 2949 1983 3002 aegre
2013 2931 2308 2984 admodum

743 3034 1029 3087 verilatem
1078 3038 1426 3097 assequatur.
1475 3027 1628 3093 Quod
1681 3026 1726 3079 si
1776 3025 1830 3078 in
1873 3025 2087 3094 judice,
2145 3036 2307 3091 quem

744 3127 868 3194 quis
896 3121 1061 3178 semel
1105 3120 1592 3191 praeoccupaverit,
1627 3116 1894 3187 ejusmodi
1923 3115 2145 3168 morbus
2168 3113 2311 3166 exsi-

747 3223 865 3283 stit,
896 3218 1025 3286 quid
1067 3217 1134 3269 de
1167 3217 1269 3267 hoc
1321 3214 1560 3279 Palama,
1592 3211 1723 3280 quid
1754 3211 1821 3265 de
1853 3209 2096 3279 ejusdem
2150 3205 2309 3259 thiasi

746 3313 1096 3368 consortibus
1117 3311 1222 3363 dici
1255 3310 1438 3370 debet,
1467 3307 1558 3374 qui
1592 3316 1733 3358 totos
1765 3320 1958 3364 annos,
1993 3312 2134 3356 totos
2166 3316 2316 3353 meu-

749 3408 890 3461 sium
938 3408 1084 3465 dies,
1139 3415 1279 3457 totas
1345 3403 1557 3454 dierum
1607 3400 1771 3452 hOras
1820 3408 1996 3449 tecum
2061 3395 2314 3461 privatim

750 3500 1170 3566 colloquuntur,
1225 3503 1390 3561 atque
1455 3489 1722 3558 ejusmodi
1777 3488 1910 3539 telas
1958 3485 2119 3538 simul
2183 3499 2316 3536 con-

752 3598 968 3651 texunt,
1003 3587 1163 3639 simul
1197 3591 1449 3644 nectunt,
1486 3597 1552 3634 eo
1590 3579 1867 3656 videlicet;
1900 3583 2026 3656 téu‘e,
2069 3586 2128 3628 ut
2160 3575 2316 3627 valde

751 3678 1134 3735 accelezetur?
1165 3693 1304 3746 quos
1357 3691 1425 3728 ue
1461 3691 1605 3727 mmc
1633 3659 1881 3741 quidem‘
1911 3687 1961 3722 Et!
2008 3677 2154 3721 tanta
2198 3684 2321 3735 spe-

751 3785 1027 3828 ctatorum
1082 3769 1392 3838 frequentia
1426 3768 1595 3837 pudet
1635 3782 1735 3819 suo
1782 3751 1932 3817 more
1966 3778 2144 3833 agere.
2185 3760 2345 3813 Nam,

697 3919 706 3927 ,
751 3871 947 3922 crebro
977 3872 1229 3934 surgunt,
1264 3872 1320 3917 ct
1351 3862 1536 3914 furtim
1580 3861 1633 3914 in
1669 3874 1853 3912 aurem
1900 3857 2224 3924 loquuntur,
2253 3855 2320 3906 de

753 3963 822 4016 iis
873 3958 1041 4013 credo
1087 3956 1276 4021 rebus,
1312 3969 1432 4023 quae
1479 3952 1680 4021 swpius
1722 3951 1831 4021 jam
1884 3960 2040 4002 antea
2088 3946 2322 3999 decreta:

754 4067 904 4117 sunt,
932 4067 1000 4105 ne
1032 4048 1162 4119 quid
1206 4063 1302 4116 per
1337 4045 1760 4115 imprudentiam
1791 4041 1976 4096 eflluat
2007 4040 2101 4093 tibi
2136 4055 2166 4091 e
2203 4052 2320 4090 me-

747 4160 929 4198 Imoria
963 4143 1067 4196 hoc
1100 4153 1364 4208 tempore,
1395 4154 1506 4206 quo
1540 4138 1647 4190 illis
1678 4145 1894 4206 Oportet
1923 4134 2090 4186 robur
2123 4131 2323 4185 firmis-

756 4238 956 4292 simum
1007 4232 1428 4288 accommodari.
1481 4229 1620 4295 Quid
1673 4230 1910 4297 prinmm
1955 4227 2159 4294 itaque,
2194 4224 2324 4293 quid

759 4330 1012 4383 ultimum
1062 4325 1262 4378 dixerit
1291 4325 1579 4392 quisquam
1615 4338 1679 4374 ex
1715 4320 1908 4378 nobis,
1937 4316 2326 4386 angustissimo

759 4423 1022 4488 temporis
1053 4419 1230 4486 sliatio
1265 4416 1687 4474 circumclusus,
1737 4414 1791 4466 in
1840 4414 1940 4464 hac
1975 4410 2176 4479 publici
2206 4424 2329 4461 cur-

2397 557 2571 623 λέγων
2600 555 2958 621 ἀντιτίθησιν,
2999 554 3189 609 ἔπειτα
3217 559 3314 626 τὴν
3359 560 3456 626 σὴν
3491 561 3722 627 ἐπάγειν
3753 580 3810 612 σε
3856 565 3974 630 χρία

2399 667 2505 705 σιν.
2544 648 2686 701 κατὰ
2726 649 2852 709 τοὺς
2890 651 2948 701 ἐν
2984 649 3195 711 τούτοις
3245 652 3632 719 κρατήσαντας
3666 655 3836 704 πάλαι
3878 657 3973 718 τῆς

2412 737 2741 805 Ἐκκλησίας
2799 740 3031 799 κανόνας
3094 740 3189 790 καὶ
3254 740 3473 805 νόμους.
3545 740 3805 808 ’Λψινθέῳ
3866 745 3973 808 γὰρ

2399 827 2633 878 ἐοικέναι
2665 827 2762 892 τὴν
2792 825 3064 894 πρόληψιν
3096 827 3269 892 ἔγωγε
3298 828 3463 894 λέγω.
3508 828 3598 889 Ὠς
3636 831 3743 896 γὰρ
3775 834 3970 886 ἐκεῖνο,

2398 919 2500 982 τῆς
2539 917 2786 985 γλώττης
2814 918 3092 970 όπώσποθ’
3115 920 3417 988 ἁψάμενον,
3454 921 3707 974 τοσοῦτον
3738 925 3886 990 ἐπ’χεί
3911 929 3973 990 τῆ

2399 1013 2663 1078 γευστικῇ
2705 1011 2766 1063 τὸ
2794 1014 2892 1079 τῆς
2935 1012 3162 1079 πικρίας
3201 1013 3551 1082 δραστήριον,
3576 1015 3652 1076 ὡς
3682 1015 3881 1066 πολλοῦ
3917 1034 3972 1066 τε

2400 1104 2516 1172 ἄμα
2547 1105 2740 1172 καιροῦ
2772 1107 2866 1154 καὶ
2909 1103 3120 1155 πολλῶν
3149 1103 3409 1172 δεηθῆναι
3456 1105 3705 1170 γλυκέων
3763 1109 3844 1165 εἰς
3879 1109 3975 1174 τὴν

2400 1198 2530 1265 πρὶν
2560 1195 2920 1276 τοῦχφυσικοῦ
2971 1195 3309 1263 καθήκοντος
3339 1196 3652 1265 ἀντίληψιν,
3681 1197 3825 1250 οὕτω
3878 1202 3976 1249 κᾶν

2399 1290 2513 1350 τοῖς
2554 1289 2839 1349 δικασταῖς
2883 1288 2982 1356 τὴν
3023 1287 3297 1357 πρόληψιν
3350 1289 3506 1355 ἴσμεν
3558 1289 3635 1351 ὼς
3687 1290 3754 1341 τά
3808 1291 3977 1339 «alii
4007 1298 4021 1321 ε

2399 1378 2731 1448 δυναμένην.
2775 1379 2896 1454 Τῶν
2927 1380 3036 1449 γᾶρ
3067 1380 3442 1448 δικαζομένων
3469 1381 3587 1440 ἐνός
3616 1397 3760 1440 τινος
3790 1397 3976 1448 προει-

2401 1475 2634 1544 ληφότος
2683 1475 2777 1527 τοῦ
2807 1472 3063 1527 δικαστοῦ
3116 1475 3216 1540 τὴν
3267 1473 3511 1526 διάνοιαν
3554 1474 3809 1532 πιθανοῖς
3861 1476 3977 1532 ταῖς

2400 1568 2848 1637 προδιηγήσεσιν,
2879 1565 3020 1618 οὕτω
3041 1567 3358 1618 δευσοποιόν
3377 1582 3435 1616 τε
3461 1565 3553 1616 καὶ
3576 1565 3978 1616 δυσαπόνιπτιςν

2402 1659 2648 1729 γίνεσθαι
2681 1659 2743 1711 τὸ
2783 1658 2956 1720 πάθος
2981 1656 3173 1722 ἐκείνῳ
3220 1655 3565 1724 συμϐαίνειν,
3602 1656 3674 1716 ὡς
3709 1656 3856 1706 δυοῖν
3885 1655 3977 1704 θά-

2403 1767 2561 1820 τερον
2586 1749 2832 1818 γίνεσθαι
2868 1747 3199 1801 κινδυνεύειν
3221 1763 3234 1776 ·
3267 1747 3299 1816 ἢ
3331 1749 3392 1797 τὸ
3414 1746 3515 1815 τῆς
3554 1745 3758 1812 ζημίας
3795 1747 3977 1811 παράσ

2403 1845 2559 1907 λογον
2598 1842 2933 1909 ὑφίστασθαι
2965 1840 3058 1892 τὸν
3084 1840 3310 1892 ἐπιόντα
3348 1839 3443 1891 καὶ
3469 1839 3801 1906 κακούργων
3835 1839 3936 1903 φεύ
3956 1868 3978 1876 ο

2405 1953 2520 2002 γειν
2557 1934 2775 2003 γραφὴν
2823 1934 2995 1985 ἐνίοτε
3051 1931 3379 2000 παραλόγως
3434 1929 3886 1996 ἠναγκασμένον.
3944 1928 3973 1993 ἦ

2408 2024 2607 2087 πολλὰς
2643 2023 2942 2076 ἁνατλάντα
2974 2021 3268 2090 τρικυμίας
3297 2018 3622 2073 ἀντιθέσεων
3650 2019 3739 2068 καὶ
3776 2017 3978 2076 πτ,>>ᾰ;

2407 2119 2501 2170 καὶ
2528 2117 2820 2185 διαφόρους
2862 2114 3243 2179 είσενεγκόντα
3291 2112 3596 2181 μαρτυρίας
3646 2112 3977 2174 ἀξιοπίστων

2405 2208 2636 2278 ἀνδρῶν,
2671 2209 2718 2258 εί
2743 2208 2919 2276 τύχοι,
2947 2205 3044 2275 ὀψὲ
3080 2208 3173 2258 καὶ
3216 2205 3362 2272 μάλα
3402 2205 3559 2271 μόλις
3593 2205 3692 2272 τῆς
3716 2203 3978 2272 ἀληθείας

2409 2300 2811 2368 ἐπιτυγχάνειν.
2845 2299 2903 2350 Ei
2945 2298 2987 2349 δ’
3039 2297 3184 2359 ἆπαξ
3226 2296 3618 2365 προειληφότος
3655 2297 3772 2348 ἐκεῖ
3811 2312 3978 2356 τινος,

2407 2391 2603 2443 τοιόνδε
2653 2391 2943 2457 συμϐαίνει
2999 2388 3058 2441 τδ
3102 2389 3317 2456 νόσημα
3354 2387 3626 2454 γίνεσθαι,
3681 2388 3733 2437 τί
3786 2386 3850 2439 ἄν
3896 2402 3980 2448 τις

2410 2486 2540 2552 φαίη
2580 2484 2712 2552 περὶ
2753 2482 2846 2532 τοῦ
2881 2482 3116 2549 Ιιαλαμᾶ
3165 2479 3380 2532 τουτουτ
3411 2483 3502 2534 καὶ
3531 2482 3629 2545 τῆς
3656 2479 3750 2530 τοῦ
3785 2481 3976 2531 θιάσου

2411 2575 2702 2645 φρατρίας,
2734 2573 2891 2636 ὅλους
2915 2572 3219 2633 ἐνιαυσίους
3241 2573 3467 2640 χρόνους
3499 2573 3591 2624 καὶ
3612 2572 3737 2631 ὅλας
3762 2570 3982 2639 ἡμέρας

2414 2666 2597 2735 μηνῶν
2638 2666 2735 2716 καὶ
2787 2665 2913 2726 ὅλας
2952 2663 3100 2732 ὥρας
3148 2663 3375 2732 ἡμερῶν
3439 2663 3546 2732 ἰδία
3588 2679 3670 2715 σοι
3709 2679 3983 2731 προσομι-

2410 2758 2647 2809 λούντων
2712 2755 2802 2806 καὶ
2860 2753 2928 2807 τὰ
2985 2754 3214 2806 τοιαῦτα
3287 2753 3828 2820 συνιστουργούντων
3884 2756 3986 2804 καὶ

2413 2849 2746 2915 ὑφαινόντων
2778 2847 2834 2907 ἐς
2883 2846 2946 2897 τὸ
2977 2845 3070 2898 τοῦ
3106 2847 3313 2914 σφόδρα
3370 2845 3693 2913 ἐπείγεσθαι
3745 2843 3985 2906 ἐντελὲς,

2413 2946 2509 2996 καὶ
2541 2942 2676 3010 μηδέ
2727 2942 2822 2993 νῦν
2860 2941 2916 2990 ἐν
2961 2939 3202 3007 τοσούτῳ
3252 2938 3472 3008 θεάτρῳ
3519 2940 3579 2990 τὸ
3633 2939 3750 2997 ἔθος
3805 2940 3982 2988 ποιεῖν

2413 3033 2767 3101 αἰδουμένων,
2793 3029 3017 3102 [Ρ.576]
3048 3028 3165 3082 ἀλλ’
3199 3030 3564 3098 ἐγειρομένων
3594 3027 3873 3106 συχνὰκαὶ
3891 3027 3988 3078 λά-

2413 3130 2515 3196 θρα
2547 3145 2626 3179 σοι
2654 3126 2787 3196 πρὸς
2819 3124 2909 3186 οῦς
2942 3122 3436 3192 κοινολογουμένων
3456 3120 3584 3188 περὶ
3610 3121 3716 3171 τῶν
3743 3119 3872 3188 πρὶν
3891 3137 3991 3170 κυ-

2420 3222 2702 3290 ρωθέντων
2725 3214 2924 3288 (οἶμαι)
2948 3216 3230 3279 πολλάκις,
3251 3215 3328 3284 μὴ
3353 3214 3493 3283 λάθῃ
3513 3231 3565 3266 τι
3595 3211 3856 3283 διαρῤυέν
3887 3212 3991 3277 τῆς

2423 3316 2644 3384 μνήμης
2676 3311 2770 3363 ἐπὶ
2820 3307 3013 3378 καιροῦ
3048 3307 3166 3369 νῦν,
3213 3307 3301 3358 ὅτε
3352 3305 3588 3374 μάλιστα
3620 3301 3813 3371 ῥώμην
3849 3304 3993 3352 ἑκεί-

2417 3425 2529 3468 νοις
2557 3404 2723 3472 πλείῳ
2750 3400 3072 3472 χαρίζεσθαι
3122 3398 3237 3462 δεῖς
3281 3397 3344 3448 Τί
3375 3396 3555 3448 τοίνυν
3601 3395 3666 3448 ἄν
3709 3411 3791 3452 τις
3830 3393 3993 3459 ἡμῶν

2420 3500 2562 3549 εἴποι
2617 3493 2862 3563 πρῶτον;
2924 3488 2977 3541 τί
3033 3488 3076 3540 δ’
3104 3489 3169 3541 ἄν
3215 3505 3299 3549 τις
3343 3486 3596 3548 ῦστατον,
3633 3485 3688 3544 ἐς
3733 3483 3792 3534 τὸ
3847 3485 3991 3532 πάνυ

2423 3586 2758 3660 βραχύτατον
2793 3581 3219 3648 περιισταμένης
3249 3579 3347 3647 τῆς
3392 3577 3566 3645 ὠρας,
3615 3576 3672 3626 ἐν
3722 3573 3868 3625 οὕτω
3897 3573 3993 3640 δη-

2427 3682 2596 3752 μοσίῳ
2627 3679 2845 3744 σταδίῳ,
2871 3678 3051 3742 πάσης
3079 3669 3491 3739 ὑφαιρουμένης
3524 3661 3990 3733 σῖινδιασκέψεως,

2424 3771 2657 3826 ἐνταῦθα
2716 3769 2942 3837 μᾶλλον,
2993 3767 3150 3834 εῐπερ
3187 3781 3311 3822 που,
3354 3763 3454 3831 τὴν
3497 3761 3688 3830 χρείαν
3712 3759 3990 3824 ἐχούσηςι

2427 3861 2779 3935 Προσκείσθω
2812 3861 2857 3912 δ’
2891 3855 2983 3912 οῦν
3015 3856 3110 3910 καὶ
3152 3857 3304 3908 τουτὶ
3343 3852 3599 3914 τοῖςςᾶνω
3635 3850 3892 3917 λεχθεῖσι,
3927 3848 3996 3899 δι’

2425 3957 2462 4010 ὃ.
2496 3954 2692 4023 δηλαδὴ
2729 3954 2819 4004 τδν
2843 3952 3070 4018 ἄκαιρον
3106 3947 3291 4013 ἀγῶνα
3323 3943 3509 3996 τοῦτον
3539 3943 3740 4010 ἥκιστα
3772 3940 3996 3991 πάλτων

2427 4048 2558 4114 ἡμῖν
2591 4045 2722 4112 πρὸς
2760 4042 3060 4111 βουλήσειιις
3092 4033 3159 4107 ἦν
3193 4037 3440 4088 είσιέναι.
3477 4032 3598 4085 Ἐπὶ
3619 4031 3829 4091 τούτοις
3858 4030 4001 4080 ἔστω

2428 4141 2522 4193 καὶ
2553 4139 2610 4189 τὸ
2643 4139 2751 4188 τῶν
2785 4136 3024 4186 κανόνων
3079 4131 3173 4183 καὶ
3211 4130 3392 4194 νόμων
3443 4126 3675 4183 δίκαιον,
3717 4122 3798 4184 οἷς
3841 4123 4000 4173 ὑπεί-

2429 4249 2549 4284 κειν
2588 4230 2708 4282 δέον
2739 4227 2980 4286 δουλείας
3013 4223 3060 4276 θ’
3110 4222 3225 4288 ἅμα
3275 4221 3366 4270 καὶ
3405 4217 3718 4273 δεσποτείας
3756 4214 4001 4273 ἁπάσας,

2434 4324 2492 4375 ἐν
2515 4319 2732 4389 ἠπείρῳ
2760 4319 2912 4388 πάσῃ
2943 4314 3039 4367 καὶ
3071 4314 3338 4377 θαλάσσῃ,
3383 4311 3441 4360 τὸ
3491 4308 3753 4372 ἀντίστρο
3771 4324 3860 4369 ρον
3913 4307 3999 4354 ἐν-

2433 4414 2609 4468 ταῦθα
2636 4410 2733 4464 καὶ
2761 4408 2974 4480 δρῶντα
3006 4405 3103 4458 καὶ
3149 4400 3568 4472 δημηγοροῦντα
3619 4399 3808 4462 σαψ-ὓς
3859 4397 4004 4461 ἠκη-

756 4513 914 4565 ι·ἰςυ1ἰ
957 4513 1100 4574 luce,
1142 4510 1290 4562 omni
1328 4509 1470 4560 inter
1518 4522 1616 4558 nos
1664 4501 2010 4557 consultandi
2064 4500 2324 4553 facultate

2399 4515 2401 4536 ί
2433 4503 2656 4573 κόειμέν
2684 4519 2742 4552 σε
2769 4515 2785 4531 ·
2821 4499 2916 4552 καὶ
2945 4498 3194 4566 ἔγνωμεν
3225 4492 3368 4544 τοῦτ’
3400 4493 3595 4550 ἐκεῖνο,
3625 4490 3726 4555 τὴν
3763 4489 4006 4539 Assam

757 4609 1160 4675 adcmpta,qua
1196 4617 1294 4654 uos
1332 4612 1510 4653 tamen
1543 4600 1647 4651 hoc
1689 4609 1873 4648 rerum
1914 4603 2055 4647 statu
2093 4606 2327 4643 maxime

757 4695 1097 4766 egebamus?
1137 4694 1323 4760 Itaque
1359 4704 1414 4743 ct
1449 4690 1561 4742 haec
1587 4688 1652 4739 ad
1686 4702 1779 4738 eas
1807 4700 1928 4753 qua:
1967 4699 2129 4751 supra
2167 4683 2328 4735 dictae

759 4801 910 4855 sunt,
958 4805 1120 4843 causa
1171 4786 1420 4844 accedat.
1472 4782 1830 4852 quamobrem
1888 4777 2328 4844 intempestivum

759 4885 866 4936 hoc
899 4891 1176 4938 certamen
1220 4879 1443 4933 minime
1472 4874 1679 4944 ingredi
1720 4872 1880 4925 nobis
1909 4869 2195 4939 placuerit.
2239 4865 2334 4919 llis

763 4977 1010 5042 proxima
1055 4982 1174 5027 esto
1244 4953 1558 5040 regularum
1607 4975 1662 5020 et
1713 4965 1896 5033 legum
1941 4960 2104 5030 915
2168 4959 2331 5021 ratio,

760 5068 962 5133 quibus
985 5064 1302 5118 servitutem
1328 5060 1488 5114 simul
1522 5066 1575 5112 et
1606 5056 1944 5110 dominatum
1967 5050 2329 5104 omnemsub-

761 5175 881 5213 esse
940 5167 1050 5209 toto
1083 5166 1240 5207 terra:
1289 5163 1343 5206 et
1385 5149 1553 5203 maris
1596 5149 1727 5202 orbe
1759 5161 1880 5199 cum
1912 5151 2196 5212 Oportcat,
2233 5155 2334 5192 nos

765 5268 815 5305 lC
853 5250 1047 5302 ordine
1085 5249 1303 5301 inverso
1354 5251 1546 5297 contra
1590 5240 1769 5293 facere
1798 5248 1853 5292 et
1885 5234 2199 5291 concionari
2237 5249 2299 5298 pa

764 5346 869 5396 lam
927 5342 1017 5393 hic
1079 5338 1438 5398 audivimus;
1485 5344 1542 5387 et
1593 5333 1738 5385 illam
1804 5328 1964 5398 plane
2008 5326 2330 5396 agnovimus

767 5433 1018 5487 Lesbiam
1052 5439 1407 5490 structuram,
1435 5441 1556 5496 qua:
1579 5421 1838 5478 amussim
1867 5420 1932 5473 ad
1960 5419 2192 5490 lapides.
2224 5433 2329 5469 non

2430 4592 2743 4663 οἷκοδομὴν,
2767 4591 2801 4659 ἦ
2830 4593 2939 4651 τοῖς
2974 4587 3142 4647 λίθοις
3174 4583 3285 4652 (41)
3319 4581 3417 4652 τὴν
3442 4580 3538 4632 τοῦ
3572 4579 3797 4636 κανόνος
3836 4595 4004 4645 προσ-

2432 4691 2643 4754 άγουσα
2678 4683 2945 4750 στάθμην,
2976 4678 3070 4730 καὶ
3099 4677 3201 4727 οὐκ
3235 4673 3427 4739 ἐκείνῳ
3456 4672 3579 4730 τοὺς
3619 4670 3822 4729 λίθους,
3860 4673 4005 4718 πάνυ

2434 4775 2638 4844 σαθράς
2667 4774 2779 4834 τοῖς
2828 4766 3128 4837 χρωμένοις
3176 4765 3271 4815 καὶ
3311 4762 3601 4821 ἀϐεϐαίους
3634 4762 3872 4826 πειρείίε
3910 4775 4006 4817 τας

2429 4867 2526 4921 τοῦ
2562 4866 2743 4935 μένειν
2775 4862 2995 4922 ἐλπίδας
3031 4859 3158 4926 ἄχρι
3187 4857 3280 4907 καὶ
3325 4857 3380 4916 ἐς
3413 4854 3516 4920 τὴν
3548 4852 3810 4904 ἐπιοῦσαν
3841 4852 4008 4903 ἀκλά-

2431 4971 2614 5023 νητυν.
2649 4953 2758 5012 Καξι
2795 4943 3134 5018 μαρτυροῦσι
3170 4941 3248 5012 τῷ
3291 4941 3434 5009 λόγῳ
3471 4941 3639 4992 πᾶσαι
3681 4940 3866 4998 πόλεις
3915 4942 4008 4986 καί

2429 5049 2718 5108 πολιτεῖαι,
2778 5045 2902 5094 ὅσαι
2957 5057 3018 5091 τε
3065 5040 3179 5098 τοῖς
3231 5033 3610 5102 παλαιοτέροις
3665 5033 3858 5081 κανόσι
3913 5031 4010 5079 καὶ

2428 5147 2613 5210 νόμοις
2639 5135 3050 5208 ἁρμοττόμεναι
3078 5128 3328 5197 διηνεκὲς
3354 5124 3696 5194 καρποῦνται
3724 5124 3787 5172 τὸ
3817 5121 4002 5172 £032:-

2435 5252 2533 5301 μον
2560 5233 2654 5283 καὶ
2683 5231 2804 5282 ὅσαι
2833 5227 2931 5295 τῆς
2965 5222 3194 5292 ἀνομίας
3238 5217 3635 5288 ὲξορχουμένης
3667 5215 3854 5267 αὐτῶν
3885 5215 4006 5279 διη-

2434 5327 2616 5377 νεκέσι
2641 5327 2735 5377 καὶ
2762 5321 3007 5389 ταχείαις
3035 5317 3354 5385 φθείρονται
3387 5310 3729 5379 μεταϐολαῖς.
3767 5309 4008 5359 Ἔπειτα

2427 5419 2519 5467 καὶ
2563 5415 2640 5482 μὴ
2673 5412 2958 5483 μεταίρειν
2987 5409 3115 5477 ὅρια
3159 5407 3410 5472 πατέρων
3439 5401 3682 5468 δόγματα
3724 5399 3822 5450 καὶ
3859 5395 4009 5451 τοῦθ’

2118 5539 2442 5600 Variorum
2492 5543 2679 5596 notre.

841 5655 950 5718 (Η)
987 5653 1076 5707 Sic
1112 5653 1171 5704 1).
1209 5652 1441 5704 Basilius
1497 5651 1559 5701 ad
1630 5657 1853 5712 nepotes
1892 5627 2019 5712 Acap.
2077 5644 2130 5698 6.
2169 5643 2320 5718 Καιτά

768 5714 866 5793 τὴν
915 5714 1162 5792 Διιιρικὴν
1199 5723 1514 5788 τωροιειίαν,
1554 5724 1642 5768 τὸν
1688 5720 1831 5768 λιθον
1865 5719 1984 5765 τιοτί
2014 5718 2110 5779 τὴν
2145 5714 2317 5780 σπάρο
2352 5725 2362 5734 ·

772 5787 864 5848 τόν
896 5787 1142 5860 ἄγοντας.
1181 5794 1308 5846 Item
1346 5791 1684 5850 Plutarchus,
1707 5789 1842 5855 ιΙρίς
1871 5787 2086 5854 στάθμῃ
2124 5787 2312 5849 πέτρον

2425 5639 2691 5701 τίθεσθαι,
2748 5639 2874 5704 μήτι
2913 5635 3048 5699 πρὶς
3095 5633 3277 5697 πὲτρῳ
3321 5625 3599 5704 στάθμην..
3630 5622 3849 5704 Sensus
3897 5629 4006 5674 est,

2426 5692 2759 5777 oporterc'se
2809 5692 3053 5776 regulis,
3117 5692 3216 5752 non
3251 5692 3480 5767 'regulus
3537 5693 3634 5745 sibi
3676 5692 4014 5743 submittere.

2427 5781 2635 5833 Roma.
