4240 6460
225 295 357 365 1177
610 295 685 369 μ,
716 310 767 349 c.
812 295 970 369 l35l]

1220 300 1662 363 BYZANTINrE
1694 301 2073 362 HISTORLE
2116 304 2256 364 LIB.
2301 292 2471 366 Xlk.‘

2572 302 2768 374 [me.t.
2810 315 3095 358 cuneus.
3139 300 3197 375 5]
3309 308 3446 373 1178

224 416 386 483 ἴδρειν
438 415 540 487 τῆς
570 413 666 470 τοῦ
716 415 853 469 Θεοῦ
887 415 1238 483 Ἐκκλησίας.
1293 418 1445 487 Μηδὲ
1478 418 1586 488 γὰρ
1639 413 1779 470 εἶναι
1812 422 1854 475 Α
1884 432 1897 473 ι

1771 436 1779 468 '-
1812 422 1854 475 Α
1884 421 2093 489 ta‘pidcs
2124 425 2188 474 ad
2219 424 2478 476 amussim
2508 422 2838 491 applicabat,
2874 422 3121 492 adeoque
3146 415 3275 488 illis,
3304 430 3445 493 apud

225 506 360 571 στας
379 506 509 569 τοὺς
537 506 828 577 είρηκότας
861 505 1119 577 μᾶλλονῆ
1157 507 1217 560 τό
1254 507 1474 578 Πνεῦμα
1503 508 1563 560 τὸ
1600 508 1775 575 ᾶγιον.

222 596 386 665 Δῆλον
412 596 472 650 δὲ
514 598 582 650 εκ
616 597 725 651 τῶν
752 596 877 651 καθ’
903 597 1139 651 ἔκαστον
1170 601 1234 652 ἂν
1268 601 1353 669 είη
1383 597 1540 652 τοῦτό
1571 616 1631 666 γε
1678 599 1781 667 μά-

222 687 398 743 λιστα.
430 688 551 742 Τῶν
572 688 681 759 γάρ
710 705 793 743 τοι
816 690 1119 760 προφητῶν
1149 690 1415 758 λεγόντων
1449 690 1597 743 ἔστιν
1622 690 1781 753 εὐθὺς

221 781 452 844 ἀκούειν,
481 783 582 851 οὐχ
612 782 695 835 ὅτι
736 800 755 833 ι
779 782 859 836 Τὰ
910 784 1006 836 καὶ
1046 785 1114 836 τὰ
1162 784 1343 852 φαμὲν
1396 785 1589 854 ὴμεῖς·
1645 784 1782 837 ἀλλὰ

229 893 245 924 ι
270 874 407 927 Τάδε
455 875 603 939 λέγει
638 874 842 945 Κύριος
864 892 879 907 ·
912 876 1009 929 καὶ
1034 877 1104 930 τὰ
1148 878 1241 930 καὶ
1267 877 1333 928 τὰ
1362 876 1691 946 προστάττει
1721 876 1783 929 τὸ

225 961 439 1035 Πνεῦμα
468 970 528 1019 διὸ
560 969 736 1033 ἅγιον,
770 985 790 1018 ι
831 965 944 1021 Εἶτ’
975 966 1145 1021 ἐλθὼν
1178 970 1206 1021 ὁ
1236 968 1515 1037 γεννηθεὶς
1540 970 1603 1023 ἐκ
1634 970 1783 1039 Παρ-

222 1058 373 1111 θένου
400 1058 533 1121 Θεὸς
562 1059 735 1127 Λόγος
768 1077 787 1110 ι
827 1060 968 1128 Ἐγὼ
994 1061 1203 1130 (φησῖν)
1234 1063 1327 1115 ἀπ’
1354 1062 1595 1131 ἐμαυτοῦ
1637 1063 1783 1115 λαλῶ

220 1150 392 1215 οὐδὲν,
423 1150 540 1205 ἀλλ’
580 1152 683 1205 ὅσα
717 1152 857 1222 πρὸς
889 1152 986 1206 τοῦ
1039 1155 1249 1222 ηατρὸς
1275 1155 1539 1225 ὴκηκόειν
1571 1155 1683 1223 (42)
1704 1173 1717 1186 ·
1759 1175 1777 1208 ι

218 1243 487 1298 διδάσκων
516 1245 667 1315 ἡμᾶς
693 1244 913 1319 οὑτωσὶ⁹
949 1245 1025 1315 μὴ
1057 1249 1169 1309 τοῖς
1218 1247 1451 1310 ἑαυτῶν,
1502 1246 1641 1301 ἀλλὰ
1673 1249 1783 1311 τοῖς

218 1332 326 1385 τῶν
378 1333 624 1403 πατρίων
685 1332 930 1386 κανόνων
984 1334 1213 1387 ἕπεσθαι
1283 1336 1513 1405 ὁόγμασί
1568 1353 1628 1389 τε
1689 1338 1785 1390 καὶ

218 1423 385 1493 ὅροις.
436 1424 547 1478 Καὶ
594 1425 901 1495 ἀρξάμενος
951 1427 1055 1479 οὐκ
1108 1425 1202 1494 ἀφ’
1247 1427 1467 1489 ἑαυτοῦ,
1514 1427 1631 1480 ἀλλ’
1675 1428 1785 1481 ἀπὸ

218 1514 461 1579 Μωσέως
519 1515 617 1568 καὶ
650 1517 871 1570 πάντων
907 1518 1018 1571 τῶν
1048 1518 1368 1589 προφητῶν,
1418 1519 1785 1590 διηρμήνευεν

218 1608 400 1669 αὐτοῖς
431 1610 500 1661 τὰ
531 1607 660 1678 περὶ
684 1607 903 1661 ἑαυτοῦ.
932 1610 1040 1663 Καὶ
1070 1609 1149 1679 τῷ
1178 1610 1413 1682 διαϐόλῳ
1445 1612 1627 1675 πάλιν,
1659 1615 1785 1675 τοὺς

220 1698 397 1761 λίθους
440 1699 641 1770 ἄρτους
683 1702 857 1752 ποιεῖν
885 1701 1255 1769 ἀναγκάζοντι
1298 1705 1520 1768 καὶτὰς
1558 1705 1658 1773 τῆς
1678 1705 1783 1774 γῆς

220 1791 632 1862 ὑπισχνουμένῳ
678 1792 1005 1861 χαρίζεσθαι
1047 1794 1344 1862 βασιλείας,
1401 1798 1502 1849 οὐκ
1557 1795 1710 1850 εἶπεν
1756 1800 1786 1851 ό

219 1879 371 1944 Θεὸς,
406 1899 425 1933 ι
459 1869 679 1950 ’Υπαγέ
707 1883 881 1937 ὀπίσω
910 1901 1037 1953 μου,
1066 1885 1310 1938 Σατανᾶ·
1349 1904 1367 1937 ι
1395 1886 1528 1940 ἀλλὰ
1560 1888 1657 1950 τὰς
1680 1888 1788 1942 τῶν

220 1975 474 2044 πατέρων
499 1976 864 2046 προϐάλλεται
888 1980 1101 2049 ῥήσεις,
1122 1998 1141 2031 ι
1171 1980 1507 2049 Γέγραπται,
1541 1998 1560 2033 ι
1592 1981 1786 2049 λέγων,

225 2086 245 2119 ι
267 2067 382 2121 Οὐκ
407 2068 494 2122 tn‘
530 2070 683 2140 ἄρτῳ
730 2069 880 2142 μόνῳ
920 2070 1147 2137 ζήσεται
1176 2073 1498 2145 ἄνθρωπος·
1539 2092 1558 2126 ι
1588 2076 1679 2129 καὶ
1708 2077 1789 2140 δὶς

221 2160 319 2212 καὶ
344 2161 466 2230 τρὶς
487 2161 550 2213 τὸ
582 2177 602 2212 ι
638 2160 952 2231 γέγραπται
990 2182 1009 2214 ο
1045 2166 1228 2235 τίθησι
1260 2166 1396 2237 πρὸς
1437 2167 1642 2236 ἀκριϐῆ
1669 2185 1791 2220 νου-

220 2248 409 2305 θεσίαν
432 2251 624 2324 ἡμῶν,
662 2257 775 2317 τοῖς
804 2256 916 2309 τῶν
945 2255 1193 2326 πατρίων
1222 2257 1364 2327 ὅρων
1397 2258 1618 2311 κανόσιν
1663 2259 1792 2312 ἕπεο

221 2345 351 2399 σθαι
377 2346 469 2399 διὰ
498 2346 720 2400 πάντων
764 2345 1028 2417 ἄντικρυς
1058 2348 1476 2417 παραγγέλλων.
1511 2349 1621 2401 Καὶ
1663 2350 1791 2418 περὶ

222 2431 317 2486 τοῦ
363 2432 513 2488 θείου
552 2433 609 2488 δὲ
647 2435 1115 2504 δπαγγειλάμενος
1152 2436 1487 2506 Πνεῦμα-τος,
1521 2453 1538 2487 ι
1592 2436 1791 2491 Ἐλθὼν

222 2526 433 2596 (φησὶν)
481 2528 509 2581 ό
567 2527 917 2597 Παράκλητος
973 2526 1071 2593 ἀφ’
1117 2526 1311 2580 ἑαυτοῦ
1345 2527 1566 2597 λαλήσει
1617 2531 1789 2593 οὐδὲν,

222 2619 314 2692 ίΡ.
339 2618 469 2689 57η
500 2619 615 2673 ἀλλ’
648 2620 748 2674 ὅσα
777 2620 843 2673 ἓν
890 2618 1119 2690 ἀκούσῃ.
1152 2636 1172 2670 ι
1213 2614 1328 2673 Εἶτ’
1368 2618 1537 2671 ἐλθὼν
1585 2623 1614 2674 ὁ
1651 2621 1794 2684 θεῖος

222 2712 521 2777 ἀπόστολος
546 2712 778 2776 Παῦλος,
810 2732 829 2765 ι
852 2711 995 2781 Ἐγὼ
1015 2712 1304 2782 παρέδωκα
1324 2713 1501 2782 (φησὶ)
1518 2712 1623 2766 τῶν
1647 2714 1794 2782 ἐμῶν

222 2805 380 2859 οὐδὲν
407 2806 557 2874 ὑμῖν,
585 2805 809 2874 ἀδελφοὶ
824 2830 849 2871 ·,
885 2806 1001 2859 ἀλλ’
1030 2804 1059 2857 ὃ
1089 2806 1185 2857 καὶ
1219 2805 1525 2875 παρέλαϐον
1564 2808 1671 2859 ἀπὸ
1697 2807 1793 2860 τοῦ

235 2898 439 2967 Ἰησοῦ.
478 2916 499 2951 ε
528 2899 638 2952 Καὶ
662 2897 823 2952 πάλιν
845 2897 1096 2968 Τιμοθέῳ
1131 2898 1383 2967 γράφων,
1416 2915 1435 2949 ι
1478 2898 1550 2950 Σὺ
1576 2899 1631 2951 δὲ
1666 2902 1793 2965 μένε

224 2989 440 3061 (φησιν)
472 2992 531 3044 ἐν
557 2986 639 3054 οἷς
663 2990 868 3060 ἔμαθες
911 2991 1007 3043 καὶ
1037 2989 1348 3060 ἐπιστώθης
1368 3008 1380 3021 ·
1411 2991 1511 3050 τὰς
1547 2992 1604 3045 δὲ
1637 2991 1799 3060 βεϐή-

223 3083 353 3143 λους
386 3080 750 3149 καινοφωνίας
783 3080 1074 3150 παραιτοῦ.
1114 3100 1132 3132 ι
1186 3082 1295 3134 Καὶ
1325 3081 1518 3134 πάλινο
1557 3099 1576 3132 ι
1614 3082 1679 3135 Εἴ
1706 3100 1792 3146 τις
1825 3115 1867 3171 C

222 3175 360 3243 ὑμίν
391 3171 807 3242 εὐαγγελίζεται
836 3172 954 3243 (45)
995 3174 1151 3243 (φησὶ
1189 3173 1585 3243 Κολοσσαεῦσι)
1619 3177 1749 3244 παρ’
1771 3176 1799 3229 ὃ

222 3267 594 3338 παρελάϐετε,
627 3266 876 3336 ἀνάθεμα
921 3266 1084 3333 ἔστω,
1121 3269 1215 3320 καὶ
1246 3267 1314 3320 ἂν
1350 3268 1580 3335 ἄγγελος
1618 3268 1678 3331 ἐξ
1705 3270 1801 3321 οὐ*

225 3362 397 3434 ρανοῦ
427 3378 511 3423 τις
554 3354 613 3433 ᾖ,
643 3357 747 3411 κᾶν
786 3358 900 3427 ἐγὼ
932 3358 1162 3422 Παῦλος.
1206 3377 1227 3411 ι
1271 3361 1413 3430 Ὅρα
1445 3361 1648 3429 ὁπόσην
1689 3362 1801 3432 ἔχει

224 3456 330 3523 τὴν
362 3454 513 3522 ίσχὺν
550 3454 619 3504 τὰ
656 3450 766 3503 τῶν
796 3450 1048 3519 πατρίων
1092 3452 1331 3504 κανόνων
1373 3454 1496 3521 ὅρια
1530 3452 1621 3505 καὶ
1658 3455 1801 3516 ὅσοις

225 3543 343 3596 τισὶ
369 3542 480 3603 τοῖς
518 3538 791 3609 κλείθροις
838 3539 932 3589 καὶ
988 3537 1207 3607 μοχλοῖς
1240 3539 1368 3600 τοὺς
1410 3541 1498 3592 ἀεὶ
1529 3539 1801 3610 διαδόχους

223 3629 638 3700 ἀσφαλίζεσθαι
692 3630 1025 3698 διαγέγονεν.
1080 3624 1193 3681 Εἶτ’
1235 3630 1479 3692 ἐλθόντες
1507 3631 1607 3700 τῆς
1652 3633 1803 3685 εὐσε-

225 3725 385 3789 ϐείας
416 3722 650 3795 ἀθληταὶ
674 3721 853 3785 καλῶς
893 3722 990 3775 ἐπὶ
1040 3722 1117 3793 τῷ
1151 3722 1382 3794 θεμελίῳ
1420 3724 1529 3776 τῶν
1575 3725 1804 3778 ἀποστό-

224 3818 342 3870 λων
364 3818 458 3868 καὶ
480 3814 777 3885 προφητῶν
806 3814 935 3876 τοὺς
961 3814 1170 3867 ἑαυτῶν
1195 3813 1556 3885 ᾠκοδόμησαν
1590 3815 1805 3884 ἀγῶνας

228 3909 331 3962 καὶ
350 3907 419 3960 τὰ
450 3906 766 3977 μαρτυρικόι
800 3886 1181 3975 παλαίσματα.
1214 3906 1285 3958 Σὺ
1315 3906 1363 3958 δ’
1394 3907 1443 3959 εί
1476 3908 1551 3976 μὴ
1590 3915 1681 3964 καὶ
1706 3907 1805 3978 τὴν

225 4000 345 4052 τῶν
382 4000 624 4052 κανόνων
669 3995 969 4061 δουλώσαις
1018 3997 1361 4067 ἐλευθερίαν,
1411 3998 1575 4069 νόμος
1624 4001 1806 4063 αὐτοῖς

226 4087 464 4150 ἐκείνοις
494 4086 800 4155 γινόμενος,
828 4085 1435 4156 ἀνίσχυρονζλείπεσθαί
1463 4104 1544 4140 σοι
1577 4089 1805 4156 φάσκεις

226 4180 334 4251 τὴν
367 4177 668 4249 βασιλείαν,
705 4179 802 4231 καὶ
838 4178 1006 4249 μηδὲν
1053 4180 1251 4231 ἐνεῖναι
1288 4178 1460 4250 ταύτῃ
1494 4182 1713 4249 σεμνόν.
1735 4181 1801 4235 El

231 4271 353 4341 γαρ
381 4270 526 4339 ᾇπερ
557 4270 769 4338 ἄλληλα
800 4270 1013 4336 πέφυκε
1055 4272 1333 4340 συνιστᾷν,
1373 4271 1525 4324 ταῦτ’
1562 4272 1807 4342 ἀλλήλων

230 4367 446 4434 φαῖμεν
470 4356 610 4415 εἶναι
640 4360 939 4429 φθαρτικὰ,
966 4360 1116 4413 οὐδὲν
1144 4360 1226 4413 ἔτι
1264 4360 1471 4415 τούτων
1499 4363 1807 4431 λελείψεται

1880 528 2017 580 qum
2052 513 2105 566 in
2143 529 2244 577 usu
2276 523 2416 577 erat,
2458 513 2632 567 ﬂuxas
2665 529 2895 582 prorsus
2940 522 2997 567 et
3048 514 3292 568 infirmas
3327 530 3449 583 spes

1881 603 2167 666 allen-bat,
2205 614 2265 658 ut
2294 606 2383 658 vix
2414 606 2480 659 ad
2525 605 2673 659 diem
2720 606 2964 674 proxime
2996 615 3312 672 sequentem
3344 607 3447 658 im-

1882 706 2085 749 motam
2114 711 2231 750 eam
2269 712 2682 765 permansuram
2724 711 2845 750 esse
2874 698 3229 750 confiderent.
3276 699 3452 763 Atque

1882 785 2152 856 bzec.quac
2185 790 2326 847 dico.
2356 797 2628 843 testantur
2660 804 2789 843 vera
2812 804 2933 843 esse
2962 804 3154 842 omnes
3177 789 3449 849 civitates.

1882 894 2073 934 omnes
2115 881 2458 951 respublieae.
2501 897 2624 935 cum
2663 896 2761 945 eae,
2794 897 2915 951 qua:
2964 881 3206 947 antiquis
3254 881 3454 949 regulis

1882 984 1939 1028 et
1968 975 2177 1046 legibus
2205 977 2577 1043 obsequentes
2604 975 2718 1044 iugi
2760 972 2995 1043 quadam
3044 972 3306 1026 felicitate
3334 988 3454 1039 per-

1884 1067 2180 1131 fruuntur;
2239 1076 2351 1121 tum
2410 1067 2551 1130 illac,
2597 1081 2719 1133 qua:
2766 1064 3066 1119 bacchante
3115 1063 3260 1131 apud
3311 1062 3457 1131 ipsas

1882 1159 2103 1213 licentia
2133 1158 2423 1213 continuis
2456 1156 2870 1226 repentinisque
2913 1153 3316 1208 mutationibus
3338 1167 3459 1205 cor-

1884 1260 2236 1317 rumpuntur.
2270 1249 2476 1304 Deinde
2509 1257 2565 1302 et
2592 1246 2728 1301 illud
2756 1261 2917 1301 sacro
2942 1246 3203 1300 Ecclesia:
3235 1244 3457 1297 decreto

1884 1351 2102 1398 cautum
2146 1351 2250 1405 est,
2280 1356 2351 1395 ne
2381 1339 2545 1409 positi
2583 1354 2613 1393 a
2659 1337 2913 1408 patribus
2945 1336 3168 1390 termini
3199 1349 3457 1388 movean-

1886 1444 2224 1504 tur:.neque
2254 1433 2402 1489 enim
2444 1432 2617 1502 magis
2658 1446 2775 1496 eos,
2817 1445 2980 1500 quam
3031 1428 3297 1497 Spiritum
3336 1441 3459 1479 san-

1884 1536 2055 1586 ctum.
2108 1542 2169 1580 ea
2206 1525 2409 1579 dixisse
2448 1540 2571 1594 qua:
2603 1523 2866 1577 dixerint.
2912 1522 3078 1590 quue
3112 1534 3179 1573 ex
3226 1517 3459 1587 singulis

1886 1618 2215 1675 testimoniis
2253 1618 2410 1686 plane
2450 1616 2751 1671 constabit.
2783 1614 2858 1668 Ae
2895 1613 3133 1683 primum
3162 1610 3460 1680 prophetas

1886 1706 2076 1761 audire
2106 1716 2192 1761 est
2237 1706 2521 1769 dicentes,
2555 1720 2661 1758 non
2708 1702 2967 1771 quidem:
3010 1718 3028 1750 ι
3081 1698 3204 1753 lla-c
3256 1709 3310 1752 et
3358 1696 3459 1749 ista

1894 1815 1994 1855 nos
2030 1799 2287 1863 dicimus,
2325 1818 2343 1850 ι
2389 1798 2523 1853 sed:
2571 1814 2590 1847 ι
2636 1796 2763 1850 llaec
2812 1794 2946 1849 dicit
2996 1791 3297 1851 Dominus;
3347 1788 3463 1841 lure

1893 1903 1952 1947 et
1987 1893 2089 1946 ista
2131 1892 2283 1962 jubet
2329 1882 2571 1960 Spiritus
2623 1897 2871 1943 sanctus.
2920 1905 2937 1936 ι
2993 1884 3199 1939 Deinde
3246 1882 3465 1954 genitus

1894 2001 1961 2040 ex
2002 1984 2222 2054 Virgine
2251 1984 2395 2037 Deus
2429 1982 2673 2038 Verbum
2709 1995 2833 2035 cum
2882 1978 3193 2031 advenisset
3223 1994 3235 2027 :
3277 1994 3294 2027 ι
3328 1976 3459 2043 Ego.

1897 2078 2105 2148 inquit,
2149 2093 2178 2131 a
2211 2093 2298 2131 me
2346 2078 2464 2146 ipso
2494 2075 2692 2143 loquor
2735 2073 2902 2138 nihil,
2934 2070 3029 2125 sed
3062 2084 3402 2139 quacunque
3434 2084 3465 2123 a

1895 2171 2056 2226 Patre
2087 2169 2314 2232 audivi;
2358 2186 2377 2220 ι
2423 2177 2586 2236 atque
2623 2166 2697 2220 ita
2739 2165 2924 2228 docet,
2959 2179 3068 2217 non
3122 2162 3332 2215 nostris
3369 2160 3462 2214 sed

1896 2261 2117 2315 Patrum
2160 2259 2400 2328 regulis.
2437 2270 2738 2323 earumque
2800 2253 3139 2324 praescriptis
3179 2262 3233 2307 et
3270 2251 3468 2305 delini—

1899 2352 2161 2416 tionibus,
2190 2350 2418 2420 obsequi
2468 2364 2567 2403 nos
2607 2348 2831 2403 debere.
2868 2347 2999 2401 Item
3038 2345 3309 2413 incipiens
3356 2360 3461 2397 non

1899 2462 1927 2500 a
1957 2462 2015 2500 se
2046 2448 2185 2515 ipso,
2216 2442 2311 2498 sed
2344 2459 2373 2497 a
2417 2442 2595 2511 Moyse
2620 2450 2678 2494 et
2703 2439 2961 2494 omnibus
2988 2437 3273 2507 prophetis
3303 2436 3470 2505 916

1898 2535 2487 2607 interpretabaturillis
2510 2548 2631 2603 quae
2652 2532 2720 2586 de
2742 2532 2862 2601 ipso
2887 2539 3065 2584 erant.
3100 2528 3313 2582 Rursus
3349 2527 3468 2579 dia-

1899 2628 2049 2691 bolo,
2089 2642 2260 2698 panes
2299 2641 2368 2680 ex
2414 2624 2688 2694 lapidibus
2724 2621 2903 2677 facere
2943 2621 3182 2691 jubenti,
3218 2628 3275 2672 et
3318 2617 3471 2671 orbis

1902 2728 2062 2774 terra:
2087 2734 2253 2787 regna
2285 2717 2545 2770 daturum
2570 2729 2628 2769 se
2653 2713 2957 2783 pollicenti,
2987 2726 3095 2764 non
3128 2709 3261 2763 dicit
3289 2709 3466 2762 Deus:

1906 2830 1925 2863 ι
1960 2811 2107 2867 Vade
2144 2818 2314 2872 retro,
2371 2809 2609 2871 Satana;
2648 2824 2667 2856 ι
2722 2806 2816 2860 sed
2852 2804 3074 2858 Patrum
3110 2803 3254 2856 dicta
3288 2815 3467 2870 Oppo-

1899 2904 2000 2964 nit,
2036 2912 2087 2956 et
2116 2917 2132 2956 ε
2166 2919 2184 2952 ι
2219 2900 2499 2969 Scriptum
2528 2907 2633 2962 est,
2667 2898 2762 2957 ait.
2793 2895 2919 2965 quia
2953 2910 3061 2948 non
3096 2894 3150 2947 in
3178 2893 3294 2945 solo
3327 2906 3470 2961 pane

1900 2993 2047 3047 vivet
2099 2992 2267 3045 homo
2297 2992 2358 3055 ¹;
2408 3009 2429 3042 ι
2480 2997 2644 3058 atque
2690 2988 2868 3052 ipsum
2914 2985 3087 3041 illud:
3143 3004 3161 3033 ι
3189 2983 3469 3050 Scriptum

1900 3088 1984 3135 est
2029 3098 2048 3129 ι
2098 3079 2184 3134 bis
2223 3089 2417 3148 terque
2457 3086 2709 3147 usurpat,
2744 3089 2804 3131 ut
2835 3092 2936 3130 nos
2976 3077 3222 3145 perfecte
3250 3073 3469 3126 erudia—

1908 3188 2050 3234 mnr,
2085 3186 2223 3241 quos
2273 3172 2367 3225 ille
2420 3171 2647 3225 Patrum
2698 3168 3117 3224 deﬁnitionibus
3161 3174 3217 3220 et
3268 3166 3471 3233 regulis

1907 3280 2003 3333 per
2033 3263 2217 3316 omnia
2248 3261 2477 3331 obsequi
2509 3270 2696 3330 aperte
2720 3260 2896 3331 jubet.
2931 3259 3038 3313 Sed
3075 3266 3131 3311 et
3155 3259 3224 3309 «te
3262 3255 3487 3323 Spiritu

1901 3366 2092 3409 sancto
2129 3355 2495 3423 promittens:
2538 3371 2556 3405 ι
2592 3351 2753 3418 Cum,
2798 3351 3000 3419 inquit.
3033 3349 3348 3404 Paracletus
3381 3364 3473 3397 ve-

1904 3449 2070 3508 nerit.
2120 3463 2229 3500 non
2284 3447 2544 3515 loquetur
2573 3461 2605 3500 a
2640 3444 2960 3514 semetipso.
3006 3441 3100 3495 sed
3132 3454 3475 3511 quascunque

1903 3536 2144 3591 audierit
2173 3537 2431 3605 loquetur
2460 3536 2502 3587 '.
2537 3553 2556 3587 ι
2597 3534 2804 3588 Deinde
2848 3534 2912 3587 D.
2941 3532 3148 3585 Paulus
3192 3530 3475 3595 apostolus

1904 3629 2173 3683 veniens:
2212 3646 2230 3678 ι
2266 3626 2401 3697 Ego,
2437 3626 2635 3695 inquit,
2667 3641 2850 3680 meum
2885 3624 3021 3678 nihil
3057 3624 3215 3677 vobis
3251 3621 3475 3684 tradidi,

1908 3719 2131 3782 fratres,
2178 3717 2452 3787 sedquod
2489 3726 2545 3771 et
2575 3717 2759 3787 accepi
2792 3732 2824 3771 a
2864 3715 2993 3770 Jesu
3032 3715 3072 3768 ⁸.
3113 3734 3130 3765 ι
3168 3715 3378 3768 Rursus
3409 3718 3476 3766 ad

1907 3811 2256 3865 Timotheum
2301 3810 2551 3889 scribens
2598 3825 2613 3863 :
2675 3827 2696 3859 ι
2748 3808 2831 3862 Tu
2884 3821 3040 3870 vero,
3111 3806 3312 3874 inquit.
3358 3819 3479 3873 pcr-

1908 3917 2065 3957 mane
2113 3902 2170 3956 iu
2220 3901 2288 3957 iis
2315 3942 2331 3966 ,
2361 3916 2485 3971 quae
2527 3900 2766 3955 didicisti
2824 3908 2882 3954 et
2928 3897 3135 3952 credita
3170 3907 3298 3951 sunt
3334 3895 3428 3949 tibi
3462 3912 3474 3947 :

1905 3996 2161 4067 profanas
2202 4002 2387 4048 autem
2441 4008 2639 4048 vocum
2694 3992 2971 4046 novitates
3019 3989 3222 4045 devita.
3258 4007 3276 4039 ι
3332 3988 3477 4042 Ilur-

1907 4102 2047 4143 sus:
2114 4106 2134 4139 ι
2179 4086 2235 4141 Si
2293 4086 2419 4156 quis
2475 4084 2636 4139 vobis
2692 4082 3187 4153 cvangelizaverit,
3221 4101 3239 4132 ι
3304 4081 3480 4149 inquit

1908 4180 2345 4246 Colossensibus,
2387 4198 2406 4231 ι
2446 4188 2642 4249 ιιι-αξιοι·
2682 4177 2734 4233 id
2788 4187 2926 4247 quot
2968 4175 3296 4244 accepistis,
3349 4187 3481 4225 ana-

1912 4273 2098 4328 thema
2150 4281 2295 4335 esto,
2338 4274 2444 4326 etsi
2490 4269 2719 4340 angelos
2766 4269 3037 4339 quispiam
3085 4268 3154 4321 de
3200 4265 3342 4320 caelo
3386 4266 3479 4325 sit,

1909 4366 2011 4420 etsi
2052 4379 2155 4434 ego
2207 4363 2411 4418 Paulus
2438 4362 2481 4415 ⁸.
2513 4379 2531 4413 ι
2586 4361 2721 4416 Vide
2766 4369 3025 4430 quantam
3082 4360 3189 4411 vim
3244 4356 3481 4410 habeant

226 4456 336 4523 τῆς
364 4454 568 4515 οἰκείας
595 4453 696 4505 οὐκ
726 4452 1080 4519 ἐξιστάμενον
1106 4451 1356 4520 φύσεωςο
1382 4454 1478 4505 καὶ
1511 4455 1621 4514 τοῖς
1648 4453 1803 4507 τοῦτο
1836 4452 1877 4506 D

1836 4452 1877 4506 ο
1909 4457 2129 4513 termini
2180 4472 2208 4509 a
2276 4454 2529 4510 Patribus
2576 4453 2886 4517 constituti,
2935 4462 3072 4521 quot
3124 4447 3395 4518 repagulis
3428 4454 3482 4498 et

233 4544 619 4616 συγχωροῦσιν
647 4543 760 4597 ἄνω
808 4542 1071 4611 ποταμῶν
1103 4542 1445 4612 συμϐήσεται
1487 4547 1682 4615 χωρεῖν
1705 4546 1804 4609 τὰς

229 4638 446 4705 πηγάς.
497 4636 571 4688 Οὐ
604 4634 714 4703 γὰρ
743 4627 787 4700 ᾧ
828 4632 939 4685 τῶν
983 4635 1231 4703 πατρίων
1274 4634 1511 4687 κανόνων
1539 4636 1634 4687 καὶ
1667 4652 1806 4702 γνω⁶

233 4727 579 4799 μῶν,ᾶρχειν
631 4725 882 4792 βούλεταί
926 4741 1032 4786 τις,
1080 4725 1140 4775 τὺ
1194 4727 1393 4794 σεμνὸν
1438 4728 1503 4797 τῇ
1561 4726 1809 4797 βασιλεία

227 4820 548 4889 -ιτεριποιεί⁸
583 4815 699 4868 ἀλλ’
732 4808 920 4887 ᾧητοξς
969 4816 1223 4884 πατρίοις
1257 4818 1448 4868 κανόσι
1482 4817 1580 4870 καὶ
1622 4818 1807 4887 νόμοις

229 4911 487 4964 ὑπείκειν
519 4908 728 4961 ὲθέλει’
767 4909 866 4978 οὐχ
906 4908 1009 4971 ἕως
1054 4908 1118 4960 ἂν
1155 4912 1456 4977 σωφρονεῖν
1485 4927 1571 4971 τις
1614 4911 1808 4975 ἐθέλοι,

230 5006 415 5062 ἄλλως
448 5002 591 5070 ἔχειν
633 5001 938 5070 συγχωρεῖν
986 4998 1199 5069 οὐδαμῆ
1249 5000 1370 5053 ποθ’
1402 4999 1561 5053 ἕλοιτ’
1607 4999 1674 5053 ἂν
1714 5003 1807 5054 οὐ-
1850 5040 1860 5048 .

313 5144 329 5175 ¹
366 5142 555 5197 Matth.
596 5158 667 5207 tv,
702 5141 789 5196 l0.
864 5142 885 5172 ¹
914 5139 1076 5194 Joan.
1108 5157 1219 5217 xvi,
1248 5140 1334 5195 15.

1910 4550 2161 4605 vectibus
2190 4556 2557 4602 coerceantur
2602 4548 2664 4611 ii,
2699 4546 2797 4614 qui
2830 4554 3092 4613 perpetua
3130 4540 3481 4594 successione

1909 4656 2006 4695 eos
2071 4638 2359 4707 excepturi
2428 4646 2580 4691 sunt.
2653 4636 2792 4690 Tum
2862 4634 3140 4687 subsecuti
3204 4630 3482 4698 religionis

1907 4730 2118 4801 pugiles
2152 4745 2320 4799 super
2367 4729 2745 4798 apostolorum
2772 4737 2825 4782 ct
2860 4729 3252 4797 prophetarum
3288 4724 3482 4776 funda-

1910 4831 2094 4875 mento
2148 4837 2247 4875 sua
2298 4819 2599 4875 certamina
2661 4834 2869 4887 suaque
2939 4817 3197 4887 tumtyria
3255 4815 3480 4884 pulchre

1908 4912 2279 4966 aediﬁcarunt.
2329 4912 2409 4965 Tu
2460 4927 2612 4972 vero,
2650 4909 2753 4964 nisi
2806 4911 3119 4978 regularum
3173 4909 3481 4962 libertatem

1912 5002 1966 5055 in
2004 5004 2326 5057 servitutem
2370 5002 2607 5072 redigas,
2649 5000 2756 5055 nisi
2808 5002 2984 5072 legem
3038 4999 3146 5054 illis
3198 5013 3250 5053 te
3305 4998 3481 5068 ipsum

1417 5140 1439 5171 ⁸
1469 5138 1488 5193 l
1517 5138 1646 5195 Cor.
1681 5157 1771 5203 χι..
1793 5141 1884 5195 23.
1961 5142 1982 5173 ⁸
2012 5140 2189 5197 Galat.
2221 5158 2263 5207 ι,
2293 5144 2349 5197 8.

1585 5279 1913 5342 Variorum
1946 5286 2133 5342 notes.

311 5380 427 5452 (Αὲ)
461 5378 577 5433 Non
606 5392 669 5431 ca
702 5377 817 5445 ipsa
845 5378 1171 5452 sunt-Averlia
1194 5418 1207 5439 ,
1236 5392 1358 5446 qua:
1382 5377 1639 5452 leguntur
1665 5381 1806 5452 apud

234 5446 507 5509 Joannem
552 5463 671 5516 cap.
713 5464 824 5509 xw,
856 5463 908 5501 v.
942 5447 1025 5501 l0.
1068 5446 1338 5512 Grcgoras
1382 5446 1488 5501 non
1537 5450 1638 5501 hoc
1686 5446 1806 5505 loco

234 5523 444 5645 Sillim.
480 5518 574 5573 sed
609 5528 665 5572 et
710 5518 840 5572 alibi
901 5519 1125 5585 passim.
1165 5534 1439 5572 memorat:
1473 5521 1635 5573 nimis
1668 5519 1804 5574 lidit.

303 5606 456 5644 ηυδε.

303 5606 456 5644 ηυδε.

312 5662 429 5727 (45)
464 5658 525 5711 Ει
564 5660 673 5709 lucc
731 5657 951 5725 quoque
979 5657 1264 5724 Gregoras,
1311 5658 1484 5712 fallaci
1528 5662 1801 5715 memoria:

240 5732 473 5786 coﬁstts.
518 5728 648 5780 Nam
682 5729 823 5795 apud
866 5730 1095 5782 Paulum
1131 5731 1196 5783 ad
1232 5731 1404 5784 Ualat.
1442 5745 1558 5787 catt.
1599 5745 1635 5788 ι,
1682 5748 1800 5782 wr-

1909 5398 1973 5435 su
2000 5392 2192 5437 octavo
2226 5380 2425 5447 legitur
2461 5395 2475 5433 :
2521 5377 2682 5430 Ἀλλὰ
2714 5376 2811 5430 καὶ
2851 5376 2947 5429 ἐὰν
2978 5376 3160 5447 ἡμεῖς,
3189 5376 3222 5445 ἥ
3252 5375 3482 5441 ἄγγελος

1906 5453 1963 5515 ἐξ
2008 5452 2236 5521 οὐρανοῦ
2273 5444 2694 5521 ενὺαγγελίζηται
2750 5448 2907 5521 ὑμῖν,⁸
2948 5444 3080 5516 παρ’
3111 5445 3141 5498 ὃ
3198 5444 3483 5513 εὐηγγελι-

1908 5517 2119 5589 σάςιεθνα
2167 5522 2318 5588 ὑμῖν,
2367 5519 2619 5585 ἀνάθεμα
2657 5518 2818 5571 ἔστω.
2870 5517 3258 5589 ch_su_atttcut
3291 5531 3467 5589 nono,

1906 5585 2099 5653 Eiet;
2151 5585 2287 5659 ὑμᾶς
2339 5589 2795 5655 εὐαγγελίζεται,
2853 5585 2981 5654 παρ’
3029 5587 3057 5639 ὃ
3105 5586 3475 5655 παριλαὸετε,

1903 5662 2153 5737 ἀνάθεμα
2189 5678 2346 5713 εστω.
2387 5660 2480 5712 Βινι
2524 5674 2600 5711 IN.
2783 5680 2786 5683 λ
