4240 6460
708 400 865 469 1183
1038 401 1116 470 ιλ.
1163 415 1218 453 ii.
1256 398 1414 462 6859,
1446 413 1552 451 ιιιι).
1587 395 1640 466 ι]

1887 397 2304 457 NICEPIIORI
2349 397 2729 458 GllEGORE

3033 396 3164 465 [tum
3205 411 3247 450 ι.
3289 409 3574 451 cmucuz.
3610 400 3662 466 5]
3816 402 3959 462 1185,

727 535 929 578 textum
961 532 1136 584 nacta,
1162 521 1225 573 ad
1261 519 1634 574 mentiendum
1678 528 1733 571 et
1767 517 2215 569 calumnmmum
2241 525 2292 567 et
2323 516 2401 574 Α‹

2323 516 2372 574 Α
2396 515 2587 581 δείξειε
2605 514 2705 584 τῆς
2729 515 3048 578 δυσσεῦείας
3075 517 3316 583 ἄφυκτον
3341 518 3487 587 ἔχειν
3516 520 3605 571 καλ
3636 519 3850 587 ἄμαχον
3868 538 3969 589 την

723 615 788 666 ad
818 615 1132 666 excitandas
1161 621 1510 681 tempestates
1539 612 1876 679 negotiorum
1909 610 2165 680 proclivis
2182 618 2286 662 cst.

727 706 992 772 Equidem
1026 705 1105 757 sic
1149 714 1331 757 statuo
1362 723 1375 766 ;
1423 705 1566 758 hunc
1601 705 1896 765 Palamam,
1930 703 2109 755 virum
2141 702 2290 754 scili-

724 807 811 848 cet
851 811 1095 864 gravem,
1127 796 1170 849 si
1204 796 1511 850 diutissime
1547 809 1730 848 secum
1764 794 2144 853 deliberasset,
2182 806 2288 859 qua

727 889 940 941 ratione
975 888 1348 940 adversarium
1375 902 1533 940 suum
1568 887 1908 939 Barlaamum
1942 885 2288 946 laudaturus,

727 994 842 1032 sum
867 989 1049 1033 autem
1088 979 1382 1048 impietatis
1408 978 1605 1031 indicia
1635 977 1975 1032 ineluctabili
2004 985 2058 1029 et
2086 976 2290 1030 invicto

727 1071 926 1122 robore
985 1080 1173 1138 aperte
1227 1069 1652 1124 conﬁrmaturus
1699 1069 1872 1133 foret,
1927 1084 2032 1124 nec
2067 1069 2291 1122 meliore

732 1177 970 1225 unquam
1005 1176 1105 1214 nec
1131 1161 1366 1215 clariore
1399 1171 1718 1232 argumento
1749 1162 1828 1215 uti
1861 1160 2124 1230 potuisse.
2154 1160 2288 1213 Nam

727 1257 820 1316 qui
859 1250 1092 1302 multum
1126 1249 1483 1311 laboraverit,
1521 1258 1580 1301 ut
1609 1250 1948 1317 obiectorum
1979 1247 2084 1301 sibi
2110 1248 2294 1310 crimi-

727 1356 857 1394 num
889 1343 1246 1394 refutationes
1273 1355 1302 1393 a
1349 1341 1597 1409 specioso
1629 1341 1811 1410 aliquo
1838 1341 2110 1410 principio
2143 1338 2292 1391 ordi-

732 1441 887 1485 retur
913 1449 926 1490 ;
954 1431 1174 1493 deinde,
1199 1431 1324 1499 quia
1364 1432 1500 1483 baud
1532 1441 1717 1501 posset
1738 1470 1756 1495 .
1781 1439 2007 1486 coactus
2035 1431 2106 1484 sit
2151 1430 2290 1484 futili

728 1523 1018 1574 mendacio
1065 1521 1262 1584 inniti,
1310 1521 1354 1574 is
1398 1529 1590 1574 contra
1644 1521 1984 1574 insectantes
2033 1533 2290 1584 quonon

727 1615 1035 1668 insolentize
1083 1613 1656 1682 processisset,'921
1703 1612 1905 1682 quibus
1956 1616 2294 1683 pepercisset

727 1707 1016 1764 conviciis.
1061 1707 1105 1760 si
1157 1707 1239 1760 vel
1272 1706 1508 1774 aliquam
1549 1706 1796 1760 veritatis
1820 1707 2071 1761 umbram
2102 1718 2294 1762 nactus

727 1799 970 1854 fuisset?
1021 1797 1308 1852 Enimvero
1372 1814 1478 1851 non
1522 1797 1861 1862 Barlaamus,
1920 1809 1979 1853 ut
2044 1801 2295 1856 Palamas

729 1891 894 1945 dictis
921 1901 976 1945 et
1002 1890 1226 1959 scriptis
1259 1890 1550 1958 signiﬁcat,
1586 1891 1808 1960 impiam
1850 1891 1992 1947 hanc
2025 1893 2295 1946 Massalia-

729 1996 928 2034 norum
958 1981 1211 2043 ha3resiu,
1245 1997 1598 2051 erroremque
1628 1984 1694 2037 de
1735 1984 1948 2038 duobus
1973 1995 2027 2038 et
2051 1986 2296 2054 pluribus

731 2070 864 2136 Diis,
917 2073 970 2127 in
1023 2074 1319 2128 Eccle'siam
1375 2076 1464 2129 Dei
1527 2077 1764 2140 invexit;
1826 2080 1934 2132 imo
1979 2079 2296 2136 Barlaamns

731 2163 1003 2229 ostendit,
1040 2165 1188 2219 hunc
1235 2166 1412 2234 ipsum
1456 2182 1574 2222 esse
1622 2171 1712 2237 qui
1761 2170 2066 2225 invelierct.
2120 2173 2294 2237 Cum,

733 2259 930 2320 inquit.
967 2259 1270 2313 audivisset
1299 2261 1612 2316 Barlaamus
1659 2264 1928 2318 Palamain
1989 2267 2102 2320 haec
2135 2277 2296 2336 atque

733 2352 850 2403 haec
881 2348 1178 2413 dicentem,
1206 2351 1257 2404 ei
1307 2352 1513 2405 crimen
1561 2352 1775 2418 intulit,
1809 2357 1960 2423 quasi
1996 2357 2133 2410 duos
2167 2359 2297 2412 deos

733 2445 1017 2498 statuenti.
1063 2443 1226 2500 Vides
1266 2447 1442 2515 ipsum
1481 2459 1672 2503 contra
1710 2466 1790 2511 se,
1829 2451 2024 2506 milius
2073 2453 2295 2506 inimico

732 2542 787 2585 et
833 2534 990 2592 hoste
1021 2536 1302 2605 quolibet,
1345 2539 1720 2593 testimonium
1764 2540 1906 2596 ferre
1935 2543 2297 2599 luculentum.

734 2623 914 2678 Primo
939 2628 1086 2680 enim
1144 2630 1220 2682 ait
1261 2644 1342 2694 se,
1389 2631 1532 2698 quod
1556 2632 1648 2685 Dei
1698 2633 2058 2687 substantiam
2103 2650 2302 2704 corpo-

737 2727 849 2772 I‘PlS
896 2721 1070 2775 oculis
1111 2722 1295 2776 videre
1337 2723 1685 2792 gloriaretur,
1734 2736 2047 2780 accusatum
2091 2744 2121 2780 a
2174 2728 2303 2782 Bar—

738 2810 958 2876 iaamo;
1008 2811 1424 2869 Massalianisiui
1486 2814 1779 2870 videlicet:
1833 2815 2031 2872 deinde
2079 2823 2299 2874 conanti

735 2903 841 2957 smi
894 2905 1015 2969 ejus
1061 2905 1431 2959 accusationis
1465 2906 1573 2959 vim
1621 2907 1992 2964 inevitabilem
2036 2911 2299 2980 eﬂ‘ugcre,

735 3003 789 3048 et
839 2993 1208 3060 Divinitatem,
1265 3013 1386 3065 quae
1430 3013 1536 3051 una
1573 3008 1659 3052 est
1710 2999 1766 3053 in
1807 3001 1984 3055 tribus
2033 3005 2301 3070 personis,

736 3085 1002 3139 dividenti
1033 3086 1086 3139 in
1119 3086 1477 3141 substantiam
1510 3097 1566 3142 et
1589 3090 2054 3158 gratiam,natura
2081 3093 2301 3161 quidem

2395 607 2682 676 ίσχὺν,οὐκ
2702 608 2767 660 ἂν
2787 608 2980 676 βελτίω
2999 627 3056 660 τε
3077 610 3169 661 καὶ
3190 613 3580 681 καθαρωτέραν
3599 613 3797 679 ταύτης
3822 615 3962 678 εἱλη-

2393 701 2550 768 φέναι
2578 700 2706 752 ποτέ
2729 701 3022 769 πρόφασιν.
3043 700 3116 753 Τὸ
3143 702 3250 770 γᾶρ
3271 703 3497 756 πλεῖστα
3517 705 3766 772 καμόντα
3791 705 3964 790 ἀρχὴν

2393 791 2640 860 εὐπρεπῆ
2661 793 2780 850 ταῖς
2805 791 3125 858 ἀπολογίαις
3151 794 3260 845 τῶν
3299 799 3422 846 κατ’
3458 796 3623 848 αὑτοῦ
3654 797 3964 863 λεγομένων

2393 882 2694 950 προθεῖναι,
2733 884 2921 935 ἔπειτα
2943 885 3014 953 μὴ
3044 885 3366 954 δυνηθέντα,
3403 888 3589 958 σαθρῷ
3621 892 3678 953 ἐξ
3719 892 3962 960 ᾖνςῖγκης

2392 974 2689 1042 ἐρείδεσθαι
2707 975 2910 1043 ψεύδει,
2930 976 3031 1040 ποῦ
3049 978 3147 1030 οὐκ
3167 978 3232 1031 ἂν
3251 979 3451 1032 ἀτόπου
3475 981 3721 1053 γλὼττξς
3739 987 3962 1055 ἤλασεν,

2392 1067 2423 1134 ἢ
2455 1069 2598 1123 τίνος
2631 1067 2696 1119 ἂν
2726 1068 2978 1134 ἐφείσατο
3012 1067 3281 1138 λοιδορίας
3320 1070 3460 1123 κατά
3485 1072 3592 1124 τῶν
3618 1074 3948 1130 διωκόντων.

2393 1160 2441 1209 εί
2473 1159 2601 1229 σκιᾷ
2639 1157 2770 1226 γοῦν
2799 1177 2906 1211 τινι
2937 1159 3372 1231 περιετύγχανεν
3415 1161 3672 1230 ἀληθείας
3699 1183 3715 1226 ς
3746 1167 3822 1219 Οὔ
3855 1170 3966 1234 γὲρ

2394 1250 2420 1300 6
2456 1234 2723 1318 Βαρλαάμ
2750 1246 2838 1319 ἦν,
2861 1251 2935 1312 ὡς
2964 1252 3026 1303 ἐκ
3057 1251 3166 1303 τῶν
3195 1252 3290 1305 τοῦ
3336 1253 3568 1318 Παλαμᾶ
3599 1256 3849 1321 φαίνεται
3879 1256 3962 1312 λόο

2393 1359 2504 1409 γων
2531 1343 2626 1395 καὶ
2657 1342 2875 1411 βίϐλων,
2907 1343 2966 1405 δς
2997 1346 3328 1412 εἰσενεγκεῖν
3358 1349 3421 1416 τῇ
3442 1347 3535 1399 τοῦ
3565 1347 3700 1399 Θεοῦ
3734 1348 3962 1418 Ἐκκλη-

2396 1433 2487 1502 σία
2513 1433 2661 1485 δοκεῖ
2695 1435 2792 1501 τήν
2827 1451 2884 1484 τε
2917 1434 3025 1486 τῶν
3059 1436 3458 1489 Μασσαλιανῶν
3497 1438 3727 1506 δυσσεϐῆ
3757 1440 3961 1512 ταύτην

2395 1524 2605 1591 αἵρεσιν
2636 1524 2729 1575 καὶ
2781 1525 2902 1590 ἅμα
2931 1527 2992 1578 τὸ
3037 1526 3136 1595 τῆς
3180 1527 3384 1589 διθεῖας
3415 1531 3507 1582 καὶ
3549 1531 3844 1594 πολυθεῖας
3878 1534 3965 1597 ἔγ-

2395 1617 2495 1686 κλη
2507 1635 2580 1681 μα
2598 1634 2612 1648 ⁸
2635 1617 2751 1670 ἀλλ’
2780 1619 2808 1671 6
2836 1619 3097 1689 Ιῖαρλαάμ
3124 1617 3190 1690 ἦν
3223 1623 3423 1689 μᾶλλον
3449 1625 3476 1675 6
3499 1624 3688 1676 τοῦτον
3711 1628 3963 1692 εἰσάγον-

2393 1723 2460 1756 τα
2507 1705 2708 1770 δείξας.
2748 1707 3010 1771 Ἀκούσας
3068 1709 3173 1779 γὰρ
3222 1710 3432 1779 (φησὶν)
3484 1711 3512 1762 6
3548 1711 3811 1780 Βαρλαίιμ
3856 1713 3962 1763 τῶν

2398 1802 2526 1867 περὶ
2580 1800 2671 1853 τὸν
2720 1801 2988 1871 Παλαμᾶν
3043 1803 3309 1869 λεγόντων
3347 1805 3416 1858 τά
3468 1807 3561 1856 καὶ
3613 1805 3701 1864 τὰ,
3757 1807 3963 1864 διθεῖας

2398 1891 2648 1960 ἔγκλημα
2676 1896 2916 1948 τουτοισὶ
2951 1895 3372 1964 προσετρίψατο.
3416 1896 3582 1963 Ὁρᾷς
3629 1898 3834 1966 ἐναργῆ
3867 1901 3966 1962 τὴν

2400 1981 2706 2051 μαρτυρίαν
2753 1983 2915 2036 αὐτὸν
2945 1985 3070 2038 καθ’
3115 1986 3277 2039 αὑτοῦ
3329 1989 3650 2055 κομίζοντα,
3684 1987 3896 2057 βέλτιον
3932 1990 3962 2056 ἦ

2397 2076 2541 2152 κατά
2585 2059 2742 2130 ’πάντἱ
2785 2077 2977 2147 ἐχθρὸν
3009 2080 3103 2130 καὶ
3140 2079 3417 2146 πολέμιον.
3467 2081 3686 2150 Πρῶτον
3724 2083 3826 2149 μὲν
3859 2082 3968 2148 γὰρ

2396 2171 2564 2223 αὑτοῦ
2624 2171 3065 2241 κατηγορηκέναι
3119 2173 3207 2224 τὴν
3268 2173 3556 2241 Βαρλαάμ,
3626 2177 3968 2240 σωματικοῖς

2397 2263 2696 2331 ὀφθαλμοῖς
2738 2263 2831 2316 τοῦ
2872 2263 3007 2316 Θεοῦ
3061 2265 3163 2334 τὴν
3195 2267 3385 2318 οὐσίαν
3435 2269 3569 2336 όρᾷν
3601 2268 3969 2334 ἐγκαυχωμέ-

2397 2372 2509 2412 νου,
2555 2356 2710 2421 φησὶ,
2752 2357 2909 2408 τοῦτο
2943 2357 3006 2424 δὴ
3037 2358 3096 2410 τὸ
3128 2356 3238 2410 τῶν
3290 2360 3722 2412 Μασσαλιανῶνο
3760 2360 3880 2413 εἶτα
3911 2365 3973 2413 τι)

2399 2444 2485 2518 [Ρ.
2521 2444 2647 2518 580]
2680 2447 2922 2515 ἄφυκτον
2948 2450 3047 2516 τῆς
3071 2451 3410 2519 κατηγορίας
3442 2453 3736 2519 ἐκφεύγειν
3770 2473 3974 2521 πειρω-

2402 2538 2571 2606 μένῳ,
2609 2540 2706 2590 καὶ
2740 2538 3003 2608 διαιρέσει
3037 2540 3138 2608 τῆς
3186 2531 3784 2611 μιᾶς’τρισυποστάτου
3829 2564 3977 2615 χρω-

2405 2630 2551 2698 μένῳ
2589 2629 2844 2698 θεότητος
2885 2634 2960 2693 είς
2988 2633 3176 2686 οὐσίαν
3207 2635 3302 2687 καὶ
3325 2637 3507 2705 χάριν,
3545 2638 3818 2707 ἐτεροφυᾶ
3848 2639 3973 2709 μέν,

2400 2722 2657 2776 ἄκτιστον
2690 2722 2743 2773 δὲ
2772 2723 2859 2774 καῖ
2899 2723 3086 2789 αὐτὴν,
3116 2724 3320 2787 διθεῖας
3357 2724 3611 2794 ἔγκλημα
3635 2727 3976 2795 προστρίψα-

2405 2814 2553 2866 σθαι.
2591 2815 2702 2867 Καὶ
2727 2817 2784 2867 τό
2814 2831 2878 2881 γε
2919 2815 3126 2884 μεῖζον,
3157 2818 3239 2870 ὅτι
3265 2817 3364 2878 τὰς
3389 2818 3651 2881 τοιαύτας
3687 2815 3843 2882 αὖθις
3877 2822 3979 2872 a5-

2404 2904 2495 2964 τὸς
2533 2906 2595 2955 ἐκ
2647 2904 2900 2974 διαδοχῆς
2949 2907 3285 2976 κατηγορίας
3329 2908 3587 2962 ἀναλύειν
3629 2910 3979 2980 πειρώμενοτ

2404 2995 2468 3046 ἐκ
2503 2993 2596 3045 τοῦ
2629 2995 2866 3063 πονηροῦ
2903 2995 3179 3064 θησαυροῦ
3224 3000 3321 3064 τῆς
3355 2999 3578 3066 καρδίας
3619 2998 3784 3052 αὐτοῦ
3831 3002 3886 3060 ἐς
3919 3003 3980 3051 1’.-

2406 3084 2807 3137 πολλαπλάσιον
2837 3085 3127 3152 ἐμφανίζει
3151 3087 3386 3152 γράφων
3417 3086 3516 3155 τὴν
3549 3087 3718 3140 αὖτοῦ
3749 3089 3978 3140 κακία-ι.

738 3179 1034 3245 diversam,
1088 3180 1181 3233 sed
1236 3180 1405 3248 ipsam
1437 3198 1656 3252 quoque
1704 3184 2024 3250 increatam,
2060 3186 2186 3249 sibi,
2222 3186 2373 3247 in-.C
2406 3196 2412 3228 ῖ

2324 3191 2373 3247 ,ο
2406 3178 2499 3228 καὶ
2540 3180 2654 3238 τοῖς
2685 3176 2910 3237 οἰκείοις
2953 3177 3042 3229 ἀεὶ
3087 3180 3307 3245 πτεροῖς
3353 3180 3732 3248 ἁλισκόμενος,
3784 3179 3980 3230 ὥσπεο

737 3289 925 3339 quam,
959 3272 1168 3326 crimen
1203 3273 1280 3326 ait
1314 3274 1523 3327 illatum
1574 3276 1642 3329 ab
1681 3277 1874 3332 eodem
1917 3279 2109 3344 fuisse,
2149 3282 2301 3350 quasi

737 3365 1010 3432 duplicem
1046 3364 1387 3420 divinitatem
1421 3370 1758 3437 aguoscenti.
1791 3369 1930 3435 Jam,
1958 3375 2101 3442 quod
2132 3375 2306 3444 majus

737 3464 842 3518 est,
875 3470 936 3508 ca
971 3453 1202 3508 crimina
1231 3455 1456 3509 alternis
1488 3461 1826 3514 recurrentia
1869 3463 1999 3516 dum
2034 3463 2150 3533 ipse.
2180 3480 2305 3516 rur-

741 3561 836 3601 sus
862 3547 1072 3602 diluere
1103 3558 1353 3614 conatur,
1371 3551 1632 3619 majorem
1666 3554 1837 3607 multo
1861 3556 2121 3609 malitiam
2151 3571 2305 3609 suam

741 3652 808 3689 ex
844 3637 985 3690 malo
1033 3637 1217 3691 cordis
1255 3639 1340 3692 sui
1375 3640 1635 3696 thesauro
1688 3657 1998 3711 expressam
2060 3646 2306 3709 exhibet,

741 3739 796 3781 et
831 3729 1069 3796 propriis
1108 3729 1352 3798 quotidie
1396 3733 1596 3801 plumis
1639 3746 1835 3804 captus
1890 3745 2134 3800 tenetur,
2176 3754 2311 3806 qua-

743 3819 869 3872 dam
926 3821 1076 3873 velut
1120 3821 1411 3890 impiarum
1454 3838 1649 3878 vocum
1715 3835 1906 3880 catena
1966 3827 2091 3881 inde
2139 3845 2310 3896 usque

743 3909 1032 3973 ducta,ex
1063 3926 1120 3966 se
1178 3911 1413 3967 invicem
1461 3930 1752 3980 nexarum,
1804 3927 1860 3971 et
1913 3918 2141 3972 aliarum
2189 3922 2312 3975 aliis

744 4018 966 4070 semper
994 4006 1304 4073 graviorum
1337 4015 1395 4060 et
1424 4007 1783 4061 deteriorum.
1817 4009 1950 4064 Nam
1978 4015 2312 4084 operationis

744 4093 1033 4159 cuiusdam
1067 4111 1266 4150 nomen
1293 4099 1589 4166 separatim
1613 4100 1791 4168 primo
1818 4102 2095 4168 posuisse;
2115 4104 2312 4159 deinde

752 4186 911 4250 illud,
949 4196 1206 4255 tauquam
1243 4204 1437 4255 genus,
1473 4191 1524 4243 in
1571 4192 1834 4246 inﬁnities
1881 4194 2122 4249 inﬁnitas
2171 4197 2313 4250 (livi-

745 4280 949 4332 nitates
985 4279 1148 4348 922
1188 4281 1458 4337 iucreatas
1485 4283 1754 4348 dividere,
1782 4301 1907 4354 qua
1941 4302 2132 4341 omnes
2161 4304 2316 4342 seor-

745 4388 869 4424 sum
902 4382 955 4424 et
986 4372 1288 4425 secundum
1340 4390 1396 4428 se
1433 4376 1776 4442 aliquatenus
1830 4379 2162 4445 subsistant,
2217 4381 2316 4434 ali-

747 4471 1026 4529 quatenus
1053 4476 1158 4513 uon
1192 4462 1516 4524 subsistant,
1538 4473 1740 4530 quanta
1773 4473 1858 4517 est
1887 4465 2130 4518 insania!
2165 4468 2314 4521 Adeo

2412 3269 2597 3336 σειρᾶς
2636 3285 2780 3329 τινος
2830 3270 2956 3334 μιᾶς
2985 3268 3300 3335 ἀρξαμένης
3343 3271 3550 3321 ἐκεῖθεν
3596 3271 3686 3322 καὶ
3715 3270 3983 3336 ἀλλήλαις

2410 3361 2788 3428 ἐξηρτημένη
2838 3363 2932 3421 τὰς
2962 3360 3308 3430 βλαπφημίας
3339 3362 3592 3432 ἐχούσης,
3633 3364 3852 3430 μείζους
3881 3365 3984 3414 καὶ

2411 3451 2626 3520 χείρους
2659 3451 2904 3520 ἀλλήλων
2933 3451 3037 3504 ἀεί.
3079 3451 3151 3504 Τὸ
3178 3454 3285 3521 γὰρ
3315 3453 3487 3520 ὄνομά
3509 3471 3656 3512 τινος
3691 3455 3985 3519 ἐνεργείας

2410 3545 2534 3595 καθ’
2567 3544 2699 3595 αὐτὸ
2738 3542 3210 3611 προστησάμενον,
3244 3545 3409 3595 οἱονεί
3437 3561 3488 3595 τι
3528 3545 3681 3608 γένος
3713 3545 3792 3604 είς
3826 3546 3989 3594 ἀπει-

2414 3637 2572 3704 ράκις
2620 3635 2882 3700 ἀπείρους
2931 3637 3159 3705 διαιρεῖν
3209 3636 3500 3696 ἀκτίστους
3534 3636 3820 3702 θεότητατ.
3861 3636 3983 3695 πῶς

2416 3728 2515 3797 μὲν
2543 3729 2650 3798 ἰδίᾳ
2691 3729 2784 3780 καὶ
2806 3727 2928 3778 καθ’
2965 3728 3134 3789 αὑτὰς
3181 3728 3398 3788 ἀπάτας
3430 3727 3827 3794 ὑφισταμένας,
3862 3726 3984 3781 πῶς

2412 3820 2459 3872 δ’
2489 3821 2921 3879 ἀνυποστάτους.
2956 3820 3118 3880 ποίας
3163 3819 3393 3880 ἀτοπίας
3431 3819 3779 3884 ἐκπέφευγεν
3811 3818 3990 3883 ὑπερ-

2413 3913 2609 3978 ϐολήνς
2646 3911 2800 3965 Οὕτω
2836 3912 3035 3980 σαθρὸν
3063 3914 3094 3979 ἡ
3124 3911 3216 3963 τοῦ
3249 3910 3477 3980 ψεύδους
3506 3911 3699 3973 κακία,
3731 3911 3828 3962 καὶ
3856 3911 3990 3974 στῖ-

2414 4022 2502 4056 ναι
2555 4004 2626 4071 μὴ
2681 4003 2954 4072 δυναμένη
2988 4002 3252 4070 διηνεκῶς
3305 4003 3472 4070 ἐαυτῇ
3517 4003 3867 4069 περιπίπτει,
3902 4002 3989 4052 Ti

2411 4098 2468 4150 δὲ
2520 4096 2750 4148 τοιαῦτα
2801 4097 2900 4162 τῆς
2938 4094 3265 4165 Ἔκκλησίας
3321 4096 3555 4159 ναυάγια
3587 4094 3892 4159 φεύγοντας
3925 4096 3991 4157 ἡ-

2419 4191 2544 4258 μᾶς,
2569 4188 2777 4258 γαλήνῃ
2805 4187 3168 4253 συνεζηκότας
3201 4186 3315 4253 βίου
3336 4188 3546 4253 μακρᾷ,
3578 4186 3722 4252 μάλα
3749 4185 3991 4236 ἄκοντας

2415 4283 2509 4334 ἐπὶ
2556 4281 2763 4350 θέατρα
2813 4281 2908 4332 καὶ
2953 4280 3306 4347 δικαστήριον
3341 4279 3650 4339 καθέλκεις,
3691 4278 3785 4328 καὶ
3809 4277 3886 4337 ὡς
3923 4278 3991 4344 δὴ

2415 4389 2562 4432 τινας
2596 4371 2704 4423 τῶν
2742 4369 3064 4439 κακούργων
3103 4371 3361 4439 ἐπιτιμᾷς
3386 4387 3398 4398 ·
3447 4369 3506 4419 οὐ
3567 4369 3774 4436 μικράο
3820 4368 3994 4418 πλείω

2417 4462 2463 4515 δ’
2513 4462 2778 4525 ἀπειλεῖς,
2830 4461 2924 4510 καὶ
2975 4458 3318 4517 συνελαύνεις
3351 4457 3685 4524 πανταχόθεν
3744 4456 3992 4507 συνιέναι

751 4557 963 4609 inlirma
1005 4571 1093 4609 res
1127 4564 1210 4609 est
1237 4558 1507 4611 mendacii
1542 4561 1893 4626 perversitas,
1925 4576 2045 4629 quae
2074 4571 2130 4613 et
2167 4573 2313 4616 stare
2344 4538 2389 4591 θ
2421 4575 2425 4623 1

2344 4538 2389 4591 D
2421 4556 2519 4625 μὲν
2543 4552 2651 4606 τῶν
2679 4552 2907 4604 δεόντων
2933 4550 3109 4610 οὐδὲν,
3140 4549 3544 4615 ἀπροφάσιστον
3581 4548 3624 4598 δ’
3655 4547 3729 4608 ὡς
3758 4548 3852 4598 ἐπὶ
3881 4549 3994 4596 πᾶν

751 4650 926 4703 nescit
973 4659 1263 4718 perpetuo,
1316 4659 1372 4702 et
1421 4652 1474 4702 in
1509 4667 1566 4704 se
1605 4654 1778 4721 ipsam
1823 4655 2036 4708 recidit.
2082 4655 2156 4708 Ea
2212 4669 2316 4708 nos

752 4728 1008 4797 Ecclesia:
1060 4742 1343 4812 naufragia
1398 4742 1707 4812 fugientes,
1769 4754 1824 4797 et
1875 4746 1927 4797 in
1987 4745 2142 4813 longa
2195 4745 2317 4798 vita:

753 4835 1151 4903 tranquillitate
1201 4845 1678 4898 consenescentes,
1715 4845 1773 4888 tu
1832 4851 2056 4904 prorsus
2116 4835 2318 4890 invitos

756 4929 810 4981 in
841 4929 1055 4980 theatra
1091 4939 1146 4981 ct
1174 4929 1237 4979 ad
1266 4929 1506 4982 tribunal
1542 4929 1729 4990 trahis,
1756 4944 1818 4981 ac
1844 4929 1991 4982 velut
2025 4929 2321 4983 sceleratos

757 5035 864 5072 non
896 5019 1094 5072 leniter
1119 5020 1390 5088 castigas:
1427 5021 1578 5088 plura
1616 5031 1799 5074 autem
1843 5022 2088 5087 minaris,
2129 5031 2187 5075 et
2220 5037 2321 5074 un-

756 5110 1044 5179 decunque
1085 5111 1137 5163 in
1181 5127 1300 5164 eam
1343 5127 1443 5164 nos
1489 5115 1870 5166 necessitatem
1916 5113 2232 5181 compellis,
2261 5122 2322 5166 ut

760 5203 893 5255 nihil
926 5203 1066 5272 frugi
1103 5218 1296 5272 sapere
1327 5205 1622 5272 possimus,
1658 5205 1750 5257 scd
1788 5204 2114 5268 obsequium
2136 5206 2323 5259 multis

763 5295 870 5348 illis
919 5293 1150 5349 Palamre
1199 5295 1582 5349 divinita'ibus
1634 5298 1752 5349 sine
1819 5297 1924 5348 ulla
1974 5297 2325 5351 cunctatione

766 5400 960 5439 vovere
987 5395 1042 5439 et
1077 5386 1181 5438 isto
1208 5387 1362 5453 quasi
1413 5386 1679 5439 sacriﬁcio
1708 5387 1862 5439 litare
1891 5401 2171 5450 cogamur.
2203 5386 2327 5439 lla-c

768 5473 954 5528 audire
983 5476 1107 5542 quis
1133 5475 1420 5538 sustineat,
1441 5476 1515 5527 ita
1553 5475 1858 5538 institutus,
1881 5487 1940 5526 ut
1961 5476 2129 5526 Deum
2156 5490 2324 5527 unum

769 5565 900 5619 sciat
933 5565 1182 5628 adorare,
1215 5573 1270 5617 et
1296 5579 1357 5617 ea
1401 5564 1659 5632 opinione
1692 5579 1720 5615 a
1750 5579 1920 5630 puero
1950 5565 2106 5630 plane
2154 5563 2330 5615 imbu-

771 5655 899 5708 tus?
930 5655 983 5707 In
1012 5670 1106 5708 cas
1136 5654 1391 5708 videlicet
1428 5653 1709 5723 angustias
1747 5654 2028 5707 conclusio
2063 5654 2328 5706 orationis

773 5755 876 5798 tu:e
912 5762 1012 5800 nos
1057 5747 1315 5809 adducit,
1361 5745 1505 5800 unde
1556 5762 1611 5799 se
1653 5746 1909 5812 expedire
1954 5744 2170 5797 dillicilc
2226 5753 2325 5796 est.

773 5842 978 5911 itaque.
1010 5843 1151 5896 velut
1201 5838 1676 5895 inextricabilibus
1705 5837 1883 5900 nodis,
1916 5835 2108 5890 silendi
2144 5851 2328 5889 neces-

2416 4647 2590 4698 εἰπεῖν
2622 4644 2718 4712 τὴν
2755 4640 2929 4693 πειθὼ
2958 4643 3023 4710 τῇ
3059 4639 3152 4690 τοῦ
3197 4640 3429 4705 Παλαμᾶ
3463 4637 3721 4706 πολυθεῖᾳ
3765 4637 3996 4696 θύοντας

2417 4737 2710 4806 ἐναγίζειν.
2765 4735 2900 4788 licia.
2945 4735 3116 4786 ταῦτα
3172 4732 3373 4797 δέξαιτ’
3428 4731 3493 4782 ἂν
3548 4729 3769 4781 ἀκούειν
3821 4729 3996 4794 ψυχὴ.

2418 4831 2552 4883 Θεὸν
2584 4829 2682 4881 ἐνα
2712 4826 3035 4894 προσκυνεῖν
3060 4823 3252 4882 εἰδυῖα,
3290 4822 3382 4873 καὶ
3410 4819 3585 4892 ταύτῃ
3619 4821 3998 4886 συντραφεῖσα

2420 4925 2486 4991 τῇ
2508 4921 2631 4991 δόξῃ
2660 4917 3013 4989 περιφανῶςς
3056 4916 3142 4974 Εἰς
3193 4913 3458 4980 τοσαύτην
3505 4912 3613 4980 γὰρ
3649 4911 3796 4979 ἡμᾶς
3839 4927 4002 4961 cnve-

2422 5013 2607 5065 λαύνει.
2651 5009 2960 5079 δυσχωρίαν
3007 5004 3102 5058 καὶ
3148 5006 3290 5056 οὕτω
3337 5003 3764 5065 δυσδιεξόδευτον
3807 5003 3870 5053 τδ
3902 5003 4001 5069 τῆς

2426 5103 2523 5170 σῆς
2545 5099 2886 5169 δημηγορίας
2924 5093 3359 5165 ἁκροτελεύτιον,
3403 5093 3478 5154 ὡς
3510 5090 3772 5156 ἀφύκτοις
3800 5089 3998 5156 ἅμμα-

2427 5211 2512 5246 σιν
2558 5190 2938 5257 ἐνδεσμεῖσθαι
2986 5187 3233 5254 νομίζειν
3267 5184 3466 5251 μᾶλλον
3499 5183 3645 5250 ἡμᾶς
3693 5183 3934 5248 σιωπᾷν,
3970 5181 4001 5246 ἦ

2424 5281 2515 5333 τὸν
2550 5281 2640 5331 ἐπὶ
2671 5279 2839 5346 μέσης
2871 5275 3122 5328 ἵστασθαι
3155 5275 3350 5342 λίμνης
3398 5272 3762 5340 μυθευόμενον
3789 5273 4002 5321 ἐκεῖνον

2428 5373 2731 5428 Τάνταλον·
2760 5371 2820 5423 ὃν
2873 5369 3027 5434 ἀϊδίῳ
3063 5368 3160 5436 μὲν
3186 5369 3252 5436 τῇ
3293 5365 3421 5436 δίψῃ
3475 5363 3772 5432 φλέγεσθαι
3816 5362 4000 5428 λόγος,

2430 5464 2713 5532 φοϐεῖσθαι
2754 5462 2801 5516 δ’
2839 5462 2927 5514 ἀεὶ
2957 5462 3047 5512 τὸν
3081 5460 3354 5528 ἀφόρητον
3415 5457 3611 5525 φόρτον
3653 5457 3864 5506 ἐκεῖνον
3906 5453 3999 5504 τοῦ

2429 5559 2600 5618 λίθου,
2634 5556 2728 5608 καὶ⁸
2778 5553 2955 5605 πίνειν
2991 5549 3237 5619 κύψαντα
3276 5549 3350 5618 μὴ
3385 5549 3706 5614 δυνάμενον.
3744 5545 3921 5596 Τοῦτο
3956 5544 4002 5594 δ’

2376 5654 2378 5657 ’
2431 5654 2490 5702 οὐ
2520 5646 2774 5702 δικαστοῦ
2801 5645 3136 5714 παρίστησιν
3161 5637 3314 5712 ἦθος,
3347 5641 3460 5693 ἀλλ’
3493 5640 3614 5707 ὄψιν
3639 5638 3754 5705 ἔχει
3788 5637 4002 5705 παρ-’ὗς

2436 5741 2817 5808 ἐφεδρεύοντος
2851 5738 2942 5788 καὶ
2976 5737 3044 5788 τὰ
3088 5735 3216 5804 ξίφη
3264 5736 3358 5802 τῆς
3408 5731 3704 5797 ἐπιϐουλῆς
3743 5731 4005 5798 θήγοντος

2437 5835 2552 5887 καθ’
2606 5831 2780 5902 ἡμῶν.
2815 5829 3005 5895 Ὅμως
3043 5829 3141 5898 οὐχ
3171 5829 3301 5896 ἡμῖν
3339 5844 3397 5895 γε
3429 5824 3686 5878 τοσοῦτον
3724 5823 3880 5890 μέλει
3916 5819 4004 5871 τοῦ
