4240 6460
773 388 901 455 1191
1051 383 1104 455 [Α
1169 399 1222 438 ιι.
1267 381 1429 449 6859,
1465 399 1574 438 ISD.
1617 383 1672 453 4]

777 507 1014 568 buntur,
1064 519 1164 558 nec
1214 506 1387 560 altero
1437 489 1668 573 jubente
1730 507 1869 560 alter
1923 511 2134 576 parebit

774 599 954 650 omnia
987 599 1487 666 permiscebuntur,
1519 611 1576 652 et
1604 600 1710 654 illis
1733 601 1928 669 primis
1955 603 2345 657 detrimentum

774 691 1024 754 atferent,
1071 690 1163 758 qui
1214 701 1468 745 auctores
1517 693 1640 746 aliis
1683 692 1890 746 fuerim
1934 706 1986 746 et
2033 697 2345 764 exemplum

700 840 705 846 ,
778 783 1046 836 dederint.
1099 781 1235 836 Cum
1293 784 1478 853 igitur,
1534 784 1578 838 si
1633 786 1816 839 minus
1869 787 2036 858 928
2087 789 2158 842 ob
2210 791 2346 844 alias

765 887 989 935 causas.
1013 874 1201 926 saltem
1224 874 1294 927 ob
1323 875 1434 942 ipsa
1467 874 1833 939 incommoda,
1861 895 1981 947 qua:
2010 881 2133 934 inde
2161 881 2347 934 oriun-

777 965 884 1024 tur,
921 981 1147 1020 necesse
1194 966 1265 1020 sit
1315 966 1560 1021 instituta
1611 984 1676 1023 ac
1719 970 1972 1039 dogmata
2018 988 2082 1026 ea
2117 974 2343 1036 servari,

773 1071 893 1121 qua!
927 1055 1080 1122 lotth
1109 1066 1355 1126 tempore
1378 1058 1698 1113 conﬁrmata
1723 1071 1778 1114 et
1800 1061 2004 1115 litteris
2025 1063 2343 1132 consignata

774 1154 914 1209 sint;
947 1159 1195 1214 superest
1227 1149 1362 1215 jam,
1399 1159 1459 1202 ttt
1497 1152 1787 1221 episcopos
1825 1162 1882 1206 et
1915 1156 2192 1223 principes
2224 1156 2347 1211 aliis

776 1239 1116 1305 temporibus
1147 1241 1281 1293 alios
1305 1243 1680 1310 approbemus
1711 1255 1766 1298 et
1797 1245 2150 1313 recipiamus,
2182 1248 2346 1316 quid-

771 1329 900 1396 quid
935 1330 969 1382 ii
1025 1345 1124 1398 pro
1153 1332 1401 1399 quolibet
1450 1335 1534 1388 vel
1587 1349 1776 1388 contra
1810 1338 2114 1406 quemlibet
2155 1341 2345 1393 decer-

774 1432 926 1474 nant.
959 1421 1112 1476 Unde
1169 1426 1480 1478 neeessario
1527 1430 1908 1496 consequitur,
1955 1431 2344 1486 anatltematis-

776 1528 924 1577 mos,
989 1517 1080 1583 qui
1135 1517 1397 1570 adversus
1451 1518 1726 1573 Palatuaut
1802 1521 1872 1574 ob
1939 1533 2164 1578 ceteras
2224 1526 2343 1592 ejus

772 1607 1142 1677 blasplietnias
1170 1610 1236 1662 ab
1261 1609 1468 1664 Joanne
1501 1611 1806 1679 patriarcha
1835 1613 2044 1666 decreti
2073 1624 2128 1670 et
2153 1615 2340 1684 scripti

767 1698 1013 1760 fuerunt,
1068 1700 1455 1768 approbandos
1497 1716 1617 1754 esse
1663 1701 1716 1753 in
1772 1703 2055 1769 praesenti,
2085 1718 2241 1770 teque
2278 1719 2342 1758 ac

769 1790 1153 1845 ordinationes
1189 1792 1256 1844 ab
1303 1808 1368 1845 eo
1414 1791 1608 1854 factas,
1655 1804 1711 1846 et
1756 1794 1860 1846 alia
1912 1793 2158 1862 ejusdem
2198 1804 2340 1856 acta,

769 1899 892 1950 quae
941 1884 1006 1936 ad
1064 1884 1386 1938 hodiernam
1428 1899 1600 1953 usque
1658 1885 1801 1938 diem
1845 1886 1998 1939 ﬁrma
2037 1897 2094 1942 et
2133 1888 2342 1943 stabilia

769 1987 1114 2043 permanent.
1152 1977 1306 2042 Quod
1344 1993 1469 2030 cum
1511 1978 1584 2030 ita
1633 1977 1726 2040 sit,
1760 1986 1816 2031 et
1852 1993 1952 2032 nos
1998 1993 2223 2034 necesse
2259 1991 2344 2034 est

769 2081 917 2122 recte
969 2068 1171 2132 facere,
1219 2070 1310 2137 qui
1361 2069 1592 2124 i‘alamat
1636 2070 2082 2125 communionem
2116 2073 2343 2126 omnino

771 2177 1094 2230 respuatnus
1119 2171 1174 2216 et
1198 2178 1538 2216 aversetnur.
1582 2181 1600 2214 ι

841 2450 924 2504 VI.
973 2452 1046 2502 l'ni
1101 2451 1394 2519 imperator
1440 2451 1738 2520 longiorem
1788 2467 2098 2506 sermonem
2133 2468 2331 2522 expro-

767 2537 928 2599 brare
957 2559 1008 2595 et
1042 2560 1139 2596 nos
1170 2545 1464 2609 reprimere
1501 2545 1686 2611 rmpit.
1723 2561 1739 2593 ι
1776 2542 1885 2610 Ego
1913 2559 2064 2608 vero,
2096 2546 2340 2612 inquam,

768 2638 860 2692 ubi
899 2652 1068 2704 pauea
1107 2634 1390 2696 addidero,
1442 2635 1602 2687 tinent
1635 2635 1852 2688 faciam.
1896 2654 1913 2685 ι
1952 2635 2088 2687 Tum
2135 2637 2340 2690 oratio-

769 2745 891 2784 nem
926 2729 1047 2781 inde
1085 2738 1362 2795 repetens,
1407 2746 1424 2777 ι
1454 2726 1791 2780 Facillimum
1828 2727 2009 2794 (dixit,
2041 2729 2084 2781 si
2123 2729 2278 2789 velis,
2311 2743 2343 2782 ο

769 2820 1084 2887 imperator,
1118 2818 1171 2870 in
1209 2819 1303 2872 Dei
1341 2810 1582 2872 Ecclesi'a
1635 2817 1802 2872 fuerit
1848 2819 1991 2886 piam
2036 2821 2344 2888 tranquilli-

773 2923 939 2965 tatem
974 2916 1289 2973 restituere,
1318 2921 1373 2964 et
1406 2911 1470 2964 ad
1514 2910 1689 2979 prima
1719 2911 2085 2979 simplicitatis
2116 2913 2340 2980 vestigia

770 3020 1054 3058 revocare.
1082 3004 1288 3072 Nempe
1319 3003 1409 3057 ubi
1440 3014 1679 3072 potestas
1707 3019 1831 3056 cum
1865 3004 2142 3057 voluntate
2173 3006 2342 3073 probe

770 3097 1072 3165 conspirat,
1105 3096 1243 3150 nihil
1282 3105 1366 3150 est
1397 3105 1680 3165 prazterea.
1716 3096 1860 3162 quod
1895 3097 2009 3149 sive
2042 3097 2106 3148 ad
2137 3098 2340 3164 optima

772 3189 886 3242 sive
928 3188 992 3242 ad
1036 3190 1269 3256 pessima
1304 3188 1689 3242 festinantibus
1729 3203 1937 3240 moram
1966 3188 2208 3256 objiciat.
2241 3190 2346 3242 Ita-

768 3295 874 3348 que
905 3288 1270 3333 trecentorunt
1303 3279 1470 3333 ferme
1498 3294 1764 3332 annorum
1796 3279 2152 3332 idololatriam
2192 3281 2337 3334 Con-

769 3372 1041 3425 stantinus
1097 3372 1188 3425 ille
1245 3373 1543 3440 imperator
1590 3371 1740 3424 brevi
1793 3382 2038 3437 tempore
2077 3373 2335 3427 correxit.

766 3461 967 3516 Contra
994 3462 1234 3527 Iuliano,
1263 3464 1326 3515 ad
1355 3463 1624 3516 idolorum
1649 3463 1855 3516 cultum
1883 3479 2126 3519 reverso.
2147 3481 2338 3520 omnes

770 3569 909 3621 pene
951 3554 1136 3622 populi
1187 3554 1552 3622 obsequentes
1598 3555 1663 3607 ad
1712 3555 1958 3607 eamdem
1993 3556 2337 3620 superstitio-

768 3661 893 3699 nem
955 3646 1242 3699 cclerrime
1273 3645 1440 3714 929
1492 3645 1724 3699 revoluti
1778 3657 1927 3698 sunt.
1988 3647 2081 3698 lta'
2113 3648 2341 3716 quilibet

769 3735 1034 3804 deinceps
1070 3751 1242 3804 usque
1293 3736 1696 3803 progrediendo
1743 3739 1973 3805 populos
2009 3738 2344 3805 principibus

769 3826 928 3880 facile
959 3828 1188 3894 obsequi
1224 3827 1452 3891 videbit,
1502 3837 1562 3880 ut
1613 3840 1898 3881 ventorum
1927 3829 2157 3882 flabellis
2186 3830 2338 3882 deci-

769 3920 876 3970 dua
913 3934 1220 3986 quercumn
1277 3917 1424 3982 folia,
1481 3928 1575 3971 aut
1609 3919 1651 3971 si
1689 3919 1820 3986 quid
1856 3920 2002 3972 aliud
2040 3920 2240 3972 mobile
2283 3933 2339 3973 et

770 4010 887 4062 leve
934 4020 1036 4063 est.
1088 4011 1198 4074 Age
1237 4010 1425 4078 igitur,
1475 4010 1796 4076 imperator,
1845 4012 2136 4078 pristinunt
2188 4012 2338 4063 illum

768 4101 1112 4170 splendorem
1148 4100 1421 4153 restituito
1445 4100 1704 4153 Ecclesia:
1735 4101 1850 4158 Dei.
1879 4117 2039 4168 quant
2070 4115 2208 4154 nova
2244 4102 2344 4152 l’a-
2387 4142 2397 4148 .

771 4194 922 4249 lanna:
969 4193 1219 4260 dogt’ttttla
1278 4193 1592 4244 lacerarunt
1638 4207 1700 4242 ac
1753 4191 2182 4260 discerpserunt,
2227 4203 2342 4247 toto

773 4286 887 4338 fere
917 4287 1047 4338 erbe
1095 4285 1325 4338 infinitis
1358 4285 1536 4338 turbis
1565 4286 1792 4352 repleto.
1843 4285 1895 4337 ld
1930 4297 2126 4338 autenr
2147 4286 2340 4339 facilli-

772 4393 918 4433 mum
972 4377 1067 4428 tibi
1119 4376 1303 4438 fuerit,
1344 4378 1386 4429 si
1441 4375 1577 4428 velis
1632 4377 1902 4444 integrum
1953 4380 2075 4446 ejus
2114 4379 2338 4443 librum,

773 4473 875 4516 hoc
917 4476 1002 4516 est
1035 4465 1277 4517 ontninm
1321 4466 1636 4532 promiscue
1673 4467 1948 4520 Itaereseon
1989 4469 2337 4537 farraginem,

1959 391 2378 452 NICEPHORI
2422 394 2802 455 GliEGOlle

3109 391 3241 446 itur.
3282 411 3324 448 ι.
3367 409 3662 450 cuncuz.
3706 393 3766 466 5]

3883 398 4035 464 1l92

2188 527 2201 562 :
2253 513 2346 562 sed
2379 519 2421 571 Α
2457 529 2620 564 στων.
2669 513 2744 564 Οὐ
2797 513 2907 582 γὰρ
2987 513 3064 565 ἐτ’
3120 514 3219 582 ἔθη
3273 514 3368 566 καὶ
3427 516 3635 583 νόμιμα
3694 516 4038 584 προσήκοντ’

2452 604 2679 671 ἄρχουσί
2714 621 2771 656 τε
2820 606 2914 658 καὶ
2947 607 3274 674 ἀρχομένοις
3311 606 3469 659 ἔσται
3509 607 3825 675 τηρούμενα
3861 607 3978 658 οὐδ’
4004 610 4036 658 ὁ

2454 697 2551 759 μὲν
2583 696 2851 762 ἐπιτάξει,
2911 698 2939 748 ὀ
2997 698 3046 748 δ’
3100 697 3508 750 ὑπακούσεταν
3559 697 3677 752 ἀλλ’
3726 696 3843 749 ἐσθ’
3889 698 4037 766 ὁμο-5

2453 790 2630 840 πάντα
2665 790 2950 856 χρήματα,
3003 791 3098 841 καὶ
3149 789 3336 852 αὐτοῖς
3393 791 3634 858 πρώτοις
3688 792 3874 856 κομιεῖ
3932 792 4040 857 τὴν

2450 879 2658 949 βλάϐην
2687 884 2799 942 τοῖς
2837 881 3170 951 ἀρξαμένοις
3208 900 3268 934 τε
3310 885 3402 935 καὶ
3433 883 3805 947 προδείξασιν.
3844 882 3908 934 El
3951 883 4036 949 μὴ

2447 973 2537 1023 διὰ
2593 973 2723 1040 γοῦν
2759 974 2888 1026 ἄλλο
2940 991 3028 1038 τι,
3072 975 3160 1026 διὰ
3201 974 3333 1040 γοῦν
3367 975 3768 1026 τάποὸαίνοντα
3812 973 4036 1023 ἐκεῖθεν

2447 1064 2672 1127 ἄτοπα,
2722 1067 2911 1133 τηρεῖν
2967 1066 3311 1135 ὑπάρχοντος
3373 1066 3676 1131 ἀναγκαίου
3723 1064 3795 1115 τὰ
3853 1065 4034 1131 μήκει

2447 1155 2646 1223 χρίνου
2687 1155 3059 1224 βεὸαιωθέντα
3095 1160 3189 1209 καὶ
3241 1157 3536 1224 γράμμασι
3592 1155 3912 1224 κυρωθέντα
3947 1159 4035 1205 νὸ-

2452 1248 2596 1316 μιμά
2647 1265 2707 1300 τε
2761 1250 2856 1300 καὶ
2904 1248 3155 1318 δόγματα
3183 1291 3197 1315 ,
3241 1249 3494 1321 στέργειν
3539 1248 3724 1300 λοιπὴν
3766 1248 3861 1298 καὶ
3896 1249 4032 1314 ἡμῖν

2447 1341 2542 1390 καὶ
2581 1338 2836 1407 δέχεσθαι
2890 1343 3018 1402 τοὺς
3061 1339 3204 1392 κατὰ
3262 1340 3486 1409 καιροὺς
3544 1338 3881 1398 ἐπισκόπους
3935 1340 4034 1387 καὶ

2448 1428 2724 1498 βασιλέας,
2761 1423 2838 1482 οἷς
2885 1430 3030 1498 ὑπὲρ
3069 1431 3196 1482 οἴων
3225 1430 3290 1497 δή
3332 1447 3496 1481 τινων
3529 1429 3862 1497 ψηφίζονται
3884 1467 3900 1491 ,
3931 1431 4031 1478 καὶ

2443 1517 2524 1583 οἷς
2554 1523 2683 1574 οἴων
2726 1523 2790 1592 δή
2823 1541 2984 1576 τινων
3031 1525 3530 1592 καταψηφίζονταιο
3562 1524 3636 1584 ὡς
3679 1523 3877 1589 ὁμοίαν
3907 1539 4032 1573 σνν-

2445 1613 2678 1678 άγεσθαι
2746 1614 2848 1683 τὴν
2910 1614 3166 1682 ἀνάγκην
3216 1614 3516 1680 κάνταῦθα,
3555 1615 3889 1681 στέργεσθαι
3934 1615 4032 1664 καὶ

2447 1709 2573 1766 τοὺς
2612 1706 2755 1757 κατὰ
2789 1704 2885 1757 τοῦ
2918 1706 3157 1776 Παλαμᾶ
3179 1706 3549 1774 ψηφισθέντας
3576 1723 3635 1758 τε
3663 1708 3757 1758 καὶ
3789 1706 4032 1776 γραφέν-

2450 1816 2548 1860 τας
2596 1799 2684 1850 διὰ
2730 1801 2828 1860 τὰς
2886 1799 3054 1861 ἄλλας
3103 1800 3272 1853 αὐτοῦ
3308 1799 3657 1870 βλασφημίας
3687 1802 4032 1868 ἁναθεματι-

2454 1892 2626 1959 σμοῦς
2670 1891 2896 1962 Ἰωάννῃ
2941 1892 3020 1962 τῷ
3063 1894 3381 1963 πατριάρχῃ
3407 1931 3423 1956 ,
3453 1895 3574 1953 ταῖς
3606 1893 3798 1953 ἄλλαις
3825 1894 4028 1959 ἐπίσης

2446 1985 2662 2037 ἐκείνου
2694 1988 3052 2055 χειροτονίαις
3086 1987 3184 2039 καὶ
3211 1987 3502 2056 πράξεσιν,
3529 1985 3593 2038 αἶ
3645 1986 3810 2055 μέχρι
3841 1987 3940 2037 καὶ
3971 1987 4029 2046 ἐς

2444 2076 2551 2146 τὴν
2579 2079 2821 2148 τήμερον
2870 2079 3010 2131 κατὰ
3039 2079 3099 2131 τὸ
3131 2078 3348 2140 ἀκλινὲς
3397 2077 3779 2141 διασώζονται.
3818 2079 4027 2130 Τούτου

2444 2171 2490 2223 δ’
2519 2171 2690 2234 οὕτως
2736 2173 2974 2241 ἔχοντος,
3009 2172 3072 2224 εὖ
3126 2174 3302 2224 ποιεῖν
3357 2172 3449 2225 καὶ
3494 2175 3643 2242 ἡμᾶς
3683 2174 3740 2237 ἐξ
3774 2173 4027 2240 ἀνάγκης

2444 2266 2661 2328 ἕπεται,
2692 2267 2792 2334 τὴν
2841 2265 2938 2317 τοῦ
2975 2265 3213 2334 Παλαμᾶ
3264 2266 3554 2318 κοινωνίαν
3589 2267 4025 2334 ἀποσειομένους

2445 2352 2701 2414 καθάπαξ
2737 2355 2834 2405 καὶ
2863 2353 3293 2422 ἀποτρέποντας.
3324 2372 3344 2405 ι

2517 2446 2603 2517 [Ρ.
2626 2443 2752 2515 584]
2773 2447 2864 2511 ς’.
2881 2443 2986 2497 Τοῦ
3002 2444 3060 2496 δὲ
3077 2445 3340 2513 βασιλέως
3362 2445 3462 2516 τὴν
3486 2447 3867 2515 μακρηγορίαν
3897 2448 4028 2514 ἡμῖν

2442 2537 2788 2600 ὀνειδίζοντος
2817 2553 2873 2588 τε
2893 2540 2983 2590 καὶ
3003 2538 3418 2600 ἀνακόπτοντος,
3445 2557 3462 2587 ι
3493 2540 3610 2590 Ἐτι
3634 2538 3830 2606 μικρὸν
3855 2538 4026 2590 εἰπὼν

2445 2629 2843 2698 ἀπαλλάξομαι,
2881 2649 2899 2680 ι
2938 2629 3074 2697 ἔφην
3095 2628 3224 2696 ἐγώ.
3246 2630 3354 2681 Καὶ
3383 2631 3690 2694 ἀνενεγκὼν
3721 2633 3905 2682 ἐκεῖσε
3936 2632 4027 2685 τὸν

2444 2724 2623 2790 λόγον,
2656 2741 2674 2772 ι
2703 2725 2806 2774 Ἤν
2846 2722 3058 2794 ἐθέλῃς,
3101 2741 3121 2772 ›
3152 2724 3308 2790 ἔφην,
3339 2741 3358 2774 ι
3390 2716 3435 2775 ὦ
3479 2723 3720 2790 βασιλεῦ,
3761 2723 3911 2790 μάλα
3941 2740 4025 2774 τοι

2447 2817 2622 2885 ῥᾴστη
2678 2815 2875 2881 γένοιτ’
2907 2814 3035 2882 an)
3084 2815 3182 2882 τῆς
3223 2815 3482 2876 εὐσεϐοῦς
3536 2816 3759 2884 είρηνης
3817 2818 3884 2882 τῇ
3927 2813 4023 2866 τοῦ

2445 2905 2578 2959 Θεοῦ
2623 2905 2922 2976 Ἐκκλησία
2948 2906 3081 2974 πρὸς
3129 2908 3188 2956 τὸ
3244 2908 3503 2975 πρότερον
3564 2907 3663 2973 τῆς
3715 2906 4024 2973 ἁπλότητος

2445 3001 2585 3068 ίχνος
2647 2998 2928 3060 ἀνάλυσις.
2974 2998 3086 3065 Τῆς
3139 2999 3248 3067 γὰρ
3299 2999 3578 3066 δυνάμεως
3632 3002 3698 3066 τῇ
3769 2998 4027 3066 βουλήσει

2445 3092 2627 3153 καλῶς
2675 3091 3096 3160 συντρεχούσης,
3163 3091 3324 3158 μηδὲν
3375 3090 3439 3143 ἂν
3468 3090 3542 3142 ἐτ’
3592 3085 3731 3141 εἶναι
3799 3090 4026 3158 μηδαμῆ

2372 3198 2414 3254 C
2451 3185 2584 3252 μήτε
2610 3183 2742 3252 πρὸς
2765 3183 2824 3234 τὸ
2845 3182 3150 3244 κάλλιστον,
3182 3183 3317 3250 μήτε
3350 3184 3454 3251 μὴν
3475 3184 3608 3251 πρὸς
3636 3183 3695 3234 τὸ
3725 3184 4024 3250 χείριστον,

2441 3275 2470 3327 ὂ
2499 3275 2692 3340 γένοιτ’
2715 3275 2779 3328 ἃν
2810 3275 3082 3343 δμποδών.
3118 3277 3228 3328 Καὶ
3275 3277 3666 3344 Κωνσταντίνῳ
3717 3277 3916 3344 ἐκείνῳ
3946 3277 4025 3344 τῷ

2443 3363 2650 3432 βασιλεῖ
2679 3366 3003 3433 τριακοσίων
3057 3365 3224 3431 ἐγγὺς
3277 3367 3535 3417 ἐνιαυτῶν
3567 3365 4020 3433 είδωλολατρείας

2442 3460 2498 3509 ἐν
2525 3457 2728 3526 βραχεῖ,
2759 3455 3154 3524 διορθώσασθαι
3193 3458 3468 3523 ἐξεγένετο
3492 3473 3506 3488 ·
3563 3457 3656 3508 καὶ
3707 3457 4024 3507 τούναντίον

2442 3547 2618 3612 αὖθις,
2675 3548 2962 3601 Ἰουλιανοῦ
3029 3548 3164 3617 πρὸς
3218 3549 3628 3617 εὶδωλςλατρίας
3683 3551 4023 3612 νενευκότας,

2445 3643 2646 3713 μικροῦ
2678 3643 2879 3703 πάντες
2913 3637 3053 3710 ἦσαν
3074 3637 3230 3702 αὖθις
3263 3641 3460 3708 ὁμοίως
3511 3642 3739 3710 ὑπήκοοι
3788 3643 3888 3710 τὴν
3926 3661 4024 3695 τα-

2444 3737 2634 3804 χίστην
2695 3733 3230 3802 παλινδρομήσαντες
3250 3749 3265 3763 ο
3293 3735 3385 3785 καὶ
3415 3731 3560 3784 οὕτω
3591 3751 3654 3799 γε
3693 3735 3900 3801 προῖὼν
3936 3752 4025 3797 τις

2444 3829 2531 3878 ἀεὶ
2551 3827 2744 3895 ῥαδίως
2763 3828 2873 3886 τοῖς
2894 3825 3434 3894 ἄρχουσινὲπόμενον
3458 3825 3648 3892 III/snt
3674 3829 3728 3876 τὸ
3751 3828 4026 3893 ὐτήκοον,

2445 3921 2698 3984 καθάπερ
2724 3919 2912 3979 πνοαῖς
2934 3919 3152 3985 ἀνέμων
3186 3919 3449 3969 πίπτοντα
3481 3918 3657 3981 φύλλα
3710 3919 3891 3984 δρυὸς,
3932 3925 4030 3970 καὶ

2443 4010 2493 4058 εἰ
2522 4024 2573 4057 τι
2603 4007 2708 4058 τῶν
2745 4005 2888 4057 οὕτω
2950 4006 3149 4074 ῥᾳδίων
3196 4007 3290 4057 καὶ
3333 4005 3566 4070 κούςων.
3616 4007 3749 4073 Φέρε
3811 4011 4028 4068 τοίνυν,

2442 4100 2659 4161 ἀπόδος,
2685 4092 2728 4151 ὦ
2760 4097 3004 4167 βασιλεῦ,
3042 4098 3139 4166 τὴν
3189 4099 3316 4164 πρὶν
3364 4098 3661 4164 εὐκοσμίαν
3706 4099 3924 4164 ἐκείνην
3959 4105 4025 4168 τῇ

2443 4191 2535 4242 τοῦ
2577 4190 2711 4242 Θεοῦ
2746 4190 3060 4258 Ἐκκλησία,
3097 4192 3162 4259 ἢν
3189 4191 3245 4241 αἱ
3275 4189 3367 4240 τοῦ
3401 4190 3634 4257 [Ιαλαμᾶ
3648 4189 4027 4257 διεσπάραξαν

2443 4300 2499 4334 τε
2527 4284 2618 4334 καὶ
2639 4281 3015 4350 διεμερίσαντο
3043 4283 3412 4347 καινοφωνίαι,
3441 4283 3646 4350 μυρίων
3669 4283 3794 4350 ὃλην
3814 4282 4023 4351 μικροῦ

2446 4374 2691 4442 οορύϐων
2723 4375 2818 4439 τὴν
2857 4374 3184 4440 οἰκουμένην
3232 4375 3659 4441 ὲμπεπληκυῖαι.
3703 4374 3931 4437 Ῥᾷστον
3981 4376 4025 4426 δ’

2446 4464 2595 4516 ἔσται
2638 4481 2722 4515 σοι
2779 4466 2997 4526 πάντως
3057 4465 3230 4528 τουτὶ,
3294 4464 3455 4531 φλογὶ
3506 4467 3676 4532 πυρὸς
3731 4465 3830 4532 τὴν
3890 4467 4026 4532 ὅλην

773 4557 879 4623 igni
914 4557 1138 4610 donare.
1177 4558 1329 4622 Quod
1364 4558 1408 4609 si
1451 4574 1514 4610 ea
1546 4573 1666 4624 qua:
1710 4558 1897 4610 insunt
1942 4559 2254 4627 blaspltetua
2285 4571 2340 4614 et

2409 4553 2608 4606 ἀὑτοῦ
2632 4553 2811 4622 βίϐλον
2845 4553 3158 4623 βουληθέντι
3193 4555 3543 4624 χαρίσασθαι,
3595 4557 3782 4607 πασῶν
3822 4559 4028 4625 ἀναμὶξ

773 4650 936 4715 impia
972 4649 1254 4714 imperitos
1284 4648 1549 4715 quosdatn
1581 4649 1702 4701 ideo
1737 4649 1971 4717 fugiunt,
2001 4652 2128 4717 quia
2161 4654 2344 4708 verbis

773 4739 1012 4791 confusis
1058 4750 1110 4790 et
1162 4739 1395 4790 obscuro
1435 4739 1834 4807 tenebrosoque
1885 4758 2135 4796 sermone
2171 4744 2343 4798 invol-

776 4839 997 4891 vuntur,
1030 4844 1127 4879 nos
1160 4828 1368 4896 singula
1405 4839 1461 4881 et
1493 4830 1746 4882 universa
1785 4832 2105 4899 explicando
2140 4834 2345 4888 indica-

777 4920 976 4972 bimus.
1030 4918 1304 4985 I‘ljustttoJi
1343 4930 1470 4971 sunt
1518 4921 1900 4974 luereticorutn
1932 4926 2345 4978 commentatio-

777 5026 894 5072 nes,
948 5012 1214 5077 perplexa:
1271 5009 1524 5062 videlicet
1580 5021 1636 5064 et
1703 5012 2030 5077 indiscrctzc,
2079 5016 2343 5068 montium

777 5101 928 5152 silvis
973 5101 1267 5153 condensis
1310 5101 1666 5169 abruptisque
1713 5104 2065 5170 voraginibus
2097 5107 2345 5173 persimi-

778 5192 892 5254 les;
936 5203 993 5244 ut
1022 5191 1480 5258 quemadmodum
1517 5192 1755 5246 latrones
1787 5194 1910 5246 inde
1950 5196 2230 5263 improvisi
2265 5199 2346 5250 in-

780 5286 970 5336 silinnt
1003 5285 1053 5335 in
1087 5299 1200 5344 eos,
1239 5284 1330 5350 qui
1380 5285 1503 5336 illac
1543 5285 1726 5341 animo
1761 5287 1998 5354 simplici
2040 5298 2094 5340 et
2130 5289 2347 5342 incauto

783 5384 1186 5444 pertransennt,
1229 5376 1298 5426 ita
1343 5375 1395 5426 bi
1431 5390 1495 5426 ex
1543 5374 1863 5431 confusione
1912 5386 1967 5429 et
2014 5378 2346 5432 obscuritate

763 5469 1103 5525 υιιισιὶυιιυιιι,
1151 5469 1302 5535 plura
1346 5467 1534 5519 eodem
1567 5467 1832 5520 vocabulo
1866 5480 1960 5520 aut
1997 5469 2189 5522 eadem
2227 5471 2347 5536 plu-

787 5562 940 5613 ribus
970 5561 1413 5628 significantium,
1441 5560 1594 5628 qttasi
1627 5577 1687 5612 ex
1726 5561 1990 5624 tenebris,
2026 5563 2076 5614 in
2107 5561 2348 5615 \eritatis

785 5652 1191 5719 simplicitatem
1227 5653 1329 5705 tela
1364 5652 1731 5718 iutorqueant.
1767 5653 1842 5706 Ac
1878 5653 2105 5706 fortasse
2135 5663 2349 5720 opoilc-

788 5745 878 5799 bat
945 5758 1009 5796 eo
1046 5745 1189 5810 quod
1236 5744 1422 5810 pietati
1471 5752 1798 5796 ornamento
1833 5755 1975 5797 esset
2009 5745 2345 5810 simplicitas,

787 5832 861 5885 ita
893 5832 1162 5886 contraria
1213 5836 1420 5887 ratione
1462 5833 1795 5902 impietatem
1833 5834 2183 5902 multiplicem
2231 5851 2351 5889 csse

2447 4646 2554 4699 τῶν
2578 4647 2841 4714 αἱρέσεων
2871 4645 3036 4699 οὖσαν
3066 4649 3426 4716 συμφόρημα.
3460 4648 3518 4698 ΕΞ
3540 4648 3596 4700 δὲ
3644 4649 3754 4698 τῶν
3786 4649 4028 4716 ἀμαθῶς

2447 4740 2676 4806 ἐχόντων
2730 4739 2903 4800 ἐνίους
2953 4738 3317 4804 διαδιδράσκοι
3352 4739 3421 4789 τὰ
3462 4738 3784 4807 βλάσφημα,
3851 4742 3943 4792 διὰ
3970 4721 4037 4793 τέ

2447 4830 2544 4898 τὴν
2572 4830 2681 4881 τῶν
2711 4829 2907 4893 λέξεων
2931 4828 3192 4896 σύγχυσιν
3223 4829 3316 4880 καὶ
3345 4829 3404 4880 τὸ
3425 4828 3522 4896 τῆς
3539 4830 3794 4896 φράσεως
3819 4847 4030 4908 σκοτει-

2447 4920 2539 4972 νόν
2574 4936 2631 4970 τε
2661 4920 2751 4970 καὶ
2780 4919 3096 4987 ὀμιχλῶδες,
3131 4920 3288 4987 ἡμεῖς
3320 4919 3731 4983 ἀναπτύξαντες
3775 4921 4029 4990 δείξομεν

2449 5008 2570 5062 καθ’
2605 5012 2812 5062 ἕκαστά
2839 5028 2896 5062 τε
2925 5013 3020 5062 καὶ
3053 5014 3190 5063 κατὰ
3248 5011 3471 5078 πλῆθος.
3495 5011 3734 5063 Τοιαῦτα
3786 5029 3897 5082 γαρ
3965 5019 4029 5068 τὰ

2451 5102 2556 5155 τῶν
2583 5103 2846 5170 αἱρέσεων
2872 5103 3296 5171 ἐπιτηδεύματα,
3326 5102 3544 5154 ποικίλα
3575 5104 3698 5155 τινα
3725 5111 3820 5156 και
3849 5106 4029 5158 δυσδι-

2452 5193 2672 5259 άκριτα.
2696 5195 2788 5244 καὶ
2819 5193 3015 5260 πολλὴν
3047 5194 3142 5261 τὴν
3181 5195 3476 5264 ὁμοιότητα
3520 5193 3858 5257 διασώζοντα
3895 5202 4027 5264 129‘;

2447 5281 2542 5342 τὰς
2571 5283 2629 5332 ὲν
2654 5283 2805 5350 ὁρεσι
2835 5283 3038 5349 λόχμας
3065 5284 3156 5333 καὶ
3199 5284 3487 5349 φάραγγας
3509 5300 3523 5312 ·
3558 5284 3644 5346 ἶν’,
3682 5284 3756 5346 ὡς
3817 5289 4028 5338 εκείῡεν

2448 5375 2495 5422 οἱ
2526 5373 2844 5442 λῃσταὶτυῖς
2876 5376 2931 5423 ὲν
2961 5373 3224 5440 ἁπλότητι
3260 5373 3515 5442 παριοῦσι
3545 5376 3772 5443 καρδίας
3828 5379 3975 5444 dum
3995 5408 4023 5424 .-

2451 5480 2596 5524 πτως
2627 5465 3178 5532 ὲπιπηδώσιν,οῦτως
3209 5466 3281 5528 ὡς
3333 5468 3397 5517 ἐκ
3459 5469 3682 5530 σκότους
3723 5463 3873 5521 οῦτοι
3929 5472 4021 5521 τοῦ

2452 5555 2756 5623 ξυμμιγοῦς
2807 5557 2898 5608 καὶ
2931 5558 3232 5626 γριφώόους
3264 5557 3372 5608 τῶν
3422 5561 3730 5626 ὁμωνύμων
3759 5563 3881 5630 ἅμα
3932 5569 4025 5614 m‘t

2451 5648 2693 5699 πολυωνύ
2705 5666 2816 5716 μων
2830 5647 3027 5711 λέξεων
3051 5649 3110 5699 τὸ
3128 5655 3220 5717 τῆς
3239 5649 3513 5711 εὐσεϐείας
3540 5652 3772 5715 βάλλωσι
3793 5656 4018 5705 ἁπλοῦν.

2464 5739 2657 5807 nam”
2685 5738 2749 5791 ἂν
2777 5739 2906 5802 ἴσως
2927 5741 2986 5804 ὲξ
3012 5742 3306 5804 άντιῢέςου,
3342 5742 3734 5809 τῆςιεὺσεϐείας
3760 5747 4022 5816 ἁπλότητι

2454 5831 2785 5901 κοσμούσης,
2811 5832 3087 5903 πολυμιγῆ
3117 5851 3233 5884 τινα
3269 5838 3358 5885 καὶ
3387 5835 3636 5904 ποικίλην
3669 5838 3765 5905 τὴν
3796 5840 4022 5891 ἀντίπα-
