4240 6460
241 420 375 487 12f!

598 422 674 494 [Α.
714 436 765 475 c.
816 420 968 491 ιδδι]

1219 426 1663 487 ΒΥΖᾹΝΤΙΝΕ
1703 424 2088 485 ΙΙΙδἹῸΙὶιΕ
2126 425 2268 483 LIB.
2314 424 2439 483 XX.

3349 414 3479 478 1253

2565 416 2697 489 [ιιιιι.
2742 433 2781 470 ι.
2825 432 3113 471 ειλτιειί.
3160 414 3213 485 ὅ]

233 539 395 592 τοῦτο
428 539 621 592 παθεῖν
644 556 661 572 ’
709 540 778 593 ἶν’
820 541 867 592 εί
902 542 975 610 μή
1009 558 1058 593 τι
1093 542 1179 594 τὸν
1239 543 1454 595 ᾶπαντα
1491 542 1603 612 βίον
1636 543 1695 594 οὐ
1730 543 1804 610 μὴ
1839 550 1880 604 Α

1839 550 1880 604 Α
1914 549 2080 594 totam
2113 541 2278 594 vitam
2311 542 2375 593 ad
2414 540 2671 593 virtutcm
2702 546 2845 591 recte
2892 534 3203 589 institutum
3237 532 3478 596 vidisset,

229 632 484 684 τεθέαται
534 628 678 694 οἶκος
728 632 861 697 πρὸς
910 632 1110 703 ἀρετὴν
1160 634 1502 704 διακείμενον
1549 631 1629 697 εὖ,
1688 634 1802 687 ἀλλ’

228 722 324 776 οῦν
356 725 465 785 τοῖς
498 726 648 794 ὲμοτς
678 723 1010 788 τελευταίοις
1046 724 1387 795 βαπτόμενος
1430 725 1659 795 αῖμασιν
1706 724 1803 792 ὀψὲ

229 815 365 882 γοῦν
401 816 533 884 μίαν
567 816 772 886 ταύτην
796 818 949 887 γνοίη
983 835 1049 886 με
1082 818 1418 886 κεκτημένον
1446 817 1647 887 ἀρετὴν
1673 816 1802 868 πολ-

229 907 326 961 )οῦ
362 926 503 971 τινος
548 908 729 974 ἀξίαν,
772 909 833 961 τὸ
871 909 945 980 μὴ
982 908 1180 962 πολλοῦ
1210 926 1354 972 τινος
1380 909 1531 973 ἀξιον
1557 907 1804 977 νομίζειν

227 999 291 1052 τὸ
318 998 436 1071 ζῇν.

301 1095 378 1147 B'.
412 1094 503 1146 Διὸ
531 1096 641 1159 τοῖς
675 1094 857 1156 ἄλλοις
910 1094 1158 1163 ἀνάγκην
1188 1093 1469 1163 προσῆγον
1498 1094 1572 1163 μὴ
1605 1092 1804 1164 βραδύ-

228 1202 363 1250 νειν,
397 1186 532 1239 ἀλλά
560 1189 673 1248 τοῖς
699 1187 851 1254 ἐμοῖς
882 1184 1212 1255 βοηθοῦντας
1248 1185 1548 1253 νοσήμασιν
1580 1185 1802 1239 ἀπιέναι

228 1277 546 1347 προθύμως,
578 1278 677 1331 οὐκ
720 1279 797 1340 εἰς
833 1277 1088 1347 ἐλέγχους
1118 1278 1210 1329 καὶ
1245 1276 1511 1339 διαλέξεις
1543 1275 1802 1344 ἀληθείας

227 1362 605 1434 ζητουμένης·
640 1366 1003 1436 ἀπειρηκέναι
1042 1367 1150 1435 γὰρ
1207 1367 1302 1419 καὶ
1352 1366 1523 1434 αὐτὴν
1574 1366 1675 1436 ἥδη
1710 1368 1803 1419 καὶ

226 1458 368 1526 πρὸς
420 1458 694 1526 αἱθερίους
730 1459 1042 1528 ἀποπτῆναι
1093 1458 1395 1528 θαλάμους,
1431 1460 1666 1529 ἀφανείᾳ
1712 1476 1802 1512 κε-

223 1548 588 1620 καλυμμένην
618 1552 809 1621 μακρᾷ
834 1568 846 1582 ·
877 1551 992 1604 ἀλλ’
1016 1554 1095 1615 εἰς
1122 1552 1337 1621 epatth
1362 1552 1455 1603 καὶ
1482 1550 1801 1621 μαρτυρικᾶ

224 1641 587 1711 παλαίσματα
620 1644 713 1698 καὶ
751 1645 977 1697 ζανάτου
1026 1644 1240 1713 μακροῦ
1275 1643 1553 1712 δεινότερα
1586 1643 1801 1713 δεσμωο

221 1735 413 1803 τήρια,
477 1735 745 1805 Τοιαύτην
775 1736 884 1805 γαρ
920 1737 1042 1789 καθ’
1083 1736 1239 1807 ἡμῶν
1295 1735 1641 1805 ἐξενηνέχθαι
1674 1733 1803 1803 χθὲς

224 1826 323 1880 καὶ
353 1826 640 1897 πρότριτα,
670 1827 889 1895 δεσμοῖς
923 1826 1303 1896 ἀδαμαντίνοις
1349 1829 1459 1879 τισὶ
1508 1829 1604 1878 καὶ
1633 1827 1803 1896 ἀρρή-

1908 633 2099 687 saltem
2132 648 2331 687 cruore
2364 647 2485 685 meo
2518 632 2585 684 ad
2624 640 2927 685 extremum
2965 629 3155 686 tincta,
3191 636 3485 695 quantu;:.-

1907 726 1989 780 vis
2019 742 2141 780 sero
2195 732 2517 795 agnosceret
2569 723 2899 776 instructum
2956 735 3018 774 ea
3071 720 3297 783 virtute,
3332 734 3478 786 qme,

1905 834 2029 873 eum
2062 821 2228 873 vitam
2274 816 2416 871 haud
2459 816 2640 885 magni
2686 814 2909 878 faceret,
2957 813 3139 882 magni
3188 813 3306 880 ipsa
3358 810 3478 864 ﬂeri

1905 911 2151 966 deberet.

1974 1090 2038 1145 ll.
2079 1089 2441 1157 Quamobrem
2491 1092 2560 1145 ab
2600 1090 2724 1144 aliis
2766 1088 3128 1143 vehementer
3158 1087 3299 1156 εωρὶ
3341 1102 3475 1141 con-

1906 1184 2149 1246 tendere,
2182 1198 2249 1237 ne
2290 1191 2705 1244 cunctarentur,
2736 1180 2831 1235 sed
2882 1190 2941 1234 ut
2987 1179 3119 1233 milii
3168 1194 3315 1249 agro
3346 1195 3476 1234 suc-

1903 1286 2190 1332 currentes
2232 1275 2449 1329 abirent
2476 1274 2752 1337 alacriter,
2800 1289 2907 1327 non
2950 1272 3017 1326 ad
3060 1273 3344 1327 veritatem
3380 1286 3479 1345 per

1904 1376 2225 1439 argumenta
2272 1377 2326 1423 et
2385 1368 2787 1437 disputationes
2844 1366 3313 1437 investigandam;
3361 1365 3471 1435 jam

1904 1460 2108 1528 quippe
2139 1468 2194 1514 et
2234 1459 2404 1528 ipsam
2440 1458 2691 1524 cessisse,
2727 1466 2783 1511 et
2823 1457 2992 1512 densa
3036 1456 3267 1523 caligine
3311 1456 3473 1508 invo-

1904 1550 2075 1606 lutam
2118 1552 2172 1606 in
2211 1552 2407 1605 coelum
2440 1550 2720 1613 avolasse;
2745 1549 2838 1603 sed
2871 1549 2937 1603 ad
2968 1550 3191 1612 caedem,
3225 1548 3292 1602 ad
3328 1564 3474 1602 utar-

1906 1642 2029 1713 tyrii
2067 1642 2383 1704 luctamina.
2436 1640 2500 1695 ad
2551 1641 2768 1695 vincula
2811 1642 3047 1711 denique
3096 1644 3245 1695 omni
3298 1653 3475 1695 morte

1904 1736 2175 1805 graviora.
2209 1734 2417 1804 Nempe
2446 1749 2565 1788 eam
2600 1733 2655 1787 in
2699 1748 2800 1788 nos
2831 1735 2899 1787 ab
2929 1735 3280 1798 adversariis,
3324 1743 3379 1788 et
3409 1736 3477 1787 ab

1908 1826 1993 1887 iis.
2034 1840 2202 1897 penes
2239 1842 2378 1895 quos
2423 1836 2664 1895 potestas
2700 1834 2864 1888 esset,
2905 1826 3021 1880 beri
3060 1836 3114 1881 et
3164 1827 3480 1881 nudiuster-

222 1938 379 1984 κτοις
411 1922 829 1994 κεκυρωμένην,
854 1922 1034 1993 ψῆφον
1067 1921 1201 1992 πρὸς
1232 1920 1341 1973 τῶν
1375 1905 1684 1975 ἀντιπάλων
1708 1921 1801 1974 καὶ
1832 1889 1878 1948 Β

1832 1889 1878 1948 Β
1910 1889 2232 1973 tius—latam
2277 1932 2398 1973 esse
2424 1889 2799 1983 sententiam,
2838 1917 3204 1973 adamantinis
3249 1919 3482 1988 quibus-

220 2015 328 2083 τῆς
384 2013 638 2080 ἐξουσίας
672 2015 971 2087 ἀρχόντων.
1023 2014 1145 2067 Τῶν
1179 2016 1287 2084 γὰρ
1334 2014 1735 2084 μετριωτέρων,
1764 2010 1801 2066 ἀ

222 2106 340 2167 τοῖς
367 2104 715 2174 ἐξωτερικοῖς
750 2102 834 2175 (4)
872 2105 966 2157 καὶ
996 2102 1056 2157 τὸ
1090 2102 1338 2158 πλεῖστον
1369 2104 1679 2174 δημοτικοῖς
1705 2120 1802 2157 κα-

224 2196 583 2266 τεψήφισται,
614 2201 683 2249 τὰ
722 2198 825 2267 μὲν
858 2197 958 2267 ἤδη
994 2197 1330 2265 πέπρακται,
1360 2196 1427 2249 τὰ
1452 2195 1496 2248 δ’
1520 2196 1600 2247 ἑτι
1626 2194 1802 2262 πράτ-

224 2307 407 2351 τεται,
443 2290 511 2342 τὰ
562 2289 618 2342 δὲ
654 2289 751 2342 καὶ
786 2288 1183 2360 πραχθήσεται.
1239 2288 1348 2342 Καὶ
1398 2287 1606 2340 τούτων
1652 2286 1805 2339 οὐδὲν

222 2368 420 2434 οὐδένα
455 2382 670 2435 πάντων
701 2382 855 2450 ὑμῶν
876 2384 1091 2449 ἀγνοεῖν
1113 2381 1318 2451 οἴομαι,
1344 2378 1561 2451 [Ρ.620]
1580 2378 1808 2451 θορύϐου

225 2473 490 2536 τοσούτου
533 2475 632 2543 τὴν
667 2474 824 2527 πόλιν
859 2475 1301 2546 περιηχήσαντος
1332 2472 1573 2528 ἃπασαν.
1618 2468 1809 2540 Χρεὼν

225 2568 344 2632 οὖν,
373 2569 447 2637 μὴ
470 2565 921 2636 φιλοψυχοῦντας,
944 2566 1058 2619 ἀλλ’
1080 2565 1451 2637 ἐρρωμένους,
1475 2563 1641 2633 ὁμόσε
1664 2562 1803 2632 πρὸς

226 2656 357 2718 τοὺς
390 2656 665 2718 τοιούτους
697 2659 898 2727 χωρεῖν
930 2656 1172 2723 ἀγῶνας.
1203 2654 1412 2725 Θνητῆς
1443 2654 1552 2724 γὰρ
1575 2653 1803 2723 λαχοῦσι

229 2748 450 2816 φύσεως
478 2748 544 2817 ἤν
576 2748 651 2817 μὴ
676 2746 772 2801 νῦν
802 2747 986 2800 θανεῖν
1024 2746 1139 2815 ἐξῇ,
1165 2747 1254 2800 διὰ
1305 2746 1436 2814 γοῦν
1459 2745 1520 2798 τὸ
1557 2745 1652 2815 τῆς
1702 2744 1805 2813 φύ-

237 2856 379 2902 σεως
416 2840 637 2909 ὄφλημα
676 2839 1029 2909 τεθνήξεσθαι
1058 2842 1270 2901 παντως
1309 2839 1499 2907 ἕψεται
1530 2836 1801 2907 προϊοῦσι·

231 2931 331 2984 καὶ
364 2932 443 2983 δεῖ
482 2934 558 3000 μὴ
596 2931 684 2985 τὸν
726 2931 903 2984 ἀκλεᾶ
937 2932 1042 3002 πρὸ
1070 2931 1164 2983 τοῦ
1198 2929 1317 3001 μετ’
1361 2929 1613 2991 εὐκλείας
1647 2944 1803 2996 περι-

232 3026 419 3091 μεῖναι
456 3023 705 3076 Θάνατον.

1909 2011 2033 2067 dam
2095 2019 2152 2065 et
2202 2011 2430 2081 irruptis
2481 2010 2641 2065 nodis
2693 2011 2979 2066 munitam.
3032 2012 3167 2065 Nam
3236 2014 3481 2067 mitiores

1907 2102 2076 2173 986
2104 2117 2298 2171 pernae,
2328 2116 2448 2171 quae
2482 2102 2535 2155 in
2574 2101 2764 2165 laicos,
2796 2116 3000 2171 eosque
3029 2102 3318 2156 maximam
3352 2118 3482 2171 par-

1913 2206 2019 2250 tem
2059 2194 2323 2264 plebeios,
2356 2196 2590 2248 decretae
2627 2194 2869 2257 fuerunt,
2898 2210 2973 2248 ea:
3012 2195 3207 2264 partim
3252 2195 3336 2248 vel
3364 2195 3475 2265 jam

1910 2296 2143 2357 sumptae
2192 2294 2342 2352 sunt,
2394 2286 2477 2340 vel
2536 2301 2683 2341 nunc
2746 2301 2964 2357 quoque
3019 2297 3333 2350 sumuntur,
3390 2287 3476 2341 vel

1910 2390 2099 2454 postea
2140 2382 2446 2451 exigentur.
2498 2379 2782 2435 Neminem
2817 2388 2998 2434 autem
3042 2395 3109 2435 ex
3155 2380 3311 2434 vobis
3346 2391 3480 2450 puto

1912 2474 2210 2545 quidquam
2248 2474 2439 2527 li'orum
2476 2474 2745 2542 ignorare,
2781 2482 2963 2534 tantus
3005 2475 3273 2528 tumultus
3312 2485 3478 2527 totam

1914 2566 2102 2620 urbem
2143 2564 2447 2634 personuit.
2479 2562 2706 2633 Oportet
2734 2563 2917 2633 itaque
2961 2579 3075 2625 vos.
3120 2579 3227 2617 non
3258 2577 3483 2617 conser-

1912 2658 2101 2713 vanda:
2142 2658 2267 2711 vitze
2300 2657 2548 2726 cupidos,
2602 2657 2699 2712 sed
2751 2658 2935 2712 animo
2988 2658 3117 2712 forti
3157 2659 3478 2719 instrurtos,

1914 2754 2034 2807 istis
2063 2750 2455 2806 certaminibus
2483 2758 2692 2806 vosmet
2721 2750 2984 2821 objicere.
3011 2750 3291 2806 Mortalem
3324 2758 3485 2803 natu-

1918 2858 2032 2895 ram
2085 2841 2265 2895 sortiti
2313 2840 2469 2895 estis.
2518 2840 2757 2896 Proinde
2810 2842 2910 2896 etsi
2960 2841 3090 2896 licet
3138 2856 3285 2895 nunc
3323 2841 3481 2895 vobis

1914 2941 2146 2987 mortem
2178 2932 2438 3000 en‘ugere,
2472 2939 2652 2986 tamen
2680 2942 2886 2987 natura
2928 2932 3173 2987 debitum
3206 2932 3479 3002 ejusmodi

1913 3034 2020 3089 est,
2060 3034 2122 3079 ut
2157 3033 2315 3079 atate
2361 3025 2577 3093 longius
2615 3026 2886 3094 provectis
2931 3025 3155 3081 omnino
3208 3027 3346 3079 mori
3384 3040 3481 3078 ne-

237 3136 395 3176 cesse
432 3121 679 3177 futurum
722 3124 815 3175 sit.
862 3118 973 3176 Nec
1037 3133 1135 3176 vos
1178 3119 1357 3183 decet,
1424 3117 1661 3190 gloriosa
1711 3128 1887 3174 morte
1925 3118 2259 3187 posthabita,
2310 3133 2430 3173 eam
2478 3128 2815 3189 exspectare,
2864 3134 2985 3189 qua
3034 3118 3195 3175 laude
3244 3121 3485 3175 caritura

230 3225 338 3271 est.

306 3311 385 3365 ιν.
409 3314 526 3384 Μιᾷ
563 3311 608 3366 δ’
647 3313 1030 3384 ἀπειρηκότων
1065 3314 1240 3383 φωνῇ,
1270 3312 1346 3384 μὴ
1379 3312 1580 3365 ἐθέλειν
1618 3313 1812 3381 χωρεῖν
1839 3322 1884 3384 c

230 3406 293 3466 ἐς
332 3404 633 3472 βασιλείους
662 3402 990 3472 προκλήσεις
1031 3404 1123 3455 καὶ
1169 3402 1312 3455 οὕτω
1360 3402 1674 3472 βαρϐαρικὰ
1725 3418 1817 3454 συ-

236 3498 426 3566 νέδρια
471 3497 613 3565 πλὴν
649 3496 808 3565 ἐμοῦ,
849 3494 1031 3554 δείσας
1065 3493 1175 3562 ἐγὼ
1222 3494 1297 3563 μὴ
1349 3496 1624 3563 πρόφασιν
1668 3493 1808 3547 τοῦτ’

237 3588 521 3658 είληιρόσιν
550 3586 799 3651 ἐκείνοις,
831 3581 908 3649 οἷς
937 3588 1115 3639 πάντα
1149 3584 1297 3638 λίθον
1321 3586 1490 3637 κινεῖν
1516 3583 1639 3636 καθ’
1660 3586 1815 3654 ἡμῶν

238 3681 548 3748 περίεστιν,
580 3680 794 3749 ἐρήμην
836 3678 959 3731 καθ’
996 3676 1153 3747 ἡμῶν
1194 3678 1435 3746 εὐχερῶς
1460 3676 1816 3747 καταδιαιτᾷν

239 3773 582 3842 ὲπιγένηται,
609 3772 751 3840 μάλα
776 3771 927 3841 μόλις
954 3774 1049 3838 τῆς
1083 3772 1346 3841 καθέδρας
1371 3770 1667 3836 ἐξαναστὰς
1701 3769 1816 3838 ἅμα

241 3867 414 3918 πᾶσιν
445 3866 672 3926 ἐκείνοις
706 3865 902 3934 ἀπῄειν
934 3866 1110 3917 ἐκεῖσε
1134 3862 1592 3930 ἀποθανούμενος,
1623 3866 1716 3913 καὶ
1747 3861 1815 3929 τῇ

242 3955 361 4005 ἆ.κεί
404 3955 627 4022 τελευτῇ
676 3954 1178 4021 συμπαραπέμψων
1211 3952 1282 4003 τὰ
1316 3949 1552 4019 πολυετῆ
1595 3964 1698 4018 μου
1717 3954 1813 4020 τῆς

245 4047 487 4114 κεραλῆς
522 4046 824 4114 νοσήματα.

319 4140 393 4191 A'.
427 4136 585 4205 ’Λρτι
615 4136 671 4187 δὲ
708 4135 837 4204 περί
892 4150 995 4186 που
1052 4134 1120 4186 es
1182 4146 1322 4203 μεσα
1377 4134 1689 4203 γενομένοις
1718 4136 1815 4204 τῆς

246 4228 522 4299 βασιλείου
581 4227 750 4296 αὐλῆς
814 4228 1094 4297 ἀπήντησέ
1134 4243 1215 4289 τις
1250 4229 1380 4296 ἡμῖν
1424 4229 1531 4280 τῶν
1565 4230 1706 4281 πάνυ
1737 4227 1814 4297 τῷ

247 4323 317 4392 βα
330 4322 461 4375 nisi
486 4318 1016 4391 προσῳκειωμένων,
1041 4322 1130 4371 καὶ
1167 4318 1330 4387 μόνον
1359 4320 1616 4373 ἁπάντων
1648 4320 1814 4389 ἔμεγε

246 4412 566 4480 ἀπειληφὼς
615 4414 856 4481 προσῆγε
899 4413 977 4483 τῷ
1027 4414 1260 4483 βασιλεῖ.
1306 4415 1814 4485 Κοινολογήσασθαι

247 4508 360 4576 γὰρ
392 4506 543 4572 ἔλεγε
592 4505 876 4574 βούλεσθαί
933 4523 1025 4574 μοι
1075 4508 1184 4559 τῶν
1222 4507 1368 4576 αὐτῷ
1396 4524 1456 4574 γε
1485 4508 1814 4578 ἀπορρήτων

251 4598 402 4650 ἔστιν
434 4597 488 4651 ἆ.
524 4598 956 4669 Προσεληλυθότι
990 4614 1080 4667 μοι
1118 4599 1247 4665 γοῦν
1302 4601 1484 4667 τυχεῖν
1516 4601 1817 4669 προσγεγέο

251 4707 412 4759 νηται
454 4691 572 4758 μὲν,
608 4693 755 4759 παρὰ
787 4689 944 4753 δόξαν
979 4689 1078 4758 μὲν
1112 4691 1254 4757 ἐμοὶ,
1280 4691 1429 4759 σφίσι
1470 4690 1514 4744 δ’
1565 4693 1813 4761 ἐξεπίτη-

248 4784 339 4843 δες
374 4782 597 4852 σφόδρα,
626 4782 767 4842 τινὸς
800 4783 908 4833 τῶν
943 4781 1083 4834 πάνυ
1124 4798 1212 4850 μοι
1248 4782 1419 4850 φίλων
1460 4784 1525 4836 ἐκ
1554 4784 1810 4850 παλαιοῦ,

243 4871 335 4923 διὰ
354 4870 640 4940 βασιλικῆς
656 4869 912 4922 κάκείνου
936 4869 1290 4938 προκλήσεως
1311 4872 1488 4923 ἐκεῖσε
1509 4872 1812 4941 τηνικαῦτα

246 4963 517 5032 παρόντος
560 4958 691 5028 ἐμοῦ
742 4976 804 5026 γε
861 4961 1064 5012 εἵνεκα.
1110 4955 1212 5011 Ὧν
1249 4959 1457 5029 μεταξὺ
1493 4960 1812 5013 καθεσθέντι

248 5073 340 5124 μοι
370 5055 547 5121 λέγειν
576 5053 807 5121 ἤρξαντο
842 5052 981 5104 κατά
1016 5053 1340 5121 συνεκδοχὴν
1373 5055 1465 5105 καὶ
1495 5052 1811 5122 ἀμοιϐαδὸν,

248 5146 401 5215 παρᾶ
448 5143 675 5213 θατέρου
718 5143 907 5212 ἅτερος
938 5143 1036 5205 τὰς
1089 5142 1197 5195 τῶν
1232 5143 1399 5211 λόγων
1430 5144 1685 5215 ἀφορμὰς
1714 5162 1814 5197 πο·-

244 5241 487 5311 ρίξηιντὲς
524 5256 582 5290 τε
617 5238 711 5289 καὶ
770 5238 1147 5306 ποριζόμενοι,
1198 5240 1294 5289 καὶ
1336 5237 1545 5290 πείθειν
1606 5240 1812 5308 ἐπιχει-

248 5331 489 5399 ροῦντες,
537 5329 750 5396 πρῶτον
786 5331 886 5398 μὲν
920 5328 1214 5397 χρημάτων
1250 5329 1606 5395 ἐπαγγελίαις
1645 5330 1814 5395 ἀφθό-

248 5441 383 5484 νοις.
408 5424 503 5475 καὶ
534 5423 560 5474 ὃ
592 5439 681 5490 μοι
707 5421 843 5491 πρὸς
874 5421 1180 5490 βουλήσεως
1211 5422 1296 5483 εἴη
1330 5420 1396 5475 ἂν
1427 5422 1615 5489 ἕτερον
1647 5422 1814 5476 ἅπαν.

260 5518 417 5568 Ἐπεὶ
447 5516 489 5566 δ’
516 5515 767 5568 ἐντεῦθεν
787 5515 894 5566 τῶν
923 5515 1309 5583 σκοπουμένων
1330 5514 1647 5585 ἠλαύνοντο,
1684 5516 1819 5581 μηδὲ

1988 3312 2079 3367 Ill.
2122 3313 2204 3367 Illi
2237 3326 2365 3367 vero
2397 3326 2504 3365 una
2549 3325 2683 3366 voce
2717 3312 3060 3375 renuntiant,
3092 3312 3234 3367 nolle
3275 3328 3336 3368 se
3381 3314 3486 3368 im-

1921 3404 2191 3476 peratoris
2217 3412 2413 3458 vocatu
2443 3412 2549 3458 tam
2583 3402 2816 3457 barbara
2850 3404 3082 3459 concilia
3110 3406 3229 3461 sine
3259 3422 3347 3462 me
3369 3407 3488 3463 adi-

1922 3514 2002 3553 re.
2041 3496 2406 3565 Quamobrem
2432 3496 2661 3561 veritus,
2692 3512 2762 3551 ne
2796 3496 2875 3550 illi
2906 3497 2998 3567 qui
3030 3512 3247 3552 omnem
3288 3500 3342 3553 in
3388 3518 3491 3559 nos

1920 3588 2159 3659 lapidem
2182 3599 2424 3653 movent,
2457 3589 2557 3643 hac
2582 3589 2867 3643 occasione
2891 3601 3130 3659 arrepta,
3159 3594 3486 3647 sententiam

1921 3679 1977 3734 in
2007 3694 2128 3745 nos,
2158 3679 2309 3735 velut.
2330 3679 2528 3733 deserti
2554 3679 2847 3733 vadimonii
2880 3695 3021 3745 reos,
3054 3681 3211 3737 facile
3246 3700 3491 3753 pronun-

1924 3772 2145 3836 tiarent,
2202 3786 2341 3841 aegre
2394 3771 2613 3825 tandem
2650 3786 2680 3825 e
2730 3773 2859 3826 sede
2900 3774 3192 3839 excitatus,
3243 3792 3366 3830 eum
3422 3780 3489 3832 iis

1924 3861 2182 3916 omnibus
2213 3862 2535 3925 moriturus,
2565 3871 2621 3917 et
2659 3862 2994 3919 inveteratos
3024 3867 3220 3935 capitis
3266 3869 3488 3924 lttorbus

1922 3952 2084 4008 simul
2113 3940 2237 4025 eum
2266 3954 2377 4009 vita
2414 3954 2762 4019 dimissurus,
2794 3955 2919 4012 illuc
2952 3972 3038 4012 me
3073 3960 3298 4014 contuli.

1993 4135 2084 4189 IV.
2120 4134 2241 4188 Jam
2272 4148 2373 4187 nos
2404 4132 2517 4187 fere
2559 4133 2613 4187 in
2658 4135 2833 4189 media
2869 4136 3052 4205 palatii
3083 4141 3203 4195 aula
3236 4145 3492 4199 versaba-

1923 4242 2068 4291 mur,
2099 4241 2223 4279 cum
2255 4241 2321 4279 cx
2356 4224 2566 4278 intimis
2594 4226 2940 4295 imperatoris
2974 4231 3195 4299 quidam
3227 4238 3487 4291 aceu-rit.

1923 4322 1973 4376 Is
1998 4334 2166 4374 unum
2197 4334 2284 4372 me
2322 4333 2389 4372 ex
2431 4318 2687 4371 omnibus
2729 4332 3069 4390 assumptum
3100 4324 3165 4376 ad
3197 4324 3489 4393 imperato-

1922 4430 2035 4469 rem
2072 4412 2315 4468 deducit.
2364 4411 2501 4465 Eum
2544 4411 2751 4464 scilicet
2790 4412 3048 4465 nonnulla
3098 4430 3307 4469 mecum
3352 4420 3490 4474 velle

1922 4505 2331 4562 communicare
2364 4503 2564 4566 aiebat,
2597 4517 2718 4571 qua:
2760 4518 2961 4555 arcana
2994 4504 3096 4557 sibi
3137 4518 3340 4562 essent.
3385 4510 3488 4565 Ubi

1922 4597 2152 4667 propius
2212 4594 2439 4658 accessi,
2496 4592 2789 4662 quemdam
2851 4594 3020 4648 veteri
3056 4597 3291 4651 amicitia
3355 4602 3491 4656 mihi

1922 4686 2433 4759 eonjunctissimum
2469 4684 2708 4750 oﬂendo,
2748 4685 2841 4752 qui
2885 4695 2942 4738 et
2981 4685 3096 4755 ipse
3144 4688 3490 4757 imperatoris

1924 4787 2122 4834 vocatu
2150 4779 2263 4832 illic
2295 4785 2407 4829 tum
2439 4776 2628 4829 aderat
2653 4775 2759 4829 mei
2800 4778 2993 4844 gratia.
3028 4776 3084 4829 Id
3120 4788 3177 4831 ut
3209 4780 3343 4834 mihi
3384 4799 3486 4838 nec

1924 4873 2196 4943 opinanti,
2227 4871 2299 4925 ita
2332 4870 2439 4923 illis
2479 4870 2702 4921 omnino
2727 4866 2890 4936 937
2923 4870 3311 4936 praenteditatis
3350 4877 3493 4929 acci-

1928 4965 2027 5018 dit.
2058 4963 2170 5033 Ego
2191 4977 2320 5016 vero
2350 4961 2489 5013 inter
2518 4959 2638 5011 illos
2665 4960 2908 5011 consedi.
2936 4959 3067 5012 'l‘um
3093 4972 3273 5016 autem
3304 4965 3339 5017 ii
3378 4980 3489 5019 cu:-

1921 5064 2119 5127 perunt
2144 5052 2382 5106 vicissim
2419 5060 2473 5104 et
2506 5049 2731 5103 alternis
2776 5065 2858 5102 me
2909 5050 3130 5120 alloqui,
3160 5052 3297 5107 alter
3322 5055 3483 5108 alteri

1923 5155 2111 5201 mutua
2151 5144 2562 5213 suppeditantes
2594 5141 2808 5196 dicendi
2848 5153 3184 5212 argumenta.
3240 5145 3315 5199 Ae
3368 5164 3483 5199 ma-

1921 5256 2023 5310 gna
2065 5238 2299 5308 primum
2337 5234 2580 5305 pecunia:
2624 5235 2674 5288 vi
2726 5244 2780 5288 ct
2828 5234 2975 5290 omni
3029 5234 3134 5288 alia
3178 5252 3254 5301 re,
3293 5255 3486 5307 quam-

1928 5343 2145 5398 cunque
2208 5328 2562 5396 optavissem,
2617 5325 2905 5395 promissa,
2966 5326 3244 5382 inﬂectere
3300 5333 3483 5385 conati

1931 5429 2076 5474 sunt.
2115 5418 2342 5480 Deinde,
2372 5418 2499 5487 quia
2538 5416 2641 5471 bac
2680 5431 2790 5469 non
2826 5416 3169 5482 succedebat,
3199 5430 3491 5487 promet-ea

1931 5511 2077 5582 quod
2130 5526 2231 5566 nec
2268 5511 2442 5580 prima
2480 5509 2700 5579 quidem
2735 5508 2878 5562 dicta
2927 5509 3156 5564 auribus
3204 5510 3286 5563 vel
3327 5511 3489 5564 mini-

1616 5609 1938 5668 Variorum
1973 5613 2158 5668 notae.

326 5712 399 5770 tl)
432 5709 634 5776 Nempe
685 5708 931 5760 Palatinas
964 5719 1155 5761 auctor
1204 5709 1581 5764 Cantacuzeno
1615 5708 1815 5771 fuerat,

250 5791 313 5831 ut
349 5793 597 5846 quotquot
635 5783 697 5830 de
758 5778 941 5844 inﬁma
990 5780 1133 5841 plbc
1189 5797 1290 5831 non
1326 5789 1626 5832 vererentur
1659 5792 1819 5849 captu

138 5859 157 5875 '
247 5867 343 5903 sua
378 5851 570 5902 nluora
620 5852 896 5916 nh’hcture,
947 5850 983 5900 ii
1029 5852 1249 5901 vestibus
1302 5860 1441 5902 exul:
1471 5852 1627 5919 virgis
1660 5860 1823 5901 mue-

628 5944 897 6001 ΡΑτιιοι..
927 5945 1038 6003 (in.
1084 5942 1386 6001 CXLYlil

1920 5716 2123 5769 rentur,
2172 5718 2218 5759 et
2251 5709 2303 5759 in
2332 5721 2593 5761 currerent
2635 5704 3054 5769 detruderentur,
3098 5719 3219 5774 pag.
3265 5703 3390 5768 6H,
3417 5701 3483 5757 Ι).

1922 5794 2110 5848 supra.
2150 5778 2362 5832 Bonus.

3033 5937 3109 5997 1ιο
