4240 6460
758 372 909 436 ’1ἳ59
1079 371 1157 443 [Α.
1202 386 1256 424 II.
1291 371 1450 436 6859,
1497 372 1688 443 150.4]

1940 376 2356 439 NICEPHORI
2397 381 2776 442 GREGORtE

3048 378 3179 450 [tam
3221 394 3260 432 ι.
3301 393 3583 433 ωκτιουῑ.
3626 378 3681 448 ὕ]

3888 379 4019 445 1260

769 514 919 552 mum
948 496 1313 557 admitterem,
1343 496 1514 549 altero
1539 495 1756 548 demum
1793 505 1847 549 et
1890 496 2036 549 velut
2067 496 2338 550 subsidia-
2374 507 2410 562 Α

2453 497 2541 569 τὴν
2568 499 2792 569 πρώτην
2821 497 2988 568 ἀκοὴν
3009 494 3151 567 ἒμοῦ
3182 518 3242 567 γε
3272 503 3629 569 προσιεμένου
3658 500 3794 568 μηδὲ
3819 505 4016 568 μικρὸν

771 591 855 645 rio
887 599 1108 655 c0natu,
1142 588 1208 642 ad
1236 587 1625 658 disputandum
1662 602 1874 642 mecum
1915 589 2153 659 aggressi
2188 598 2337 643 sunt.

845 766 904 820 ν.
950 765 1382 834 Disputationem
1434 762 1563 816 hinc
1595 759 1764 813 ordiri
1805 759 1984 814 visum
2030 768 2136 825 est,
2191 757 2338 828 quod

772 875 971 914 nomen
1018 858 1267 926 θεότητος
1324 857 1552 911 inferius
1599 862 1743 908 esset
1786 852 2087 906 substantia
2131 851 2339 913 divina,

769 964 826 1008 et
863 953 1034 1021 magis
1065 950 1284 1019 proprie
1317 947 1732 1017 operationibus
1775 945 2031 998 increatis
2080 943 2341 996 conveni-

770 1050 856 1098 ret
886 1061 899 1096 :
944 1042 1072 1094 item
1104 1039 1248 1109 quod
1280 1037 1630 1107 operationes
1659 1036 1743 1089 ha:
1770 1035 2028 1086 increatae
2059 1046 2254 1102 magno
2284 1040 2340 1085 et

771 1135 986 1190 infinito
1035 1133 1351 1188 discrimine
1398 1147 1425 1183 a
1461 1130 1648 1184 divina
1691 1126 1996 1181 substantia
2028 1124 2338 1188 distarent;

769 1227 1030 1297 quodque
1068 1243 1134 1281 ex
1182 1224 1594 1293 Operationilsus
1642 1221 1813 1276 Deum
1860 1233 2339 1288 cognosceremus,

771 1322 987 1377 dicente
1020 1332 1216 1387 magno
1260 1315 1502 1369 Basilio:
1543 1331 1560 1363 ι
1611 1313 1783 1367 Deum
1828 1327 1893 1365 ex
1929 1309 2341 1380 operationibus

770 1409 990 1478 quidem
1022 1421 1355 1476 cognoscere
1389 1420 1488 1457 nos
1535 1405 1797 1468 dicimus;
1845 1411 1899 1455 at
1939 1400 2342 1468 appropinqua-

769 1515 925 1555 turos
948 1515 1071 1554 esse
1102 1501 1165 1553 ad
1211 1501 1329 1567 eius
1379 1498 1739 1551 substantiam
1779 1509 1883 1546 non
1920 1491 2292 1561 promittimus
2323 1507 2337 1544 :

771 1593 1030 1661 quoniam
1060 1591 1182 1660 ejus
1207 1589 1553 1657 opt-rationes
1588 1586 1654 1639 ad
1686 1600 1786 1638 nos
1814 1584 2184 1648 descendunt;
2213 1589 2342 1638 sub-

772 1684 970 1740 stantia
1016 1698 1148 1736 vero
1189 1681 1437 1750 ejusdem
1488 1678 1883 1732 inaccessibilis
1917 1686 2117 1730 manet.
2160 1695 2177 1726 ι
2215 1676 2341 1730 Herc

770 1786 826 1831 et
854 1776 1055 1830 similia
1087 1790 1210 1828 eum
1242 1774 1315 1829 dii.
1336 1775 1577 1834 litarent,
1612 1785 1902 1840 perversas
1940 1772 2008 1822 de
2038 1781 2139 1821 suo
2166 1767 2338 1820 inter-

771 1869 1126 1934 pretationes,
1160 1864 1769 1936 argunn-ntationesque
1801 1860 2086 1922 absurdas,
2119 1858 2336 1927 impias,
2371 1848 2412 1906 Β

770 1969 824 2012 et
853 1959 1074 2012 insanas
1121 1955 1529 2025 subjuugcbant
1557 1971 1570 2009 ε
1599 1953 1864 2022 quoniam
1902 1963 2098 2019 nempe
2138 1963 2337 2018 opera-

772 2051 950 2104 tiones
976 2049 1041 2103 ad
1079 2063 1176 2104 nos
1206 2047 1621 2106 descenderent,
1652 2053 1815 2112 atque
1835 2057 1899 2097 ex
1933 2042 1997 2096 iis
2027 2055 2128 2095 nos
2169 2040 2336 2093 Deum

770 2156 1251 2215 cognosceremus,
1287 2147 1538 2208 oportere
1568 2151 1661 2190 eas
1686 2136 1957 2190 increatas
1989 2146 2110 2187 esse
2140 2130 2340 2185 divini-

772 2250 945 2303 iates;
977 2245 1030 2290 et
1054 2250 1288 2304 quorum
1320 2233 1461 2286 dicta
1493 2246 1617 2285 cum
1657 2230 1772 2283 suis
1802 2243 1907 2281 non
1941 2225 2337 2290 consentirent,

769 2345 866 2386 eos
900 2332 1074 2400 palam
1114 2326 1469 2396 blasphemia:
1499 2338 1620 2378 reos
1649 2336 1767 2376 sese
1801 2321 2160 2374 constituere.

841 2441 925 2494 ιιι.
971 2442 1081 2508 Ego
1112 2454 1263 2500 vero,
1292 2436 1383 2504 qui
1426 2443 1473 2488 et
1517 2432 1868 2500 a-grotabam,
1897 2441 1953 2484 et
1987 2429 2201 2485 ceteris
2251 2443 2340 2482 so-

771 2537 872 2589 ciis
903 2533 1142 2588 exclusis
1179 2544 1320 2582 unus
1355 2537 1553 2596 pra'ter
1601 2539 1752 2593 spem
1808 2522 2085 2576 insidiosis
2128 2520 2338 2573 retibus

772 2628 1113 2691 interceptus
1137 2619 1306 2688 988
1347 2617 1634 2678 lttcrebam,
1669 2614 1797 2682 quid
1843 2612 1990 2666 aliud
2027 2611 2203 2665 facere
2245 2611 2342 2664 dc-

772 2719 886 2780 bni,
935 2715 1038 2770 nisi
1083 2724 1141 2766 ut
1176 2726 1280 2776 me,
1319 2710 1361 2763 si
1397 2723 1634 2778 possem,
1672 2705 1826 2760 brevi
1856 2706 2103 2758 oratione
2145 2716 2338 2771 quam-

774 2811 1008 2878 primum
1043 2804 1166 2858 inde
1197 2801 1512 2870 expedirent
1536 2798 1558 2850 ?
1586 2799 1822 2866 Pugnam
1854 2805 2003 2850 certe
2035 2795 2340 2848 detrectare

771 2901 954 2953 statim
1005 2896 1147 2950 baud
1190 2892 1454 2963 Oportuit,
1514 2889 1726 2943 tametsi
1780 2886 2092 2941 declinandi
2145 2885 2338 2938 idonea

773 2994 913 3046 ratio
949 2999 1066 3043 erat
1099 2988 1320 3042 morbus
1355 2986 1470 3056 ipse
1501 2999 1625 3036 cum
1667 2980 1960 3035 solitudine
1991 2979 2336 3047 conjunctus.

773 3087 853 3139 Illi
886 3084 1032 3138 enim
1067 3098 1092 3134 a
1124 3092 1274 3147 tergo
1309 3081 1573 3130 instantes
1614 3075 1821 3128 crimen
1867 3073 1996 3125 milii
2032 3070 2342 3124 timiditatis

772 3176 1062 3248 ulijecturi,
1095 3184 1150 3227 et
1174 3172 1318 3241 quod
1355 3171 1532 3223 locum
1563 3166 1951 3224 deseruisscm,
1985 3178 2138 3215 reum
2164 3160 2340 3215 acturi

771 3269 1025 3325 fuissent.
1075 3265 1153 3320 Ad
1208 3271 1590 3331 argumentum
1649 3258 1812 3328 igitur
1856 3273 1921 3310 ex
1976 3271 2041 3309 eo
2088 3256 2335 3318 ductum,

773 3364 918 3431 quod
952 3375 1151 3414 nomen
1182 3358 1431 3426 θεότητος
1463 3354 1679 3422 pr0prie
1709 3361 1763 3404 et
1797 3349 2056 3420 primario
2092 3363 2198 3401 non
2227 3361 2340 3400 ma-

772 3458 853 3525 gis
885 3453 1198 3509 substantiae
1224 3464 1384 3517 quam
1416 3443 1827 3514 operationibus
1860 3439 2198 3503 conveniret,
2229 3438 2339 3507 pri—

776 3562 923 3602 nium
977 3543 1272 3612 respondi;
1325 3541 1483 3608 eique
1535 3535 1840 3592 refellendo
1890 3533 2107 3587 suffecit
2158 3531 2338 3586 statim

777 3642 909 3694 illud
951 3637 1060 3691 divi
1111 3634 1372 3695 doctoris,
1406 3630 1552 3700 quod
1603 3638 1716 3682 tum
1754 3626 1885 3680 mihi
1922 3634 2120 3694 praesto
2152 3625 2213 3677 in
2247 3637 2342 3677 ore

776 3733 1030 3787 exstitit:
1073 3745 1091 3779 ι
1128 3725 1264 3781 Cum
1313 3725 1404 3778 Dei
1450 3723 1594 3787 dico,
1631 3720 1810 3776 Patris
1856 3719 1979 3772 dico
2025 3726 2080 3771 ct
2128 3716 2252 3770 Filii
2288 3727 2343 3770 et

776 3825 1018 3894 Spiritus
1048 3819 1244 3876 sancti.
1300 3816 1570 3870 Divinitas
1613 3829 1713 3868 nec
1763 3813 1901 3866 ultra
1937 3812 2051 3865 haec
2080 3809 2342 3866 diffundi-

777 3932 888 3983 tttt‘,
923 3931 990 3970 ne
1023 3914 1250 3968 deorum
1286 3909 1500 3963 turbam
1542 3907 1909 3969 inducamus;
1945 3919 2046 3956 nec
2073 3902 2211 3956 citra
2243 3901 2344 3955 bos

778 4012 918 4064 fines
951 4006 1227 4067 consistit,
1282 4019 1349 4056 ne
1404 4000 1472 4055 de
1525 3999 1706 4068 inapia
1753 3996 2059 4050 divinitatis
2110 3995 2338 4046 dam-e-

781 4119 921 4156 mur.
970 4121 988 4152 ι
1027 4098 1094 4153 Ει
1127 4112 1320 4150 rursus
1350 4113 1363 4150 :
1399 4112 1418 4144 ι
1455 4093 1548 4147 Dei
1579 4101 1758 4144 autem
1785 4104 1907 4143 cum
1934 4089 2078 4151 dico,
2112 4101 2220 4140 uno
2251 4085 2334 4138 lu-

778 4193 928 4248 mine
975 4199 1028 4246 et
1061 4189 1233 4242 tribus
1277 4182 1594 4239 circumfusi
1647 4179 2030 4234 irradiemini:
2070 4191 2179 4230 uno
2223 4177 2349 4244 qui-

779 4289 927 4348 dem,
965 4280 1266 4337 secundum
1301 4276 1568 4331 rationem
1601 4270 1924 4327 substantiae
1953 4285 2050 4324 seu
2085 4268 2347 4323 divinita-

781 4380 882 4441 tis;
959 4375 1134 4430 tribus
1201 4380 1405 4434 autem,
1474 4365 1775 4422 secundum
1832 4363 2194 4432 proprietates
2249 4373 2345 4413 seu

783 4475 1106 4540 hypustases
1135 4464 1200 4534 (si
1231 4463 1355 4533 quis
1392 4459 1544 4515 malit
1574 4458 1646 4512 ita
1675 4463 1893 4521 vocare)
1930 4470 2025 4509 seu
2059 4466 2341 4524 personas.

2442 590 2596 658 γοῦν,
2651 590 2742 641 τὸν
2793 590 3045 659 δεύτερον
3107 591 3270 643 πλοῦν
3318 591 3664 659 διαλέγεσθαι
3728 593 4019 661 ἐπεχείρη-

2444 698 2564 735 σαν.

2513 775 2586 829 Ε’.
2626 774 2732 827 Καὶ
2764 769 2833 846 ἦν
2863 778 2895 844 ἡ
2924 777 3022 846 τῆς
3051 777 3339 841 amatas”;
3376 777 3655 845 είσαγωγὴ
3679 792 3692 806 ’
3721 779 3805 829 ὅτι
3836 793 3896 828 τε
3922 776 4017 844 τῆς

2443 865 2695 937 θεότητος
2733 868 2904 937 δνομα
2935 869 3188 938 δεῦτε-ρίν
3233 871 3349 922 ἐστι
3391 869 3488 937 τῆς
3521 868 3673 930 θείας
3699 868 3890 930 οὐσίας
3925 869 4018 920 καὶ

2440 961 2559 1021 ταῖς
2588 961 2863 1023 ακτίστοις
2899 962 3205 1032 ἐνεργείαις
3233 961 3439 1027 κυρίως
3473 961 3674 1030 μᾶλλον
3707 961 3974 1030 ἁρμόττει
3999 974 4013 988 '

2442 1053 2537 1102 καὶ
2564 1052 2646 1104 ὅτι
2686 1053 2796 1104 τῶν
2853 1056 3109 1107 τοιούτων
3161 1054 3433 1106 ἀκτίστων
3484 1055 3777 1120 ἐνεργειῶν
3847 1052 4017 1122 πολλὴ

2443 1140 2537 1191 καὶ
2567 1142 2796 1212 ἄπειρος
2839 1145 2902 1196 ἐκ
2951 1147 3050 1214 τῆς
3083 1145 3235 1206 θείας
3277 1144 3465 1205 οὐσίας
3501 1145 3651 1195 ἐστὶν
3691 1145 3722 1212 ή
3756 1144 4014 1210 διαφορὰ,

2442 1235 2552 1286 κάκ
2590 1234 2698 1287 τῶν
2725 1237 3017 1304 ἐνεργειῶν
3044 1239 3387 1306 γινώσκομεν
3421 1237 3664 1310 τὸνθεόν
3690 1253 3703 1266 °
3751 1238 3846 1289 καὶ
3877 1237 3953 1295 ὡς
3980 1239 4006 1287 ὁ

2446 1326 2620 1394 μέγας
2657 1329 2787 1397 φησὶ
2811 1327 3088 1392 Βασίλειος
3115 1331 3255 1398 (5i),
3291 1349 3308 1381 ι
3332 1332 3424 1383 Ἐκ
3463 1331 3561 1399 μὲν
3586 1329 3693 1381 τῶν
3727 1328 4016 1395 ἐνεργειῶν

2441 1419 2734 1491 γνωρίζειν
2763 1419 2994 1489 λέγομεν
3018 1422 3111 1474 τὸν
3139 1422 3276 1475 Θεὸν
3305 1423 3485 1493 ὴμῶν,
3520 1425 3584 1492 τῇ
3622 1421 3668 1473 δ’
3715 1421 3877 1490 οὐσία
3922 1422 4014 1472 αὖ·

2440 1511 2535 1564 τοῦ
2579 1513 2970 1583 πρῖσεγγίζειν
3018 1516 3116 1584 οὐχ
3147 1515 3582 1587 ὑπισχνούμεθα.
3633 1516 3702 1567 Δί
3756 1514 3858 1583 μὲν
3909 1519 4017 1581 γὰρ

2443 1605 2718 1673 ἐνέργειαι
2761 1606 2927 1659 αὑτοῦ
2977 1608 3113 1678 πρὸς
3162 1609 3310 1677 ἡμᾶς
3359 1606 3782 1660 καταϐαίνουσιν
3811 1622 3824 1635 ·
3877 1606 3909 1674 ἠ
3972 1604 4018 1656 δ’

2439 1696 2598 1749 οὐσία
2630 1695 2797 1748 αὑτοῦ
2829 1697 2978 1766 μένει
3031 1699 3350 1768 ἀπρόσιτος.
3381 1717 3417 1752 ,ι
3450 1697 3638 1751 Ταῦτα
3677 1700 3771 1750 καὶ
3803 1698 3871 1748 τὰ
3913 1713 4018 1748 παν

2445 1789 2718 1858 ραπλήσια
2743 1789 2994 1857 λέγοντες
3022 1793 3226 1859 ἐπῆγον
3249 1792 3455 1854 οίκείας
3484 1808 3558 1842 πα
3570 1807 3624 1860 ρε
3636 1791 3896 1860 ξηγήσεις
3922 1797 4018 1843 καὶ

2444 1879 2838 1952 συλλογισμοὺς
2873 1883 3138 1946 ὲκτόπους
3186 1883 3280 1935 καὶ
3326 1884 3578 1946 ἀνοσίους
3624 1886 3716 1936 καὶ
3756 1883 4012 1952 μαινομέο

2442 1993 2562 2038 νους
2586 1991 2599 2005 °
2632 1975 2709 2039 ὡς
2759 1976 2947 2047 ἐπειδὴ
2999 1976 3135 2045 πρὸς
3168 1977 3316 2047 ἡμᾶς
3351 1978 3405 2031 αἱ
3438 1977 3713 2046 ἐνέργειαι
3752 1975 4018 2029 καταϐαίη

2442 2087 2613 2130 νουσι,
2667 2073 2774 2123 κάκ
2828 2069 3032 2124 τούτων
3077 2071 3420 2140 γνωρίζομεν
3454 2071 3546 2123 τὸν
3577 2071 3732 2137 Θεδν,
3769 2071 4018 2124 άκτιστοι

2441 2165 2550 2231 ἄρα
2579 2161 2688 2227 sic).
2728 2161 2983 2229 θεότητες
3007 2176 3022 2192 ⁸
3050 2163 3144 2214 καὶ
3175 2162 3288 2214 ὅσοι
3325 2163 3401 2233 μὴ
3431 2163 3818 2232 συμςωνοῦσιν
3860 2163 4016 2231 ἡμῖν,

2443 2252 2800 2322 βλασφήμους
2833 2252 3064 2314 ἑαυτοὺς
3117 2251 3203 2324 [Ρ.
3254 2250 3379 2322 Gil]
3434 2252 3737 2306 καθιστῶσι
3776 2269 4018 2321 περιτρα-

2445 2361 2575 2406 νως.

2515 2437 2607 2506 ς’.
2655 2437 2809 2508 Ἐμοὶ
2840 2439 2896 2492 δὲ
2957 2440 3048 2493 καὶ
3098 2438 3339 2502 ἀσθενῶς
3372 2439 3570 2510 ἔχοντι,
3597 2442 3694 2494 καὶ
3726 2440 3874 2510 μόνῳ
3905 2439 4020 2492 τῶν

2442 2531 2620 2585 ἄλλων
2659 2532 3060 2602 ἀπειλημμένῳ
3092 2533 3400 2603 συμμάχων
3427 2533 3856 2602 ἀπρςσῗοκήτως
3897 2535 4022 2585 ἐνε-

2444 2621 2748 2689 δρευόντων
2778 2621 3010 2674 δικτύων
3063 2623 3235 2688 ἐντὸς,
3264 2623 3317 2674 τί
3366 2623 3470 2674 ἔδει
3528 2625 3704 2675 ποιεῖν
3737 2622 3943 2690 ἕτερον,
3985 2621 4019 2691 ἢ

2445 2712 2780 2785 βραχυλογίᾳ
2802 2716 3150 2783 χρησαμένῳ,
3176 2716 3223 2765 εί
3247 2714 3539 2783 δυναίμην,
3568 2713 4021 2766 ἀπαλλάττεσθαι

2442 2807 2542 2876 τὴν
2573 2806 2870 2876 ταχίστην;
2900 2807 2973 2858 Οὑ
2997 2805 3104 2875 γὰρ
3136 2809 3477 2876 φυγομαχεῖν
3505 2806 3672 2884 εὐθὺς
3700 2805 3888 2873 ἐχρῆν,
3922 2806 4024 2858 καὶ

2448 2897 2627 2950 ταῦτα
2656 2899 2928 2968 πρόφασιν
2969 2900 3162 2966 ίκανὴν
3197 2899 3569 2968 κεκτημένους
3599 2898 3892 2966 ἀποφυγῆς
3915 2899 4022 2967 τήν

2442 3008 2500 3043 τε
2537 2990 2692 3043 νόσον
2728 2991 2822 3044 καὶ
2883 2991 3001 3060 ἅμα
3031 2991 3129 3061 τὴν
3172 2991 3429 3060 μόνωσιν.
3488 2987 3561 3042 Ἦ
3594 2991 3699 3061 γὰρ
3757 2990 3822 3042 ἂν
3875 2990 4022 3042 κατά

2444 3085 2616 3140 νώτου
2657 3086 2937 3138 κείσεσθαι
2981 3086 3231 3154 ἔμελλον,
3282 3084 3481 3146 δειλίας
3531 3085 3874 3153 γραφόμενοι
3925 3083 4024 3134 καὶ

2445 3177 2790 3242 λειποταξίου
2823 3177 2980 3247 δίκην
3013 3177 3335 3244 ἐπάγοντες.
3384 3176 3527 3246 Πρὸς
3568 3174 3666 3244 μὲν
3690 3170 3786 3225 οὖν
3816 3175 3877 3225 τὸ
3919 3173 4024 3240 τῆς

2451 3268 2703 3332 θεότητος
2747 3268 2942 3335 ὅνομα,
2978 3269 3054 3336 μὴ
3099 3271 3165 3337 τῇ
3207 3268 3365 3336 οὐσία
3404 3265 3665 3336 μᾶλλονῆ
3695 3267 3814 3326 ταῖς
3872 3267 4025 3331 ὲνερο

2450 3363 2627 3431 γείαις
2649 3361 2942 3430 ἁρμόττειν
2965 3362 3167 3430 κυρίως
3194 3363 3287 3414 καὶ
3308 3357 3560 3428 πρώτως,
3589 3356 3812 3425 πρώτην
3839 3373 4026 3408 ποιου-

2451 3459 2597 3527 μένῳ
2625 3459 2720 3510 καὶ
2747 3459 2846 3526 τὴν
2875 3456 3206 3523 ἀπάντησιν,
3240 3457 3443 3525 ἧρκεσε
3493 3453 3838 3522 παραχρῆμα
3884 3452 4026 3520 πρὸς

2447 3549 2601 3603 λύσιν
2626 3548 2683 3599 τὸ
2705 3548 2796 3600 τοῦ
2824 3546 2969 3598 θείου
2999 3548 3206 3614 Πατρός
3227 3547 3402 3597 ἐκεῖνο
3423 3542 3640 3611 γεγονὸς
3671 3543 3776 3593 ἀνὰ
3804 3540 3988 3607 στόμα
4011 3557 4025 3568 ·

2454 3656 2470 3687 ι
2508 3635 2641 3687 Θεοῦ
2671 3634 2726 3687 δὲ
2758 3637 2886 3687 ὅταν
2919 3633 3081 3697 εἴπω,
3113 3632 3257 3698 λέγω
3283 3631 3516 3701 Πατρὸς,
3545 3627 3694 3692 Υίοῦ,
3730 3629 3827 3680 καὶ
3861 3627 4028 3694 ἁγίου

2448 3729 2784 3797 Πνεύματος,
2817 3726 2939 3779 οὔτε
2971 3727 3111 3797 ὑπὲρ
3138 3725 3308 3777 ταῦτα
3330 3724 3425 3791 τῆς
3454 3723 3702 3792 θεότητος
3726 3722 4029 3790 χεομένης,

2449 3823 2536 3876 ἵνα
2565 3823 2638 3894 μὴ
2667 3823 2838 3891 δῆμον
2873 3820 3011 3873 θεῶν
3044 3819 3451 3888 εἰσαγάγωμεν,
3483 3814 3606 3868 οὔτε
3634 3813 3785 3876 ἐντὸς
3815 3815 4031 3866 τούτων

2445 3914 2795 3985 ὁριζομένης,
2826 3912 2913 3964 ἵνα
2953 3918 3027 3980 μὴ
3049 3913 3238 3963 πενίαν
3263 3909 3514 3979 θεότητος
3534 3907 3989 3976 κατακριθῶμεν.
4005 3925 4026 3960 ι

2447 4010 2557 4063 Καὶ
2607 4007 2766 4060 πάλιν
2792 4021 2804 4036 ⁸
2840 4025 2858 4057 ι
2903 4004 3036 4057 Θεοῦ
3080 4004 3136 4056 δὲ
3171 4004 3299 4056 ὅταν
3349 4003 3509 4064 είπω,
3542 4000 3621 4052 ἑνὶ
3653 4000 3792 4068 φωτὶ
3828 4016 4034 4070 περια-

2449 4099 2761 4171 στράφθητε
2793 4101 2886 4150 καὶ
2914 4097 3113 4166 τρισίν
3150 4096 3228 4148 ἐνὶ
3279 4095 3378 4164 μὲν
3409 4098 3550 4146 κατὰ
3591 4093 3679 4149 τὸν
3707 4092 3805 4160 τῆς
3835 4093 4034 4155 οὐσίας

2448 4195 2630 4262 λόγον,
2661 4193 2759 4246 εἴτ’
2790 4191 2880 4244 οὖν
2911 4192 3167 4261 θεότητος
3192 4205 3206 4221 ·
3237 4188 3383 4257 τρισὶ
3427 4187 3569 4240 κατὰ
3596 4186 3692 4246 τὰς
3723 4185 4032 4255 ἰδιότητας,

2449 4284 2550 4336 εἴτ’
2599 4281 2692 4335 οὖν
2741 4281 3089 4345 ὑποστάσεις,
3139 4278 3191 4330 εί
3220 4293 3323 4329 τινι
3349 4274 3500 4343 φίλον
3539 4273 3808 4342 καλεῖν,ἢ
3854 4273 4032 4343 πρός·

2453 4392 2599 4428 ωπα.
2634 4373 2803 4428 Οὐδὲν
2852 4372 2962 4440 γὰρ
3027 4367 3292 4438 περὶτῶν
3320 4367 3601 4436 ὀνομάτων
3638 4365 4038 4433 ζυγομαχήσο-

2460 4481 2580 4534 μεν,
2624 4463 2728 4524 ἕως
2758 4461 2823 4514 ἂν
2863 4460 3001 4528 πρὸς
3058 4460 3159 4528 τὴν
3198 4458 3370 4523 αὐτὴν
3409 4456 3621 4508 ἔννοιαν
3668 4456 3726 4507 αί
3759 4455 4037 4508 συλὶαόαὶ

777 4565 913 4624 Nam
957 4561 1025 4616 de
1072 4557 1389 4613 nominibus
1443 4553 1589 4607 nulla
1636 4551 1796 4606 nobis
1846 4549 1960 4601 rixa
2014 4546 2196 4599 futura
2243 4554 2348 4609 est,
2381 4559 2412 4614 ιτ

2457 4559 2686 4628 φέρωσι.
2716 4555 3016 4622 Διαιρεῖται
3045 4552 3152 4621 γὰρ
3176 4549 3524 4620 ἀδιαιρέτως,
3555 4549 3643 4600 ἶνα
3664 4545 3842 4610 οὕτως
3869 4549 4037 4631 srmo,

781 4655 1026 4726 quandiu
1088 4652 1308 4722 syllaba:
1368 4647 1434 4701 ad
1497 4643 1747 4700 eamdem
1810 4641 2090 4695 notionem
2149 4638 2352 4691 ferent.

782 4751 993 4820 Quippe
1021 4755 1076 4800 et
1107 4742 1384 4800 indivisim
1419 4739 1704 4801 dividitur,
1737 4743 1797 4788 ut
1833 4735 1903 4787 ita
1941 4732 2141 4796 dicam,
2173 4740 2228 4785 et
2263 4729 2348 4784 di-

784 4843 941 4895 visitn
978 4837 1318 4893 connectitur
1353 4853 1365 4887 :
1410 4832 1669 4902 quoniam
1695 4826 1955 4881 divinitas
1984 4839 2151 4877 unum
2183 4831 2266 4876 est
2295 4822 2351 4875 in

788 4936 997 5000 tribus,
1046 4932 1253 4985 et'tria
1306 4928 1419 4991 illa,
1467 4928 1523 4977 in
1570 4921 1773 4992 quibus
1810 4926 1896 4972 est
1940 4916 2220 4978 divinitas,
2255 4929 2352 4968 seu

786 5043 929 5095 ιιιιιιι,
985 5033 1044 5078 ιιι
1092 5020 1403 5076 accuratius
1454 5016 1671 5084 loquar,
1723 5009 1984 5064 divinitas
2029 5017 2136 5068 est,
2182 5021 2348 5060 unum

787 5128 932 5173 sunt.
990 5118 1258 5170 Excessus
1308 5120 1489 5164 autem
1543 5122 1607 5163 ac
1654 5103 1901 5159 defectus
1944 5101 2283 5156 omittamus.
2328 5116 2346 5149 ι

790 5212 999 5264 Pariter
1040 5217 1095 5262 et
1141 5205 1433 5273 Gregorius
1483 5200 1761 5271 Nyssenus
1805 5194 1925 5249 ait:
1965 5210 1985 5246 ι
2021 5191 2077 5247 Si
2116 5192 2221 5244 hoc
2251 5206 2353 5245 no-

788 5318 936 5367 men,
993 5300 1147 5365 Deus,
1194 5295 1554 5352 substantiam
1609 5289 1903 5360 significat,
1950 5300 2115 5340 unam
2155 5284 2356 5339 divina

789 5394 1078 5450 Trinitatis
1141 5390 1504 5447 substantiam
1554 5384 1724 5455 989
1776 5377 2112 5441 confitendo,
2182 5390 2356 5430 unum

791 5490 963 5546 Deum
1008 5495 1252 5542 statuere
1291 5497 1393 5537 nos
1423 5487 1682 5549 apparet,
1727 5473 1985 5545 quoniam
2021 5470 2185 5525 unius
2223 5469 2357 5524 sub-

2448 4653 2543 4707 καὶ
2574 4649 2908 4704 συνάπτεται
2955 4643 3323 4715 διῃρημένως.
3383 4641 3479 4693 Ἐν
3527 4640 3635 4711 γὰρ
3685 4641 3744 4692 ὲν
3775 4644 3967 4709 τρισὶν
4006 4643 4037 4710 ὴ

2449 4740 2662 4808 θεότης,
2698 4737 2790 4789 καὶ
2825 4737 2894 4788 τά
2922 4733 3046 4804 τρία
3072 4731 3152 4794 ἓν,
3189 4730 3257 4783 τὰ
3305 4733 3362 4783 ὲν
3391 4725 3470 4791 οἷς
3501 4730 3536 4799 ἡ
3563 4729 3777 4797 θεότης,
3813 4728 3850 4796 ἢ
3883 4733 3948 4780 τό
3979 4746 4042 4795 γε

2451 4831 2848 4900 ἀκριϐέστερον
2883 4828 3080 4888 εἰπεῖν,
3131 4824 3168 4879 ἀ
3201 4827 3234 4895 ἡ
3273 4822 3633 4898 θεότηςχτάς
3687 4823 3744 4874 δὲ
3794 4823 4042 4892 {12:960-

2453 4922 2551 4982 λάς
2588 4920 2683 4971 καὶ
2724 4914 2990 4985 ἐλλείψεις
3020 4914 3379 4983 ὲλλείψωμεν.
3422 4930 3439 4961 ι
3488 4911 3597 4963 Καὶ
3650 4913 3678 4962 ὁ
3730 4910 4045 4964 Νυσσαὲων

2459 5014 2502 5066 δ’
2533 5013 2729 5082 ὁμοίως
2779 5011 2978 5077 φάσκει
3016 5007 3316 5078 Γρηγόριος
3342 5021 3356 5036 ·
3399 5025 3417 5056 ι
3457 5004 3517 5057 El
3580 5007 3642 5057 τὸ
3686 5005 3838 5069 Θεὸς
3867 5007 4044 5074 ὄνομα

2463 5105 2651 5165 οὐσίας
2686 5103 3020 5171 σημαντικόν
3066 5101 3203 5163 ἐστι,
3244 5100 3374 5168 μίαν
3423 5097 3610 5148 οὐσίαν
3641 5097 4047 5164 ὁμολογοῦντες

2461 5197 2560 5267 τῆς
2595 5194 2760 5263 ἀγίας
2788 5193 3018 5260 Ἰριάξος
3053 5191 3148 5244 ἕνα
3189 5191 3324 5243 Θεὸν
3355 5191 3579 5250 είκότως
3607 5188 4046 5258 δογματίζομεν,

2461 5285 2653 5354 ἐπειδὴ
2695 5284 2822 5354 μιᾶς
2852 5282 3039 5344 οὐσίας
3067 5280 3127 5333 ἓν
3154 5281 3326 5351 ὄνομα
3350 5281 3407 5331 τὸ
3436 5279 3567 5340 Θεός
3589 5280 3762 5331 ἐστι.»
3805 5279 3924 5330 Καί⁵
3944 5283 4048 5331 πά-

2463 5377 2547 5430 λιν
2573 5394 2587 5408 ·
2621 5395 2639 5427 ι
2661 5376 2818 5429 Ἐστι
2847 5375 3242 5445 τοίνυνίίδξωμα
3264 5375 3363 5442 τῆς
3394 5373 3564 5425 ἀϊδίου
3590 5373 3805 5434 οὐσίας,
3835 5367 3908 5442 ἧς
3934 5374 4048 5425 ἐστι

2468 5469 2655 5539 Πατὴρ
2685 5471 2778 5523 καὶ
2819 5468 2949 5532 Υῑδς
2982 5470 3077 5522 καὶ
3108 5467 3262 5537 ἅγιον
3305 5465 3551 5534 Πνεῦμα,
3613 5467 3673 5518 τὸ
3705 5468 3895 5520 πάντα
3927 5470 4048 5519 ἐπη-

2183 5613 2513 5676 Variorum
2561 5617 2744 5676 notas.

865 5782 941 5850 (5)
974 5780 1183 5832 Citatur
1211 5776 1271 5829 Ι).
1308 5771 1486 5826 Basilii
1511 5766 1780 5850 Epistula,
1813 5778 1932 5850 qut!
1963 5763 2015 5815 in
2052 5777 2116 5842 eo
2144 5761 2353 5850 codice,

797 5833 902 5927 quo
929 5833 1197 5920 ’Gregoras
1219 5861 1346 5900 usus
1373 5852 1474 5906 est,
1499 5833 1622 5892 25⁷1·
1656 5834 2074 5900 numerabatur;
2106 5833 2158 5886 in
2195 5833 2350 5886 libris

2460 5761 2751 5884 tinlitisBaut
2779 5760 3006 5814 omnino
3040 5761 3214 5825 deest,
3259 5771 3353 5814 aut
3375 5758 3544 5812 alium
3572 5769 3876 5809 numerum
3907 5770 4049 5827 pre.
4091 5787 4100 5796 -

2483 5841 2583 5884 ert.
2668 5846 2834 5884 0tvt.\'.

2483 5841 2583 5885 ert.
2627 5841 2834 5885 UOIVIN.
