4240 6460
218 359 350 428 19m
604 363 681 433 [ι.
722 375 770 417 c.
801 360 958 432 l55l]

1212 364 1656 426 BYZANTINE
1702 362 2082 422 illSTORl/E
2125 361 2250 421 LIB
2291 359 2421 419 XX.
2457 359 2460 362 ⁴

3334 345 3469 408 1262

2554 348 2688 418 [περ.
2716 362 2760 402 ε.
2801 359 3100 404 omnem.
3145 344 3204 415 5]

210 479 394 533 estita
423 479 514 533 καὶ
544 479 771 550 θεωρεῖν
810 484 904 534 καὶ
934 480 1248 550 γινώσκειν,
1274 481 1335 535 οὐ
1369 483 1529 552 μόνον
1550 479 1620 532 τὰ
1641 481 1788 548 ἔργῳ
1826 499 1863 558 Α

1826 477 2106 558 Αειιιηιίιε
2165 489 2335 528 unum
2394 486 2594 526 nomen
2655 478 2761 532 est,
2819 467 2975 521 Deus.
3022 487 3041 517 ι
3105 467 3174 521 Ει
3231 479 3465 522 rursus:

210 573 498 642 γινόμενα,
529 571 666 624 ἀλλά
701 576 795 624 καὶ
822 571 891 624 τὰ
927 570 1005 641 τῷ
1057 571 1131 640 νῷ
1177 571 1570 641 λαμϐανόμενα
1599 585 1612 596 ·
1644 569 1784 637 ὅπερ

215 663 387 733 μόνης
420 664 567 715 ἐστὶν
603 664 819 732 ἐκείνης
871 664 966 732 τῆς
1024 663 1234 724 οὐσίας.
1271 661 1557 716 Ἐντεῦθεν
1588 659 1781 728 εἰλημο

216 757 380 822 μένον
412 755 475 808 τὸ
504 755 637 816 Θεὸς
684 755 875 825 ὄνομα,
913 756 1122 823 κυρίως
1174 756 1490 824 λεγόμενον,
1529 751 1783 820 σημαίνει

215 847 317 917 τὴν
341 849 531 900 οὐσίαν
554 849 792 918 ἐκείνην,
822 850 856 919 ἢ
886 848 1137 912 δεσπόζει
1167 847 1386 899 πάντων
1408 846 1482 908 ὡς
1509 843 1778 914 ἀληθῶς.»

218 940 330 991 Καὶ
361 939 525 993 πάλιν
556 953 572 969 ⁸
607 957 627 991 ι
669 940 811 1003 Μιᾶς
839 939 1129 1008 τοιγαροῦν
1174 937 1525 1010 ὑπαρχούσης
1576 935 1676 1004 τῆς
1703 935 1794 986 οὑ-

218 1031 366 1092 σίας,
391 1026 458 1102 ἦς
486 1032 603 1083 ἐστι
631 1032 820 1102 Πατὴρ
847 1033 940 1085 καὶ
968 1031 1097 1092 Υἱὸς
1118 1032 1210 1084 καὶ
1245 1029 1399 1098 ἅγιον
1425 1027 1668 1097 Πνεῦμα,
1699 1026 1796 1078 καὶ

217 1121 339 1183 ἐνὸς
385 1121 481 1174 τοῦ
533 1123 976 1193 παραδηλοῦντος
1014 1122 1183 1191 αὐτὴν
1239 1121 1522 1190 ὀνόματος,
1557 1118 1698 1188 φημὶ
1729 1117 1792 1186 δὴ

220 1209 320 1262 τοῦ
361 1213 516 1276 Θεὸς,
546 1207 626 1274 εἷς
670 1215 800 1276 Θεὸς
834 1214 985 1267 ἐσται
1024 1213 1228 1284 κυρίως
1256 1213 1350 1266 καὶ
1375 1211 1796 1280 ἀκολουθότερον

219 1302 298 1370 τῷ
331 1303 473 1372 λόγῳ
497 1305 596 1372 τῆς
633 1305 841 1367 οὐσίας.
883 1325 902 1357 ι

218 1400 277 1446 ει
309 1392 547 1463 Spiritus
578 1407 822 1461 sanctus,
859 1405 916 1452 et
944 1414 1114 1452 unum
1157 1411 1355 1452 nomen
1422 1410 1542 1450 eam
1615 1393 1862 1458 denotet,
1903 1408 2102 1463 nempe
2159 1391 2342 1460 Deus;
2406 1394 2514 1449 erit
2585 1394 2806 1464 proprie
2861 1410 3002 1450 unus
3049 1395 3209 1451 'Deus

224 1488 400 1554 ipsius
429 1488 746 1544 substantize
775 1492 970 1545 rationi
998 1491 1170 1560 magis
1193 1497 1621 1544 consentaneum
1644 1497 1750 1543 est.
1777 1506 1795 1539 ι

304 1581 380 1635 Z'.
416 1579 602 1635 Ταῦτα
638 1581 737 1650 μὲν
764 1582 828 1653 δὴ
854 1578 968 1647 οὖν,
999 1585 1093 1637 καὶ
1123 1584 1220 1636 ὅσα
1243 1581 1374 1635 ἄλλα
1393 1580 1501 1634 τῶν
1521 1581 1679 1634 θείων
1700 1581 1810 1632 Πα-

220 1670 400 1739 τέρων
439 1672 501 1722 ἐκ
533 1670 626 1723 τοῦ
661 1676 954 1742 προχείρου
993 1673 1126 1735 τέως
1161 1671 1320 1742 ἐπῄει
1351 1674 1418 1741 τῇ
1453 1673 1668 1742 μνήμῃ,
1706 1669 1806 1740 τὴν

1898 587 1914 618 ι
1953 567 2049 620 Εει
2099 565 2267 635 igitur
2312 561 2621 632 pr0prietas
2655 568 2875 613 aeterna:
2919 558 3263 623 substantiae,
3316 557 3476 626 cujus

1894 659 2218 712 substantia:
2253 663 2337 709 est
2373 655 2537 708 Pater
2575 663 2631 706 et
2659 652 2833 706 Filius
2859 659 2916 705 et
2951 649 3196 718 Spiritus
3225 659 3474 712 sanctus,

1894 749 2040 817 quod
2072 747 2254 801 omnia
2289 747 2581 815 inspectet,
2613 743 3038 810 contempletur,
3073 749 3130 794 et
3161 749 3476 810 cognoscat,

1899 856 2008 895 non
2047 839 2225 894 solum
2255 854 2375 908 qua:
2422 853 2481 892 re
2531 837 2646 906 ipsa
2678 836 2972 899 exsistunt,
3017 832 3114 888 sed
3149 845 3204 888 et
3236 847 3358 903 quae
3392 833 3481 887 in-

1903 933 2123 987 tellectu
2154 941 2364 985 tantum
2396 929 2816 1000 percipiuntur;
2854 927 2999 998 quod
3029 936 3114 982 εει
3141 927 3314 983 solius
3334 929 3484 998 ejus—-

1903 1039 1965 1079 ce
2022 1023 2363 1079 substantiae.
2421 1021 2559 1077 llinc
2608 1029 2888 1091 sumptum
2941 1029 3026 1076 est
3080 1035 3282 1075 nomen
3325 1019 3482 1085 Θεὸς,

1906 1116 2053 1185 quod
2082 1116 2303 1186 proprie
2339 1114 2548 1169 dictum
2595 1115 2958 1169 substantiam
2990 1115 3139 1169 illam
3185 1113 3482 1186 signiﬁcat,

1904 1225 2027 1278 quae
2052 1210 2298 1263 omnium
2328 1223 2456 1263 vere
2487 1208 2712 1263 domina
2742 1216 2846 1263 est.
2885 1227 2904 1260 ι
2933 1209 3001 1262 Ει
3027 1224 3221 1263 rursus
3250 1228 3265 1263 :
3301 1227 3319 1261 ι
3346 1207 3486 1262 Cum

1906 1300 2089 1369 itaque
2125 1316 2230 1354 una
2265 1302 2337 1354 sit
2372 1301 2704 1365 substantia,
2736 1301 2898 1371 cujus
2926 1311 3010 1356 est
3037 1301 3200 1356 Pater
3225 1312 3282 1358 et
3312 1301 3486 1360 Filius

3252 1417 3263 1452 :
3321 1398 3486 1467 idque

1991 1580 2102 1635 Vll.
2144 1579 2268 1635 llzec
2327 1595 2447 1646 nos,
2513 1589 2571 1635 et
2621 1595 2961 1649 quaecunque
3011 1582 3117 1636 alia
3166 1591 3486 1639 sanctorum

1917 1669 2138 1726 Patrum
2180 1670 2323 1725 dicta
2365 1670 2420 1724 in
2470 1681 2729 1741 promptu
2779 1680 2890 1725 tum
2942 1672 3167 1730 fuerunt
3213 1685 3375 1745 atque
3430 1677 3487 1731 in

221 1763 417 1831 ὁμοίαν
447 1763 770 1815 ἀκολουθίαν
791 1765 876 1816 ἀεὶ
904 1764 1259 1827 διασώζοντα,
1297 1763 1381 1836 [Ρ.
1412 1762 1540 1834 622]
1577 1762 1807 1853 καθόσον
1843 1797 1890 1858 Β

1843 1797 1890 1858 Β
1918 1773 2156 1818 tuentem
2197 1774 2491 1829 venerunt,
2541 1763 2774 1817 similem
2831 1780 3003 1834 usque
3039 1768 3487 1822 consecutionem

225 1854 468 1921 ἐφικτὲν,
488 1856 905 1925 προενεγκόντες
924 1856 1102 1927 ἐκείνῃ
1124 1859 1188 1926 τῇ
1208 1855 1435 1920 διαλέξει
1461 1871 1526 1907 πε
1536 1854 1587 1926 pl
1604 1844 1694 1906 τοῦ
1711 1853 1810 1922 τῆς

225 1945 478 2014 θεότητος
527 1945 788 2015 ὀνόματος
827 1947 885 2011 ἐξ
918 1948 1260 2016 αὐτοσχεδίου
1298 1946 1634 2015 δεδώκαμεν.
1703 1946 1810 1998 Καὶ

219 2036 348 2106 ἅμα
362 2037 634 2102 ὠνείδιζον
654 2039 826 2107 ἔγωγε
851 2039 1051 2107 σφίσιν,
1067 2041 1273 2093 ὅτιτῶν
1293 2040 1452 2093 θείων
1471 2041 1724 2106 Πατέρων
1743 2041 1808 2108 τῇ

229 2131 354 2201 θείᾳ
375 2130 532 2200 οὐσίᾳ
555 2131 614 2182 τὸ
628 2133 728 2200 τῆς
755 2131 1011 2202 θεότητος
1035 2112 1520 2204 δνομαδιαρῤὴδην
1540 2131 1808 2196 διδόντων,

227 2222 387 2272 αὐτοὶ
403 2222 868 2292 παρεξηγούμενοι
889 2223 1170 2292 προδήλως
1190 2224 1428 2283 ἐκείνους
1444 2218 1812 2290 συκοφαντοῦ-

230 2329 339 2366 σιν.
374 2313 582 2381 Ὀνομα
611 2314 720 2381 γὰρ
744 2314 930 2384 κύριον
959 2315 990 2384 ἢ
1028 2314 1102 2382 μὴ
1128 2315 1396 2384 ὑπάρχειν
1429 2312 1561 2374 ὅλως
1591 2314 1657 2382 τῇ
1693 2310 1809 2380 θείᾳ

231 2408 397 2469 φασὶν
435 2406 614 2476 οὐσίᾳ,
650 2406 684 2476 ἢ
712 2408 844 2476 ἡμῖν
872 2423 936 2474 γε
967 2409 1044 2477 μὴ
1077 2407 1344 2476 ὑπάρχειν
1369 2423 1383 2437 σ
1410 2405 1438 2460 ὃ
1467 2404 1510 2458 δ’
1545 2405 1635 2458 οὖν
1664 2404 1811 2471 suist.

232 2496 598 2563 δογματισθέν
648 2501 711 2551 ἐκ
765 2499 874 2551 τῶν
928 2499 1268 2569 τιμιωτέρων
1321 2498 1458 2570 ἡμῖν
1504 2497 1812 2558 ἐκδέδοται,

235 2593 492 2659 στέργειν
514 2591 608 2644 καὶ
634 2592 780 2661 ἡμᾶς
803 2588 940 2645 εἶναι
959 2594 1228 2664 ἀνάγκην,
1257 2594 1351 2646 καὶ
1379 2590 1605 2661 μηδαμῆ
1629 2607 1819 2659 περαι-

231 2682 382 2751 τὲρω
426 2684 760 2749 προϐαίνειν,
799 2686 932 2755 μηδὲ
978 2687 1480 2756 πολυπραγμονεῖν.
1515 2684 1576 2736 Εἰ
1621 2683 1677 2735 δέ
1719 2700 1817 2734 που

235 2777 332 2828 καὶ
352 2777 418 2827 δι’
439 2776 752 2846 οἰκονομίαν
779 2779 898 2830 τινὰ
919 2779 1076 2840 ἐνίοις
1110 2781 1282 2831 ἐνίοτε
1311 2777 1404 2831 καὶ
1429 2776 1646 2845 ἐνιαχοῦ
1674 2791 1816 2844 παρ-

234 2869 540 2938 ἐφθεγκταί
573 2887 648 2934 τι,
677 2870 835 2936 δόξαν
860 2873 985 2934 ἴσως
1019 2871 1417 2939 ἐναντιολογιας
1451 2870 1709 2939 παρέχον,
1742 2869 1816 2936 μὴ

236 2962 405 3029 νόμον
433 2957 571 3014 εἶναι
602 2961 662 3013 τὸ
692 2963 916 3015 σπάνιόν
942 2980 998 3015 τε
1026 2965 1120 3017 καὶ
1150 2962 1603 3029 δυσδιάγνωστον.

1920 1854 2097 1922 quoad
2137 1853 2251 1908 ﬁeri
2284 1853 2463 1922 potuit
2493 1853 2899 1920 conservantis,
2927 1855 3311 1924 produximus,
3338 1866 3395 1912 et
3422 1860 3490 1914 ad

1919 1947 2064 2001 illam
2097 1948 2162 1999 de
2189 1945 2492 2001 divinitatis
2523 1945 2743 1999 nomine
2775 1945 3203 2015 disputationem
3237 1964 3304 2004 ex
3348 1959 3490 2006 tem-

1919 2054 2050 2109 pore
2077 2037 2453 2094 adhibuimus.
2485 2037 2622 2091 Tum
2657 2038 2759 2094 ltoc
2793 2039 2901 2095 illis
2939 2041 3102 2095 simul
3139 2044 3490 2112 cxprobravi,

1917 2130 2065 2202 quod
2112 2146 2234 2185 cum
2275 2132 2447 2186 sancti
2497 2131 2691 2185 Patres
2736 2147 2938 2186 nomen
2985 2133 3239 2203 θεότητος
3289 2137 3494 2194 diserte

1920 2225 2228 2278 tribuerent
2261 2223 2458 2278 divina:
2487 2225 2825 2289 substantiae,
2878 2226 2934 2280 bi
2980 2243 3268 2297 perperam
3317 2231 3492 2285 inter-

1919 2317 2190 2388 pretando
2260 2328 2447 2386 aperte
2518 2318 2641 2372 illos
2720 2318 3211 2375 calumniarentur.
3273 2312 3491 2378 Etenim

1922 2412 2079 2465 aiunt
2117 2411 2176 2474 ii,
2219 2410 2417 2464 divinae
2465 2411 2786 2465 substantia:
2833 2426 3036 2467 nomen
3080 2415 3365 2483 pr0prium
3407 2417 3494 2471 vel

1923 2517 2031 2559 non
2058 2501 2343 2564 exsistere,
2377 2500 2461 2554 vel
2509 2502 2668 2555 nobis
2701 2502 2845 2556 haud
2877 2503 3165 2560 exsistere.
3195 2503 3352 2572 Quod
3390 2507 3496 2561 ita-

1919 2608 2025 2663 que
2057 2592 2246 2656 iidem,
2278 2591 2346 2645 ab
2376 2593 2859 2648 excellentioribus
2910 2597 3196 2653 attributis
3246 2599 3496 2663 ductum,

1919 2684 1972 2738 in
2007 2686 2171 2739 rebus
2213 2684 2534 2753 dogmaticis
2569 2695 2929 2755 usurparunt,
2961 2699 3016 2742 et
3057 2691 3222 2746 nobis
3256 2694 3501 2747 tradide-

1921 2785 2069 2841 runt,
2111 2792 2176 2830 eo
2210 2791 2310 2829 nos
2360 2785 2654 2832 contentos
2687 2793 2809 2832 esse
2861 2781 3181 2836 necessario
3221 2793 3502 2852 oportere,

1920 2880 2029 2918 non
2076 2872 2257 2917 autem
2317 2864 2453 2918 ultra
2491 2867 2746 2934 progredi
2781 2875 2838 2921 ct
2867 2868 3143 2924 curiosius
3199 2871 3501 2942 inquirere.

1920 2955 2075 3022 Quod
2128 2956 2174 3010 si
2227 2955 2321 3024 qui
2357 2955 2622 3026 singulari
2657 2957 2836 3027 aliqua
2877 2961 3090 3015 ratione
3121 2963 3416 3032 aliquando
3448 2980 3504 3024 et

237 3055 444 3108 alicubi
477 3055 756 3110 dissonum
787 3056 916 3125 quid
963 3056 1435 3126 pronuntiassent,
1460 3054 1636 3125 990
1661 3050 1807 3123 quod
1845 3049 2123 3105 contrarie
2189 3048 2398 3103 dictum
2475 3049 2650 3104 videri
2694 3061 2898 3121 posset,
2934 3051 2987 3106 id
3036 3056 3277 3124 quidem,
3314 3065 3503 3127 utpote

238 3159 427 3198 rarum
455 3155 505 3198 et
537 3147 856 3210 obscurum,
897 3148 1070 3217 legem
1105 3163 1212 3201 non
1246 3162 1388 3202 esse.

315 3235 408 3291 H'.
442 3239 575 3308 Περὶ
602 3237 648 3292 δ’
669 3233 744 3292 ὦν
769 3235 923 3301 αὖθις
956 3240 1044 3292 τὸν
1075 3240 1248 3307 μέγαν
1266 3241 1486 3308 εἰσῆγον
1513 3240 1706 3294 ἐκεῖνοι
1731 3238 1836 3290 Βα-
1859 3237 1905 3299 C

1832 3237 1905 3299 ,ρ
2009 3229 2147 3286 Vlll.
2191 3227 2475 3295 Quatenus
2521 3238 2704 3284 autem
2751 3231 3010 3287 Basilium
3058 3234 3307 3307 Magnum
3343 3239 3506 3295 indu-

241 3331 468 3396 σίλειον,
514 3331 742 3398 λέγοντα
773 3332 1064 3400 γινώσκειν
1105 3334 1171 3385 ἐκ
1213 3331 1322 3385 τῶν
1351 3332 1644 3400 ἐνεργειῶν
1676 3332 1824 3400 ἡμᾶς

240 3422 337 3474 τὸν
361 3423 494 3476 Θέὸν
514 3441 526 3454 ·
559 3424 694 3478 ἀλλά
728 3425 832 3494 μὴν
859 3404 1147 3488 ἀκτίστους
1178 3426 1383 3486 ἐκεῖνος
1405 3424 1606 3494 ἣκιστα
1627 3424 1825 3493 φάσκει

244 3514 508 3582 θεότητας
532 3511 674 3568 εἶναι
700 3517 797 3578 τὰς
831 3515 1088 3579 τοιαύτας
1119 3518 1422 3586 ἐνεργείας,
1465 3517 1642 3582 ἔγωγε
1689 3518 1822 3584 ἔφα-

250 3623 402 3659 σκον.
439 3605 508 3658 Ἦ
561 3607 690 3672 γοῦν
747 3608 820 3676 μὴ
864 3607 931 3660 δι’
987 3607 1191 3659 ἑαυτῶν
1237 3606 1630 3672 ἀναγινώσκειν
1689 3605 1825 3667 ὅλως

249 3698 639 3768 ἁπεφαινόμην
656 3699 873 3762 αὐτοὺς,
897 3699 929 3768 ἢ
953 3696 1424 3766 ἀναγινώσκοντας
1445 3699 1517 3768 μὴ
1541 3696 1825 3775 γινώσκειν

249 3791 387 3852 ὅλως
415 3791 451 3844 ἀ
480 3791 964 3858 ἀναγινώσκουσιν.
1007 3792 1188 3844 Εἰπὼν
1223 3791 1332 3861 γάρ
1358 3794 1386 3844 ὁ
1423 3790 1564 3852 θεῖος
1602 3789 1787 3858 Πατὴρ
1807 3830 1823 3855 ,

250 3883 317 3932 ἐι
365 3882 474 3933 τῶν
528 3883 817 3952 ἐνεργειῶν
870 3881 1157 3950 γινώσκειν
1203 3883 1351 3952 ἡμᾶς
1421 3881 1510 3933 τὸν
1551 3881 1701 3943 Θεὸν,
1769 3880 1825 3929 ἐν

247 3974 318 4040 τῇ
357 3973 493 4041 αὐτῇ
526 3972 882 4041 παρακατιὼν
938 3972 1192 4042 ἐπιστολῇ
1240 3973 1428 4025 ἑαυτὸν
1493 3972 1654 4033 αὐτὸς
1696 3971 1824 4039 ἐξη-

247 4065 452 4128 γεῖται,
479 4063 730 4131 φάσκων·
767 4082 785 4114 ι
829 4064 892 4117 Oi
925 4065 1164 4133 μαθηταὶ
1192 4065 1322 4118 πότε
1353 4063 1514 4116 αὑτὸν
1558 4061 1826 4133 προσεκύ-

247 4171 424 4222 νησαν
445 4172 460 4220 ;
489 4156 582 4224 οὐχ
605 4157 694 4206 ὅτε
709 4155 808 4225 τὴν
821 4155 996 4207 κτίσιν
1018 4155 1164 4224 αὐτῴ
1184 4151 1324 4207 εἶδον
1348 4155 1821 4224 ὑποτεταγμένην;

280 4247 401 4298 Atro
431 4246 538 4316 γὰρ
563 4247 838 4315 θαλάσσης
863 4249 960 4299 καὶ
979 4247 1197 4309 ἀνέμων
1224 4247 1646 4301 ὑπακουσάντων
1678 4245 1825 4313 αὺτῷ

250 4337 561 4406 ἐγνώρισαν
596 4336 760 4390 αὑτοῦ
791 4337 888 4408 τὴν
917 4338 1169 4407 θεότητα.
1205 4337 1414 4391 Οὐκοῦν
1445 4339 1553 4392 ἀπὸ
1588 4339 1686 4407 μὲν
1717 4337 1825 4391 τῶν

254 4428 550 4497 ἐνεργειῶν
576 4429 607 4498 ἠ
632 4429 830 4496 γνῶσις
852 4446 866 4460 ’
896 4428 1004 4482 ἀπὸ
1045 4429 1099 4482 δὲ
1131 4432 1226 4500 τῆς
1255 4428 1506 4498 γνώσεας
1533 4431 1566 4500 ἡ
1596 4429 1827 4500 προσκύ-

255 4536 438 4588 νησις.
465 4537 483 4570 ι
536 4540 553 4570 ι
591 4521 701 4572 Καὶ
743 4519 862 4589 ἅμα
905 4521 1086 4588 ὁρᾶτε,
1123 4520 1391 4590 ἔφασκον,
1439 4521 1716 4590 ἐνεργείας
1756 4521 1824 4573 τά

1932 3322 2154 3386 cebant,
2188 3320 2466 3376 dicentem
2498 3323 2757 3391 cognosci
2792 3340 2822 3377 a
2853 3326 3014 3380 nobis
3058 3329 3229 3384 Deum
3273 3345 3340 3385 ex
3368 3348 3504 3402 cpe-

1931 3413 2276 3477 rationibus;
2323 3421 2379 3466 at
2414 3428 2508 3468 eas
2556 3415 2930 3483 operationes,
2984 3419 3231 3488 inquam,
3280 3426 3507 3480 minime

1932 3506 2024 3560 ille
2063 3506 2336 3560 increatas
2374 3505 2689 3560 divinitates
2740 3522 2859 3562 esse
2921 3509 3017 3564 ait.
3070 3501 3305 3568 Omnino
3353 3532 3506 3586 ergo,

1931 3605 2027 3652 aut
2056 3599 2204 3667 ipsos
2235 3612 2331 3666 per
2362 3611 2419 3651 se
2454 3611 2566 3650 non
2596 3596 2797 3666 legere,
2827 3607 2920 3652 aut
2949 3599 3182 3667 legendo
3211 3619 3320 3657 non
3349 3606 3510 3659 intel-

1932 3689 2099 3759 ligere
2140 3702 2205 3742 ea
2254 3702 2376 3757 quae
2424 3689 2686 3758 legerent,
2719 3688 3073 3746 allirmabam.
3107 3693 3240 3748 Nam
3285 3708 3508 3765 sanctus

1931 3781 2022 3836 liic
2050 3781 2230 3844 Pater,
2267 3789 2554 3850 postquam
2593 3781 2752 3846 dixit,
2793 3782 2964 3837 Deum
3001 3799 3065 3838 ex
3096 3788 3508 3854 operationibus

1931 3870 2186 3941 cognosci
2231 3885 2260 3924 a
2314 3870 2493 3934 nobis,
2526 3885 2680 3925 suam
2728 3872 2842 3940 ipse
2874 3883 3112 3928 mentem
3147 3873 3289 3931 infra
3324 3877 3378 3932 in
3411 3894 3508 3932 ea-

1935 3964 2062 4019 dem
2091 3963 2325 4034 epistola
2360 3962 2756 4031 interpretatur
2794 3962 2883 4019 bis
2911 3963 3098 4020 verbis
3127 3983 3140 4020 :
3183 3986 3202 4019 ι
3247 3969 3509 4039 Discipuli

1932 4061 2152 4130 quando
2183 4074 2313 4115 eum
2360 4059 2701 4112 adorarunt?
2745 4061 2864 4114 Non
2911 4077 3036 4116 cum
3086 4073 3398 4119 creaturam
3455 4067 3509 4122 ei

1932 4150 2261 4208 submissam
2301 4150 2605 4204 viderunt?
2655 4150 2862 4222 Nempe
2910 4153 2949 4208 ii
2988 4154 3338 4212 divinitatem
3388 4159 3510 4228 ejus

1933 4258 2003 4298 ex
2035 4257 2103 4297 eo
2138 4248 2544 4312 cognoverunt,
2578 4241 2723 4310 quod
2757 4252 2814 4297 et
2849 4259 2997 4299 mare
3043 4255 3099 4301 et
3127 4240 3278 4304 venti
3320 4252 3514 4316 obedi-

1933 4347 2056 4394 rent
2094 4339 2168 4394 ei.
2206 4338 2396 4408 Itaque
2424 4354 2489 4392 ex
2523 4338 2940 4408 operationibus
2981 4349 3108 4396 nata
3143 4346 3408 4413 cognitio,
3438 4362 3509 4403 ex

1934 4433 2247 4503 cognitione
2281 4431 2546 4486 adoratio.
2591 4450 2609 4482 ι
2654 4449 2672 4482 ι
2712 4431 2790 4485 Ac
2821 4431 3022 4498 videte,
3062 4433 3306 4503 inquam,
3340 4439 3506 4493 simul

1934 4537 2184 4579 sanctum
2214 4525 2362 4578 hunc
2390 4524 2668 4578 doctorem
2711 4523 3060 4592 operationes
3101 4537 3387 4583 vocantem
3419 4545 3508 4594 ea,

256 4611 518 4680 θαύματα
551 4611 778 4679 λέγοντα
832 4612 922 4663 τὸν
975 4612 1119 4666 θεῖον
1168 4613 1503 4667 διδάσκαλον.
1567 4614 1688 4674 ΙΙῶς
1739 4611 1834 4666 οὖν
1869 4608 1911 4661 D

1869 4608 1911 4661 D
1941 4633 2062 4687 qua:
2096 4625 2225 4672 sunt
2259 4615 2541 4669 miracula.
2588 4613 2874 4681 Quomodo
2915 4615 3100 4683 itaque
3133 4633 3231 4672 vos
3271 4635 3422 4674 mare
3454 4632 3511 4678 et

259 4703 543 4754 θάλασσαν
599 4704 694 4756 καὶ
741 4703 976 4772 ἀνέμους
1029 4705 1120 4756 καὶ
1173 4703 1241 4756 τὰ
1298 4704 1523 4757 τοιαῦτα
1572 4703 1832 4774 θεότητας

1942 4716 2140 4763 ventos
2191 4715 2247 4761 et
2310 4706 2510 4760 similia
2567 4705 2842 4759 increatas
2891 4705 3102 4760 vocatis
3157 4707 3509 4775 divinitates;

258 4797 559 4858 ἀκτίστους
613 4796 785 4863 φατὲ,
836 4799 930 4847 καὶ
989 4797 1116 4858 τοὺς
1167 4795 1343 4858 θείους
1401 4795 1724 4867 πρηστῆρας
1771 4797 1831 4850 οὐ

1949 4809 2064 4852 ιυιιι
2093 4798 2253 4852 iidem
2283 4797 2474 4867 igneos
2505 4796 2600 4850 Dei
2632 4794 2880 4849 turbines
2913 4795 3060 4850 haud
3087 4796 3514 4856 exhorrescitis?

262 4889 522 4956 φρίττετε
543 4905 558 4952 ;
579 4887 806 4938 Ἐπειτι
829 4885 948 4937 οὑδέ
969 4903 1050 4937 τοι
1073 4887 1162 4937 τὸν
1179 4886 1286 4938 τῶν
1301 4885 1470 4938 ὄντων
1493 4885 1833 4955 γινώσκομεν

1941 4891 2061 4945 iam
2108 4904 2239 4946 vero
2285 4905 2387 4944 nec
2438 4889 2617 4957 ipsum
2651 4889 2860 4942 entium
2899 4898 3180 4942 auctorem
3229 4905 3514 4960 cognosc.-

262 4982 473 5032 αἴτιον·
515 4982 621 5030 κάκ
652 4982 747 5047 τῆς
782 4979 1041 5046 διαφορᾶς
1074 4979 1181 5030 τών
1211 4979 1382 5032 ὄντων
1416 4978 1514 5049 τὴν
1562 4978 1653 5031 τοῦ
1685 4980 1837 5043 ὄντος

1835 4999 1837 5033 :
1950 4997 2092 5046 mus,
2125 4981 2217 5035 sed
2264 4996 2328 5035 ex
2363 4979 2626 5033 varietate
2661 4979 2872 5033 entium
2911 4980 3237 5049 sapientiam
3269 4982 3387 5051 ejus
3417 4983 3509 5052 qui

265 5069 632 5138 διδασκόμεθα
657 5068 866 5136 σοφίαν,
895 5067 984 5119 τὸν
1018 5067 1160 5119 Υίόν·
1196 5069 1284 5120 καὶ
1313 5070 1376 5119 ἐκ
1409 5068 1507 5137 τῆς
1535 5069 1642 5120 τών
1669 5069 1839 5122 ὄντων

1947 5081 2051 5138 est,
2079 5087 2274 5142 nempe
2314 5072 2533 5135 Filium,
2575 5071 2995 5139 cognoscimus;
3029 5082 3084 5126 ct
3113 5087 3180 5126 ex
3221 5084 3372 5126 motu
3421 5090 3518 5129 en-

268 5162 505 5230 φυσικῆς
536 5164 800 5230 κινήσεως
823 5160 922 5230 τὴν
958 5161 1322 5214 ἐνυπόστατον
1343 5158 1436 5211 τοῦ
1457 5160 1607 5223 ὄντος
1637 5161 1840 5234 μανθα-

1950 5165 2085 5220 tium
2112 5164 2349 5218 naturali
2379 5163 2548 5217 vitam
2575 5163 2717 5232 ejus,
2749 5162 2842 5232 qui
2873 5173 2978 5228 est,
3006 5178 3103 5232 per
3132 5179 3191 5218 se
3217 5165 3521 5220 subsisten-

269 5269 439 5320 νομεν
484 5252 648 5318 ζωὴν,
690 5253 789 5320 τὴν
833 5251 941 5302 τῶν
975 5251 1143 5304 ὄντων
1187 5250 1451 5315 ζωοποιὸν
1501 5251 1748 5320 δύναμιν,
1785 5253 1844 5304 τὸ

1950 5266 2060 5312 tem
2113 5257 2492 5326 intelligimus,
2543 5271 2741 5325 nempe
2785 5257 2994 5310 entium
3039 5257 3309 5312 viviticam
3352 5258 3521 5311 virtu-

276 5343 501 5412 Πνεῦμα
534 5346 594 5395 τὸ
624 5344 797 5410 ἀγιον.
832 5362 848 5394 ι

1953 5358 2084 5410 tem,
2115 5347 2381 5417 Spiritum
2413 5356 2684 5400 sanctum.
2727 5364 2746 5400 ε

351 5437 427 5490 Θ’.
478 5436 538 5488 Ὀ
575 5437 826 5506 βασιλεὺς
854 5435 898 5489 δ’
927 5435 1089 5497 εὐθὺς
1124 5435 1428 5501 ἀνίσταται,
1468 5438 1651 5506 γέμων
1683 5438 1851 5507 ὀργῆς

1848 5455 1851 5490 τ
2026 5437 2116 5493 IX.
2175 5437 2248 5492 lbi
2292 5435 2591 5508 imperator
2633 5438 2729 5494 ira:
2780 5447 2836 5493 et
2893 5439 3286 5509 indignationis
3330 5442 3522 5510 plenus

278 5534 378 5582 καὶ
412 5530 584 5597 θυμοῦ
649 5531 739 5582 καὶ
768 5530 942 5599 βραχὺ
975 5530 1181 5597 προϐὰς
1209 5529 1301 5581 τοῦ
1337 5529 1579 5598 θαλάμου
1611 5531 1670 5580 τὸ
1693 5547 1851 5594 ποιη-

1848 5558 1851 5568 ι
1956 5526 2213 5594 surrexit:
2247 5540 2304 5585 et
2331 5531 2493 5598 paulo
2524 5541 2679 5585 extra
2718 5531 3034 5586 cubiculum
3061 5548 3382 5602 progressus
3410 5549 3522 5587 cm-

275 5625 402 5677 τέον
435 5621 819 5689 ἐκοινολογεῖτο
854 5619 1037 5689 κρύφα
1061 5620 1136 5689 τῷ
1186 5637 1244 5671 τε
1302 5620 1539 5689 Παλαμᾷ
1589 5621 1683 5672 καὶ.
1744 5623 1857 5682 τοῖς

1850 5640 1857 5680 :
1962 5625 2040 5692 pit
2084 5625 2223 5677 clam
2272 5638 2396 5676 cum
2437 5622 2649 5676 Palama
2691 5633 2746 5676 et
2775 5622 3049 5692 episcopis
3081 5623 3208 5692 quid
3255 5625 3524 5692 agendum

695 5710 833 5766 εἶναι
875 5714 982 5782 γὰρ
1027 5714 1314 5783 ἀνίσχυρον
1364 5712 1614 5765 ἐνταυθοῖ
1657 5713 1751 5778 τὴν
1798 5726 1860 5764 εκ
1962 5725 2106 5769 esset
2130 5715 2369 5769 consulta

1831 5730 1860 5764 κ
1962 5715 2441 5769 essetconsultarc
2483 5730 2498 5768 ξ
2545 5713 2711 5767 verba
2754 5713 2958 5782 quippe
2992 5715 3044 5768 in
3081 5717 3335 5782 prmsenti
3369 5733 3505 5785 uch

1966 5809 2041 5862 tio
2071 5807 2176 5860 vim
2211 5805 2574 5876 persuadendi
2600 5803 2759 5874 991
2792 5805 3073 5860 minimam
3106 5808 3327 5862 habere.
3359 5814 3530 5876 Atque

283 5718 608 5777 ἐπισκόποις
628 5731 640 5742 ·

285 5811 462 5885 ὶόγιυν
529 5807 719 5865 πειθώ,
786 5807 895 5860 Καὶ
948 5807 1112 5876 parua
1162 5807 1378 5858 πάντων
1424 5806 1600 5859 ἄλλων
1643 5805 1861 5876 εὕρισκε
