4240 6460
191 384 327 448 ηδε
574 381 646 452 [.t.
689 397 738 436 c.
786 383 942 452 l55l|

1193 389 1624 450 ΒΥΖΧΝΤΙΝΆΕ
1663 395 2038 455 ΗΙΒΤΟΒΙΑι
2081 400 2218 456 LIB.
2253 399 2369 458 XX.

2488 394 2618 465 [ιυιι.
2661 414 2696 447 J.
2736 409 3019 447 curiﬁn.
3069 398 3117 462 εἲς

3234 401 3365 467 1266

189 515 290 557 τας
332 497 516 565 ὓὸρεις
549 495 639 550 καὶ
673 501 896 562 ἀπειλὰς
927 501 1048 553 καθ’
1088 502 1245 572 ήμῶν
1285 503 1613 569 έξετόξευεν,
1648 506 1746 556 οὐκ
1776 511 1817 564 Α
1851 517 1863 558 t

1706 523 1746 556 ac
1776 511 1817 564 Α
1851 509 1973 561 telis
1995 511 2337 576 quibusdam.
2365 528 2462 566 nos
2484 513 2736 574 incessit;
2774 529 2878 564 non
2913 513 3000 567 ille.
3037 515 3380 568 incozeudnn.

205 585 553 640 Ἀτλαντικοῦ
609 589 682 656 (7)
749 591 1072 660 κληρουχίας
1132 593 1431 661 πελάγους,
1495 597 1584 646 καὶ
1642 599 1744 664 γῆς

190 683 445 748 ποιήσειν
463 681 564 742 ἔξω
597 682 694 748 τῆς
723 684 1047 750 οἰκουμένης
1069 683 1288 752 (Ξέρξου
1313 686 1420 754 γὰρ
1450 687 1618 738 ταῦτα
1651 691 1746 749 καὶ

188 771 294 834 τῆς
341 770 553 822 ἐκείνου
604 761 940 840 βαρὸαρικῆς
983 775 1238 837 ἀπονοίας
1261 777 1352 827 καὶ
1386 778 1596 845 τρυφῆς
1631 774 1744 845 ἦν),

191 861 331 914 ἄλλα
362 861 658 913 δ’κὲκέίνων
691 865 860 931 μείζω
892 866 984 916 καὶ
1016 865 1224 934 σφόδρα
1250 867 1543 936 ἀπᾴδοντα,
1572 870 1645 930 ὡς
1675 871 1750 920 εἱ-

195 953 424 1019 ρήσεται
469 953 746 1019 προϊόντος
780 952 898 1020 τοῦς
917 953 1095 1020 λόγου.
1131 955 1249 1009 Τῶν
1280 958 1387 1025 γὰρ
1423 960 1618 1012 ἀνίσων
1659 964 1751 1012 καὶ

191 1043 464 1107 ἀνομοίων
499 1043 679 1111 ἀρχῶν
712 1060 770 1096 τε
820 1047 911 1096 καὶ
943 1047 1307 1114 προαιρέσεων
1349 1048 1507 1100 ἄνισά
1549 1067 1604 1100 τε
1658 1054 1751 1102 καὶ

194 1134 426 1197 ἀνόμοια
457 1135 670 1194 πάντως
693 1129 831 1186 εἶναι
857 1135 1004 1197 είκδς
1033 1136 1126 1188 καὶ
1141 1137 1208 1188 τά
1233 1138 1343 1208 τῶν
1370 1141 1753 1208 πραττομένων

194 1223 539 1292 ἑκατέρωθεν
606 1225 858 1294 λήγοντα.
910 1225 1041 1278 οὐδὲ
1101 1225 1209 1296 γάρ
1267 1227 1492 1296 πάτριον
1551 1230 1752 1289 ἐκεῖνος

194 1315 472 1382 ἐξώμνυτο
512 1315 673 1376 σέϐας
694 1355 709 1377 ,
740 1316 858 1368 οὐδὲ
905 1315 1199 1386 θρησκείαν
1234 1317 1526 1387 θρησκείας
1559 1320 1750 1386 ἡλλάτ-

193 1423 339 1467 τετο,
397 1406 502 1457 οὐδ’
560 1406 696 1458 ἐθῶν
739 1408 832 1460 καὶ
879 1408 1165 1478 δογμάτων
1202 1409 1295 1480 ἔθη
1347 1413 1441 1463 καὶ
1491 1412 1752 1480 δόγματα,

197 1493 446 1546 παλαιῶν
477 1495 762 1563 καινότερα
795 1497 886 1547 καὶ
915 1499 1174 1550 νεότακτα
1203 1513 1216 1526 ·
1247 1500 1356 1551 οὐδ’
1387 1501 1583 1569 ὅρκους
1627 1503 1757 1553 ἐπά-

195 1601 282 1635 τει
313 1583 748 1650 θρησκευομένου
767 1586 924 1639 Θεοῦ.

274 1671 344 1725 ι·’.
381 1675 440 1725 Εἰ
467 1675 521 1726 δέ
552 1692 635 1736 τις
661 1676 945 1738 ένίσταιτο,
972 1677 1179 1748 Ξέρξην
1207 1677 1500 1750 θαυμάζων
1531 1683 1756 1746 έκεινον,

1846 597 2174 653 Atlanticum
2209 618 2375 662 mare,
2417 619 2514 654 nec
2561 615 2712 656 citra
2776 614 2970 656 terram
3040 607 3384 660 habitabilem

1850 692 2140 758 quaerenda
2169 693 2356 746 exsilia
2382 697 2741 745 comminatus
2767 696 2984 762 (quippe
3017 697 3126 749 hanc
3159 698 3386 750 Xersem

1849 792 1904 832 et
1939 782 2272 834 barbaricam
2301 786 2419 850 eius
2452 785 2774 836 dementiam
2806 801 2871 837 ac
2910 786 3182 838 lasciviam
3233 788 3388 841 (Ιοιεη

1854 871 2026 935 bant),
2051 873 2142 925 sed
2172 874 2272 925 alia
2301 873 2386 926 his
2403 875 2646 941 graviora
2679 885 2729 925 et
2764 876 2991 928 multum
3022 876 3366 930 abhorrentia

1856 981 1912 1022 ut
1947 969 2083 1022 infra
2108 971 2335 1022 dicetur.
2373 971 2592 1024 S"iliCt-t
2626 972 2715 1025 ubi
2750 974 3015 1041 principia
3047 984 3100 1026 et
3151 976 3390 1027 instituta

1859 1061 2142 1127 inaequalia
2175 1071 2230 1113 ct
2261 1063 2543 1115 dissimilia
2600 1075 2746 1124 sunt,
2782 1065 2852 1116 ibi
2904 1065 3066 1117 etiam
3106 1067 3396 1133 inchttalcs

1855 1160 1908 1202 et
1935 1149 2227 1204 dissimiies
2262 1154 2513 1220 utrinque
2541 1169 2659 1205 esse
2709 1154 2984 1206 actionum
3028 1157 3205 1207 exitus
3240 1156 3396 1223 plane

1855 1253 2273 1294 consentaneum
2299 1252 2404 1295 est.
2442 1244 2609 1296 Porro
2632 1244 2720 1296 ille
2773 1259 2874 1297 nec
2932 1244 3244 1310 religionem
3310 1260 3398 1312 pa-

1858 1333 2015 1387 triam
2049 1333 2417 1401 abiuraverat,
2455 1349 2554 1388 nec
2591 1350 2796 1388 morem
2862 1335 3276 1404 doctrinamque
3313 1351 3400 1388 ve-

1857 1433 2024 1479 terem
2056 1439 2194 1477 novo
2254 1441 2548 1494 recensque
2590 1428 2883 1479 constituto
2933 1443 3081 1480 more
3127 1429 3399 1481 doctrina-

1858 1532 1968 1583 que
1994 1525 2316 1576 mutaverat,
2375 1533 2471 1570 nec
2510 1518 2690 1571 lidem.
2749 1519 2796 1570 ei
2835 1535 2993 1585 quem
3042 1520 3254 1573 colebat
3292 1519 3400 1573 Deo

1856 1606 2016 1676 993
2038 1609 2300 1676 juratam,
2335 1607 2562 1673 pc‘dibus
2591 1608 2915 1676 subjecerat.

1932 1695 2019 1749 lil.
2054 1696 2206 1760 Quod
2244 1698 2287 1749 si
2315 1697 2440 1764 quis
2463 1697 2694 1750 Xerxem
2754 1699 2904 1751 illum
2967 1700 3192 1753 miratus
3243 1703 3405 1755 instet

198 1767 281 1818 ὅτι
320 1767 421 1833 γῆς
456 1769 547 1819 καὶ
581 1767 854 1836 θαλάσσης
885 1763 1020 1838 ἦρχε
1051 1771 1192 1823 πάνυ
1223 1790 1303 1824 τοι
1339 1773 1591 1841 πλείστης
1616 1814 1628 1834 ,
1667 1776 1759 1825 καὶ
1795 1827 1832 1878 Β
1863 1804 1872 1841 ε

1733 1776 1759 1825 λ
1795 1827 1832 1878 Β
1863 1803 1924 1842 ac
1966 1788 2131 1840 dicat.
2164 1803 2286 1840 eum
2324 1763 2482 1841 terra:
2511 1797 2566 1842 et
2599 1789 2762 1842 maris
2810 1790 3074 1842 tractibus
3102 1805 3263 1857 quam
3292 1791 3407 1843 lon-

203 1858 438 1924 στρατὸν
457 1859 694 1928 ἐπήγετο
723 1861 1109 1928 μυριάριθμον,
1138 1857 1210 1913 ὧν
1235 1863 1390 1930 ἡμεῖς
1413 1865 1760 1917 παντάπασιν

205 1951 555 2017 ἐστερήμεθα
581 1967 593 1979 ·
641 1951 776 2003 ἀλλὰ
814 1950 1078 2019 θεοτήτων
1122 1954 1214 2003 καὶ
1241 1953 1388 2004 Θεῶν
1429 1953 1669 2023 ἀπείρων
1703 1973 1762 2008 τε

204 2044 302 2090 καὶ
333 2041 598 2092 ἀκτίατων
635 2041 832 2108 ἣκιστα
883 2039 995 2109 είχε
1025 2043 1360 2112 στρατόπεδα
1383 2059 1398 2074 ⁸
1435 2044 1566 2096 ἀλλά
1611 2039 1764 2098 πάντ’

206 2126 349 2202 ἦσαν
389 2133 534 2200 αὑτῷ
564 2134 755 2184 κτιστὰ
793 2132 882 2184 καὶ
910 2131 1075 2201 θνητά
1104 2135 1223 2186 κατ’
1254 2122 1436 2187 αὐτόν.
1475 2136 1538 2187 ’0
1565 2135 1627 2205 δὴ
1673 2138 1764 2189 καὶ

208 2222 374 2283 αὐτὸς
405 2223 580 2290 ἑαυτῷ
603 2222 1016 2290 μεμαρτύρηκε,
1037 2222 1128 2274 νῦν
1152 2223 1249 2292 μὲν
1277 2224 1467 2291 γελῶν,
1489 2224 1582 2276 νῦν
1611 2226 1664 2278 δὲ
1686 2227 1768 2278 δα-

210 2313 416 2381 κρύωνο
441 2313 500 2363 τὸ
521 2311 616 2379 μὲν
643 2311 721 2363 ὅτι
751 2311 1004 2376 πλείστης
1019 2314 1248 2381 ἠπείρου
1263 2315 1356 2366 καὶ
1381 2313 1648 2384 θαλάττης
1675 2318 1768 2368 καὶ

212 2401 591 2470 στρατοπέδων
651 2401 809 2469 ἄρχει
860 2400 1188 2469 παμπόλλων
1209 2418 1224 2432 ο
1257 2403 1317 2454 τὸ
1343 2402 1398 2454 δέ
1423 2403 1528 2465 ὅτι,
1559 2403 1766 2470 θνητῶν

216 2494 314 2544 καὶ
344 2491 693 2560 προσκαίρων
719 2491 1287 2568 ὑπαρχόντωνηοῦόελς
1317 2493 1452 2560 ὑπὲρ
1489 2494 1556 2544 τὰ
1580 2493 1768 2545 ἑκατὸν

215 2584 370 2637 ἔσται
398 2584 719 2652 φαινόμενος
747 2583 862 2645 ἔτη,
891 2581 1000 2634 οὒτ’
1023 2583 1207 2644 αὐτὸς,
1235 2581 1346 2635 οὔτ’
1370 2584 1541 2647 οὐδεὶς
1563 2585 1768 2653 οὐδαμῆ

214 2677 325 2728 τῶν
365 2674 508 2742 αὐτῷ
551 2675 847 2742 ἑπομένων.
878 2673 958 2744 [Ρ.
990 2671 1114 2744 625]
1144 2661 1235 2726 ’οὑ
1277 2677 1382 2742 γὰρ
1423 2669 1490 2741 ἦν
1524 2691 1608 2725 πω
1651 2677 1769 2727 τότε

215 2766 508 2832 Παλαμᾶς,
543 2765 664 2816 οὐδὲ
692 2763 768 2831 τῷ
795 2763 972 2832 πολλῷ
1003 2767 1167 2833 συνῆν
1203 2750 1405 2832 ἐκείνῳκ
1431 2765 1635 2832 βασιλεί
1671 2784 1776 2817 παι

217 2856 520 2926 ραπλήσιος
550 2858 606 2906 ὲν
622 2854 894 2915 τοσούτοις
916 2855 1314 2922 στρατεύμασιν
1342 2856 1512 2919 οὐδεὶς
1544 2857 1772 2925 Παλαμᾷ

217 2948 439 3016 τουτῳῒ,
489 2947 750 3016 τεχνητὴν
795 2947 994 3010 κτίζων
1025 2947 1322 2999 ἀθανασίαν
1366 2948 1460 3000 καὶ
1495 2949 1770 3014 ἀκτισίαν,

220 3037 473 3103 καθάπερ
510 3037 632 3094 τοὺς
677 3035 969 3105 κεραυνοὺς
1003 3036 1095 3088 καὶ
1139 3035 1460 3104 πρηστῆρας
1489 3037 1552 3089 ὲκ
1587 3039 1688 3106 γῆς
1724 3041 1771 3091 oi

1861 1878 2097 1946 gissimis
2128 1877 2441 1944 imperasse,
2491 1887 2546 1930 et
2595 1877 3017 1931 innumerabiles
3043 1893 3227 1932 secum
3251 1893 3408 1932 exer-

1862 1969 2004 2023 citus
2033 1967 2306 2032 duetasse,
2333 1969 2533 2035 quibus
2564 1983 2664 2021 nos
2719 1968 2882 2022 rebus
2915 1970 3136 2022 omnino
3190 1968 3408 2024 deﬁcia-

1864 2076 1985 2112 mur
2026 2077 2038 2111 :
2077 2066 2134 2111 at
2198 2059 2242 2111 is
2298 2059 2758 2128 (respondebitur)
2820 2059 3127 2113 divinitates
3171 2059 3406 2129 deosque

1866 2152 2109 2205 inﬁnitos
2139 2161 2194 2204 et
2249 2151 2517 2204 increatos
2577 2152 2627 2202 iu
2663 2152 2854 2204 castris
2888 2151 3108 2204 minime
3139 2151 3404 2211 habebat:

1863 2241 1958 2295 sed
1997 2251 2156 2295 erant
2190 2240 2269 2294 illi
2297 2240 2478 2294 omnia
2509 2251 2686 2294 creata
2716 2251 2770 2294 et
2805 2240 3074 2304 mortalia,
3126 2241 3285 2308 eique
3340 2242 3410 2293 si-

1865 2331 2031 2386 milia.
2054 2329 2224 2402 Cujus
2249 2332 2324 2386 rei
2358 2341 2412 2385 et
2477 2332 2590 2399 ipse
2648 2331 2750 2384 sibi
2783 2332 2933 2384 testis
2965 2331 3086 2394 fuit,
3144 2348 3285 2385 nunc
3339 2332 3411 2384 ri-

1864 2423 2062 2489 dendo,
2093 2438 2239 2476 nunc
2269 2423 2467 2477 ﬂendo.
2524 2422 2754 2476 Ridebat
2810 2433 2988 2475 autem
3018 2463 3031 2484 ,
3074 2423 3214 2490 quod
3246 2425 3412 2489 impe-

1866 2515 2006 2568 rium
2039 2521 2179 2568 terra
2207 2523 2262 2570 et
2309 2515 2442 2567 mari
2481 2514 2742 2567 latissime
2793 2522 2977 2580 patens
3024 2522 3078 2566 et
3139 2514 3410 2566 exercitus

1867 2603 2342 2656 numerosissimos
2369 2603 2620 2665 haberet;
2675 2603 2813 2655 idem
2850 2600 3028 2660 ﬂebat,
3090 2603 3233 2670 quod
3284 2616 3405 2654 cum

1869 2693 1924 2746 hi
1958 2693 2214 2747 mortales
2243 2703 2297 2746 et
2322 2694 2510 2748 caduci
2555 2695 2618 2747 ad
2668 2702 2873 2747 certum
2909 2703 3120 2760 tempus
3164 2692 3406 2744 duraturi

1867 2791 2067 2843 essent,
2126 2798 2286 2837 nemo
2345 2794 2463 2852 post
2520 2784 2871 2837 centesimum
2923 2797 3121 2834 annum
3176 2796 3403 2848 usquam

1870 2871 2269 2939 compariturus
2293 2873 2454 2931 foret.
2480 2889 2586 2926 non
2629 2873 2768 2939 ipse,
2832 2887 2935 2924 non
2991 2872 3131 2924 ullus
3182 2871 3320 2923 alius
3345 2886 3411 2923 ex

1872 2961 1959 3022 iis.
1988 2962 2079 3030 qui
2112 2978 2169 3016 se
2199 2972 2576 3031 sequerentur.
2621 2962 2883 3015 Nimirum
2919 2976 2982 3015 eo
3040 2969 3279 3028 tempore
3309 2961 3407 3013 Pa—

1873 3049 2043 3102 lamas
2092 3052 2330 3104 nondum
2360 3063 2499 3112 erat,
2564 3069 2663 3104 nec
2721 3054 2773 3106 in
2812 3062 2959 3105 tanto
3008 3053 3246 3104 exercitu
3286 3064 3408 3102 cum

225 3129 528 3190 Κύκλωπες
561 3127 892 3180 πάλανκατὰ
918 3129 1039 3187 τοὺς
1070 3128 1272 3195 μύθους
1296 3127 1372 3195 τῷ
1397 3133 1478 3179 At!
1498 3143 1510 3157 θ
1540 3129 1771 3183 ἐνταῦθα
1803 3145 1845 3200 ο
1877 3156 1899 3192 τ

1737 3149 1771 3183 α
1803 3145 1845 3200 C
1877 3155 2002 3209 rege
2031 3142 2406 3209 potentissimo
2433 3144 2751 3196 versabatur
2813 3143 3096 3211 quisquam
3148 3140 3273 3193 huic
3311 3140 3409 3194 Pa-

218 3220 275 3271 δὲ
305 3220 429 3280 τοὺς
451 3218 718 3280 τοιούτους
741 3218 934 3286 φόϐους
963 3215 1278 3286 ὑπερορίους
1302 3215 1460 3281 εἶναι,
1485 3220 1578 3270 καὶ
1607 3219 1774 3287 λήθης

222 3309 766 3382 καλύπτεσθαιΏμάλα
797 3308 1067 3372 πυθμέσιν
1111 3308 1476 3378 ὑποϐρυχίοις,
1516 3309 1597 3361 ἆτ’
1625 3311 1776 3361 ἀκτί-

223 3417 370 3452 στων
413 3401 526 3465 ἃμα
579 3403 672 3450 καὶ
718 3398 999 3450 ἀθανάτων
1031 3397 1140 3449 τῶν
1178 3397 1494 3466 τ”έχόντων
1535 3397 1649 3467 ἃμα
1683 3405 1777 3454 καὶ

224 3495 335 3544 τῶν
370 3495 428 3544 ἐκ
458 3493 560 3543 τῶν
591 3490 936 3560 ὑπαρχόντων
969 3491 1062 3559 (8).
1100 3490 1243 3543 Εἶεν.

1877 3230 2031 3283 lamze
2061 3231 2274 3292 similis,
2305 3233 2396 3300 qui
2429 3232 2886 3286 immortalitatem
2917 3240 2971 3284 et
2997 3233 3287 3285 incrcatam
3324 3244 3416 3282 uz-

1881 3326 2052 3370 turam
2086 3331 2181 3383 per
2207 3325 2378 3369 artem
2407 3328 2641 3380 crearet,
2672 3318 3128 3384 quemadmodum
3172 3317 3238 3370 de
3275 3327 3415 3370 terra

1881 3409 2010 3460 olim
2042 3405 2268 3459 fulmina
2303 3417 2357 3459 et
2383 3407 2486 3460 tela
2523 3409 2676 3475 ignea
2707 3409 2824 3461 Jovi
2850 3407 3076 3461 fabulosi
3107 3408 3183 3459 illi
3223 3407 3415 3475 Cyclo-

1880 3511 1996 3566 pes.
2037 3495 2172 3549 Hinc
2197 3513 2325 3551 vero
2357 3499 2510 3567 longe
2544 3499 2737 3552 absunt
2797 3501 2833 3551 ii
2897 3487 3094 3559 metus,
3157 3497 3414 3551 altissima

228 3584 506 3639 oblivione
538 3584 681 3636 velut
716 3584 972 3649 demersi,
999 3594 1281 3654 propterea
1301 3586 1444 3654 quod
1475 3583 1697 3641 increati
1718 3597 1776 3642 et
1814 3589 2149 3644 immortales
2177 3591 2286 3645 sint
2347 3600 2457 3643 tum
2519 3591 2808 3658 principes,
2841 3600 2950 3643 tum
3003 3591 3036 3642 ii
3098 3591 3189 3657 qui
3221 3589 3417 3656 princi-

229 3682 396 3751 pibus
422 3690 629 3748 parent.

306 3773 378 3825 A'.
420 3773 767 3840 ’Λρξαμὲνων
787 3772 832 3824 δ’
863 3772 988 3838 έξῆς
1009 3774 1100 3824 καὶ
1117 3773 1223 3825 τῶν
1252 3773 1565 3826 ἐπισκόπων
1582 3774 1786 3837 λαλεῖν,

230 3860 300 3927 ἦν
331 3863 544 3913 ἀκούειν
571 3861 661 3912 νῦν
691 3863 787 3928 μὲν
814 3861 1042 3935 δικτύων
1068 3862 1160 3912 καὶ
1185 3861 1456 3929 θαλάσσης
1489 3862 1786 3923 ἀπόζοντας

231 3955 455 4017 λόγους·
490 3950 580 4004 νῦν
612 3951 668 4004 δὲ
703 3952 981 4020 σκαπάνης
1007 3953 1146 4014 τινὸς
1178 3956 1270 4006 καὶ
1294 3953 1538 4020 δικέλλης
1570 3952 1748 4017 ἀξίους
1771 3969 1786 3984 °

233 4043 332 4094 νῦν
373 4044 420 4092 δ’
471 4043 619 4094 οὐδὲν
674 4045 986 4110 καμινιαίας
1041 4043 1268 4111 αίθάλης
1319 4044 1661 4107 ἀπεοικότας,
1709 4043 1786 4113 τῷ

233 4131 472 4201 ἁμαυρῷ
519 4150 575 4184 τε
634 4141 724 4184 καὶ
754 4134 967 4200 ευσήχῳ
1001 4122 1092 4184 καὶ
1141 4135 1393 4203 ἀνάρθρῳ
1442 4135 1538 4200 τῆς
1588 4133 1792 4192 λαλιᾶς.

237 4227 350 4278 Καὶ
375 4224 642 4275 συνελόντι
670 4223 852 4290 φάναι,
879 4222 1016 4287 πλὴν
1038 4221 1144 4273 τῶν
1173 4221 1551 4273 ὲπισκοπικῶν
1571 4221 1794 4290 ἐνδυμά-

234 4333 349 4366 των
376 4314 526 4366 οὺόὲν
564 4314 710 4381 ὑγιὲς
739 4314 869 4384 όρᾷν
899 4314 991 4365 καὶ
1026 4311 1243 4365 ἀκούειν
1274 4311 1407 4374 τέως
1443 4307 1511 4381 ἦν
1547 4312 1680 4364 ἐκεῖ.

1955 3775 2043 3830 IV.
2081 3775 2344 3844 Deinceps
2377 3789 2500 3829 cum
2529 3782 2584 3828 et
2634 3775 2874 3842 episcopi
2930 3775 3077 3842 loqui
3109 3776 3416 3842 cmpisscut.

1885 3863 2072 3917 audire
2093 3874 2212 3918 erat
2241 3879 2336 3918 eos
2366 3878 2662 3920 sermones.
2691 3863 2782 3929 qui
2817 3877 2959 3914 nunc
2985 3863 3120 3913 retia
3177 3872 3230 3914 et
3277 3872 3420 3912 mare

1883 3953 2212 4015 redolerent,
2247 3968 2390 4005 nunc
2438 3953 2710 4005 sarculum
2760 3960 2813 4002 et
2853 3952 3082 4016 ligniiem
3148 3961 3420 4016 saperent.

1890 4060 2033 4098 nunc
2075 4044 2307 4096 loruacis
2334 4042 2560 4109 fuligine
2588 4040 2740 4093 lincli
2779 4040 3113 4092 viderentur.
3148 4039 3295 4091 Adeo
3330 4038 3424 4092 ob-

1889 4148 2067 4191 scura.
2103 4141 2154 4185 et
2187 4147 2318 4185 sono
2345 4131 2460 4200 ipso
2485 4130 2618 4183 dura
2644 4168 2657 4192 ,
2719 4145 2817 4183 nec
2870 4130 3004 4182 bene
3044 4128 3286 4180 articulis
3340 4128 3427 4179 di-

1888 4226 2106 4284 stiucta,
2141 4225 2352 4277 illorum
2383 4224 2554 4275 oratio
2590 4231 2722 4273 erat.
2759 4220 2823 4274 Ut
2855 4218 3040 4287 paucis
3071 4217 3264 4277 dicam,
3288 4219 3422 4269 nihil

1896 4330 2008 4373 tum
2035 4319 2198 4387 frugi,
2231 4315 2394 4384 994,
2420 4324 2610 4380 pneter
2633 4309 2990 4378 episcopalem
3020 4308 3284 4370 habitum,
3317 4308 3426 4362 illic

1897 4411 1977 4464 vel
2009 4410 2226 4462 videres
2254 4407 2335 4459 vel
2360 4405 2598 4457 audires.

317 4491 395 4544 E'.
437 4489 810 4557 Βουληθέντων
843 4489 898 4540 δὲ
929 4489 1024 4541 καὶ
1057 4489 1210 4557 ἡμῶν
1240 4488 1698 4555 ἀντιφθέγξασθαι
1735 4506 1788 4539 τι
1816 4499 1865 4559 υ
1963 4502 1991 4553 η

1757 4506 1788 4538 τι
1816 4499 1865 4559 D
1963 4501 2024 4553 V.
2069 4500 2386 4554 Veientibus
2421 4507 2601 4550 autem
2631 4495 2781 4547 uobis
2811 4492 3081 4561 paululum
3110 4499 3299 4543 contra
3348 4488 3431 4542 bi-

243 4585 464 4653 μικρὸν,
493 4583 756 4649 κραυγαῖς
777 4581 1008 4647 ἀσήμοις
1030 4597 1087 4632 τε
1115 4582 1210 4633 καὶ
1230 4579 1518 4648 ἀνάρθροις
1547 4581 1639 4631 καὶ⁵
1669 4596 1792 4632 συν-

240 4676 360 4745 εκεῖ
394 4675 622 4743 πατάγῳ
654 4674 850 4741 χειρῶν
889 4672 1196 4741 ἐξεπίτηδες
1226 4672 1371 4742 ἡμᾶς
1409 4687 1468 4723 τε
1504 4671 1792 4739 ὑπερεφώο

243 4786 373 4823 νουν
420 4769 612 4820 ἐκείνοι
657 4766 750 4818 καὶ
800 4767 1009 4835 σιωπᾷν
1058 4763 1492 4834 κατηνάγκαζον,
1545 4765 1794 4830 καθάπερ

244 4860 619 4928 ἀγριουμένης
661 4857 927 4924 θαλάττης
961 4857 1238 4926 μεμηνότα
1275 4856 1491 4925 κύματα
1533 4857 1656 4916 τοὺς
1695 4855 1797 4907 ἀνὰ

244 4955 342 5004 τὸν
373 4953 616 5017 αἰγιαλὸν
638 4947 960 5018 ὁμιλοῦντας
987 4949 1187 5016 ἡρέμα.
1225 4947 1327 4998 Ἐὦ
1361 4948 1468 5016 γὰρ
1497 4946 1694 5011 λέγειν,
1716 4947 1797 4998 ὅτι

248 5042 384 5108 παρ’
421 5041 585 5093 οὐδὲν·
603 5041 933 5109 ἐληλύθεσαν
954 5039 1102 5106 ἡμᾶς
1127 5038 1434 5106 διαρρῆξαι,
1464 5038 1710 5104 καθάπερ
1738 5040 1794 5088 αί

247 5134 460 5198 Βάκχαι
505 5131 672 5183 πάλαι
725 5133 950 5194 Πενθέα,
996 5133 1156 5199 φασὶν
1201 5128 1563 5190 ἀττικίζοντες
1614 5128 1792 5195 μῦθοι.

259 5224 404 5277 Ἀλλ’
445 5221 600 5291 ἡμῶν
637 5236 699 5286 γι
749 5222 1110 5288 ἐπιμενόντων
1157 5220 1257 5285 ἔτι,
1307 5220 1397 5271 καὶ
1440 5219 1640 5287 μικράν
1676 5235 1795 5270 τινα

245 5315 412 5379 λόγου
439 5313 740 5382 ζητουντων
760 5311 939 5379 χώραν
961 5316 1090 5382 ἡμῖν
1117 5310 1451 5379 ἐγγενέσθαι,
1475 5311 1585 5364 οὔτ’
1607 5313 1802 5382 ἦκουεν

247 5404 380 5459 οὔτε
411 5409 693 5475 προσεῖχεν
713 5404 906 5466 οὐδείς.

1894 4607 2066 4654 scere,
2123 4593 2197 4646 illi
2251 4590 2318 4643 dc
2371 4587 2634 4642 industria
2701 4581 3033 4636 indistinctis
3087 4582 3430 4648 contusiSquc

1898 4683 2224 4737 clamoribus
2250 4679 2428 4739 editis,
2483 4685 2535 4729 et
2589 4674 2880 4743 complosis
2932 4688 3100 4739 usque
3162 4672 3428 4730 manibus.

1901 4783 2114 4828 nostras
2141 4785 2302 4825 voces
2332 4769 2651 4832 vincebant,
2697 4775 2751 4822 et
2797 4781 2915 4823 nos,
2967 4764 3112 4814 velut
3161 4761 3432 4813 servientis

1901 4865 2071 4934 pelagi
2105 4862 2344 4915 furentes
2380 4859 2536 4913 unda:
2565 4872 2679 4919 eos.
2738 4857 2829 4924 qui
2883 4856 2937 4906 in
2996 4853 3174 4906 littore
3223 4850 3433 4919 placide

1901 4954 2304 5020 colloquuntur,
2365 4951 2728 5005 conticescerc
2763 4944 3047 5013 cogebant.
3099 4943 3232 4998 Nam
3290 4943 3430 5010 quod

1899 5045 2033 5097 nihil
2072 5043 2324 5105 abfuerit,
2376 5042 2504 5110 quin
2556 5053 2654 5090 nos
2691 5037 2789 5098 illi,
2845 5047 2902 5090 ut
2951 5037 3082 5088 olim
3135 5033 3431 5086 Pentheum

1900 5133 2122 5188 Baccha
2144 5134 2340 5187 fabulis
2375 5129 2568 5184 Atticis
2593 5128 2896 5186 celebrate.
2957 5123 3292 5178 membratim
3323 5120 3434 5172 dis-

1901 5236 2205 5294 cerperent,
2237 5223 2288 5276 id
2312 5221 2528 5288 quidem
2557 5234 2657 5286 ego
2681 5219 2836 5271 sileo.
2895 5216 2970 5269 Ac
2999 5227 3306 5280 quanquam
3340 5210 3434 5262 ad—

1901 5313 2006 5363 huc
2041 5318 2414 5377 exspectantes
2446 5320 2807 5364 maneremus,
2845 5312 2898 5357 et
2938 5311 2996 5353 ut
3026 5298 3182 5352 nobis
3204 5299 3432 5366 exiguus

1897 5402 2087 5454 saltem
2107 5398 2319 5452 dicendi
2355 5398 2508 5450 locus
2542 5405 2687 5449 esset
2715 5393 3132 5462 postularemus,
3150 5404 3308 5443 nemo
3333 5401 3431 5440 nec

1897 5491 2104 5544 audivit
2136 5504 2233 5541 nec
2260 5489 2495 5540 animum
2529 5486 2780 5539 advertit.

1599 5585 1925 5645 Variorum
1967 5591 2151 5643 none.

338 5680 411 5731 (τὶ
442 5680 657 5732 Αςίδιίιί.
688 5682 738 5731 in
773 5681 1058 5734 Pmmthcn.
1098 5678 1296 5730 Roma.

335 5751 412 5816 (ὅ)
447 5748 518 5801 Ita
568 5765 782 5818 quoque
838 5751 1150 5803 Vaticanum
1209 5749 1500 5812 exemplar.
1563 5749 1790 5800 Sensum
1831 5755 1958 5814 puto
1987 5757 2106 5795 eum
2133 5757 2251 5795 esse
2275 5755 2430 5808 quem
2455 5735 2714 5802 espt‘essi.
2750 5735 2955 5787 Πομ-ια.
