4240 6460
743 401 875 466 1267
1021 390 1097 472 [Α.
1142 415 1201 454 ιι.
1241 400 1399 465 6859,
1444 416 1552 454 mn.
1592 400 1649 470 4]

1933 402 2213 461 NICEl’li
2271 400 2353 462 Ri
2392 403 2773 462 GREGORE

2988 398 3118 469 [ιιην.
3161 416 3204 453 ι.
3246 415 3535 454 nunc”.
3575 400 3629 472 5]

3857 403 3993 470 1968

814 519 898 573 Ἠ.
931 519 1158 573 Demum
1194 526 1514 588 imperator.
1542 528 1698 572 torvo
1724 516 1960 586 quodam
2003 526 2059 570 et
2085 517 2308 570 θεῖοι-ιιιο

2488 523 2578 585 (τ’.
2624 520 2751 588 Ὁψέ
2781 519 2824 572 δ’
2850 518 3037 572 ἐνιδὼν
3063 519 3321 588 βλοσυρόν
3351 537 3402 570 τι
3433 520 3527 572 καὶ
3561 519 3994 587 ἀπηγριωμένον

734 607 930 662 obtutu
967 609 1018 661 iu
1051 625 1150 662 nos
1181 608 1292 683 tixo
1333 626 1345 661 :
1382 609 1677 678 «Lepidum
1707 624 1836 661 sane
1885 607 2050 673 istud,
2107 608 2305 676 inqu.t,

734 701 986 754 homines
1021 700 1291 754 voluntati
1320 717 1453 755 meae
1485 699 1912 762 infcnsissimos,
1973 714 2111 766 quos
2144 699 2307 768 equi-

736 796 858 850 dem
896 810 992 863 pro
1049 795 1265 849 nomine
1320 796 1588 863 appellem
1622 792 1832 856 nescio,
1901 792 2038 846 velle
2098 807 2216 844 mea
2251 791 2306 844 in

734 887 895 940 domo
923 900 1009 940 me
1045 887 1216 939 invito
1242 886 1530 939 orationes
1584 884 1786 936 habere
1820 891 2078 936 accurate
2122 880 2310 934 elabo-

734 991 932 1034 ratas.)
966 980 1089 1034 llaec
1119 978 1290 1047 judex
1321 994 1534 1046 aequus,
1565 979 1658 1046 qui
1692 991 1750 1031 se
1779 975 2019 1028 medium
2074 984 2128 1028 et
2160 973 2310 1026 inde-

733 1073 1048 1126 clinabilem
1082 1074 1200 1126 fore
1227 1081 1283 1126 et
1313 1081 1560 1125 neutram
1590 1071 1644 1124 in
1670 1077 1879 1140 partem
1903 1082 2306 1138 propensurum

734 1182 974 1234 unquam
1001 1167 1300 1235 juraverat.

801 1258 914 1313 ΥΠ.
946 1259 1074 1313 Mihi
1101 1258 1286 1327 igitur,
1315 1260 1409 1328 qui
1458 1259 1653 1326 capitis
1700 1255 1888 1309 dolore
1946 1254 2307 1309 vehementis-

731 1351 871 1405 simo
892 1350 1218 1421 jampridem
1252 1351 1566 1405 laborabam
1593 1387 1608 1417 ,
1641 1362 1820 1402 novus
1847 1348 2002 1402 dolor
2055 1348 2303 1410 accessit,

731 1454 799 1494 eo
827 1440 974 1509 quod
1027 1441 1097 1495 ab
1164 1439 1496 1494 adversariis
1542 1452 1645 1490 nec
1706 1436 1862 1490 tertia
1894 1434 2115 1504 quidem
2170 1433 2303 1487 mihi

730 1547 859 1601 pars
880 1532 1068 1586 relicta
1099 1540 1244 1587 esset
1273 1531 1378 1584 mei
1423 1528 1816 1598 discipulorum
1847 1527 2036 1580 chori:
2066 1540 2303 1594 quorum

731 1627 998 1694 plurimos
1029 1625 1387 1678 circumstare
1430 1636 1540 1686 me,
1601 1620 1867 1689 plurimos
1890 1617 2016 1670 item
2054 1616 2303 1685 proxime

731 1716 994 1778 assidere,
1029 1729 1153 1769 cum
1181 1713 1449 1768 vidissent
1479 1707 1747 1779 superiori
1782 1706 1908 1771 die;
1957 1704 2104 1774 gravi
2162 1704 2304 1756 zelo-

733 1807 878 1878 typia
907 1807 1084 1860 allecti
1117 1805 1292 1858 multo
1313 1801 1782 1858 vehementiorem
1814 1799 2076 1852 invidiam
2107 1797 2162 1848 in
2190 1809 2289 1848 nos

733 1915 888 1952 suam
933 1898 1321 1959 reconﬂarunt,
1361 1911 1425 1949 ac
1451 1895 1601 1949 velut
1636 1892 1950 1947 incendium
1983 1887 2301 1943 ventilando

733 1990 897 2061 995
924 1991 1258 2051 excitarunt,
1301 1989 1571 2043 bonorum
1603 1984 2025 2056 publicationem
2088 1979 2303 2042 minati,

734 2099 908 2152 eaque
939 2081 1147 2136 indicta
1180 2095 1364 2150 poena,
1413 2087 1471 2131 ut
1503 2079 1595 2145 qui
1631 2091 1843 2129 mecum
1884 2076 1936 2128 in
1971 2074 2143 2127 altero
2176 2087 2308 2125 con-

737 2191 890 2230 sessu
926 2174 1199 2227 aﬂuturus
1226 2179 1393 2233 esset,
1426 2171 1472 2223 is
1505 2168 1885 2231 deprehensus
1943 2164 1996 2216 in
2028 2175 2304 2217 carcerem

736 2272 1052 2325 duceretur.
1097 2269 1235 2323 lliuc
1261 2265 1463 2320 factum
1495 2273 1604 2326 est,
1668 2270 1728 2314 ut
1753 2264 2024 2328 quotquot
2054 2255 2120 2308 ad
2154 2254 2305 2323 ejus-

739 2367 887 2420 modi
916 2364 1216 2420 certamina
1245 2370 1302 2414 et
1341 2358 1588 2429 pericula
1617 2350 1908 2410 subeunda
1935 2349 2121 2402 animo
2153 2354 2307 2399 erant

734 2458 918 2511 minus
951 2457 1102 2517 forti,
1137 2453 1173 2507 ii
1203 2452 1463 2522 paulatim
1490 2465 1518 2502 a
1550 2448 1722 2502 latere
1758 2459 1881 2497 meo
1911 2440 2303 2500 discesserint;

735 2551 826 2604 alii
866 2564 994 2603 vero
1053 2548 1108 2601 in
1162 2546 1345 2615 priore
1402 2542 1624 2597 silentio
1659 2535 2026 2608 perstiterint,
2086 2548 2185 2602 pro
2209 2546 2308 2586 sua

736 2644 973 2713 quisque
1000 2640 1284 2692 voluntate
1316 2645 1372 2690 ct
1397 2633 1690 2690 sententia.

807 2733 940 2788 Vill.
967 2733 1078 2801 Ego
1109 2732 1316 2799 itaque,
1351 2742 1473 2782 cum
1521 2735 1577 2780 et
1606 2726 1722 2779 hac
1764 2723 2030 2784 viderem,
2060 2727 2114 2773 et
2144 2717 2308 2771 simul

739 2827 1128 2895 imperatorem
1165 2822 1354 2876 multis
1386 2820 1566 2875 modis
1613 2819 1790 2888 palam
1823 2814 1983 2868 nobis
2033 2808 2310 2864 adversari

738 2920 1142 2988 iutelligercm;
1176 2926 1290 2970 tum
1327 2925 1589 2984 praeterea
1627 2911 1915 2980 episcopos
1944 2917 2225 2960 cernerem
2258 2900 2310 2953 in

735 3029 841 3068 nos
872 3012 1059 3066 srevire
1083 3019 1137 3063 et
1163 3009 1364 3062 exilem
1392 3007 1623 3076 spirare,
1671 2999 1882 3056 surrexi
1949 3007 2004 3050 et
2062 3011 2092 3049 θ
2147 2991 2308 3047 curia

740 3106 999 3168 excessi;
1055 3119 1119 3157 ac
1151 3116 1269 3165 eos,
1329 3100 1424 3168 qui
1488 3098 1726 3168 partium
1777 3102 2089 3147 nostrarum
2137 3095 2311 3147 erant,

2410 614 2437 665 6
2470 611 2724 681 βασιλεὺς
2762 611 2897 679 πρὸς
2935 613 3103 680 ἡμᾶς,
3152 630 3169 661 ι
3219 611 3444 680 Χαρίεν,
3483 612 3611 677 ἐφη.
3644 614 3816 672 τουτὶ,
3857 630 3994 663 κατ-

2412 704 2886 771 εσπουδασμένους
2926 702 3130 754 ἐθέλειν
3157 701 3429 754 ποιεῖσθαι
3475 701 3667 766 λόγους
3709 703 3810 770 τῆς
3853 704 3995 771 ἐμῆς

2411 798 2588 858 οἰκίας
2623 796 2795 860 ἐντὸς,
2829 795 2927 863 οὐχ
2950 795 3167 854 ἑκόντος
3191 792 3347 860 ἐμοῦ,
3379 793 3507 853 τοὺς
3529 791 3630 859 τῆς
3661 793 3802 860 ἐμῆς
3832 792 3995 858 θελή-

2414 906 2548 950 σεως
2583 889 2859 956 ἐχθίστους
2883 929 2895 950 ,
2931 887 3022 940 καὶ
3065 886 3156 950 οὓς
3191 887 3290 938 οὐκ
3318 885 3424 954 ἔχω
3473 887 3586 947 πῶς
3631 885 3926 952 ὀνομάσαι.
3971 905 3988 936 ι

2411 980 2577 1034 Ταῦτ’
2604 982 2786 1048 ἔλεγεν
2821 982 2847 1032 ό
2883 980 3134 1050 ἀρρεπὴς
3165 980 3370 1040 ἐκεῖνος
3401 979 3614 1048 κριτὴς,
3641 981 3667 1028 ό
3696 977 3796 1045 τὴν
3822 978 3994 1044 μέσην

2413 1073 2508 1125 καὶ
2577 1073 2985 1141 ἁπαρέγκλιτον
3039 1070 3136 1123 καὶ
3210 1068 3416 1139 οὐδαμῆ
3478 1067 3597 1120 ποθ’
3653 1068 3993 1138 ἐτερορρεπῆ

2412 1166 2652 1236 βαδίζειν
2683 1161 3011 1234 ὀμωμοκώς.

2479 1259 2552 1313 Ζ’.
2574 1259 2714 1326 Ἐγὼ
2744 1257 2943 1321 τοίνυν,
2967 1257 3059 1308 καὶ
3079 1256 3244 1308 πάλαι
3260 1256 3358 1325 μὲν
3375 1254 3678 1323 περιαλγὴς
3698 1254 3772 1305 ὢν
3792 1255 3855 1304 ἐκ
3891 1254 3982 1318 εἰς

2408 1351 2669 1419 κεφαλῆς,
2686 1350 2784 1421 ἤδη
2802 1348 2856 1400 δὲ
2886 1349 2977 1400 καὶ
3004 1348 3150 1419 λύπῃ
3167 1347 3342 1417 λύπην
3365 1347 3780 1416 προσειλήφει-ι.
3809 1347 3876 1396 ἐκ
3898 1344 3989 1394 τοῦ

2410 1442 2543 1512 μη’ὲ
2604 1442 2954 1512 τριτημόριον
2987 1439 3124 1506 πρὸς
3157 1439 3266 1492 τῶν
3295 1439 3592 1493 ἀντιθέτων
3612 1439 3739 1506 ἐμοὶ
3761 1437 3994 1488 καταλεο

2405 1535 2622 1602 λεῖφθαι
2651 1535 2744 1587 τοῦ
2775 1534 2937 1604 χοροῦ
2972 1535 3082 1587 τῶν
3113 1533 3260 1601 ἐμῶν
3296 1531 3592 1601 φοιτητιῖΝ.
3627 1530 3854 1589 ’ἰδόντες
3886 1529 3994 1597 γὰρ

2406 1631 2603 1681 ἐκεῖνοι
2648 1628 2713 1696 τῇ
2759 1626 3058 1697 προτεραίᾳ
3091 1626 3167 1695 (9)
3200 1623 3489 1684 πλείστους
3531 1621 3630 1691 μὲν
3671 1619 3772 1686 ἐμὲ
3811 1635 3992 1685 περιι-

2410 1725 2710 1791 σταμένους
2731 1722 2978 1783 ἐκείνων,
3008 1719 3292 1782 πλείστους
3311 1718 3355 1769 δ’
3390 1716 3618 1782 ἔγγιστα
3641 1711 3990 1777 καθημένους

2409 1812 2565 1886 ἐμοῦ,
2600 1813 2896 1882 ζηλοτυπίᾳ.
2936 1811 3133 1880 βαρείᾳ
3171 1809 3263 1861 τὸν
3292 1807 3510 1870 οἰκεῖονξ
3538 1805 3659 1857 καθ’
3691 1802 3857 1873 ἡμῶν
3889 1805 3984 1854 am-

2406 1906 2740 1978 εχλάκευσάν
2763 1922 2822 1957 τε
2845 1905 2934 1957 καὶ
2959 1902 3372 1970 ἀνεπύρσευσαν
3405 1898 3598 1967 φθόνον
3642 1898 3695 1956 ἐς
3725 1896 3784 1947 τὸ
3814 1895 3990 1962 πάντη

2411 2000 2799 2068 ἀκμαιότερον,
2827 1999 2919 2048 καὶ
2951 1995 3061 2047 τῶν
3085 2011 3143 2046 τε
3177 1991 3394 2044 οίκείων
3426 1989 3656 2049 ἐκείνοις
3685 1985 3993 2054 ἠπείλησαν

2407 2086 2667 2154 δήμευσιν
2685 2085 2772 2136 καὶ
2794 2081 3076 2150 ἀγώγιμον
3099 2081 3178 2143 εἰς
3201 2079 3424 2146 είρκτὴν
3447 2078 3794 2144 τούπιτίμιον
3826 2071 3987 2135 εἶναι,

2407 2183 2459 2234 εἴ
2483 2199 2562 2243 τις
2580 2180 2734 2250 ἁλοίη
2761 2177 3079 2246 τὸδεύτερον
3100 2175 3176 2227 ἔτι
3205 2173 3480 2238 συνέδριον
3509 2170 3629 2238 ἐμοὶ
3657 2167 3989 2236 συμπαρών.

2409 2276 2500 2326 Διί)
2524 2272 2621 2325 καὶ
2647 2272 2764 2323 ὅσοι
2796 2268 2895 2332 τὰς
2923 2266 3102 2335 ψυχὰς
3154 2263 3531 2329 ἀσθενέστεροι
3565 2257 3650 2328 [Ρ.
3687 2257 3813 2324 6'26]
3852 2256 3989 2319 πρὶς

2411 2365 2682 2428 τοιούτους
2711 2359 2852 2434 ἦσαν
2879 2359 3096 2426 ἀγῶνας
3137 2356 3227 2410 καὶ
3261 2355 3475 2423 πείρας,
3500 2352 3680 2421 ἠρέμα
3720 2351 3815 2416 τῆς
3853 2350 3996 2415 ἐμῆς

2413 2458 2712 2527 ἐγγύτητος
2765 2452 3209 2519 ἀπηλλάττοντο·
3238 2447 3284 2498 οἱ
3331 2445 3373 2496 δ’
3435 2445 3515 2495 Eri
3555 2441 3864 2511 παρέμενον
3928 2442 3997 2506 τῇ

2413 2547 2653 2618 προτέρᾳ
2685 2547 2833 2615 σιγῇ,
2854 2543 2926 2604 ὼς
2961 2540 3174 2607 ἑκάστῳ
3205 2533 3584 2607 προαιρέσεώς
3613 2551 3672 2585 τε
3708 2531 3804 2584 καὶ
3837 2529 3999 2599 γνὼ-

2417 2660 2522 2712 μης
2553 2641 2709 2708 ι-ξνῆν.¹

2484 2733 2567 2784 Η’.
2601 2727 2790 2782 Ταῢτα
2822 2725 3002 2779 τοίνυν
3033 2722 3175 2793 όρῶν
3199 2720 3333 2788 ἐγὼ,
3377 2719 3470 2772 καὶ
3497 2719 3615 2785 ἅμα
3639 2717 3730 2768 τὸν
3761 2714 3993 2784 βασιλέα

2416 2822 2773 2891 πολυτρόπως
2797 2815 2884 2869 ἐπ’
2908 2813 3210 2883 αὐτοφώρῳ
3241 2813 3549 2882 μαχόμενον
3567 2811 3698 2877 ἡμῖν
3729 2807 3999 2875 συνορῶν,

2415 2916 2508 2968 καὶ
2530 2913 2666 2983 πρός
2689 2929 2750 2980 γε
2777 2911 2855 2962 ἔτι
2887 2909 3048 2976 φόνου
3084 2907 3342 2967 πνέοντας
3365 2905 3489 2965 τοὺς
3512 2902 3846 2961 ἐπισκόπους
3874 2899 4004 2950 καθ’

2415 3007 2594 3078 ἡμῶν,
2633 3003 2871 3065 ἀναστὰς
2900 3001 3080 3070 ἐξῄειν
3119 2998 3210 3051 τοῦ
3250 2998 3492 3067 βήματος
3526 2994 3617 3047 καί
3651 2994 3766 3061 ἅμα
3807 2990 4004 3058 ἑώρων

2419 3099 2758 3165 συνεξιόντας
2788 3094 2932 3148 ἆπαν
2955 3092 3015 3144 τδ
3042 3090 3202 3158 μέρος
3230 3088 3350 3158 ἐμοί
3382 3087 3515 3157 (10).
3553 3086 3663 3137 Καὶ
3691 3082 3855 3152 θροῦς
3884 3083 4009 3147 ἐγε-

742 3213 961 3254 mecum
1022 3210 1215 3250 omnes
1276 3200 1540 3248 exeuntes
1605 3188 1959 3255 conspicatus
2021 3195 2163 3234 sum.
2237 3175 2310 3230 Ibi

2422 3195 2566 3262 γόνει
2614 3189 2801 3250 πολὺς,
2845 3185 2938 3237 τοῦ
2983 3185 3079 3252 μὲν
3122 3183 3387 3252 βασιλέως
3421 3178 3675 3245 κατέχειν
3712 3175 4008 3240 ἐγκελευο-

741 3306 973 3362 magnus
1002 3303 1190 3342 rumor
1219 3293 1466 3346 exortus,
1537 3295 1661 3336 cum
1693 3289 1748 3331 et
1780 3277 2074 3343 imperator
2107 3268 2315 3323 lictori-

743 3385 848 3438 bus
878 3382 1143 3440 ediceret,
1170 3393 1238 3432 ne
1264 3377 1415 3430 abire
1452 3373 1691 3429 sinerent
1713 3368 1804 3421 sed
1833 3371 2109 3423 tenerent;
2141 3368 2194 3414 et
2219 3375 2318 3413 nos

746 3483 981 3529 mortem
1011 3479 1468 3542 praeoptaremus,
1510 3478 1672 3533 quam
1739 3467 1799 3512 ut
1832 3456 2126 3511 concilium
2185 3451 2315 3505 illud

744 3563 1024 3620 latrocinii
1059 3561 1239 3615 simile
1281 3562 1622 3612 intueremur
1672 3550 1792 3602 fixis
1822 3547 2015 3601 oculis.
2075 3543 2334 3598 Tandem.

747 3656 1082 3713 venerabilis
1127 3653 1222 3706 ille
1260 3650 1536 3710 Palamas,
1591 3644 1682 3712 qui
1725 3641 2028 3694 absentiam
2081 3644 2319 3689 nostram

747 3752 850 3805 sibi
877 3747 1172 3820 jucundam
1197 3759 1315 3797 esse
1366 3738 1656 3800 sentiebat,
1724 3743 1916 3787 auctor
1994 3729 2316 3799 imperatori

751 3841 982 3903 exstitit,
1009 3848 1069 3891 ut
1099 3852 1198 3890 nos
1230 3835 1426 3888 missns
1454 3831 1679 3884 faceret.
1717 3825 1952 3879 Facili-us
1986 3822 2189 3892 quippe
2226 3820 2316 3875 fu—

755 3947 940 3989 turum
973 3931 1075 3984 sibi
1105 3928 1306 3989 aiebat,
1339 3919 1626 3977 detrectati
1655 3918 1846 3988 judicii
1885 3932 1984 3969 nos
2030 3929 2321 3976 accusare,

753 4037 916 4096 atque
944 4025 1018 4078 ita
1047 4021 1292 4076 ferendis
1329 4019 1380 4070 in
1418 4031 1520 4069 nos
1547 4011 1787 4066 decretis
1817 4008 1979 4062 finem
2012 4008 2320 4075 imponere,

752 4134 914 4189 quam
943 4121 988 4169 si
1021 4123 1076 4168 ct
1115 4114 1436 4165 adessemus
1477 4116 1533 4160 et
1561 4103 2091 4159 contradiceremus.

827 4213 916 4267 IX.
957 4210 1137 4276 Quare
1168 4203 1465 4267 Palamitaa,
1505 4196 1835 4253 abeuntihus
1868 4194 2050 4253 nobis,
2084 4191 2324 4257 impera-

757 4316 956 4367 torem,
984 4297 1131 4369 quod
1155 4293 1458 4352 secundam
1500 4299 1555 4344 et
1607 4296 1845 4355 optatam
1900 4282 2066 4351 puppi
2099 4295 2208 4332 sua:
2235 4293 2331 4331 au-

757 4411 874 4450 ram
907 4391 1227 4462 aspirasset,
1257 4383 1500 4456 profusis
1529 4379 1787 4435 laudibus
1810 4373 2326 4433 remunerabantur,

758 4497 814 4545 et
842 4485 1111 4559 ejusmodi
1135 4478 1546 4536 adulationibus
1602 4472 1882 4527 titillatum
1931 4466 2053 4536 ejus
2083 4464 2327 4518 animum

2425 3287 2585 3355 μένου
2613 3285 2725 3343 τοῖς
2748 3277 3163 3345 πελεκυφόροις,
3197 3275 3294 3324 καὶ
3327 3272 3401 3339 μὴ
3429 3270 3524 3338 ἐᾷν
3555 3267 3774 3319 ἀπιέναι
3813 3268 3963 3333 ἡμᾶς
3993 3281 4004 3291 ·

2421 3374 2578 3443 ἡμῶν
2608 3373 2664 3426 δὲ
2688 3370 3026 3440 αἱρουμένων
3053 3367 3279 3420 θάνατον
3314 3360 3534 3430 μᾶλλον,
3557 3360 3588 3430 ἢ
3622 3358 3680 3408 τὸ
3705 3356 4010 3425 λῃστρικῦν

2421 3467 2596 3519 ἐκεῖνο
2629 3463 2904 3531 συνέδριον
2937 3458 3166 3512 ἑστῶσιν
3200 3456 3330 3524 ὁρᾷν
3364 3452 3684 3519 ὀφθαλμοῖς.
3743 3447 3871 3515 Ὀψὲ
3904 3448 3950 3498 δ’
3985 3449 4012 3496 ὀ

2424 3557 2622 3626 σεμνὸς
2663 3555 2949 3621 Παλαμᾶς,
2989 3547 3138 3616 αὑτῴ
3161 3548 3517 3614 λογισάμενος
3552 3536 3694 3593 εἶναι
3726 3539 3850 3591 καθ’
3887 3539 4013 3606 ἡδο-

2423 3650 2522 3717 νὴν
2542 3647 2639 3718 τὴν
2666 3647 2821 3716 ἡμῶν
2843 3643 3133 3698 ἀπουσίαν.
3155 3638 3374 3706 ἀφιέναι
3400 3634 3632 3703 παρῄνει
3663 3630 3738 3700 τῷ
3774 3629 4010 3696 βασιλεῖ.

2435 3743 2592 3812 Ῥᾷον
2637 3739 2744 3806 γὰρ
2793 3730 2933 3788 εἷναί
2987 3748 3170 3797 σφισιν
3217 3729 3404 3795 ἔλεγεν
3447 3723 3698 3777 ἐντεῦθεν
3749 3723 3902 3788 ἡμᾶς
3953 3735 4013 3768 τε

2426 3810 2750 3904 φυγοδικίας
2792 3823 3106 3895 γράφεσθαι
3151 3820 3247 3872 καὶ
3293 3819 3434 3885 σφᾶς
3462 3816 3722 3884 ταχίστην
3771 3810 4016 3862 ἐπιτιθέ-

2424 3936 2514 3972 ναι
2567 3918 2686 3978 ταῖς
2720 3912 2841 3965 καθ’
2887 3909 3046 3980 ἡμῶν
3074 3908 3218 3960 οὕτω
3262 3905 3462 3974 ψήφοις
3499 3905 3599 3970 τὴν
3640 3901 3935 3971 τελευτὴν,
3980 3898 4012 3967 ἦ

2427 4009 2714 4076 παρόντων
2747 4006 2844 4058 καὶ
2873 4002 3262 4069 ἀντιλεγόντων
3295 3997 3478 4066 ἡμῶν.

2498 4180 2576 4240 Θ’.
2606 4184 2698 4237 Διδ
2726 4183 2842 4246 καί,
2877 4180 3147 4234 ἀπιόντων
3173 4174 3352 4246 ἡμῶν,
3375 4173 3564 4242 ὕμνοις
3600 4173 3648 4224 οξ
3671 4170 3797 4239 περὶ
3828 4169 4017 4220 Παλα-

2434 4283 2538 4350 μᾶν
2557 4280 2692 4334 πάνυ
2710 4274 3048 4345 παμπόλλοις
3064 4271 3348 4340 ἐγέραιρον
3364 4267 3453 4319 τὸν
3476 4265 3719 4336 βασιλέα,
3749 4263 3805 4327 ἐξ
3826 4264 4018 4328 οὐρίας

2432 4372 2662 4432 ἐκείνοις
2691 4369 2758 4422 τὰ
2802 4367 2946 4420 κατά
2976 4363 3232 4434 βούλησιν
3278 4360 3654 4430 παρεχόμενον
3693 4359 3886 4407 πλεῖν·
3927 4356 4020 4406 καὶ

2433 4465 2715 4524 τοιαύταις
2749 4459 3064 4518 κολακείαις
3094 4455 3157 4507 τὸ
3188 4454 3284 4524 τῆς
3311 4452 3489 4521 ψυχῆς
3514 4451 3726 4502 ἐκείνου
3761 4448 4020 4514 κατέψων

761 4533 1201 4652 permulcebant.
1255 4573 1464 4640 Nempe
1522 4577 1582 4621 ut
1615 4573 1868 4635 patentes
1943 4557 2123 4626 campi
2170 4557 2329 4624 equis

2438 4555 2718 4623 ἡδόμενον.
2765 4550 2851 4612 Ὠς
2901 4547 3010 4616 γὰρ
3045 4549 3102 4600 ἐς
3144 4544 3242 4607 τὰς
3276 4543 3644 4611 ἱπποδρομίας
3674 4540 3873 4609 ῥᾳδίαν
3905 4540 4022 4598 ταῖς

759 4646 1107 4727 certantibus
1136 4666 1352 4720 facilem
1379 4674 1599 4715 cursum
1631 4656 1894 4720 offerunt,
1935 4651 2015 4706 sic
2040 4650 2128 4703 ille
2162 4646 2331 4716 996

758 4762 1194 4820 assentatoribus
1222 4772 1418 4813 vacuas
1452 4767 1613 4807 aures
1638 4748 1985 4804 commodare
2011 4741 2158 4798 omni
2190 4753 2327 4796 tem-

759 4869 894 4924 pore
929 4867 1153 4924 prorsus
1175 4847 1487 4904 consuevit.
1523 4843 1708 4911 Itaque
1745 4840 1822 4893 illi
1850 4839 1961 4909 jam
1985 4835 2089 4890 soli
2117 4848 2329 4896 secum,

762 4946 1030 5020 quidquid
1071 4943 1241 5000 animi
1272 4940 1446 4996 libido
1475 4935 1813 5000 dietavisset,
1844 4929 2029 4987 verbis
2051 4927 2257 4997 pariter
2276 4934 2332 4979 et

765 5038 928 5094 factis
955 5035 1418 5106 exsequebantur.

2437 4643 2547 4697 τῶν
2587 4643 2768 4693 ἵππων
2803 4635 3301 4707 δίδωσινξάμίλλαις
3343 4633 3412 4684 τὰ
3455 4631 3567 4683 τῶν
3607 4629 3810 4681 πεδίων
3850 4630 4024 4695 iam}

2439 4736 2599 4798 λατα,
2631 4732 2803 4794 οὕτως
2831 4731 3122 4798 ἀνειμένας
3151 4725 3310 4779 εἴωθε
3329 4723 3595 4793 παρέχειν
3622 4721 3717 4774 καὶ
3743 4720 3910 4780 αὐτὸς
3938 4736 4025 4770 κο·

2444 4829 2572 4900 mea
2609 4829 2723 4889 τοῖς
2769 4821 2956 4886 κόλαξι
3001 4821 3097 4883 τὰς
3133 4820 3300 4879 ἀκοὰς
3341 4818 3450 4870 ἀεί.
3495 4812 3628 4868 Είτα
3667 4813 3790 4866 καθ’
3826 4813 4025 4878 αὖτοὺς

2439 4923 2591 4976 αὐτοὶ
2637 4920 2733 4973 καὶ
2776 4918 3024 4984 λέγοντες
3073 4913 3168 4966 καὶ
3203 4911 3438 4982 δρῶντες
3483 4910 3777 4977 ἐπέραινον
3816 4907 3923 4958 ὂτα
3971 4904 4024 4954 τδ

2442 5012 2764 5084 βουλόμενόν
2798 5025 2982 5076 σφισιν
3009 5004 3313 5076 ἐπήγγελλε
3337 5004 3433 5073 τῆς
3466 5001 3664 5070 ψυχῆς.

2118 5187 2445 5248 Variorum
2479 5184 2668 5242 notas.

842 5331 918 5403 (9)
953 5331 1082 5386 Cum
1108 5330 1360 5403 vidissent
1385 5324 1643 5403 superiori
1658 5322 1752 5400 ._die
1774 5337 1796 5400 ;_
1818 5333 1924 5372 non
1958 5314 2178 5403 quidem
2209 5326 2336 5403 prq-

767 5381 916 5459 αἱιῖιέ
942 5402 1221 5471 superiori,
1247 5400 1339 5471 sed
1375 5381 1558 5450 eo'die
1588 5393 1678 5461 qui
1720 5381 1929 5471 p_riinus
1967 5381 2332 5471 coricilii‘fwuit:

1407 5482 1518 5529 ut,
1571 5450 1689 5531 cap.
1723 5450 1792 5519 ’5,
1824 5469 1960 5511 secl.
2182 5450 2244 5531 Af.
2271 5453 2335 5519 τῇ

774 5543 1078 5614 προτεραίᾳ
1118 5541 1268 5614 σφίσι
1319 5521 1567 5595 κολάσεις
1599 5521 1943 5601 ἠπείληνται.
2007 5526 2138 5581 Vide
2167 5521 2336 5576 aduo-

775 5609 983 5670 tata‘ad
1009 5609 1134 5665 eum
1167 5613 1368 5666 locum.
1400 5609 1610 5660 Buivm.

849 5662 1329 5753 (ίίῖῑιῖίιίίόιίιοιξδ,
1359 5679 1648 5730 Anthr/cet.
1683 5693 1692 5729 l
1718 5694 1729 5729 :
1763 5674 1826 5726 Τί
1856 5673 1931 5737 δὲ,
1966 5669 2182 5723 κάκεῖνο
2208 5662 2338 5733 ψεῦ-

2444 5306 2532 5372 δος
2560 5305 2724 5373 ἐρεῖς,
2763 5299 2882 5353 εἰπέ
2919 5299 3053 5373 μοι’]
3079 5298 3160 5373 ἔτι
3181 5298 3276 5373 καὶ
3309 5292 3457 5373 ἀπαξ
3481 5293 3577 5346 καὶ
3605 5287 3859 5373 δὶςιόμοῦ
3895 5290 4026 5371 etriv-

2446 5362 2538 5437 τέξ
2577 5362 2966 5441 ἀπεπηδήσατε
2995 5369 3094 5436 τῆς
3127 5369 3287 5441 ίερᾶς-
3306 5366 3522 5433 ἐκείνης
3547 5362 3772 5441 συνόδου
3797 5378 3812 5390 ο
3846 5362 4026 5441 καίτοι

2445 5428 2637 5512 γε’καὶ
2670 5428 2939 5514 βασιλέως
2959 5428 3456 5514 καξζπατριάρχου-
3478 5428 3588 5514 ’καλ
3632 5428 4025 5514 πὶάντιονιξῖμσῦ

2447 5500 2788 5586 πιραμένειν
2831 5500 2974 5578 ὑμᾶς
3022 5500 3466 5572 ἀξιούντων,”καὶ
3514 5503 3588 5570 μὴ
3628 5503 3727 5569 τὴν
3766 5500 4027 5552 ὑπόθεσιν

2449 5587 2699 5638 ἐπίτηδες
2735 5582 3070 5638 διαφθείρειν
3098 5597 3112 5638 ;
3145 5579 3268 5632 cod.
3305 5577 3439 5638 Reg.
3468 5574 3626 5633 1996,
3666 5572 3761 5625 fol.
3791 5570 3824 5622 8
3864 5587 3919 5622 γ,
3945 5569 4027 5620 llis

2449 5587 2699 5655 ἐπίτηδες
2735 5586 3070 5650 διαφθείρειν
3098 5597 3112 5643 ;
3145 5586 3268 5632 cod.
3306 5586 3439 5644 Heg.
3468 5586 3626 5633 ιυυο,
3666 5586 3761 5625 Iul.
3791 5586 3824 5622 δ
3864 5587 3919 5622 v.
3945 5586 4025 5620 ms

2447 5665 2761 5729 congruunt
2779 5665 2832 5709 et
2849 5670 2912 5708 ea
2929 5667 3048 5720 qua:
3074 5650 3276 5705 ibidem
3296 5648 3572 5719 leguntur,
3591 5643 3684 5699 fol.
3709 5643 3798 5697 l5.
3821 5642 4025 5695 Boma.
