4240 6460
694 414 832 478 1275
1003 407 1075 479 [Α.
1110 421 1162 462 ιι.
1201 406 1365 470 6859,
1399 421 1500 458 mo.
1533 401 1589 473 4]

1888 403 2306 466 NICEPIIORI
2343 403 2726 465 GREGOllfli

3808 396 3940 458 1276

2943 395 3077 467 [tam
3111 413 3153 450 ι.
3185 411 3476 451 οικτλευῑ.
3520 393 3572 466 Ii]

691 530 1000 583 libertatem
1061 523 1331 593 Captivam
1387 523 1552 590 rapit,
1585 519 1764 574 omnia
1801 519 2041 572 raritatis
2076 518 2271 571 funda.-
2300 522 2342 576 Λ

2269 522 2342 576 νΛ
2374 516 2840 586 ἀνδραποδίζεται.
2893 513 2987 564 κοιλ⁵
3024 513 3178 564 ὅλους
3232 511 3592 579 ἀναμογλεόει
3657 510 3943 570 θεαελίους

690 631 874 676 menta
908 619 1187 674 convellit.
1228 616 1330 669 Sed
1388 631 1486 670 nec
1531 614 1846 683 imperatori
1889 614 1989 680 ipsi
2030 613 2119 666 illa
2152 613 2267 680 pla-

691 719 949 774 cuerunt,
992 709 1084 778 qui
1125 707 1498 761 ﬁrmissimum
1545 705 1856 775 pra‘sidium
1884 747 1896 767 ,
1953 713 2006 757 et
2051 720 2266 758 murum

692 804 838 858 baud
892 803 1048 855 facile
1105 801 1569 870 perrumpendum
1603 833 1616 861 ,
1651 814 1747 865 per
1779 813 1938 850 omne
1984 806 2266 850 certamen

692 896 810 948 tore
842 910 900 948 se
938 894 1015 947 illi
1045 894 1395 962 promiserat.
1428 891 1790 957 Quamobrem
1816 891 1904 942 illa
1937 891 2141 952 omnia,
2164 890 2271 943 Eu-

692 985 797 1051 ripi
853 985 1051 1044 instar,
1111 984 1292 1037 statim
1329 991 1477 1035 retro
1511 997 1776 1034 conversa
1811 988 1967 1044 sunt;
2001 981 2267 1034 sancitum

700 1076 908 1144 1003
942 1075 1298 1145 jurejurando
1340 1074 1514 1127 [cadus
1549 1075 1826 1126 turbatum
1857 1081 1908 1124 ct
1944 1073 2270 1136 confusum;

697 1169 1052 1236 paciiicarum
1090 1168 1514 1237 promissionum
1545 1169 1690 1236 leges
1716 1178 1771 1222 et
1800 1178 1956 1235 pacta
2005 1175 2272 1220 conventa

700 1260 930 1323 pedibus
961 1261 1301 1314 conculcata.
1356 1259 1494 1313 Tum
1549 1274 1740 1310 rursus
1769 1257 2191 1312 deliberationes
2221 1265 2272 1310 et

698 1352 926 1408 consilia
959 1368 1062 1421 per
1113 1360 1280 1404 totam
1318 1361 1530 1404 noctem
1564 1360 1777 1403 versata
1822 1352 1872 1402 itt
1905 1363 2118 1402 ontnem
2147 1363 2275 1416 par-

701 1455 810 1498 tem
855 1458 916 1498 ac
966 1453 1295 1497 tesserarum
1354 1443 1527 1495 instar
1564 1441 1763 1509 jactata
1830 1449 1978 1494 sunt.
2040 1438 2132 1493 Sic
2197 1437 2273 1491 illi

701 1536 980 1605 principes
1006 1575 1022 1600 ,
1085 1551 1208 1590 cum
1292 1536 1356 1586 de
1395 1533 1735 1588 sessionibus
1775 1533 2032 1601 deinceps
2079 1529 2278 1586 futuris

701 1627 1105 1682 consultassent
1133 1665 1148 1688 ,
1198 1625 1588 1693 machinasque
1617 1631 1670 1677 et
1703 1623 1940 1676 fabricas
1971 1623 2026 1675 in
2061 1636 2160 1674 nos
2189 1636 2282 1690 ap.

703 1727 1003 1786 parassent,
1035 1717 1225 1785 quales
1273 1727 1329 1770 et
1379 1725 1613 1785 quantas
1673 1715 1854 1768 timori
1908 1729 2008 1768 suo
2068 1713 2281 1766 abster-

704 1809 904 1879 gendo,
936 1809 1097 1864 nobis
1129 1825 1258 1864 vero
1285 1809 1531 1863 funditus
1556 1807 1804 1861 deleudis
1835 1821 1895 1859 ac
1930 1807 2279 1875 pessumdan-

705 1903 789 1956 dis
843 1917 998 1972 pares
1051 1901 1175 1956 fore
1223 1902 1652 1962 arbitrabantur,
1704 1899 2022 1951 concionem
2078 1905 2279 1950 vocant

707 1990 994 2045 sententiis
1019 1991 1235 2062 injustis
1267 2000 1321 2046 et
1354 1991 1538 2060 impiis
1573 1990 1878 2059 speciosum
1925 1986 2146 2056 iustitia:
2178 2001 2278 2040 no-

706 2099 831 2137 men
861 2082 1230 2152 imponentes.

776 2174 842 2229 11.
874 2175 983 2228 Nos
1016 2190 1148 2228 vero
1193 2174 1450 2227 aifuimus
1479 2214 1490 2236 ,
1537 2173 1732 2241 partim
1767 2173 2016 2226 nolentes
2039 2211 2053 2235 ,
2081 2171 2279 2240 partim

712 2265 876 2318 etiam
901 2266 1180 2320 volentes:
1216 2266 1465 2319 nolentes
1495 2264 1733 2330 quidem,
1763 2263 2018 2332 quoniam
2049 2269 2284 2315 structas

711 2359 868 2412 nobis
908 2358 1126 2411 frauies
1159 2355 1303 2410 baud
1338 2355 1738 2420 nesciebamus,
1781 2355 1895 2408 sive
1923 2369 2015 2408 eas
2047 2368 2282 2423 quarum

710 2451 920 2506 molitio
964 2452 1027 2504 ad
1071 2450 1275 2504 exitum
1324 2449 1588 2517 perducta
1639 2456 1815 2508 esset,
1872 2447 1985 2501 sive
2020 2446 2140 2501 illas
2166 2461 2286 2514 qua:

709 2543 1118 2601 exsecutionem
1152 2582 1166 2603 ,
1223 2541 1371 2594 velut
1412 2540 1463 2593 in
1499 2540 1691 2593 limine
1749 2548 2076 2603 morantem,
2109 2537 2286 2591 adbuc

713 2636 980 2704 integram
1006 2633 1108 2688 sibi
1131 2632 1506 2693 reservabant,
1541 2629 1961 2696 elliciebantque
1997 2635 2059 2681 ut
2104 2627 2285 2680 intro-

713 2728 842 2781 duci
889 2741 988 2779 nos
1045 2724 1240 2778 inutile
1300 2723 1475 2791 palam
1522 2721 1664 2775 foret
1708 2738 1721 2774 :
1759 2720 2007 2775 volentes
2055 2727 2234 2774 autem
2270 2758 2287 2784 ,

713 2827 996 2888 propterea
1032 2817 1173 2884 quod
1207 2815 1259 2869 iu
1286 2815 1457 2868 Deum
1497 2814 1810 2877 intuentes,
1855 2819 1909 2866 et
1950 2825 2014 2864 eo
2067 2810 2289 2880 prtemia

713 2917 991 2965 statuente
1027 2908 1169 2961 istud
1216 2907 1462 2976 martyrii
1513 2905 1746 2957 stadium
1781 2912 2084 2967 currentes,
2117 2902 2290 2957 bonas

713 3001 782 3054 de
810 3001 994 3053 futuro
1020 3013 1144 3066 spes
1177 3013 1280 3048 non
1309 2993 1747 3062 retugiebamus;
1775 2994 1986 3047 tametsi
2011 2993 2291 3061 religionis

715 3093 1134 3150 auctoritatem,
1178 3089 1338 3142 annis
1389 3088 1640 3156 plurimis
1673 3095 1727 3139 et
1785 3095 2102 3140 sanctorum
2135 3085 2291 3139 libris

2371 611 2612 676 ἀγάπης.
2641 608 2747 660 Ναὶ
2776 606 2880 674 μὴν
2908 604 3017 658 οὐδ’
3051 605 3198 666 αὐτῷ
3231 603 3297 654 τὰ
3352 601 3553 654 τοιαῦτ’
3609 602 3786 665 ἔδοξεν
3817 605 3946 668 αρε-

2373 704 2469 754 στά
2498 701 2726 768 βασιλεῖ,
2763 699 2992 768 ἔρεισμα
3025 705 3318 765 κρατιστον
3365 695 3827 762 ἐπαγγειλαμένη)
3853 694 3948 744 γαὶ

2371 795 2547 861 τεῖχος
2584 787 2724 843 εἶναι
2755 791 2827 858 μὴ
2867 792 3037 859 eam
3066 789 3259 856 μηδέσι
3301 788 3640 855 ῥηγνύμενον
3676 790 3807 854 παρ’
3827 788 3948 838 ὅλον

2373 881 2521 949 αὐτῷ
2587 879 2946 933 καθίστασθαι
3012 879 3222 944 ἀγῶνα.
3275 877 3439 928 Ὅθεν
3498 877 3736 945 Εὐρίπου
3795 878 3950 943 δίκην

2375 975 2570 1029 ἅπαντ’
2606 975 2764 1036 εὐθὺς
2794 976 2975 1025 ἐκεῖνα
3003 972 3356 1041 ἀνετρὲπετο,
3390 972 3484 1022 καὶ
3536 972 3811 1038 κρατῆρες
3859 970 3951 1039 ὄρ-

2376 1085 2486 1120 κων
2513 1069 2736 1118 ἐκείνων
2789 1064 3142 1133 ἁνεκίρναντό
3198 1081 3256 1115 τε
3317 1063 3412 1115 καὶ
3464 1063 3798 1130 συνεχέοντο,
3854 1066 3950 1113 καὶ

2380 1160 2674 1230 είρηναίων
2727 1155 3073 1222 ἐπαγγελιῶν
3125 1157 3349 1207 ἐκείνων
3403 1157 3701 1207 ἐπατοῦντο
3757 1155 3952 1222 θεσμοὶ

2377 1254 2468 1306 καὶ
2497 1252 2826 1322 συμϐόλαια.
2871 1250 2975 1303 lia).
3009 1251 3171 1301 πάλιν
3202 1248 3391 1318 βουλαὶ
3431 1248 3522 1301 καὶ
3557 1249 3779 1315 μελέται
3845 1264 3986 1315 πα·-

2377 1348 2688 1418 λίνστροφοι
2720 1345 3135 1414 διενυκτέρευον
3157 1361 3216 1395 τε
3258 1344 3353 1396 καὶ
3396 1342 3580 1394 κύϐων
3607 1341 3765 1410 δίκην
3795 1342 3955 1411 ἀνερο

2381 1440 2652 1509 ρίπτοντο.
2709 1437 2865 1491 Οὖτω
2937 1436 3034 1504 μὲν
3113 1431 3204 1487 οὖν
3262 1434 3528 1503 ἡγεμόνες
3578 1435 3797 1494 ἐκεῖνοι,
3843 1434 3953 1484 τῶν

2383 1531 2580 1601 ἐφεξῆς
2618 1530 2910 1598 συνεδρίων
2940 1531 3037 1592 τὰς
3073 1527 3196 1580 καθ’
3227 1529 3383 1596 ἡμῶν
3414 1527 3696 1597 εἰληςαότες
3724 1526 3953 1596 μελέτας

2381 1622 2478 1675 καὶ
2504 1621 2799 1683 συσκευὰς,
2833 1619 3022 1680 ὁποίας
3066 1620 3155 1670 καὶ
3181 1619 3310 1681 ὅσας
3362 1617 3551 1679 ἱκανὰς
3582 1616 3740 1686 ᾤοντ’
3791 1613 3952 1677 εἶναι,

2381 1716 2480 1784 τήν
2506 1715 2555 1767 τ’
2591 1715 2797 1766 οἰκείαν
2849 1711 3254 1782 ἀποτρίψασθαι
3289 1711 3493 1765 δειλίαν
3527 1712 3620 1764 καὶ
3647 1711 3762 1778 ἅμα
3807 1711 3954 1779 ἡμᾶς

2382 1805 2481 1876 τὴν
2530 1806 2826 1880 ,ταχίστην
2902 1805 3408 1869 ἀποσκευάσασθαι,
3482 1805 3618 1874 πρὸς
3682 1804 3955 1874 βάραθρον

2383 1894 2649 1964 ἁφανείας
2712 1894 3008 1963 ὠσάμενοι,
3059 1893 3356 1963 ἐκκλησίαν
3422 1893 3743 1963 ἐκήρυττον,
3800 1891 3956 1958 δίκης

2381 1988 2552 2057 ὄνομα
2607 1986 2843 2057 χρηστὸν
2892 1985 3216 2055 ἀναθέμενοι
3290 1986 3541 2057 γνώμαις
3595 1985 3803 2048 ἀδίκοις
3866 1985 3959 2038 καὶ

2383 2081 2638 2142 ἀνοσίοις.
3218 2126 3227 2130 -

2456 2170 2540 2242 [Ρ.
2572 2169 2698 2242 651]
2749 2173 2821 2226 B'.
2862 2169 2971 2224 Kal.
3021 2170 3278 2241 παρῆμεν
3345 2171 3528 2240 ἡμεῖς,
3562 2171 3676 2233 πὼς
3746 2171 3844 2239 μὲν
3898 2171 3955 2222 οὓ

2386 2263 2591 2332 σφόδρα
2628 2262 2866 2326 ἑκόντες,
2895 2262 3010 2326 πὼς
3036 2262 3090 2316 δὲ
3119 2263 3212 2316 καὶ
3247 2262 3448 2332 σφόδρα
3510 2263 3658 2315 τουτί
3686 2280 3696 2290 ·
3737 2264 3960 2326 ἄκοντες

2390 2359 2518 2425 μὲν,
2546 2357 2666 2408 ἐπεὶ
2699 2355 2773 2424 μὴ
2825 2355 3047 2432 λέληθεν
3078 2357 3223 2425 ἡμᾶς
3247 2357 3315 2409 τὰ
3337 2356 3458 2409 καθ’
3489 2357 3668 2424 ἡμῶν.
3705 2358 3736 2408 ἆ
3769 2375 3826 2408 τε
3866 2358 3961 2426 τὴν

2390 2446 2622 2517 μελέτην
2659 2447 2974 2518 ἔμπρακτον
2999 2446 3120 2516 ἔσχε
3145 2447 3236 2500 καὶ
3256 2450 3289 2500 ἀ
3319 2449 3416 2515 τὴν
3440 2450 3638 2516 πρᾶξιν
3669 2451 3724 2500 ἐν
3760 2449 3962 2516 προθύ·

2392 2557 2502 2609 ροις
2535 2539 2612 2593 ἔτι
2646 2541 2826 2606 σφίσιν
2853 2538 3212 2610 αὑλιζομένην
3246 2542 3584 2609 ὲταμιεύετο,
3612 2542 3704 2594 καὶ
3731 2540 3962 2609 μάταιον

2393 2632 2469 2694 είς
2493 2632 2799 2700 τούμφανὲς
2835 2631 2933 2702 τὴν
2953 2632 3110 2701 ἡμῶν
3133 2633 3392 2701 παρεῖχεν
3423 2634 3732 2701 εἰσαγωγήν
3757 2650 3768 2662 ο
3807 2633 3962 2692 ὲκόζι-

2390 2740 2502 2787 τες,
2536 2723 2616 2775 ὅτι
2649 2722 2784 2792 πρὸς
2821 2722 2951 2775 Θεὸν
2987 2723 3295 2791 βλέποντες.
3332 2725 3428 2775 καὶ
3457 2725 3547 2775 τὸν
3579 2723 3823 2775 τοιοῦτον
3858 2725 3959 2790 τῆς

2391 2816 2668 2886 ἀθλήσεως
2709 2817 2799 2869 ὑπ’
2837 2816 3098 2886 ἀθλοθὲτῃ
3141 2817 3425 2886 τρέχοντες
3473 2817 3667 2886 ἐκείνῳ
3719 2816 3961 2875 δίαυὶον,

2392 2907 2490 2969 τὰς
2522 2908 2729 2973 ἀγαθὰς
2763 2908 2861 2960 οὐκ
2891 2907 3196 2976 ἐφεύγομεν
3227 2905 3320 2959 τοῦ
3380 2906 3666 2976 μέλλοντος
3717 2907 3964 2970 Eia-761:,

2395 3001 2441 3050 εί
2467 3000 2564 3051 καὶ
2593 3000 2650 3051 τὸ
2680 3001 2778 3068 τῆς
2804 2999 3089 3060 εὐσεϐείας
3118 3000 3340 3068 κράτος,
3375 2999 3519 3051 ἔτεσι
3551 3000 3824 3060 πλείστοις
3876 3001 3969 3051 καὶ

2397 3088 2598 3157 βίϐλοις
2627 3089 2798 3155 ἁγίων
2839 3091 3076 3159 μακραῖς
3108 3089 3377 3158 κυρωθὲν,
3414 3089 3440 3139 ὀ
3493 3088 3683 3159 παρὼν
3733 3090 3832 3140 οὐκ
3864 3093 3937 3156 ἠγ
3959 3120 3969 3128 -

718 3184 910 3237 multis
955 3183 1244 3245 ﬁrmatam,
1282 3195 1521 3249 prmsens
1559 3188 1774 3248 tempus
1797 3193 1906 3232 non
1941 3177 2287 3243 admittebat,
2319 3203 2363 3264 ο

2319 3203 2363 3264 C
2397 3180 2648 3244 καλίζετο
2681 3183 2871 3250 χρόνος
2903 3198 2915 3211 ο
2956 3182 3086 3234 ἀλλὰ
3136 3181 3230 3233 καὶ
3275 3181 3443 3249 αὐτὴν
3499 3181 3596 3250 τὴν
3643 3180 3734 3233 τοῦ
3785 3182 3969 3246 λέ-,ειν

723 3275 817 3328 sed
849 3275 1097 3328 libertate
1140 3275 1253 3342 ipsa
1302 3271 1515 3326 dicendi
1545 3270 1700 3323 nobis
1728 3284 1956 3339 prorsus
1986 3268 2161 3321 ablata
2181 3311 2193 3333 ,
2227 3284 2290 3324 ac

719 3366 832 3421 illis
863 3366 954 3436 qui
982 3364 1216 3420 absurda
1249 3363 1507 3433 qumlibet
1558 3362 1715 3416 facile
1753 3370 2132 3430 perpetrarent
2165 3377 2294 3414 con-

721 3473 898 3523 cessa,
938 3473 1088 3511 sacra
1117 3457 1368 3509 veritatis
1398 3453 1648 3523 praesidia
1680 3452 1931 3506 demoliri
1963 3460 2012 3504 et
2045 3460 2293 3506 evertere

722 3550 875 3604 omni
911 3563 1188 3602 armorum
1238 3562 1436 3616 genere
1469 3544 1784 3608 festinabat,
1817 3544 1982 3597 nullis
2028 3543 2253 3605 auribus
2277 3584 2291 3607 ,

722 3642 891 3694 nullis
922 3640 1140 3703 animis,
1173 3653 1266 3692 seu
1294 3637 1689 3707 in.!ignalionis
1719 3637 1916 3690 divina:
1947 3645 2174 3701 metum,
2198 3649 2294 3691 seu

723 3732 1010 3785 hominum
1045 3730 1413 3784 reverentiam
1441 3727 1860 3796 acripicutibus.

800 3822 890 3876 lll.
924 3819 1172 3876 Couﬂato
1206 3820 1256 3874 in
1309 3819 1518 3889 ιοοᾰ
1560 3819 1707 3872 bunc
1739 3816 1958 3871 modqu
1997 3815 2295 3882 tribunali,

727 3929 851 3968 cum
905 3921 954 3965 et
983 3913 1180 3966 scirem
1219 3919 1273 3966 et
1318 3912 1558 3964 viderent
1597 3911 1984 3979 imperatorem
2036 3909 2301 3963 adversus

725 4024 826 4060 nos
858 4005 1179 4076 prmfari—sic
1228 4006 1393 4070 velle,
1426 4014 1485 4057 ut
1517 4005 1568 4056 in
1599 4005 1718 4074 ejus
1753 4003 1937 4057 verbis
1971 4019 2166 4071 magna
2196 4004 2299 4055 do-

725 4103 1028 4155 minaretur
1063 4100 1380 4164 iracundia,
1415 4099 1647 4167 primam
1703 4100 1817 4168 ipse
1856 4097 2299 4166 impressionem,

727 4206 987 4262 quantum
1020 4195 1070 4246 in
1109 4209 1193 4246 me
1226 4192 1349 4254 fuit,
1378 4193 1611 4261 repressi
1643 4210 1654 4245 :
1689 4207 1751 4246 ac
1779 4206 1879 4245 nos
1905 4189 2064 4260 (dixi)
2089 4189 2153 4243 ad
2179 4204 2304 4259 pro-

727 4287 963 4355 positum
1001 4296 1382 4353 argumentum
1419 4292 1469 4337 et
1510 4283 1574 4337 ad
1611 4284 1913 4337 institutam
1949 4283 2304 4351 disceptatio-

728 4393 849 4429 nem
904 4377 1181 4445 prioribus
1233 4375 1483 4444 vestigiis
1545 4374 1851 4429 iusistt-ndo
1893 4374 2206 4436 redeamus,
2245 4383 2304 4426 ut

733 4472 845 4524 lucc
886 4470 1185 4538 disputatio
1227 4469 1420 4521 ordine
1473 4467 1756 4536 procedat,
1812 4466 2063 4535 adeoque
2096 4467 2300 4520 bonum

2399 3274 2615 3327 ἃπασαν
2664 3273 2843 3326 ἄδειαν
2892 3273 3048 3342 ἡμῶν
3122 3290 3177 3325 τε
3259 3274 3661 3343 ἀφαιρούμενος
3718 3276 3810 3325 καὶ
3859 3278 3969 3334 τοῖς

2396 3366 2528 3436 δρᾷν
2567 3367 2804 3436 εὐχερῶς
2835 3371 2901 3418 τά
2932 3368 3073 3419 κατὰ
3099 3366 3354 3435 βούλησιν
3390 3367 3604 3436 ἔχουσιν
3631 3366 3840 3419 ἕκτοπα
3872 3388 3964 3434 χα-

2400 3457 2679 3525 ριζόμενος
2709 3456 2773 3509 τὰ
2805 3460 2902 3528 τῆς
2930 3457 3185 3528 ἀληθείας
3234 3459 3512 3529 ἀνάκτορα
3567 3461 3730 3511 πᾶσιν
3783 3459 3973 3520 ὅπλοις

2398 3548 2681 3617 καθαιρεῖν
2716 3567 2773 3602 τε
2804 3553 2897 3603 καὶ
2927 3551 3074 3602 λύειν
3105 3551 3382 3618 ἠπείγετο,
3436 3550 3565 3620 μήτ’
3607 3552 3779 3616 ἀκοῆς
3835 3552 3975 3619 μήτε

2400 3639 2624 3709 γνώμης
2651 3641 2907 3710 οὐδεμιᾶς
2943 3643 3077 3712 μήτε
3099 3644 3317 3712 νέμεσιν
3336 3641 3485 3694 θείαν
3521 3643 3646 3712 μήτ’
3668 3643 3980 3711 ἀνθρώπων

2404 3733 2840 3802 προσδεχομένης
2863 3733 3017 3789 αἱδώ.

2471 3822 2547 3876 Γ.
2603 3821 2712 3874 Τοῦ
2774 3824 2952 3891 μέντοι
3006 3823 3250 3893 βήματος
3301 3823 3442 3876 οὕτω
3489 3825 3978 3893 συγκροτηθέντος,

2403 3916 2562 3976 εἰδώς
2594 3933 2650 3967 τε
2693 3916 2809 3984 ἅμα
2869 3915 2965 3967 καὶ
3006 3915 3132 3967 ίεὼν
3183 3916 3402 3985 μεγαλῳ
3464 3917 3982 3986 στρατηγουμένους

2406 4007 2562 4077 θυμῷ
2598 4008 2688 4059 τὸν
2731 4007 2952 4076 βασιλέα
3016 4005 3320 4074 καθ’ήμῶν
3381 4006 3844 4075 προοιμιάζεσθαι
3902 4009 3985 4060 θέ-

2404 4099 2565 4151 λοντα
2600 4099 2791 4166 λόγους
2850 4097 2948 4167 τὴν
2999 4095 3243 4166 πρώτην,
3271 4097 3392 4149 ὅσον
3437 4082 3681 4165 ἐφικτὸν,
3722 4098 3984 4151 ἀνέστελ-

2404 4191 2492 4243 λον
2520 4189 2702 4257 ἔφοδον
2734 4191 2895 4257 ἔγωγ’
2931 4189 3112 4251 αὐτὸς,
3149 4187 3272 4241 Ἐπὶ
3290 4189 3351 4241 τὸ
3378 4190 3739 4258 προκείμενον
3778 4193 3873 4241 καὶ
3929 4191 3986 4240 τὸ

2405 4285 2673 4354 πρότερον
2709 4283 2854 4352 ἴχνος
2881 4281 2974 4336 τοῦ
3025 4282 3187 4350 λόγου
3245 4283 3520 4352 (φάσκων)
3559 4282 3983 4350 ἐπανέλθωμεν,

2407 4378 2478 4440 ὡς
2504 4377 2568 4431 ἂν
2595 4379 2620 4428 ὁ
2648 4377 2804 4442 λόγος
2838 4375 2958 4428 καθ’
2994 4376 3183 4446 εἱρμὸν
3248 4375 3444 4429 όδεύων
3498 4372 3719 4442 λήξεσιν
3768 4375 3986 4444 ἐντύχοι

2408 4470 2692 4540 χρησταῖς.
2731 4467 2804 4520 Οὐ
2833 4466 2939 4536 γὰρ
2989 4465 3054 4520 ἂν
3121 4463 3421 4535 φθάνοιμεν
3482 4465 3657 4527 ἄλλως
3714 4469 3988 4534 κρημνοῖς

728 4558 932 4610 exitum
993 4555 1277 4608 sortiatur.
1327 4555 1538 4623 Alioqui
1582 4552 1758 4606 facere
1790 4552 1934 4606 haud
1968 4566 2262 4621 possumus
2291 4593 2304 4614 ,
2342 4550 2382 4604 D

2342 4550 2502 4614 Ι)κα“ι
2557 4559 2800 4630 φάραγξι
2845 4559 2937 4612 καὶ
2969 4558 3252 4620 σκοπέλοις
3308 4557 3533 4619 ἀτόποις
3591 4556 3768 4608 εἰπεῖν
3827 4575 3987 4625 περι-

730 4648 860 4716 quin
896 4647 1202 4715 prmeipites
1245 4662 1489 4705 ruamtts.
1525 4659 1588 4699 ac
1632 4655 1886 4713 tanquam
1931 4644 1983 4697 in
2019 4645 2304 4713 voragines

730 4741 935 4802 delati,
986 4748 1080 4792 aut
1132 4737 1196 4792 ad
1234 4738 1488 4806 scopulos
1525 4737 1696 4797 allisi.
1733 4740 1786 4790 iu
1824 4735 2064 4790 absurda
2099 4736 2307 4790 incida-

732 4850 878 4896 tuus,
912 4839 967 4884 et
999 4830 1280 4884 erroribus
1306 4831 1646 4901 gravioribus
1682 4817 1954 4900 jactentur
1983 4843 2145 4897 quam
2181 4828 2306 4897 qui-

731 4924 834 4977 bus
873 4924 986 4991 ipse
1019 4923 1276 4992 Ulysses:
1311 4938 1408 4976 nec
1447 4922 1605 4976 ﬁnem
1637 4923 1819 4983 nobis.
1858 4921 1953 4974 sed
1983 4923 2214 4974 aliarum
2241 4936 2308 4974 ex

733 5013 855 5064 aliis
881 5013 1169 5066 turbarum
1199 5012 1759 5080 persecutimtumque
1793 5009 2008 5066 initium
2034 5052 2046 5074 ,
2086 5010 2306 5065 hodier-

735 5119 841 5156 nus
873 5103 991 5156 dies
1024 5103 1338 5170 spondebit.
1383 5103 1476 5156 llis
1517 5103 1814 5172 imperator
1843 5113 2044 5173 praeter
2090 5110 2312 5156 senten-

739 5199 875 5247 tiam
906 5196 1128 5258 auditis,
1163 5195 1230 5248 de
1273 5195 1618 5248 vehementia
1653 5195 1892 5258 remisit;
1930 5210 2039 5248 nou
2089 5193 2309 5264 quidem

735 5289 998 5349 libenter,
1030 5305 1129 5342 nec
1166 5303 1318 5341 more
1371 5289 1489 5356 ejus
1517 5287 1608 5355 qui
1655 5287 1796 5340 haud
1835 5296 2177 5356 gravaretur,
2228 5304 2313 5342 re-

737 5382 891 5436 misit
940 5389 1120 5433 tamen
1175 5379 1456 5449 paululum
1493 5420 1505 5441 ,
1539 5388 1804 5446 quantum
1849 5378 2057 5431 scilicet
2089 5393 2313 5432 necesse

738 5480 854 5527 erat
888 5473 953 5524 ad
1012 5471 1380 5540 suspicionem
1428 5479 1481 5525 et
1519 5470 1946 5541 indignationem
1998 5484 2187 5524 eorum
2219 5470 2313 5540 qui

739 5566 969 5618 aderant
999 5565 1383 5618 amovendam.

809 5648 895 5709 Ν.
934 5655 1218 5726 Ingressus
1260 5655 1444 5724 itaque
1499 5656 1672 5708 lector
1709 5670 1736 5708 a
1767 5654 1944 5724 capite
1980 5644 2177 5723 quarto
2221 5668 2317 5706 ex-

740 5761 901 5798 orsus
934 5755 1034 5800 cst.
1067 5745 1201 5800 Nam
1237 5745 1508 5814 superiori
1540 5746 1626 5798 die
1671 5745 1770 5797 tria
1804 5747 2038 5813 perlecta
2080 5753 2133 5798 ct
2164 5746 2315 5796 dam-

744 5847 867 5890 nata
905 5837 1120 5892 fuerant
1152 5857 1164 5893 :
1195 5854 1258 5893 ac
1307 5839 1437 5892 ttulli
1496 5839 1701 5892 mederi
1830 5854 1853 5889 a
1892 5851 1998 5906 quo
2032 5837 2230 5904 scripta
2262 5845 2312 5893 et

2409 4647 2722 4710 πίπτοντες,
2764 4646 2858 4699 καὶ
2904 4645 3135 4708 πλάνους
3168 4645 3483 4707 ἀντλοῦντες
3535 4646 3644 4696 τῶν
3683 4647 3990 4710 Ὀδυςςέως

2406 4740 2815 4809 χαλεπωτέρους
2836 4755 2852 4771 ’
2896 4738 2991 4791 καὶ
3018 4739 3078 4791 οὐ
3113 4739 3262 4800 τέλος
3303 4737 3546 4807 θορύϐων
3568 4739 3702 4806 ἡμῖν
3730 4740 3758 4789 δ
3789 4757 3864 4789 πα
3877 4741 3985 4808 pc.”

2409 4833 2560 4885 ἔσται
2631 4830 2820 4900 καιρὸς
2875 4828 3259 4898 ἐγγυώμενος,
3324 4828 3438 4881 ἀλλ’
3497 4831 3668 4900 ἀρχὰς
3729 4830 3982 4895 θορύϐων

2409 4923 2495 4992 ἐφ’
2530 4923 2734 4992 ἑτέροις
2780 4921 3000 4991 ἐτέρων,
3044 4921 3178 4974 κάπί
3206 4922 3461 4990 διωγμοῖς
3484 4921 3762 4990 διωγμῶν.
3796 4924 3987 4975 Ταῦτα

2410 5016 2562 5086 παρά
2588 5016 2686 5085 τὴν
2713 5014 2970 5084 πρόθεσιν
2999 5015 3094 5084 τῆς
3124 5011 3302 5084 ψυχῆς
3335 5013 3601 5083 ἀκηκοότι
3627 5013 3709 5080 τῷ
3746 5013 3984 5082 βασιλεῖ,

2411 5106 2472 5159 οὐ
2504 5107 2799 5178 προθύμως
2852 5107 2949 5176 μὲν
2986 5105 3094 5158 οὐδ’
3130 5105 3496 5176 ἀνεπαχθέσιν
3550 5105 3758 5176 ἡθεσιν,
3793 5107 3991 5160 ἐνδιδό-

2413 5217 2500 5252 ναι
2528 5197 2572 5250 δ⁹
2607 5197 2697 5252 οὖν
2722 5197 3000 5264 ἐξεγένετο
3041 5195 3215 5267 βραχύ
3240 5213 3311 5260 τι,
3346 5197 3438 5248 καὶ
3501 5196 3621 5249 ὅσον
3671 5195 3990 5264 ἀφοσιώσα-

2415 5293 2540 5346 σθαι
2619 5293 2718 5365 τὴν
2786 5292 2894 5346 τῶν
2964 5289 3248 5359 παρόντων
3317 5287 3572 5341 ὑπόνοιαν
3637 5303 3698 5340 τε
3749 5289 3846 5341 καὶ
3903 5289 3990 5342 νέ-

2418 5401 2594 5456 μεσιν.

2489 5646 2560 5701 Δ⁹.
2593 5647 2753 5700 Ὅθεν
2779 5645 2964 5700 simi»
3007 5648 3034 5700 ὁ
3064 5645 3460 5712 ἀναγινώσκων
3519 5642 3693 5715 ἀρχὴν
3753 5644 3996 5696 ἐποιεῖτο

2420 5741 2732 5809 κεφαλαίων
2757 5742 2817 5794 τὸ
2846 5743 3125 5811 τέταρτον.
3159 5740 3242 5794 Τὰ
3276 5740 3384 5810 γὰρ
3432 5738 3557 5807 τρία
3586 5740 3652 5807 τῇ
3694 5740 3996 5806 προτεραὲα

2422 5832 2751 5898 ἀνέγνωσταῐ
2785 5849 2837 5884 τε
2873 5835 2965 5884 καὶ
3014 5833 3404 5900 κατέγνωσται,
3439 5831 3514 5907 pi;
3549 5829 3870 5898 δυνηθέντος
3895 5830 3988 5878 τοῦ
