4240 6460
245 355 384 430 1277

639 369 714 438 [Α.
755 386 802 426 c.
847 371 1008 444 εδει]

1265 381 1703 445 ΒΥΖΑΝΤΙΝιΕ
1745 383 2126 453 ῙΙῙΒΤΟΒΙΙἘ
2165 397 2291 456 LIB
2354 398 2513 458 XXI.

2631 395 2764 467 ίιιιρ.
2797 411 2839 450 .t.
2870 411 3162 452 cauracuz.
3189 398 3244 470 5]

3357 404 3490 467 I278

239 486 583 582 γεΪραφότος
615 489 723 582 331‘
744 489 1270 563 βεδλασφημηκότος
1328 498 1602 566 ἰατρεύειν
1657 500 1810 553 οὐδὲν
1839 507 1883 561 Α

1839 507 1883 561 Δ
1916 504 2079 575 impie
2119 510 2472 577 pronuntiata
2522 521 2682 564 erant
2709 511 2823 565 ullo
2860 513 3022 567 modo
3069 523 3342 582 potuerat,
3378 532 3487 570 non

241 576 482 645 οὐδαμῆ,
509 577 571 630 ού
602 579 805 647 μᾶλλόν
840 598 902 648 γε
934 582 966 652 ἢ
999 583 1167 647 λίθοις
1215 587 1446 656 όπτικὴν
1472 591 1814 660 προσαρμότ-

241 683 362 718 τειν
391 668 646 738 δύναμιν.
690 672 862 735 Μόλις
898 669 995 726 οὖν
1017 675 1111 728 καὶ
1147 676 1284 745 μετά
1311 678 1454 746 μάλα
1490 682 1703 750 μακροῦ
1720 682 1812 734 τοῦ

242 756 345 824 τῆς
411 758 588 826 ψυχῆς
653 763 910 816 ἀκουσίου
977 765 1277 835 λαληθῆναι
1350 771 1815 840 συγχωρηθέντων

245 847 365 910 ἐνὸς
395 853 489 902 καὶ
511 850 660 904 δυοῖν
700 854 1033 921 κεφαλαίων,
1066 859 1092 908 ό
1119 858 1378 927 Παλαμᾶς
1428 862 1814 932 αἰσχυνόμενος

244 936 404 1004 αὖθις
436 944 526 994 ἐπὶ
560 946 802 1013 μετρίοις
849 949 950 1001 οὐκ
1006 950 1263 1020 ἧνεγκεν,
1313 954 1409 1006 ᾰτε
1462 955 1662 1023 μᾶλλον
1710 956 1811 1025 ἤδη

246 1034 492 1100 συνορῶν
524 1037 618 1087 καὶ
663 1038 772 1088 τῶν
827 1039 1000 1106 φίλων
1048 1044 1367 1096 ἐπισκόπων
1398 1045 1574 1104 ἐνίους
1613 1063 1815 1115 ταρατ-

241 1124 504 1191 τομένους
535 1128 669 1196 πρός
692 1145 753 1195 γε
783 1131 842 1182 τὸ
876 1132 1215 1202 ὑπερϐάλλον
1262 1134 1369 1187 τῶν
1401 1137 1650 1187 ἐκτόπων
1668 1135 1811 1188 ἐκεί-

241 1232 350 1266 νων
377 1217 758 1288 βλασφημιῶν,
797 1223 887 1275 καὶ
920 1223 1168 1290 θορυϐεῖν
1198 1227 1617 1296 ἐπιχειρούντων
1636 1230 1812 1281 ἐκεῖνο

239 1307 299 1357 τὸ
321 1309 488 1378 βῆμα,
512 1312 997 1366 καὶάποσκώπτειν
1017 1320 1544 1391 πεπαρῤησιασμένῃ
1565 1323 1814 1374 καὶάπα-

248 1402 582 1472 ρακαλύπτῳ
598 1403 681 1474 [1).
699 1403 826 1470 6321
846 1410 908 1476 τῇ
939 1406 1179 1479 γλώσσῃ,
1203 1410 1334 1477 μηδὲ
1355 1410 1612 1463 δύνασθαι
1629 1410 1811 1477 λεγόν-

239 1509 351 1545 των
387 1495 576 1562 φέρειν
605 1495 702 1558 τὰς
726 1496 836 1548 τῶν
861 1498 1139 1567 ἀρχόντων
1174 1500 1266 1552 καὶ
1296 1501 1616 1570 ἀρχομένων
1646 1502 1809 1553 λοιδο-

241 1585 386 1654 ρίας,
406 1585 496 1638 διὰ
517 1587 576 1639 τὸ
607 1605 672 1640 συ
683 1589 868 1652 σκιάζε
879 1609 925 1642 ιν
947 1591 1236 1653 τοσούτους
1255 1593 1545 1664 πειρᾶσθαι
1570 1595 1810 1664 βλασφη-

241 1680 384 1747 μιῶν
401 1677 729 1750 Θησαυρους,
757 1683 864 1735 κάκ
885 1683 991 1736 τῶν
1019 1684 1318 1755 ἀλλοτρίων
1339 1685 1522 1738 κακῶν
1546 1685 1675 1738 ῐδιον
1691 1686 1810 1738 ὄλε-

239 1770 370 1838 θρον
399 1771 740 1838 καρποῦσθαι
775 1773 952 1844 ψυχῆς
973 1792 987 1806 ο
1017 1774 1156 1828 ὥστε
1186 1777 1279 1829 καὶ
1314 1777 1455 1828 πάνυ
1502 1793 1584 1828 τοι
1623 1778 1808 1846 ἐλαχί-

238 1878 371 1913 στου
395 1862 616 1926 ἐδέησεν
644 1864 1092 1935 ἐκπολεμωθῆναι
1125 1867 1246 1918 κατ’
1268 1867 1511 1936 ἀλλήλων
1543 1868 1806 1933 ἐκείνους,

237 1952 412 2020 ἔριδος
433 1953 492 2017 ἐξ
510 1954 756 2024 ἀλλήλων
787 1955 1160 2024 μεριζομένων
1187 1955 1432 2027 ἀλλήλοις
1457 1959 1811 2028 ἐγγινομένης

239 2046 336 2097 καὶ
358 2045 857 2116 ἀναρριπιζομένης
885 2047 970 2098 ἀεὶ
995 2047 1130 2116 πρὸς
1165 2048 1224 2100 τὸ
1257 2050 1468 2116 μεῖζον,
1502 2050 1596 2102 καὶ
1645 2050 1810 2118 οῦσης

239 2135 426 2188 λοιπον
508 2137 836 2206 αὐτάρκους,
903 2137 1060 2206 ἡμῶν
1140 2139 1511 2205 σιωπώντων,
1581 2143 1810 2208 ἀπονητὶ

239 2227 377 2294 πρὸς
409 2227 588 2280 εὐδίαν
612 2231 738 2286 τοὺς
764 2229 862 2299 τῆς
897 2229 1222 2298 Ἐκκλησίας
1258 2232 1682 2303 κατευνασθῆναι
1703 2252 1814 2304 χει-

242 2321 449 2388 μῶνας.

313 2411 388 2464 li'.
419 2413 492 2465 Οὐ
525 2413 633 2483 γὰρ
657 2412 798 2482 ἔχων
821 2412 976 2466 οὐδὲν
995 2413 1142 2481 ὑγιὲς
1164 2416 1463 2482 ἀντιλέγειν
1492 2419 1519 2471 ό
1543 2418 1810 2488 Παλαμᾶς

239 2506 461 2574 ἦχθετο,
517 2504 612 2556 νῦν
675 2507 773 2572 μὲν
831 2505 968 2576 πρὸς
1017 2506 1261 2566 ἐκείνους
1321 2509 1658 2579 θυμομαχῶν
1718 2515 1812 2567 καὶ

242 2597 564 2665 βιαζόμενος
595 2597 832 2666 ἀνήνυτα
853 2613 868 2628 ⁸
898 2597 992 2649 νῦν
1024 2597 1069 2651 δ’
1125 2600 1406 2664 ὀνειδίζων
1461 2601 1548 2670 τῷ·
1573 2602 1808 2672 βασιλεῖ,

241 2688 338 2737 καὶ
371 2686 621 2754 φανερῶς
654 2686 949 2755 προδοσίαν
985 2688 1258 2754 ἐγκαλῶν,
1303 2692 1454 2760 παρά
1483 2691 1581 2754 τὰς
1607 2695 1810 2762 συνθή-

241 2795 346 2839 atat;
376 2778 423 2828 ὃ)
438 2793 512 2837 ως
545 2777 859 2831 ἐνδεδωκότι
884 2782 992 2843 τοῖς
1019 2782 1380 2847 ἐγκαλοῦσιν·
1410 2782 1550 2837 ὥστε
1579 2787 1814 2849 καὶτοὺς

247 2871 523 2938 παρόντας
563 2872 834 2940 ἐρεθίζειν
885 2865 966 2934 οἷς
996 2872 1225 2938 διεξίασι
1256 2875 1379 2927 κατ’
1425 2876 1611 2932 αὑτοῦ.
1651 2879 1813 2932 Ὅθεν

243 2963 343 3012 καὶ
381 2961 550 3030 συχνὰ
583 2963 949 3032 στρεφόμενος
979 2964 1074 3016 ἐπὶ
1112 2969 1210 3034 τῆς
1261 2968 1528 3038 καθέδρας
1575 2964 1654 3032 οἷς
1717 2973 1813 3040 μὲν

245 3055 620 3124 διελοιδορείτο
679 3055 1015 3126 θρασύτερον
1046 3058 1251 3125 μᾶλλον
1285 3059 1684 3132 ἦπικρότερον,
1719 3065 1813 3115 καὶ

1919 601 2089 669 magis
2131 615 2293 668 quam
2329 599 2608 671 lapidibus
2657 601 2966 657 facultatem
3023 604 3245 659 videndi
3277 621 3492 660 accom-

1917 691 2163 746 modare.
2189 691 2325 746 Cum
2355 693 2521 760 igitur
2550 709 2718 746 unum
2747 704 2801 748 et
2823 695 3052 749 alterum
3084 707 3248 766 caput
3271 699 3485 751 recitari

1914 793 2052 845 aegre
2079 787 2134 832 et
2169 779 2468 834 voluntate
2527 781 2822 835 admodum
2874 795 3212 853 repugnante
3255 787 3489 856 permis-

1914 885 2034 922 sum
2085 881 2253 932 esset,
2288 872 2534 926 Palamas
2587 889 2805 926 rursum
2856 873 3065 943 pudore
3101 876 3329 931 aﬁ‘ectus
3377 893 3485 932 non

1916 963 2040 1015 tulit
2067 964 2305 1032 amplius
2353 965 2659 1029 moderate,
2694 965 2998 1034 praesertim
3032 966 3124 1019 ubi
3163 967 3483 1022 dilectorum

1913 1054 2079 1108 etiam
2120 1055 2506 1124 episcoporum
2533 1058 2828 1112 nonnullos
2854 1057 2990 1112 vidit
3023 1052 3482 1128 ﬂlasphemiarum

1914 1148 2129 1201 illarum
2169 1149 2334 1202 nimia
2368 1147 2658 1202 insolentia
2685 1150 3066 1205 vehementius
3085 1150 3194 1220 1am
3236 1166 3486 1205 commo-

1913 1241 2049 1302 veri.
2079 1249 2132 1294 et
2157 1241 2231 1294 illi
2267 1240 2527 1294 tribunali
2555 1241 2742 1294 turbas
2763 1242 2928 1305 ciere,
2965 1242 3254 1310 palamque
3274 1242 3484 1312 1005

1913 1343 1971 1387 et
1997 1345 2187 1399 aperte
2224 1331 2576 1385 mordacibus
2613 1330 2777 1385 dictis
2823 1331 3073 1398 illudere,
3113 1347 3176 1387 ac
3207 1347 3404 1403 negare
3427 1349 3485 1387 se

1915 1423 2223 1493 principum
2278 1423 2742 1491 privatorumque
2796 1421 3034 1476 convitia
3088 1437 3248 1491 posse
3294 1423 3435 1476 ferre
3468 1463 3483 1484 ,

1915 1516 2037 1570 ideo
2063 1516 2116 1568 in
2151 1530 2211 1569 se
2256 1515 2422 1584 iacta,
2458 1514 2604 1583 quod
2636 1523 2712 1568 tot
2751 1522 3047 1583 tantosque
3080 1529 3306 1569 acervos
3335 1515 3488 1569 blas-

1915 1607 2260 1677 pbemiarum
2293 1606 2629 1661 obumbrare
2673 1614 3027 1670 conarentur,
3071 1614 3128 1660 et
3168 1620 3237 1660 ex
3293 1605 3486 1661 alienis

1915 1699 2125 1752 morbis
2161 1713 2272 1751 sua:
2331 1698 2575 1763 ipsorum
2625 1698 2820 1750 animm
2856 1697 3083 1751 exitium
3126 1696 3482 1766 colligerent:

1915 1798 1974 1843 ut
1999 1803 2289 1858 perparum
2322 1787 2581 1850 abfuerit,
2610 1789 2744 1857 quin
2774 1789 2882 1842 sibi
2907 1789 3139 1842 invicem
3165 1787 3368 1841 bellum
3401 1787 3487 1841 in-

1914 1876 2184 1940 dicerent,
2245 1879 2362 1928 orta
2430 1874 2576 1928 inter
2624 1874 2955 1930 dissidentes
3023 1885 3209 1928 mutua
3266 1885 3488 1929 conten-

1912 1971 2084 2033 tione,
2120 1982 2242 2036 quae
2282 1966 2455 2036 magis
2486 1981 2550 2021 ac
2587 1966 2757 2037 magis
2808 1970 2979 2022 instar
3022 1966 3271 2021 ventilati
3301 1967 3488 2021 incen-

1911 2061 1986 2116 dii
2012 2059 2382 2115 exardescens
2415 2067 2631 2128 poterat
2653 2061 2763 2131 jam
2793 2059 2932 2124 sola,
2961 2058 3270 2114 tacentibus
3299 2057 3483 2121 nobis,

1913 2159 2262 2220 tempestates
2312 2151 2572 2206 Ecclesiae
2619 2151 2842 2218 sedare,
2898 2159 2955 2207 et
3011 2151 3068 2205 in
3128 2149 3483 2207 serenitatem

1912 2255 2148 2299 vertere.

1982 2425 2048 2480 ν.
2110 2424 2327 2478 Etenim
2388 2423 2668 2485 Palamas,
2729 2423 2821 2492 qui
2859 2422 2997 2478 nihil
3039 2423 3200 2478 validi
3249 2423 3484 2479 habebat

1913 2513 2058 2583 quod
2089 2522 2403 2583 reponeret,
2431 2513 2753 2583 angebatur,
2784 2529 2847 2566 ac
2897 2529 3041 2568 nunc
3094 2514 3314 2583 quidem
3351 2531 3474 2569 cum

1914 2604 2024 2669 illis
2068 2603 2516 2659 stomachabatur
2562 2613 2618 2658 et
2665 2604 2942 2658 incassum
2998 2605 3291 2670 saviebat;
3337 2622 3483 2660 nunc

1915 2696 2234 2768 imperatori
2294 2695 2725 2755 convitiabatur,
2767 2708 3001 2763 eumque
3029 2695 3360 2765 proditionis
3393 2712 3485 2765 pa.

1914 2789 2019 2842 lam
2070 2787 2355 2857 arguebat,
2421 2787 2567 2855 quod
2629 2784 3069 2848 accusatoribus,
3122 2798 3484 2855 praeterquam

1913 2890 2264 2941 convenerat,
2300 2878 2524 2931 omnino
2541 2878 2800 2931 cessisset
2821 2919 2834 2940 ,
2862 2877 2942 2931 sic
2980 2886 3038 2930 ut
3061 2875 3138 2931 illi
3166 2879 3486 2932 insectando

1915 2985 1972 3023 se
2011 2985 2107 3024 eos
2141 2970 2307 3024 etiam
2333 2969 2426 3038 qui
2481 2969 2708 3022 aderant
2747 2968 3048 3024 irritarent.
3107 2970 3294 3038 Itaque
3326 2985 3356 3022 e
3397 2987 3484 3023 ra-

1921 3060 2132 3122 thedra,
2170 3073 2402 3127 corpore
2457 3057 2688 3110 subinde
2720 3057 2827 3110 huc
2876 3057 2989 3110 illic
3032 3073 3318 3120 converso,
3352 3060 3487 3114 alios

247 3147 570 3214 πικρότερον
600 3148 799 3215 μᾶλλον
840 3147 871 3215 ἢ
909 3149 1047 3200 κατὰ
1077 3148 1176 3216 τὴν
1235 3152 1440 3204 οίκείαν
1485 3153 1637 3220 λῆξιν
1686 3154 1814 3206 ἓκα-
1845 3170 1886 3224 c
1920 3181 1921 3191 ι

1811 3170 1886 3224 .C
1920 3149 2321 3203 contumeliose
2375 3146 2743 3216 obiurgabat,
2802 3145 3063 3200 audacius
3117 3149 3339 3215 quidem
3396 3149 3485 3202 ille

248 3255 406 3289 στον·
432 3233 513 3299 οἷς
557 3238 601 3290 δ’
633 3239 845 3304 ἠπείλει
883 3241 1130 3302 κολάσεις
1172 3243 1500 3312 πικροτέρας
1535 3245 1733 3312 μᾶλλον
1780 3247 1813 3316 ἦ

243 3331 469 3382 ἐδύνατο
492 3348 505 3360 ·
533 3330 628 3382 νῦν
669 3331 723 3382 δὲ
760 3332 965 3400 ἐμήνυε
997 3333 1181 3400 κρύφα
1210 3333 1288 3401 τῷ
1325 3333 1539 3402 βασιλεὶ
1562 3336 1696 3404 πρὸς
1722 3334 1814 3400 οὖς

243 3423 332 3475 διὰ
358 3423 465 3474 τῶν
497 3422 900 3492 θαλαμηπόλων
927 3424 1026 3492 τὴν
1055 3425 1367 3495 ἀπόρρητον
1389 3426 1697 3498 φλεγμονὴν
1722 3430 1815 3498 τῆς

244 3516 448 3586 ψυχῆς.

320 3700 412 3767 ς’.
455 3700 514 3753 ’0
543 3701 597 3753 δὲ
624 3702 739 3770 (καὶ
780 3701 887 3771 γὰρ
948 3701 1066 3754 οὐδὲ
1101 3701 1364 3771 πρότερον
1409 3701 1607 3762 τελέως
1655 3701 1820 3754 ἀπεί-

244 3813 372 3864 χετο
398 3793 701 3863 συμμαχῶν
753 3793 901 3862 αύτῷ
951 3795 1228 3862 σποράδην
1289 3796 1397 3847 κάκ
1453 3795 1660 3861 συχνῶν
1713 3793 1820 3845 τῶν

244 3883 638 3954 διαστημάτων
676 3884 1048 3953 ἀκροϐολίξων
1083 3886 1178 3936 καὶ
1207 3884 1374 3952 Ξιφῶν
1402 3883 1696 3952 ὀξυτέρους
1727 3885 1818 3935 λά.

248 3995 381 4045 γους
421 3976 542 4028 καθ’
569 3975 726 4044 ημῶν
778 3974 872 4027 καὶ
903 3975 1042 4043 ὑπὲρ
1065 3975 1253 4042 αὐτοῦ)
1286 3975 1421 4028 ἀλλά
1452 3974 1548 4028 νῦν
1605 3975 1820 4037 ἁπάσας

251 4067 430 4128 πύλας
477 4066 830 4127 ἀναπετάσας
879 4066 1097 4132 ἐκείνης
1149 4064 1248 4131 τῆς
1305 4066 1511 4134 σκηνῆς
1582 4065 1677 4117 καὶ
1729 4064 1820 4115 τοῦ

248 4161 529 4230 δράματος
557 4159 692 4227 πρὸς
733 4157 1011 4226 ἐμφανοῦς
1043 4158 1238 4219 κακίας
1287 4155 1408 4209 καθ’
1466 4154 1621 4223 ἡμῶν
1665 4154 1822 4223 ἐξερ-

256 4252 403 4320 ράγη
437 4249 666 4317 πυρσὸν,
699 4248 759 4299 οὐ
791 4247 1011 4316 θυραῖον
1070 4265 1190 4300 τινα
1222 4248 1439 4299 τουτονὶ
1488 4245 1598 4297 οὐδ’
1618 4244 1828 4309 ἔπηλυν

251 4344 284 4410 ἦ
319 4340 516 4410 νέηλυν
552 4341 644 4392 καὶ
671 4339 973 4392 ἐπεισόδιον
991 4340 1126 4399 τέως
1151 4337 1476 4407 ἀνειληφὼς,
1509 4336 1623 4391 ἀλλ’
1648 4336 1822 4405 ἐγχώ-

254 4433 374 4502 ριόν
414 4448 474 4483 τε
495 4431 588 4483 καὶ
620 4431 961 4497 ἐγκείμενον,
992 4429 1087 4480 καὶ
1125 4429 1252 4480 ὅλον
1296 4429 1526 4480 πάθεσιν
1557 4426 1821 4496 ἐμφύτοες

1920 3259 2081 3311 quam
2115 3241 2370 3295 acerbius
2396 3280 2410 3300 .
2467 3249 2522 3292 et
2557 3238 2809 3292 acerbius
2847 3253 3008 3306 quam
3051 3250 3147 3307 pro
3179 3254 3274 3291 sua
3297 3241 3485 3294 condi-

1922 3333 2068 3385 tione
2121 3331 2398 3398 singulos;
2452 3329 2574 3383 aliis
2613 3343 2804 3397 poenas
2850 3328 3163 3381 minabatur
3209 3329 3490 3395 graviores

1918 3438 2082 3491 quam
2112 3429 2297 3489 posset
2332 3420 2630 3473 decernere
2666 3436 2679 3474 :
2718 3433 2862 3471 nunc
2893 3417 3130 3486 denique
3173 3418 3488 3487 imperatori

1919 3529 2014 3582 per
2041 3511 2428 3573 cubicularios,
2453 3510 2506 3563 in
2530 3525 2716 3562 aurem
2744 3508 3084 3562 insusurrare
3104 3508 3302 3578 jussus,
3331 3526 3487 3566 arca-

1920 3617 2051 3655 num
2082 3600 2249 3653 animi
2282 3599 2529 3652 dolorem
2560 3597 2750 3651 furtim
2784 3597 3079 3651 indicabat.

1990 3691 2080 3747 Vl.
2116 3693 2184 3745 At
2218 3691 2330 3754 hic,
2368 3691 2462 3759 qui
2495 3705 2596 3743 nec
2628 3701 2785 3742 antea
2818 3689 3079 3742 auxilium
3109 3689 3158 3741 ei
3189 3704 3345 3742 suum
3374 3704 3494 3741 om—

1921 3785 2052 3839 nino
2095 3784 2413 3853 denegarat,
2445 3783 2539 3836 sed
2591 3781 2823 3850 sparsim
2853 3792 2910 3835 et
2951 3781 3160 3835 crebris
3192 3782 3496 3835 intervallis

1923 3876 2084 3929 verba
2113 3875 2165 3928 in
2189 3889 2295 3928 nos
2342 3873 2538 3942 gladiis
2563 3872 2809 3925 acutiora
2839 3887 2936 3940 pro
2964 3887 3030 3925 eo
3072 3872 3289 3924 eminus
3320 3872 3493 3924 intor-

1921 3977 2089 4028 serat,
2111 3975 2224 4019 tum
2247 3965 2489 4026 demum,
2517 3964 2665 4016 velut
2702 3963 2874 4032 portis
2904 3963 3162 4016 omnibus
3199 3962 3344 4015 illius
3377 3979 3494 4016 sce-

1924 4077 2008 4114 nze
2044 4070 2099 4114 et
2135 4060 2326 4128 tragici
2374 4056 2672 4126 spectaculi
2725 4056 3046 4125 patefactis,
3087 4055 3258 4123 aperti
3295 4054 3496 4108 luroris

1924 4154 2197 4205 ﬂammam
2231 4152 2287 4204 in
2315 4164 2416 4202 nos
2467 4148 2703 4211 elfudit;
2759 4161 2866 4200 non
2923 4147 3069 4200 illam
3113 4147 3336 4214 quidem
3362 4146 3497 4199 foris

1929 4244 2142 4312 1006
2173 4241 2436 4311 petitam,
2487 4255 2597 4293 non
2634 4239 2988 4292 atlventitiam
3021 4253 3084 4292 ac
3116 4254 3335 4300 navant,
3384 4255 3494 4291 non

1925 4345 2029 4390 ext:
2049 4336 2262 4389 iusecus
2292 4332 2554 4394 ascitam;
2599 4331 2692 4384 sed
2758 4330 3114 4384 domesticam
3145 4339 3202 4382 et
3234 4329 3450 4382 insitam
3478 4370 3493 4393 ,

1927 4439 1981 4479 et
2015 4426 2274 4495 ingenitis
2305 4422 2594 4477 affectibus
2618 4422 2834 4490 penitus
2858 4422 3222 4484 commistam,
3251 4429 3309 4473 et
3348 4435 3497 4472 nunc

255 4521 746 4592 συμπεφυρμένον,
799 4530 906 4573 κακ
978 4523 1151 4589 μέσης
1207 4521 1681 4588 ἐκπυρσευόμενον
1726 4518 1820 4570 νῦν
1853 4509 1929 4566 Ι).

1853 4509 1992 4573 Dde
2052 4517 2245 4571 intimo
2300 4515 2465 4569 corde
2526 4528 2849 4575 accensam,
2892 4511 3355 4580 quemadmodum
3406 4512 3494 4564 illa

247 4614 350 4682 τῆς
379 4613 626 4682 καρδίας,
684 4611 934 4682 καθάπερ
986 4612 1110 4673 τοὺς
1157 4609 1251 4663 τοῦ
1312 4609 1595 4661 Σικελικοῦ
1652 4609 1822 4677 πυρὸς

248 4704 713 4772 ἁναφυσωμένονς
756 4707 1035 4772 κρατῆρας
1073 4704 1135 4754 ἐκ
1189 4701 1297 4754 τῶν
1328 4701 1668 4770 ὑποχθονίων
1721 4717 1816 4750 τυ-

251 4799 448 4864 φώ-ων
478 4797 771 4863 ἀκούομεν,
797 4795 890 4846 καὶ
942 4793 1021 4860 τῷ
1073 4795 1213 4862 φίλῳ
1259 4794 1514 4864 Παλαμᾷ,
1571 4792 1823 4860 καθάπερ

251 4889 371 4956 Θεῴ
390 4906 517 4950 τινι,
551 4886 1003 4956 προθυμούμενον
1031 4887 1298 4948 σπένδειν,
1332 4887 1394 4938 ού
1432 4887 1594 4955 μόνον
1623 4887 1720 4937 ὃσα
1750 4885 1823 4952 γῆ

252 4984 350 5033 καὶ
374 4980 616 5034 θάλασσα
679 4978 989 5046 βαλαντίοις
1030 4980 1125 5030 καὶ
1164 4975 1826 5047 τραπέζαιςπάναθήματχ

258 5076 519 5143 γεωργεί’
554 5071 664 5124 οὐδ’
705 5072 805 5124 ὅσα
859 5073 1241 5141 παραπλήσιον
1286 5070 1398 5140 ἔχει
1439 5073 1574 5141 πρὸς
1609 5071 1823 5141 ἡδονὴν,

254 5165 369 5217 ἀλλ’
391 5162 660 5230 ἐναγίζειν
696 5162 795 5232 ήδη
824 5160 920 5213 καὶ
945 5162 1041 5222 τάς
1096 5159 1375 5230 ἡμετέρας
1426 5159 1612 5228 ὓϐρεις
1643 5175 1700 5211 τε
1733 5158 1826 5210 καὶ

253 5275 354 5318 τος
407 5255 705 5318 καταδίκας
763 5253 858 5305 καὶ
931 5253 1056 5316 τοὺς
1119 5252 1491 5320 πολυτρόπους
1563 5250 1827 5312 θανάτους

255 5348 428 5416 αὐτῷ.
497 5347 788 5414 Ὠσάμενος
832 5340 924 5398 οὖν
967 5345 1094 5405 τοὺς
1151 5343 1450 5415 ἡμετέρους
1504 5345 1714 5411 λόγους,
1752 5342 1827 5405 ὠς

257 5438 480 5508 φορτίον
541 5437 838 5502 ἀϐούλητον
890 5436 985 5487 καὶ
1016 5436 1222 5505 σφόδρα
1248 5435 1600 5506 μισούμενον,
1641 5438 1732 5487 καὶ
1768 5435 1827 5488 τὸ

260 5530 556 5600 πρόσωπον
591 5528 946 5599 ἀποστρέψας
984 5528 1116 5598 πρὸς
1149 5530 1274 5593 τοὺς
1333 5531 1477 5598 ἀμφὶ
1526 5529 1616 5581 τὸν
1650 5529 1827 5582 Παλα-

262 5628 376 5695 μᾶν
403 5625 430 5677 ό
462 5623 709 5692 ἀρῤεπὴς
740 5621 1014 5688 διαμένειν
1059 5620 1363 5690 ὀμωμοκὼς
1397 5622 1679 5692 δικαστὴς,
1701 5623 1828 5689 ὃλην

253 5736 315 5771 τε
351 5717 521 5769 ἐδίδου
551 5716 703 5782 σφίσι
739 5713 838 5782 τὴν
888 5713 1056 5782 ἀκοὴν
1115 5714 1251 5780 μετὰ
1305 5713 1407 5777 τῆς
1463 5714 1691 5781 καρδίας
1735 5717 1826 5766 καὶ

255 5809 352 5861 ὅλα
382 5807 450 5858 τὰ
475 5805 619 5859 κατὰ
665 5803 921 5873 βούλησιν
951 5804 1219 5874 ἐπέτρεπε
1250 5805 1430 5873 λέγειν
1457 5821 1512 5858 τε
1559 5806 1650 5858 καὶ
1677 5807 1822 5858 ἀνα-

1929 4609 2097 4664 Siculi
2128 4609 2268 4677 ignis
2318 4605 2594 4676 spiracula
2629 4604 3120 4658 subterraneorutn
3169 4601 3497 4670 Typhonum

1925 4701 2053 4756 ﬂatu
2083 4700 2308 4755 accendi
2342 4699 2674 4753 audivimus.
2700 4681 2907 4764 Nempe
2940 4695 2987 4748 is
3013 4695 3214 4748 dilecto
3244 4693 3496 4755 Palautw,

1926 4795 2076 4848 velut
2122 4793 2233 4846 Deo
2283 4791 2446 4845 alicui
2473 4828 2488 4852 ,
2529 4805 2638 4842 non
2673 4787 2848 4846 solum
2903 4785 3168 4855 quidquid
3204 4785 3499 4852 marsupiis

1925 4894 1980 4940 et
2007 4885 2213 4938 mensis
2239 4880 2552 4938 consecrari
2581 4879 2806 4933 solitum
2851 4888 2995 4932 terra
3033 4885 3089 4930 et
3117 4890 3263 4929 mare
3295 4875 3501 4944 produ-

1926 4986 2080 5038 cunt,
2112 4986 2204 5028 aut
2225 4971 2490 5043 quidquid
2518 4972 2751 5025 similem
2793 4969 2956 5023 aﬁ‘ert
2978 4967 3314 5037 voluptatem
3343 5009 3356 5032 ,
3407 4983 3504 5020 cu-

1928 5069 2111 5137 piebat
2145 5065 2384 5129 oﬂ‘crre;
2450 5064 2544 5118 sed
2589 5071 2776 5116 nostra
2827 5075 3044 5130 quoque
3091 5059 3387 5129 ignominia
3447 5067 3503 5112 et

1928 5157 2304 5218 damnatione,
2354 5161 2409 5208 et
2441 5151 2730 5220 multiplici
2786 5161 2982 5211 morte.
3021 5150 3178 5203 litare
3209 5147 3498 5216 gestiebat.

1926 5249 2142 5304 Nostris
2182 5245 2347 5318 igitur
2382 5244 2752 5307 sermonibus,
2783 5243 2931 5295 velut
2967 5243 3181 5312 ingrato
3209 5250 3266 5294 et
3297 5241 3505 5308 impor-

1930 5342 2222 5397 tunissimo
2265 5354 2432 5392 onere
2467 5337 2732 5398 excussis,
2765 5335 3031 5404 vultuque
3057 5350 3085 5387 a
3113 5334 3270 5386 nobis
3306 5333 3371 5386 ad
3405 5333 3505 5385 Pa-

1928 5437 2143 5490 lamitas
2175 5435 2390 5488 detorto
2421 5476 2435 5495 ,
2490 5431 2612 5494 hic,
2649 5429 2742 5498 qui
2781 5443 2838 5481 se
2869 5442 3084 5496 aequum
3114 5426 3354 5496 judicem
3388 5425 3505 5477 fore

1924 5531 2220 5599 juraverat,
2253 5540 2415 5579 aures
2450 5522 2517 5576 iis
2566 5531 2728 5582 totas,
2768 5530 2939 5573 totum
2978 5519 3224 5572 animum
3262 5517 3505 5586 applica-

1930 5621 2038 5683 bat,
2075 5617 2255 5670 omnia
2300 5617 2452 5684 ipsis,
2488 5623 2655 5684 prout
2695 5612 2915 5672 vellent,
2960 5611 3206 5679 planiora
3246 5618 3305 5664 et
3334 5609 3507 5676 expli—

1930 5716 2136 5765 cataura
2169 5710 2355 5764 dicere
2392 5722 2454 5761 ac
2481 5707 2660 5776 legere
2696 5703 3088 5774 permittebat;
3122 5713 3183 5757 ut
3211 5701 3355 5756 haud
3392 5715 3520 5754 nte-s-

1933 5812 2170 5868 tuerent,
2206 5818 2271 5858 ne
2300 5803 2421 5872 quis
2459 5799 2563 5859 sibi
2617 5799 2722 5854 ulla
2756 5797 2807 5852 itt
2857 5813 2913 5852 rc
2945 5797 3279 5852 contrariam
3319 5804 3374 5849 et
3407 5797 3502 5850 ad-
