4240 6460
717 407 851 472 1283
1035 399 1110 470 fa.
1151 414 1207 454 tt.
1250 395 1410 458 6859,
1458 409 1565 447 isti.
1594 391 1646 462 ί]

1876 385 2296 450 NlCEPlIORl
2338 374 2724 441 GIlEGORE

2939 365 3072 436 [ινιι.
3112 380 3155 418 ι.
3193 376 3487 418 ςλκτλουι.
3517 359 3572 431 5]

3825 357 3961 424 1284

717 534 1002 574 sacrumve
1051 517 1181 570 illml
1225 517 1500 569 lat‘aerum
1527 555 1540 577 ,
1573 527 1681 580 quo
1731 507 2159 581 baptizaremur,
2200 500 2294 555 sed
2326 503 2355 559 Α

2403 495 2516 547 ἀλλ’
2548 489 2810 548 ἄκτιστόν
2840 506 2959 541 τινα
2996 487 3154 556 χάριν
3182 485 3276 537 καὶ
3295 485 3596 552 ἐνέργειαν.
3651 480 3749 548 τῆ;
3815 477 3967 539 θείας

720 617 1017 669 increatam
1043 608 1332 678 quamdam
1357 605 1582 676 gratiam
1611 614 1665 655 et
1693 601 2092 670 operationem,
2130 595 2289 649 aliam

723 712 779 756 et
833 705 1056 755 omnino
1106 699 1380 751 diversam
1437 693 1502 748 ab
1548 691 1854 746 substantia
1907 687 2110 741 divina.
2145 685 2294 738 Adeo

732 806 984 866 proterve
1025 793 1099 845 illi
1135 790 1374 845 concilio
1408 801 1471 840 ac
1505 783 1765 839 tribunali
1817 780 2069 835 diabolus
2101 778 2293 830 illusit.

797 885 887 938 XI.
941 882 1110 938 Nobis
1171 879 1336 949 igitur
1366 877 1479 930 hac
1506 884 1561 929 et
1594 873 1910 928 videntibus
1942 880 1993 926 et
2022 867 2298 923 audienti-

730 979 832 1031 lius
867 976 1025 1046 (prob
1064 973 1276 1044 justitia
1321 980 1377 1024 et
1430 968 1694 1038 patientia
1743 965 1930 1019 dvina
1959 964 1996 1034 !)
2049 964 2298 1031 lacrymte

733 1070 884 1119 ibant
934 1065 1217 1118 (luminum
1265 1076 1414 1114 more
1466 1059 1784 1112 undantes:
1821 1072 1995 1126 prono
2027 1066 2210 1108 antem
2244 1053 2296 1105 iu

732 1170 936 1213 terram
973 1156 1130 1210 vultu
1168 1153 1488 1207 silebamus.
1527 1152 1660 1205 Nam
1702 1166 1823 1203 cum
1868 1149 1901 1201 ii
1936 1148 2028 1216 qui
2069 1147 2301 1198 audiunt

732 1252 798 1304 ad
833 1251 1015 1320 pejora
1047 1246 1395 1316 approbanda
1423 1247 1759 1313 conspirant,
1788 1254 2192 1310 superwcanea
2220 1245 2303 1289 est

738 1343 917 1395 omnis
943 1328 1142 1401 oratio,
1177 1355 1282 1408 qua
1318 1337 1447 1406 quid
1489 1337 1669 1390 facere
1704 1333 1937 1388 debeant.
1971 1332 2301 1383 admonean-

740 1444 850 1487 tur.
883 1433 1052 1485 Nocte
1080 1431 1190 1499 jam
1248 1430 1442 1490 multa,
1483 1426 1642 1496 paulo
1677 1433 1968 1494 postquam
2025 1422 2169 1475 faces
2215 1436 2307 1473 ae—

742 1535 921 1574 ccnsze
949 1527 1004 1574 et
1036 1518 1364 1572 intromissa:
1397 1525 1599 1578 essent,
1630 1514 1777 1582 gravi
1816 1510 2103 1564 iracundia
2139 1526 2304 1563 com-

740 1612 873 1666 moti
911 1612 1218 1682 patriarcha
1260 1618 1315 1662 et
1361 1607 1603 1677 episcopi
1660 1604 1976 1676 prosiliunt,
2008 1613 2064 1657 et
2111 1616 2306 1655 manus

739 1703 796 1756 in
831 1719 930 1755 nos
968 1702 1242 1772 injiciunt,
1273 1701 1365 1770 qui
1400 1715 1462 1751 ea
1514 1715 1616 1752 nee
1645 1697 1834 1750 audire
1870 1695 2093 1764 quidem
2137 1693 2307 1746 susti-

674 1796 679 1802 ’
745 1796 1051 1874 nebamus,
1109 1794 1202 1849 sed
1265 1794 1430 1847 nmtis
1481 1799 1689 1844 tantum
1760 1786 2014 1857 suspiriis
2064 1786 2304 1838 dolorem

2352 622 2356 625 -
2396 588 2582 648 οὐσίας
2619 585 2815 650 ἑτέραν
2840 581 2934 632 καὶ
2961 579 3138 644 πάντη
3164 575 3456 647 διάφορον.
3499 571 3658 626 (lino;
3683 569 3780 622 τοῦ
3807 586 3967 620 συνε-

2395 677 2544 748 δρίου
2580 674 2672 726 καὶ
2704 669 2800 724 τοῦ
2873 670 3116 740 βήματος
3148 666 3176 717 ὁ
3221 665 3430 733 δαίμων
3468 659 3715 727 ἀσελγῶς
3761 656 3974 709 ἐκείνου

2399 769 2819 837 κατωρχήσατο.

2474 861 2576 914 IA'.
2609 857 2793 910 Ταῦτα
2821 855 3078 925 ὁρώντων
3109 850 3289 903 τοίνυν
3315 848 3407 900 καὶ
3453 842 3758 896 ἀκουόντων
3794 838 3975 906 ήμῶν,

2398 954 2443 1007 ὢ
2471 953 2594 1017 δίκη
2623 954 2715 1001 καὶ
2744 949 2912 1015 ἀνοχὴ
2936 944 3073 996 Θεοῦ
3106 945 3118 996 !
3156 941 3297 994 κατά
3321 942 3602 1007 ποταμοὺς
3655 933 3853 1002 ἐχώρει
3909 930 3978 980 τά

2399 1047 2634 1114 δάκρυα,
2670 1042 2846 1103 σιωπῇ
2884 1039 3204 1089 κυπτόντων
3235 1034 3313 1093 εἰς
3367 1031 3493 1098 γῆν.
3550 1027 3812 1095 Περιττδς
3868 1027 3978 1088 γὰρ

2401 1139 2542 1205 ὑπὲρ
2570 1134 2661 1186 τοῦ
2707 1133 2772 1184 τά
2802 1132 2986 1182 δέοντα
3019 1129 3193 1179 ποιεῖν
3222 1125 3377 1192 λόγος
3429 1124 3596 1184 ἄπας,
3639 1121 3726 1171 ὅτε
3871 1115 3979 1167 τῶν

2403 1228 2713 1284 ἀκουόντων
2772 1223 2906 1290 πρὸς
2955 1220 3013 1272 τὸ
3068 1220 3252 1288 χεῖρον
3297 1215 3546 1286 ὁμόνοια.
3580 1211 3717 1278 Ἤδη
3783 1209 3839 1261 δὲ
3892 1210 3988 1258 καὶ

2404 1323 2593 1392 πόῤῥω
2629 1316 2840 1370 νυκτῶν
2871 1310 2937 1378 ἦν
2967 1312 3027 1365 τὸ
3078 1311 3180 1373 τῆς
3244 1309 3418 1379 ὥρας,
3457 1306 3552 1358 καὶ
3606 1303 3712 1373 πρὸ
3782 1296 3982 1366 μικροῦ

2404 1430 2549 1472 τινος
2585 1411 2741 1478 δᾷδες
2777 1406 3040 1476 εἰσῄεσαν
3073 1403 3345 1474 ήμμὲναι,
3385 1402 3469 1452 ὅτε
3506 1397 3600 1449 καὶ
3629 1397 3822 1463 χεῖρας
3869 1394 3987 1442 ἐπι-

2409 1503 2623 1556 ϐάλλειν
2658 1500 2894 1568 ἤρξαντο
2929 1495 3046 1564 μετ’
3079 1493 3252 1564 ὀργῆς
3281 1489 3504 1560 βαθείας
3534 1486 3989 1554 ἀναπηδήσαντες

2409 1599 2504 1649 σύν
2533 1613 2590 1662 γε
2622 1594 2698 1660 τῷ
2728 1591 3044 1660 πατριάρχῃ
3076 1590 3124 1639 οἱ
3168 1588 3457 1640 ἐπίσκοποι
3508 1581 3627 1634 καθ’
3658 1579 3838 1648 ήμῶν,
3865 1576 3990 1641 μηδ’

2411 1690 2632 1743 ἀκούειν
2665 1688 2733 1740 τά
2770 1703 2832 1753 γε
2883 1682 3109 1736 τοιαῦτα
3166 1678 3572 1748 ἀνασχομένων,
3618 1674 3756 1725 ἀλλὰ
3806 1672 3990 1742 μόνοις

2415 1783 2742 1847 στεναγμοῖς
2770 1777 3074 1842 ἀφθόγγοις
3104 1774 3229 1834 τοὺς
3260 1772 3542 1830 ἀκάπνους
3574 1767 3824 1825 καπνοὺς
3862 1764 3994 1814 ἀνα-

745 1884 909 1940 aniini
933 1887 1078 1939 velut
1112 1885 1316 1938 fumum
1350 1885 1639 1952 quemdam
1671 1875 2311 1945 exlialabamus.Quippe
2345 1844 2355 1896 1

2378 1851 2383 1893 ί
2415 1844 2743 1936 πεμπόντων
2777 1869 2873 1936 τῆς
2901 1868 3102 1936 ψυχῆς,
3136 1863 3232 1916 τοῦ
3271 1861 3466 1932 καιροῦ
3502 1859 3578 1930 μὴ
3611 1858 3850 1917 διδόντος
3905 1855 3998 1907 ἄλ.

746 1996 846 2033 nee
885 1979 984 2032 zeli
1036 1979 1287 2031 ardorem
1338 1977 1540 2036 levare,
1575 1989 1674 2026 nec
1728 1973 1956 2025 inﬁxum
2011 1970 2315 2023 visceribus

744 2072 948 2124 vulnus
995 2070 1154 2122 aliter
1185 2068 1390 2121 nudare
1432 2083 1526 2136 per
1573 2064 1704 2118 illud
1738 2072 1951 2131 tempus
1988 2061 2147 2114 nobis
2189 2061 2317 2112 lice—

749 2163 859 2225 bat,
893 2177 957 2212 eo
1001 2160 1211 2212 scilicet
1266 2167 1408 2209 statu
1466 2170 1645 2208 rerum
1697 2163 2027 2207 nostrarum,
2079 2163 2202 2202 enin
2262 2147 2314 2199 in

749 2254 881 2305 istas
912 2252 1054 2304 feras
1095 2259 1319 2318 rrpente
1375 2248 1780 2309 incidissemus,
1831 2261 1894 2297 ac
1937 2244 2120 2296 nullus
2148 2250 2316 2302 esset,

750 2361 776 2393 ει
816 2358 925 2408 quo
969 2349 1317 2393 mansuetum
1364 2347 1420 2391 et
1476 2338 1775 2390 humanum
1814 2334 2110 2402 quidquam
2161 2331 2320 2384 nobis

751 2448 848 2486 seu
881 2435 989 2499 jam
1039 2442 1150 2484 tum
1200 2429 1509 2492 exsisteret,
1551 2425 1757 2495 1011
1797 2440 1894 2478 seu
1945 2426 1996 2475 in
2041 2429 2322 2491 posterum

757 2535 1098 2592 speraretur.
1149 2521 1357 2588 Ecquid
1404 2536 1531 2572 vero
1583 2532 1775 2570 sanum
1831 2524 1885 2566 et
1937 2513 2078 2582 frugi
2138 2511 2323 2565 facere

757 2616 1002 2684 opai-iuit
1053 2613 1300 2665 homines
1357 2611 1666 2678 imperitos,
1701 2608 1793 2676 qui
1849 2606 1914 2658 ad
1963 2603 2323 2671 iudicandum

757 2711 824 2759 de
859 2707 1060 2758 divinis
1084 2706 1351 2774 dogmatis
1375 2702 1793 2771 processissent,
1819 2699 2062 2766 plerique
2080 2696 2147 2749 ab
2176 2709 2328 2748 remo

759 2803 856 2846 aut
903 2794 1113 2844 abolla
1167 2792 1231 2844 ad
1290 2790 1656 2857 epi.-copalciu
1714 2789 1898 2841 sedem
1946 2786 2139 2839 eodem
2195 2798 2329 2852 pene

761 2887 992 2938 dixerim
1047 2884 1134 2936 die
1188 2885 1402 2935 evecti:
1443 2898 1582 2949 quos
1635 2880 1866 2949 proinde
1926 2876 2212 2945 multiplici
2279 2883 2333 2928 et

760 2979 920 3045 longa
971 2975 1258 3043 disciplina
1309 2974 1593 3027 reformari
1639 2984 1694 3025 et
1741 2971 1867 3039 ﬁngi
1899 2969 2058 3023 valde
2109 2983 2332 3021 necesse

763 3067 995 3131 fuisset;
1039 3073 1097 3119 ut
1135 3067 1351 3120 inanem
1393 3066 1582 3119 Saltem
1633 3063 1899 3117 doctrina:
1931 3062 2182 3115 umbram
2224 3074 2333 3129 prae

688 3221 694 3230 π
765 3175 823 3212 se
853 3160 1018 3222 ferre,
1063 3158 1264 3212 nedum
1313 3166 1374 3212 ut
1414 3157 1650 3227 aliquam
1695 3153 1964 3224 politioris
2013 3153 2336 3206 litteratura:
2366 3191 2407 3230 ί,

765 3251 1089 3319 elegantiam
1123 3248 1366 3318 perfecte
1412 3259 1745 3316 cognoscere
1775 3243 2137 3296 viderentur?
2177 3240 2337 3295 Scili-

770 3350 858 3394 cet
897 3340 1146 3393 vitiosam
1181 3338 1442 3399 indolem,
1482 3336 1700 3389 virtutis
1736 3334 1925 3386 habitu
1952 3339 2339 3405 prieter‘natu-

776 3447 890 3484 ram
925 3431 1139 3493 induto,
1159 3428 1656 3484 diutissimelatere
1684 3425 2061 3480 diﬂicillimum
2087 3422 2338 3477 est.Nam

774 3522 919 3590 quod
971 3522 1026 3572 lit
1063 3532 1256 3589 praeter
1287 3528 1559 3581 naturam,
1596 3517 1647 3570 id
1696 3532 1819 3570 cum
1853 3515 1923 3569 sit
1960 3514 2283 3576 violentum,
2313 3527 2344 3566 a

777 3622 973 3666 natura
1008 3627 1180 3680 usque
1226 3611 1576 3675 sollicitatur,
1611 3626 1729 3678 qua:
1776 3609 2060 3678 congenita
2094 3607 2346 3660 libertate

779 3707 875 3759 diu
922 3704 1163 3758 fraudari
1219 3719 1329 3756 non
1382 3712 1585 3771 potest,
1641 3701 1736 3755 sed
1792 3716 1912 3754 eam
1961 3701 2154 3753 abesse
2211 3709 2352 3767 agre

781 3798 1010 3864 patitur,
1067 3804 1123 3847 et
1191 3808 1398 3845 morem
1461 3807 1620 3845 suum
1676 3790 1867 3864 tandiu
1929 3787 2138 3839 refovet
2192 3795 2356 3854 atque

2415 1967 2521 2027 λως
2549 1967 2679 2032 ἡμῖν
2710 1959 3038 2029 θεραπεύειν
3070 1957 3164 2010 τοῦ
3216 1956 3381 2026 ζήλου
3418 1954 3517 2023 τὴν
3564 1953 3738 2021 φλόγα
3773 1951 3874 2001 καὶ
3902 1949 3999 2014 τὴν

2419 2059 2534 2112 τῶν
2567 2055 2894 2121 σπλάγχνων
2935 2049 3130 2120 όδίνην
3173 2044 3556 2115 ἀπογυμνοῦν,
3613 2045 3670 2095 ἐν
3719 2040 4000 2099 τοιαύταις

2416 2152 2609 2219 τύχαις
2633 2145 2774 2213 οὖσι,
2806 2146 2901 2199 καὶ
2950 2145 3213 2204 τοιούτοις
3265 2141 3524 2208 ἐξαίφνης
3559 2137 3722 2206 θηρσὶ
3769 2151 4001 2202 περιπε-

2426 2246 2697 2304 πτωκόσι,
2729 2241 2824 2294 καὶ
2851 2239 3073 2309 μηδενὸς
3100 2238 3229 2306 ἡμῖν
3259 2235 3468 2306 ήμέρου
3497 2234 3589 2285 καὶ
3616 2227 4000 2295 φιλανθρώπου

2425 2337 2559 2406 παρ’
2596 2335 2829 2388 οὐδένων
2864 2331 2990 2385 οὔτε
3023 2331 3119 2384 νῦν
3146 2329 3525 2392 ἀπαντῶντος,
3556 2323 3671 2377 οὔτ’
3713 2321 3889 2374 ἔπειτ’
3921 2319 4004 2370 ἐλ-

2428 2426 2752 2493 πιζομένου.
2790 2421 2902 2473 Καὶ
2929 2420 2980 2472 τί
3012 2420 3118 2489 γὰρ
3140 2412 3213 2472 ’ἀν
3248 2417 3399 2485 ὑγιὲς
3434 2416 3540 2468 ἔδει
3573 2414 3704 2484 δρᾷν
3731 2409 4002 2477 ἀμαθέσιν

2428 2517 2714 2586 ἀνδράσιν,
2775 2516 2832 2576 ἐς
2890 2513 3071 2583 κρίσιν
3132 2512 3291 2563 θείων
3349 2509 3636 2580 ἐληλυθόσι
3689 2505 4002 2569 δογμάτων.

2428 2611 2535 2662 ἀπὸ
2562 2608 2750 2674 κώπης
2777 2608 2869 2658 καὶ
2901 2605 3104 2674 χύτρας
3127 2592 3236 2666 τοῖς
3271 2602 3516 2655 πλείοσιν
3570 2599 3893 2667 ἀναχθεῖσιν
3951 2596 4004 2655 ἐς

2430 2702 2492 2752 τὸ
2533 2701 2887 2752 ἐπισκοπεῖον
2919 2695 3107 2765 σχεδὸν
3141 2696 3319 2746 εἰπεῖν
3351 2690 3686 2760 αὐθημερὸν,
3721 2689 3816 2739 καὶ
3867 2702 4005 2737 παν-

2432 2790 2668 2852 τοδαπῆς
2720 2787 2812 2838 καὶ
2865 2785 3081 2853 μακρᾶς
3139 2781 3500 2841 ἀναπλάσεως
3557 2779 3651 2830 καὶ
3703 2775 4006 2833 τυπώσεως

2441 2881 2644 2949 σφόδρα
2669 2879 2965 2945 δεομένοις,
3018 2875 3155 2945 πρὸς
3211 2872 3516 2941 φαντασίαν
3562 2869 3720 2930 σκιᾶς
3765 2865 3900 2932 γοῦν
3930 2882 4010 2915 τι·

2438 2990 2527 3036 νος
2550 2971 2905 3038 παιδευτικῆς
2937 2986 2951 3034 ;
2993 2967 3194 3020 Πολλοῦ
3218 2968 3328 3035 γὰρ
3359 2967 3539 3018 είπεῖν
3567 2965 3666 3029 δεῖ,
3693 2965 3830 3030 πρὸς
3880 2961 4008 3010 ἀνα-

2442 3064 2723 3133 θεώρησιν
2769 3062 2972 3130 μούσης
2996 3061 3139 3119 τινὸς
3175 3059 3501 3127 ἐλλογίμου·
3553 3052 3692 3108 εἶναι
3750 3054 3859 3121 γὰρ
3901 3051 4012 3104 τῶι

2441 3152 2860 3218 χαλεπωτάτων,
2941 3150 3182 3216 ἔμφυτον
3237 3146 3542 3216 μοχθηρίαν
3600 3146 3692 3197 ἐπὶ
3749 3143 4016 3193 πλεῖστα-ι

2442 3239 2745 3297 λανθάνειν,
2781 3237 3273 3305 περιστελλομένην
3311 3229 3423 3297 τόῖς
3478 3235 3629 3303 παρὰ
3679 3231 3844 3299 φύσιν
3881 3245 4020 3298 σχη-

2445 3327 2740 3395 ματισμοῖς
2767 3325 2860 3376 τοῦ
2880 3323 3173 3394 βελτίονος.
3203 3323 3276 3376 Τὸ
3303 3324 3413 3391 γὰρ
3442 3323 3590 3390 παρά
3623 3320 3809 3387 φύσιν,
3839 3316 4017 3385 βίαιον

2443 3417 2526 3476 ὃν,
2552 3416 2818 3487 διηνεκῶς
2854 3416 3157 3485 ἐνοχλεῖται
3183 3417 3248 3484 τῇ
3275 3413 3456 3481 φύσει,
3509 3414 3581 3481 μὴ
3613 3412 3888 3480 δυναμένῃ
3922 3426 4022 3460 πο-

2442 3507 2537 3558 λύν
2560 3524 2680 3558 τινα
2713 3506 2900 3575 χρόνον
2930 3507 3024 3574 τῆς
3057 3506 3376 3574 ἐλευθερίας
3406 3506 3466 3556 τὸ
3497 3504 3758 3572 συμφυὲς
3793 3502 4027 3571 ζημιοῦ-

2451 3595 2597 3658 σθαι,
2632 3595 2766 3647 αλλὰ
2793 3593 3275 3664 δυσανασχετούσῃ
3331 3596 3424 3644 καὶ
3479 3592 3927 3660 ἀναζωπυρούσῖὶ
3967 3589 4026 3639 τδ

2450 3684 2602 3758 ἦθος,
2640 3689 2832 3756 μέχρις
2865 3690 2929 3740 ἂν
2961 3692 3037 3751 εἰς
3062 3690 3152 3761 τὸν
3185 3690 3422 3756 ἔμφυτον
3444 3685 3671 3754 ἐθισμὸν
3702 3684 3803 3750 τῆς
3827 3685 4029 3743 κακίας

2454 3782 2669 3849 ἐκείνης
2709 3782 3143 3852 παλινδρομήσῃ.

775 3889 996 3950 excitat,
1032 3887 1209 3939 donec
1239 3891 1302 3938 ait
1341 3886 1562 3938 insitum
1609 3883 1765 3936 illum
1809 3880 2077 3955 habitum,
2117 3880 2220 3931 lioe
2255 3886 2342 3930 est
2374 3873 2439 3927 ad
2473 3890 2627 3928 suam
2663 3876 2988 3943 pravitatem
3011 3915 3024 3935 .
3059 3875 3382 3929 recurrerit.

853 3982 963 4036 XII.
1008 3984 1084 4036 Ac
1113 3983 1349 4050 primum
1391 3979 1609 4050 quidem
1644 3980 1699 4032 in
1751 3977 1873 4031 illos
1907 3977 2044 4031 duos
2073 3974 2350 4028 antistites

780 4086 1001 4132 nostros
1052 4075 1193 4128 facta
1245 4072 1575 4141 irruptione,
1614 4071 1764 4124 velut
1808 4070 2076 4123 immanes
2130 4068 2349 4130 belline,

779 4169 962 4222 ferino
1013 4182 1197 4230 more,
1258 4164 1488 4217 vocibus
1544 4162 1886 4214 immodestis
1936 4169 1992 4214 et
2045 4158 2352 4220 furialibus,

781 4272 961 4312 vestes
1005 4259 1267 4321 lacerant,
1320 4269 1374 4308 et
1427 4253 1722 4324 pontificia:
1781 4251 2070 4322 dignitatis
2123 4247 2355 4315 insignia

2520 3970 2616 4026 Ib".
2664 3973 2775 4025 Καὶ
2804 3972 3018 4043 πρῶτον
3080 3974 3178 4041 μὲν
3223 3975 3337 4034 τοῖς
3376 3972 3528 4023 ἱυσὶν
3564 3970 3798 4030 ἐκείνοις
3835 3971 4026 4035 ἀρχιεσ

2454 4064 2640 4135 ρεῦσιν
2678 4067 2854 4134 ήμῶν,
2890 4066 3143 4134 καθάπερ
3188 4065 3377 4132 θῆρες,
3421 4063 3869 4125 ἐπεισπεσόντες,
3905 4062 4034 4130 ἤθε-

2455 4172 2540 4208 σιν
2570 4159 2785 4227 ἀγρίοις
2825 4158 2919 4209 καὶ
2970 4157 3150 4224 λόγοις
3178 4159 3439 4224 ἀσέμνοις
3478 4172 3536 4208 τε
3580 4156 3673 4206 καὶ
3733 4156 4034 4223 μεμηνόσι,

2457 4251 2867 4320 κατερρήγνυον
2892 4249 2987 4307 τὰς
3017 4247 3252 4316 ἐσθῆτας
3287 4248 3380 4300 καὶ
3403 4248 3692 4299 κατέσπων
3721 4246 3788 4296 τι
3812 4243 3914 4312 τῆς
3941 4247 4036 4308 ἁρ-

785 4350 974 4404 avulsa
1019 4347 1358 4411 detrahunt;
1413 4361 1537 4400 cum
1588 4346 1793 4414 quibus
1836 4354 1886 4398 et
1940 4343 2034 4411 pili
2075 4339 2248 4394 avulsi
2289 4336 2355 4390 de

2391 4369 2434 4424 ι)
2462 4341 2800 4411 χιερωσύνης
2847 4342 3069 4410 σημεῖα,
3119 4335 3199 4402 οἷς
3231 4337 3649 4390 συνανεσπῶντο
3700 4338 3800 4390 καὶ
3853 4336 4038 4403 τρίχες

787 4453 974 4496 mento
1012 4441 1462 4498 calamitosorum
1503 4438 1762 4503 illorum;
1819 4451 1926 4490 non
1960 4437 2081 4488 data
2133 4432 2355 4501 quidem

789 4547 954 4600 opera
986 4547 998 4594 ;
1041 4531 1212 4584 avulsi
1255 4539 1457 4593 tamen,
1491 4543 1615 4582 eum
1673 4529 1751 4593 lii,
1781 4530 2057 4582 effrenata:
2090 4523 2361 4578 violentiae

794 4623 1002 4689 impetu
1057 4619 1291 4688 abrepti,
1334 4635 1442 4672 non
1476 4617 1800 4671 habuissent
1853 4616 2088 4686 spatium
2140 4613 2363 4668 consul-

797 4712 1397 4778 tan.ii,‘attendendive
1455 4727 1551 4780 per
1594 4711 1848 4764 tenebras
1896 4707 2028 4776 quid
2079 4717 2363 4776 perpetra-

797 4817 943 4872 rent,
991 4808 1188 4875 qnidve
1237 4819 1305 4857 ex
1355 4803 1684 4872 perpetratis
1734 4809 2162 4854 consecuturum
2201 4805 2363 4849 esset.

796 4901 932 4955 Nam
979 4907 1032 4951 et
1088 4897 1174 4961 iis,
1209 4896 1300 4966 qui
1346 4896 1492 4949 faces
1540 4891 1927 4962 praeferebant,
1973 4897 2029 4943 et
2079 4885 2368 4940 nocturnis

800 4991 911 5044 illis
952 4989 1114 5042 simul
1143 4986 1448 5040 luminibus
1491 5000 1601 5054 prae
1636 4981 1987 5036 festinatione
2017 4979 2221 5032 relictis
2251 4984 2374 5044 post

803 5095 974 5150 terga,
1014 5097 1131 5146 eos,
1166 5081 1219 5135 in
1256 5081 1464 5149 1012
1505 5092 1642 5148 quos
1675 5072 2235 5136 animadvertebatur,
2277 5085 2373 5122 sua

806 5175 1053 5244 ipsorum
1097 5174 1290 5227 umbra
1341 5174 1649 5231 occultant.
1699 5180 1863 5238 atque
1903 5171 1972 5221 ita
2029 5182 2124 5235 per
2160 5166 2375 5233 impru—

808 5267 1070 5329 dentiam,
1105 5266 1159 5318 iu
1193 5265 1301 5318 illis
1353 5265 1654 5318 sceleribus
1683 5261 2117 5323 committendis,
2171 5272 2376 5311 morem

813 5357 1260 5412 latrocinantiuin
1297 5356 1581 5409 imitantur
1633 5353 1804 5421 magis
1835 5367 1999 5421 quam
2037 5351 2230 5404 velint.
2266 5348 2384 5403 Sci-

817 5450 948 5503 licet
987 5464 1126 5503 ca-ca
1160 5458 1246 5503 est
1300 5438 1564 5518 quaelibet
1594 5446 1902 5502 iracundia.
1935 5442 2090 5509 Quod
2137 5442 2181 5496 si
2215 5443 2260 5496 is
2291 5440 2383 5509 qni

817 5542 1074 5597 irascitur
1120 5543 1346 5611 agrestis
1408 5542 1482 5595 sit
1533 5547 1794 5609 preterea
1837 5519 1898 5591 et
1954 5536 2242 5600 indoctus,
2280 5535 2384 5588 heu

818 5636 1065 5690 infelices
1095 5648 1221 5697 eos,
1264 5635 1316 5688 in
1356 5648 1494 5704 quos
1519 5632 1730 5686 eﬂusus
1771 5630 1899 5696 ruit,
1931 5629 2128 5700 quovis
2159 5628 2389 5682 ﬂammae

2464 4432 2561 4499 τῆς
2587 4432 2800 4501 ὑπήνης
2833 4433 2939 4482 τῶν
2973 4430 3340 4499 ταλαιπώρων
3387 4429 3618 4480 ἐκείνων
3641 4444 3656 4461 ο
3691 4429 3790 4480 οὐκ
3853 4429 4040 4491 ἐξεπί-

2463 4525 2621 4593 τηδες
2657 4525 2779 4593 μὲν,
2811 4524 3058 4589 ἐγίγνετο
3087 4520 3130 4572 δ’
3169 4521 3260 4574 οὖν
3293 4524 3359 4589 τῇ
3407 4520 3558 4590 ῥύμῃ
3597 4520 3699 4588 τῆς
3729 4521 4042 4572 ἀκαθέκτου

2469 4614 2587 4685 βίας
2618 4615 2853 4682 ἐκείνης,
2879 4617 2944 4683 τῇ
2983 4612 3172 4680 σκέψει
3208 4613 3400 4681 καιρὸν
3431 4613 3489 4663 ού
3536 4612 3950 4680 παρεχομένης,
3991 4613 4046 4661 ἐν

2470 4709 2648 4758 σκότει
2686 4706 2771 4776 [Ρ.
2801 4705 2926 4776 656]
2967 4707 3258 4774 προσέχειν
3294 4705 3328 4758 ἀ
3353 4705 3412 4756 τέ
3447 4721 3630 4770 σφισιν
3660 4704 3860 4772 ἐδρᾶτο
3892 4706 3987 4755 καὶ
4011 4703 4044 4756 ἀ

2469 4802 2583 4860 τοῖς
2629 4799 2928 4867 δρωμένοις
2964 4798 3344 4865 ἐπηκολούθει.
3402 4797 3542 4858 Τοὺς
3591 4797 3698 4865 γὰρ
3745 4796 4044 4864 δᾳδούχους

2476 4893 2612 4961 μετὰ
2632 4894 2738 4944 τῶν
2779 4891 3047 4960 ἐσπερίων
3072 4891 3264 4958 φώτων
3298 4891 3524 4942 ἐκείνων
3559 4888 3734 4940 ὀπίσω
3764 4891 3914 4941 κατά
3947 4887 4049 4939 vdi-

2475 5003 2568 5038 του
2607 4983 2855 5044 λιπόντες
2885 4983 2973 5034 διὰ
3019 4982 3276 5050 σπουδὴν,
3312 4982 3406 5034 καὶ
3448 4982 3566 5040 tui;
3606 4980 3818 5031 ἑαυτῶν
3872 4983 4052 5041 σκιαῖς

2479 5080 2611 5140 τοὺς·
2648 5076 3043 5144 κολαζομένους
3083 5074 3550 5145 συγκρύπτοντες,
3593 5072 3792 5125 ἔλαθον
3826 5073 4054 5124 τάνόσια

2479 5169 2911 5240 λῃστρικώτερον
2956 5169 2988 5237 ἢ
3026 5167 3307 5220 ἐϐούλοντο
3356 5168 3651 5235 δράσαντες
3689 5165 3918 5233 τρόπον.
3957 5165 4056 5214 Τ.-

2483 5265 2613 5332 φλον
2640 5264 2747 5333 γὰρ
2773 5263 2942 5330 eum;
2981 5260 3146 5322 ἀπας.
3175 5260 3273 5311 Ἂν
3304 5259 3357 5311 δὲ
3389 5261 3480 5311 καὶ
3507 5258 3616 5309 τῶν
3651 5257 3936 5324 ἀγροίκων
3968 5256 4057 5305 καὶ

2485 5356 2712 5423 ἀμαθῶν
2762 5357 2794 5424 ό
2830 5353 3173 5421 θυμούμενος
3219 5347 3277 5424 ᾖ,
3306 5349 3471 5420 βαϐαὶ
3501 5347 3625 5401 καθ’
3661 5341 3738 5402 ὧν
3796 5347 4058 5416 ὁρμᾶται,

2489 5449 2680 5518 φλογὸς
2743 5445 2958 5514 ἀπάσης
3004 5443 3257 5513 ὀξύτερον
3303 5442 3623 5510 κεχυμένος,
3673 5439 3707 5508 ἢ
3743 5438 3814 5490 τά
3877 5439 4060 5507 πρόσω

2491 5541 2670 5590 πλιντα
2716 5534 3075 5605 σφοδρότερον
3127 5532 3341 5590 ἐλπίδος
3398 5529 3617 5598 ἀπάσης
3685 5525 4057 5592 ἐπινεμομένη

2495 5629 2588 5684 καὶ
2617 5626 2974 5679 κατεσθίουσαι
3004 5624 3217 5692 δαπανᾷ
3241 5623 3332 5674 καὶ
3360 5619 3543 5682 κακῶς
3576 5617 3916 5686 διατίθησιν.

822 5731 1028 5798 impetu
1078 5731 1398 5793 torrentior,
1437 5729 1583 5782 omni
1625 5743 1718 5796 spe
1766 5727 1928 5779 citius
1997 5725 2154 5779 obvia
2195 5743 2422 5796 qumque
2459 5723 2804 5796 depascendo
2871 5719 3298 5788 devorandeque
3331 5716 3670 5773 absumentis
3709 5732 3772 5770 ac
3820 5715 4064 5786 depopu-

828 5825 995 5876 lantis
1025 5825 1037 5875 ξ
