4240 6460
213 399 353 463 1285
611 392 689 464 [Α.
729 406 782 448 c.
828 391 985 465 1551]

1216 397 1663 460 ΒΥΖΑΝΤΙΝᾸΞ
1695 396 2077 459 ΗΙδΤΟΒΙΜ
2104 397 2250 459 LIB.
2276 397 2436 458 XXI.

3321 386 3462 456 1286

2555 389 2688 462 [ηερ.
2732 405 2775 445 ι.
2818 402 3104 444 (ιΑΝτΑῦυῑ.
3130 386 3186 462 5]

284 510 360 563 ll"
400 511 631 565 Ἔπειτα
671 512 781 565 τῶν
828 512 978 579 ἐμῶν
1004 513 1205 582 χειρῶν
1246 517 1371 575 τοὺς
1401 517 1565 583 ἐμοὺς
1596 516 1788 584 βιαίως
1820 522 1860 574 Α

1820 522 1860 574 Α
1969 511 2109 565 XIII.
2147 511 2357 564 Deinde
2407 509 2570 564 iidem
2604 507 2908 577 discipulos
2962 521 3115 561 meos
3153 520 3252 575 per
3279 508 3388 560 vim
3434 522 3465 560 e

205 605 541 673 ἀφήρπαζον
571 606 843 673 μαθητὰς,
873 607 922 659 οἳ
952 607 1114 676 μέχρι
1136 608 1326 670 τέλους
1361 611 1486 678 ἐμοὶ
1509 611 1788 678 παραμεί-

205 716 407 763 ναντες
459 701 798 768 συνεμάχουν
843 704 899 753 ὲν
940 702 1017 769 τῷ
1066 702 1266 772 σταδίῳ
1298 705 1515 772 ἐκείνῳ,
1545 705 1641 756 καὶ
1678 703 1790 765 τοῖς

206 791 393 852 ἄθλοις
431 791 848 853 τῶνδιαλέξεων
879 792 1108 844 ἐκείνων
1149 794 1586 862 συνηγωνίζοντο
1621 792 1790 845 καθά-

207 899 316 951 περ
358 882 632 941 σκύλακες
671 883 934 949 εὐγενεῖς,
972 876 1046 934 ὧν
1084 885 1145 935 τὸ
1176 884 1469 937 ὑλακτικὸν
1512 883 1787 951 ιγκαίρως

208 976 500 1042 γινόμενον
537 974 634 1027 καὶ
663 976 690 1027 ὁ
744 974 919 1043 μέγας
952 974 1135 1042 ὑμνῶν
1172 975 1581 1044 Χρυσόστομος,
1613 973 1701 1025 διὰ
1727 972 1790 1023 τὸ

207 1065 320 1116 τῶν
344 1064 500 1127 ζώων
555 1065 820 1126 εὐνοϊκὸν,
868 1066 965 1116 καὶ
1003 1064 1136 1116 Θεὸν
1182 1063 1542 1132 ἀποδέχεσθαι
1592 1062 1787 1129 φάσκει

208 1158 337 1216 τοὺς
385 1156 528 1223 ὑπὲρ
567 1158 665 1225 τῆς
699 1157 982 1218 εὐσεὸείας
1038 1156 1404 1216 ὑλακτοῦντας
1466 1154 1789 1220 ἀνθρώπους

209 1247 334 1298 καθ’
359 1248 653 1316 ὁμοιότητα
694 1247 802 1298 τῶν
832 1247 1033 1299 κυνῶν.
1057 1247 1276 1300 Τούτων
1307 1248 1361 1298 δὲ
1402 1248 1528 1307 τοὺς
1558 1247 1656 1316 μὲν
1699 1245 1788 1297 δε-

210 1339 553 1407 σμωτηρίοις
598 1342 706 1401 τοῖς
759 1340 1103 1409 πικροτέροις
1132 1339 1505 1409 παρέπεμψαν
1535 1354 1547 1367 '
1599 1342 1707 1400 τοῖς
1744 1338 1789 1390 δ’

208 1431 518 1501 ἠπείλησαν
565 1433 634 1484 τὰ
690 1432 993 1495 δεινότατα,
1037 1433 1085 1483 εἰ
1128 1433 1201 1501 μὴ
1252 1432 1348 1501 τὴν
1390 1431 1530 1500 ἐμὴν
1564 1430 1790 1500 ὁμιλίαν

208 1522 430 1582 ἑκόντες
463 1522 816 1590 ὲξομόσαιντο
854 1522 1060 1576 τέλεον.
1097 1523 1160 1574 Ol
1187 1523 1310 1591 ·.γὰρ
1344 1522 1581 1584 πλείους,
1618 1522 1689 1584 ὡς
1715 1521 1792 1573 εί-

209 1627 397 1679 ρηται,
433 1611 708 1673 δείσαντες
733 1612 946 1674 ὲκείνας
977 1610 1033 1664 αἳ
1067 1615 1132 1682 τῇ
1161 1611 1466 1679 προτεραίᾳ.
1511 1611 1666 1681 σφίσι
1694 1629 1784 1664 κο-

209 1703 401 1767 λάσεις
442 1705 768 1774 ὴπείληνται
799 1707 934 1774 (l6),
958 1704 1056 1774 τὴν
1083 1707 1221 1775 ἐμήν
1242 1723 1298 1758 τε
1323 1706 1628 1759 ἀπείπαντο
1650 1705 1788 1772 φθα-

211 1814 402 1858 σαντες
434 1799 801 1868 συνδιαίτησιν
827 1797 1173 1868 παραχρῆμα
1197 1797 1290 1849 καί⁵
1317 1796 1525 1867 ᾤχοντο
1554 1797 1788 1849 διασπα-

1893 601 2148 656 manibus
2185 603 2322 655 meis
2353 598 2706 661 abstrahunt,
2739 598 2834 664 qui
2877 596 3009 650 mihi
3051 598 3106 651 in
3163 595 3256 650 illo
3289 595 3466 650 stadio

1893 693 1961 746 ad
1994 702 2299 747 extremum
2350 691 2484 746 socii
2528 691 2963 756 defensoresque
2999 687 3207 742 assidui
3245 687 3468 741 fuerant

1891 799 1956 837 ac.
2000 799 2213 838 mecum
2247 785 2302 836 in
2336 783 2444 836 illis
2473 780 2791 850 disputandi
2829 779 3229 834 certaminibus
3261 794 3469 848 propu-

1889 884 2215 944 gnaverant,
2250 875 2404 929 velut
2433 876 2598 928 catuli
2644 873 2896 942 generosi
2925 889 2938 936 ;
2978 887 3216 941 quorum
3250 872 3466 926 anima-

1891 968 2048 1030 lium,
2070 978 2129 1020 ut
2159 966 2627 1031 benevolentium,
2649 967 2878 1018 latratus
2909 974 3250 1032 opportunos
3280 962 3464 1034 Chry-

1891 1069 2430 1130 sostomus'magnus
2468 1060 2540 1112 ita
2593 1060 2863 1118 celebrat.
2923 1067 2981 1110 ut
3010 1066 3067 1110 et
3101 1057 3346 1111 homines
3377 1072 3468 1110 ca-

1893 1169 2022 1206 num
2059 1169 2210 1206 more
2246 1168 2345 1220 pro
2378 1151 2644 1218 religione
2698 1151 2960 1202 latrantes
3002 1147 3103 1216 ipsi
3149 1148 3260 1202 Deo
3306 1163 3465 1227 accc-

1903 1258 2026 1316 ptos
2066 1262 2187 1299 csse
2217 1248 2385 1299 dicat.
2417 1244 2625 1298 Horum
2663 1243 2806 1295 alios
2838 1243 2892 1294 in
2924 1240 3249 1294 saevissimas
3281 1247 3467 1294 custo-

1892 1341 2011 1394 dias
2071 1343 2335 1404 tradunt;
2390 1339 2547 1398 aliis.
2619 1337 2722 1389 nisi
2767 1335 2912 1386 ultro
2974 1348 3190 1386 omncm
3254 1345 3467 1384 mecum

1894 1432 2351 1486 consuetudinem
2384 1428 2677 1500 ejurarint,
2706 1436 2954 1480 extrema
3005 1424 3358 1478 minitentur.
3390 1422 3470 1474 Ac

1890 1524 2001 1593 jam
2058 1522 2328 1591 plerique,
2384 1532 2444 1574 ut
2493 1519 2700 1572 dictmn
2756 1516 3054 1578 est,vcriti
3107 1530 3201 1568 eas
3253 1527 3467 1583 ptenas,

1897 1625 2018 1679 qum
2062 1609 2358 1662 novissime
2393 1607 2528 1675 ipsis
2552 1605 2885 1660 denuntiatae
2905 1611 3081 1667 erant,
3115 1602 3298 1656 statim
3327 1603 3462 1656 mihi

1892 1700 2216 1754 societatem
2256 1700 2575 1752 renuntiare
2613 1704 3041 1759 maturaverant,
3103 1703 3156 1747 et
3209 1694 3302 1748 alii
3353 1694 3460 1747 alio

1893 1792 2214 1862 dispersi'in
2256 1793 2469 1861 ignotas
2519 1789 2758 1844 lati-bras
2798 1789 3043 1843 abditum
3093 1804 3152 1844 se
3206 1789 3466 1854 iverant;

210 1889 398 1956 ρέντες
429 1889 592 1950 ἄλλος
628 1889 814 1942 ἄλλοθι
844 1889 953 1941 τῶν
1000 1890 1099 1956 τῆς
1133 1889 1398 1955 ἀφανείας
1438 1888 1658 1958 μυχῶν·
1698 1891 1786 1942 ὅτε
1823 1855 1861 1911 Β

1781 1910 1786 1939 -.
1823 1855 1861 1911 Β
1892 1855 2006 1939 tum
2054 1898 2178 1938 cum
2223 1855 2421 1937 scililet
2463 1891 2519 1936 et
2572 1882 2687 1950 ipse
2718 1896 2880 1951 quem
2915 1880 3156 1936 diximus
3187 1880 3317 1952 Tyri
3344 1883 3455 1950 epi-

207 1980 414 2048 δηλαδὴ
442 1983 534 2033 καὶ
574 1981 601 2032 ὁ
635 1981 733 2045 τῆς
763 1981 942 2051 Τύρου
985 1982 1304 2050 διαληφθεὶς
1348 1987 1670 2047 ἐπίσκοπος,
1709 1981 1788 2048 εἷς

205 2073 322 2124 τῶν
350 2073 450 2142 τῆς
496 2075 819 2142 Ἀντιοχέων
853 2075 1124 2144 ἐπαρχίας
1149 2076 1466 2129 ἐπισκόπων
1500 2076 1786 2146 ὑπάρχων,

213 2166 554 2236 ἰταμώτερον
599 2169 717 2219 τότε
759 2167 1010 2236 διωχθεὶς
1051 2166 1266 2220 ἐκεῖθεν
1295 2169 1392 2232 τάς
1423 2186 1484 2221 τε
1533 2171 1786 2235 συνόδους

209 2258 428 2319 ὲκείνας
461 2259 736 2312 ἀπείπατο
777 2258 870 2312 τοῦ
902 2259 1091 2312 λοιποῦ
1126 2262 1221 2313 καὶ
1251 2263 1317 2330 τῇ
1368 2261 1516 2333 οἰκία
1551 2279 1779 2316 συσπει-

212 2351 400 2418 ρλθεὶς
443 2351 784 2420 mes-31m
845 2353 938 2404 καὶ
992 2353 1142 2406 ἄκων
1195 2354 1325 2423 ἧνυε
1376 2352 1494 2422 βίον
1542 2356 1776 2410 ἐκεῖθεν.

211 2437 354 2493 Εἶεν.

284 2537 380 2588 Μ’.
422 2536 648 2603 Ἔμοιγε
678 2536 861 2605 μέντοι
889 2538 1024 2600 τέως
1053 2538 1297 2601 εἰπόντες
1322 2539 1420 2607 μὲν
1447 2539 1599 2592 οὐδὲν
1624 2543 1788 2608 ἀγεν-

211 2623 299 2686 νὲς
332 2625 444 2676 οὐδ’
474 2627 710 2695 ἄκοσμοι
728 2627 952 2695 ἀφῆκαν
981 2627 1164 2679 οἴκαδε
1202 2629 1424 2680 ἀπιέναι
1462 2625 1555 2692 ξύν
1587 2645 1649 2694 γε
1679 2631 1788 2692 τοῖς

207 2717 364 2768 δυσὶν
389 2719 620 2771 ὲκείνοιε
663 2721 1002 2788 ἀρχιερεῦσι.
1046 2722 1136 2771 καὶ
1187 2719 1282 2780 οὓς
1328 2720 1436 2773 τῶν
1479 2722 1784 2795 ἐλλογίμων

211 2806 425 2874 ἀνδρῶν
460 2807 688 2874 λογάδας
721 2809 931 2879 ἐιρημεν
979 2809 1263 2862 συναθλεῖν
1316 2811 1373 2873 ἐς
1431 2812 1582 2874 τέλος
1633 2813 1784 2880 ἡμῖν.

1889 1991 2109 2044 scopus.
2141 1989 2282 2028 unus
2313 1973 2608 2042 provincia:
2634 1972 2990 2026 Antioclienze
3015 1973 3466 2044 sull'ragantium,

1888 2067 2212 2120 insolentius
2257 2065 2385 2119 imle
2418 2068 2702 2134 expulsus,
2733 2074 2788 2118 et
2827 2065 2933 2117 illis
2964 2064 3218 2119 conciliis
3275 2066 3328 2118 in
3368 2080 3465 2135 po-

1885 2165 2092 2209 sterum
2137 2155 2525 2221 valedixit,_et
2581 2155 2722 2207 domi
2781 2154 3025 2208 clausum
3066 2170 3123 2210 se
3183 2154 3470 2210 involvens

1885 2245 2059 2298 vitam
2117 2244 2230 2298 illic
2284 2243 2639 2312 tranquillam
2675 2254 2730 2297 ct
2770 2245 3067 2298 solitariam
3121 2246 3205 2300 vel
3262 2247 3469 2303 invitus

1885 2339 2147 2408 deinceps
2169 2354 2330 2408 agere
2363 2339 2624 2392 instituit.
2653 2338 2759 2408 Sed
2786 2340 2851 2394 de
2883 2339 2972 2394 his
3004 2340 3228 2410 quidem
3271 2341 3428 2396 satis.

1963 2533 2176 2602 1013
2215 2530 2354 2586 XlV.
2393 2531 2665 2586 Caeterum
2699 2549 2804 2596 mc,
2837 2534 2988 2588 nullo
3028 2533 3170 2587 inter
3215 2534 3331 2588 hac
3361 2533 3467 2588 illi-

1890 2627 2059 2680 berali
2126 2625 2343 2679 l'cednve
2400 2624 2551 2676 dicto
2615 2625 2898 2690 violatum,
2938 2641 3063 2680 cum
3109 2628 3181 2681 iis
3252 2627 3470 2681 duobus

1888 2719 2246 2786 pantilicibus
2281 2718 2505 2769 domum
2541 2719 2692 2770 abire
2729 2720 3131 2783 permiserunt:
3167 2720 3296 2773 item
3349 2736 3466 2785 eos,

1887 2826 2026 2879 quos
2073 2821 2371 2878 perpetuos
2420 2810 2581 2864 nobis
2630 2811 2950 2864 certznniuis
3000 2815 3181 2866 socios
3245 2811 3467 2866 siluisse

1892 2902 2153 2963 tlisituns,
2187 2901 2335 2953 viros
2367 2900 2678 2954 eruditione
2711 2909 3053 2969 prastimtes.

1651 3040 1880 3099 CAPUT
1922 3042 2012 3098 IV.

211 3149 654 3230 Cregarasdomo
695 3155 1000 3208 includitur.
1049 3155 1330 3211 Silentium
1364 3162 1410 3212 ei
1458 3170 1768 3230 perpetuum
1804 3161 2084 3213 indicitur.
2131 3158 2451 3230 Consolatur
2481 3177 2536 3213 se
2573 3159 2804 3213 melioris
2859 3160 3084 3227 fortune:
3137 3176 3246 3224 spe.
3299 3158 3463 3225 quam

277 3225 324 3274 ei
365 3227 581 3289 spondet
617 3227 732 3293 ipsa
784 3243 959 3277 rerum
1007 3230 1358 3282 lmmmmrum
1392 3225 1734 3284 mutabilitas.
1772 3230 1920 3283 ldcm
1967 3248 2085 3282 cum
2141 3228 2432 3282 illustrium
2463 3243 2762 3282 sanctorum
2811 3225 3013 3281 casibus
3045 3247 3194 3283 suam
3235 3234 3463 3284 calami-

278 3303 443 3370 tatem
501 3304 798 3362 comparat.
846 3295 903 3347 S.
948 3297 1134 3370 Basilii
1209 3301 1362 3352 verba
1427 3303 1496 3352 ad
1544 3318 1773 3370 prtrscus
1841 3311 2042 3368 tempus
2096 3301 2474 3354 accommodat.
2527 3301 2650 3353 Alia
2701 3309 3003 3352 somlorum
3055 3301 3282 3354 Patrum
3321 3303 3462 3356 dicta

273 3365 672 3430 subjuncturum
721 3382 774 3417 se
823 3369 1102 3432 promittit,
1152 3385 1268 3436 qua:
1319 3380 1498 3422 tamen
1523 3365 1664 3423 liam!
1701 3371 1925 3440 profert.

265 3480 353 3551 [Ρ.
377 3479 506 3550 637}
528 3479 600 3532 A'.
617 3482 766 3534 Min
781 3481 825 3534 δ’
846 3484 1052 3552 ἡμέρας
1070 3483 1216 3535 ἐστιν
1231 3485 1295 3547 ἃς
1316 3485 1618 3553 πέμψαντε,
1643 3487 1782 3538 οἴκοι
1811 3494 1856 3553 c

206 3573 504 3640 καθεῖρξαν
532 3574 628 3624 καὶ
654 3575 822 3644 ἡμᾶς,
852 3577 912 3626 οὐ
945 3579 1380 3646 πενταετηρικὴν
1406 3595 1523 3628 τινα
1571 3580 1782 3644 σιωπὴν

206 3667 339 3734 ἡμῖν
372 3665 750 3728 ἐπιτάξαντες,
777 3669 914 3719 κατὰ
949 3667 1045 3737 τὴν
1084 3668 1193 3720 τῶν
1224 3668 1607 3737 Πυθαγορείων
1637 3670 1781 3721 ὲκεί-

207 3773 334 3820 νων,
361 3756 475 3809 ἀλλ’
510 3757 681 3809 ἀίδιόν
709 3775 830 3810 τινα
865 3760 960 3810 καὶ
986 3755 1044 3811 εὖ
1076 3760 1219 3827 μάλα
1246 3760 1477 3829 ἀτερπῆ.
1518 3761 1576 3811 οὐ
1610 3761 1693 3812 διὰ
1721 3762 1781 3813 τὸ

205 3843 384 3914 βίαιον
421 3846 518 3898 καὶ
560 3847 815 3900 ἀκούσιον
869 3849 1049 3916 μόνον,
1107 3850 1242 3901 ἀλλὰ
1284 3852 1377 3903 καὶ
1425 3851 1511 3903 διὰ
1555 3851 1652 3920 τὴν
1700 3852 1779 3905 ἔτι

207 3936 526 4006 προσθήκην
567 3936 662 3989 τοῦ
705 3940 842 4008 μήτε
883 3942 1138 4008 γράφειν,
1192 3942 1329 4010 μήτε
1365 3941 1604 4011 βλέπειν,
1653 3942 1780 4011 μήτ’

205 4025 428 4077 ἀκούειν
467 4028 692 4094 μηδενὸς
716 4028 821 4079 τῶν
850 4028 1122 4081 ἁπάντων.
1151 4032 1301 4098 Μηδὲ
1329 4035 1436 4099 γὰρ
1465 4034 1641 4100 μόνων
1671 4034 1776 4084 τῶν

205 4117 503 4185 γνωρίμων
533 4119 629 4170 καὶ
660 4118 851 4186 φίλων,
883 4119 994 4172 οὐδ’
1023 4116 1090 4173 αὖ
1124 4122 1232 4172 τῶν
1260 4122 1500 4191 γνησίων
1531 4124 1628 4175 καὶ
1656 4140 1772 4189 γει-

202 4211 374 4262 τόνων
402 4211 549 4281 ἡμᾶς
584 4211 933 4282 ἐγύμνωσαν,
971 4215 1104 4267 ἀλλὰ
1139 4218 1231 4267 καί
1273 4219 1475 4278 παντὸς
1509 4217 1776 4286 θεράπον-

200 4302 295 4364 τός
325 4319 385 4354 τε
417 4303 510 4354 καὶ
548 4304 847 4375 ὑπηρέτου,
896 4305 989 4368 οὓς
1039 4307 1116 4370 ὡς
1148 4311 1215 4360 τα
1261 4307 1432 4360 πολλὰ
1467 4309 1777 4379 βακτηρίαν

201 4394 279 4464 τῷ
311 4397 459 4466 γήρα
493 4397 778 4464 γίγνεσθαι
812 4400 1245 4463 είωθεν..υῦτως
1291 4403 1514 4472 ἀπηνῶς
1547 4406 1639 4457 καὶ
1683 4406 1779 4456 αὖ-

203 4490 448 4559 τοχειρίᾳ
473 4495 590 4552 ταῖς
618 4493 914 4560 ἡμετέραις
936 4492 1137 4561 ψυχαῖς
1171 4496 1367 4547 ἐκείνοι
1399 4497 1771 4566 ἐπεπήδησαν,

203 4584 298 4634 καὶ
327 4584 473 4633 οὕτω
506 4582 786 4651 θηριωδῶς
821 4587 938 4648 ταῖς
965 4589 1266 4656 ἡμετέραις
1299 4589 1602 4657 ἐχρήσαντο
1635 4606 1775 4657 συμ-

203 4678 421 4743 φοραῖς,
470 4676 675 4743 μᾱλλον
725 4676 770 4728 δ’
810 4679 963 4728 αύτοί
999 4695 1060 4744 γε
1101 4681 1425 4749 αὐτόχρημα
1478 4681 1776 4749 συμφορῶν

202 4769 479 4834 γινόμενοι
519 4769 750 4829 πλοῦτος
780 4772 935 4836 ἡμῖν,
974 4772 1021 4821 οἰ
1071 4777 1327 4840 ποιμένες
1370 4775 1487 4825 τότε
1518 4776 1618 4844 τῆς
1658 4777 1776 4829 Ἐκ-

1960 3484 2002 3538 l.
2043 3484 2267 3553 Aliquot
2301 3499 2366 3537 ex
2405 3497 2473 3537 eo
2520 3482 2718 3537 diebus
2749 3482 2973 3552 elapsis,
3009 3484 3173 3537 etiam
3223 3499 3324 3537 nos
3380 3478 3459 3538 illi

1889 3579 2070 3632 missis
2104 3576 2380 3630 mandatis
2413 3576 2559 3629 domi
2597 3576 2911 3640 includunt,
2946 3592 3008 3630 ac
3039 3577 3317 3630 silentium
3364 3592 3463 3630 no-

1885 3668 1969 3720 bis
2006 3667 2279 3733 indicunt,
2315 3682 2420 3720 non
2455 3667 2885 3735 quinquennale,
2930 3676 2988 3719 ut
3019 3668 3155 3720 illud
3187 3668 3459 3738 Pythago-

1883 3775 2125 3822 reorum,
2159 3759 2254 3812 sed
2285 3770 2610 3829 perpetuum
2642 3768 2695 3812 et
2727 3761 2885 3827 plane
2917 3760 3271 3828 injucundnm
3304 3777 3318 3826 ;
3347 3778 3452 3816 non

1883 3851 2059 3905 solum
2113 3851 2244 3920 quia
2307 3852 2607 3905 violentum
2662 3861 2717 3904 et
2767 3852 2990 3904 minime
3045 3853 3456 3919 voluntarium;

1883 3960 2073 3998 verum
2102 3945 2269 3997 etiam
2307 3947 2382 3996 ob
2409 3944 2650 3998 additam
2683 3955 2949 4013 prreterca
2982 3948 3176 4013 legem,
3213 3963 3318 4014 qua
3361 3962 3450 3999 no-

1883 4035 1967 4088 bis
2016 4036 2152 4088 nihil
2184 4036 2482 4104 quidquam
2529 4051 2626 4089 seu
2662 4037 2928 4101 scribere,
2978 4053 3074 4090 seu
3108 4038 3317 4099 videre.
3362 4055 3458 4093 seu

1883 4127 2077 4180 audire
2115 4130 2443 4197 permissum
2480 4137 2618 4184 erat.
2648 4129 2834 4196 Neque
2861 4129 3008 4182 enim
3037 4130 3114 4183 illi
3152 4146 3252 4184 nos
3288 4131 3461 4185 liomi-

1882 4221 2042 4274 nibus
2071 4221 2215 4273 notis
2258 4230 2314 4274 et
2341 4221 2566 4283 amicis,
2601 4237 2702 4274 nec
2737 4221 2986 4290 cognatis
3019 4222 3287 4276 duntaxat
3328 4224 3462 4276 vici-

1881 4314 2075 4381 nisque
2107 4313 2466 4376 orbaverunt,
2505 4313 2599 4366 sed
2631 4323 2686 4367 ct
2721 4313 2941 4368 famulis
2971 4306 3027 4368 et
3071 4315 3319 4382 quolibet
3351 4315 3457 4368 mi-

1879 4403 2097 4468 nistro;
2152 4404 2360 4472 quibus
2408 4417 2669 4459 senectus
2722 4416 2782 4458 ut
2841 4407 3140 4474 plurimum
3191 4418 3456 4476 tanquam

1878 4495 2090 4548 baculis
2128 4496 2289 4549 inuiti
2338 4497 2499 4549 solet.
2534 4496 2684 4549 Adeo
2713 4497 3016 4550 crudeliter
3044 4506 3101 4550 et
3145 4497 3456 4552 facinerose

1882 4585 1916 4638 ii
1946 4585 2237 4640 animabus
2262 4590 2470 4640 nostris
2503 4589 2877 4652 insultarunt;
2909 4599 3056 4641 tanta
3085 4603 3208 4642 cum
3235 4589 3456 4644 feritate

1880 4678 2038 4732 abusi
2081 4688 2211 4732 sunt
2265 4679 2671 4733 calamitatibus
2713 4681 2954 4735 nostris:
2994 4682 3103 4734 imo
3150 4682 3251 4752 ipsi
3296 4683 3457 4737 nobis

1881 4787 2070 4826 revera
2111 4772 2333 4840 quidam
2381 4772 2549 4825 veluti
2588 4773 2963 4827 calamitatum
3005 4774 3298 4829 thesaurus
3342 4781 3458 4828 lue-

201 4858 435 4926 κλησίας
491 4854 632 4910 εἶναι
694 4861 1059 4929 καυχώμενοι.
1111 4864 1174 4914 Ui
1219 4863 1274 4915 δὲ
1325 4865 1612 4919 παιδευταί
1665 4869 1776 4920 τῶν
1810 4840 1851 4894 D

1810 4840 1851 4894 ί)
1883 4875 2051 4928 runt;
2101 4865 2180 4916 illi
2231 4865 2462 4928 scilicet,
2501 4864 2593 4932 qui
2630 4881 2685 4918 se
2737 4865 2996 4919 Ecclesiae
3040 4878 3286 4935 pastores
3332 4883 3456 4922 esse

203 4949 387 5000 κακῶν
436 4952 694 5019 κεραυνοὶ
723 4952 989 5021 ῥᾳθυμεῖν
1026 4955 1122 5005 καὶ
1173 4955 1457 5010 καθεύδειν
1510 4957 1774 5028 ἐῴκεσαν.

201 5034 274 5091 ἾΙ
313 5041 422 5110 γὰρ
456 5042 521 5093 ἂν
555 5043 806 5114 αἰθερίας
842 5043 1056 5114 πληγῆς
1093 5047 1489 5117 πειραθέντες,
1536 5052 1633 5104 καὶ
1681 5055 1778 5120 τῆς

201 5131 307 5183 τῶν
363 5132 585 5184 οἰκείων
636 5133 811 5201 λόγων
863 5137 958 5187 καὶ
1019 5137 1272 5204 πράξεων
1329 5141 1629 5210 παρανοίας
1683 5145 1778 5195 καὶ

198 5223 487 5290 ἀσελγείας
545 5225 897 5294 αἰσθόμενοι,
937 5225 1181 5294 βελτίους
1237 5228 1333 5296 ὀψὲ
1380 5232 1511 5297 γοῦν
1565 5234 1775 5285 ἑαυτῶν

201 5311 498 5381 ὶγίγνοντο.
531 5315 638 5366 Καὶ
669 5316 843 5368 ταῦτα
881 5316 979 5385 μὲν
1012 5317 1198 5371 τοῦτον
1238 5320 1364 5390 ἔσχε
1407 5322 1500 5375 τὸν
1551 5326 1773 5393 τρόπον.

1879 4966 1990 5009 tum
2011 4958 2310 5026 jactalant.
2330 4957 2397 5010 At
2428 4957 2646 5010 interim
2679 4957 2926 5022 fulmina,
2945 4974 3040 5027 per
3067 4974 3188 5027 quze
3219 4959 3454 5028 improbi

1876 5048 2245 5116 castigantur,
2274 5048 2484 5101 desidia
2517 5057 2571 5101 et
2604 5064 2798 5102 somno
2839 5059 3056 5118 torpere
3102 5050 3452 5105 videbantur.

1876 5138 2092 5206 Alioqui
2129 5153 2259 5192 sane
2293 5139 2573 5192 caelestem
2605 5141 2811 5210 virgam
2843 5142 3076 5210 experti,
3113 5156 3452 5210 suorumque

1876 5242 1999 5281 cum
2035 5229 2308 5281 dictorum
2342 5238 2455 5282 tum
2483 5231 2750 5284 factorum
2780 5232 3056 5285 dementia
3090 5233 3453 5301 impudentia-

1878 5338 1984 5390 que
2039 5322 2346 5384 intellecta,
2382 5339 2508 5375 sero
2555 5324 2746 5377 saltem
2790 5325 2857 5378 ad
2907 5326 3192 5380 meliorem
3241 5326 3450 5397 frugem

1882 5415 2208 5470 evasissent.
2241 5416 2305 5470 Et
2333 5417 2448 5471 haec
2479 5416 2702 5486 quidem
2742 5418 2815 5473 ita
2848 5433 2906 5472 se
2933 5419 3247 5473 habuerunt

1531 5521 1856 5583 Verior-um
1899 5532 2089 5586 notas.

272 5615 387 5681 (l6)
419 5614 532 5672 Hoc
559 5617 678 5672 loco
705 5621 1007 5744 τὲροτεραία
1042 5636 1149 5675 non
1201 5630 1286 5675 est
1317 5622 1508 5691 pridie,
1567 5634 1626 5677 ut
1673 5641 1772 5679 nec

273 5701 365 5744 Dl'a
423 5702 542 5744 Dan.
576 5689 682 5742 6‘25
769 5731 780 5741 .
839 5691 1024 5744 Neuue
1079 5693 1244 5744 etiam
1306 5694 1542 5744 urimum
1596 5696 1768 5744 habiti

203 5699 542 5767 supr-apag.
576 5691 682 5770 6‘25
839 5691 1024 5760 Neque
1079 5693 1244 5745 etiam
1304 5694 1542 5774 primurn
1596 5696 1769 5775 habiti

203 5756 417 5837 οοηςιίιι
435 5757 581 5837 diem
607 5762 899 5837 significat1
919 5762 1049 5837 Nam
1071 5778 1264 5837 premis
1290 5766 1552 5829 postridie
1586 5782 1772 5833 pt‘lllltB

203 5828 435 5880 actionis
473 5828 820 5886 deminliatas
879 5828 1398 5888 l'uisse'didicimus
1430 5850 1497 5886 ex
1531 5828 1624 5889 lib.
1682 5853 1770 5901 xx,

1878 5643 1998 5696 cap.
2041 5629 2094 5691 4,
2130 5640 2266 5704 sect.
2320 5630 2372 5685 9.
2405 5631 2591 5700 Itaque
2621 5632 2764 5697 apud
2814 5631 3110 5702 Gregoram
3151 5637 3451 5704 προτεραὶα

1880 5714 1986 5774 non
2014 5709 2094 5752 est
2125 5702 2232 5752 dies
2259 5705 2496 5769 proxime
2541 5705 2803 5774 superior,
2835 5707 2926 5759 scd
2959 5709 3066 5758 dies
3101 5702 3333 5774 primus,
3366 5708 3450 5761 Vel

1881 5771 1985 5822 dies
2021 5782 2278 5840 utcunque
2304 5789 2564 5842 superior.
2602 5772 2811 5828 BUIVIN.
