4240 6460
721 350 853 417 1291
1049 351 1126 421 [Α.
1156 365 1211 405 ιι.
1247 350 1402 418 6859,
1438 367 1546 407 ιιιι).
1590 353 1646 426 4]

1933 354 2350 424 NICEPIIORI
2393 363 2775 428 GREGORE

3814 373 3950 442 1292

3087 363 3218 437 [ιιιιι.
3246 379 3288 419 ι.
3315 363 3599 425 omnem.
3642 370 3697 443 5]

719 471 994 520 iterarunt.
1031 462 1373 517 Mendacium
1400 467 1519 520 sine
1553 468 1748 520 timore
1771 465 2047 533 eﬂ‘ulitur,
2075 473 2283 526 veritas
2315 487 2340 544 Α

2391 478 2488 546 μὲν
2518 480 2984 549 κατηγορούμενα
3023 481 3474 544 καταδικάζονται
3505 487 3742 555 ἀκρίτως
3765 506 3779 519 ⁸
3820 494 3872 541 οί
3895 495 3952 545 δὲ

715 558 1064 609 obscuratur.
1103 554 1169 607 Et
1221 555 1255 608 ii
1302 556 1559 623 quidem,
1612 557 1705 624 qui
1755 570 2107 625 accusantur,
2147 576 2270 614 mox

714 647 836 698 sine
890 644 1095 713 judicio
1141 644 1608 708 condemnamur;
1671 648 1764 714 qui
1818 665 1948 703 vero
1989 662 2270 716 accusant,

717 735 825 788 illis
877 735 1084 804 absque
1133 735 1242 788 ulla
1297 736 1699 790 examinatione
1772 738 1910 792 ﬁdes
1952 741 2270 794 adhibetur.

697 828 869 880 ‘Unde
916 838 972 882 et
1019 843 1140 897 ego,
1175 829 1265 883 ubi
1310 830 1625 899 complures
1674 833 1892 900 percepi
1947 844 2136 887 contra
2184 850 2270 888 me

712 922 976 989 epistolas
1028 921 1414 985 circumferri,
1466 925 1669 991 quibus
1729 926 2165 995 perstringamur
2209 943 2271 980 ac

714 1022 990 1078 notemu‘r,
1023 1023 1362 1083 propterque
1405 1017 1608 1082 scripta
1638 1017 1885 1083 quaedam
1926 1033 2267 1081 accuseumr,

713 1121 944 1174 quorum
1005 1106 1285 1157 tntelarcm
1350 1105 1720 1159 defensionem
1783 1108 2045 1162 habemus
2088 1125 2267 1164 coram

710 1199 960 1250 veritatis
991 1197 1247 1250 tribunali
1275 1207 1515 1265 paratam
1547 1215 1558 1248 :
1589 1200 1821 1268 cogitavi
1856 1201 2075 1270 quidem
2108 1201 2270 1254 εἰΙμη-

710 1289 838 1340 dum
879 1303 1032 1351 esse;
1070 1288 1211 1356 quod
1241 1297 1295 1341 ct
1336 1289 1458 1341 feci.
1499 1289 1632 1342 Nam
1693 1292 1884 1343 tertius
1925 1293 2031 1360 jam
2092 1305 2268 1346 anuus

712 1380 802 1434 hic
822 1389 924 1440 est,
953 1396 1016 1431 ex
1038 1395 1144 1447 quo
1165 1394 1191 1430 a
1214 1379 1700 1433 calumniatoribus
1719 1391 1937 1435 notatus
1969 1384 2270 1436 accusatio-

709 1471 795 1521 nis
835 1468 1042 1534 ﬂagella
1088 1470 1363 1522 sustinere
1411 1471 1585 1538 cmpi,
1643 1471 1738 1525 hoc
1784 1487 1892 1524 uno
1943 1484 2265 1535 contentus,

715 1563 932 1630 1018
962 1562 1104 1630 quod
1133 1563 1422 1615 Dominum
1458 1565 1631 1617 habeo
1659 1575 1996 1618 secretorum
2027 1566 2267 1634 cegnito-

712 1672 824 1706 rem
875 1672 938 1707 ac
991 1653 1279 1706 calumnia:
1336 1655 1494 1707 istius
1550 1667 1765 1708 testem.
1817 1655 2083 1720 Quoniam
2135 1672 2266 1732 vero

707 1745 910 1799 multos
942 1746 1047 1814 jam
1082 1745 1360 1798 silentium
1405 1757 1655 1799 nostrum
1688 1762 1753 1799 eo
1785 1748 2035 1816 rapuisse
2079 1748 2262 1813 video,

2382 571 2819 635 κατηγοροῦντες
2893 571 3239 623 πιστεύονται
3322 575 3718 639 ἀνεξετάστως.
3787 579 3956 632 Ὅθεν

2378 659 2637 725 ἀκούσας,
2676 662 2757 714 ὅτι
2786 662 2979 714 πολλαὶ
3027 662 3148 714 κατ’
3187 663 3323 731 ἐμοῦ
3375 668 3768 737 περιφέρονται
3825 672 3951 722 ἐπι·

2379 754 2583 814 στολαῖ,
2614 755 2896 818 στίξουσαι
2923 757 3070 823 ἠμᾱζ
3094 757 3187 808 καὶ
3218 757 3630 825 στηλιτεύουσαι
3659 763 3756 813 καὶ
3781 780 3956 831 κατη-

2378 844 2634 910 γοροῦσαι
2665 844 2756 896 ἐπὶ
2802 846 3112 912 πράγμασι,
3140 839 3216 896 ὧν
3249 847 3345 912 τὴν
3391 848 3689 914 ἀπολογίαν
3725 852 3956 919 ἐτοίμτν

2377 929 2570 998 ἔχομεν
2603 933 2694 982 ἐπὶ
2724 930 2815 981 τοῦ
2850 931 3204 999 δικαστηρίου
3251 936 3344 1001 τῆς
3387 934 3668 1002 ἀληθείας,
3711 936 3950 1006 ὥρμησα

2380 1023 2479 1090 μὲν
2537 1027 2830 1093 σιωπῆσαι.
2891 1024 2918 1075 ὃ
2977 1025 3374 1093 καὶκὲποίησα.
3430 1026 3622 1095 Τρίτον
3679 1031 3788 1096 γὰρ
3843 1031 3948 1098 ἥδη

2374 1114 2531 1166 τοῦτο
2569 1115 2686 1177 Ετος
2737 1116 2900 1176 ἐστὶν,
2934 1120 2991 1169 ἐν
3020 1109 3064 1182 ᾧ
3097 1118 3439 1186 τυπτόμενος
3475 1120 3580 1172 ὑπὸ
3630 1122 3738 1172 τῶν
3767 1122 3952 1172 διαδο-

2375 1207 2482 1259 λὼν
2509 1208 2658 1273 φέρω
2686 1207 2783 1268 τὰς
2798 1208 2898 1276 τῆς
2927 1209 3255 1276 κατηγορίας
3284 1209 3580 1276 μάστιγας,
3605 1213 3954 1280 ἀρκούμενος

2373 1300 2452 1350 ὅτι
2483 1299 2829 1368 ἔχωΚύριον,
2866 1301 2958 1351 τὸν
2988 1301 3100 1352 τῶν
3137 1301 3393 1368 κρυπτῶν
3435 1300 3691 1370 γνώστην
3716 1304 3816 1356 καὶ
3857 1302 3950 1375 [Ρ.
3991 1347 4002 1358 .

2373 1389 2499 1460 διίυ]
2565 1393 2821 1458 μάρτυρα
2851 1395 2947 1457 τῆς
2980 1393 3344 1459 συκοφαντίας
3366 1410 3380 1422 ·
3418 1393 3540 1446 ἐπεὶ
3581 1394 3638 1446 δὲ
3669 1394 3807 1464 ὁρῶ,
3865 1395 3971 1447 ὅτιΔ

2375 1481 2555 1532 πολλοὶ
2593 1467 2692 1550 τὴν
2742 1483 2952 1549 σιωπὴν
2986 1482 3143 1550 ἡμῶν
3169 1485 3248 1545 εἰς
3299 1482 3591 1550 βεϐαίωσιν
3617 1484 3728 1536 τῶν
3770 1486 3952 1538 6:160-

2373 1570 2479 1621 λῶν
2511 1571 2894 1640 παρεδέξαντο,
2921 1573 3015 1624 καὶ
3041 1575 3101 1624 οὐ
3133 1573 3221 1626 διὰ
3257 1575 3644 1643 μακροθυμίαν
3675 1578 3945 1644 ἐνόμισαν

2372 1664 2517 1732 ἡμᾶς
2567 1665 2798 1732 σιωπᾷν,
2831 1663 2967 1717 ἀλλά
3016 1664 3104 1716 διὰ
3133 1665 3193 1716 το
3234 1665 3308 1735 μὴ
3358 1667 3505 1734 ἔχειν
3541 1668 3717 1735 στόμα
3757 1668 3946 1733 διᾶραι

2374 1754 2509 1821 πρὸς
2542 1754 2639 1822 τὴν
2687 1753 2966 1821 ἀλήθειαν,
3001 1756 3192 1807 τούτου
3248 1756 3406 1808 ἕνεκα
3463 1757 3764 1825 ἐπειράθην
3815 1761 3942 1810 ἐπι-

647 1851 656 1868 ι
709 1849 766 1892 ιιι
796 1857 857 1891 ex
893 1839 986 1891 illo
1029 1840 1321 1891 intentatas
1358 1838 1657 1891 calumnias
1688 1840 2104 1892 continuarint:
2140 1855 2266 1893 nos-
2303 1840 2340 1893 Β

2372 1847 2569 1897 στεῖλαι
2609 1847 2759 1912 ὑμῖν,
2815 1847 3151 1914 παρακαλῶν
3202 1846 3301 1914 τὴν
3347 1848 3405 1898 ἐν
3447 1847 3672 1915 Χριστῷ
3724 1849 3952 1914 ἀγάπην

707 1948 815 2002 que
859 1949 965 1985 non
1006 1932 1246 1984 lenitatis
1296 1947 1360 1985 ac
1431 1932 1705 2000 patientia:
1754 1935 1950 2002 gratia,
1986 1933 2082 1988 sed
2121 1935 2266 2002 quod

705 2027 772 2080 ad
815 2023 1236 2093 expromendam
1276 2024 1560 2077 veritatem
1601 2040 1666 2078 os
1700 2025 1911 2094 aperire
1947 2026 2266 2094 neutiquam

706 2119 1026 2179 audeamus,
1062 2118 1185 2171 ideo
1219 2118 1379 2171 silere
1412 2117 1780 2183 arbitrentur;
1808 2121 1874 2170 ob
1903 2135 2022 2172 eam
2048 2135 2266 2173 causam

706 2211 950 2266 scribere
978 2211 1130 2264 vobis
1166 2219 1398 2264 conatus
1439 2226 1581 2273 sum,
1611 2212 1908 2264 obsecrans
1940 2222 2177 2264 vestram
2213 2212 2266 2265 in

706 2303 927 2355 Christo
961 2301 1339 2364 dilectionem,
1375 2311 1434 2353 ιιι
1469 2301 1797 2364 calumnias,
1823 2317 1960 2370 quas
2004 2317 2108 2354 una
2145 2317 2270 2369 pars

705 2395 919 2464 objicit,
975 2409 1081 2447 non
1138 2409 1262 2446 mox
1328 2402 1386 2445 ut
1435 2407 1661 2462 prorsus
1712 2408 1870 2446 veras
1917 2393 2265 2446 admittatis:

704 2497 999 2560 propterea
1029 2486 1198 2554 quod,
1237 2495 1296 2538 ut
1335 2485 1602 2553 scriptum
1629 2493 1733 2562 est,
1759 2487 2032 2539 neminem
2061 2487 2269 2556 jttdiz‘at

704 2580 815 2644 lex,
849 2579 950 2630 nisi
988 2577 1142 2648 prius
1181 2577 1367 2631 audiat
1407 2585 1463 2629 et
1495 2587 1788 2645 cognoscat
1834 2577 1966 2645 quid
2018 2576 2200 2630 faciat.
2243 2596 2262 2627 ι

707 2670 774 2723 Et
823 2668 988 2721 alibi:
1030 2687 1045 2717 ι
1081 2666 1235 2720 Licet
1280 2667 1425 2720 enim
1482 2667 1695 2734 reliqua
1725 2668 1835 2719 vita
1882 2676 2066 2719 nostra
2106 2666 2269 2734 digna

707 2763 798 2821 sit,
835 2759 993 2827 cujus
1054 2756 1227 2826 gratia
1283 2746 1752 2826 ingemiscamus:
1803 2757 1870 2810 de
1932 2757 2033 2809 hoc
2088 2767 2268 2808 tamen

707 2867 820 2905 uno
875 2852 930 2904 in
983 2851 1214 2904 Domino
1267 2849 1491 2919 gloriari
1547 2850 1746 2914 ausim,
1797 2850 1941 2918 quod
1990 2863 2266 2916 nunquam

637 2942 660 2954 “’
704 2941 871 2996 falsas
911 2942 1203 3010 Opiniones
1251 2938 1533 3004 habuerim
1579 2938 1647 2993 de
1698 2939 1842 2992 Deo:
1889 2953 2065 3006 neque
2108 2937 2268 2990 aliter

703 3034 998 3088 sentiendo
1038 3032 1206 3086 animi
1261 3040 1447 3102 postea
1472 3031 1742 3101 judicium
1778 3031 2136 3085 mutaverim:
2171 3030 2265 3084 sed

705 3143 870 3198 quam
907 3143 936 3181 a
976 3142 1148 3196 puero
1185 3124 1515 3180 sententiam
1553 3123 1617 3177 de
1651 3123 1763 3176 Deo
1804 3139 1834 3176 a
1880 3123 2038 3177 beata
2071 3134 2261 3184 matre,

705 3220 906 3275 deinde
951 3228 1008 3274 et
1052 3220 1176 3272 avia
1227 3232 1345 3271 mea
1384 3215 1622 3270 Macrine
1671 3215 1890 3284 recepi,
1925 3214 2070 3268 illam
2101 3215 2265 3284 justis

703 3313 1062 3370 incrementis
1093 3319 1306 3364 auctam
1340 3317 1395 3363 et
1425 3307 1661 3361 adultam
1692 3305 1744 3359 in
1781 3321 1867 3359 me
1893 3307 2012 3374 ipso
2046 3322 2266 3360 conser-

701 3400 968 3455 vaverint.
991 3418 1008 3450 ι
1041 3399 1103 3452 Ει
1135 3412 1328 3450 rursus
1358 3405 1374 3449 '.
1415 3414 1433 3447 ι
1469 3396 1580 3464 Ego
1612 3409 1739 3448 sane
1763 3395 1828 3448 ad
1854 3397 2075 3449 crebros
2101 3406 2152 3448 ct
2172 3411 2266 3447 va.

703 3495 816 3548 rios
833 3492 1070 3546 hostium
1094 3501 1210 3545 nOSl
1223 3505 1405 3542 rorum
1429 3488 1716 3540 adversum
1737 3502 1834 3540 nos
1846 3497 2078 3540 conatus
2096 3487 2267 3555 respi-

701 3585 877 3648 ciens,
895 3582 1161 3637 silendum
1181 3593 1324 3644 esse,
1342 3587 1397 3631 et
1421 3591 1542 3646 qua:
1562 3575 1862 3628 infet'cntur
1875 3574 2059 3628 animo
2077 3575 2264 3642 quieto

703 3672 986 3727 toleranda
1025 3668 1230 3739 putavi,
1269 3682 1371 3720 nec
1394 3663 1758 3721 resistendum
1779 3663 1883 3718 illis
1915 3665 2012 3732 qui
2043 3663 2266 3716 tuenda-

701 3763 789 3814 cio
828 3759 1023 3813 muniti
1079 3765 1229 3819 sunt,
1275 3756 1512 3824 pessima
1571 3755 1786 3808 scilicet
1822 3761 2121 3807 armatura.
2169 3752 2261 3807 Vi-

702 3854 903 3905 dentur
941 3849 1088 3903 enim
1153 3847 1288 3900 mihi
1343 3847 1437 3916 qui
1475 3846 1659 3899 odium
1726 3845 1832 3899 hoc
1895 3844 2263 3899 inexcusabile

700 3955 893 3998 contra
924 3957 1024 3996 nos
1062 3940 1384 4003 induerunt,
1412 3939 1558 3990 haud
1589 3936 1858 3992 dissimile
1897 3939 1964 3989 ab
1993 3951 2060 3991 eo
2085 3935 2263 3990 facere

701 4036 847 4105 quod
893 4033 1055 4087 habet
1081 4031 1334 4100 EsOpica
1362 4029 1564 4083 fabula.
1598 4027 2068 4094 Quemadmodum
2114 4026 2261 4080 enim

700 4129 792 4182 illa
823 4128 1005 4196 lupum
1034 4125 1223 4191 culpas
1246 4121 1513 4191 quasdam
1544 4121 1812 4175 adversus
1835 4135 2034 4188 agnum
2066 4119 2266 4188 produ-

698 4233 824 4271 cere
851 4215 1002 4278 facit,
1040 4215 1199 4283 quasi
1229 4214 1276 4266 is
1296 4222 1458 4282 turpe
1489 4212 1592 4266 sibi
1625 4226 1689 4267 ac
1721 4210 2116 4266 dedecorosum
2145 4211 2263 4264 fore

703 4310 917 4380 1019
944 4315 1118 4377 putet,
1150 4305 1195 4359 si
1233 4316 1432 4375 praeter
1451 4305 1654 4374 justam
1683 4303 1954 4356 rationem
1986 4303 2263 4357 interimat

699 4415 922 4471 agnum,
956 4412 986 4451 ι
1015 4411 1127 4467 quo
1159 4396 1297 4449 nihil
1333 4395 1404 4449 sit
1436 4396 1619 4458 laesus,
1649 4405 1703 4449 et
1743 4405 1948 4459 tamen,
1985 4395 2115 4449 licet
2140 4410 2261 4448 om.

2371 1936 2544 2004 ὑμῶν,
2580 1934 2720 1987 ὥστε
2755 1936 2852 1997 τάς
2887 1935 2946 1999 ἐξ
2976 1937 3093 1997 ἐνὸς
3132 1937 3332 2006 μέρους
3367 1937 3656 2003 γινομένας
3691 1937 3951 2000 διαϐολὰς

2374 2026 2449 2094 μὴ
2503 2026 2683 2091 πάντη
2721 2025 3119 2093 παραδέχεσθαι
3152 2025 3228 2086 ὡς
3267 2027 3522 2094 ἀληθεῖς·
3554 2028 3713 2087 διότι,
3758 2027 3945 2090 καθὼς

2369 2122 2700 2187 γέγραπται,
2735 2117 2921 2170 οὐδένα
2973 2118 3152 2186 κρίνει
3182 2120 3208 2170 ὁ
3237 2119 3420 2187 νόμος,
3465 2120 3559 2171 ἐάν
3607 2122 3682 2187 μὴ
3721 2120 3944 2188 πρῶτον

2368 2207 2577 2277 ἀκούσῃ
2602 2207 2694 2257 καὶ
2721 2205 2833 2276 γνῷ
2862 2206 2914 2258 τί
2953 2208 3117 2260 ποιεῖ.
3163 2225 3181 2257 ι
3215 2208 3323 2260 Καὶ
3353 2208 3590 2276 ἀλλαχοῦ
3629 2209 3741 2276 (24)
3765 2223 3780 2237 ·
3829 2227 3847 2258 ι
3883 2208 3944 2260 Εἰ

2374 2303 2480 2370 γὰρ
2507 2302 2601 2351 καὶ
2629 2301 2696 2351 τὰ
2726 2299 2874 2351 ἀλλα
2907 2301 3060 2367 ὴμῶν
3096 2301 3417 2368 στεναγμῶν
3447 2300 3593 2364 ἀξια,
3620 2300 3734 2354 ἀλλ’
3763 2300 3946 2366 ἔγωγε

2367 2395 2526 2446 τοῦτο
2561 2393 2747 2460 τολμῶ
2802 2393 3111 2460 καυχᾶσθαι
3167 2394 3225 2445 ἐν
3266 2394 3494 2463 Κυρίῳ,
3547 2394 3628 2444 ὅτι
3681 2393 3944 2444 οὐδέποτε

2370 2481 2796 2549 πεπλανημένας
2845 2480 3004 2548 ἔσχον
3027 2481 3127 2542 τὰς
3166 2482 3294 2548 περὶ
3325 2480 3416 2531 τοῦ
3447 2479 3583 2532 Θεοῦ
3618 2480 3942 2548 ὑπολήψεις,

2369 2573 2402 2643 ἢ
2440 2573 2640 2641 ἑτέρως
2679 2571 2894 2640 φρονῶν
2931 2571 3236 2640 μετέμαθον
3289 2571 3550 2642 ὓστερον·
3583 2571 3705 2623 ἀλλ’
3755 2571 3824 2641 ῆν
3878 2572 3946 2623 ἐκ

2370 2665 2557 2726 παιδὸς
2608 2664 2799 2715 ἔλαϐον
2832 2663 3039 2714 ἔννοιαν
3078 2663 3210 2732 περὶ
3253 2662 3391 2716 Θεοῦ
3442 2664 3596 2732 παρὰ
3633 2664 3732 2733 τῆς
3765 2681 3946 2732 μακα-

2371 2758 2490 2827 ρίας
2554 2755 2760 2824 μητρός
2816 2770 2919 2821 μου
2976 2753 3069 2806 καὶ
3125 2754 3225 2821 τῆς
3281 2757 3516 2825 μάμμης
3571 2771 3672 2822 μου
3724 2755 3982 2822 Μακρί-·

2371 2863 2468 2916 νης
2509 2847 2642 2917 (ἳ5),
2683 2845 2888 2913 ταύτην
2947 2844 3279 2916 αὑξηθεῖσαν
3327 2847 3481 2914 ἔσχον
3529 2846 3587 2896 ἐν
3641 2845 3885 2912 ἐμαυτῷ.
3916 2862 3936 2895 ι

2369 2939 2479 2991 Καὶ
2516 2939 2715 2990 πάλιν·
2757 2956 2775 2989 ι
2827 2938 2969 3006 Ἐγὼ
3019 2939 3155 3006 πρὸς
3182 2940 3281 3007 τὴν
3331 2937 3633 3006 ἐπάλληλον
3686 2937 3797 2989 τῶν
3843 2939 3936 3005 ἐχ-

2370 3025 2514 3094 θρῶν
2563 3025 2721 3094 ἡμῶν
2773 3026 2866 3078 καὶ
2915 3025 3172 3095 ποικίλην
3217 3026 3337 3078 καθ’
3386 3026 3538 3094 ἡμῶν
3595 3024 3946 3094 ἐπιχείρησιν

2367 3117 2694 3170 ἀποϐλέπων
2728 3118 2939 3186 σιωπᾷν
2965 3117 3013 3168 θ’
3037 3115 3195 3185 ᾤμην
3225 3116 3357 3179 δεῖν,
3395 3115 3491 3167 καὶ
3523 3114 3777 3184 δέχεσθαι
3817 3112 3942 3166 καθ’

2367 3209 2596 3277 ἡσυχίαν
2618 3208 2685 3261 τά
2708 3209 3046 3276 ἐπαγόμενα,
3068 3206 3189 3277 μηδ’
3208 3205 3482 3277 ἀνταίρειν
3500 3210 3609 3268 τοῖς
3643 3205 3935 3258 καθωπλιο

2368 3299 2582 3365 σμὲνοις
2615 3296 2691 3366 τῷ
2717 3297 2925 3365 ψεύδει,
2957 3297 3034 3367 τῷ
3059 3298 3278 3368 πονηρῷ
3306 3297 3478 3368 τούτῳ
3502 3298 3668 3368 ὅπλῳ.
3706 3299 3946 3362 Ἐδοξαν

2365 3389 2472 3457 γάρ
2497 3405 2588 3456 μοι
2606 3387 2983 3457 παραπλήσιόν
3019 3405 3069 3438 τι
3094 3391 3268 3439 ποιεῖν
3289 3387 3366 3456 τῷ
3386 3389 3672 3457 Αίσωπείῳ
3702 3388 3858 3458 μύθῳ
3880 3390 3942 3441 οἱ

2364 3484 2423 3534 τὸ
2450 3483 2859 3552 ἀπροφάσιστον
2887 3480 3012 3533 καθ’
3041 3481 3200 3549 ἡμῶν
3232 3481 3589 3543 ἀναλασόντες
3616 3483 3790 3549 μῖσος.
3843 3477 3941 3543 ⁸ο,

2365 3576 2470 3640 γὰρ
2502 3575 2708 3634 ἐκεῖνος
2761 3573 3084 3640 ἐγκλήματά
3118 3590 3238 3624 τινα
3286 3573 3365 3640 τῷ
3413 3573 3582 3642 ἀρνίῳ
3631 3573 3722 3625 τὸν
3770 3572 3946 3626 λύκον

2362 3663 2694 3732 προσφέρειν
2738 3661 3010 3732 ἐποίησεν,
3032 3662 3416 3733 αἰσχυνόμενον
3444 3663 3602 3733 δῆθεν
3643 3665 3705 3716 τὸ
3734 3664 3916 3717 δοκεῖν

2366 3759 2492 3810 ἄνευ
2523 3756 2734 3814 δικαίας
2758 3757 3083 3824 προφάσεως
3131 3759 3376 3825 ἀναιρεῖν
3419 3757 3508 3809 τὸν
3535 3757 3702 3826 μηδὲν
3729 3758 3938 3825 προλυο

2365 3851 2652 3916 στήσαντα⁹
2679 3846 2770 3899 τοῦ
2820 3848 2862 3898 δ’
2893 3847 3056 3916 ἀρνὸς
3098 3849 3278 3900 πᾶσαν
3317 3850 3416 3917 τὴν
3465 3851 3528 3900 ἐκ
3569 3851 3938 3917 συκοφαντίας

2369 3938 2719 4007 ἐπαγομένην
2747 3937 2930 3992 αἰτίαν
2956 3939 3194 4007 εὐχερῶς
3224 3939 3549 4000 διαλύοντο;,
3581 3941 3747 4008 μηδιν
3791 3941 3936 4010 μᾶλ-

2364 4030 2454 4084 λον
2485 4031 2738 4100 ὑφίεσθαι
2765 4033 2864 4101 τῆς
2906 4033 3080 4100 ὁρμῆς
3116 4031 3207 4083 τὸν
3251 4030 3412 4083 λύκον
3435 4047 3448 4062 ·
3484 4030 3620 4084 ἀλλὰ
3665 4033 3779 4093 τοῖς
3831 4033 3937 4102 μὲν

2363 4121 2590 4183 δικαίοις
2609 4121 2899 4190 ἡττᾶσθαι,
2947 4124 3058 4184 τοῖς
3088 4121 3134 4174 δ’
3180 4121 3358 4173 ὀδοῦσι
3410 4124 3602 4191 νικᾷνο
3647 4122 3822 4187 οὕτως
3852 4121 3939 4186 οἷς

2365 4217 2427 4268 τὸ
2457 4215 2580 4267 καθ’
2610 4215 2769 4284 ὴμῶν
2799 4221 2956 4285 μῖσος
2986 4216 3060 4278 ὥς
3085 4233 3140 4266 τι
3172 4214 3283 4268 τῶν
3310 4216 3530 4282 ἀγαθῶν
3559 4217 3935 4287 ἐσπουδάσθη,

2363 4307 2724 4378 ἐρυθριᾶντες
2767 4309 2909 4377 τάχα
2967 4307 3045 4375 τῷ
3100 4307 3454 4361 δοκεῖνιάνευ
3501 4307 3677 4370 αἰτίας
3724 4311 3936 4377 μισεῖν,

2366 4402 2544 4462 αἰτίας
2573 4400 2877 4452 πλήσσουσι
2928 4400 3052 4452 καθ’
3081 4399 3244 4469 ἡμῶν
3291 4403 3388 4452 καὶ
3435 4400 3782 4469 ἐγκλήματα,
3836 4402 3940 4454 καὶ

699 4508 824 4546 nem
859 4505 981 4560 qua:
1010 4503 1073 4542 ex
1102 4487 1364 4541 adornata
1400 4486 1670 4539 calumnia
1701 4485 2006 4539 intenditur
2038 4500 2260 4539 accusa-
2288 4509 2339 4567 υ

2372 4492 2542 4543 οὐδενὶ
2566 4490 2679 4544 τῶν
2722 4490 3032 4560 λεγομένων
3087 4495 3249 4561 μέχρι
3298 4492 3499 4554 παντὸς
3550 4493 3933 4562 ἐπιμένουσιν.

701 4585 905 4638 tionem
952 4594 1128 4649 agnus
1162 4576 1375 4646 placide
1415 4577 1608 4640 diluat,
1642 4577 1816 4633 nihilo
1849 4580 2021 4647 magis
2071 4579 2258 4647 lupum

697 4676 768 4731 ab
809 4675 1019 4742 impetu
1042 4670 1145 4725 sibi
1180 4680 1512 4738 temperare,
1535 4669 1627 4723 sed
1655 4669 1870 4723 etiamsi
1902 4670 2077 4739 iustis
2097 4670 2262 4723 ratio-

700 4767 864 4823 nibus
890 4766 1164 4830 vincatur,
1197 4763 1458 4818 dentibus
1499 4773 1682 4817 tamen
1734 4762 2000 4817 victorem
2036 4764 2262 4832 pervin-

698 4876 863 4913 cere:
897 4859 969 4913 ita
1000 4869 1056 4912 et
1084 4858 1178 4927 qui
1226 4857 1355 4910 odio
1401 4857 1575 4911 nostri
1618 4871 1727 4910 non
1767 4871 1925 4911 secus
1968 4866 2132 4923 atque
2182 4856 2260 4910 rei

700 4957 942 5006 honesta:
969 4949 1214 5013 student,
1245 4958 1403 5018 turpe
1439 4948 1617 5002 forsan
1656 4957 1933 5017 putantes,
1977 4949 2022 5003 si
2054 4950 2260 5017 absque

697 5043 910 5096 ratione
960 5055 1061 5096 nos
1109 5040 1237 5093 odio
1271 5039 1523 5108 persequi
1579 5039 1886 5101 videantur,
1920 5054 2115 5092 causas
2147 5039 2259 5092 odii

594 5155 602 5161 ε
695 5143 885 5187 contra
915 5148 1017 5187 nos
1050 5141 1109 5187 et
1135 5131 1368 5185 crimina
1398 5129 1631 5201 fingunt.
1659 5130 1808 5184 Nihil
1842 5141 2022 5184 autem
2064 5145 2256 5184 eorum

696 5242 817 5293 qua!
850 5235 1038 5279 contra
1076 5238 1175 5276 nos
1207 5223 1477 5286 feruntur,
1512 5231 1830 5276 constanter
1866 5230 2125 5285 tuentur;
2161 5222 2254 5275 sed

695 5332 844 5370 nunc
895 5317 1055 5377 hanc,
1103 5314 1269 5383 paulo
1301 5323 1425 5382 post
1458 5314 1642 5377 aliam,
1690 5322 1745 5366 et
1793 5329 1985 5367 rursus
2037 5329 2254 5382 quoque

696 5409 856 5460 aliam
905 5405 1205 5459 inimicitia:
1249 5419 1468 5457 causam
1509 5403 1808 5472 assignant.
1851 5422 1868 5454 ι
1905 5404 1972 5458 Ει
2019 5419 2250 5458 rursus:

701 5515 720 5549 ι
765 5500 952 5568 itaque
974 5507 1031 5550 et
1065 5498 1167 5550 hoc
1198 5497 1274 5552 illi
1305 5497 1465 5550 nobis
1495 5483 1711 5549 crimini
1742 5496 1894 5562 dant,
1923 5497 2066 5566 quod
2108 5512 2257 5551 com-

2371 4583 2531 4636 ’Δλλά
2559 4583 2655 4635 νῦν
2696 4583 2798 4651 μὲν
2821 4583 3000 4644 τοῦτο,
3027 4581 3146 4650 μετ’
3173 4583 3350 4649 ὀλίγον
3379 4584 3423 4636 δ’
3449 4583 3596 4647 ἄλλο,
3645 4585 3741 4637 καὶ
3773 4582 3941 4651 αὖθις

2357 4675 2545 4743 ἕτερον
2568 4675 2668 4741 τῆς
2710 4672 2832 4726 καθ’
2875 4674 3031 4743 ἡμῶν
3059 4674 3377 4742 δυσμενείας
3417 4675 3478 4728 τὸ
3523 4678 3692 4729 αἴτιον
3741 4678 3942 4744 λέγου-

2359 4784 2433 4820 σι.
2469 4785 2486 4817 ι
2546 4768 2657 4819 Καὶ
2691 4764 2889 4818 πάλινο
2945 4784 2967 4816 ι
3021 4765 3230 4819 Οὐκοῦν
3260 4768 3353 4819 καὶ
3393 4767 3551 4820 τοῦτο
3599 4770 3729 4838 ἡμῖν
3759 4771 3937 4838 ἐγκα·

2358 4859 2532 4923 λοῦσι,
2565 4860 2627 4910 τὸ
2674 4859 2744 4909 τὰ
2784 4859 3152 4928 ἐπιλεγόμενα
3205 4862 3273 4929 τῇ
3325 4859 3446 4929 θεία
3477 4860 3636 4928 φύσει
3686 4863 3938 4932 ὀνόματα

2377 4951 2678 5020 μοναδικῶς
2718 4949 3086 5017 ἐξαγγέλλειν.
3149 4950 3289 5002 Ἀλλ’
3345 4951 3563 5021 ἕτοιμος
3611 4954 3745 5021 ἡμῖν
3797 4955 3940 5023 πρὸς

2365 5041 2525 5094 τοῦτο
2549 5042 2638 5094 καὶ
2670 5042 2846 5110 σαφὴς
2867 5041 2898 5093 ὁ.
2923 5041 3098 5108 λόγος.
3137 5042 3198 5095 Ὀ
3224 5044 3332 5112 γὰρ
3371 5045 3806 5111 καταγινώσκων
3828 5048 3943 5098 τῶν

2367 5135 2498 5202 μίαν
2525 5132 2792 5201 λεγόντων
2824 5132 3053 5203 θεότητα
3093 5134 3153 5199 ἐξ
3190 5138 3441 5206 ἀνάγκης
3485 5136 3564 5205 τῷ
3593 5136 3798 5200 πολλὰς
3847 5138 3942 5190 λέ-

2361 5241 2548 5288 γοντι,
2603 5224 2635 5293 ἢ
2689 5224 2760 5292 τῷ
2811 5223 3101 5293 μηδεμίαν,
3159 5225 3506 5294 αυνθὴσεται.
3549 5226 3625 5279 Οὐ
3652 5228 3771 5293 γάρ
3815 5230 3939 5280 ἐστι

2361 5314 2609 5379 δυνατὸν,
2658 5316 2842 5383 ἕτερον
2887 5333 2941 5366 τι
2986 5315 3140 5385 παρὰ
3175 5317 3233 5367 τὸ
3278 5317 3566 5384 εἰρημένον
3619 5318 3936 5386 ἐπινοῆσαι.

2367 5407 2427 5457 Εἰ
2459 5401 2552 5459 οὖν
2576 5406 2635 5457 τὸ
2663 5407 2741 5469 εἰς
2775 5407 2977 5476 πλῆθος
3011 5408 3272 5459 ἐκτείνειν
3297 5408 3386 5459 τὸν
3410 5408 3641 5478 ἀριθμὸν
3669 5410 3779 5462 τῶν
3813 5415 3934 5463 θεο·

2365 5501 2541 5568 τήτων
2575 5500 2751 5568 μόνων
2809 5501 2920 5554 τῶν
2965 5500 3064 5571 τὴν
3111 5501 3374 5554 πολύθεον
3409 5503 3615 5575 πλάνην
3644 5505 3938 5575 νενοσηκό-

2050 5612 2373 5673 Variorum
2412 5622 2601 5676 noue.

767 5715 876 5779 (ii)
916 5716 1060 5768 Idem
1099 5692 1661 5784 liustatltio'episcop.
1693 5716 1973 5771 Sebastim.
2011 5718 2217 5772 Bomn.

763 5787 874 5855 (‘25)
907 5787 979 5840 De
1037 5802 1142 5855 qua
1175 5789 1292 5840 vide
1325 5799 1373 5840 et
1426 5788 1709 5855 epistolam
1749 5793 1859 5851 τοῖς
1908 5789 2238 5859 Νεοκαιταρ.
2284 5792 2498 5845 Botvm.
