4240 6460
669 380 743 450 μ
783 396 827 433 c.
871 378 1030 448 l531]

277 386 416 452 1293

1207 378 1644 439 ΒΥΖᾹΝΤΙΝΕ
1694 377 2072 437 ιιιδΤοῑιιιΕ
2114 379 2254 442 LIB.
2298 379 2464 439 XXI.

2587 371 2724 442 [tum
2767 388 2812 426 ι.
2852 386 3149 427 cuncuz.
3195 368 3248 441 5]

3363 371 3500 435 1294

273 521 382 556 των
436 501 575 563 ἔστι,
613 497 674 550 τὸ
721 497 779 548 δὲ
832 495 1072 556 καθόλως
1113 493 1197 564 [Ρ.
1237 491 1363 562 iiii]
1416 493 1698 561 ἀρνεῖσθαι
1741 493 1842 560 τὴν
1872 504 1947 560 Α]

1830 504 1914 554 ρΑ
1945 493 2180 561 petentia
2219 493 2418 546 divina:
2463 503 2671 545 natura:
2713 491 2934 544 nomina
2981 488 3336 559 singulariter
3374 506 3504 558 pro-

277 593 509 657 θεότητα
555 588 662 640 τῶν
703 587 876 639 ἀθέων
914 587 981 638 ἂν
1019 584 1127 654 εἴη,
1161 584 1240 643 τίς
1272 582 1428 648 λόγος
1474 585 1619 634 ἐστὶν
1658 584 1687 635 ὁ
1727 583 1840 635 δια-

276 684 490 738 ὁάλλων
515 682 662 749 ἡμᾶς
697 680 790 730 ιπὶ
834 679 892 731 τὸ
927 678 1058 747 μίαν
1091 678 1376 746 ὁμολογεῖν
1401 678 1499 746 τὴν
1527 676 1787 746 θεότητα;
1817 693 1834 724 ι

279 777 388 827 Καὶ
426 774 540 842 μετ’
571 771 750 838 ὀλίγον
775 787 788 801 ο
825 788 843 821 ι
881 770 1066 822 Πάντα
1099 769 1170 820 τά
1197 769 1469 837 θεοπρεπῆ
1509 766 1754 835 νοήματά
1783 783 1842 817 τε

277 865 376 915 καὶ
412 861 657 931 ὀνόματα
707 859 983 927 όμοτίμως
1032 858 1216 927 ἔχουσι
1266 859 1403 926 πρὸς
1469 856 1712 922 ἄλληλα,
1765 853 1843 924 τῷ

284 953 453 1021 μηδὲν
488 952 639 1020 παρά
677 949 778 1018 τὴν
809 947 902 1000 τοῦ
936 947 1293 1013 ὑποκειμένου
1329 948 1614 1013 διαφωνεῖν
1660 961 1843 1014 σημα-

282 1047 425 1096 σίαν.
479 1044 553 1095 Οὐ
585 1044 696 1111 γὰρ
722 1041 807 1094 ἐπ’
841 1040 966 1093 ἄλλο
1014 1055 1066 1090 τι
1116 1039 1473 1106 ὑποκείμενον
1511 1037 1844 1106 χειραγωγεῑ

277 1138 379 1203 τὴν
409 1137 650 1186 διάνοιαν
676 1132 769 1184 τοῦ
819 1130 1024 1197 ἀγα.θοῦ
1067 1133 1095 1198 ἡ
1130 1131 1493 1200 προσηγορία,
1542 1130 1625 1195 ἐφ’
1661 1129 1846 1196 ἕτερον

279 1227 336 1277 δὲ
358 1227 391 1295 ἠ
425 1224 521 1276 τοῦ
548 1222 710 1292 σοφοῦ
744 1223 889 1290 καὶὴ
921 1221 1014 1273 τοῦ
1041 1221 1264 1273 δυνατοῦ
1295 1220 1388 1272 καὶ
1416 1222 1447 1288 ὴ
1480 1218 1571 1272 τοῦ
1603 1219 1837 1272 δικαίου·

279 1318 396 1370 ἀλλ’
426 1319 636 1384 ὅσαπερ
666 1313 751 1367 ἀν’
775 1315 932 1381 εἴπῃς
972 1314 1233 1381 ὀνόματα,
1275 1312 1333 1364 ἓν
1361 1313 1449 1364 διὰ
1482 1312 1699 1364 πάντων
1731 1310 1848 1364 ἐστὶ

280 1411 341 1460 τὸ
379 1408 779 1476 σημαινόμενον
803 1420 814 1431 ·
856 1405 956 1456 κᾶν
991 1405 1122 1455 Θεὸν
1157 1407 1349 1474 εἴπῃς,
1385 1405 1476 1456 τὸν
1518 1404 1680 1456 αὑτὸν
1728 1405 1847 1456 ἑνε-

280 1499 461 1564 δείξω,
495 1497 554 1548 ὃν
581 1496 666 1549 διά
697 1496 805 1548 τῶν
832 1494 1036 1546 λοιπῶν
1064 1494 1345 1563 ὀνομάτων
1376 1494 1631 1563 ἐνόησας.
1662 1493 1849 1547 Κατα-

284 1589 672 1659 μανθανόμενα
723 1589 832 1657 γὰρ
887 1589 981 1639 καὶ
1028 1587 1433 1654 συγκρινόμενα
1473 1587 1607 1654 πρὸς
1645 1585 1850 1654 ἄλληλα

281 1688 349 1738 τά
411 1686 651 1752 ὀνόματα
709 1681 799 1733 διὰ
851 1679 948 1748 τῆς
988 1681 1046 1731 ἐν
1102 1679 1355 1738 ἑκάστοις
1406 1676 1849 1745 ὲνθεωρουμένης

282 1754 579 1846 ἐμφάσεως·
608 1772 962 1842 εὑρεθήσεται
991 1769 1157 1837 μηδὲν
1191 1768 1291 1835 τῆς
1323 1767 1416 1820 τοῦ
1464 1768 1602 1821 Θεοῦ
1641 1785 1848 1838 προση-

1945 585 2278 638 nuntiamus.
2322 583 2524 637 Verum
2575 589 2816 652 paratam
2879 581 3146 635 habemus
3189 579 3252 632 ad
3302 579 3406 632 hoc
3450 589 3507 632 et

1945 676 2291 728 manifestam
2325 677 2615 728 rationem.
2649 673 2908 742 Quisquis
2931 673 3073 724 enim
3105 685 3266 724 unam
3297 670 3501 722 docen-

1947 775 2029 819 tes
2062 764 2405 817 divinitatem
2446 765 2804 823 condemnat,
2837 761 3152 815 necessario
3192 762 3389 813 multae
3425 763 3506 812 wt

1945 868 2170 923 prorsus
2205 855 2408 908 nullam
2446 855 2681 909 tradenti
2714 853 3126 922 astiputabitur.
3165 853 3510 921 lmpossihil-a

1946 962 2184 1016 namque
2238 957 2341 1012 est,
2386 957 2444 1000 ut
2476 958 2735 1016 praeterea
2783 945 2930 1000 aliud
2973 945 3105 1015 quid
3143 946 3507 1012 echgitt-tnr.

1944 1038 2080 1092 Cum
2128 1052 2259 1108 ergo
2291 1053 2574 1091 numerum
2606 1038 2953 1091 divinitatum
3004 1037 3072 1091 ad
3103 1037 3508 1090 multitudinem

1948 1130 2241 1183 extendere
2273 1140 2467 1183 eorum
2499 1138 2708 1182 tantum
2740 1131 2833 1192 sit,
2860 1130 2954 1197 qui
2990 1145 3179 1183 errore
3211 1130 3509 1181 multorum

1948 1221 2173 1275 deorum
2225 1231 2481 1290 tanquam
2529 1222 2720 1276 morbo
2769 1219 3060 1274 laborant:
3105 1238 3330 1290 prorsus
3382 1238 3513 1275 vero

1952 1315 2004 1367 in
2047 1314 2367 1367 universum
2409 1327 2610 1384 negare
2658 1311 2998 1367 divinitatem
3044 1331 3236 1367 eorum
3274 1316 3375 1371 sit.
3419 1315 3512 1383 qui

1952 1405 2162 1457 nullum
2194 1413 2417 1457 censent
2459 1420 2582 1458 esse
2616 1406 2804 1468 Deum,
2843 1413 2902 1458 ut
2931 1405 3084 1474 impii
3116 1422 3127 1456 :
3159 1407 3513 1474 quamobrem

1952 1511 2052 1548 nos
2087 1495 2431 1548 traducimur
2461 1496 2532 1548 ob
2568 1495 2643 1559 id,
2676 1497 2821 1564 quod
2861 1512 3022 1550 unam
3075 1496 3401 1550 confitemur
3429 1493 3516 1550 di-

1951 1588 2276 1642 vinitatem?
2315 1605 2332 1637 ι
2374 1587 2439 1641 Ει
2471 1587 2632 1656 paulo
2659 1597 2821 1641 nost:
2858 1607 2876 1640 ι
2917 1587 3110 1642 Omnia
3154 1587 3517 1658 Deo'compe-

1957 1678 2151 1739 tentia,
2200 1689 2308 1731 tam
2340 1680 2573 1747 cogitata
2605 1694 2765 1747 quam
2811 1680 3055 1744 nomina,
3092 1680 3334 1749 ejusdem
3376 1681 3522 1734 inter

1954 1785 2012 1824 se
2045 1778 2176 1824 sunt
2205 1770 2563 1833 conditionis,
2602 1786 2668 1823 eo
2699 1771 2844 1840 quod
2883 1772 3029 1825 circa
3074 1773 3305 1837 subjecti
3353 1771 3523 1841 signi-

279 1868 476 1936 γορίας
525 1865 746 1918 ἔλαττον
787 1863 999 1931 ἔχοντα.
1055 1860 1370 1929 Τεκμήριον
1420 1860 1496 1923 δὲ,
1550 1860 1632 1912 ὅτι
1679 1861 1850 1928 τούτῳ
1887 1846 1929 1905 Β

1843 1846 1929 1909 ιΒ
1961 1863 2273 1918 ticationem
2318 1865 2456 1918 nihil
2518 1865 2722 1920 habent
2776 1864 3135 1921 discriminis.
3193 1862 3310 1922 Non
3372 1868 3517 1920 enim

284 1961 386 2029 μὲν
443 1959 521 2026 τῷ
579 1958 806 2026 ὀνόματι
869 1954 1041 2006 πολλά
1094 1957 1187 2007 καὶ
1246 1954 1351 2005 τῶν
1407 1953 1851 2022 καταδεεστέρων

283 2051 707 2121 ἐπονομάζεται,
751 2052 845 2101 καὶ
875 2049 968 2099 ὲπὶ
999 2047 1106 2100 τῶν
1180 2047 1632 2114 ὰπεμφαινόντων
1661 2046 1860 2115 ὁμοίως

282 2141 662 2210 λεγομένῳ.Τὸ
683 2141 738 2192 δὲ
760 2138 854 2191 τοῦ
877 2138 1034 2206 ἁγίου
1052 2139 1221 2204 ὄνομα
1249 2136 1450 2190 καὶτοῦ
1464 2137 1738 2208 ἀφθάρτου
1764 2138 1858 2191 καὶ

1965 1959 2161 2014 mentis
2207 1958 2597 2027 cogitationem
2653 1954 2870 2028 1020
2912 1959 2977 2011 ad
3011 1957 3159 2013 aliud
3213 1959 3520 2029 subjectum

1959 2048 2114 2104 ducit
2158 2049 2451 2120 appellatio
2484 2051 2639 2115 boni,
2685 2057 2741 2103 et
2769 2050 2836 2104 ad
2890 2048 3062 2113 aliud,
3110 2050 3396 2119 sapientis,
3429 2067 3524 2119 po-

1960 2138 2150 2200 tentis.
2188 2147 2244 2192 et
2276 2138 2449 2209 justi:
2483 2137 2577 2192 sed
2613 2153 2954 2208 quaecunque
2983 2138 3256 2208 ejusmodi
3289 2141 3513 2194 nomina

281 2236 375 2287 τοῦ
400 2236 583 2296 εὑἸέος
620 2235 714 2285 καὶ
741 2231 836 2284 τοῦ
868 2231 1074 2297 ἀγαθοῦ
1102 2229 1339 2299 οὐδαμοῦ
1384 2229 1854 2306 κοινοποιούμενον
1954 2245 1955 2250 ‘

1842 2247 1854 2280 ρ
1954 2228 2272 2296 protuleris,
2317 2245 2485 2284 unum
2525 2239 2610 2284 est
2657 2242 2923 2300 perpetuo
2963 2232 3108 2297 quod
3154 2233 3516 2302 significatur.

282 2328 421 2393 πρὸς
451 2330 515 2377 τὰ
556 2326 628 2394 μὴ
649 2325 834 2374 δέοντα
858 2323 1008 2390 παρά
1044 2321 1144 2388 τῆς
1175 2319 1787 2389 Γραφῆςὲδιδάχθημεν.
1825 2337 1844 2370 ι
1950 2316 1956 2375 J

1950 2316 2017 2375 Et
2045 2321 2090 2374 si
2118 2320 2286 2376 Deum
2311 2321 2535 2385 dixeris,
2553 2322 2801 2378 eumdem
2836 2324 3170 2393 significasti,
3199 2341 3359 2394 quem
3387 2336 3440 2379 et
3473 2328 3525 2380 in

286 2417 518 2484 reliquis
574 2414 888 2468 nominibus
925 2413 1196 2484 cogitasti.
1233 2410 1365 2464 Nam
1423 2414 1468 2466 si
1503 2411 1881 2480 expendantur
1933 2411 2245 2482 hujusmodt
2307 2412 2562 2477 nomina,
2621 2424 2677 2468 et
2723 2414 2866 2468 inter
2916 2430 2975 2469 se
3025 2416 3374 2471 considerata
3429 2433 3527 2472 cu.

283 2523 482 2594 iusque
534 2504 934 2573 significatione
981 2504 1370 2567 conferantur,
1422 2503 1560 2557 nihil
1612 2503 1972 2572 appellatione
2033 2503 2127 2558 Dei
2173 2503 2354 2557 minus
2385 2503 2587 2559 habere
2628 2504 2958 2574 diﬂ'errequc
3014 2505 3523 2576 deprchendemur.

287 2603 685 2668 Argumentum
729 2597 890 2666 hujus
928 2606 1032 2662 est,
1063 2597 1204 2666 quod
1249 2597 1315 2650 ab
1349 2595 1716 2666 appellatione
1754 2597 1847 2650 Dei
1897 2595 2067 2649 multa
2124 2611 2188 2650 ex
2228 2597 2581 2653 inferioribus
2631 2613 2849 2667 quoque
2888 2602 3367 2670 cognominantur,
3408 2621 3531 2674 quae

287 2695 453 2748 etiam
506 2690 851 2744 absimilibus
893 2700 949 2743 et
1024 2689 1388 2743 dissentaneis
1450 2689 1616 2744 rebus
1664 2689 2006 2743 attribuitur.
2048 2688 2233 2744 Sancti
2290 2705 2422 2744 vero
2479 2701 2534 2745 et
2598 2691 2940 2762 incorrupti,
2999 2704 3055 2749 et
3114 2696 3249 2751 recti
3293 2698 3531 2769 bonique

297 2788 522 2840 numina
593 2800 862 2852 nusquam
916 2785 1045 2846 illis,
1077 2784 1279 2853 quibus
1307 2783 1452 2848 haud
1489 2794 1723 2853 oportet,
1751 2785 2144 2839 communicari
2177 2799 2273 2853 per
2303 2784 2640 2853 Scripturam
2679 2786 2859 2842 edocti
2905 2804 3115 2845 sumus.
3160 2809 3178 2842 ι

368 2882 441 2930 E'.
480 2879 634 2943 Ἐμοί
683 2878 738 2929 δὲ
776 2875 867 2928 καὶ
902 2875 1118 2936 πλείους
1151 2877 1230 2938 είς
1261 2874 1358 2944 τὴν
1402 2875 1510 2928 τῶν
1551 2875 1858 2943 λεγομένων

296 2971 576 3034 ἀπόδειξιν
618 2967 932 3037 ὡρμημένῳ
978 2968 1246 3036 παράγειν
1295 2967 1482 3032 ἁγίους
1522 2967 1652 3035 ῥᾷον
1681 2964 1858 3031 ἔδοξεν

2038 2875 2101 2928 ν.
2165 2873 2245 2928 Ad
2279 2889 2342 2927 ea
2396 2889 2519 2944 quae
2572 2875 2684 2929 dixi
2734 2878 3103 2934 confirmanda
3142 2890 3309 2937 testes
3360 2885 3533 2945 citare

1965 2969 2184 3017 sanctos
2238 2962 2422 3030 plures
2468 2963 2686 3017 animus
2740 2965 2863 3019 fuit.
2924 2967 2994 3021 At
3037 2972 3379 3025 commodius
3414 2988 3534 3026 esse

290 3059 457 3126 εἶναι,
519 3063 784 3132 πρότερον
839 3060 908 3111 δι’
941 3060 1058 3121 ἑνὸς
1117 3057 1334 3111 τουτουῖ
1385 3058 1483 3127 τὴν
1524 3056 1634 3110 τῶν
1688 3056 1856 3109 πάλαι
1889 3071 1964 3149 c'

1855 3093 1929 3149 ac
1962 3054 2141 3108 visum
2203 3062 2312 3117 est,
2371 3054 2770 3123 przcteritarum
2830 3067 2895 3112 et
2947 3062 3296 3126 prtesentium
3349 3079 3529 3118 rerum

291 3156 428 3223 πρὸς
447 3156 513 3206 τὰ
536 3153 777 3221 παρόντα
800 3153 1120 3218 συγγένειαν
1139 3151 1646 3218 διευκρινήσαντας,
1670 3151 1860 3203 ἔπειτα

293 3249 615 3314 ἐπενεγκεῖν
648 3246 742 3296 καὶ
790 3244 885 3304 τὰς
927 3243 1038 3312 (26)
1070 3243 1177 3294 τῶν
1217 3241 1393 3295 ἄλλων
1426 3242 1733 3312 μαρτυρίας
1775 3242 1864 3294 διὰ

293 3342 424 3402 τοὺς
479 3339 810 3407 ἀμφιϐόλους
867 3341 959 3388 καὶ
1009 3334 1518 3404 σμικρογνὼμονας.
1567 3335 1718 3386 Ἐπεὶ
1757 3336 1864 3388 κάκ

294 3434 492 3488 τούτου
520 3433 613 3483 νῦν
641 3430 835 3500 μέτριά
862 3428 986 3480 τινά
1025 3445 1116 3495 μοι
1162 3427 1319 3495 δίκην
1349 3426 1540 3496 ἐράνου
1575 3430 1864 3496 συνῆκται,

296 3529 393 3581 καὶ
424 3528 547 3578 ὅσον
574 3521 983 3590 ἀφοσιώσασθαι
1015 3519 1148 3588 πρὸς
1175 3519 1272 3587 τὴν
1300 3518 1529 3588 ζήτησιν
1561 3518 1654 3570 καὶ
1675 3519 1866 3587 χρείαν

295 3619 401 3688 τῆς
434 3617 526 3670 νῦν
562 3617 889 3676 ὑποθέσεως.
929 3613 1174 3676 Ἐξέσται
1220 3613 1351 3678 γὰρ,
1390 3611 1498 3680 ὅτῳ
1525 3611 1591 3663 ἂν
1682 3608 1867 3678 βουλος

301 3713 476 3780 μένῳ,
518 3709 624 3768 τοῖς
661 3707 967 3776 εἰρημένοις
997 3705 1109 3772 (27)
1145 3701 1541 3772 παρατιθέντας
1580 3702 1636 3753 ἓν
1668 3702 1746 3753 ἑνὶ
1775 3699 1868 3753 καὶ

303 3800 517 3854 πλείοσι
565 3797 733 3850 πλείω
777 3796 885 3848 τῶν
930 3793 1050 3847 καθ’
1098 3794 1241 3863 ἡμᾶς
1286 3794 1562 3859 ἀκήρατον
1597 3791 1869 3861 εὑρίσκειν

243 3934 248 3937 -
307 3895 410 3963 τὴν
437 3889 755 3959 συμφωνίαν
785 3886 877 3938 τοῦ
916 3886 1009 3938 νῦν
1042 3884 1282 3951 διωγμοῦ
1310 3885 1443 3952 πρὸς
1473 3884 1561 3935 τὸν
1590 3885 1709 3935 τότε
1732 3897 1745 3911 ⁸
1777 3881 1870 3935 καὶ

305 3981 601 4051 μανθάνειν
629 3977 983 4044 σαφέστερον,
1017 3974 1088 4034 ὼς
1122 3972 1158 4026 ἃ
1186 3971 1422 4039 διίστησι
1454 3971 1662 4039 χρόνος,
1697 3968 1871 4023 ταῦτα

301 4072 495 4143 χρόνος
526 4065 997 4135 ὲπαναλαμϐἀνων
1030 4062 1185 4125 αῦθις
1214 4063 1528 4132 συνίστησι·
1569 4064 1663 4114 καλ⁵
1684 4061 1719 4114 ἀ
1747 4063 1872 4130 ῥοῦς

303 4161 603 4232 χειμερίων
651 4157 816 4223 φάναι
866 4154 1205 4222 πραγμάτων
1257 4155 1476 4221 συγχεῖ,
1530 4155 1872 4222 πραγμάτων

304 4248 463 4313 αὖθις
499 4249 758 4302 συνάπτει
788 4245 1113 4314 παλίρροιαο
1159 4247 1253 4296 καὶ
1291 4243 1326 4296 ἃ.
1361 4245 1491 4311 βίων
1518 4243 1872 4296 πολυπλόκων

305 4336 621 4406 λαϐύρινθοι
671 4331 1047 4401 διασπείρουσι
1115 4330 1250 4396 πρὸς
1303 4330 1469 4398 λήθης
1526 4329 1728 4398 μυχοὺς
1778 4329 1872 4382 καὶ

1965 3144 2278 3199 atiinitatem
2312 3160 2408 3214 per
2446 3161 2614 3199 unum
2646 3147 2793 3201 hunc
2820 3149 2996 3217 primo
3027 3150 3305 3206 declarare
3329 3195 3343 3214 .
3375 3155 3532 3208 dein-

1964 3237 2052 3300 de,
2086 3247 2147 3291 ut
2172 3238 2487 3294 vacillantes
2520 3248 2575 3293 et
2605 3241 2838 3309 pusillos
2884 3244 3096 3298 animos
3124 3246 3530 3313 confirmarem,

1965 3329 2196 3383 aliorum
2245 3345 2463 3399 quoque
2514 3332 2827 3386 testimonia
2870 3334 3218 3405 subjungere.
3257 3338 3433 3406 Atque
3467 3356 3531 3395 ex

1968 3421 2073 3475 hoc
2105 3423 2224 3491 ipso
2251 3421 2466 3477 modica
2511 3423 2761 3492 quaedam
2810 3439 2839 3477 a
2889 3440 2976 3479 me
3006 3425 3232 3481 collecta
3261 3441 3316 3483 et
3344 3446 3531 3484 corro-

1965 3520 2087 3580 gata
2133 3522 2281 3577 sunt,
2314 3514 2393 3566 sic
2423 3511 2700 3576 videlicet,
2727 3521 2788 3566 ut
2843 3527 2963 3581 quae
2998 3513 3064 3567 ad
3096 3516 3449 3583 quazstionem
3481 3531 3536 3574 et

1968 3603 2036 3657 ad
2085 3618 2323 3672 prasens
2372 3601 2690 3657 institutum
2735 3604 3062 3668 attinebant,
3094 3621 3156 3660 ea
3196 3607 3309 3661 sola
3342 3608 3536 3663 leviter

1968 3694 2124 3762 quasi
2154 3693 2465 3748 delibarim.
2523 3693 2739 3748 Etenim
2789 3696 2966 3749 cuivis
2998 3695 3161 3752 facile
3191 3701 3318 3762 erit,
3351 3713 3536 3755 nostra

1969 3802 2092 3840 cum
2147 3788 2212 3840 iis
2265 3801 2387 3855 qua:
2443 3787 2590 3842 dicta
2633 3796 2785 3851 sunt,
2822 3804 2990 3843 unum
3023 3805 3146 3843 cum
3199 3807 3330 3854 uno,
3382 3793 3537 3861 plura

1971 3893 2096 3931 cum
2129 3876 2381 3946 pluribus
2408 3876 2738 3945 conferenti,
2765 3879 3214 3948 perfectissimam
3255 3883 3538 3952 utriusque

1971 3967 2391 4037 persecutionis,
2429 3967 2715 4024 hodierna:
2767 3979 2823 4023 et
2869 3968 2988 4041 ejus
3033 3988 3155 4041 qua:
3189 3981 3302 4027 tum
3342 3976 3538 4040 szeviit,

1973 4060 2391 4116 similitudinem
2467 4061 2804 4131 intelligere;
2880 4063 3011 4116 item
3066 4065 3346 4133 explorate
3405 4065 3540 4120 illud

1973 4151 2208 4217 discere,
2239 4168 2360 4222 qua:
2400 4160 2617 4223 tempus
2658 4153 2942 4223 disjungit,
2982 4169 3045 4208 ea
3079 4171 3174 4224 per
3209 4164 3422 4225 tempus
3454 4173 3541 4212 re-

1974 4243 2280 4309 dintegrata
2334 4242 2535 4298 iterum
2575 4244 2858 4314 conjunglt
2887 4263 2900 4298 :
2931 4260 3051 4314 qua:
3088 4262 3296 4311 rerum,
3329 4248 3536 4318 1021

1977 4347 2032 4387 ut
2060 4334 2134 4388 ita
2158 4333 2359 4394 dicam.
2386 4344 2518 4388 a-stu
2550 4334 2853 4412 procelloso
2881 4337 3192 4403 turbamur,
3211 4355 3274 4392 ea
3297 4341 3541 4409 recipro-

310 4427 654 4498 κρυπτῆρας,
681 4424 1031 4490 ἀντίστροφοι
1057 4419 1215 4472 πάλιν
1234 4418 1553 4489 ’λαϐύρινθοι
1579 4420 1709 4488 βίων
1736 4421 1871 4490 πρὸς
1901 4437 1951 4497 D
1977 4445 1984 4474 4

1867 4438 1871 4477 r
1901 4437 1951 4497 D
1977 4440 2042 4480 co
2083 4442 2264 4480 rerum
2303 4436 2438 4481 aestu
2471 4441 2663 4481 rursus
2693 4427 2982 4496 componi;
3018 4445 3140 4498 quae
3183 4429 3421 4500 denique
3449 4447 3541 4499 per

307 4521 382 4574 τά
431 4517 670 4587 συγγενῆ
723 4515 819 4568 καὶ
853 4512 1099 4582 ὁμόφυλα
1131 4511 1237 4563 τῶν
1269 4512 1435 4564 πάλαι
1477 4512 1553 4580 τῷ
1583 4511 1757 4582 χρόνῳ
1784 4529 1872 4580 γεο

306 4613 625 4682 γενημένων
665 4607 1028 4675 ἀναφέρουσιν
1062 4603 1286 4672 ὕστερον
1337 4603 1477 4673 ἴχνη,
1529 4598 1638 4655 οἷον
1672 4605 1874 4657 ἀνακα-

306 4706 581 4775 λυπτήρια
651 4702 770 4761 ταῖς
840 4697 1086 4765 ἀλλήλων
1145 4697 1232 4748 διὰ
1287 4695 1497 4764 μακροῦ
1549 4695 1643 4747 τοῦ
1703 4699 1870 4764 μέσου

312 4797 615 4866 ωμφυῖαις
648 4793 741 4846 καὶ
773 4787 1054 4859 ὁμοιότησι
1081 4787 1319 4849 θύοντες.

1979 4519 2157 4572 varias
2199 4518 2487 4572 hominum
2542 4528 2748 4582 aetates,
2793 4520 2941 4574 velut
2980 4537 3079 4591 per
3107 4523 3435 4591 multiplices
3464 4525 3542 4577 la-

1979 4608 2290 4678 byrinthos,
2320 4607 2593 4676 profunda
2616 4620 2671 4663 et
2699 4612 2932 4663 obscura
2977 4611 3250 4666 oblivione
3285 4629 3543 4681 mergun-

1982 4711 2071 4754 tur
2102 4716 2166 4754 ac
2225 4701 2489 4771 dissipata
2543 4714 2904 4765 evanescunt,
2942 4719 3003 4756 ea
3036 4704 3255 4766 deinde,
3280 4707 3544 4759 revolutis

1978 4801 2196 4846 tetatum
2257 4792 2604 4862 labyrinthis,
2660 4792 2727 4846 ad
2783 4803 3009 4863 cognata
3044 4806 3098 4848 et
3134 4796 3311 4850 aflinia
3361 4811 3562 4850 rernm‘

308 4889 442 4947 olim
471 4897 744 4959 gestarum
776 4881 1005 4952 veStigia
1033 4880 1286 4951 retroagi,
1325 4881 1876 4952 conjunctionemque
1914 4894 1968 4939 et
2015 4885 2430 4940 similitudinem
2481 4900 2638 4941 suam
2702 4897 2823 4956 post
2854 4888 3013 4956 longa
3085 4901 3388 4958 temporum
3421 4905 3547 4959 spa-

310 4988 388 5042 tia
423 4981 579 5054 quasi
603 4978 864 5034 revelare.

1737 5068 1997 5124 ίυΑιιυτ
2029 5071 2089 5124 v.
2139 5051 2142 5057 ’

310 5170 600 5230 Palamin
649 5170 864 5222 victores
912 5167 1240 5236 impudenter
1281 5163 1579 5236 exsultant,
1627 5160 1856 5236 Ρηιξτηία
1905 5163 1976 5215 eis
2019 5164 2166 5216 data.
2226 5164 2401 5218 Ρωηίε
2449 5165 2751 5220 orthodoxi:
2800 5170 3068 5234 irrogatw.

3147 5165 3487 5221 Palamituru
3499 5188 3544 5219 ιιι

389 5243 579 5308 dogma
615 5240 856 5304 impium.
890 5229 1123 5291 Sauitia.
1174 5237 1358 5308 Tenuis
1397 5233 1693 5308 syttotlicuf:
1727 5229 2015 5307 Gregoram
2049 5237 2197 5308 malli
2236 5251 2303 5308 ex,
2337 5237 2518 5288 amicis
2552 5237 2830 5308 deserunt;
2870 5229 3027 5302 eique
3057 5238 3213 5308 etiam
3253 5237 3544 5292 Calmsilas.

387 5300 560 5379 Majas
595 5300 864 5379 ingenium
899 5308 1177 5379 ιἐεῄιιηίὶιιἈ
1217 5305 1278 5356 Ut
1314 5300 1599 5379 Gregorius
1643 5300 2014 5379 Nazianzenus
2069 5305 2324 5379 ejusmodi
2371 5309 2602 5358 homines
2645 5306 2903 5360 allocutus
2942 5300 3036 5360 'm.
3091 5307 3350 5374 Urrgaras
3396 5327 3550 5360 suam

386 5372 580 5434 sortem
607 5372 868 5442 deplorat.
901 5376 1202 5432 Salomonis
1231 5375 1403 5427 verba.
1450 5372 1599 5424 Darii
1645 5373 1912 5424 morientis
1946 5372 2351 5444 ampla/legum.
2414 5443 2420 5448 _

389 5499 478 5573 [Ρ.
510 5498 635 5571 (542]
682 5501 763 5553 A'.
810 5498 963 5553 Μετᾶ
1017 5501 1126 5567 γὰρ
1188 5496 1277 5548 τὸν
1329 5495 1597 5566 ἡμέτερον
1644 5491 1884 5559 διωγμὸν

2066 5493 2101 5545 l.
2129 5494 2261 5547 Cum
2295 5511 2413 5548 eam
2443 5512 2540 5550 nos
2590 5497 3025 5566 persecutionem
3058 5497 3199 5568 passi
3238 5497 3548 5558 fuissemus,

1637 5609 1963 5672 \‘ariorum
2010 5622 2195 5675 nota).

389 5719 507 5788 (26)
537 5719 666 5786 Quae
695 5731 872 5776 tamen
902 5733 1008 5773 non
1036 5717 1345 5788 subjungct.
1378 5714 1541 5788 HVitch
1564 5712 1702 5763 infra
1755 5728 1874 5780 cap.
1917 5713 1966 5776 G,
1996 5727 2107 5768 sect
2156 5716 2182 5766 7
2239 5716 2439 5770 Βοιιιχ,

396 5784 510 5862 (27)
537 5784 579 5845 Ᾱ
608 5791 701 5845 SS.
733 5791 1006 5854 Patribus,
1043 5784 1310 5842 Basiiio’et
1341 5787 1461 5838 aliis
1513 5784 1716 5838 UOIHN.
