4240 6460
312 375 444 443 tsot
692 376 766 448 [Α.
807 392 858 434 c.
902 381 1060 454 1551]

1273 388 1708 452 ΒΥΖΑΝΤῙΝΛΕ
1744 393 2126 459 HISTORUE
2162 401 2307 462 LIB.
2346 405 2505 465 XXI.

2622 400 2758 472 [tum
2798 419 2840 457 ι.
2880 415 3174 457 casucuz.
3216 401 3273 472 5]

3392 408 3528 476 1302

519 494 548 546 ὁ
579 495 720 591 ἀνὴρ
741 497 812 591 Δἐξ
836 499 1011 568 ἀρχῆς
1045 500 1220 576 ταύτῃ
1267 505 1394 570 τοὺς
1438 507 1864 578 ἐντυγχάνοντας
1893 517 1938 572 Α
1966 527 1985 581 ς

1847 527 1864 574 :
1893 517 1938 572 Α
1966 513 2198 581 quadam
2225 526 2278 571 et
2307 518 2609 576 voluntario
2636 521 2806 575 animi
2835 523 2983 576 lnotu
3009 521 3232 591 caligine
3259 521 3521 586 turbidas,

306 584 394 636 διὰ
424 583 541 652 βῐου
567 586 888 651 κατέκλυζε,
922 591 1017 643 καὶ
1048 597 1254 665 τροφῆς
1295 597 1464 666 αὐτῆς
1515 600 1866 654 ιπιλανθανό-

313 687 500 740 μενος.
541 674 631 726 Διὸ
665 677 760 729 καὶ
791 677 1003 741 πάντας
1036 683 1228 749 σοφίας
1275 685 1331 746 ις
1351 685 1512 739 τοῦτο
1537 689 1865 755 συγκλείσας

309 760 436 822 τοὺς
468 763 698 831 ἔρωτας,
749 767 844 820 καὶ
875 767 1035 823 τοῦτο
1068 772 1228 841 μόνον
1263 776 1450 829 ἱκανὸν
1491 778 1860 850 ἡγησάμενος,

305 853 370 903 τὸ
413 853 656 922 χρυσοῦν
689 857 921 927 ἀπονητὶ
977 864 1333 935 συγκομίζειν
1367 855 1523 936 θέρος
1576 870 1726 942 αὐτῷ
1756 874 1864 926 τῶν

307 944 552 996 ἐπαίνων
579 946 816 1010 πάντων,
852 949 1051 1020 ἥκιστα
1099 953 1185 1008 διὰ
1233 957 1514 1025 φροντίδος
1572 960 1864 1030 πεποίηται

308 1036 472 1102 σοφίᾳ
515 1037 609 1088 καὶ
639 1037 907 1104 δόγμασιν
939 1040 1105 1111 ίεροῖς
1134 1045 1226 1097 τὸν
1250 1048 1350 1114 τῆς
1379 1048 1622 1120 γλώττης
1653 1055 1865 1122 κοσμῆ-

305 1138 396 1173 σαι
450 1123 668 1194 δρόμον.
700 1123 775 1181 Ἦ
805 1130 914 1200 γάρ
943 1130 1010 1184 ἂν
1036 1131 1146 1185 τῶν
1174 1134 1322 1188 δυοῖν
1357 1138 1577 1203 οὐδενὸς
1601 1141 1863 1206 ἐξέπιπτε

305 1214 518 1280 χρόνων
545 1231 560 1244 ·
589 1216 709 1270 ἀλλ’
739 1220 827 1272 ἀεὶ
861 1222 961 1290 μὲν
989 1223 1050 1275 τδ
1073 1224 1172 1292 τῆς
1231 1227 1578 1298 πολυλογίας,
1640 1233 1714 1297 ὡς
1769 1236 1864 1289 ἐπὶ

305 1305 556 1358 πλεῖστον
583 1310 900 1381 ἁμαρτάνον
934 1315 1072 1385 (32).
1106 1318 1389 1387 διέφευγεν
1441 1323 1506 1378 ἀν
1527 1339 1541 1354 ο
1595 1325 1690 1381 νῦν
1715 1327 1760 1381 δ’
1782 1330 1864 1394 είς

305 1396 365 1445 τὸ
397 1397 491 1465 τῆς
526 1400 781 1467 ἀσεϐείας
815 1405 916 1458 οὐκ
943 1405 1011 1460 ἂν
1039 1409 1297 1465 ἐνέπιπτε
1331 1413 1624 1487 βάραθρον.

377 1675 457 1728 H'.
493 1677 763 1773 τοιούτοις
781 1678 932 1752 οἴμαι
968 1689 1062 1740 καὶ
1091 1691 1120 1741 ό
1151 1690 1326 1759 μέγας
1365 1694 1423 1747 ιν
1446 1695 1694 1773 θεολογίᾳ
1719 1701 1862 1773 Γρη-

302 1766 486 1833 γόρεος
512 1771 736 1836 ἀνδράσι
767 1778 1096 1847 περιτυχὼν,
1131 1783 1274 1852 έντῇ
1326 1785 1433 1840 τῶν
1470 1766 1864 1864 Πνευμάτομά-

298 1877 409 1926 xor:
446 1865 830 1930 περιπεσοῦσιν
867 1870 1095 1937 αἱρέσει,
1139 1873 1434 1932 «Τοσοῦτον
1460 1883 1634 1952 ὑμῶν,
1656 1903 1676 1938 ι
1704 1891 1856 1960 φησὶ,

305 1968 324 1999 ι
361 1954 694 2048 περιέχομαι
741 1963 832 2014 καὶ
860 1963 1114 2018 τοσοῦτον
1143 1967 1295 2034 ὑμῶν
1343 1971 1598 2044 αἰδοῦμαι
1651 1954 1861 2048 τὴνεῦέ

299 2059 506 2140 κοσμον
534 2047 738 2140 ταύτην
774 2052 970 2124 στολὴν
1005 2058 1098 2109 καὶ
1149 2060 1211 2112 τὸ
1265 2062 1464 2133 χρῶμα
1519 2067 1618 2137 τῆς
1656 2047 1861 2140 ἐγκρι-

296 2136 450 2198 τείας
476 2139 569 2190 καὶ
600 2140 668 2192 τὰ
693 2143 810 2212 ίερὰ
842 2147 1016 2201 ταῦτα
1044 2153 1361 2221 συστήματα.
1404 2159 1498 2209 καὶ
1534 2136 1632 2230 τήν
1658 2136 1860 2235 σεμνὴν

299 2230 602 2326 παρθενίαν
627 2237 721 2286 καὶ
748 2236 1016 2307 κάθαρσιν
1042 2245 1136 2297 καὶ
1177 2244 1274 2314 τὴν
1311 2248 1579 2320 πάννυχον
1633 2230 1861 2326 ψαλμιρ-

296 2319 420 2416 δίαν
449 2324 633 2378 καὶτὸ
668 2327 1009 2400 φιλότιτωχον
1037 2337 1132 2386 καὶ
1185 2319 1515 2408 φιλάδελφον
1550 2319 1658 2398 καὶ-
1705 2319 1860 2416 φιλό-

298 2409 474 2475 ξενον,
521 2413 660 2468 ὥστε
704 2420 800 2472 καὶ
852 2422 1099 2493 ἀνάθεμα
1136 2421 1275 2481 εἶναι
1327 2431 1434 2484 ἀπὸ
1489 2409 1729 2504 Χριστοῦ
1765 2441 1860 2493 καὶ

297 2502 494 2600 παθεῖν
519 2522 572 2600 τι
598 2508 674 2570 ὠς
704 2511 1036 2582 κατάκριτος
1061 2517 1286 2586 δέχομαι
1307 2535 1322 2550 ⁸
1358 2523 1516 2589 μόνον
1542 2502 1597 2577 εί
1635 2528 1857 2600 σταίητε

299 2595 755 2690 μεθ⁹ήμῶνςκαὶ
787 2608 936 2690 κοινῇ
971 2608 1072 2675 τὴν
1103 2610 1306 2679 Τριάδα
1348 2613 1692 2685 δοξάσαιμεν.
1725 2595 1860 2690 Περὶ

292 2681 409 2749 γὰρ
433 2683 543 2736 τῶν
570 2685 745 2740 ἄλλων
767 2688 821 2740 τί
859 2691 961 2760 χρὴ
995 2695 1086 2745 καὶ
1123 2694 1325 2762 λέγειν,
1376 2681 1583 2767 σιιφῶς⁷
1609 2681 1862 2772 τεθνηκό-

293 2789 441 2838 των;
468 2772 562 2836 οὓς
585 2776 823 2846 Χριστοῦ
851 2781 1013 2850 μόνου
1050 2785 1281 2852 ἐγεῖραι,
1319 2787 1414 2840 τοῦ
1468 2789 1859 2857 ζωοποιοῦντος

294 2867 427 2928 τοὺς
457 2873 682 2939 νεκροὺς
708 2874 852 2925 κατὰ
879 2873 976 2941 τὴν
1018 2876 1217 2929 ἑαυτοῦ
1278 2879 1538 2948 δύναμιν·
1569 2883 1619 2936 οῖ
1673 2885 1858 2948 κακῶς

295 2956 376 3025 τῷ
406 2958 557 3029 τόπῳ
603 2961 950 3032 χωρίζονται,
1008 2967 1083 3035 τῷ
1137 2968 1280 3036 λόγῳ
1329 2970 1720 3040 συνδεδεμένοι,
1764 2977 1858 3028 καὶ

293 3049 550 3104 τοσοῦτον
581 3053 716 3121 πρὸς
749 3055 1011 3125 ἀλλήλους
1044 3057 1466 3130 ζυγομαχοῦσιν,
1514 3064 1638 3116 ὅσον
1662 3066 1861 3132 ὀφθαλ-

1968 607 2205 675 repellit.
2271 609 2493 679 Ingenio
2535 612 2739 682 quippe
2775 622 2832 666 et
2884 613 3106 667 dicendi
3138 610 3294 682 capia
3327 615 3410 665 vir
3436 614 3527 666 ille

1960 701 2069 770 jam
2099 702 2226 758 inde
2277 705 2345 759 ab
2411 706 2569 760 initio
2629 706 2892 771 conlisus,
2924 721 2990 761 eo
3024 714 3282 774 tanquam
3323 704 3528 759 diluvio

1963 791 2156 847 obvios
2173 809 2420 864 quosque
2448 805 2714 866 perpetuo
2737 797 3061 852 inundabat.
3086 796 3252 850 etiam
3278 797 3527 864 capiendi

1964 880 2072 937 cibi
2112 883 2423 942 immemor.
2450 887 2717 944 Omnibus
2749 889 2932 958 itaque
2957 889 3219 943 doctrinae
3250 889 3529 941 amoribus

1961 973 2072 1031 hoc
2103 976 2212 1030 line
2245 979 2700 1050 circumscriptis,
2730 997 2855 1038 cum
2897 997 3066 1036 unum
3111 981 3216 1035 hoc
3242 983 3374 1037 satis
3405 998 3527 1035 esse

1964 1068 2324 1125 arbitraretur
2357 1071 2425 1125 ad
2483 1072 2845 1142 colligendam
2894 1073 2996 1127 sibi
3025 1072 3245 1127 laudum
3279 1073 3526 1125 omnium

1964 1172 2196 1215 messem
2250 1177 2495 1227 auream,
2550 1162 2835 1218 minimum
2893 1165 3106 1218 curavit
3156 1166 3302 1219 illam
3333 1165 3527 1232 lingua:

1967 1251 2369 1309 volubilitatem
2408 1255 2769 1310 scientiarum
2828 1263 2884 1309 et
2905 1271 3186 1310 sacrorum
3212 1256 3524 1324 dogmatnm

1965 1356 2070 1396 usu
2096 1358 2320 1400 ornare.
2353 1346 2568 1416 Alioqui
2604 1346 2754 1401 nullo
2790 1356 3035 1416 tempore
3059 1347 3198 1400 male
3237 1348 3286 1401 ei
3327 1346 3522 1399 cessis-

1963 1441 2076 1487 set:
2113 1434 2206 1488 sed
2247 1445 2304 1488 et
2345 1435 2638 1490 verborum
2683 1436 3097 1499 abundantiam,
3137 1451 3256 1505 qua:
3287 1439 3526 1505 plerum-

1963 1538 2070 1592 que
2101 1534 2310 1594 peccat,
2356 1540 2570 1592 semper
2602 1527 2905 1597 etl'ugisset.
2943 1543 3042 1582 nec
3095 1528 3150 1581 in
3207 1527 3520 1581 barathrum

1966 1614 2268 1684 impietatis
2298 1617 2511 1688 1027
2540 1633 2786 1689 praeceps
2811 1636 2959 1673 nunc
2992 1621 3312 1674 corruisset.

2035 1704 2170 1761 VIII.
2202 1707 2360 1785 Tales
2396 1709 2562 1764 credo
2615 1726 2844 1780 magnus
2893 1712 2983 1767 ille
3009 1713 3290 1782 theologus
3317 1711 3523 1781 Grego-

1966 1796 2082 1851 rius
2119 1798 2369 1854 homines
2397 1811 2610 1866 naetus,
2651 1802 2709 1855 in
2733 1803 3352 1858 Pneumatomachornm
3415 1808 3524 1858 Ine-

1966 1889 2110 1944 resin
2163 1891 2470 1961 prolapsos,
2534 1908 2554 1944 ι
2618 1893 2769 1949 Adeo
2831 1895 3053 1966 (inquit)
3084 1910 3179 1950 vos
3223 1896 3523 1964 amplector

1960 1989 2122 2050 atque
2155 1984 2466 2049 exosculor,
2488 1984 2627 2040 adeo
2659 1985 2986 2041 concinnam
3013 1986 3155 2041 bane
3180 1997 3417 2041 vestram
3466 1995 3523 2039 et

1959 2073 2321 2142 compositam
2376 2089 2582 2130 vestem
2639 2091 2918 2143 revereor,
2951 2088 3007 2133 et
3058 2087 3399 2133 contractum
3453 2093 3522 2131 ex

1959 2163 2296 2217 continentia
2326 2165 2587 2232 colorem,
2609 2167 2666 2221 et
2687 2183 2874 2222 saeros
2898 2169 2998 2223 hos
3043 2179 3240 2235 cattus,
3268 2178 3325 2224 et
3357 2185 3522 2223 vene-

1959 2253 2186 2310 randam
2247 2256 2617 2325 virginitatem
2676 2273 2740 2313 ac
2795 2259 3515 2330 purgationem,etnoctes,

1957 2360 2092 2413 quas
2118 2347 2170 2398 in
2198 2347 2529 2415 psalmorum
2582 2350 2836 2404 cantione
2894 2351 3514 2420 insomnestransigitis,

1958 2442 2010 2488 et
2050 2450 2383 2504 propensum
2441 2437 2499 2492 in
2548 2454 2820 2508 pauperes
2869 2449 2924 2495 et
2954 2438 3153 2494 fratres
3184 2450 3239 2494 et
3271 2440 3518 2510 hospites

1959 2526 2198 2581 studium
2259 2539 2422 2598 atque
2491 2544 2758 2594 amorem,
2818 2539 2879 2584 ut
2931 2532 3222 2585 anathema
3280 2534 3445 2586 etiam
3486 2548 3517 2586 a

1957 2615 2177 2671 Christo
2237 2633 2381 2684 esse,
2421 2634 2487 2674 ac
2543 2620 2814 2685 nonnihil,
2848 2630 2908 2675 ut
2955 2623 3269 2685 damnatus,
3303 2624 3517 2692 perpeti

1959 2723 2068 2760 non
2103 2724 2354 2764 recusem
2386 2729 2400 2766 :
2428 2713 2592 2766 modo
2625 2712 2915 2768 nobiscum
2950 2715 3344 2784 adjungamini,
3367 2730 3518 2768 com-

1961 2800 2327 2869 munibusque
2391 2803 2590 2857 animis
2619 2802 2942 2858 Trinitatem
2991 2805 3352 2859 celebremus.
3382 2804 3517 2858 Nam

1958 2887 2088 2956 quid
2118 2888 2186 2942 de
2217 2890 2338 2943 aliis
2389 2890 2590 2956 dicam,
2625 2892 2914 2961 perspicue
2966 2894 3196 2948 mortuis
3259 2895 3420 2963 (quos
3450 2894 3518 2947 ad

1957 2980 2122 3032 vitam
2158 2997 2416 3037 revocare
2442 2982 2644 3038 Christi
2678 2984 2851 3039 solius
2875 2995 2981 3048 est,
3012 2987 3106 3054 qui
3141 3000 3238 3038 sua
3272 2986 3519 3054 putentia

1959 3081 2207 3126 mortuos
2265 3074 2550 3144 viviﬁcat),
2591 3077 2686 3146 qui
2736 3076 2857 3130 Ioco
2887 3077 3028 3130 male
3077 3087 3238 3146 atque
3272 3075 3522 3146 improbe

299 3143 394 3209 μοὶ
437 3143 750 3215 διάστροφοι
798 3149 858 3202 τὸ
905 3150 963 3202 ἓν
998 3151 1304 3220 βλέποντες,
1357 3157 1448 3208 καὶ
1505 3157 1567 3209 οὐ
1620 3161 1686 3228 τῇ
1719 3161 1859 3228 δψει,
1888 3171 1973 3228 οι

1844 3201 1859 3226 ,
1888 3171 1930 3228 c
1963 3166 2369 3230 distrahuntur,
2397 3184 2522 3223 cum
2548 3169 2810 3224 doctrina:
2830 3171 3051 3225 vinculo
3082 3170 3361 3226 constricti
3387 3170 3518 3234 sint,

292 3235 364 3299 τῇ
391 3233 541 3287 θέσει
563 3237 620 3288 δὲ
644 3240 1027 3306 στασιάζοντες
1048 3259 1061 3271 ⁸
1088 3245 1140 3296 εῖ
1167 3261 1230 3310 γε
1281 3248 1376 3300 καὶ
1403 3249 1733 3321 διαστροφὴν
1755 3253 1856 3305 αὑ·-

291 3329 410 3390 τοῖς
445 3330 757 3402 ὲγκλητέον,
787 3336 924 3389 ἀλλὰ
947 3337 1022 3407 μὴ
1048 3338 1339 3408 τύφλωσιν.
1375 3359 1394 3392 ι

1964 3265 2286 3327 tantumque
2335 3261 2476 3316 inter
2523 3262 2967 3329 secontendunt,
2998 3274 3261 3332 quantum
3307 3260 3520 3316 distorti

1964 3351 2129 3415 oculi,
2193 3367 2354 3405 unam
2407 3353 2764 3423 eamdemque
2818 3369 2930 3408 rem
2977 3363 3285 3417 cernentes,
3310 3367 3374 3406 ac
3412 3367 3524 3406 non

292 3421 501 3485 obtitu,
534 3425 629 3479 sed
684 3426 794 3482 situ
848 3427 1107 3485 duntaxat
1143 3433 1289 3487 inter
1312 3447 1372 3489 se
1409 3432 1773 3506 dissidentes;
1808 3438 1853 3494 si
1893 3450 2074 3498 tamen
2133 3444 2240 3501 illis
2270 3444 2546 3509 distortio
2575 3458 2632 3504 et
2670 3421 3026 3519 perversitas,
3056 3463 3165 3504 non
3210 3458 3394 3505 autem
3425 3463 3525 3504 cae-

292 3514 436 3568 citas
466 3515 770 3584 objicienda
805 3528 908 3573 est.
964 3539 982 3571 ι

368 3610 453 3682 [Ρ.
484 3611 608 3683 646]
649 3612 729 3667 Θ’.
756 3613 900 3682 Ἐγὼ
934 3615 990 3668 δὲ
1019 3617 1116 3670 καὶ
1144 3617 1324 3673 ταῦτα
1351 3620 1534 3684 καλῶς
1561 3638 1621 3675 τε
1649 3625 1737 3676 καῖ
1769 3625 1858 3676 εὖ-

294 3703 450 3770 φυῶς
473 3705 606 3773 πρὸς
627 3705 726 3775 τήν
753 3705 1031 3776 παροῦσαν
1050 3709 1320 3779 εὑρίσκων
1343 3712 1599 3764 ὑπόθεσιν
1625 3714 1862 3784 άρμοζὸ.

297 3812 440 3864 μενα
469 3797 562 3848 καὶ
597 3798 758 3850 πλέον
783 3799 890 3867 ἔχω
919 3816 974 3851 τι
997 3800 1176 3867 λέγειν
1200 3803 1384 3865 αὐτός.
1440 3804 1732 3874 Ἀνῄρηται
1752 3807 1860 3877 γάρ

293 3888 492 3958 ἀγάπη
520 3891 671 3942 πᾶσα
705 3892 797 3942 καὶ
839 3893 1162 3960 παραμυθία
1188 3894 1281 3947 καὶ
1307 3894 1460 3961 λόγος
1488 3895 1655 3963 φίλων
1677 3898 1858 3967 παρή-

293 3998 480 4051 γορος.
509 3981 762 4051 οὑδαμοῦ
791 3983 1096 4054 σπλάγχνον
1123 3987 1412 4054 ἀδελφικὸν
1457 3989 1593 4056 (55),
1625 3990 1860 4059 οὐδαμοῦ

292 4073 534 4141 δάκρυον
566 4077 870 4142 συμπαθές.
907 4077 1073 4129 Ὅθεν
1130 4080 1226 4132 καὶ
1256 4077 1607 4151 ἀνεμνήσθην
1638 4082 1861 4135 ἐκείνων

293 4164 394 4217 τοῦ
423 4165 764 4233 Σολομῦντος
793 4183 806 4198 ·
832 4168 1137 4238 ’Δπέσλεψα
1166 4170 1296 4238 γὰρ,
1329 4173 1530 4235 ἐκεῖνός
1561 4191 1713 4242 φησι,
1769 4177 1860 4227 καὶ

294 4254 441 4311 εἶδον
467 4258 572 4310 ὑπὸ
597 4257 690 4310 τὸν
711 4259 886 4328 ἥλιον,
926 4259 1009 4311 ὅτι
1039 4261 1100 4312 οὐ
1133 4262 1246 4324 τοῖς
1301 4261 1526 4330 κούφοις
1582 4266 1610 4316 ὁ
1637 4264 1859 4333 δρόμος,

293 4351 419 4404 οὐδὲ
448 4353 560 4413 τοῖς
599 4351 851 4415 δυνατοῖς
878 4352 907 4405 ό
937 4353 1174 4421 πόλεμος
1204 4371 1219 4386 ο
1248 4355 1341 4406 καί
1367 4372 1430 4423 γε
1459 4356 1520 4408 οὐ
1549 4359 1661 4419 τοῖς
1679 4361 1862 4422 σοφοῖς

294 4444 331 4512 ή
362 4442 659 4512 φρόνησις*
681 4443 777 4496 καί
801 4459 868 4509 γε
905 4443 967 4496 οὐ
996 4445 1108 4505 τοῖς
1151 4442 1323 4511 φίλοις
1352 4446 1412 4498 τὸ
1445 4443 1634 4499 εὔελπι
1659 4463 1670 4475 ·
1725 4447 1862 4500 ἀλλὰ

295 4531 493 4600 καιρὸς
545 4531 638 4584 καὶ
686 4532 986 4600 ἁπάντημα
1041 4532 1385 4600 συμϐήσεται
1460 4535 1627 4587 πᾶσιν
1677 4537 1859 4597 α’)τοῖς

293 4623 704 4691 ἀπροσδόκητον
733 4622 800 4674 ἐκ
832 4621 991 4687 Θεοῦ,
1056 4624 1238 4676 πᾶσαν
1288 4624 1615 4695 ὐπερϐαῖνον
1668 4627 1858 4694 σοφίαν

292 4712 394 4765 καὶ
419 4711 654 4783 δύναμιν
702 4713 1073 4783 ἀνθρωπίνην,
1107 4713 1200 4766 καὶ
1231 4715 1412 4768 πάντα
1467 4716 1729 4782 φαυλίζον
1759 4718 1857 4768 άν-

292 4802 568 4870 θρώπινον
595 4803 758 4870 δγκον
794 4805 888 4856 καὶ
921 4803 1131 4872 .τῦφον.
1184 4805 1275 4858 Διὸ
1305 4806 1398 4858 καὶ
1457 4808 1615 4875 σιγᾷν
1668 4806 1858 4875 ἔκρινα

291 4895 428 4958 δεῖν,
465 4895 712 4947 καὶτῶν
757 4893 850 4947 τοῦ
910 4895 1025 4962 βίου
1082 4896 1351 4963 παιγνίων
1401 4896 1703 4965 θαυμάζειν
1760 4898 1860 4958 τὰς

293 4985 698 5054 άγχιστρόφους
749 4985 1076 5054 μεταϐολὰς,
1116 4988 1210 5038 καὶ
1262 4986 1466 5055 μηδένα
1503 4987 1609 5056 πρὸ
1669 4987 1857 5039 τελευ-

291 5075 395 5142 τῆς
455 5073 808 5142 μακαρίζειν.
871 5074 975 5129 Καὶ
1005 5078 1032 5126 ὁ
1072 5077 1170 5144 μὲν
1218 5078 1441 5146 Δαρεῖος
1499 5077 1704 5139 ἐκεῖνος
1751 5078 1854 5130 ὑπὸ

291 5164 520 5233 πληγῶν
572 5169 664 5218 καὶ
727 5169 1060 5237 τραυμάτων
1131 5168 1435 5221 ἐπιϐούλων
1485 5170 1565 5230 είς
1626 5168 1856 5222 θάνατον

287 5257 668 5327 ἐλαυνόμενος,
727 5258 915 5326 ἐπειδὴ
985 5257 1218 5328 διψήσας
1273 5257 1473 5328 ᾔτησεν
1539 5258 1701 5326 ὕδωρ,
1763 5261 1857 5312 καὶ

287 5346 479 5416 παρῆν
501 5348 676 5411 οὐδεὶς
714 5349 773 5400 έν
805 5350 998 5419 ἐρήμῳ
1046 5350 1142 5402 καὶ
1178 5351 1366 5419 ἀϐάτῳ
1400 5351 1719 5421 διωλομένῳ
1761 5355 1856 5421 γῇ,

371 5487 387 5518 ³
427 5489 609 5545 Eccle.
651 5505 726 5556 Ix,
771 5492 854 5546 II.

2037 3625 2128 3680 IX.
2165 3625 2278 3697 Ego
2326 3643 2478 3695 vero,
2540 3630 2645 3686 etsi
2687 3629 2800 3684 haec
2824 3630 2891 3684 ad
2935 3646 3177 3697 praesens
3212 3631 3522 3686 institutum

1963 3721 2188 3788 pulchre
2231 3729 2287 3775 et
2331 3730 2455 3790 apte
2486 3722 2894 3776 accommodata
2926 3723 3160 3792 reperio,
3194 3733 3372 3778 tamen
3407 3725 3524 3794 ipse

1963 3813 2081 3873 plus
2117 3813 2258 3867 dico.
2285 3813 2511 3868 Sublata
2540 3815 2750 3869 scilicet
2769 3817 2948 3870 omnis
2970 3817 3209 3871 t-ltaritas
3235 3827 3291 3872 et
3321 3829 3522 3872 conso-

1961 3903 2110 3966 latio,
2147 3913 2202 3957 ct
2227 3905 2526 3959 amicorum
2554 3906 2750 3960 blanda
2806 3907 3086 3960 allocutio.
3112 3907 3389 3977 Nusquam
3416 3910 3524 3962 fra-

1961 4004 2115 4048 terna
2166 3996 2376 4049 viscera
2433 4013 2447 4048 :
2496 4012 2762 4066 nusquam
2827 3997 3078 4068 lacrymte
3146 3999 3521 4053 condolentes.

1962 4087 2113 4142 Unde
2136 4097 2192 4140 et
2226 4087 2316 4140 illa
2355 4089 2664 4142 Salomonis
2718 4091 3043 4145 recordatus
3090 4105 3210 4144 sum
3247 4091 3521 4161 :ReSpexi

1959 4179 2105 4232 enim
2139 4178 2339 4248 (inquit
2394 4179 2504 4247 ille)
2564 4189 2619 4233 et
2650 4179 2759 4234 vidi
2810 4181 2912 4234 sub
2957 4181 3092 4243 sole,
3124 4181 3382 4250 quoniam
3414 4197 3521 4236 non

1956 4279 2040 4324 est
2070 4272 2346 4326 velocibus
2369 4288 2583 4337 cursus,
2633 4287 2734 4327 nec
2785 4273 3098 4342 potentibus
3123 4274 3394 4342 praelium.
3421 4291 3523 4331 nec

1957 4361 2177 4430 quidem
2226 4363 2567 4432 sapientibus
2605 4364 2920 4432 prudentia,
2950 4379 3052 4417 nec
3078 4365 3298 4432 quidem
3332 4367 3523 4418 amicis

1961 4451 2174 4520 1028
2202 4467 2328 4520 spes
2356 4453 2494 4507 bona
2521 4470 2535 4519 ;
2591 4453 2686 4507 sed
2744 4463 2957 4524 tempus
2979 4463 3036 4508 et
3064 4464 3298 4508 eventus
3325 4469 3522 4509 occur.

1961 4554 2044 4597 ret
2070 4543 2327 4596 omnibus
2348 4543 2454 4597 illis
2484 4543 2797 4612 inopinatus
2837 4558 2866 4597 a
2913 4539 3045 4608 Deo,
3071 4560 3287 4598 omnem
3328 4560 3522 4613 super-

1959 4631 2208 4700 grediens
2240 4631 2561 4700 sapientiam
2586 4641 2639 4685 et
2671 4632 2930 4685 virtutem
2964 4631 3277 4697 humanam,
3303 4648 3520 4686 omnem

1954 4721 2269 4790 deprimens
2305 4725 2601 4776 humanum
2639 4732 2905 4777 tumorem
2962 4732 3018 4776 et
3072 4723 3293 4777 fastum.
3315 4724 3523 4789 Quam-

1953 4810 2140 4864 obrem
2167 4817 2222 4864 et
2251 4811 2434 4875 silere,
2460 4823 2516 4866 et
2543 4826 2734 4865 eorum
2766 4812 2858 4878 qui
2885 4813 3050 4865 vitam
3095 4813 3234 4866 hanc
3266 4822 3522 4867 exercent

1956 4897 2209 4950 ludorum
2239 4898 2459 4952 crebras
2483 4900 2888 4955 vicissitudines
2919 4901 3130 4964 mirari,
3155 4913 3214 4956 et
3244 4903 3518 4956 neminem

1957 4999 2083 5043 ante
2139 4990 2353 5044 obitum
2404 4991 2513 5046 dici
2555 4991 2768 5046 felicem
2815 5003 3073 5061 oportere
3094 4992 3337 5064 iudicavi
3374 4995 3413 5047 ί.
3447 4997 3521 5049 Ac

1956 5081 2151 5135 Darius
2174 5082 2394 5150 quidem
2445 5083 2556 5145 ille,
2585 5084 2760 5155 plagis
2810 5094 2865 5138 et
2902 5085 3218 5138 vulneribus
3271 5087 3524 5153 perinsi‘

1961 5172 2080 5226 dias
2109 5176 2370 5242 acceptis,
2400 5176 2644 5245 adeoque
2675 5185 2848 5230 morte
2892 5177 3147 5237 instante,
3175 5191 3299 5230 cum
3323 5193 3521 5244 aquam

1961 5261 2154 5315 sitiens
2214 5264 2483 5332 petiisset,
2544 5275 2600 5318 et
2647 5266 2697 5319 ei
2757 5281 2853 5335 per
2899 5265 3116 5320 deserta
3141 5275 3196 5319 et
3231 5267 3372 5319 invia
3407 5268 3522 5318 lora

1963 5353 2192 5423 fugienti
2229 5371 2390 5411 nemo
2424 5356 2663 5422 adesset,
2696 5373 2806 5413 uno
2841 5368 3092 5428 excepto,
3117 5373 3291 5429 eoque
3325 5358 3524 5412 intima:

1607 5612 1941 5678 Variorum
1990 5625 2177 5678 notae.

293 5728 481 5855 B0652)
519 5727 788 5800 Gregoras
837 5747 997 5787 suum
1035 5731 1206 5802 ipsius
1239 5732 1428 5790 vitium
1463 5737 1619 5794 alteri
1649 5739 1858 5810 objicit.

379 5815 504 5854 IVIN.

379 5815 504 5854 IVIN.

2043 5741 2155 5809 (35)
2186 5740 2277 5795 Sic
2301 5756 2469 5821 snpra
2500 5744 2555 5798 in
2584 5743 2859 5816 excerptis
2890 5762 2956 5801 ex
2982 5746 3041 5803 Ι).
3077 5747 3277 5802 Basilio
3303 5748 3370 5805 de
3403 5751 3526 5821 Spi—

1973 5811 2076 5864 ritu
2107 5821 2313 5867 sancto.
2355 5813 2558 5868 Ilomx.
