4240 6460
230 400 369 467 1305
614 398 687 465 [ι.
731 410 782 450 c.
826 396 983 467 1551]

1224 402 1664 462 BYZANTlN/E
1704 401 2085 463 BISI‘UllIt‘E
2124 407 2270 465 LIB.
2315 405 2449 465 XXI

2559 398 2688 470 ὶιιιιι.
2730 415 2770 452 ι.
2811 413 3105 453 ελκτλειςε.
3148 397 3200 469 δι

3325 404 3465 471 1306

226 507 379 583 εἶχεν
410 511 569 581 ἡμῶν
603 513 822 583 καὶτῆς
851 513 1131 576 εὐσεϐείας
1153 530 1165 543 ·
1199 516 1263 583 τῇ
1306 514 1352 568 δ’
1387 514 1616 585 ἀληθείᾳ
1648 512 1787 581 γνώ-
1816 515 1862 573 Α

1890 532 1997 583 que
2037 516 2304 571 doctrina:
2342 535 2355 572 :
2393 517 2571 585 reipsa
2620 526 2800 570 autem
2854 516 3031 569 inerat
3078 517 3297 583 scriptis
3355 517 3462 571 illis

229 623 339 675 μης
370 605 594 658 ἐκείνων
633 602 777 674 εῖχεν
810 606 994 659 είκόνα
1027 608 1121 659 καὶ
1173 607 1376 676 στήλην
1404 608 1663 669 ἀσεδείας
1719 606 1788 657 τά

223 696 553 765 γράμματα.
583 698 753 750 ’Ἐπεὶ
780 699 888 768 γάρ
917 699 966 751 oi
1000 698 1150 765 λόγοι
1187 698 1284 751 νῦν
1316 699 1414 767 μὲν
1443 699 1651 761 εἰκόνες
1678 699 1787 750 εἰσὶ

224 787 336 838 τῶν
363 788 729 856 πραγμάτων,
761 788 852 841 ὅτε
905 790 1011 858 πρὸ
1044 789 1152 841 τῶν
1187 788 1438 857 πράξεων
1467 792 1525 841 ιν
1556 791 1664 851 τοῖς
1692 790 1791 856 τῆς

223 876 463 937 διανοίας
514 877 595 930 ἔτι
655 878 923 947 θαλάμοις
977 880 1366 948 γυμνάζονται,
1404 882 1498 935 καὶ
1547 880 1616 933 τά
1662 881 1789 947 τέλη

226 970 612 1039 ζωγραφοῦσιν
637 972 751 1023 ἐκεῖ
784 988 904 1034 πως
934 972 1114 1023 αὐτῶν
1138 988 1152 1002 ·
1184 972 1279 1023 νῦν
1301 971 1346 1024 δ’
1375 972 1563 1036 ἕτερον
1593 970 1791 1037 τρόπον

224 1063 324 1113 καὶ
354 1064 560 1125 είκόνες
611 1064 964 1117 καθίστανται
992 1066 1089 1133 τῆς
1113 1063 1313 1133 ψυχῆς,
1347 1065 1434 1116 ὅτε
1498 1075 1637 1133 μετα
1695 1065 1792 1130 τὴν

227 1153 381 1205 ἔνδον
434 1154 719 1223 διάσκεψιν
774 1156 911 1226 ἔργα
966 1158 1208 1224 γίνονται
1259 1157 1355 1208 καὶ
1398 1156 1572 1217 αὐτοὶ,
1617 1156 1792 1224 ψυχῆς

228 1246 504 1311 ἀπόζοντα
532 1248 607 1310 ὡς
647 1249 843 1312 εἰπεῖν,
872 1248 966 1301 καὶ
995 1251 1141 1311 ὅπως
1173 1249 1340 1315 ἕξεως
1374 1249 1487 1317 ἔχει
1524 1250 1619 1302 καὶ
1648 1248 1793 1315 γνὼ-

231 1356 344 1408 μης
374 1339 514 1407 αὑτὴ
546 1341 659 1403 τοῖς
690 1340 795 1405 ἔξω
836 1339 1203 1394 διατυποῦντα
1225 1356 1241 1373 ο
1273 1342 1373 1403 τὰς
1402 1342 1500 1407 τῆς
1528 1340 1674 1393 ἔνδον
1692 1356 1794 1393 κα-

228 1430 474 1497 κοδοξίας
496 1449 554 1484 τε
584 1435 679 1485 καὶ
708 1432 1003 1502 θηριωδίας
1032 1434 1249 1496 εἰκόνας
1278 1436 1391 1495 τοῖς
1445 1433 1549 1499 ἔξω
1609 1432 1795 1485 λοιπὸν

225 1524 324 1575 καὶ
379 1524 505 1576 τάδε
580 1524 857 1593 πομπεύει
916 1525 984 1577 τὰ
1041 1525 1363 1593 γράμματα,
1419 1524 1797 1594 μεσημϐρινῆς

226 1615 453 1677 ἀκτῖνος
499 1616 967 1685 περιφανέστερον
999 1614 1061 1667 τὸ
1104 1615 1377 1684 βδέλυγμα
1424 1614 1528 1684 τῆς
1559 1616 1800 1683 ἐσχάτης

230 1704 501 1773 ὑπάρχειν
544 1702 878 1773 ἐρημώσεως
936 1704 1261 1774 αὐτόχρημα
1298 1705 1433 1775 (57).
1498 1704 1656 1757 Ἀλλὰ
1702 1704 1797 1757 τοῦ

230 1810 299 1861 γε
346 1794 633 1863 θεομισοῦς
686 1794 1041 1877 ἀναθήματος
1098 1795 1310 1847 ἐκείνου
1368 1797 1433 1865 τῇ
1493 1796 1613 1865 ἱερᾷ
1665 1810 1797 1864 τρα-

228 1847 373 1951 πέζῃ
408 1847 1039 1957 ιὲτιτεοέντος’[ιιίό.ιε]’
1084 1887 1112 1956 ιι
1144 1884 1267 1939 θεία
1320 1847 1433 1955 μισ
1478 1847 1797 1956 οιῖἥψὲιτο
1829 1847 1873 1903 ⁸

226 1977 435 2047 ψῆφος,
462 1977 624 2041 εὐθὺς
650 1977 751 2048 τὴν
804 1979 1069 2047 ἀνάλογον
1120 1979 1457 2049 ἐπιφέρουσα
1509 1982 1577 2051 τῇ
1627 1981 1797 2051 τόλμῃ

227 2069 474 2125 κόλασιν.

302 2164 376 2216 l".
432 2164 573 2217 Ἀλλ’
607 2164 656 2217 οί
696 2162 884 2231 κύκλῳ
930 2165 1352 2234 περιιστάμενοι
1395 2166 1533 2226 τέως
1571 2164 1797 2216 inlexe—

228 2271 325 2307 ποι
356 2256 451 2308 καὶ
502 2255 868 2325 πρεσϐύτεροι
926 2257 1130 2317 πάντες
1180 2255 1437 2326 ἐϐόησαν,
1468 2256 1565 2325 οὐχ
1622 2256 1800 2325 ἥνπερ

230 2348 402 2418 ἐχρῆν
456 2348 807 2420 ἐπιτίμησιν
844 2348 929 2402 ὅτι
979 2348 1123 2410 Πῶς,
1192 2348 1467 2418 ἄνθρωπε,
1523 2347 1600 2417 τῷ
1656 2348 1800 2416 μόνῳ

227 2442 453 2493 πάντων
489 2442 688 2509 ποιητῇ
723 2440 845 2511 Θεῷ
876 2440 1150 2510 θεοτήτων
1180 2440 1501 2505 ἐπενεγκεῖν
1522 2439 1798 2507 διαφόρων

228 2531 572 2599 τετόλμηκας
596 2531 823 2599 πλῆθος,
848 2533 943 2584 καὶ
968 2533 1175 2602 ἥκιστα
1218 2533 1399 2593 δέδιας
1423 2531 1569 2585 κατὰ
1597 2531 1797 2584 σαυτοῦ

227 2641 293 2677 τε
333 2625 428 2677 καὶ¹
449 2623 603 2691 ἡμῶν
633 2624 729 2677 καὶ
766 2623 1056 2695 Ῥωμαίων
1105 2625 1363 2679 ἁπάντων
1414 2625 1799 2695 προκαλούμε-

232 2734 326 2779 νος
356 2717 457 2786 την
509 2716 721 2785 ἄμαχον
758 2716 973 2785 ἑκείνην
1058 2721 1336 2791 ῥομφαίαν
1391 2720 1486 2771 καλ⁵
1536 2720 1661 2781 τοὺς
1692 2720 1801 2771 τῶν

232 2808 425 2860 κακῶν
484 2809 781 2870 παιδευτὰς
830 2807 1111 2877 αίθερίους
1190 2809 1526 2879 κεραυνούς;
1586 2809 1801 2862 Τούτων

234 2900 339 2968 μὲν
366 2895 460 2952 οῦν
496 2899 650 2952 οὐδὲν
689 2900 797 2953 τῶν
842 2900 1095 2952 ἀπάντων
1122 2899 1236 2952 οὔτ’
1288 2894 1463 2963 εἷπον,
1500 2898 1616 2951 οὗθ’
1666 2895 1800 2972 ἧκεν

234 2992 423 3052 αὐτοῖς
442 2990 593 3043 οὐδὲν
616 2991 709 3043 ἐπὶ
738 2989 880 3052 νοῦν,
907 2990 942 3043 ἀ
970 2992 1063 3043 καὶ
1103 2990 1204 3057 τῆς
1249 2990 1505 3054 ἀληθείας
1534 2991 1801 3060 ὲγγύτερα

231 3080 307 3154 ἦν
337 3100 352 3113 ⁸
384 3082 523 3136 ἀλλᾶ
578 3084 814 3144 κόλακας
851 3082 1075 3136 ἕκαστοι
1122 3081 1312 3148 λόγους
1362 3084 1804 3151 προμελετῆσαν-

233 3192 328 3238 τες
354 3173 710 3243 ὑπισχνοῦντο
759 3174 853 3226 καὶ
887 3171 1221 3243 προῦφερον,
1249 3172 1285 3225 ἀ
1325 3172 1483 3240 φύσις
1520 3172 1671 3242 δίκης
1705 3189 1801 3223 πε·
1826 3205 1869 3262 c

237 3268 451 3339 ραίνειν
497 3268 595 3319 οὐκ
621 3262 791 3319 οἶδενσ
843 3266 927 3318 ὅτι
978 3266 1093 3326 τοῖς
1145 3264 1244 3331 μὶν
1300 3264 1470 3316 πάλαι
1518 3263 1799 3331 βασιλεῦσι

234 3361 416 3413 κοινόν
448 3377 501 3411 τι
525 3361 618 3413 καὶ
655 3359 883 3426 πάτριον
909 3357 1231 3422 σπούδασμα
1290 3352 1377 3427 ἦν,
1418 3356 1667 3425 κομίζειν
1719 3359 1803 3408 ἐν·

233 3450 414 3504 ταῦθα
455 3451 639 3520 χρυσῴ
661 3451 753 3502 καὶ
788 3448 1013 3517 ἀργύρῳ
1044 3450 1137 3501 καὶ
1164 3448 1333 3509 λίθοις
1364 3449 1683 3516 πολυτίμοις
1709 3466 1802 3500 κε-

235 3542 564 3611 κοσμημένα
596 3540 765 3608 σκεύη
823 3538 920 3591 καὶ
972 3538 1197 3601 ἔπιπλα,
1244 3537 1337 3589 καὶ
1395 3535 1620 3589 τοιαῦτα
1669 3536 1803 3587 ἄττα

234 3634 520 3703 κειμήλια.
554 3633 626 3684 Σὺ
654 3632 708 3683 δὲ
740 3631 1121 3700 προσήνεγκας
1147 3628 1318 3696 δῶρον
1364 3627 1562 3697 ἔπηλυ,
1598 3629 1692 3679 καὶ
1714 3628 1805 3679 οὐ·

232 3728 386 3794 δἐμῆ
422 3724 538 3775 ποτ’
570 3721 837 3792 ἐγχώριον
864 3726 930 3793 τῇ
987 3722 1078 3774 τοῦ
1129 3722 1265 3773 Θεοῦ
1310 3720 1609 3791 Ἐκκλησία
1635 3735 1650 3749 '
1689 3720 1807 3773 ἀλλ’

236 3815 353 3871 οἷον
377 3817 487 3868 τῶν
514 3815 572 3879 ἐξ
602 3816 797 3875 αἰῶνος
828 3815 1123 3882 κεκόμικεν
1178 3812 1355 3874 οὐδεὶς
1386 3813 1597 3865 οὐδέπω
1648 3812 1805 3882 βασι-

236 3911 387 3971 λεύς.
428 3910 536 3962 Καὶ
566 3910 647 3960 σοι
678 3908 995 3975 πλατυσμὸν
1039 3905 1450 3974 ὑπισχνούμεθα
1500 3905 1600 3973 τῆς
1654 3906 1807 3969 ὲξου·

239 4003 361 4061 σίας
390 4001 531 4052 κατά
560 3999 603 4051 τ’
646 3996 917 4067 Εὐρώπην
947 3998 1045 4048 καὶ
1080 3995 1288 4055 Ἀσίαν,
1320 3990 1433 4047 οἷον
1491 3995 1643 4047 οὔπω
1700 3996 1808 4046 τῶν

238 4092 412 4144 πάλαι
447 4088 708 4160 βασιλέων
752 4081 910 4157 εὗρεν
960 4087 1155 4151 οὐδεὶς,
1211 4086 1331 4139 οὐδὲ
1386 4087 1628 4155 μείζονος
1665 4088 1811 4139 ἀντι-

239 4182 742 4251 δόσεωςητετύχηκε
774 4183 911 4249 πρὸς
949 4180 1109 4246 Θεοῦ,
1135 4180 1229 4232 τοῦ
1287 4180 1349 4231 τὸ
1400 4182 1661 4245 ἀνάλογον
1712 4180 1811 4246 τῆς

242 4272 615 4342 προσαγωγῆς
664 4271 1021 4333 ἀντιδιδόντος
1051 4271 1307 4333 κατόπιν,
1356 4271 1451 4322 καὶ⁸
1500 4272 1585 4322 διὰ
1613 4272 1672 4322 τὸ
1716 4271 1812 4339 τῆς

242 4364 561 4424 ἀντιδόσεως
593 4362 859 4431 πρόδηλον
899 4362 1288 4430 ἐμφανίζοντος
1317 4364 1450 4414 πᾶσι
1469 4364 1569 4430 τὴν
1594 4361 1667 4431 μὴ
1687 4380 1813 4430 φαι-

241 4453 477 4521 νομένην
509 4452 769 4522 ποιότητά
819 4470 876 4506 τε
910 4454 1004 4504 καὶ
1062 4452 1293 4521 δύναμιν
1335 4452 1525 4517 αὐτῆς,
1572 4452 1706 4521 πρός
1753 4470 1809 4503 τε

241 4547 303 4596 τὸ
337 4544 609 4615 βέλτιστον
646 4546 740 4596 καὶ
764 4544 834 4596 τὸ
855 4544 1150 4614 χείριστον.

317 4731 397 4781 Δ⁹.
427 4730 494 4780 ’Δ
521 4727 583 4795 δὴ
610 4728 703 4779 καὶ
768 4725 1103 4778 ἀκουσθέντα
1162 4724 1261 4794 μὲν
1303 4724 1642 4790 Βυζαντίοις,
1676 4726 1816 4797 ὑπὲρ

242 4815 319 4871 ὧν
377 4820 474 4888 τὴν
530 4819 836 4888 πρόρρησιν
904 4815 1326 4885 προεθέσπιζον,
1386 4817 1721 4870 ἀκουσθέντα
1758 4818 1814 4870 δὲ

242 4912 383 4980 Θεῷ,
423 4910 559 4980 πρὸς
590 4909 703 4977 ὃνή
749 4906 1085 4977 προσαγωγὴ
1134 4908 1291 4976 καὶὴ
1344 4908 1448 4959 τῶν
1510 4908 1812 4977 μελλόντων

243 5005 426 5074 κρίσις
477 5002 777 5062 ἀνετίθετο,
820 5004 1047 5069 ταχείαν
1114 5001 1325 5068 εἰλήφει
1376 5002 1476 5064 τὴν
1538 5002 1763 5053 ἔκϐασιν

244 5099 343 5164 οὐχ
362 5096 479 5147 οἷαν
497 5094 651 5146 αὐτοὶ
667 5093 924 5163 κατὰιτὴν
942 5093 1209 5163 σφετέραν
1226 5094 1616 5161 προεθέσπιζον
1630 5094 1821 5165 βούλη-

244 5207 334 5239 σιν
361 5227 373 5249 ,
398 5185 646 5239 ἀλλὀἴαν
668 5185 835 5252 αἰτῇς
860 5184 1010 5246 θείας
1023 5184 1176 5251 δίκης
1202 5184 1461 5254 apes.ng
1483 5184 1817 5254 ἐπεψήφιζον

245 5281 604 5343 πλάστιγγες,
676 5278 779 5328 ὑπδ
842 5277 1078 5344 μάρτυσι
1130 5280 1242 5335 τοῖς
1314 5278 1498 5330 εἰδόσι.
1554 5276 1815 5343 Ιὶρκχείαι

251 5378 359 5440 γορ
388 5371 591 5422 ἐκεῖθεν
615 5368 840 5437 ἡμέραι,
872 5366 965 5419 καὶ
987 5369 1119 5435 πυρὶ
1143 5366 1587 5432 κατανηλωκότες
1617 5370 1799 5429 πάσας

1892 608 2070 673 imago
2102 624 2293 662 eorum
2324 608 2512 667 animi.
2549 618 2603 662 et
2632 607 2876 676 qumdam
2912 609 3077 661 veluti
3147 616 3327 662 statua
3361 626 3445 661 un-

1891 702 2126 769 pietatis.
2182 701 2393 754 Etenim
2443 709 2503 752 ut
2556 699 2719 753 verba
2776 714 2923 752 nunc
2974 715 3151 753 rerum
3201 700 3465 768 imagines

1892 801 2040 853 sunt,
2078 804 2188 844 tum
2216 792 2427 845 scilicet
2456 808 2579 845 cum
2600 801 2726 844 ante
2749 790 3151 843 exsecutionem
3179 791 3230 841 in
3258 791 3461 845 intimis

1894 882 2059 935 animi
2098 882 2470 950 penetralibus
2496 881 2675 933 adhuc
2722 880 3036 949 proludunt,
3070 890 3126 933 et
3168 879 3279 933 illic
3332 895 3465 933 suos

1890 976 2068 1029 exitus
2098 976 2449 1028 adumbratos
2505 973 2909 1042 quodammodo
2942 972 3242 1026 informant
3273 991 3285 1024 :
3316 988 3462 1030 nunc

1892 1067 2102 1126 eadem,
2137 1067 2228 1119 scd
2275 1066 2453 1127 aliter,
2483 1074 2610 1117 sunt
2636 1066 2928 1117 simulacra
2984 1063 3173 1128 animi,
3228 1079 3351 1117 cum
3408 1074 3460 1115 et

1894 1156 2010 1224 ipsa
2039 1166 2158 1224 post
2203 1170 2453 1208 arcanam
2490 1154 2637 1207 illam
2671 1154 3128 1206 consultationem
3162 1167 3249 1205 res
3293 1161 3349 1204 et
3378 1152 3454 1203 [ει-

1894 1258 1977 1301 eta
2002 1262 2120 1300 esse
2154 1246 2447 1313 incipiunt.
2480 1244 2724 1296 animum
2757 1246 2840 1310 (ut
2871 1243 2945 1295 ita
2972 1242 3174 1310 dicam)
3205 1242 3461 1295 redolen-

1897 1338 1991 1398 tia,
2026 1352 2088 1390 ac
2138 1337 2260 1403 ejus
2313 1335 2555 1389 habitum
2590 1344 2646 1387 et
2696 1333 2954 1387 allectum
3020 1333 3162 1401 apud
3223 1346 3319 1385 eos
3368 1334 3460 1399 qui

1898 1428 2029 1481 foris
2056 1428 2166 1479 sint
2198 1426 2557 1494 exprimentia
2595 1441 2607 1476 :
2648 1425 2721 1478 ita
2749 1424 2915 1478 etiam
2973 1423 3091 1477 haec
3108 1423 3312 1491 scripta
3340 1437 3464 1475 sen-

1898 1533 1991 1581 sus
2017 1519 2168 1586 pravi
2208 1526 2261 1569 et
2291 1517 2458 1569 moris
2499 1516 2723 1568 bellnini
2765 1516 2911 1568 intus
2944 1514 3168 1568 latentis
3200 1513 3465 1582 imagines

1903 1610 2113 1680 1030
2142 1610 2468 1676 spectandas
2521 1609 2736 1678 publice
2768 1609 3030 1663 exhibent
3084 1608 3152 1663 iis
3177 1608 3268 1677 qui
3334 1607 3467 1659 toris

1899 1713 2045 1766 sunt,
2077 1702 2457 1756 utmeridiano
2490 1701 2603 1755 sole
2666 1700 2868 1754 clarius
2903 1708 3105 1768 pateat,
3160 1714 3281 1753 eam
3342 1712 3467 1756 esse

1901 1810 2087 1849 revera
2111 1794 2571 1848 abominationem
2602 1793 2808 1848 ultima:
2840 1790 3224 1845 desolationis.
3280 1791 3468 1844 Enim-

1900 1902 2029 1941 Vero
2068 1888 2209 1941 Deus
2237 1886 2471 1939 invisum
2498 1885 2601 1940 sibi
2630 1884 2859 1949 donum,
2884 1893 3081 1939 saneto
3112 1883 3268 1937 altari
3293 1884 3468 1951 impo-

1900 1978 2087 2038 situm.
2122 1978 2382 2049 sud‘ragio
2418 1993 2520 2031 suo
2545 1977 2689 2031 haud
2728 1977 2981 2047 dignatus
3010 1986 3127 2041 est;
3160 1975 3256 2030 sed
3279 1991 3467 2046 parent

1898 2073 2081 2126 statim
2110 2070 2351 2125 audaciae
2375 2075 2594 2138 pmnam
2627 2068 2902 2137 rependit.

1968 2161 2053 2215 lll.
2085 2161 2153 2215 At
2178 2161 2419 2231 episcOpi
2452 2169 2507 2216 et
2536 2160 2840 2229 presbyteri
2873 2167 2987 2213 tum
3049 2155 3469 2213 circumstantes

1900 2255 2137 2308 universi
2175 2252 2585 2307 acclamabant:
2626 2267 2733 2306 non
2756 2252 2850 2319 {illi
2881 2251 3102 2321 quidem
3151 2251 3237 2304 liis
3265 2250 3467 2311 verbis,

1898 2347 2041 2401 sicut
2091 2346 2335 2410 decebat,
2389 2360 2513 2399 eum
2544 2343 2895 2414 objurgantes
2917 2359 2937 2398 :
2960 2340 3109 2397 lleus
3170 2354 3248 2408 tu,
3283 2343 3468 2401 homo,

1897 2438 2171 2506 quomodo
2194 2450 2358 2490 ausus
2387 2450 2447 2489 es
2476 2435 2641 2505 unico
2677 2435 2921 2488 omnium
2975 2435 3186 2488 auctori
3223 2434 3334 2487 Deo
3392 2435 3472 2488 of-

1898 2532 2042 2584 ferre
2088 2529 2425 2582 diversarum
2485 2525 2837 2580 divinitatum
2880 2525 3312 2589 multitudinem,
3369 2540 3472 2578 nec

1900 2624 2108 2677 veritus
2142 2637 2202 2675 es
2230 2622 2285 2674 in
2314 2630 2367 2674 te
2394 2621 2597 2689 ipsum,
2626 2620 2680 2673 in
2708 2634 2829 2684 nos,
2863 2617 2917 2672 in
2947 2634 3140 2673 omnes
3175 2620 3470 2679 Romanos,

1897 2715 2042 2769 ciere
2064 2713 2301 2783 gladium
2334 2712 2482 2765 illum
2520 2709 2952 2771 intolerabilem,
2992 2719 3048 2764 et
3085 2710 3331 2763 caelestia
3364 2710 3470 2763 lul-

1899 2808 2066 2872 nn‘na,
2107 2821 2201 2875 per
2233 2821 2353 2874 quae
2384 2803 2612 2872 improbi
2639 2802 3017 2873 castigantur?
3067 2801 3270 2855 llorum
3334 2801 3472 2855 nihil

1898 2899 1967 2951 ab
2005 2898 2073 2951 iis
2097 2898 2325 2959 dictum,
2361 2896 2470 2949 imo
2499 2912 2565 2949 ne
2590 2896 2885 2966 cogitatum
2914 2895 3137 2965 quidem
3171 2913 3184 2949 :
3215 2910 3337 2962 qum
3394 2904 3475 2947 ta-

1902 3005 2025 3042 men
2047 2988 2191 3041 veris
2220 2988 2477 3058 propiora
2505 2997 2684 3043 erantt
2721 2987 2828 3042 Sed
2863 2989 3030 3042 verba
3088 2988 3471 3056 unusquisque

1902 3082 2175 3134 atlulantia
2204 3080 2588 3149 praemeditati,
2648 3079 3055 3149 pollicebantur
3116 3088 3170 3133 et
3206 3096 3477 3149 propone-

1907 3176 2117 3227 bantea
2150 3188 2291 3242 quae,
2352 3179 2413 3226 ιιι
2458 3180 2544 3226 est
2602 3181 2797 3225 natura
2823 3171 3073 3241 justiti:e,
3113 3171 3301 3241 perlici
3360 3188 3474 3225 non

1904 3264 2191 3317 debebant.
2226 3280 2245 3315 ι
2276 3263 2533 3317 Veterum
2576 3262 2968 3331 imperatorum
3019 3278 3312 3317 commune
3340 3262 3475 3315 illud

1902 3366 1957 3410 et
1988 3356 2223 3425 patrium
2259 3354 2569 3408 institutum
2603 3353 2707 3408 fuit
2763 3354 3051 3425 (aiebant),
3118 3363 3178 3407 ut
3232 3370 3357 3408 vasa
3420 3368 3479 3409 et

1910 3446 2291 3514 supellectilis,
2343 3461 2502 3510 auro,
2535 3454 2786 3515 argento,
2816 3455 2871 3500 et
2911 3447 3171 3515 pretiosis
3202 3447 3480 3515 lapidibus

1904 3547 2114 3597 ornata,
2151 3547 2207 3590 et
2231 3537 2366 3590 alias
2391 3538 2657 3607 ejusmodi
2707 3553 2868 3608 gazas
2897 3538 3096 3591 atl'erre
3136 3538 3246 3591 huc
3288 3540 3478 3591 stude-

1908 3638 2049 3682 rent.
2086 3628 2166 3681 Tu
2193 3642 2326 3681 vero
2360 3628 2604 3681 obtulisti
2636 3628 2841 3683 donum
2877 3630 3259 3693 adventitium,
3285 3638 3337 3681 et
3362 3646 3474 3683 rem

1908 3728 2131 3781 minime
2190 3725 2497 3791 indigenam
2534 3727 2789 3782 Ecclesia:
2826 3727 2958 3793 Dei;
3009 3727 3102 3780 sed
3158 3727 3372 3795 qualem
3410 3728 3478 3780 ab

1907 3817 2400 3870 omnia'vonullns
2427 3832 2664 3884 unquam
2722 3816 2979 3885 princeps
3028 3817 3306 3870 intulerat.
3358 3815 3482 3870 Nos

1908 3923 2089 3963 autem
2119 3910 2212 3963 tibi
2246 3909 2434 3962 ﬁniunt
2472 3908 2689 3977 imperii
2723 3916 2778 3962 et
2812 3908 3042 3963 ditionis
3081 3925 3177 3978 per
3208 3910 3479 3977 Eumpatu

1909 4010 1963 4055 et
1992 4016 2088 4070 per
2113 4000 2293 4054 Asiam
2350 4002 2797 4069 propagationem
2858 4001 3214 4069 pollicemur;
3286 4000 3366 4054 sic
3421 4010 3482 4055 ιιι

1910 4104 2154 4146 veterum
2193 4092 2500 4160 principum
2532 4090 2742 4145 nemini
2777 4107 3017 4161 unquam
3055 4091 3177 4145 talis
3199 4090 3478 4159 obtigerit.

1911 4200 2012 4237 nec
2042 4184 2215 4254 major
2237 4184 2503 4252 cuiquam
2538 4198 2750 4237 merces
2774 4182 2898 4236 data
2931 4199 2959 4236 a
2994 4183 3103 4235 Deo
3133 4184 3301 4237 fuerit
3332 4202 3345 4236 :
3379 4186 3474 4251 qui

1911 4275 2153 4342 quidem,
2188 4289 2285 4342 pro
2316 4273 2483 4326 oblati
2514 4276 2760 4327 muneris
2805 4276 3038 4338 ratione,
3082 4274 3286 4344 1031
3337 4276 3483 4329 solet

1912 4366 2130 4434 dignam
2170 4364 2371 4415 deinde
2402 4363 2707 4416 mercedem
2751 4365 3086 4431 persolvere,
3124 4377 3179 4417 et
3243 4381 3338 4433 per
3367 4367 3483 4418 evi-

1915 4458 2049 4509 deus
2082 4457 2363 4524 prazmiutn
2410 4455 2663 4508 latentem
2694 4454 2823 4509 doni
2866 4457 3073 4523 aeeepti
3111 4456 3479 4509 conditionem

1847 4549 1891 4603 D
1918 4557 1973 4601 et
1997 4557 2269 4609 naturam,
2310 4556 2584 4615 quatenus
2615 4562 2679 4600 ea
2715 4546 2798 4600 vel
2846 4549 3047 4616 optima
3102 4547 3185 4601 vel
3244 4549 3481 4617 pessima

1917 4644 2006 4703 sit,
2033 4639 2265 4706 prodere
2294 4648 2348 4692 et
2380 4638 2682 4692 declarare.
2725 4657 2743 4688 ι

1985 4730 2070 4784 ιν.
2101 4729 2226 4783 Haec
2248 4730 2436 4783 audita
2474 4746 2502 4782 a
2536 4730 2829 4799 Byzantiis.
2886 4745 3119 4798 quorum
3151 4731 3320 4799 gratia
3356 4747 3484 4784 ora-

1912 4823 2095 4876 enlum
2126 4822 2257 4874 illud
2290 4823 2625 4888 cauebatur;
2671 4823 2850 4875 audita
2885 4822 3011 4875 item
3048 4838 3075 4876 a
3108 4824 3239 4885 Deo,
3287 4824 3375 4876 cui
3431 4834 3487 4876 et

1912 4915 2246 4967 out-rebatur
2291 4914 2519 4977 donum,
2573 4924 2625 4967 et
2666 4914 2973 4967 futurorum
3023 4914 3294 4979 judicium
3364 4930 3490 4983 per-

1916 5008 2248 5067 mittebatur,
2280 5006 2514 5059 celerem
2545 5008 2751 5059 exitum
2788 5006 3135 5069 habuerunt;
3196 5023 3304 5061 non
3344 5023 3482 5074 qua-
3506 5057 3519 5070 ,

1915 5097 2017 5149 lem
2043 5098 2114 5149 illi
2169 5115 2262 5165 pro
2295 5114 2389 5151 sua
2454 5097 2736 5150 voluntate
2810 5098 3093 5150 vaticinati
3145 5106 3344 5162 erant;
3390 5098 3484 5151 sed

1912 5204 2039 5241 eum
2070 5190 2268 5258 ipsum,
2300 5206 2462 5254 quem
2491 5191 2701 5261 justitia
2744 5190 2926 5243 divina
2957 5191 3285 5259 a-quissixnis
3313 5190 3486 5243 lanci-

1915 5281 2016 5335 bus
2081 5282 2442 5351 ponderatunt
2500 5285 2781 5353 irrogavit.
2835 5284 3028 5337 Testes
3092 5283 3245 5337 {uere
3301 5286 3337 5338 ii
3392 5284 3485 5350 qui

1913 5373 2117 5425 sciunt.
2150 5373 2364 5426 Etenim
2421 5374 2606 5442 paucis
2639 5387 2704 5451 ex
2758 5388 2824 5427 eo
2854 5372 3049 5426 diebus
3092 5371 3316 5440 elapsis,
3365 5370 3486 5425 illas

1580 5488 1905 5551 Variorum
1952 5501 2139 5555 notaz.

321 5612 431 5677 (37)
458 5610 591 5665 Cum
617 5609 891 5665 Palamitm
939 5612 1105 5664 multa
1156 5621 1210 5665 et
1244 5614 1500 5680 pra-clara
1537 5612 1813 5666 Cantacu-

247 5698 387 5734 uno
417 5682 815 5748 promisissent,
849 5683 890 5733 si
917 5681 1144 5734 Tnntum
1185 5698 1343 5734 suum
1371 5685 1525 5735 altari
1567 5683 1683 5750 ipse
1715 5684 1815 5733 itu-

245 5761 497 5817 pnneret,
523 5766 585 5803 ac
610 5767 747 5803 uovo
780 5752 884 5803 ritu
920 5763 1284 5809 consecraret,
1315 5753 1607 5819 Gregoras,
1640 5753 1731 5804 ubi
1757 5752 1809 5805 id

247 5822 488 5876 rescivit.
518 5821 654 5883 Ima,
706 5821 904 5886 inquit,
960 5838 1072 5874 cum
1106 5824 1334 5876 videritis
1363 5822 1810 5878 abominaliouem

1912 5617 2253 5672 desolatiouis
2276 5630 2500 5672 stantem
2540 5621 2592 5672 in
2635 5620 2744 5672 loco
2770 5626 2975 5681 sancto,
3020 5618 3313 5683 cognoscite
3354 5633 3487 5683 qua-

1914 5691 2057 5759 niam
2081 5693 2522 5759 appropinquavit
2548 5692 2801 5742 desolatio
2823 5690 3026 5751 imperii
3059 5687 3303 5742 Romani.
3346 5687 3482 5743 Vide

1913 5757 2048 5812 Hist.
2076 5757 2173 5814 libr.
2210 5757 2489 5831 XXV,t‘:Ip.
2528 5761 2625 5814 ult.
2657 5762 2862 5815 Botvm.
