4240 6460
739 373 873 437 ρῖςοἻ
1017 369 1090 442 [Α.
1129 387 1182 424 ιι.
1229 369 1385 435 6839,
1429 385 1512 424 mn
1577 367 1633 438 Δ]

730 580 871 639 tore,
918 571 1056 642 apud
1082 588 1293 625 murum
1328 572 1568 641 Byzantii
1605 582 1657 625 et
1685 571 1738 623 in
1765 586 1825 623 ea
1853 569 2150 624 continenti
2181 584 2299 636 qure

730 658 1001 727 eregione
1028 669 1130 716 est.
1167 675 1360 728 magno
1410 672 1632 729 sumptu
1685 659 2111 719 mdiﬁcaverant,
2173 659 2299 710 uni—

741 762 916 799 versas
951 747 1114 800 simul
1152 749 1274 816 igne
1311 759 1641 802 consumunt
1671 761 1725 802 ct
1758 765 1869 802 rem
1906 749 2210 802 Romanam
2245 748 2299 800 in

733 856 824 892 eas
861 842 1137 908 angustias
1187 845 1463 897 adducunt
1496 845 1738 898 Genuilm
1782 843 1897 908 (isti
1935 843 2147 896 scilicet
2209 839 2300 908 qui

735 931 1016 999 parvulum
1050 934 1330 986 castellum
1367 935 1658 995 habitant).
1719 943 1778 988 ut
1831 934 1981 989 cives
2028 933 2298 1003 Byzantii,

739 1023 908 1087 portis
943 1023 1199 1076 omnibus
1260 1025 1543 1078 maritimis
1577 1027 1825 1089 munitis,
1861 1026 1982 1078 urbi
2047 1025 2145 1093 ipsi
2193 1024 2302 1091 jam

740 1109 985 1174 timeant,
1020 1127 1083 1162 ne
1115 1112 1300 1164 hostes
1331 1114 1511 1166 subito
1538 1122 1907 1176 accurrentes,
1968 1113 2140 1180 portis
2190 1127 2308 1164 cre-

741 1199 921 1260 matis,
979 1200 1380 1270 introrumpant
1410 1219 1475 1256 eo
1507 1206 1709 1271 impetu
1776 1204 1866 1270 qui
1904 1203 2164 1256 sustineri
2201 1216 2306 1253 non

741 1293 927 1358 ρίιεςὶι.
955 1301 1051 1345 aut
1084 1295 1271 1360 paucis
1302 1295 1461 1348 scalis
1501 1295 1730 1348 admotis
1765 1309 1863 1362 per
1919 1295 2064 1361 ipsos
2125 1306 2309 1344 muros

743 1383 1007 1437 insiliant.
1040 1386 1404 1448 Quamobrem
1437 1401 1652 1439 murqu
1684 1386 1927 1455 Byzantii
1951 1383 2306 1447 maritimum,

740 1473 1096 1540 septentrioni
1129 1474 1442 1536 obversum.
1476 1476 1632 1529 fossis
1658 1476 1942 1545 profundis
1975 1475 2310 1528 extrinsecus

743 1561 926 1614 ductis
949 1564 1328 1632 circumplexi,
1365 1582 1457 1619 eas
1477 1569 1877 1635 quamprimum
1907 1568 2150 1619 immisso
2175 1565 2308 1618 mari

744 1655 1035 1719 inundant.
1072 1667 1133 1711 ut
1160 1660 1421 1711 continuo
1463 1660 1552 1712 illa
1612 1674 1737 1728 pars
1790 1658 2042 1712 hostibus
2104 1657 2312 1712 Latinis

743 1743 834 1796 ﬁat
861 1745 1108 1800 cominus
1138 1745 1435 1800 inaccessa.

811 1938 877 1993 ν.
911 1937 999 1993 Sic
1043 1937 1184 1992 Deus
1224 1953 1326 2007 pro
1353 1937 1525 2016 Tpmo
1559 1939 1742 1994 oblato
1782 1937 2020 1994 celerem
2067 1938 2311 2007 quidem,

744 2025 838 2078 sed
879 2025 1226 2093 imperatoris
1247 2026 1521 2080 desiderio
1550 2035 1606 2080 et
1628 2028 1908 2097 proposito
1967 2027 2126 2096 plane
2185 2042 2316 2081 con-

745 2115 970 2171 trariam
1033 2115 1240 2186 1032
1283 2117 1591 2172 mercedem
1645 2118 1918 2173 retribuit.
1973 2118 2147 2188 Atque
2197 2119 2317 2189 ejus

746 2205 824 2257 rei
864 2217 1026 2259 testes
1054 2205 1280 2261 fuerunt
1298 2224 1404 2261 non
1433 2209 1675 2276 episcopi
1716 2209 1891 2263 solum
1922 2219 2314 2273 assentatores,

746 2297 840 2363 qui
871 2313 933 2350 ea
967 2299 1472 2365 pronuntiaverant,
1505 2316 1626 2369 qua:
1658 2301 1822 2354 unius
1857 2309 2062 2354 tantum
2093 2299 2316 2353 diecula:

747 2389 1088 2457 voluptatem
1144 2391 1372 2446 auribus
1423 2401 1780 2462 pepererunt,
1854 2392 2092 2445 fructum
2136 2401 2318 2466 autem

749 2479 974 2532 omnino
1012 2489 1067 2533 et
1107 2480 1467 2550 undecunque
1501 2482 1874 2546 nullum,fimo
1909 2497 1996 2535 res
2050 2482 2157 2534 illis
2181 2497 2315 2548 pro-

755 2571 937 2624 missis
989 2581 1042 2624 ct
1098 2571 1580 2625 vaticinationibus
1638 2572 1869 2624 maxime
1909 2579 1963 2624 et
2015 2587 2109 2640 per
2139 2572 2320 2624 omnia

753 2663 1048 2730 Oppositus,
1074 2661 1168 2715 sed
1191 2663 1450 2731 etpopuli
1475 2664 1704 2732 quilibet
1736 2663 1941 2716 circum
1976 2663 2321 2727 habitantes;

755 2756 830 2808 ita
864 2755 1185 2808 utomnium
1225 2755 1355 2808 risui
1389 2765 1444 2809 et
1474 2771 1656 2808 sannae
1686 2770 1772 2809 res
1827 2765 2026 2808 nostra:
2067 2755 2324 2824 exposita:

755 2854 1024 2912 paterent,
1095 2860 1159 2899 ac
1209 2846 1326 2914 ipse
1384 2846 1471 2900 ille
1531 2861 1712 2898 rerum
1767 2847 1946 2898 exitus
2005 2855 2325 2914 argumento

755 2937 1059 2994 certissimo
1094 2936 1253 2992 ﬁdem
1281 2938 1534 2992 omnibus
1558 2937 1780 2999 faceret,
1816 2938 2044 2989 Tomum
2073 2953 2192 2990 esse
2226 2937 2329 2990 ini-

757 3030 1084 3095 quissimum
1132 3041 1188 3083 et
1254 3029 1549 3096 impietatis
1633 3029 1851 3096 plenum
1889 3028 2203 3096 :siquidem
2261 3043 2328 3081 ex

1918 370 2332 431 NICEPIIURI
2371 368 2748 427 GREGORJE

734 483 947 541 domos,
973 496 1104 549 quas
1135 482 1409 550 quondam
1445 482 1670 534 llomaui
1711 480 1762 533 in
1791 489 2019 548 utroque
2058 479 2179 531 freti
2211 480 2298 531 lit-
2332 489 2371 538 Α
2401 481 2597 544 οἰκίας,

2338 1811 2386 1870 Β

3059 367 3190 436 [uua
3233 381 3274 421 ι.
3312 378 3607 424 amnem.
3654 370 3708 435 5|

3825 369 3965 434 1308

2672 479 2970 548 συλλήϐδην
3025 482 3221 540 εἰπεῖν,
3263 479 3384 531 ὅσαι
3454 479 3748 548 Ῥωμαίοις
3791 479 3966 531 πάλαιι

2401 568 2707 630 πολυτελῶς
2740 569 3084 638 ᾠκοδόμηντο
3128 570 3214 636 ἐφ’
3271 569 3511 637 ἑκάτερα
3568 569 3659 620 τοῦ
3711 569 3966 636 πορθμοῦ

2400 659 2527 724 περί
2552 676 2624 712 τε-
2656 659 2716 711 τὸ
2747 662 2926 728 τεῖχος
2956 660 3158 729 δηλαδὴ
3186 660 3297 713 τῶν
3355 660 3667 722 Βυζαντίων
3721 661 3818 720 καὶ
3865 660 3968 725 τὴν

2401 750 2697 818 ἀντιπέρας
2753 750 3005 818 ἧπειρον,
3059 750 3194 819 πρὸς
3252 749 3520 816 τοσαύτην
3565 750 3635 800 τὰ
3679 747 3970 817 Ῥωμαίων

2403 841 2707 909 συνήλασαν
2757 839 3118 908 στενοχωρίαν
3163 840 3466 909 πράγματα
3518 842 3568 893 οί
3597 842 3660 891 τὸ
3692 839 3971 910 βραχύτα-

2402 950 2493 984 τον
2527 934 2676 985 τουτὶ
2709 920 3113 994 κατοικοῦντεξ
3155 933 3414 1000 φρούριον
3460 933 3498 984 Γ
3502 931 3793 992 εννουῐται,
3824 932 3968 984 ὥστε

2404 1024 2584 1074 πᾶσαν
2613 1024 2878 1092 παράλιον
2911 1023 3247 1091 ὴσφαλίσθαι
3283 1024 3458 1090 πύλην
3483 1027 3593 1084 τοῖς
3624 1023 3967 1086 Βυζαντίοις’

2405 1111 2634 1164 δεδιέναι
2685 1111 2859 1182 δ’ἧδη
2915 1113 3010 1164 καὶ
3059 1114 3189 1181 περὶ
3231 1113 3331 1180 τῆς
3389 1112 3597 1174 πόλεως
3636 1114 3831 1181 αὐτῆς.
3892 1115 3970 1180 μὴ

2407 1203 2702 1272 δραμόντες
2744 1201 3003 1272 ἐξαίφνης
3039 1204 3211 1273 πυρὸς
3249 1204 3346 1266 τὰς
3387 1205 3560 1266 πύλας
3600 1204 3761 1272 ἔργον
3807 1205 3970 1269 ποιή-

2414 1296 2610 1348 σωνταί
2644 1313 2702 1347 τε
2737 1296 3192 1349 καὶείσελάσωσιν
3214 1297 3424 1365 άσχέτῳ
3460 1296 3684 1366 ρὐῃ.ἢ
3712 1294 3972 1362 κλίμαξιν

2409 1387 2619 1454 ὀλίγαις
2645 1386 2983 1456 χρησάμενοι
3031 1388 3121 1440 διὰ
3165 1388 3273 1442 τῶν
3318 1389 3513 1457 τειχῶν
3567 1387 3970 1455 είσπηδήσωσι.

2409 1476 2500 1528 Διὸ
2548 1476 2776 1544 τάφροις
2811 1475 3052 1546 βαθείαις
3109 1476 3439 1543 διειληφότες
3496 1476 3692 1541 ἔξωθεν
3723 1477 3870 1529 ἅπαν
3917 1475 3977 1526 τὸ

2411 1569 2548 1635 πρὸς
2585 1569 2785 1637 ἄρκτον
2823 1569 3197 1637 τετραμμένον
3238 1551 3344 1620 τῶν
3367 1569 3672 1632 Βυζαντίων
3709 1568 3844 1635 πρὸς
3879 1565 3979 1619 θά-

2412 1659 2614 1711 λατταν
2645 1663 2818 1728 τεῖχος
2874 1660 3142 1730 θαλάττης
3177 1657 3263 1729 [Ρ.
3301 1657 3628 1729 6491αὐτάς
3673 1660 3733 1709 ἐν
3788 1657 3983 1726 βραχεῖ

2412 1751 2683 1821 δεδείχασι
2710 1753 2962 1822 πλήρεις,
2999 1751 3073 1813 ὠς
3099 1751 3303 1804 ἀϐατον
3341 1750 3593 1804 ἐντεῦθεν
3645 1752 3761 1809 τοῖς
3819 1750 3982 1799 πολιε-

2417 1844 2555 1913 μίοις
2579 1844 2829 1904 Λατίνοις
2849 1845 2912 1894 ἐκ
2929 1841 3021 1896 τοῦ
3044 1843 3228 1911 σχεδὸν
3245 1843 3306 1894 τὸ
3323 1843 3488 1911 μέρος
3511 1844 3687 1893 ἐκεῖνο
3702 1841 3983 1906 γενέσθαι.

2490 1933 2566 1988 E'.
2596 1934 2751 1986 Οὕτω
2805 1935 2905 2002 τῆς
2975 1933 3067 1985 τοῦ
3122 1934 3291 2002 τόμου
3351 1934 3717 2002 προσαγωγῆς
3760 1933 3988 1998 ταχεῖαν

2419 2026 2537 2092 μὲν,
2591 2025 2866 2080 ἀντίθετον
2929 2025 2986 2078 δὲ
3039 2028 3106 2096 τῇ
3157 2025 3255 2078 τοῦ
3323 2024 3587 2095 βασιλέως
3634 2025 3990 2077 παντάπασιν

2417 2120 2560 2188 ὁρμῇ
2592 2121 2686 2172 καὶ
2721 2119 3000 2188 προθέσει,
3026 2121 3124 2189 τὴν
3157 2119 3432 2173 ἀντίδοσιν
3461 2122 3488 2172 ὁ
3519 2119 3652 2181 Θεὸς
3687 2123 3988 2190 παρέσχεν,

2419 2212 2525 2264 ὑπὸ
2557 2212 2821 2280 μάρτυσι,
2855 2210 2928 2279 μὴ
2990 2212 3070 2264 ὃτι
3120 2214 3237 2273 τοῖς
3281 2210 3626 2264 θωπεύουσιν
3661 2201 4012 2272 ἐπισκόποις

2423 2301 2656 2361 ἐκείνοις
2683 2301 2777 2352 καὶ
2838 2299 3301 2369 προθεσπίζουσιν
3339 2300 3375 2353 ἃ
3421 2301 3612 2368 τέρψιν
3673 2300 3993 2368 αὐθημερὸν

2421 2395 2539 2455 ταῖς
2575 2394 2765 2452 ἀκοαῖς
2794 2391 3095 2460 ἐϐλάστησε
3129 2395 3317 2460 μόνην,
3369 2391 3582 2461 καρπὸν
3614 2392 3660 2444 δ’
3688 2392 3883 2444 οὐδέ-ια
3934 2390 3996 2441 τὸ

2429 2486 2692 2554 παράπαν
2725 2486 3048 2555 οὐδαμόθεν,
3083 2486 3180 2537 ’ὅτι
3215 2486 3289 2554 μὴ
3321 2484 3388 2536 τὰ
3447 2485 3554 2535 τῶν
3609 2483 3994 2534 ἐπισκοπικῶν

2424 2577 2768 2645 ἐπαγγελιῶν
2805 2577 3029 2629 ἐκείνων
3051 2577 3146 2628 καὶ
3178 2574 3609 2644 προφοιϐασμῶν
3639 2577 3998 2626 παντάπασ·ν

2427 2667 2792 2722 ἐναντιώτατα
2812 2682 2827 2698 ⁸
2855 2667 2992 2720 ἀλλά
3018 2669 3111 2720 καὶ
3138 2669 3271 2720 πᾶσι
3300 2669 3411 2728 τοῖς
3446 2665 3606 2736 πέριξ
3633 2666 3845 2718 ἔθνεσιν
3883 2684 3896 2696 ο
3923 2668 3998 2726 ὡς

2432 2760 2814 2830 μυκτηρισμὸν
2843 2760 2938 2812 καὶ
2973 2758 3280 2828 χλευασμὸν
3325 2758 3498 2812 ἅπασι
3547 2758 3873 2828 προκεῖσθαι
3931 2759 4000 2809 τὰ

2429 2853 2549 2905 καθ’
2581 2853 2748 2921 ἡμᾶς,
2782 2851 2874 2903 καὶ
2908 2851 3254 2918 παράστασιν
3288 2849 3537 2910 ἅπαντας
3565 2844 3705 2900 εἶναι
3749 2847 3998 2916 νομίζειν

2429 2944 2920 3012 ἀναμφισϐήτητον
2951 2941 3011 2994 τὸ
3049 2941 3149 3008 τῆς
3176 2941 3454 3002 ἐκϐάσεως
3495 2941 3684 3008 πέρας,
3707 2939 3790 2988 ὅτι
3823 2955 4004 3006 παρα-

2432 3037 2627 3104 νομίας
2659 3033 2754 3087 καὶ
2784 3033 3040 3095 ἀσεϐείας
3081 3033 3109 3084 ὁ
3139 3032 3305 3102 τόμος
3344 3033 3561 3101 μεστός.
3602 3032 3744 3100 Πρὸς
3793 3032 3908 3099 γὰρ
3944 3031 4005 3080 τὸ

761 3121 960 3174 ultimo
991 3131 1187 3174 eventu
1208 3129 1456 3174 anteacta
1472 3135 1701 3200 quaeque
1723 3121 2086 3173 a:stimantur.
2123 3120 2325 3187 Nempe
2351 3159 2394 3215 ο
2431 3151 2435 3162 ι

2351 3159 2394 3215 C
2431 3130 2740 3181 τελευταῖον
2800 3127 2969 3179 ἐκϐἀν
3023 3125 3255 3178 ἕκαστον
3286 3124 3394 3177 τῶν
3460 3125 3589 3192 πρὶν
3637 3123 4005 3190 ὑπαρξάντων

763 3225 963 3266 munus
995 3211 1125 3265 illud
1157 3210 1556 3279 profanumque
1587 3210 1874 3264 donarium
1922 3211 2158 3263 melioris
2191 3220 2327 3262 uotae

760 3319 883 3358 esse
909 3303 1305 3358 arbitrantibus
1334 3302 1630 3371 episcopis,
1683 3303 1858 3355 visum
1917 3311 2037 3355 erat
2080 3301 2332 3354 meliores

763 3405 995 3450 eventus
1023 3409 1245 3457 canere,
1279 3409 1342 3453 ac
1380 3393 1728 3463 praedicendo
1768 3393 2094 3447 denuntiare
2151 3394 2329 3460 impe-

765 3487 934 3541 ratori
959 3503 974 3551 ;
1001 3501 1125 3540 eum
1151 3485 1361 3540 scilicet
1395 3485 1460 3537 ad
1481 3484 1815 3553 Euphratem
1849 3496 1900 3538 et
1931 3485 2133 3553 Tigrim
2163 3498 2332 3551 usque

769 3580 982 3647 imperii
1015 3579 1097 3633 sui
1127 3578 1262 3632 lines
1310 3579 1671 3647 prolaturum.
1727 3577 1926 3631 Verum
1981 3577 2107 3645 quia
2154 3576 2334 3628 oblata

770 3671 860 3724 illa
886 3670 1153 3740 ejusmodi
1177 3679 1356 3735 erant,
1382 3681 1440 3724 ut
1463 3686 1527 3724 ea
1559 3669 1698 3723 Deus
1716 3670 1938 3722 omnino
1964 3678 2335 3728 aversaretur,

771 3763 895 3815 ideo
922 3771 1110 3816 contra
1141 3776 1301 3831 quam
1331 3771 1613 3830 speratum
1665 3769 1782 3813 erat
1836 3758 2038 3812 accidit
2064 3799 2077 3821 ,
2136 3774 2199 3812 ac
2240 3775 2337 3827 pro

774 3855 1023 3907 maximis
1049 3854 1157 3907 illis
1193 3853 1395 3916 ﬂuviis,
1421 3853 1700 3921 Euphrate
1730 3860 1785 3905 et
1829 3851 2072 3920 Tigride.
2107 3850 2340 3919 impera-

773 3955 859 3998 tor
912 3946 1323 4000 Cantacuzenus
1373 3945 1546 3998 fossas
1608 3943 1900 4012 percussit,
1959 3958 2077 4011 qua:
2129 3943 2339 3995 marina

772 4051 912 4104 aqua
944 4037 1116 4106 plenae
1137 4035 1382 4106 Byzantii
1446 4049 1633 4087 muros
1666 4033 1972 4095 alluerent;
2022 4032 2175 4098 isque
2232 4031 2343 4083 exi-

773 4145 938 4196 guum
971 4133 1072 4182 hoc
1099 4127 1368 4180 adversus
1403 4126 1590 4179 hostes
1616 4124 1949 4193 pra-sidiam,
1987 4133 2214 4191 cogente
2250 4137 2344 4174 ne-

776 4221 1053 4283 cessitate,
1117 4234 1215 4287 per
1265 4228 1438 4271 artem
1497 4215 1765 4279 munivit;
1828 4223 1886 4266 ut
1943 4211 2342 4280 argumentanti

776 4311 1004 4366 cuilibet
1031 4308 1207 4364 l‘acilis
1246 4319 1304 4362 et
1328 4307 1552 4360 evidens
1595 4314 1849 4359 occurrat
1881 4304 1994 4356 haec
2015 4302 2298 4354 conclusio
2328 4317 2343 4354 :

784 4403 1040 4470 quoniam
1069 4401 1293 4464 Tomus,
1321 4399 1388 4452 ab
1419 4399 1526 4452 illis
1578 4398 1837 4466 scriptus,
1887 4395 2087 4448 malum
2154 4395 2347 4447 luisset

2431 3223 2700 3290 κρίνεται.
2733 3218 2858 3281 Τοῖς
2892 3217 2995 3286 μέν
3025 3217 3133 3285 γάρ
3158 3215 3504 3277 ἐπισκόποις,
3563 3214 3836 3282 οίομένοις
3863 3209 4008 3266 εἶναι

2431 3314 2490 3364 τὸ
2519 3313 2618 3379 τῆς
2647 3310 3018 3380 προσαγωγῆς
3052 3305 3262 3359 καὶτοῦ
3295 3305 3591 3366 δυσσεϐοῦς
3618 3306 3832 3356 ἐκείνου
3861 3307 4002 3355 άνα⁹

2434 3404 2699 3471 θήματος,
2736 3399 2828 3451 τοῦ
2857 3398 3024 3466 τόμου
3048 3397 3269 3466 δηλαδὴ,
3303 3396 3402 3464 τῆς
3464 3396 3732 3464 βελτίονος
3782 3395 4008 3463 μοίρας,

2434 3491 2824 3559 προθεσπίζειν
2848 3487 2941 3542 καὶ
2973 3488 3386 3558 προαναφωνείν
3406 3487 3561 3557 ἐπῄει
3593 3487 3688 3537 καὶ
3708 3484 4008 3554 κηρύττειν

2435 3582 2534 3642 τὰς
2576 3578 2816 3647 βελτίους
2842 3578 3097 3636 ἐκϐάσεις
3150 3575 3279 3644 περὶ
3328 3575 3428 3640 τῆς
3470 3576 3562 3626 τοῦ
3603 3576 4010 3644 αὐτοκράτορος

2437 3672 2640 3740 ἀρχῆς,
2683 3669 2767 3720 ὃτι
2799 3669 2988 3736 μέχρις
3021 3667 3301 3734 Εὐφράτου
3345 3667 3438 3715 καὶ
3467 3665 3733 3732 Τίγρητος
3795 3665 4014 3713 ἐκτενεῖ

2433 3764 2559 3823 τοὺς
2586 3762 2765 3827 ὅρους.
2805 3757 2960 3809 Ἐπεὶ
2990 3755 3035 3808 δ’
3066 3754 3266 3807 ἀνεκτά
3317 3751 3394 3820 τῷ
3453 3753 3572 3819 Θεῴ
3632 3753 3693 3804 τὸ
3742 3753 4013 3819 παράπαν

2437 3854 2537 3905 οὐκ
2565 3847 2630 3922 ἦν
2664 3850 2732 3902 τὰ
2763 3851 2862 3917 τῆς
2901 3847 3291 3916 προσενέξεως,
3357 3847 3756 3911 ἀντίστραπται
3800 3846 3868 3894 τὰ
3904 3844 4014 3894 τῶν

2440 3945 2691 3996 ὶλπίδων’
2723 3942 2814 3994 καὶ
2840 3939 2956 3993 ἀντ’
2990 3939 3280 4007 Εὐφράτου
3304 3938 3398 3988 καὶ
3427 3936 3721 4004 Τίγρητος,
3774 3935 3888 3984 τῶν
3921 3953 4022 4002 με-

2439 4036 2638 4102 γίστων
2667 4035 2890 4086 ἐκείνων
2943 4030 3226 4100 ποταμῶν,
3258 4029 3500 4098 τάφρους
3543 4028 3750 4080 ὑδάτων
3782 4027 4017 4092 μεστοὺς

2445 4127 2744 4178 θαλαττίων
2775 4125 2802 4175 ὁ
2833 4123 3086 4192 βασιλεὺς
3140 4118 3598 4186 Καντακουζηνὸς
3627 4117 3696 4168 τὰ
3749 4117 3862 4167 τῶν
3918 4117 4019 4167 Βυ-

2443 4217 2678 4280 ζαντίων
2721 4214 2878 4283 τείχη
2931 4211 3300 4282 προσκλύζειν
3321 4207 3564 4276 ἀνώρυξέ
3607 4223 3665 4258 τε
3739 4208 3837 4258 καὶ
3893 4210 4014 4258 ἐτε-

2446 4306 2775 4375 χνούργησε,
2795 4306 2909 4363 τοῖς
2946 4302 3226 4370 πολεμίοις
3250 4301 3308 4365 ἐξ
3326 4299 3556 4367 ἀπορίας
3589 4297 3787 4365 μικρὸν
3812 4298 4025 4349 ἐπιτεί-

2447 4414 2660 4467 χισμα⁹
2726 4395 2803 4453 ὡς
2862 4391 3004 4448 εἶναι
3048 4395 3160 4456 τοῖς
3207 4387 3618 4457 συλλογίζεσθαι
3668 4387 4025 4456 βουλομένοις

775 4507 832 4549 et
864 4494 1088 4562 impium
1116 4493 1600 4555 munusohlatum,
1657 4490 1779 4542 ideo
1831 4487 2097 4541 infelicem
2138 4488 2345 4540 exitum
2381 4493 2422 4544 D

2381 4493 2422 4544 D
2455 4492 2636 4561 ῥᾴδιον
2664 4491 2757 4541 καὶ
2783 4488 2950 4554 σαφὲς
2986 4486 3048 4539 τὸ
3098 4485 3474 4553 συμπέρασμα
3497 4495 3512 4510 ·
3549 4480 3631 4530 ὅτι
3690 4481 3862 4530 κακὸν
3913 4481 4025 4544 ἀρα

779 4595 1135 4639 eottsccutum
1164 4598 1284 4638 esse
1311 4600 1326 4647 ;
1379 4598 1501 4635 eum
1537 4580 1808 4642 videlicet,
1839 4580 1933 4648 qui
1965 4579 2197 4632 maxime
2226 4593 2354 4630 cou-

2351 4605 2354 4614 ι
2455 4585 2544 4633 καὶ
2567 4579 2829 4640 δυσσεϐὲς
2859 4577 2921 4629 τὸ
2950 4580 3048 4646 τῆς
3073 4573 3452 4643 τομογραφίας
3488 4571 3714 4622 ἐκείνων
3756 4568 4025 4635 ἀνάθημα

785 4676 1093 4736 trarius..et
1117 4689 1309 4727 eorum
1342 4669 1793 4740 prwdictiouibus
1829 4684 1992 4736 quam
2039 4668 2354 4735 longissima
2453 4672 2459 4719 ἰ

2453 4671 2512 4723 ὃν
2550 4668 3054 4739 κακοδαιμονοῦσι-ις
3088 4666 3246 4733 ἔτυχε
3303 4663 3400 4715 καὶ
3459 4663 3557 4728 τῆς
3588 4660 3895 4717 ἐκϐάσεως.
3934 4662 4029 4710 καὶ

785 4767 1043 4820 distantia
1070 4766 1352 4834 interjeeta
1395 4765 1699 4834 oppositus,
1739 4761 1947 4830 1033
1982 4761 2211 4814 exitium
2246 4758 2354 4811 Ro-
2456 4784 2459 4797 ι

1800 4761 1947 4830 D33
1982 4761 2211 4814 exilium
2246 4758 2354 4811 ΠΟ·
2456 4763 2599 4816 πάνυ
2652 4778 2738 4812 τοι
2799 4759 3004 4827 σφόδρα
3054 4754 3474 4817 ἐναντιωτάτης,

791 4859 965 4912 nimiis
997 4857 1293 4910 attulisset.
2452 4871 2465 4901 ε

2452 4855 2570 4914 ταῖς
2602 4851 2754 4918 σφῶν
2786 4851 3125 4918 προρρήσεσι
3158 4846 3256 4914 τὴν
3292 4843 3401 4895 τῶν
3442 4840 3735 4910 Ῥωμαίων
3782 4841 4027 4904 ἐνεγκι-

2458 4943 2625 5012 μένης
2660 4939 2963 4992 ἀπώλειαν.

863 5043 951 5098 Vl.
981 5042 1248 5097 Ca‘terum
1280 5054 1333 5096 et
1365 5042 1494 5094 hinc
1527 5055 1769 5110 quoque,
1808 5040 1850 5093 si
1889 5047 2131 5107 tempora
2168 5033 2357 5090 coiil‘e-
2526 5039 2537 5086 <

2526 5033 2614 5100 ς.
2664 5032 2883 5096 Ἔξεστι
2944 5029 3041 5098 μὲν
3078 5026 3172 5078 οὖν
3229 5022 3500 5083 ἐντεῦθεν,
3552 5019 4034 5090 παμξετάζπντας

798 5145 986 5188 tantur
1011 5143 1065 5186 et
1096 5135 1239 5187 inter
1279 5149 1336 5186 se
1367 5143 1784 5200 componantur,
1837 5145 2018 5184 rerum
2069 5127 2362 5179 hodierna—
2459 5145 2472 5179 ι

2359 5153 2362 5162 ·
2459 5129 2556 5180 καὶ
2581 5123 3003 5193 παρατιθέντας,
3025 5119 3122 5187 τὴν
3153 5117 3258 5169 τῶν
3303 5115 3585 5181 παρόντων
3613 5113 3744 5180 ὁρᾷ-δ
3783 5111 3920 5176 πρλς
3970 5115 4033 5158 τι

800 5242 920 5278 rum
957 5240 1081 5279 cum
1123 5226 1189 5277 iis
1224 5240 1344 5291 qum
1401 5226 1530 5276 olim
1587 5234 1749 5289 gesta:
1801 5231 1930 5274 sunt
1982 5217 2360 5286 COgttztlionettt
2465 5235 2474 5266 τ

2359 5252 2360 5263 η
2465 5217 2632 5268 πάλαι
2665 5213 3010 5279 συγγένειαν.
3044 5208 3211 5268 Σάλος
3240 5205 3346 5274 γάρ
3375 5203 3485 5272 (⁸58)
3515 5203 3608 5255 καὶ
3666 5201 3761 5251 νῦν
3795 5200 4033 5264 κατέσχε

801 5317 1112 5386 perspicere
1150 5323 1253 5368 est.
1291 5317 1500 5380 Quippe
1557 5322 1612 5366 et
1634 5313 1782 5365 hisce
1815 5309 2155 5378 temporibus
2181 5305 2364 5373 quoli-
2463 5324 2475 5354 ι

2361 5333 2364 5343 ι
2463 5308 2560 5374 τὴν
2588 5304 2696 5356 τῶν
2731 5301 3042 5369 ἐκκλησιῶν
3061 5297 3379 5366 ἀκρόπολιν,
3421 5292 3718 5347 θαλασσίου
3765 5291 4035 5348 κλύδωνος

802 5407 834 5458 h
872 5405 1085 5456 tmaris
1134 5413 1265 5456 a’stu
1332 5402 1620 5455 violentior
1649 5401 1899 5468 .agitatio
1943 5413 2119 5450 arcem
2165 5395 2365 5448 invasit

2364 5436 2365 5443 η
2476 5397 2675 5456 παντὸς
2707 5392 3065 5461 ἀγριώτερος.
3099 5390 3179 5440 Τά
3217 5387 3470 5453 Πατέρων
3506 5383 3632 5453 ὄριά
3667 5400 3728 5434 τε
3769 5381 3870 5433 καὶ
3915 5380 4038 5468 56f-

804 5497 1183 5552 ccclesiarum.
1219 5495 1458 5548 Termini
1490 5494 1777 5549 constituti
1800 5502 1854 5546 et
1885 5489 2080 5543 tradita
2136 5502 2160 5539 a
2195 5485 2368 5539 Patri-

2365 5514 2368 5520 -
2478 5502 2621 5554 pata
2651 5482 3092 5535 κατασέσεισται.
3128 5477 3249 5532 Τῶν
3280 5477 3558 5546 ἀρχόντων
3613 5476 3640 5527 ὁ
3687 5472 3858 5540 τῦφος
3903 5467 4039 5538 μετά

3551 4752 3660 4802 κάκ
3725 4750 4028 4818 διαμέτρου

2158 5627 2489 5687 Variorum
2521 5628 2709 5684 noue.

879 5760 992 5828 (58)
1031 5759 1200 5815 Verba
1249 5757 1417 5814 saneti
1468 5758 1676 5822 Basilii,
1707 5765 1765 5809 ut
1792 5769 1955 5823 supra
1996 5768 2105 5820 cap.
2146 5752 2189 5816 ί,
2225 5758 2358 5802 sect.
2402 5745 2453 5810 ι,
2489 5761 2638 5797 num.
2683 5747 2730 5797 l.
2766 5742 2978 5796 Botvm.
