4240 6460
266 381 403 450 1309
721 378 796 452 [Α.
839 396 888 440 c.
931 382 1092 461 13511

1237 383 1672 448 ΒΥΖᾹΝἸῚΝΙΕ
1709 389 2086 450 HISTORLE
2127 393 2271 453 LIB.
2310 394 2464 457 XXI.

2608 396 2740 468 [ιιιρ.
2781 408 2822 448 ι.
2865 406 3155 448 etmwz.
3199 392 3254 464 ὅ]
3368 397 3499 471 1310

259 489 362 557 τῆς
396 487 630 558 ἀμαθίας
691 492 954 560 ταράττει
981 493 1138 564 δίκην
1160 493 1388 563 θυέλλης
1422 493 1661 553 ἃπαντα,
1695 493 1828 562 πρὸς
1861 507 1900 560 Α

1823 510 1828 548 :
1861 507 1900 560 Α
1937 497 2041 554 bus
2062 498 2314 570 dogmata
2348 504 2765 560 labefactantur.
2799 505 2990 561 Omnia
3024 505 3271 573 procella:
3329 507 3497 559 instar

264 580 570 648 ὑπερϐολὰς
606 582 702 634 καὶ
731 583 996 653 ιλλείψεις
1021 585 1091 639 τὰ
1121 585 1222 655 τῆς
1276 584 1558 645 εὐσεϐείας
1586 601 1832 654 παρασυ-

267 672 473 738 ρόντων
500 673 768 743 δόγματα.
801 673 930 740 Τοῐς
972 677 1071 747 μιν
1113 677 1224 731 τῶν
1271 677 1682 745 ἀνθισταμένων
1728 679 1837 746 χεί-

267 775 363 829 ρες
393 761 686 829 έπάγονται
737 767 954 835 φονικαί
979 781 994 799 ο
1026 767 1152 829 τοὺς
1186 768 1230 821 δ’
1254 769 1459 838 εξορίαι
1483 771 1575 821 καὶ
1606 766 1835 836 διωγμοὶ

267 857 511 906 παντοῖοι
542 857 894 925 μερίζονται·
916 861 1043 921 τοὺς
1081 859 1126 912 δ’
1157 860 1372 931 είρκταὶ
1425 857 1832 928 συγκρύπτουσι

265 949 988 1020 καταχθόνιοι.αὐτοσχέδιοι
1021 953 1133 1012 τοῖς
1165 951 1246 1005 lsi
1273 951 1407 1014 ζῶσι
1441 950 1710 1020 δρώμενοι
1740 950 1836 1002 τά.

266 1055 379 1106 φοι.
399 1040 754 1109 Θεολογοῦσιν
779 1042 948 1106 ἀδεῶς
976 1045 1025 1096 οί
1059 1045 1335 1113 βάναυσοι.
1362 1044 1568 1113 ἀγορὰς
1587 1048 1676 1095 καὶ
1707 1041 1831 1094 θέαι

267 1148 373 1202 τρα
411 1134 587 1188 πάντα
631 1135 887 1188 τοιούτων
921 1133 1009 1207 [Ρ.
1042 1134 1167 1205 650]
1208 1138 1401 1204 φωνῶν
1427 1135 1826 1203 εμπιπλῶντες.

271 1223 537 1291 Ποιμένες
568 1224 883 1278 ἐλαύνονται
913 1240 926 1254 ⁶
964 1225 1146 1294 βαρείς
1176 1215 1218 1278 δ’
1246 1225 1654 1290 ἁντεισάγονται
1685 1221 1839 1274 λύκοι

269 1317 411 1368 κατὰ
442 1315 554 1368 τῶν
585 1318 874 1386 ποιμνίων.
908 1318 1191 1386 Θεοτήτων
1252 1315 1525 1369 ἁκτίστων
1555 1317 1584 1367 ο
1610 1311 1842 1382 ἀριθμὸς

270 1408 354 1469 είς
383 1407 613 1478 ἄπειρον
641 1408 944 1461 εκτείνεται
971 1406 1196 1475 πλῆθος.
1252 1405 1508 1459 Λαλείται
1542 1403 1602 1456 εδ
1647 1401 1843 1471 ψεῦδος

269 1499 529 1566 ἀφόϐωςο
588 1501 622 1569 ἠ
658 1499 884 1566 ἀλήθεια
938 1496 1402 1566 συγκαλύπτεται.
1453 1494 1846 1550 Διαϐάλλουσιν

272 1589 424 1656 ἡμᾶς
454 1586 541 1657 ιφ’
570 1582 653 1653 οἷς
679 1589 833 1644 αὐτοί
859 1606 921 1660 γε
950 1590 1226 1660 ἐνέχονται
1273 1588 1607 1659 έγκλήμασι.
1638 1584 1845 1656 Θεσμοὶ

281 1679 542 1751 Πατέρων
568 1681 934 1752 πεπάτηνται.

1929 593 2221 648 conturbat
2248 597 2468 664 junctus
2495 614 2618 652 cunt
2642 598 2942 668 ignorantia
2976 597 3144 650 fastus
3167 597 3498 665 principum,

1930 683 2024 753 qui
2075 695 2130 740 et
2175 688 2449 756 superflua
2494 691 2767 753 addendo,
2795 698 2851 744 et
2907 688 3250 742 detrahendo
3306 703 3499 741 nea-es—

1931 775 2099 839 saria,
2148 777 2450 834 doctrinam
2483 781 2605 836 fidei
2633 790 2975 851 pervertunt.
3009 779 3063 833 Si
3100 781 3189 847 qui
3217 778 3498 838 resistunt,

1931 883 2121 922 eorum
2143 869 2264 924 aliis
2293 886 2486 925 manus
2531 872 2844 927 inferuntur
2904 871 3304 940 sanguinariae;
3369 869 3504 923 alios

1937 956 2124 1010 exsilia
2159 959 2410 1013 etomnis
2435 961 2655 1030 generis
2691 961 3101 1031 persecutiones
3131 960 3501 1026 dispertiunt:

1941 1042 2077 1096 alios
2129 1043 2366 1114 denique
2423 1061 2613 1102 carcer
2662 1049 3057 1103 subterraneus
3110 1047 3309 1116 operit.
3358 1047 3506 1099 velut

1944 1131 2189 1186 tumulus
2214 1134 2437 1202 quidam
2473 1135 2802 1202 subitarius,
2831 1136 3152 1191 hominibus
3202 1133 3385 1188 adhuc
3419 1133 3504 1186 vi-

1946 1221 2030 1276 vis
2060 1234 2300 1292 paratus.
2332 1225 2488 1281 Fabri
2523 1227 2774 1283 vilissimi
2803 1227 2872 1283 de
2898 1229 3062 1282 rebus
3087 1226 3291 1282 divinis
3321 1224 3509 1294 dispu-

1939 1322 2055 1368 tant
2120 1320 2365 1386 Impune.
2441 1318 2555 1374 fora
2615 1320 2940 1390 theatraque
3011 1320 3192 1373 omnia
3238 1315 3506 1386 ejusmodi

1937 1410 2286 1463 sermonibus
2317 1408 2628 1480 implentes.
2657 1412 2911 1466 Pastores
2947 1410 3319 1480 expelluntur.
3369 1406 3507 1476 Lupi

1937 1497 2189 1554 crudeles
2217 1499 2273 1555 in
2299 1516 2497 1556 eorum
2532 1504 2712 1559 locum
2746 1504 3010 1559 adversus
3033 1517 3226 1574 greges
3259 1501 3510 1556 introdu-

1937 1599 2161 1646 cuntur.
2188 1591 2540 1650 Divinitatum
2571 1596 2934 1653 increatarum
2958 1610 3223 1650 numerus
3281 1595 3333 1649 in
3387 1593 3509 1647 inll-

1941 1681 2117 1737 nitum
2140 1686 2479 1742 extenditur.
2526 1687 2821 1742 lentiendi
2849 1687 3036 1742 nullus
3067 1695 3276 1742 metus.
3347 1683 3508 1740 Veri-

272 1782 358 1830 tas
387 1772 684 1830 involucris
716 1775 936 1844 tegitur.
970 1773 1216 1841 Quorum
1280 1770 1576 1830 criminum
1599 1767 1678 1824 rei
1739 1767 1840 1839 ipsi
1879 1781 2028 1838 sunt,
2057 1788 2120 1828 ea
2152 1774 2208 1829 in
2227 1790 2328 1831 nos
2354 1791 2453 1847 per
2473 1778 2800 1834 calumniam
2865 1775 3222 1833 transferunt.
3287 1775 3508 1831 Patrum

271 1867 593 1939 praescripta
628 1865 860 1937 pedibus
882 1876 1262 1938 proteruntur.

344 1957 421 2011 Z'.
452 1955 560 2009 Καὶ
586 1957 640 2010 τί
674 1956 755 2010 δεῖ
787 1957 910 2010 καθ’
957 1957 1164 2010 ικαστα
1215 1956 1396 2010 πάντα
1431 1953 1689 2020 διεξιέναι
1741 1951 1836 2021 ζηο
1866 1959 1910 2015 Β
2009 1955 2018 1982 ‘

1833 1959 1910 2015 ’Β
2009 1954 2120 2013 νη.
2155 1955 2224 2014 Ει
2274 1958 2406 2031 quid
2434 1974 2657 2017 necesse
2703 1966 2789 2017 est
2834 1958 2974 2014 velle
3024 1960 3209 2015 omnia
3255 1949 3507 2030 persequi

271 2050 560 2118 τεῐν,δξδν
593 2049 720 2114 τοὺς
756 2050 1231 2118 ἀναγινώσκοντας
1301 2045 1676 2117 παραϐάλλειν
1729 2043 1844 2108 τοῖς

276 2143 592 2213 πράγμασι,
618 2142 712 2195 καὶ
741 2142 998 2210 συνάγειν
1031 2142 1099 2193 ὲκ
1161 2139 1522 2210 παραθέσεως
1584 2136 1684 2206 τὴν
1733 2135 1845 2190 τῶν

275 2233 450 2290 πάλαι
480 2234 636 2302 πρὸς·
664 2234 732 2288 τὰ
778 2231 875 2286 νῦν
936 2232 1273 2304 ὁμοιότητα·
1332 2228 1500 2300 φαίην
1552 2229 1599 2283 δ’
1648 2227 1714 2282 ἂν
1752 2225 1847 2280 καὶ

280 2326 455 2395 μείζω
484 2325 581 2395 τὴν
605 2323 701 2378 νῦν
741 2324 1021 2396 εὑρίσκειν
1057 2325 1279 2391 κακίαν,
1323 2323 1357 2394 ἢ
1389 2324 1532 2376 κατὰ
1559 2323 1655 2386 τὰς
1680 2321 1847 2391 θρυλ-

275 2417 546 2488 λουμένας
574 2417 683 2471 τῶν
705 2417 876 2472 πάλαι
901 2434 917 2450 ·
955 2417 1195 2487 παρόσον
1236 2416 1333 2486 τῆς
1379 2415 1501 2469 τότε
1561 2413 1848 2483 Ῥωμαίων

279 2509 458 2580 ἀρχῆς
516 2509 820 2580 εὐρυτέρας
858 2506 1027 2577 οὔσης
1069 2511 1128 2562 εν
1174 2509 1389 2577 ⁴ίιπείρῳ
1432 2507 1527 2560 καὶ
1580 2506 1848 2575 θαλάσσῃ,

276 2601 379 2655 καὶ
412 2602 594 2670 σοφῶν
621 2600 832 2672 ἀνδρῶν
856 2599 1107 2672 πανταχῆ
1144 2601 1241 2671 τῆς
1297 2599 1626 2668 οίκουμένης
1665 2600 1850 2666 ἀκμα-

279 2693 506 2758 ζόντων.
540 2694 636 2747 καὶ
688 2694 906 2749 πάντων
943 2695 1043 2764 μεν
1078 2692 1435 2763 πατριαρχῶν
1499 2691 1706 2762 σχεδὸν,
1756 2692 1850 2745 καὶ

281 2782 604 2837 δπισκόπων
656 2783 766 2837 τῶν
818 2785 1107 2850 πλείστων,
1181 2785 1412 2854 ἑχόντων
1469 2783 1607 2852 μετὰ
1663 2782 1851 2850 σοφίας

283 2875 551 2944 ἀνάλογον
575 2875 668 2930 καὶ
694 2875 794 2946 τὴν
831 2877 888 2929 ιν
925 2877 1157 2947 δόγμασι
1189 2878 1406 2945 πεῖραν,
1434 2873 1508 2936 ώς
1556 2873 1700 2942 ἔχειν
1727 2876 1852 2935 τοὺς

279 2967 650 3037 διωκομένους
673 2968 936 3022 πλατεῖαν
965 2967 1064 3038 τὴν
1093 2968 1298 3038 χώραν,
1347 2967 1410 3020 lx
1444 2965 1605 3035 τῆσδε
1637 2965 1734 3034 τῆς
1762 2964 1855 3018 πό-

279 3059 421 3122 λεως
462 3058 686 3127 φεύγειν
724 3059 804 3122 είς
834 3057 932 3129 τὴν
959 3059 1174 3129 ιτέραν,
1205 3059 1466 3112 κάκεῖθεν
1526 3059 1605 3120 είς
1657 3059 1849 3125 ἄλλην.

282 3151 380 3204 καὶ
428 3149 582 3214 αὖθις
601 3149 814 3203 uno“
859 3151 1145 3203 έιιτεῦθεν·
1184 3148 1275 3200 κοὶ
1329 3145 1585 3200 δύνασθαι
1631 3147 1724 3200 τοῦ
1757 3151 1854 3216 μιν

279 3241 404 3304 ένδς
450 3240 849 3303 κινδυνεύοντος
877 3240 1103 3310 μέρους,
1128 3238 1236 3291 τῶν
1263 3239 1307 3292 δ’
1352 3239 1529 3292 ἀλλων
1581 3239 1847 3305 ὑγιαινόν-

279 3349 393 3387 των
423 3331 502 3386 δτι
543 3333 638 3385 καὶ
694 3330 1128 3399 ἀνθισταμένων,
1195 3328 1507 3398 ἐγείρεσθαι
1542 3331 1600 3382 τὸ
1637 3345 1853 3381 πεπτω·

283 3426 404 3488 κός.
442 3423 557 3477 Νῦν
591 3422 635 3478 δ’
669 3427 727 3476 ἐν
762 3427 908 3492 μόνῳ
933 3423 1010 3492 τῷ
1040 3422 1325 3492 Βυζαντίῳ
1353 3422 1544 3491 σχεδὸν
1567 3421 1667 3489 τῆς
1699 3419 1849 3482 δεου-

280 3520 405 3579 σίας
440 3515 841 3585 καθισταμένης
866 3515 1106 3582 ἀπάσης,
1127 3513 1542 3585 πατριαρχικῶν
1574 3513 1619 3567 δ’
1650 3513 1851 3580 ἐκκλη-

279 3608 419 3662 σιῶν
451 3611 546 3662 καὶ
586 3607 986 3673 έπισκοπικῶν,
1013 3608 1194 3675 ὀλίγον
1221 3608 1325 3662 δέω
1358 3606 1541 3674 λέγειν
1597 3605 1847 3670 ἁπασῶν,

279 3681 594 3770 γενομένων
633 3701 725 3768 ὑφ’
750 3701 980 3770 ἡγεμόσι
1042 3699 1363 3771 βαρϐάροις,
1407 3698 1502 3752 καὶ
1531 3697 1620 3752 διὰ
1676 3696 1850 3749 ταῦτα

279 3795 392 3849 τῶν
411 3794 718 3846 διωκόντων
742 3794 878 3863 ὀμοῦ
913 3794 1007 3846 καὶ
1037 3793 1404 3862 διωκομένων,
1436 3791 1634 3843 ταυτὸν
1678 3789 1724 3843 δ’
1775 3789 1852 3840 εί⁴

281 3887 406 3938 πείν
431 3885 611 3939 λύκων
640 3883 776 3951 ὁμοῦ
805 3882 898 3934 καὶ
921 3881 1144 3949 ἀρνίων,
1171 3883 1228 3934 έν
1261 3879 1469 3951 μάνδρα
1504 3879 1622 3948 μιᾷ,
1651 3878 1728 3945 τῷ
1748 3877 1851 3931 Βυ-

282 3978 485 4046 ζαντίῳ
519 3977 684 4045 φημὶ.
713 3973 1201 4044 συγκλεισθέντων,
1237 3973 1373 4040 μετὰ
1410 3970 1611 4038 πολλῆς
1667 3969 1848 4030 ἁδείας

280 4069 461 4124 τὸτοῦ
491 4067 728 4137 Χριστοῦ
764 4065 1074 4120 δαπανᾶται
1123 4063 1400 4131 ποίμνιον,
1454 4059 1684 4130 μηδενὸς
1745 4078 1848 4129 μη-

281 4162 432 4232 δαμῆ
493 4160 768 4230 μηδεμίαν
815 4156 1141 4223 καταφυγὴν
1200 4153 1418 4222 ἀσφαλῆ
1488 4151 1846 4222 κεκτημένου,

286 4253 414 4325 μηδ’
445 4255 502 4306 έν
521 4253 663 4323 ψυχῇ
686 4249 875 4303 λαϐεῖν
905 4247 1151 4301 ὁπωσοῦν
1192 4245 1492 4315 δυναμένου
1523 4245 1583 4297 τὸ
1637 4242 1845 4298 εὔελπι.

283 4349 398 4403 Καὶ
445 4345 654 4412 γίνεται
686 4343 745 4395 τὸ
774 4342 1010 4412 πρᾶγμα
1047 4336 1226 4407 πολλῷ
1287 4337 1590 4407 βιαιότερον
1639 4335 1756 4400 νῦν,
1813 4335 1844 4404 ἦ

281 4439 425 4491 κατὰ
492 4437 583 4488 τὸν
636 4432 939 4486 Αἰσώπειον
1003 4429 1172 4500 μῦθον
1229 4429 1452 4490 ἐκεῖνον,
1506 4419 1550 4494 ᾧ
1598 4425 1688 4478 ἐπὶ
1723 4442 1847 4478 και-

283 4524 382 4594 ροῦ
427 4521 706 4583 Βασίλειος
768 4521 797 4573 δ
861 4519 1032 4589 μέγας
1105 4518 1373 4588 ἐχρήσατο
1441 4515 1846 4585 παραδείγματι

1946 2048 2246 2119 sigillatlm,
2278 2065 2402 2122 qua
2443 2051 2747 2122 qullegnnt
2791 2053 2951 2108 facile
2976 2052 3078 2122 ipsi
3115 2060 3342 2121 possunt
3382 2066 3505 2107 cum

1947 2141 2111 2195 rebus
2139 2139 2414 2208 conferre,
2456 2152 2514 2197 ut
2543 2144 2845 2212 priscarum
2883 2157 3006 2198 cum
3049 2142 3333 2198 hodiernis
3356 2143 3512 2198 simi-

1947 2231 2121 2288 litudo
2156 2249 2222 2290 ex
2252 2234 2662 2304 comparatione
2689 2235 3019 2306 colligatur:
3057 2234 3187 2294 imo.
3220 2235 3395 2290 ausim
3430 2236 3512 2289 di-

1949 2338 2094 2390 cere,
2125 2335 2186 2380 ut
2215 2327 2388 2396 majus
2414 2325 2576 2381 hodie
2606 2326 2809 2380 malum
2838 2330 3072 2395 grassari
3118 2327 3510 2396 comperiatur,

1948 2432 2110 2488 quam
2137 2419 2340 2474 fuerint
2364 2432 2548 2476 vetera
2581 2431 2637 2475 et
2684 2421 3002 2492 pervulgata
3056 2419 3144 2475 illa
3173 2436 3189 2478 :
3224 2431 3512 2489 propterea

1949 2511 2096 2582 quod
2158 2511 2224 2564 iis
2281 2511 2646 2581 temporibus,
2703 2527 2828 2565 cum
2868 2511 3172 2564 Romanum
3225 2508 3510 2577 imperium

1954 2609 2094 2656 terra
2118 2611 2174 2656 et
2205 2602 2340 2656 mari
2369 2601 2940 2672 latiusjporrigeretur,
2967 2601 3238 2670 etubique
3269 2602 3511 2669 gentium

1952 2692 2056 2746 viri
2085 2693 2233 2748 docti
2280 2693 2565 2758 ﬂorerent,
2595 2693 2920 2763 patriarcha
2949 2703 3130 2747 autem
3162 2691 3277 2746 fere
3302 2707 3512 2748 omnes.

1950 2795 2008 2840 et
2036 2786 2278 2856 episcopi
2317 2786 2588 2856 plerique,
2642 2785 2853 2857 1035.
2894 2783 3206 2838 eruditione
3250 2784 3401 2851 juxta
3449 2798 3516 2835 nc

1953 2877 2267 2948 dogmatum
2316 2890 2419 2931 usu
2472 2884 2815 2942 prasstarent,
2860 2875 3116 2944 patebant
3169 2873 3510 2944 fugientibus

1955 2985 2146 3039 magna
2187 2969 2431 3023 locorum
2466 2969 2660 3038 spatia,
2684 2976 2742 3022 ut
2770 2967 2908 3038 pulsi
2959 2966 3060 3020 hac
3095 2967 3229 3019 urbe
3258 2966 3324 3020 .in
3352 2965 3512 3018 aliain

1955 3059 2224 3128 fugerent,
2264 3069 2317 3114 et
2346 3059 2468 3114 inde
2499 3061 2553 3112 in
2584 3059 2770 3120 aliam,
2803 3069 2857 3112 et
2892 3070 3085 3110 rursus
3111 3055 3234 3108 inde
3285 3055 3518 3108 aliovcr-

1955 3167 2074 3209 sum
2110 3169 2122 3205 :
2158 3154 2427 3220 adeoque,
2485 3151 2531 3204 si
2567 3164 2695 3219 pars
2728 3163 2834 3202 una
2873 3147 3170 3210 laboraret,
3232 3145 3352 3198 alia:
3384 3157 3517 3196 vero

1957 3243 2138 3298 adhuc
2163 3245 2408 3297 valerent
2439 3256 2503 3296 ac
2530 3243 2868 3304 resisterent,
2903 3247 3084 3309 posset
3111 3235 3246 3305 erigi
3282 3235 3332 3288 id
3369 3234 3514 3304 quod

1954 3335 2264 3390 cecidisset.
2299 3333 2409 3387 Hoc
2447 3342 2626 3386 autem
2669 3341 2934 3400 tempore,
2999 3341 3122 3382 cum
3180 3325 3520 3391 Omnislere

1951 3424 2289 3496 principatus
2313 3425 2365 3478 in
2397 3425 2514 3480 solo
2543 3423 2800 3494 Byzantio
2817 3420 3093 3484 consistit,
3139 3435 3262 3474 eum
3290 3419 3514 3487 patriar-

1951 3518 2136 3572 chales
2163 3516 2408 3571 ecclesia:
2429 3557 2442 3581 ,
2466 3525 2520 3570 et
2543 3514 2882 3585 episcopales
2931 3527 3066 3582 pene
3102 3509 3331 3565 dixerim
3395 3509 3519 3562 uni-

1954 3623 2147 3672 versae,
2200 3607 2541 3678 principibus
2593 3606 2842 3661 barbaris
2912 3603 3320 3673 subjiciuntur;
3359 3611 3523 3670 atque

1953 3700 2158 3754 idcirco
2182 3706 2562 3769 persecutores
2591 3695 2754 3752 simul
2789 3707 2843 3750 et
2877 3695 2913 3749 ii
2947 3693 3038 3764 qni
3068 3693 3511 3763 persecutionem

1952 3793 2253 3864 patiuntur,
2282 3806 2402 3854 seu,
2424 3789 2570 3860 quod
2616 3790 2758 3843 idem
2793 3797 2896 3849 est,
2951 3785 3076 3856 lupi
3127 3784 3438 3854 promiscue
3469 3790 3527 3836 et

1952 3884 2080 3954 agni
2115 3885 2167 3937 in
2195 3882 2389 3937 eodem
2415 3882 2571 3945 ovili,
2613 3879 2875 3950 Byzantio
2911 3879 3071 3943 urbe,
3130 3875 3483 3930 includuntur
3507 3913 3522 3936 ,

1951 3980 2055 4033 hoc
2080 3978 2298 4047 inquam
2335 3986 2578 4045 tempore
2597 3988 2728 4030 oves
2751 3972 2954 4028 Christi
2987 3985 3180 4041 magna
3208 3984 3331 4024 cum
3351 3968 3526 4022 licen-

1954 4073 2026 4128 tia
2062 4070 2478 4140 disperduntur,
2517 4069 2645 4139 quia
2687 4067 2838 4122 nulla
2872 4075 3047 4121 tutum
3079 4079 3309 4132 usquam
3334 4061 3526 4131 perfu-

1949 4162 2096 4230 gium
2131 4160 2315 4224 habet,
2358 4175 2457 4215 nec
2481 4175 2632 4228 spem
2661 4161 2855 4212 honam
2892 4155 3186 4225 concipere
3225 4155 3334 4207 ullo
3365 4151 3528 4206 riiodo

1951 4262 2146 4323 potest.
2176 4253 2252 4306 lta
2289 4254 2368 4315 fit,
2406 4263 2460 4306 ut
2488 4251 2749 4304 violentia
2777 4249 2945 4303 multo
2993 4262 3141 4302 nunc
3206 4247 3380 4314 major
3429 4258 3524 4298 srr-

1948 4349 2082 4406 viat,
2110 4332 2271 4412 quam
2308 4352 2643 4397 ntnarratnr
2684 4331 2746 4396 “in
2777 4341 2866 4395 illa
2912 4339 3105 4400 Ilisopi
3157 4338 3363 4399 fabula,
3413 4351 3522 4405 qua

1949 4451 2176 4506 magnus
2202 4434 2433 4488 Basilius
2460 4433 2514 4486 in
2552 4443 2797 4501 tempore
2826 4448 2957 4486 usus
2991 4440 3099 4490 est.
3134 4439 3190 4482 ut
3235 4429 3525 4482 immanem

1950 4532 2365 4593 persecuturum
2400 4522 2665 4578 saevitiam
2697 4537 2764 4575 eo
2793 4520 3042 4589 exemplo
3065 4518 3393 4572 declararet.

278 4616 420 4685 πρὸς
488 4613 829 4684 παράστασιν
888 4611 988 4681 τῆς
1050 4611 1344 4683 θηριώδεας
1403 4611 1508 4664 τῶν
1546 4611 1664 4664 τότε
1715 4611 1840 4664 διω-
1885 4623 1932 4681 D

280 4725 451 4762 uttuv.

357 4798 441 4855 H'.
475 4798 635 4854 Ἐπεὶ
665 4798 722 4852 δδ
747 4798 843 4851 καὶ
895 4797 997 4868 τῆς
1064 4797 1129 4850 δι’
1181 4796 1406 4864 ὀνείρων
1458 4794 1857 4863 ὴναγκάσμεθά

284 4908 404 4953 πως
433 4894 700 4961 μαντικῆς
739 4889 831 4944 ὑπ’
893 4889 1073 4943 αὐτῶν
1101 4890 1188 4942 διὰ
1229 4889 1449 4957 μνήμης
1512 4889 1683 4940 ἐλθεῖν
1719 4888 1853 4956 (59),

279 4986 352 5040 δι’
382 4981 461 5039 ὧν
502 4987 580 5047 είς
608 4985 676 5036 τὰ
715 4982 952 5054 μάλιστα
1005 4983 1104 5051 τῆς
1168 4981 1261 5032 τοῦ
1311 4982 1572 5050 βασιλέως
1631 4979 1856 5047 γνώμης

280 5079 389 5148 τὴν
421 5077 672 5130 εὐκολίαν
702 5075 1004 5145 ιξέπληξάν
1027 5092 1086 5126 τε
1125 5073 1323 5144 ῥᾳδίως
1356 5071 1450 5123 καὶ
1485 5072 1853 5140 ὑπηγάγοντο,

283 5172 422 5240 φέρε
486 5171 580 5222 καὶ
635 5169 763 5252 περὶ
812 5168 1018 5219 τούτων
1067 5165 1266 5246 μέτρια
1314 5163 1584 5231 λέξωμεν,
1634 5163 1726 5215 καὶ
1757 5162 1856 5214 ὅσα

283 5259 439 5325 παρὰ
471 5255 565 5308 τοῦ
593 5249 950 5323 προτεθέντος
997 5251 1199 5318 ἁρτὲως
1247 5251 1377 5317 ἡμῖν
1439 5251 1517 5309 εἰς
1549 5249 1858 5316 ἀρχέτυπον

283 5346 620 5416 ἀφηγήσεως
647 5343 932 5397 Βασιλείου
959 5340 1054 5393 τοῦ
1108 5340 1253 5391 θείου
1287 5338 1643 5408 έρανίσασθαι
1690 5339 1855 5407 δυνη-

283 5438 515 5505 θείημεν
544 5436 797 5499 ᾱν.”Τοὺς
828 5435 936 5504 γὰρ
966 5433 1159 5495 ἄλλους
1195 5432 1281 5485 διὰ
1325 5429 1620 5500 συντομίαν
1675 5432 1855 5501 παρήο

2033 4784 2170 4840 Vill.
2200 4784 2465 4850 Quoniam
2502 4798 2632 4837 vero
2656 4783 2774 4852 ejus
2809 4782 2982 4852 ipsius
3013 4796 3173 4851 quam
3205 4778 3407 4833 habent
3431 4792 3529 4848 per

1961 4878 2171 4931 somnia
2199 4878 2480 4932 divinandi
2515 4877 2795 4931 facultatis
2840 4876 3172 4930 mentionem
3211 4874 3393 4928 facere
3430 4889 3524 4926 co-

1960 4973 2064 5024 acti
2103 4972 2169 5025 ah
2199 4971 2303 5024 illis
2322 4985 2532 5033 smnus,
2559 4985 2664 5038 qua
2724 4967 3065 5038 potissimum
3129 4981 3187 5020 re
3242 4964 3523 5019 credulam

1962 5063 2312 5134 imperatoris
2342 5071 2579 5115 mentem
2617 5059 2779 5113 facile
2829 5057 3205 5127 perculerunt,
3271 5071 3334 5110 ac
3373 5055 3525 5109 velut

1961 5158 2222 5212 domitam
2249 5155 2602 5224 subegerunt,
2620 5167 2718 5221 age
2750 5151 2816 5204 de
2840 5149 2925 5203 his
2971 5149 3135 5203 etiam
3164 5163 3332 5217 pauca
3364 5162 3395 5201 a
3429 5162 3526 5201 no-

1963 5251 2042 5303 liis
2087 5248 2378 5309 dicantur;
2420 5262 2484 5300 ea
2529 5245 2760 5306 scilicet,
2803 5257 2926 5312 que
2969 5258 3036 5296 ex
3067 5249 3253 5296 sancto
3303 5239 3524 5302 Basilio,

1960 5356 2120 5410 quem
2175 5339 2331 5393 nobis
2389 5339 2441 5391 in
2490 5337 2576 5391 his
2618 5336 2780 5392 rebus
2831 5333 3150 5387 enarrandis
3199 5330 3524 5386 imitandum

1961 5433 2125 5486 modo
2155 5431 2562 5501 proposuimus,
2623 5441 2915 5496 corrogare
2969 5423 3207 5478 licuerit.
3246 5421 3380 5478 Nam
3421 5436 3524 5476 cae-

1637 5551 1956 5611 l'nriorum
1990 5560 2174 5612 noue-

361 5659 473 5739 [59)
502 5657 770 5739 Gregoras
802 5658 906 5710 hoc
936 5656 1054 5739 loco
1079 5654 1397 5738 .Palamitas
1429 5663 1600 5739 optat,
1635 5663 1692 5707 ut
1723 5669 1848 5739 pro-

284 5733 420 5800 pri'h'
445 5724 670 5782 somniis
698 5729 956 5800 intentos.
982 5731 1047 5800 At
1079 5727 1178 5793 ipsi
1203 5740 1419 5792 quoque
1438 5724 1706 5800 ﬁregorac
1724 5725 1846 5800 ΡΙιί-

281 5793 507 5857 letheus
538 5797 839 5868 patriarcha
871 5799 1157 5853 Antirrhrt.
1221 5811 1313 5859 xu,
1350 5795 1470 5848 cod.
1516 5793 1644 5864 lleg.
1690 5795 1842 5854 l‘J‘Jh’,

1955 5657 2048 5710 fol.
2079 5656 2204 5716 297,
2231 5654 2483 5711 eumdem
2515 5653 2761 5707 morbum
2790 5650 3012 5716 ohjicit;
3051 5665 3155 5719 qua
3180 5647 3245 5703 de
3278 5661 3333 5701 re
3363 5645 3519 5716 plura

1958 5742 2056 5783 nos
2089 5743 2251 5797 stupra
2286 5727 2336 5781 in
2375 5727 2489 5780 Vita
2527 5725 2799 5794 Gregot'w.
2831 5723 3040 5777 Bomx.
