4240 6460
240 399 378 462 1317
626 402 698 474 [Α.
739 418 788 460 c.
833 405 992 478 l55l]

1138 410 1578 473 BYZANTlN/E
1614 407 1996 470 HlSTORI/E
2035 411 2180 474 LIB.
2220 411 2409 471 XXII.

2500 494 2506 499 _
2542 413 2674 481 [tum
2711 427 2755 466 ι.
2804 449 2816 466 .
2847 428 3130 472 caucos.
3160 420 3215 490 5]
3327 425 3464 486 1318

233 514 333 581 τῆς
369 515 543 584 ψυχῆς
582 517 814 586 βελτίονι
860 524 1055 592 μέρει,
1095 523 1191 576 νῦν
1229 523 1327 594 μέν
1365 524 1574 594 θατέρῳ
1603 524 1802 593 μᾶλλον

1907 529 2018 573 tum
2051 522 2256 591 1041
2293 531 2500 587 tenent,
2534 525 2588 578 in
2627 536 2892 594 quantum
2943 530 3155 585 scilicet
3193 535 3465 589 excellvnn

233 605 411 668 ἐνίους
469 608 577 660 τῶν
642 611 810 663 πάλαι
853 615 1118 683 παρέχειν
1181 616 1361 683 σοφῶν
1409 614 1509 686 τὴν
1555 615 1798 684 βελτίονα

236 701 437 767 μοῖραν
488 701 786 772 ἀκούομεν,
831 705 925 757 νῦν
966 709 1009 760 δ’
1059 709 1236 771 ἐνίους
1298 709 1532 778 θατέρῳ.
1588 710 1650 762 'll
1700 710 1797 778 μέν

233 790 345 860 γὰρ
375 792 482 842 τῶν
509 795 822 848 ἐνεστώτων
853 799 1217 870 ἀντιληπτικὴ
1251 803 1346 854 καὶ
1390 803 1673 871 παρόντων
1702 803 1800 870 μό-

231 899 327 935 νον
357 884 389 949 ἡ
419 883 542 952 ὄψις
578 886 902 957 ὑπάρχουσα
959 891 1410 961 δραστικωτέραν
1447 894 1597 963 ὅμως
1625 895 1700 956 ὡς
1729 894 1796 947 τὰ

233 973 409 1025 πολλά
453 977 552 1045 τὴν
593 979 702 1031 τῶν
732 980 1107 1051 ὑποκειμένων
1152 987 1465 1056 παρέχεται
1488 987 1690 1053 γνῶσιν
1713 1005 1727 1018 ο
1761 989 1793 1057 ἡ

233 1063 282 1113 δ’
314 1065 452 1135 ἀκοὴ
479 1067 827 1139 ἀμϐλυτέραν
858 1074 956 1142 μέν
987 1092 1127 1141 πως,
1159 1076 1506 1146 πλατυτέραν
1536 1078 1583 1130 δ’
1621 1079 1794 1148 ὅμως.

234 1151 360 1203 Τῶν
385 1170 443 1205 τε
470 1155 574 1224 γὰρ
609 1160 891 1227 παρόντων
931 1163 1172 1232 εὐχερῶς
1203 1165 1672 1236 ἀντιλαμϐάνεται
1702 1174 1795 1221 καὶ

230 1241 348 1295 τῶν
379 1246 629 1300 ἀπόντων
663 1250 738 1313 ὼς
773 1242 1068 1322 Τπαρόντων
1100 1257 1442 1322 αἰσθάνεται,
1497 1260 1796 1329 δαιμονίως

231 1335 334 1397 τὰς
358 1341 590 1402 τοπικὰς
645 1343 998 1399 συνάπτουσα
1043 1345 1375 1412 διαστάσεις.
1408 1350 1472 1403 El
1506 1351 1563 1404 δέ
1589 1369 1667 1421 τῳ
1719 1352 1796 1422 μὴ

231 1426 493 1489 φορτικὸς
518 1426 547 1476 ό
577 1425 756 1494 λόγος,
805 1428 948 1498 αὕτη
1008 1434 1106 1486 καὶ
1144 1433 1255 1486 τῶν
1289 1435 1593 1504 μελλόντων
1623 1439 1798 1510 ἐρμη-

230 1515 359 1576 νεὺς
389 1516 582 1584 ὁρᾶται
606 1521 719 1581 τοῖς
757 1523 874 1587 νῦν,
918 1524 972 1575 εί
994 1541 1076 1586 τις
1134 1527 1339 1598 Μωσῆς
1386 1531 1479 1582 καὶ
1512 1532 1676 1583 Δαϐἱδ
1709 1533 1795 1586 διὰ

233 1601 552 1672 Πνεύματος
606 1607 750 1663 θείου
791 1612 891 1683 τὴν
919 1615 1122 1668 τούτων
1155 1617 1512 1682 ἀποθεσπίζει
1541 1623 1794 1692 πρόγνω-

158 1762 163 1764 _
231 1709 341 1747 σιν.
387 1697 451 1748 Ei
499 1694 591 1750 οὖν
635 1703 694 1751 ἐν
729 1705 839 1766 τοῖς
885 1705 1058 1768 ἄλλως
1085 1706 1270 1774 ἔχουσι
1304 1710 1628 1781 πράγμασιν
1649 1712 1793 1767 οῦτω

225 1785 382 1837 ταῦτ’
415 1787 548 1857 ἔχει,
592 1793 686 1844 καὶ
736 1797 1038 1864 χρημάτων
1073 1799 1171 1852 καὶ
1201 1801 1420 1870 χωρίων
1469 1803 1681 1873 κρίσεις
1733 1807 1790 1858 αί

227 1876 452 1941 πλείους
511 1883 975 1953 αὐτοπροσὼπους
1031 1890 1384 1960 ἐπιζητοῦσιν
1447 1895 1789 1962 ἐπιστασίας,

225 1971 327 2022 καὶ
365 1971 559 2039 χρόνου
589 1973 802 2029 δέονται
835 1979 1173 2050 μακροτέρου
1194 1981 1472 2048 πολλάκις,
1492 1987 1589 2039 καὶ
1615 1986 1793 2055 ὅψεως

237 2062 355 2129 ἅμα
386 2061 480 2115 καὶ
509 2065 680 2133 ἀκοῆς
707 2068 764 2118 ἐν
787 2069 969 2139 ταυτῷ
989 2069 1055 2123 τὰ
1097 2075 1362 2144 κριτήρια
1391 2074 1479 2128 διὰ
1510 2076 1607 2148 τὴν
1624 2079 1788 2146 ἀκρίο

228 2154 384 2207 ϐειαν
406 2157 716 2223 τάσφαλοῦς
748 2162 1061 2228 ἀπαιτοῦσι,
1081 2157 1199 2225 πῶς
1225 2166 1324 2218 οὐκ
1357 2166 1422 2220 ἄν
1445 2184 1528 2232 τις
1559 2170 1791 2224 ἐνταῦθα

229 2243 294 2295 τὸ
323 2244 414 2297 τοῦ
447 2247 875 2314 ὑπερϐάλλοντος
898 2251 1120 2322 ὄφλημα
1144 2257 1256 2319 τοῖς
1296 2255 1564 2328 δόγμασιν
1590 2261 1790 2317 ἐνεῖναι

226 2334 328 2400 τῆς
367 2334 459 2387 τοῦ
485 2337 620 2388 Θεοῦ
638 2339 964 2410 Ἐκκλησίας
999 2343 1283 2415 σταθμῷτο
1317 2347 1456 2417 μετά
1478 2349 1671 2404 πολλοῦ
1693 2353 1787 2406 τοῦ

222 2427 577 2496 κρείττονοςς
622 2433 814 2486 Δοτέον
844 2433 936 2487 οὑν
969 2437 1065 2489 καὶ
1097 2440 1247 2508 ἡμῖν,
1272 2439 1367 2494 καὶ
1402 2444 1546 2512 μετὰ
1587 2445 1787 2514 πολλῆς

224 2517 325 2569 καὶ
359 2520 563 2590 σφόδρα
596 2526 1154 2598 κατεσπουδασμένης
1196 2531 1432 2602 ἐρεύνης
1469 2535 1788 2599 ἐξεταστέον

222 2610 364 2659 κάπὶ
399 2616 628 2680 μακροῖς
659 2617 1024 2687 νυχθημέροις
1051 2620 1120 2673 τὰ
1141 2621 1238 2675 νέα
1272 2624 1434 2677 ταυτὶ
1459 2627 1809 2697 γράμματα..

223 2700 366 2762 Τοὺς
396 2703 501 2772 γὰρ
558 2705 665 2756 τῶν
703 2706 877 2775 λόγων
932 2711 1151 2773 καινοὺς
1195 2715 1289 2768 καὶ
1338 2717 1552 2787 κρίσεις
1593 2722 1786 2786 καινὰς

221 2790 527 2861 ἐπιφέρειν,
562 2797 724 2864 φασὶν
759 2800 806 2850 οί
833 2801 1005 2867 σοφοὶ,
1031 2801 1096 2870 ἢν
1141 2806 1216 2873 μὴ
1245 2805 1380 2859 Θεοῦ
1426 2810 1620 2876 μεστός
1651 2829 1732 2874 τις
1758 2815 1786 2865 ό

223 2883 571 2950 καινοτομῶν
617 2879 676 2958 ᾖ,
716 2888 812 2939 καὶ
869 2884 980 2952 οἷος
1019 2894 1047 2944 ό
1077 2893 1310 2964 θεόπτης
1338 2896 1542 2961 ἐκεῖνος
1571 2901 1784 2972 ὑπῆρχε

224 2970 456 3038 Μωσῆς,
482 2974 510 3025 ὁ
536 2974 603 3025 τὰ
637 2977 808 3044 μυρία
841 2979 949 3030 τῶν
993 2979 1262 3051 Ἐϐραίων
1303 2988 1647 3055 στρατόπεδα
1695 2970 1784 3044 διὰ

219 3061 334 3114 τῶν
380 3062 568 3132 ὑγρῶν
613 3065 714 3133 τῆς
758 3067 1034 3139 θαλάσσης
1065 3071 1322 3126 ἀϐύσσων
1348 3075 1423 3140 ὠς
1450 3076 1519 3130 δι’
1540 3079 1782 3150 ἀνύδρων

1900 612 2027 664 tiori
2057 613 2222 666 animi
2265 614 2406 682 parti
2434 615 2764 671 inserviunt.
2795 619 2872 672 Ex
2905 622 3186 676 veteribus
3217 623 3482 691 philuqu

1898 698 2023 772 phis
2055 704 2145 758 alii
2183 706 2333 771 huic,
2379 706 2467 760 alii
2515 707 2593 762 illi
2641 709 2848 777 primas
2880 712 3150 765 tribuunt.
3192 716 3267 768 Ac
3315 717 3464 771 visus

1898 790 2145 858 quidem,
2181 795 2398 847 tametsi
2429 810 2493 848 ea
2530 803 2742 849 tantum
2784 801 3067 868 percipere
3108 811 3308 870 potem,
3341 820 3485 871 qua“

1897 881 2096 935 adsunt
2123 892 2179 937 et
2217 886 2510 951 praesentia
2547 886 2935 953 obversantur,
2978 900 3156 946 tamen
3194 893 3461 948 cllicacio-

1898 987 2010 1025 rem
2065 973 2388 1044 plerumque
2447 992 2632 1031 rerum
2691 979 3028 1049 obiectarum
3092 986 3457 1052 cognitionem

1896 1065 2042 1131 parit
2086 1083 2098 1117 :
2153 1068 2376 1121 auditus
2411 1085 2542 1123 vero
2577 1071 2912 1127 ltebetiorcm
2944 1076 3368 1144 quodammodo,
3401 1089 3456 1132 at

1893 1154 2059 1210 latius
2095 1158 2384 1227 tlill‘usam;
2429 1171 2616 1230 utpote
2648 1165 2738 1232 qui
2771 1175 2825 1219 et
2864 1170 3154 1235 praesentia
3190 1171 3343 1224 facile
3373 1189 3460 1224 ar-

1898 1247 2047 1313 ripit.
2093 1255 2150 1301 et
2199 1249 2445 1304 locorum
2483 1253 2784 1308 intervallis
2811 1255 3082 1325 disjuncta
3124 1258 3201 1312 sic
3232 1262 3461 1329 conjun-

1895 1336 1974 1405 git
2008 1336 2354 1406 mirabiliter,
2387 1349 2446 1394 ut
2477 1342 2784 1397 absentium
2822 1353 3075 1413 tanquam
3105 1352 3455 1417 praesentium

1895 1446 2058 1485 sensu
2092 1430 2359 1486 afﬁciatur
2396 1450 2411 1486 :
2447 1434 2832 1503 eamdemque,
2869 1437 2914 1490 si
2945 1437 3027 1491 las
3052 1439 3260 1503 dicere,
3292 1444 3456 1498 etiam

1895 1523 2202 1576 futurorum
2235 1524 2302 1578 iis
2332 1524 2425 1591 qui
2456 1539 2602 1578 nunc
2632 1526 2824 1581 vivunt
2854 1527 3208 1597 interpretem
3237 1534 3458 1589 exsiste-

1894 1629 1954 1668 re
1998 1615 2270 1680 videmus,
2319 1618 2364 1670 si
2390 1617 2523 1685 'quis
2554 1618 2638 1671 vel
2672 1619 2867 1686 Moses,
2902 1622 2984 1675 vel
3037 1621 3228 1684 David.
3268 1625 3456 1681 divino

1895 1705 2100 1775 Spiritu
2137 1708 2371 1772 amatus,
2405 1711 2734 1781 praecognita
2763 1727 2829 1767 ea
2862 1715 3215 1770 vaticiuetur.
3256 1718 3313 1772 Si
3353 1719 3454 1773 ita-

1891 1813 2000 1866 que
2029 1799 2084 1851 in
2119 1797 2188 1853 iis
2216 1800 2403 1861 rebus,
2437 1815 2666 1868 quarum
2698 1801 2913 1858 diversa
2945 1814 3028 1859 est
3053 1806 3215 1872 ratio,
3243 1807 3316 1862 ita
3338 1809 3454 1866 haec

1895 1901 1953 1938 se
1988 1886 2224 1954 habent;
2257 1887 2302 1942 si
2334 1887 2592 1956 pleraque
2623 1889 2690 1942 de
2719 1891 2970 1958 pecuniis
3015 1903 3072 1946 et
3119 1895 3341 1963 praediis
3366 1897 3456 1965 ju-

1893 1977 2035 2033 dicia
2077 1980 2347 2034 oculatam
2394 1989 2451 2035 et
2502 1989 2765 2036 attentam
2823 1983 3217 2053 inspectiouem
3270 1991 3454 2058 requi-

1893 2081 2042 2136 runt,
2077 2087 2140 2126 ac
2171 2073 2333 2143 longo
2362 2087 2502 2141 saepe
2533 2083 2780 2142 tempore
2806 2087 2984 2144 egent,
3017 2086 3093 2140 ct,
3125 2090 3186 2132 ut
3215 2081 3452 2136 certiora

1891 2165 2022 2229 sint,
2070 2174 2365 2236 utrumque
2411 2168 2596 2232 simul,
2643 2169 2922 2223 oculorum
2963 2171 3085 2225 dico
3129 2180 3185 2225 et
3235 2175 3448 2228 aurium

1890 2272 2118 2314 examen
2149 2259 2504 2329 coniunctum
2530 2259 2789 2328 exigunt;
2822 2261 3016 2331 quidni
3041 2263 3143 2318 hoc
3177 2263 3319 2330 loco,
3350 2267 3447 2322 ubi

1889 2351 1958 2406 de
1985 2351 2246 2406 Ecclesiae
2263 2351 2360 2406 Dei
2391 2351 2659 2422 dogmatis
2685 2355 2883 2422 agitur,
2916 2353 2968 2406 id
2998 2355 3331 2411 cumulatius
3355 2357 3449 2411 de»

1891 2442 2022 2497 bere
2046 2444 2290 2513 praestari
2321 2444 2480 2514 longe
2507 2445 2708 2514 potiori
2735 2446 2856 2512 jure
2881 2445 3112 2514 quisque
3136 2447 3449 2501 existimet?

1889 2530 1956 2586 Et
1983 2532 2141 2587 nobis
2174 2534 2340 2601 igitur
2370 2545 2509 2611 nova
2542 2535 2631 2588 illa
2663 2536 2881 2589 decreta
2912 2534 3029 2587 dari
3064 2546 3300 2604 oportet,
3329 2553 3450 2605 qua:
3523 2548 3534 2562 ‘

1885 2621 2060 2675 multo
2093 2632 2150 2677 et
2186 2623 2607 2692 diligentissimo
2651 2628 2903 2683 examine
2953 2633 3130 2703 longis
3164 2635 3355 2690 diebus
3393 2644 3450 2690 et

1887 2715 2140 2769 noctibus
2168 2717 2600 2786 perpendamus.
2630 2719 2759 2786 Qum
2789 2723 2934 2776 enim
2972 2742 3110 2780 nove
3142 2727 3286 2781 dicta
3328 2743 3450 2797 pro-

1886 2803 2157 2870 feruntur,
2186 2821 2250 2859 ea
2279 2807 2436 2860 novis
2467 2807 2691 2876 iudiciis
2725 2811 3030 2868 subeundis
3064 2815 3299 2870 obnoxia
3327 2832 3448 2871 esse

1886 2896 2159 2964 sapientes
2193 2900 2582 2965 pronuntiant;
2640 2901 2742 2955 nisi
2795 2903 2840 2956 is
2885 2905 2978 2972 qui
3032 2921 3171 2960 nova
3215 2908 3444 2976 profert,

1885 2989 2106 3043 numine
2150 2990 2223 3043 sit
2267 2991 2498 3057 plenus;
2532 2992 2711 3060 qualis
2741 2993 2843 3046 fuit
2874 2993 2964 3048 ille
3009 2995 3176 3050 Deum
3210 3013 3448 3065 praesen-

1885 3090 1992 3135 tem
2025 3081 2258 3134 intuitus
2286 3082 2489 3144 Moses;
2522 3083 2616 3151 qui
2643 3084 3073 3140 innumerabiles
3099 3088 3311 3159 1052
3335 3090 3444 3144 He-

219 3149 567 3221 διαϐισάσας,
599 3158 694 3210 καὶ
740 3159 1050 3214 τούναντίον
1079 3163 1148 3217 αὖ
1178 3165 1266 3218 διὰ
1297 3168 1394 3237 τῆς
1433 3149 1785 3240 ἀνύδρουπέ-

1886 3173 2155 3228 ιπαεοτυηι
2188 3175 2462 3229 exercitus
2513 3190 2608 3243 per
2659 3176 2900 3246 liquidos
2959 3181 3126 3235 maris
3174 3183 3439 3252 gurgites,

221 3259 363 3311 τρας
412 3247 527 3312 ῥεῖν
581 3246 792 3303 ὑδάτων
835 3250 1114 3314 θαλάσσας
1162 3262 1609 3327 παρασκευάσας.
1644 3263 1781 3316 Θεοῦ

1884 3266 2036 3320 velut
2084 3281 2183 3335 per
2221 3266 2435 3320 aridum
2489 3267 2688 3331 solum,
2741 3271 3066 3336 transmisit,
3102 3281 3157 3326 et
3203 3272 3442 3328 vicissim

217 3334 334 3404 γὰρ
350 3336 659 3401 κελεύοντός
681 3356 742 3393 τε
768 3344 864 3395 καὶ
895 3346 1306 3418 συναιρομένου,
1332 3353 1428 3404 καὶ
1454 3353 1612 3422 νόμοι
1630 3353 1783 3406 λύον-

215 3440 311 3476 ται
343 3425 576 3512 φύσεως.
609 3428 710 3481 Ἦν
743 3429 799 3483 δέ
827 3445 911 3494 τις
929 3431 1039 3484 τῶν
1071 3433 1179 3487 ἀπὸ
1199 3438 1407 3506 τρυφῆς
1429 3441 1521 3492 καὶ
1549 3441 1647 3511 τῆς
1685 3443 1781 3512 όψέ

218 3511 534 3580 κραιπάλης
559 3512 726 3567 ἐωθεν
743 3516 1143 3574 ἀνατελλόντων
1170 3518 1226 3595 ᾖ,
1255 3525 1469 3596 ἀνάγκη
1500 3511 1781 3600 νοσήματα

219 3602 458 3670 φύεσθαι
484 3605 731 3677 μοχθηρὰ
759 3609 856 3661 καὶ
880 3611 1216 3678 παντοδαπά,
1236 3616 1327 3667 καὶ
1341 3615 1611 3687 διαφόρων
1635 3623 1781 3675 alca-

217 3695 407 3763 γωγὰς
432 3697 697 3766 αἱρέσεων
730 3701 868 3769 πρὸς
900 3702 1000 3773 τὴν
1031 3705 1382 3761 καθεστῶσαν
1429 3713 1492 3764 ἐκ
1549 3713 1778 3768 παλαιοῦ

213 3788 518 3852 αἶιτείαν,
561 3789 656 3841 καὶ
687 3789 976 3855 ἀναλύσεις
1005 3795 1338 3868 δογματικῆς
1367 3800 1650 3870 ἁρμονίας,
1685 3805 1779 3858 καὶ

219 3876 471 3946 στάθμης
496 3879 713 3950 ἀπάσης
741 3880 1169 3953 εὐνομουμένης.
1201 3889 1404 3960 Διόπερ
1425 3891 1526 3943 οὐκ
1550 3892 1776 3947 ἀταλαί-

208 3969 407 4036 πωρόν
436 3986 559 4022 τινα
589 3970 682 4023 καὶ
711 3972 949 4039 μάλιστά
972 3991 1058 4026 τοι
1079 3975 1281 4030 εὐωνον
1318 3980 1568 4048 ἡγεῖσθαι
1597 3984 1777 4053 χρεὼν

209 4061 319 4128 τὴν
356 4060 456 4129 τῆς
507 4061 769 4132 ἀληθείας
801 4063 1039 4134 εὕρεσιν.
1075 4066 1161 4138 [Ρ.
1196 4069 1325 4142 655]
1354 4073 1428 4124 Οὐ
1471 4074 1579 4144 γὰρ
1608 4077 1774 4130 αὐτο-

215 4149 403 4219 σχέδια
438 4153 532 4204 καὶ
557 4151 846 4222 αὐτόματα
876 4155 1127 4222 φύεσθαι,
1160 4161 1413 4230 καθάπερ
1447 4164 1546 4227 τὰς
1575 4166 1634 4219 ἐν
1664 4171 1776 4232 τοῖς

207 4242 405 4295 ἄλσεσι
446 4243 663 4312 βάτους,
697 4245 856 4314 ίσμεν
883 4249 950 4302 τὰ
977 4251 1224 4322 χρήσιμα
1247 4270 1262 4285 ο
1288 4255 1425 4310 ἀλλὰ
1467 4258 1641 4322 πόνοις
1669 4279 1776 4314 πα-

213 4334 407 4403 ρεμιξε
439 4335 732 4401 πλείστοις,
773 4340 869 4392 καὶ
902 4340 1100 4410 κομιδῆ
1132 4347 1364 4415 μακροῖς
1412 4349 1772 4419 περιετείχισε

205 4428 324 4488 τοῖς
359 4426 594 4496 ἱδρῶσιν,
611 4429 640 4481 ὃ
659 4445 822 4499 τιπερ
852 4433 1145 4500 κεφάλαιον
1171 4435 1280 4488 τῶν
1306 4436 1406 4503 τῆς
1425 4439 1604 4509 ψυχῆς
1631 4445 1769 4510 ἀγα.

1882 3357 2087 3422 ell‘ecit,
2121 3367 2178 3410 ut
2203 3373 2300 3426 per
2327 3359 2536 3411 aridam
2567 3368 2773 3428 petram
2802 3375 3066 3430 aquarum
3097 3363 3179 3417 vis
3208 3366 3442 3421 maxima

1882 3449 2097 3504 ﬂueret.
2130 3450 2350 3506 Scilicet
2381 3451 2489 3504 Deo
2510 3451 2740 3522 jobcnte
2771 3465 2826 3507 et
2859 3453 3150 3524 adjuvante
3184 3457 3313 3526 ipsae
3337 3458 3444 3513 sol-

1882 3553 2086 3597 vuntur
2118 3544 2264 3609 leges
2293 3552 2521 3597 naturae.
2555 3547 2622 3598 At
2653 3545 2697 3599 si
2742 3544 2791 3599 is
2835 3546 2906 3600 sit
2935 3563 3077 3602 unus
3111 3563 3178 3603 ex
3223 3549 3310 3612 iis,
3343 3550 3438 3620 qui

1879 3649 1946 3690 ex
1985 3636 2113 3690 luxu
2146 3645 2200 3691 et
2235 3649 2502 3690 nocturna
2543 3639 2762 3707 crapula
2795 3639 3017 3693 excitati
3054 3655 3213 3696 mane
3241 3657 3436 3711 exper-

1879 3727 2187 3798 giscuntur,
2218 3728 2463 3796 profecto
2492 3743 2714 3783 necesse
2749 3737 2856 3796 est,
2888 3731 3229 3798 perniciosos
3256 3735 3438 3790 omnis

1877 3820 2095 3890 generis
2147 3820 2369 3874 morbos
2419 3820 2702 3885 exsistere,
2751 3830 2807 3874 et
2859 3823 3043 3876 varias
3097 3823 3333 3880 haereses
3382 3827 3438 3882 in

1879 3912 2230 3965 constitutam
2266 3913 2572 3981 antiquitus
2596 3912 2945 3982 disciplinam
2984 3914 3192 3975 invehi.
3229 3924 3285 3970 et
3313 3916 3439 3971 har-

1877 4004 2119 4057 moniam
2149 4004 2512 4072 dogmatit-am
2549 4005 2876 4074 regulasque
2923 4020 3113 4060 omnes
3167 4005 3441 4077 legitimas

1878 4094 2084 4148 aboleri
2123 4103 2287 4163 atque
2324 4094 2576 4149 dissolvi.
2624 4095 2744 4150 Non
2782 4095 2948 4150 debet
2978 4097 3163 4165 itaque
3192 4099 3439 4154 veritatis

1877 4185 2221 4256 investigatio
2254 4186 2399 4241 facili
2434 4186 2622 4241 labore
2655 4186 2912 4256 parabilis
2949 4196 3005 4242 et
3040 4188 3264 4240 minimo
3309 4204 3435 4258 pre-

1877 4280 1952 4332 tio
1995 4279 2203 4333 venalis
2249 4279 2570 4334 existimari.
2625 4280 2760 4334 Nam
2807 4296 2928 4349 qua:
2978 4281 3135 4334 utilia
3175 4291 3323 4343 sunt,
3369 4296 3436 4335 ea

1876 4383 1982 4421 non
2008 4367 2259 4422 videmus
2282 4369 2470 4423 subito
2507 4378 2562 4423 et
2591 4384 2688 4423 sua
2719 4379 2911 4438 sponte
2954 4371 3128 4434 nasci,
3163 4381 3222 4424 ut
3266 4369 3439 4426 rubos

1876 4456 1928 4509 in
1964 4455 2135 4510 silvis.
2182 4457 2334 4521 Quod
2384 4465 2566 4511 autem
2611 4471 2882 4512 summum
2923 4470 3008 4511 est
3057 4459 3222 4511 animi
3257 4458 3430 4513 bono-

207 4517 341 4572 θῶν.
375 4518 440 4571 τί
469 4520 513 4571 δ’
545 4521 672 4573 ἄλλο
695 4523 839 4593 ψυχῇ
871 4526 1196 4595 τιμιώτερον
1225 4528 1500 4601 άγαθὺν,ῆ
1534 4535 1771 4599 πίστεως
1801 4526 1807 4582 1

1876 4563 2019 4610 rum,
2075 4546 2128 4600 id
2176 4517 2444 4616 plurimos
2491 4548 2708 4603 labores
2758 4548 3096 4605 intermistos
3141 4549 3324 4614 habet,
3375 4558 3435 4605 et

203 4610 448 4680 ἀκριϐὴς
494 4614 764 4681 ἀσφάλεια
822 4617 962 4686 πρὸς
1009 4619 1166 4682 Θεόνς
1226 4619 1482 4690 Σώματος
1520 4623 1616 4694 μέν
1661 4626 1768 4695 γὰρ

205 4702 492 4770 νοσήματα
528 4705 721 4767 παῖδας
768 4707 969 4776 ίατρῶν
1016 4708 1329 4762 είσκαλοῦσι
1391 4711 1765 4782 θεραπευτάς·

200 4793 314 4847 κᾶν
347 4795 421 4865 μὴ
453 4795 731 4866 εὐστοχεῖν
764 4799 834 4861 τὸ,
859 4798 1184 4868 σπούδασμα
1209 4801 1361 4872 δόξῃ,
1388 4803 1450 4855 τὸ
1481 4803 1674 4874 βλάϐος
1706 4807 1767 4859 οὐ

199 4887 348 4941 ’πάνυ
372 4905 457 4940 τοι
484 4888 740 4957 χαλεπὸν,
772 4891 895 4943 οὐδέ
928 4892 1022 4946 τοῦ
1053 4896 1322 4964 παρόντος
1354 4897 1471 4967 βίου
1506 4901 1770 4971 μακρότε-

202 4992 334 5048 ρονο
363 4977 436 5030 τὰ
455 4977 513 5031 δὲ
548 4979 658 5034 τῶν
689 4979 849 5036 θείων
890 4981 1180 5053 δογμάτων
1231 4987 1642 5061 ἀρρωστήματα
1669 4993 1767 5064 οὐχ

198 5069 457 5138 αίμάτων
485 5070 720 5140 ῥήγνυσι
759 5072 998 5141 ῥύακας,
1026 5075 1145 5127 ἀλλ’
1170 5079 1309 5149 αὐτῇ
1356 5096 1420 5148 γε
1445 5082 1766 5154 αὐτόχρημα

197 5162 269 5228 τῇ
317 5159 499 5213 πίστει
549 5162 779 5250 παρέχει
829 5165 931 5234 τὴν
984 5165 1212 5238 βλάϐην,
1245 5172 1586 5242 ἀναίμακτον
1639 5179 1765 5245 μὲν,

200 5250 342 5304 ἁ).λά
375 5252 518 5320 μάλα
572 5269 657 5306 τοι
715 5253 922 5323 σφόδρα
959 5259 1178 5329 καιρίαν
1207 5262 1302 5315 καὶ
1330 5263 1509 5334 ψυχῆς
1551 5268 1767 5322 αίώνιον
1812 5301 1822 5308 ~

199 5341 301 5394 καὶ
327 5342 593 5396 ἀθάνατον
623 5343 968 5413 πράττουσαν
1004 5349 1254 5416 θάνατον,
1287 5348 1355 5423 ἦς
1388 5357 1588 5425 κόσμος
1620 5357 1763 5425 ἄπας

198 5432 309 5484 οὐκ
364 5432 511 5486 ἐστιν
569 5434 843 5502 ἀντάξιος.
895 5440 987 5492 Διὸ
1036 5444 1477 5513 παρῤησιαστέον
1526 5450 1643 5505 ἐστὶ
1699 5453 1765 5506 τὰ

194 5521 450 5588 τοιαῦτα,
479 5526 571 5577 καὶ
604 5526 709 5595 πρό
742 5544 808 5594 γε
845 5529 1053 5583 τούτων
1107 5536 1232 5597 τοὺς
1290 5538 1532 5602 ἐκείνους
1589 5542 1765 5595 λιϐἑλ-

195 5617 350 5678 λους,
380 5615 477 5677 τὰς
525 5618 635 5670 τῶν
684 5620 1061 5688 ἐπταισμένων
1097 5628 1385 5694 μετανοίας
1413 5634 1761 5701 κομίζοντας,

195 5707 289 5760 ἵνα
325 5709 399 5776 μὴ
433 5710 613 5779 χεῖρον
643 5714 708 5782 τῇ
740 5712 1036 5786 Ἐκκλησία
1082 5717 1143 5770 τὸ
1173 5719 1377 5790 σχίσμα
1406 5724 1660 5796 γένηται.
1699 5727 1761 5782 El

189 5799 252 5854 Gl
288 5816 351 5868 γε
382 5800 455 5870 μὴ
489 5801 786 5872 βούλοισθε,
815 5805 895 5870 τίς
932 5806 1009 5860 ἔτι
1042 5812 1196 5880 χρεία
1231 5816 1558 5886 μαρτύρωνς
1596 5819 1761 5873 Αὐτοὶ

1871 4639 2126 4693 maximis
2155 4636 2447 4693 sudoribus
2476 4639 2704 4709 objectis
2730 4639 3102 4709 praecluditur.
3132 4639 3273 4705 Quid
3306 4655 3431 4708 por-

1873 4744 1933 4784 ro
1978 4730 2272 4798 pretiosius
2323 4732 2519 4784 animai
2566 4740 2668 4795 est,
2712 4745 2875 4799 quam
2915 4730 3166 4799 religiosa
3199 4740 3251 4785 et
3302 4745 3432 4784 cou-

1870 4833 2020 4874 stans
2047 4835 2187 4874 verae
2221 4836 2351 4890 erga
2399 4821 2570 4874 Deum
2602 4821 2724 4875 ﬁdei
2755 4820 3102 4876 observatio?
3127 4821 3207 4874 Ad
3237 4837 3428 4875 sanau-

1869 4910 1968 4964 dos
2024 4911 2269 4979 corporis
2333 4911 2557 4967 morbos
2616 4912 2816 4967 medici
2879 4923 3267 4979 arcessuntur;
3323 4929 3430 4983 qua

1868 5002 2088 5072 quidem
2121 5017 2285 5069 opera
2313 5002 2358 5056 si
2394 5003 2574 5057 minus
2606 5004 2958 5069 successerit,
2987 5003 3248 5057 damnum
3281 5013 3429 5060 certe

1868 5111 1974 5149 non
2006 5096 2141 5150 adeo
2172 5112 2358 5165 grave,
2388 5111 2567 5164 neque
2592 5083 2940 5150 buc‘mortali
2973 5097 3083 5149 vita
3114 5095 3430 5150 diuturnius

1870 5189 2132 5250 futurum,
2162 5188 2453 5256 accipitur.
2493 5188 2561 5242 At
2604 5188 2642 5242 ii
2693 5187 2894 5252 morbi,
2933 5189 3029 5257 qui
3069 5187 3136 5241 ad
3175 5187 3426 5258 dogmata

1870 5277 2171 5346 theologica
2225 5277 2523 5346 pertinent,
2577 5294 2890 5348 quanquam
2943 5279 3227 5348 sanguinis
3280 5280 3427 5334 rivos

1868 5371 2045 5438 ruptis
2074 5369 2232 5422 venis
2261 5385 2368 5422 non
2400 5370 2713 5449 cﬂundunt,
2749 5373 2868 5426 tidoi
2899 5372 3000 5440 ipsi
3039 5372 3248 5442 plagam
3276 5386 3432 5426 reve-

1867 5475 1924 5512 ra
1958 5459 2226 5527 inﬂigunt,
2262 5462 2604 5516 incruentam
2645 5463 2866 5531 quidem
2910 5464 3081 5528 illam,
3117 5465 3210 5516 sed
3255 5462 3429 5515 maxi-

1866 5563 1952 5602 me
1994 5548 2270 5615 lethalem,
2319 5553 2713 5620 sempiternum
2761 5553 2963 5621 quippe
3006 5563 3060 5605 et
3119 5552 3428 5606 immortale

1863 5641 2089 5694 exitium
2127 5643 2411 5696 allaturam
2456 5644 2672 5705 animm,
2719 5644 2806 5698 cui
2859 5659 2958 5697 uec
3010 5652 3156 5696 totus
3186 5643 3427 5697 mundus
3497 5697 3507 5705 _

1863 5734 2286 5802 mquiparandus
2312 5744 2412 5790 est.
2430 5733 2807 5806 .Qualnobrcm
2843 5736 3016 5805 palam
3046 5737 3144 5789 ista
3171 5735 3424 5804 proferri,

1865 5834 2026 5893 atque
2061 5826 2115 5882 in
2151 5829 2348 5897 primis
2388 5829 2528 5895 illos,
2570 5829 2781 5901 1043
2809 5833 2900 5900 qui
2936 5830 3312 5900 pmuitentiam
3337 5845 3429 5884 er-
