4240 6460
273 359 413 424 1329
666 359 740 431 [Α.
783 378 832 416 c.
879 363 1034 434 1351]

1264 372 1700 437 ΒΥΖΑΝἸῚΝᾹΞ
1726 382 2099 444 ΙΠΞΤΟΒΙ.Ἐ
2148 389 2289 449 LIB.
2326 391 2511 453 ΧΧΙῘ.
2592 388 2717 459 [ηιεό
2757 409 2799 445 ιι
2839 409 2934 447 CAN

1549 376 2099 444 INEHISTORLE
2148 389 2289 449 LIB.
2326 391 2511 453 xx”.
2592 388 2717 459 [ωτι.
2757 409 2799 445 ιι
2839 409 3124 449 cuncvz-
3172 396 3221 468 51

3333 403 3468 469 1330

269 483 401 548 ριῶν
433 482 526 534 καὶ
553 481 762 536 λύσεων
793 487 890 552 τῆς
924 488 1352 558 ἀστροθεάμονος
1391 494 1579 560 σοφίας
1607 494 1811 548 δίαυλοι
1843 501 1886 556 Α
1915 501 1943 552 [ι

1796 501 1886 556 ιΑ
1915 501 2135 556 fundam
2177 515 2231 558 et
2263 508 2475 560 tacitam
2525 509 2873 576 Solitudinem
2933 515 3250 568 commutati
3302 520 3467 571 sunt?

260 570 360 621 νῦν
390 573 447 622 ἐν
476 576 585 635 τοῖς
619 576 714 640 τῆς
735 575 900 645 λήθης
931 578 1241 646 ἐκρύὸησαν
1265 584 1687 662 τάφοιςςξεμοὶ
1718 586 1817 653 μὲν

263 656 359 712 οὖν
410 662 612 714 τοιαῦτ’
657 665 828 718 ἐδίδου
864 669 922 718 τὸ
957 670 1140 736 σχῆιια
1173 671 1264 723 τοῦ
1299 659 1453 740 φίλου
1483 674 1814 743 λογίζεσθαι,

265 754 360 803 καὶ
389 753 487 804 ὅσα
521 754 688 807 πλείω
719 758 925 820 τούτοις
955 758 1168 815 ἕπεται.

331 1011 405 1067 B’.
440 1017 529 1066 Διὸ
560 1019 654 1068 καὶ
681 1017 859 1082 λέγειν
882 1020 1180 1088 ἀρξάμενος
1216 1024 1389 1090 ἔγωγε
1424 1027 1547 1093 περὶ
1582 1027 1680 1096 μὲν
1704 1025 1814 1080 τῶν

257 1107 544 1176 ⁴ἡμετέρων
570 1109 803 1161 ’ἰίκιστά
857 1127 939 1172 σε,
981 1111 1150 1177 φίλων
1178 1110 1388 1183 ἄριστε,
1441 1117 1811 1183 χαλεπαίνειν,

257 1195 519 1262 ἔφασκον,
556 1194 690 1275 εἶναι
727 1196 922 1264 χρεὼν,
949 1201 1070 1253 ἐπεὶ
1123 1203 1287 1271 μηδὲν
1328 1203 1432 1256 τῶν
1464 1205 1520 1256 ἐν
1555 1202 1652 1273 βίῳ
1685 1223 1812 1275 χρη-

262 1284 406 1337 στῶν
457 1269 656 1354 ἀμιγὲς
704 1288 1088 1358 οὐδ’ᾰκρατον
1139 1269 1251 1360 ἔχει
1304 1293 1365 1345 τδ
1401 1269 1586 1363 χαῖρον
1609 1269 1636 1326 ’⁷

260 1375 526 1443 μέμικται
569 1378 743 1431 πάντα
783 1379 921 1447 πρὸς
958 1368 1059 1431 ’τοῦ
1109 1382 1264 1446 Θεοῦ,
1317 1383 1565 1452 καθάπερ
1611 1385 1812 1454 χαλινῷ

254 1483 364 1519 τινι
390 1467 488 1538 τὴν
524 1468 786 1538 διαμονὴν
818 1470 914 1522 τοῦ
958 1475 1172 1540 φρονεῖν
1220 1474 1531 1543 ἑψμέτροις
1560 1477 1814 1544 κατέχον-

251 1574 344 1618 τος
370 1574 386 1590 ο
416 1555 553 1610 εἶναι
587 1561 694 1630 γὰρ
741 1563 1106 1630 παγχάλεπον,
1153 1565 1442 1633 εὖροοῦντα
1485 1569 1600 1629 ταῖς
1626 1571 1812 1636 ἀμωσ-

252 1648 441 1716 γέπως
492 1651 957 1719 μακαριζομὲναις
996 1652 1190 1721 τύχαις
1248 1654 1340 1707 τοῦ
1381 1655 1499 1724 βίου
1533 1657 1716 1725 μένειν
1752 1658 1811 1710 ἐν

253 1740 334 1808 τῷ
364 1741 669 1811 καθεστῶτι
705 1740 798 1793 τοῦ
849 1743 1036 1812 ηοους.
1072 1744 1204 1812 Περὶ
1235 1745 1290 1798 δὲ
1323 1746 1415 1802 σοῦ
1467 1764 1554 1816 μοι
1601 1748 1810 1817 θαυμά-

255 1831 377 1895 ζειν
403 1831 602 1895 ἔπεισι,
640 1833 755 1894 πῶς
787 1834 1040 1886 τοσούτου
1069 1838 1333 1906 χειμῶνος
1356 1838 1422 1892 τὰ
1451 1840 1546 1908 τῆς
1588 1842 1812 1911 Ἐκκλη-
1843 1813 1883 1871 Β

255 1922 380 1984 σίας
401 1922 733 1990 ταράξαντος
754 1924 1016 1992 δόγματα,
1043 1929 1240 1995 ἥκιστα
1267 1929 1555 1996 γινώσκειν
1580 1931 1664 2001 [Ρ.
1683 1933 1810 2005 662]

252 2015 367 2076 τοῖς
409 2015 579 2082 φίλοις
616 2017 765 2084 ἡμίν,
798 2011 880 2078 οἷς
917 2017 984 2069 τὰ
1019 2019 1256 2087 μάλιστα
1293 2021 1515 2092 θαρρεῖν
1561 2025 1769 2087 ἐδόκεις
1792 2065 1807 2090 ,

254 2103 407 2158 οΰπω
446 2106 684 2171 δέδωκας
735 2109 865 2177 ἡμῖν
895 2111 1050 2164 οὑδέν
1103 2113 1332 2181 ἀκριϐές
1364 2132 1377 2146 ο
1429 2117 1542 2170 ἀλλ’
1590 2119 1810 2187 ἀφῆκας

253 2198 626 2274 παντοδαπαῖς
676 2201 980 2253 πλανᾶσθαι
1034 2205 1261 2272 φήμαις,
1298 2207 1391 2257 καὶ
1421 2209 1806 2277 ἀμφισϐητεῖν,

255 2290 487 2357 πότερον
515 2293 625 2350 τοῖς
664 2292 808 2358 ὅροις
855 2291 1084 2354 ἐκείνοις
1115 2296 1373 2360 ὲμμένεις
1404 2300 1498 2350 καὶ
1527 2301 1612 2361 σὺ,
1637 2301 1808 2354 καΟά-

255 2395 365 2448 περ
389 2381 554 2447 ἡμεῖς
581 2396 596 2411 ·
624 2380 655 2450 ἦ
685 2381 936 2448 καθάπερ
985 2381 1215 2458 Θυέλλης.
1240 2387 1333 2455 τῆς
1385 2391 1497 2452 τοῖς
1546 2389 1809 2458 δόγμασιν

254 2471 606 2540 ἐνσκηψάσης
652 2471 746 2523 νῦν
781 2473 1115 2540 καταιγίδος,
1150 2477 1242 2526 καὶ
1277 2477 1450 2530 ἄλλων
1500 2481 1682 2534 ἄλλοθι
1718 2499 1810 2550 φε-

253 2559 524 2631 ρομένων,
561 2561 810 2631 καθάπερ
845 2563 952 2616 τῶν
988 2564 1186 2619 πλοίων
1215 2568 1284 2619 τὰ
1312 2571 1674 2639 ἀκυϐέρνητα,
1714 2576 1808 2640 φέ-

256 2668 367 2722 ρων
417 2654 510 2703 καὶ
556 2652 620 2704 σὺ
670 2655 870 2705 σαυτὸν
906 2659 1018 2717 τοῖς
1069 2658 1331 2722 ἐναντίοις
1362 2661 1681 2731 ἐπέρριψας,
1713 2664 1807 2716 καὶ

252 2741 502 2811 γλώττης
533 2742 762 2808 ἀφειδῶς
799 2743 920 2795 καθ’
949 2747 1104 2815 ἡμῶν
1136 2750 1332 2818 ὁμοίως
1368 2751 1508 2818 ἔχεις
1559 2755 1806 2814 ἐκείνοις.

252 2831 448 2885 Καίτοι
488 2833 541 2898 γ’
565 2833 813 2898 ἀνάγκην
845 2833 1024 2902 ἥκιστ’
1057 2835 1217 2905 ῐσμεν
1264 2838 1518 2913 οὐδεμίαν
1567 2838 1657 2910 βίᾳ
1712 2855 1809 2892 πε-

257 2920 501 2990 ριοῦσαν,
535 2922 742 3000 πείθειν
791 2927 857 2991 τῇ
912 2924 1179 2996 θρησκεία
1212 2929 1306 2980 καὶ
1335 2931 1434 2995 τὴν
1464 2930 1641 2995 φιλίαν
1671 2931 1806 2999 ὁμοῦ

255 3013 663 3076 συνεξίστασθαι
690 3028 704 3043 ·
732 3015 852 3066 ἐπεὶ
875 3019 968 3066 καὶ
1000 3015 1270 3081 Λιὸἀνιον,
1293 3019 1526 3089 Ἕλληνα
1553 3021 1650 3092 τὴν
1677 3021 1808 3094 Θρη-

1920 595 2191 660 quomodo
2221 596 2454 666 denique
2513 600 2618 653 illa
2667 603 2897 655 subinde
2949 615 3293 659 recurrentes
3319 623 3466 675 qure-

1917 683 2154 736 stionum
2183 700 2245 739 ac
2270 688 2597 742 solutionum
2628 693 3118 745 astronomicarum
3185 698 3455 751 exercita-

1917 774 2092 827 tiones
2120 774 2228 842 jam
2257 778 2527 831 oblivione
2553 780 2740 834 deleta:
2761 784 2920 835 sunt?
2943 781 3085 846 “me,
3116 795 3170 837 et
3187 785 3287 837 alia
3311 787 3460 854 plura

1916 861 2002 915 his
2031 865 2351 928 consimilia,
2408 869 2551 921 'mibi
2610 871 2893 939 cogitanda
2951 873 3238 941 objiciebat
3302 876 3458 930 amici

1915 952 2084 1003 nostri
2119 953 2352 1007 liahitus.

1985 1037 2051 1090 llt
2089 1039 2271 1109 Itaque
2295 1044 2438 1112 loqui
2462 1061 2709 1112 exorsus,
2746 1068 2763 1099 ι
2799 1049 3146 1106 Calamitatcs
3196 1055 3456 1124 (inquam)

1909 1138 2128 1200 nostras
2161 1147 2302 1199 zegre
2329 1133 2469 1188 ferre
2500 1151 2606 1189 non
2656 1137 2840 1202 debes,
2891 1142 3185 1195 amicorum
3235 1145 3456 1211 Optime,

1914 1219 2351 1289 quandoquidem
2381 1225 2586 1279 nullum
2616 1230 2826 1284 estliac
2855 1232 2908 1283 in
2949 1233 3058 1285 vita
3090 1235 3456 1298 commodum,

1911 1311 2056 1378 quod
2079 1327 2267 1389 miram
2302 1328 2358 1368 et
2383 1317 2538 1382 plane
2596 1319 2863 1374 sinceram
2922 1323 3158 1376 l:ctitiam
3211 1323 3399 1378 aderat
3432 1341 3447 1376 :

1911 1401 2043 1468 quin
2077 1391 2187 1456 imo
2211 1403 2350 1458 Deus
2384 1408 2567 1461 omnia
2616 1413 2977 1475 commiscuit,
3047 1423 3207 1481 atque
3257 1413 3326 1466 ita
3360 1430 3456 1468 nos

1912 1489 2066 1543 freno
2090 1493 2325 1558 quodam
2360 1507 2577 1550 coercet
2610 1516 2623 1562 ;
2656 1515 2722 1552 ne
2747 1500 2873 1566 quid
2906 1502 3085 1565 nimis,
3119 1503 3210 1556 sed
3242 1503 3308 1556 ad
3342 1519 3456 1557 me—

1911 1579 2252 1635 diocritatem
2283 1597 2502 1652 semper
2525 1588 2822 1654 sapiamus.
2849 1588 2903 1641 Si
2931 1592 3050 1652 quis
3080 1591 3225 1644 enim
3259 1603 3455 1645 utcun~

1909 1687 2016 1740 que
2039 1674 2316 1742 prosperis
2375 1674 2605 1730 fortuna;
2658 1675 2876 1732 ﬂatibus
2911 1691 3117 1740 utatur.
3179 1682 3224 1734 is
3289 1682 3454 1735 animi

1909 1777 2232 1832 morumque
2261 1767 2617 1832 constantiam
2651 1768 2954 1822 diilicillime
2985 1782 3294 1824 conservat.
3321 1772 3452 1824 Illud

1913 1861 2092 1905 autem
2129 1855 2258 1906 mihi
2287 1855 2581 1923 permirum
2648 1857 2867 1921 accidit,
2922 1858 3062 1926 quod
3121 1874 3240 1912 cum
3307 1869 3450 1912 tanta

1914 1947 2202 2008 tempestas
2227 1943 2478 1996 Ecclesia:
2509 1944 2757 2011 dogmata
2789 1948 3136 2014 pet-turbarit,
3170 1963 3267 2001 nos
3314 1946 3452 1999 ami-

1911 2047 2004 2086 cos
2038 2041 2159 2087 tuos
2183 2075 2196 2098 ,
2233 2034 2432 2102 quibus
2484 2035 2760 2090 confidere
2811 2039 3036 2090 maxime
3068 2039 3274 2108 1052
3306 2040 3454 2094 vidc-

1909 2123 2075 2187 baris',
2111 2125 2341 2179 necdum
2371 2127 2564 2202 feceris
2596 2127 2880 2190 certiores,
2915 2129 3006 2182 sed
3051 2131 3214 2183 variis
3249 2132 3354 2184 huc
3385 2132 3449 2183 il-

1909 2214 1998 2269 luc
2048 2217 2245 2270 abduci
2297 2218 2614 2271 rumoribus
2672 2227 2726 2271 et
2784 2218 3035 2274 dubitare
3112 2224 3448 2290 permiseris,

1911 2313 2115 2369 utrum,
2147 2306 2600 2375 quemadmodum
2637 2322 2754 2371 nos,
2789 2316 2842 2360 tu
2871 2325 3083 2378 quoque
3136 2310 3188 2363 in
3225 2310 3330 2364 illis
3360 2311 3452 2364 dc-

1909 2395 2248 2449 ﬁnitionibus
2279 2413 2637 2465 permaneas;
2668 2416 2734 2452 an
2764 2416 2913 2463 vero,
2956 2415 3075 2453 cum
3108 2402 3272 2455 veluti
3328 2417 3452 2470 pro-

1909 2487 2040 2540 cella
2063 2490 2305 2556 quzedam
2341 2491 2632 2545 vehemens
2661 2492 2907 2547 Ecclesia:
2932 2493 3268 2563 dogmatibus
3300 2495 3451 2549 incu-

1911 2577 2109 2659 buerit,
2137 2587 2192 2632 et
2232 2580 2320 2632 alii
2357 2581 2460 2634 alio
2515 2583 2756 2636 ferantur
2789 2583 2855 2637 de
2891 2599 3036 2639 more
3090 2586 3446 2656 navigiorum.

1909 2685 2029 2738 quze
2061 2668 2432 2749 gubernaculo
2459 2686 2668 2744 carent,
2717 2676 2768 2728 in
2803 2675 3236 2732 adversariorum
3269 2690 3448 2748 partes;

1910 2770 1960 2814 te
1988 2761 2164 2830 ipsum
2198 2763 2513 2832 conjeceris.
2555 2779 2654 2817 nec
2679 2780 2838 2832 parce
2896 2765 3130 2834 linguam
3189 2767 3451 2822 adversus

1909 2864 2010 2903 nos
2033 2865 2216 2914 acuas,
2239 2852 2473 2905 sicutilli
2492 2853 2752 2907 hactenus
2779 2866 3060 2909 acuerunt.
3088 2855 3244 2924 Atqui
3271 2867 3445 2912 tamen

1910 2940 2397 2996 nullam'novimus
2422 2957 2547 2996 esse
2575 2946 2975 3009 necessitatem,
3033 2962 3153 3015 quae
3183 2949 3360 3016 adigat
3393 2959 3448 3000 ut

1911 3031 2070 3083 simul
2131 3047 2255 3084 cum
2332 3033 2590 3101 religione
2637 3035 2870 3088 amicitia
2929 3036 3040 3104 ipsa
3108 3039 3445 3104 deponatur;

254 3105 445 3157 σκείαν
482 3106 632 3168 ὄντα,
669 3107 931 3175 Βασιλείῳ
954 3109 1106 3176 φίλον
1131 3110 1268 3162 εὶναι
1302 3111 1427 3180 ἐνῆν
1458 3113 1534 3179 τῷ
1559 3115 1799 3184 μεγάλῳ·
1833 3127 1876 3185 c
1908 3133 1928 3186 η

1768 3132 1799 3166 ›·
1833 3127 1876 3185 c
1908 3117 2341 3187 quandoquidem
2384 3117 2630 3182 Lihanio,
2657 3122 2886 3177 ethnicze
2919 3125 3194 3194 religionis
3226 3127 3442 3190 cultori,

252 3198 350 3247 καὶ
376 3196 631 3247 τοιούτων
659 3197 686 3246 ό
718 3197 830 3264 βίος
863 3202 1020 3266 γέμει
1047 3201 1392 3267 παραϐολῶν.
1427 3205 1659 3270 Ἐπειτ’,
1687 3206 1805 3258 οὐδὲ

253 3286 444 3366 θέλων,
490 3287 564 3355 τῷ
630 3287 862 3357 Παλαμᾷ
945 3293 1329 3359 προστίθεσθαι
1386 3295 1669 3366 δυνηθείης
1718 3300 1802 3352 ἄν.

250 3363 431 3429 οἶσθα
455 3381 559 3445 γὰρ
592 3379 665 3440 ὡς
706 3380 926 3452 Ἰωάννῃ
963 3381 1034 3449 τῷ
1091 3386 1407 3457 πατριάρχη
1440 3363 1599 3449 ζῶντι
1628 3363 1804 3457 *συχνὰ

249 3469 348 3521 καὶ
385 3472 521 3536 μετὰ
549 3486 611 3536 γε
635 3470 829 3540 πολλῆς
859 3472 958 3540 τῆς
1007 3471 1188 3534 αίδοῦς
1221 3475 1480 3542 προσιὼν,
1513 3477 1672 3530 αὑτὸν
1706 3481 1802 3549 μὲν

251 3558 368 3617 τοῖς
397 3557 571 3621 ἁγίοις
605 3559 920 3621 συνέταττες
949 3561 1097 3624 ὅλαις
1139 3565 1422 3629 προθέσεσι
1463 3568 1559 3635 τῆς
1588 3567 1763 3639 ψυχῆς
1785 3587 1800 3603 ο

254 3647 522 3713 Παλαμᾶν
582 3647 627 3699 δ’
676 3649 808 3716 ὁμοῦ
862 3650 1072 3719 βασιλεῖ
1118 3653 1554 3726 Καντακουζηνῷ
1598 3660 1806 3723 ,πάσαις

251 3736 478 3797 ἔπλυνες
508 3735 693 3806 ὕϐρεσι
722 3739 934 3808 νύκτωρ
984 3740 1076 3791 καὶ
1113 3741 1233 3809 μεθ’
1272 3739 1504 3812 ἡμέραν,
1557 3747 1650 3798 καὶ
1682 3749 1803 3801 ἀσεο

254 3826 368 3876 δῶν
396 3817 785 3897 ἀσεϐεστέρους
818 3829 1070 3883 ἁπάντων
1101 3831 1350 3895 ἐκάλειςο
1385 3835 1478 3886 καί
1524 3852 1674 3903 σφισι
1708 3856 1805 3892 τα·

252 3917 355 3985 χῖον
385 3917 474 3968 τὸν
505 3920 809 3987 ἀφανισμὸν
842 3920 1057 3973 ἔσεσθαι
1111 3921 1412 3993 προῦλεγες
1439 3941 1453 3956 ο
1502 3926 1575 3988 ὡς
1609 3928 1805 3997 ἣκιστα

256 4007 406 4075 μάλα
441 4025 521 4060 σοι
552 4012 938 4078 περιΐστασθαι
970 4012 1086 4076 νῦν,
1115 4015 1211 4082 τὴν
1241 4016 1378 4086 πρὸς
1411 4019 1671 4072 τάναντία
1710 4038 1808 4090 με·

253 4099 490 4167 ταῦολὴν
517 4100 887 4169 ἁρμόττουσαν
926 4097 1088 4162 εἴναι,
1126 4105 1393 4168 συνέσεως
1420 4110 1562 4160 οὕτω
1592 4111 1684 4164 καὶ
1715 4108 1806 4176 γή-

253 4209 367 4262 ρως
401 4191 592 4259 ἔχοντι,
631 4194 723 4245 καὶ
758 4195 990 4263 συνορᾷν
1031 4195 1314 4266 δυναμένῳ
1339 4197 1436 4265 τῆς
1463 4197 1720 4268 αίσχύνης
1745 4200 1804 4251 τὸ

256 4281 510 4350 μέγεθος.
569 4283 726 4333 Ποῖον
771 4285 876 4350 γὰρ
931 4284 1009 4335 ἔτι
1059 4286 1246 4353 χρόνον
1301 4288 1407 4337 τῶν
1456 4290 1805 4356 καθηκόντων

251 4375 522 4440 ἀναμενεί
559 4391 641 4433 τις
693 4374 1016 4442 σύμϐουλον,
1047 4379 1105 4426 ἐν
1151 4377 1376 4446 τοιαύτῃ
1409 4380 1644 4443 γεγονὼς
1687 4382 1802 4448 ηλι-

252 4461 349 4532 κίᾳ
373 4480 386 4526 ;
410 4462 512 4515 Καὶ
542 4462 741 4523 πάσαις
769 4461 864 4529 μὲν
886 4463 991 4532 γὰρ
1021 4462 1252 4532 ἡλικίαις
1277 4467 1368 4516 καὶ
1387 4468 1572 4534 τύχαις
1593 4468 1804 4538 ἀνάγκη

250 4550 419 4618 φόσον
450 4546 583 4603 εἶναι
612 4551 860 4615 Θανάτου,
888 4548 1128 4631 ἀγνωσία⁵
1156 4559 1388 4626 μυὶστικῇ
1425 4560 1548 4620 τοὺς
1575 4559 1804 4621 κανόνας

253 4645 390 4710 ἡμῖν
424 4643 522 4711 τῆς
554 4643 698 4712 ζωῆς
734 4642 824 4695 τοῦ
869 4643 1540 4719 Θεοῦᾼσυγκαλύπτοντος,
1572 4650 1804 4719 μάλιστα

257 4731 313 4781 ει
344 4735 454 4792 τοῖς
489 4735 580 4784 τὶν
612 4733 834 4799 ἔσχατον
872 4727 1054 4794 οὓτωῖ
1069 4735 1192 4804 ὅρον
1218 4738 1312 4806 τῆς
1343 4727 1559 4806 ἡλικίας
1611 4756 1804 4810 σκηνο-

202 4823 210 4831 ’
254 4821 552 4874 -ῧιιτοῦοινσ
581 4822 945 4890 ὄτε.μάλιστα
989 4826 1093 4875 καὶ
1141 4826 1238 4894 τῆς
1293 4828 1474 4897 ἀκμῆς
1530 4829 1799 4901 ἐκείνηςη

252 4913 561 4980 πανήγυρις
598 4910 698 4980 ήδη
730 4911 1034 4978 σϐέννυται,
1083 4920 1175 4967 καὶ
1215 4919 1274 4968 τὸ
1309 4920 1422 4970 τῶν
1451 4923 1678 4991 μακρῶν
1709 4923 1796 4975 ἐλ-

255 5007 426 5060 πίδων
455 5005 526 5066 ὡς
557 5006 625 5058 τὰ
646 5005 814 5058 πολλὰ
843 5008 1180 5077 παρατρέχει
1205 5004 1449 5082 θέατρον.
1482 5013 1548 5065 Ὀ
1575 5014 1637 5082 δὴ
1668 5015 1809 5068 κάπὶ

253 5097 379 5150 νοῦν
410 5099 494 5151 ἀεί
531 5116 620 5169 μει
649 5099 928 5167 στρέφοντι
960 5098 1065 5152 τῶν
1097 5100 1550 5169 ἀνδριαντοποιῶν
1591 5101 1707 5170 (49)
1742 5119 1802 5154 τε

254 5192 350 5240 καὶ
382 5191 486 5242 τῶν
516 5190 820 5258 ζωγράφων
855 5190 1092 5252 ἐκείνους
1123 5191 1277 5260 ἐπῄει
1328 5186 1650 5258 θαυμάζειν,
1685 5193 1799 5244 ὅσοι

252 5277 356 5345 τῆς
381 5282 638 5348 χρονικῆς
671 5281 916 5350 περιόδου
952 5280 1012 5332 τὸ
1043 5280 1204 5349 τάχος
1244 5282 1525 5348 μιμεῖσθαι
1571 5280 1658 5332 διὰ
1703 5281 1801 5348 τῆς

252 5369 452 5439 τέχνης
501 5373 775 5434 ἐθέλοντες
823 5372 989 5438 ἄνδρα
1041 5371 1282 5423 ποιοῦσιν
1328 5368 1798 5438 ὀπισθοφάλακρον

258 5460 360 5532 μιν
393 5461 467 5524 ὡς
502 5465 725 5529 ἐπίπαν,
766 5465 828 5517 ού
853 5464 898 5516 δ’
920 5463 1351 5528 ἀναφαλαντίαν’
1383 5461 1518 5514 ἀλλὰ
1551 5461 1800 5527 μέτωπον

1907 3209 2142 3263 amicitia
2195 3225 2316 3263 cum
2352 3226 2543 3280 magno
2617 3211 2813 3265 Basilio
2847 3229 2967 3268 esse
3025 3215 3237 3284 potuit:
3267 3211 3320 3270 et
3347 3217 3445 3270 hu-

1908 3314 2063 3351 maua
2091 3300 2198 3352 vita
2257 3299 2565 3369 huiusmodi
2603 3296 2862 3368 exemplis
2914 3303 3106 3374 referta
3137 3297 3253 3358 est.
3293 3304 3445 3359 Adde

1909 3390 2051 3457 quod
2084 3391 2327 3454 Palamae,
2362 3407 2460 3446 nec
2482 3394 2524 3446 si
2553 3386 2686 3446 velis
2717 3392 2955 3462 quidem,
2988 3397 3233 3449 assentiri
3259 3411 3443 3466 queas.

1907 3480 2062 3544 Nam,
2100 3491 2158 3534 ut
2205 3483 2368 3544 nosti,
2427 3485 2491 3536 ad
2548 3485 2807 3538 Joannem
2868 3487 3226 3554 patriarcliam
3285 3489 3446 3541 multa

1908 3585 2030 3623 cum
2061 3572 2364 3624 reverentia
2393 3587 2530 3640 saepe
2551 3575 2852 3636 accessisti,
2879 3591 3112 3644 eumque
3134 3587 3241 3630 tota
3276 3581 3446 3631 inten-

1908 3662 2054 3715 tione
2106 3662 2267 3715 animi
2329 3664 2532 3717 sanctis
2587 3664 3027 3729 adnumerabas;
3088 3668 3138 3720 in
3180 3668 3444 3720 Palamam

1907 3762 2086 3806 autem
2115 3761 2172 3806 et
2210 3754 2587 3822 imperatorem
2619 3754 3051 3810 Cantacuzcnum
3083 3760 3262 3812 omnia
3283 3761 3412 3812 maii-

1908 3841 2052 3895 dicta
2104 3835 2498 3911 diuinoctque
2527 3845 2864 3899 conferebas.
2932 3847 3269 3902 Vocabantur
3299 3851 3383 3900 isti
3425 3880 3444 3900 ..ι

1909 3942 1961 3985 te
1993 3933 2234 3986 omnium
2267 3933 2554 4001 impiorum
2584 3936 2815 3988 maxime
2845 3937 2994 4001 impii
3035 3955 3046 3988 :
3101 3954 3237 4004 quos
3286 3943 3438 3992 etian‘.

1906 4022 1973 4074 de
1994 4021 2171 4073 medio
2195 4020 2481 4075 confestim
2537 4023 2804 4077 sublatum
2870 4025 2932 4077 iri
2972 4027 3337 4093 praedicehas:
3372 4031 3441 4081 ita

1906 4119 1964 4164 ut
1995 4096 2102 4164 non
2143 4111 2375 4180 amplius
2399 4113 2510 4180 jam
2547 4122 2598 4166 te
2631 4114 2818 4169 deceat
2880 4116 2931 4169 in
2962 4119 3184 4170 alteram
3237 4131 3440 4186 partem

1906 4207 2169 4266 converti,
2205 4217 2329 4256 cum
2365 4212 2566 4256 tantam
2599 4206 2936 4272 prudentiam
3004 4216 3056 4260 et
3109 4218 3441 4262 senectutem

1906 4291 2132 4359 adeptus
2158 4291 2343 4356 fueris,
2377 4302 2432 4346 et
2465 4292 2621 4346 facile
2651 4296 2934 4363 perpicere
2958 4297 3158 4359 valeas,
3185 4310 3444 4365 quantum

1908 4382 1960 4432 in
1995 4390 2055 4435 te
2071 4379 2309 4434 dedecus
2334 4382 2526 4434 exinde
2554 4383 2622 4435 sit
2655 4384 3110 4441 redundaturum.
3169 4389 3267 4454 Qui
3299 4393 3440 4444 enim

1906 4485 1971 4524 eo
1999 4471 2174 4523 aetatis
2202 4479 2486 4538 provectus
2510 4482 2615 4536 est,
2657 4475 2814 4540 quale
2848 4485 3058 4543 tempus
3087 4488 3440 4545 exspectat“,

1903 4559 2049 4627 quod
2071 4574 2194 4612 eum
2220 4559 2300 4612 sui
2334 4560 2494 4613 olIicii
2535 4560 2861 4616 admoneat?
2903 4563 3033 4617 Nam
3091 4581 3211 4616 cum
3267 4568 3444 4621 omnis

1902 4652 2077 4704 atatis
2109 4659 2164 4706 et
2187 4651 2420 4704 fortuna:
2449 4652 2763 4706 hominibus
2795 4655 3028 4708 timenda
3060 4655 3129 4708 sit
3161 4668 3328 4721 mors,
3378 4673 3442 4712 eo

1902 4744 2046 4811 quod
2073 4742 2194 4796 vitae
2222 4750 2625 4795 nostrre'metas
2687 4745 2911 4812 mystica
2943 4746 3173 4812 quadam
3226 4747 3441 4817 ignora-

1904 4832 2050 4885 tione
2075 4831 2217 4885 Deus
2244 4829 2530 4892 obvelarit,
2571 4838 2682 4883 tum
2718 4833 2949 4887 maxime
2977 4835 3042 4886 iis
3078 4837 3312 4888 timenda
3336 4845 3439 4898 est,

1900 4919 1989 4987 qui
2021 4917 2228 4986 1053
2260 4919 2550 4972 terminum
2588 4921 2708 4976 vita:
2740 4933 2793 4976 et
2847 4923 3096 4976 ultimum
3154 4939 3331 4978 aetum
3364 4927 3442 4980 sic

1898 5007 2045 5061 velut
2084 5007 2138 5061 in
2172 5023 2330 5061 scena
2356 5009 2632 5077 produnt:
2666 5011 2880 5079 quando
2936 5015 3234 5079 praesertim
3294 5015 3429 5068 festi-

1897 5114 1999 5153 vus
2025 5098 2112 5152 illc
2143 5100 2296 5167 vigor
2324 5101 2500 5155 tentis
2529 5101 2911 5170 exstinguitur,
2935 5117 2990 5157 et
3034 5120 3154 5172 qua:
3196 5120 3293 5157 nos
3345 5106 3441 5158 diu

1897 5204 2022 5259 spes
2047 5190 2318 5259 praeclara:
2344 5191 2606 5250 luserant.
2641 5207 2824 5245 earum
2861 5193 2972 5248 fere
2999 5196 3268 5248 theatrum
3303 5211 3439 5264 prue-

1901 5281 2206 5338 terlabitur.
2267 5282 2419 5346 Quod
2449 5283 2630 5334 animo
2669 5282 2795 5336 dum
2845 5301 3058 5353 semper
3103 5301 3311 5339 mecum
3343 5304 3424 5338 vo-

1900 5370 2035 5435 luto,
2065 5373 2354 5424 statuarios
2409 5371 2527 5424 illos
2587 5380 2665 5425 et.
2693 5374 2927 5442 pictores
2962 5374 3217 5428 admirari
3273 5377 3436 5436 subit.

1902 5452 1998 5529 qui
2057 5461 2297 5515 velocem
2333 5465 2707 5519 convertenlis
2757 5479 2874 5522 sese
2928 5468 3184 5534 temporis
3218 5481 3434 5521 cursum

1550 5600 1872 5659 Variorum
1921 5602 2104 5656 notrc.

328 5734 444 5805 (ιθ)
483 5735 571 5790 Sic
615 5749 774 5805 supra
805 5736 901 5789 lib.
936 5751 1056 5798 ιιιι,
1107 5750 1227 5803 cap.
1269 5735 1314 5799 Ι,
1344 5743 1481 5789 sect.
1528 5735 1574 5787 ι.
1602 5733 1933 5790 (ὶιιιιιειιοακ.
