4240 6460
717 388 847 452 1351
897 376 902 381 ’
994 382 1043 453 [λ
1113 401 1166 438 ι.
1211 383 1364 439 6859.
1397 400 1501 437 m-
1545 381 1598 451 4]
1897 384 2309 444 Ntcspnout
2346 385 2391 442 θ

2271 385 2309 442 ιι
2346 384 2725 444 GREGOB/E
3011 380 3145 470 [tum
3185 397 3229 434 ι.
3269 396 3556 436 cuneus.
3595 382 3649 450 5‘.
3797 387 3945 451 1352

712 500 929 566 pliciter
956 499 1119 551 ctiam
1178 508 1233 552 ct
1272 497 1614 551 uniformiter
1663 505 1742 551 est
1795 513 1859 551 ex
1911 507 2107 550 natura
2169 511 2265 550 sua
2299 502 2386 556 At

2299 502 2338 556 Α
2371 511 2494 557 τους
2521 493 2864 584 δογματίςων
2920 497 3501 588 ἐκτὶστουςκριὸτητας
3552 499 3768 562 πάντως
3813 500 3943 553 διά-

711 607 874 645 umne
907 596 1131 653 bonum,
1162 601 1216 645 ct
1255 606 1415 645 omne
1440 586 1732 658 pulchrum
1767 591 2079 653 essentialc,
2110 604 2272 657 supra
2373 601 2385 635 ε

2266 610 2272 644 ι
2373 586 2552 653 στημά
2589 602 2641 638 τι
2672 579 2790 637 νοεῖ
2815 584 3042 652 μεταξύ.
3095 579 3264 639 Τοῦτό
3284 588 3332 640 δ’
3374 592 3596 656 ἄπειρον
3647 590 3676 639 ὁ
3703 590 3801 657 τῆς
3832 607 3940 658 με·

713 698 877 752 quam
930 683 1213 750 quisquam
1265 682 1550 742 hominum
1607 667 1910 751 intelligere
1968 679 2139 748 possit
2182 687 2277 732 aut
2375 694 2387 727 ‹

2267 687 2277 732 ι
2375 677 2593 744 comta;
2619 675 2757 730 εἶναι
2785 681 2846 732 οὐ
2877 681 3061 733 δίδωσι
3093 683 3247 749 λόγος
3268 696 3281 711 ’
3322 683 3590 750 μηδὲγὰρ
3630 684 3941 751 πεφυκέναι

713 787 988 825 enarrare.
1035 773 1163 836 Qum
1216 788 1344 827 vero
1399 773 1452 826 in
1514 773 1616 826 hac
1680 787 1864 826 rerum
1921 771 2276 842 universita’e
2369 785 2387 824 .t

2257 784 2276 822 ε
2369 767 2472 836 ἐπὴν
2501 767 2756 838 ἀπειρίαν
2787 771 3013 840 βαθμοῖς
3049 775 3143 825 καὶ
3205 777 3422 844 μέτροις
3479 777 3592 830 τισὶ
3645 777 3931 827 διακόπτει

717 863 942 930 puli-lira
977 863 1266 925 habentur,
1301 878 1409 915 non
1452 878 1518 916 ex
1569 862 1784 930 prOpria
1835 869 2047 921 natura.
2089 875 2276 912 verum
2379 882 2391 915 ε

2269 877 2276 912 I
2379 864 2522 916 σθαι.
2559 859 2679 922 Πῶς
2701 865 2809 932 γὰρ
2837 864 2903 917 ἂν
2930 865 3118 932 (φησιν
3154 866 3183 915 ὁ
3214 866 3352 927 Gelo;
3386 865 3704 934 quvdpwc)
3737 882 3943 934 μετρη-

715 955 1134 1022 depenilcntera
1163 955 1464 1007 constituto
1513 954 1718 1023 aliquo,
1764 953 1988 1021 pulchra
2039 963 2186 1016 sunt,
2219 961 2272 1006 et
2383 956 2389 998 1

2271 993 2272 1001 η
2383 954 2498 1022 οεξη
2519 954 2576 1006 τὸ
2603 955 2848 1022 ἄπειρον,
2885 953 2950 1005 ἶν’
2983 952 3012 1004 ὃ
3032 953 3137 1004 τῶν
3156 956 3578 1023 περιτουμένων
3604 958 3746 1015 ἐστὶ.
3777 955 3945 1008 τοῦτο

715 1047 910 1099 dii-inm
937 1045 1364 1114 pulchritudinis
1401 1046 1616 1098 nonnisi
1655 1045 1947 1098 obscuram
1984 1045 2272 1113 imaginem
2380 1062 2389 1092 ε

2380 1043 2529 1116 πάθῃ
2563 1044 2774 1114 θεότης,
2802 1040 3027 1112 βαθμοῖς
3055 1045 3396 1112 μετρουμένη
3423 1046 3518 1097 καὶ
3549 1046 3880 1110 ὐποὸἁσεσις
3919 1063 3946 1095 s

716 1140 996 1192 exhibent.
1024 1139 1134 1192 Nos
1200 1148 1405 1202 autem,
1475 1139 1810 1206 posteriores
1873 1135 2019 1196 facti,
2073 1136 2215 1189 bona
2274 1133 2519 1204 quaedam
2572 1136 2835 1189 exsistere
2875 1136 3146 1204 posterius
3195 1136 3358 1188 etiam
3390 1135 3551 1199 facta,
3603 1135 3948 1206 experientia

719 1243 855 1298 teste
883 1236 1172 1288 discimus:
1229 1244 1392 1301 atque
1425 1212 1619 1286 exinde.
1663 1233 1728 1285 ad
1779 1235 1945 1287 Deum
1996 1231 2306 1300 hujusmodi
2349 1232 2523 1285 bona
2565 1231 2884 1293 referentes,
2939 1245 3003 1283 ex
3042 1230 3108 1283 iis
3151 1232 3406 1296 omnibus
3450 1232 3617 1284 Deum
3653 1231 3812 1284 talem
3847 1231 3951 1283 de-
4008 1291 4015 1296 η

718 1327 1082 1388 niuniuanms,
1114 1327 1289 1393 qualis
1320 1334 1401 1378 est
1439 1339 1504 1378 ex
1537 1337 1725 1377 uamra
1782 1340 1876 1376 sua
1913 1343 1926 1376 :
1980 1338 2086 1376 non
2133 1324 2276 1391 quod
2317 1338 2380 1376 ex
2455 1323 2564 1376 illis
2597 1323 2928 1389 compositus
2986 1321 3080 1383 sit,
3105 1323 3562 1390 quemadmodum
3606 1323 3764 1399 nobis
3798 1326 3949 1377 acci-

718 1419 817 1471 dit.
872 1420 994 1472 llzec
1031 1420 1178 1472 enim
1245 1425 1373 1470 sunt
1436 1417 1652 1470 nomina
1730 1424 2142 1470 ct'uostrarum
2198 1416 2550 1484 cogitationes
2600 1415 2943 1477 animarum;
3015 1429 3136 1482 qua:
3186 1431 3317 1467 eum
3352 1415 3405 1468 in
3450 1414 3594 1486 adyti
3665 1417 3947 1470 vestibulo

719 1513 939 1580 degant,
972 1511 1063 1563 Dei
1105 1521 1283 1564 tamen
1347 1519 1593 1563 naturam
1657 1508 1933 1561 cuiiosius
1968 1509 2170 1561 audent
2233 1509 2586 1576 perscrutari,
2654 1521 2840 1559 verum
2887 1505 2955 1560 de
3000 1507 3200 1561 divinis
3240 1508 3518 1562 attributis
3585 1508 3720 1562 nihil
3767 1524 3950 1562 enun-

720 1610 856 1660 tiare
916 1613 1164 1676 possunt,
1229 1621 1355 1660 suas
1411 1604 1670 1658 duntaxat
1718 1603 1997 1671 passiones
2045 1613 2100 1656 et
2151 1617 2277 1673 erga
2319 1602 2484 1656 Deum
2563 1602 2881 1659 att‘ectiones
2943 1603 3238 1668 declarant,
3283 1611 3397 1656 tum
3437 1603 3782 1657 dillicultates
3809 1618 3950 1671 quas

721 1701 1003 1766 patiuntur
1059 1707 1115 1750 ct
1192 1707 1372 1751 errata
1437 1699 1490 1748 in
1571 1711 1690 1764 qua:
1757 1696 2106 1764 impingunt,
2174 1710 2282 1748 non
2359 1696 2578 1763 quidem
2631 1696 2957 1758 evidenter;
3051 1695 3145 1747 sed
3199 1695 3414 1749 indiciis
3462 1695 3787 1764 quibusdam
3852 1695 3952 1748 dc-

657 1860 663 1865 ,
721 1805 1037 1849 monstrant
1092 1795 1159 1847 iis
1222 1794 1313 1861 qui
1354 1807 1415 1846 ea
1462 1792 1644 1845 valent
1717 1791 2091 1860 intelligere.»
2160 1788 2349 1844 Vester
2389 1801 2567 1845 autem
2649 1794 2904 1860 magister
2973 1791 3216 1844 Palamas
3287 1807 3626 1860 quaecunque
3681 1791 3750 1843 de
3833 1791 3951 1844 Deo

720 1901 845 1961 apte
906 1891 1309 1960 prsidii-antur,
1380 1897 1434 1941 et
1494 1887 1897 1956 intelliguntur,
1978 1887 2202 1940 totidem
2258 1888 2574 1941 divinitates
2623 1902 2742 1942 esse
2794 1889 3099 1946 increatas,
3139 1902 3171 1938 a
3223 1902 3282 1941 se
3336 1888 3568 1958 invicem
3622 1887 3950 1949 distinctas,

723 1984 1152 2054 indi-pendentes
1223 1981 1540 2036 existimat:
1595 1981 1797 2048 quibus
1865 1980 1956 2034 Dei
2039 1980 2304 2049 judicium
2382 1989 2436 2033 et
2517 1981 2849 2050 tnajcstatem
2932 1980 3306 2041 adnumerat,
3388 1990 3439 2032 et
3520 1980 3653 2033 alia-
3701 1978 3950 2043 inﬁnita;

722 2097 862 2151 quae,
895 2081 1144 2134 adductis
1197 2079 1251 2132 in
1310 2078 1545 2131 medium
1606 2077 1777 2146 ipsius
1826 2076 2054 2129 Palama:
2095 2076 2294 2139 verbis,
2337 2075 2728 2141 ostendemus;
2782 2086 2840 2130 ut
2884 2091 3071 2145 supra,
3124 2076 3411 2129 moderate
3487 2076 3615 2129 licet
3663 2084 3722 2128 et
3797 2091 3951 2136 raro,

724 2192 755 2230 a
786 2176 942 2229 nobis
991 2174 1193 2227 iactum
1246 2182 1348 2226 est.
1403 2172 1669 2226 Nimirum
1706 2185 1813 2224 non
1873 2170 2129 2240 intelligit
2177 2171 2290 2224 haec
2332 2170 2536 2239 1071
2583 2167 2683 2222 SS.
2731 2169 2948 2222 Patrum
3018 2168 3182 2222 verba
3214 2186 3237 2222 θ
3272 2188 3288 2219 i
3325 2167 3614 2222 Credimus
3662 2169 3713 2219 in
3776 2181 3953 2219 unum

729 2269 923 2326 Deum.
957 2283 1123 2321 unum
1162 2265 1491 2334 principium
1535 2264 1790 2332 principii
1822 2278 2040 2332 expers,
2106 2264 2408 2317 iuercatum
2477 2270 2609 2324 etc.,
2674 2275 2835 2314 unam
2881 2269 3226 2329 potestatem,
3298 2277 3458 2315 unam
3495 2261 3953 2323 dominationem,

729 2381 898 2418 unum
951 2377 1220 2430 regnum;
1257 2360 1400 2429 quod
1441 2363 1492 2412 in
1529 2361 1704 2414 tribus
1731 2358 1991 2428 perlectis
2037 2358 2291 2428 personis
2336 2358 2674 2428 agnoscitur,
2737 2365 2794 2410 et
2858 2356 3173 2411 adorationc
3216 2359 3375 2410 unica
3424 2359 3702 2410 adorator.
3748 2374 3768 2406 ι
3807 2355 3958 2420 Quas

726 2460 875 2514 enim
911 2459 1021 2512 Deo
1053 2457 1349 2509 tribuimus
1379 2456 1776 2525 appellationes
1818 2455 2101 2522 plurimas,
2158 2455 2316 2507 unica
2357 2464 2412 2507 et
2467 2451 2710 2508 solitaria
2743 2452 3091 2507 conclusione
3131 2467 3356 2522 magnus
3392 2452 3628 2504 Joannes
3657 2450 3956 2504 conclusit.

730 2555 797 2609 Et
845 2569 990 2607 vero
1033 2553 1076 2607 si
1138 2551 1434 2605 multitudo
1493 2552 1861 2605 increatarum
1910 2549 2290 2616 divinitatum,
2335 2566 2471 2618 quas
2529 2549 2776 2604 Palamas
2846 2549 3071 2613 invexit,
3104 2548 3268 2602 habet
3296 2563 3361 2601 ex
3395 2558 3584 2601 natura
3621 2563 3718 2602 sua
3755 2545 3960 2602 identi-

733 2654 1008 2706 tatem.ct
1043 2647 1300 2700 int-reatu:
1331 2647 1406 2700 rci
1441 2646 1836 2711 conditionem,
1892 2647 2000 2717 jam
2066 2647 2156 2701 illa
2225 2645 2516 2700 multitudo
2554 2660 2663 2699 non
2700 2644 2806 2697 erit
2851 2644 3145 2698 multitudo
3173 2685 3187 2707 ,
3235 2646 3327 2698 sed
3376 2646 3575 2698 unitas.
3627 2643 3741 2698 Hoc
3787 2646 3962 2714 igitur

738 2757 848 2795 non
887 2739 1279 2793 animadvertit
1326 2739 1616 2804 Palamas;
1687 2740 1830 2807 quod
1880 2741 2091 2794 scilicet
2155 2739 2383 2793 deitates
2423 2739 2542 2794 illas
2604 2746 2814 2792 asserat
2858 2752 2978 2791 esse
3020 2735 3151 2806 quid
3213 2753 3379 2789 unum
3436 2753 3557 2790 cum
3610 2737 3956 2793 substantia:

738 2837 881 2887 unde
914 2849 1020 2887 non
1048 2843 1193 2886 recte
1225 2834 1642 2902 intelligit,qu:e
1672 2846 1818 2888 recte
1849 2835 2115 2889 enuntiat.
2137 2833 2291 2903 Quod
2331 2835 2477 2888 enim
2513 2835 2654 2888 idem
2687 2843 2790 2898 est,
2825 2849 2932 2886 non
2957 2843 3041 2886 est
3071 2832 3240 2897 aliud,
3275 2847 3450 2901 neque
3499 2833 3818 2895 multitudo,
3860 2849 3960 2888 seu

732 2924 1024 2988 naturam,
1061 2941 1154 2978 seu
1185 2925 1542 2979 substantiam
1568 2933 1798 2993 spectes.
1828 2927 1882 2980 Si
1905 2914 2032 2980 {ero
2051 2927 2221 2995 gratia
2244 2928 2528 2992 duntaxat,
2549 2926 3007 2995 quemadmodum
3043 2925 3291 2978 homines
3336 2925 3451 2978 illas
3488 2925 3803 2980 divinitates
3839 2942 3965 2982 esse

742 3017 876 3085 quid
907 3034 1076 3070 unum
1113 3000 1168 3071 et
1199 3018 1500 3070 increatnm
1538 3026 1741 3070 statuat
1771 3019 2040 3083 Palamas,
2070 3035 2175 3072 non
2222 3019 2454 3073 advertit
2484 3035 2513 3071 a
2545 3034 2603 3072 se
2637 3017 2888 3070 aﬂirmari
2937 3017 3196 3070 deitatum
3250 3011 3560 3084 hujusmodi
3594 3018 3775 3071 increa
3804 3034 3965 3072 arum

740 3109 1149 3163 multitudinem
1183 3123 1303 3162 esse
1326 3109 1458 3174 quid
1496 3109 1635 3162 idem
1669 3126 1788 3163 cum
1835 3111 2178 3164 hominibus:
2209 3122 2263 3164 et
2307 3113 2383 3165 sic
2420 3112 2567 3182 juxta
2597 3112 2825 3165 Palamae
2849 3110 3371 3178 sententiam,quod
3398 3111 3967 3174 increatum~est,‘nou

734 3203 843 3255 erit
900 3204 1226 3266 increatum,
1279 3200 1374 3253 sed
1431 3213 1695 3254 creatum.
1751 3203 1883 3256 Nam
1943 3219 2063 3273 quae
2126 3205 2304 3257 multa
2335 3217 2484 3267 sunt,
2537 3205 2870 3258 exsistcntise
2908 3203 3192 3257 idcntitate
3265 3205 3560 3256 nniuntur:
3612 3205 3971 3274 quandoqui-

739 3292 860 3344 dem
898 3308 926 3344 a
956 3302 1162 3345 .natuia
1194 3293 1264 3346 ita
1307 3305 1681 3359 comparatum
1715 3305 1819 3354 est.
1855 3305 1913 3349 ut
1965 3313 2092 3365 qui»
2154 3297 2370 3369 diversa
2413 3312 2519 3348 non
2563 3306 2711 3356 sunt,
2756 3310 2940 3348 secum
2996 3295 3229 3347 invicem
3269 3295 3595 3354 conveniant
3657 3299 3970 3351 secundqu

739 3395 950 3438 natura:
982 3386 1252 3454 etgradus
1299 3390 1736 3454 similitudinem,
1787 3392 1876 3444 ubi
1946 3392 2091 3443 nulla
2160 3401 2242 3444 cst
2318 3390 2628 3444 diversitas.
2675 3391 2821 3443 Alias
2868 3390 3141 3459 quomodo
3197 3394 3678 3445 conuulscerent-sr
3744 3409 3807 3447 ea
3849 3409 3975 3462 qua:

741 3478 950 3532 directe
1008 3494 1068 3531 :zc
1125 3480 1289 3534 veluti
1334 3497 1363 3535 e
1410 3481 1680 3535 diametro
1726 3482 1827 3534 sibi
1904 3483 2134 3537 invicem
2205 3496 2579 3552 Oppouuntur,
2627 3492 2681 3535 et
2756 3483 2944 3537 saltem
2993 3485 3204 3535 ratione
3267 3499 3378 3536 sua:
3427 3485 3763 3539 diiersitatis
3819 3501 3973 3539 nun-

740 3587 899 3637 quam
934 3587 1037 3623 non
1079 3587 1261 3624 secum
1295 3574 1573 3640 pugnant?
1623 3573 1807 3642 Neque
1841 3577 1986 3628 enim
2038 3575 2151 3629 ﬁeri
2201 3587 2423 3643 posset,
2466 3584 2523 3627 ut
2569 3575 2797 3628 alterum
2870 3576 3025 3628 alteri
3101 3575 3439 3628 luculentum
3514 3577 3721 3629 scilicet
3776 3578 3976 3631 interi-

743 3678 856 3718 tum
886 3668 1105 3736 jamjain
1143 3670 1290 3720 omni
1326 3668 1472 3722 dicto
1510 3671 1674 3723 citius
1707 3689 1811 3724 non
1857 3682 2096 3740 pararet.
2133 3671 2300 3738 igitur
2333 3672 2424 3739 qui
2461 3679 2659 3740 prater
2734 3671 2942 3738 1072
3004 3669 3243 3722 divinam
3275 3669 3661 3731 substantiam,
3692 3670 3978 3727 increatas

739 3760 1056 3833 divinitatcs
1093 3763 1226 3814 alias
1293 3773 1350 3816 et
1384 3767 1732 3831 operationcs
1774 3767 1982 3827 statuit,
2054 3766 2098 3818 is
2137 3765 2378 3816 omnium
2418 3765 2698 3819 creatricis
2760 3763 3060 3816 divinitatis
3111 3764 3372 3818 unitatem
3437 3765 3652 3819 evertit.
3719 3765 3976 3837 Namque

741 3869 966 3922 prorsum
999 3854 1339 3921 impossibile
1381 3866 1487 3914 est.
1523 3867 1578 3907 ut
1613 3855 1875 3910 deitatum
1908 3857 2199 3911 diversitas
2243 3857 2294 3910 in
2338 3859 2675 3911 identitatem
2723 3857 3024 3910 naturalem
3087 3867 3261 3911 coeat.
3298 3859 3482 3927 Itaque
3547 3858 3692 3912 nulla
3725 3859 3832 3912 luit
3873 3875 3976 3915 nec

739 3947 848 3998 erit
885 3963 1121 4015 unquam
1175 3948 1416 4001 incrcata
1491 3948 1750 4002 divinitas
1799 3949 1925 4012 alia,
1997 3959 2193 4018 praeter
2236 3949 2475 4002 divinam
2510 3960 2567 4003 et
2593 3937 2762 4003 solam
2828 3949 3188 4003 substantiam
3249 3950 3302 4002 iu
3339 3951 3518 4004 tribus
3560 3951 3818 4019 personis
3847 3954 3980 4006 sub-

743 4038 1067 4103 sistentem;
1103 4040 1317 4093 etiamsi
1353 4040 1633 4094 Palamita:
1670 4041 1813 4095 istud
1849 4043 2162 4095 ell'utientes
2193 4041 2630 4111 disrumpantur.
2699 4043 2887 4110 Neque
2953 4057 3084 4094 vero
3129 4040 3464 4094 admittenda
3525 4053 3612 4096 est
3673 4047 3976 4114 paganico~

743 4144 863 4182 rum
924 4131 1148 4183 deorum
1199 4132 1512 4184 multitudo.
1546 4133 1620 4185 lta
1650 4133 1794 4186 enim
1841 4135 2098 4202 praclarc
2146 4133 2310 4186 habet
2349 4134 2751 4193 celeberrimus,
2772 4133 3057 4200 theologus
3123 4141 3346 4186 sanctus
3397 4133 3635 4189 Joannes
3676 4137 3981 4192 Damasce-

748 4242 892 4279 nus:
941 4245 956 4274 α
1000 4227 1059 4287 Si
1101 4227 1315 4294 j-lures,
1372 4227 1579 4294 inquit,
1627 4243 1748 4282 esse
1799 4229 1935 4282 deos
1982 4229 2302 4293 dixerimus,
2379 4243 2603 4282 necesse
2645 4240 2728 4282 εει
2773 4237 2830 4281 ut
2898 4228 2998 4296 ipsi
3043 4228 3187 4281 inter
3231 4244 3291 4282 se.
3315 4228 3594 4284 diﬁ‘erant.
3629 4231 3697 4284 Et
3751 4235 3980 4301 quidem

747 4325 898 4377 solus
931 4323 1020 4376 ille
1053 4321 1280 4374 omnino
1309 4331 1364 4374 et
1388 4322 1626 4375 totaliter
1656 4322 1802 4374 Deus
1839 4323 1965 4385 erit,
1998 4323 2090 4390 qui
2126 4323 2367 4376 totaliter
2394 4323 2718 4376 et‘omnino
2772 4322 3046 4391 perfectus
3115 4322 3220 4377 erit
3280 4341 3294 4376 :
3355 4327 3669 4394 quicunque
3720 4339 3916 4383 autem
3948 4347 3980 4387 a

749 4429 962 4467 summe
1011 4414 1250 4482 pet-tecto
1299 4413 1392 4466 illo
1419 4413 1769 4482 superabitur
1815 4416 2116 4468 secundum
2163 4414 2493 4480 bonitatem,
2557 4423 2651 4467 aut
2723 4417 3069 4484 sapientiam,
3113 4425 3209 4469 aut
3266 4419 3592 4487 potentiam,
3630 4429 3726 4475 aut
3766 4437 3979 4477 secun-

749 4511 879 4562 dum
923 4509 1069 4560 aliud
1103 4510 1408 4576 quidpiam,
1445 4509 1586 4562 Deus
1619 4516 1726 4563 nu'n
1773 4509 1897 4562 erit.
1929 4509 2132 4564 Deinde
2164 4523 2314 4572 vero,
2355 4510 2400 4564 si
2467 4510 2622 4563 multi
2670 4510 2781 4565 sint
2822 4510 2932 4574 dii,
2965 4511 3239 4580 quomodo
3288 4513 3746 4584 incircumscripti
3788 4534 3987 4574 mane-

751 4599 1050 4653 bunt?Ubi
1102 4599 1248 4650 enim
1300 4601 1462 4653 fuerit
1515 4618 1680 4667 unus,
1733 4603 1807 4655 ibi
1857 4603 1992 4657 alter
2069 4617 2176 4656 non
2227 4604 2356 4656 erit.
2395 4604 2559 4672 Atqui
2608 4593 2788 4658 tamen
2815 4605 3052 4660 'neccsse
3094 4617 3179 4662 est
3230 4619 3289 4661 ut
3347 4609 3864 4680 incircumscriptus
3907 4609 3983 4668 si‘

753 4693 920 4752 Deus,
973 4699 1030 4744 et
1067 4691 1247 4743 omnia
1282 4693 1505 4760 repleat.
1543 4712 1561 4743 ι
1596 4695 1764 4762 Igitur
1801 4696 1928 4748 hinc
1971 4696 2134 4749 etiam
2181 4696 2639 4751 considerandum
2673 4707 2779 4760 est,
2841 4701 3116 4766 quomodo
3178 4702 3411 4756 stolidius
3473 4705 3737 4766 Palamas,
3791 4722 3984 4774 neque

759 4799 970 4837 sacram
1001 4783 1335 4851 Srripturam
1376 4784 1648 4836 ullatenus
1677 4784 2009 4855 intelligens,
2031 4787 2319 4841 manifeste
2358 4802 2573 4855 semper
2611 4791 2887 4842 censuerit
2919 4800 2976 4844 et
3011 4790 3464 4858 docuerit,unius
3489 4794 3583 4847 Dei
3609 4794 3983 4853 substantiam

759 4886 816 4930 et
852 4876 1232 4943 operationem
1265 4892 1293 4929 a
1326 4892 1385 4931 se
1416 4878 1650 4931 invicem
1697 4866 1943 4942 diﬁcrre,
1983 4894 2158 4947 neque
2199 4893 2360 4931 unam
2400 4878 2661 4933 duntaxat
2683 4879 3020 4934 divinitatem
3059 4881 3268 4936 admitti
3308 4899 3336 4936 a
3373 4899 3432 4939 se
3467 4885 3843 4948 declaraverit.
3883 4892 3984 4946 sed

768 4971 1044 5033 inﬁnitas;
1073 4987 1178 5025 nec
1205 4971 1446 5027 inﬁnitas
1481 4973 1788 5038 solum,sed
1816 4983 1873 5028 et
1896 4974 2191 5039 incrcatas;
2238 4989 2337 5029 nec
2374 4974 2750 5029 tantummodo
2775 4975 3168 5040 increatas,sed
3192 4981 3421 5051 majores
3447 4989 3503 5035 et
3527 4984 3786 5039 minores.
3804 4984 3987 5047 Porro

764 5065 859 5130 qui
893 5066 1128 5134 majores
1148 5077 1204 5118 et
1231 5069 1472 5122 minores
1506 5071 1776 5123 increatas
1803 5069 2033 5123 deitatr-s
2056 5069 2369 5135 introducit,
2395 5070 2440 5124 is
2472 5070 2712 5140 profecto
2740 5071 3076 5128 intervallum
3103 5074 3374 5142 quoddam
3397 5079 3539 5132 inter
3557 5093 3651 5133 eas
3677 5089 3983 5151 excogitat.

764 5159 877 5215 lloc
921 5169 1104 5214 autem
1141 5161 1485 5215 intervallum
1507 5163 1787 5218 inﬁnitum
1824 5179 1946 5219 esse
1984 5163 2192 5236 1073
2233 5181 2339 5221 non
2377 5167 2582 5235 patitur
2628 5166 2793 5234 ipsius
2832 5168 3016 5232 medii,
3056 5183 3152 5222 seu
3185 5168 3481 5236 intervalli,
3510 5173 3650 5226 ratio
3703 5174 3984 5238 formatis.

760 5254 870 5308 Nec
911 5257 1059 5311 enim
1098 5256 1385 5311 inﬁnitatis
1429 5266 1624 5311 natura
1663 5259 1932 5328 ejusmodi
1987 5271 2088 5326 est,
2122 5273 2180 5315 ut
2229 5262 2487 5331 gradibus
2535 5269 2648 5315 tum
2685 5263 3058 5330 superioribus
3108 5269 3223 5318 tum
3275 5264 3631 5322 inferioribus
3689 5285 3988 5332 mensuu-

757 5357 924 5401 (ιη’.)
1014 5412 1022 5420 ,
1217 5414 1221 5417 χ
1311 5372 1313 5374 ·
1612 5369 1619 5375 ·
1968 5415 1977 5422 κ

1968 5415 1977 5422 κ
3024 5410 3028 5415 .

837 5440 900 5493 Χ.
941 5440 1207 5506 Equidem
1258 5453 1502 5511 poteram
1569 5443 1673 5499 alia
1749 5446 1903 5515 plura
1960 5447 2059 5502 SS.
2091 5446 2310 5501 Patrum
2492 5448 2511 5499 Ι

2492 5448 2552 5506 ιο,
2592 5445 2722 5515 Ἐμὲ
2751 5447 2925 5502 δὲκαὶ
2964 5449 3183 5514 πλειους
3219 5454 3526 5525 μαρτυρίας
3556 5458 3749 5529 ἑτέρας
3783 5464 3989 5534 ἕχοντδ

761 5537 1005 5603 prolerre
1034 5533 1367 5597 testimonia,
1399 5537 1601 5605 quibus
1627 5547 1926 5599 constaret,
1959 5553 2308 5608 neque-ope-
2421 5557 2435 5606 ς

2421 5543 2605 5611 φέρειν
2625 5543 2815 5610 ἁγίων,
2841 5543 2968 5612 περι
2987 5560 3050 5610 γε
3067 5540 3158 5594 τοῦ
3181 5545 3317 5613 μήτε
3343 5547 3655 5617 summ,
3683 5533 3987 5622 pessius!

761 5626 1238 5696 rationem,neque
1273 5626 1434 5679 ullam
1458 5623 1796 5697 qualitatem,
1819 5645 1993 5698 neque
2023 5629 2169 5682 aliud
2196 5646 2314 5684 om-
2421 5648 2435 5682 ς

2421 5635 2679 5704 ποιότητα
2696 5639 2829 5706 μήτε
2844 5652 2896 5688 τι
2916 5633 3249 5688 τῶνπάντων
3272 5636 3328 5702 ἐξ
3349 5639 3519 5694 ἀϊδίου
3541 5647 3780 5698 συνεῖναι
3797 5648 3992 5718 διάφο-

760 5715 892 5768 niuo
926 5716 1227 5783 quilpiam,
1269 5715 1467 5770 divinte
1507 5718 1822 5785 substantia‘
1874 5729 2204 5772 comtcrnum
2258 5727 2314 5773 et
2422 5741 2434 5790 ι

2313 5760 2314 5763 η
2422 5738 2513 5790 ρπν
2528 5723 2781 5778 δύνασθαι
2808 5727 2873 5793 τῇ
2896 5724 3012 5792 θείᾳ
3032 5724 3208 5795 obuia,
3231 5725 3323 5780 καὶ
3341 5730 3452 5796 ἅμα
3471 5734 3579 5794 τοῖς
3597 5733 3675 5801 τῷ
3695 5715 3987 5807 Καεισίλᾳ
