4218 6454
719 399 849 464 1363
991 409 1065 469 [Α.
1106 416 1160 452 ιι.
1201 401 1360 463 6859,
1415 413 1515 452 rso.
1560 400 1614 468 41

1904 405 1952 463 Ν
1966 401 2316 464 lCEPHORI
2357 402 2663 461 GREGOR
2678 402 2734 458 ,Ε

3818 390 3954 459 136i

3055 393 3185 464 [ιιιιι.
3228 412 3272 450 ι.
3311 410 3600 451 curacuz.
3645 391 3699 462 5]

716 513 994 578 scientias,
1023 529 1255 583 quarum
1281 530 1414 568 usus
1437 525 1521 568 est
1546 516 1601 568 in
1624 515 2108 584 disputationibus.
2139 513 2280 571 Cen-
2311 517 2352 570 Α

2269 543 2280 552 -
2311 517 2352 570 Α
2385 515 2528 578 λέγω
2557 503 2618 582 δῆ
2648 517 2767 574 ταῖς
2797 515 2902 566 τῶν
2935 513 3170 581 θύραθεν
3206 513 3343 581 πρδς
3393 511 3493 568 τὰς
3541 512 3810 572 διαλέξεις
3843 512 3935 560 ἔπι

716 622 808 659 εκθο
837 609 982 659 enim
1020 623 1209 661 eorum
1241 608 1451 685 artibus
1469 617 1525 661 et
1559 608 1884 662 testimoniis
1914 610 2137 660 multam
2186 606 2278 660 de-

722 700 1171 753 monstrationum
1232 700 1393 753 nobis
1453 701 1564 754 vim
1621 710 1933 770 oppetere.
2010 700 2276 765 Quoniam

717 807 846 844 vero
877 790 1139 846 adversus
1163 791 1450 846 veritatem
1488 791 1836 861 profanorum
1865 792 2056 856 armis,
2092 798 2279 857 utpote

718 883 954 950 propriis
1003 882 1320 946 destitutus.
1373 885 1647 940 instruere
1699 899 1757 938 se
1809 895 2074 945 conatur,
2125 885 2280 949 longe

717 971 914 1040 potiori
969 973 1183 1027 ratione
1233 989 1334 1027 nos
1385 973 1511 1027 inde
1550 990 1649 1043 pro
1693 975 1925 1028 veritate
1968 973 2280 1026 ﬁrmissime

719 1071 1024 1127 pugnantes
1055 1063 1413 1127 armabimur,
1453 1063 1546 1131 qui
1585 1078 1775 1116 sumus
1811 1063 1878 1116 iis
1905 1061 2197 1116 assuefaCti
2228 1073 2281 1113 et

719 1170 813 1221 per
824 1169 1039 1207 omnem
1053 1162 1268 1208 aetatem
1291 1155 1418 1208 huic
1441 1171 1630 1224 pugnae
1651 1155 1862 1224 1083
1877 1170 2100 1222 operam
2122 1172 2280 1209 nava-

720 1246 914 1298 vimus.
943 1247 1076 1299 Nam
1106 1247 1300 1315 linguae
1330 1257 1527 1301 nostra:
1560 1247 1881 1302 afﬁnitatem
1918 1257 1974 1303 et
2004 1249 2281 1318 ingenium

720 1334 899 1401 potius
949 1350 1357 1403 cognoscemus,
1395 1353 1558 1405 quam
1619 1338 1732 1406 ipse
1779 1339 2024 1393 Palamas
2059 1340 2280 1399 nothus.

719 1426 813 1491 qui
847 1426 1198 1493 profanorum
1226 1430 1551 1483 testimoniis
1596 1430 1920 1484 adulteratis
1954 1431 2146 1484 utitur.
2181 1431 2286 1484 Ita-

720 1529 827 1582 que
857 1529 972 1568 tum
1003 1517 1072 1570 ob
1097 1517 1236 1572 hanc
1262 1519 1474 1571 unicam
1500 1521 1790 1584 rationem,
1808 1529 1922 1572 tum
1939 1530 2162 1589 propter
2183 1523 2284 1573 n‘o-

723 1613 960 1657 strorum
1001 1606 1377 1675 theologorum
1405 1619 1456 1660 et
1479 1607 1735 1662 Ecclesia:
1758 1609 2043 1663 doctorum
2080 1610 2285 1663 adhor-

722 1696 998 1755 tationem,
1021 1710 1126 1748 non
1145 1697 1345 1765 pigebit
1371 1713 1468 1751 nos
1494 1698 1578 1751 his
1603 1699 1777 1753 annis
1796 1699 1992 1753 instrui
2020 1701 2285 1755 advvrsus

721 1786 855 1838 istos
893 1786 1060 1839 veluti
1095 1803 1373 1842 murorum
1397 1788 1714 1844 eﬁ'ractores
1743 1801 1799 1845 et
1820 1793 2109 1861 sacrilegos
2132 1809 2284 1847 scur-

721 1892 832 1939 ras,
880 1880 971 1945 qui
1015 1889 1353 1934 monstrosas
1398 1889 1451 1934 et
1488 1881 1787 1936 insolentes
1820 1883 1873 1936 in
1898 1886 2202 1937 sententias
2230 1894 2287 1937 et

727 1983 943 2022 errores
993 1985 1102 2037 prs:
1159 1970 1375 2023 inscitia
1421 1980 1649 2026 cmteros
1677 1972 1978 2027 abducunt.
2036 1972 2212 2037 Unde,
2240 1974 2286 2027 si

722 2060 878 2112 vobis
903 2062 1067 2114 etiam
1099 2063 1169 2114 ita
1201 2064 1376 2116 visum
1409 2063 1595 2130 fuerit,
1613 2064 1705 2119 ubi
1736 2066 1886 2133 prius
1907 2066 1974 2119 de
2007 2066 2092 2118 bis
2116 2081 2285 2135 pauca

720 2161 775 2204 et
820 2168 1157 2221 qumcunque
1198 2154 1270 2207 ad
1322 2154 1630 2209 institutum
1685 2165 1934 2209 nostrum
1980 2157 2286 2226 pertinent,

720 2243 1274 2307 consideraverimus,
1324 2244 1506 2298 statim
1537 2245 1879 2313 propositum
1911 2245 2072 2299 nobis
2097 2255 2281 2299 certa-

725 2349 847 2386 men
893 2334 1161 2389 ineamus.
1229 2336 1365 2389 Nam
1398 2336 1442 2391 si
1483 2338 1559 2389 rei
1607 2347 1977 2392 controversa:
2022 2338 2285 2407 principia

724 2425 878 2478 firma
916 2435 971 2480 et
1002 2424 1195 2480 idonea
1247 2428 1724 2495 pratstituerimus,
1766 2428 1996 2482 ulterius
2029 2428 2286 2497 progredi

721 2515 880 2582 longe
923 2513 1081 2567 nobis
1113 2513 1331 2570 facilius
1363 2517 1494 2581 erit,
1525 2533 1688 2587 quam
1724 2517 1768 2572 si
1800 2518 2016 2571 inﬁrma
2043 2527 2099 2572 et
2128 2517 2288 2571 debi-

719 2604 789 2658 lia
824 2613 1034 2658 tantum
1073 2608 1596 2675 praestruxissemus.

793 2695 880 2749 ΙΙΙ.
917 2697 1162 2757 Primum
1214 2699 1380 2767 igitur
1407 2701 1587 2769 magni
1621 2709 1674 2754 et
1723 2701 2013 2756 clarissimi
2047 2702 2290 2773 Dionysii

725 2794 1056 2847 mentionem
1088 2794 1306 2857 faciam,
1334 2797 1424 2865 qui
1454 2797 1727 2865 duplicem
1759 2813 1881 2854 esse
1906 2799 2286 2870 theologorum

722 2886 1071 2940 traditionem
1129 2889 1358 2952 asserit;
1416 2905 1576 2941 unam
1632 2889 1854 2958 quidem
1914 2904 2172 2944 arcanam
2233 2902 2290 2944 et

722 2978 1001 3045 myst’cam
1024 2993 1038 3041 ;
1065 2978 1289 3030 alteram
1320 2994 1448 3032 vero
1481 2979 1909 3047 philosophicam
1947 2994 2010 3032 ac
2062 2979 2290 3034 demon-

721 3069 1038 3121 stralivam:
1074 3053 1149 3132 et,
1194 3070 1339 3134 «Est,
1383 3071 1583 3139 inquit,
1630 3087 1893 3126 arcanum
1935 3088 2058 3126 cum
2096 3083 2289 3142 aperto

2383 608 2638 674 στήμαις,
2667 606 2753 677 [Ρ.
2790 604 2916 673 680]
2952 605 3028 666 ὼς
3069 606 3163 656 καὶ
3211 605 3430 671 τέχναις
3468 604 3561 653 καὶ
3595 605 3955 669 μαρτυρίαις,

2382 699 2588 750 ἐκεῖθεν
2638 698 2771 766 ἡμῖν
2807 697 2907 764 τὴν
2956 697 3109 763 ἰσχὺν
3159 693 3531 760 περιγίνεσθαι
3585 694 3813 757 φάσκων
3851 692 3959 742 τῶν

2382 790 2814 856 ἀποδειγμάτων.
2861 787 3012 839 Ἐπεὶ
3063 786 3108 838 δ’
3169 785 3367 846 ἄοπλος
3420 784 3632 837 οἴκοθεν
3693 784 3962 851 ὑπάρχων

2382 881 2543 942 αὐτὸς
2573 885 2634 931 ὲκ
2669 879 2873 931 τούτων
2900 877 3094 932 ὲαυτδν
3121 879 3366 941 ὁπλίζειν
3393 876 3650 944 πειρᾶται
3685 875 3831 925 κατά
3859 873 3959 937 τῆς

2384 974 2660 1040 ἀληθείας.
2690 972 2868 1039 πολλῴ
2902 971 3103 1039 μᾶλλον
3133 971 3278 1038 ἡμᾶς
3302 971 3358 1031 ἐς
3384 969 3445 1019 τὸ
3475 967 3772 1035 κράτιστον
3800 963 3960 1016 ταῦθ’

2385 1066 2526 1133 ὑπὲρ
2565 1065 2662 1133 τῆς
2705 1062 2964 1127 ἀληθείας
3007 1060 3447 1128 ἀγωνιζομένους
3478 1057 3793 1117 ὸπλίζουσι,
3832 1054 3961 1115 τοὺς

2387 1158 2532 1226 μάλα
2581 1154 2833 1225 συνήθεις
2883 1172 2944 1207 τι
2985 1154 3080 1206 καὶ
3125 1153 3442 1220 ἡλικιώτας.
3500 1145 3961 1213 Ἐπιγνωσόμεθα

2383 1251 2492 1318 γάρ
2512 1250 2674 1315 ἡμεῖς
2692 1247 2789 1317 τὴν
2806 1247 2906 1314 τῆς
2929 1245 3091 1315 ἡμῶν
3117 1244 3366 1310 γλώττης
3396 1241 3597 1309 μᾶλλον
3625 1240 3961 1305 συγγένειαν
3989 1298 3995 1306 ι

2386 1340 2476 1390 καὶ
2512 1338 2570 1389 τὸ
2611 1334 2743 1407 ἦθος
2797 1336 2830 1404 ἢ
2866 1335 3030 1397 αὐτὸς
3078 1334 3228 1396 νόθος
3278 1332 3454 1393 νόθοις
3512 1331 3792 1398 χρώμενος
3835 1328 3960 1378 τού-

2383 1446 2517 1490 τοις.
2551 1430 2651 1486 Διά
2679 1427 2810 1493 γοῦν
2843 1427 2902 1478 ἓν
2935 1442 2999 1492 γε
3043 1425 3272 1484 τοιοῦτο,
3307 1425 3401 1475 καὶ
3443 1425 3580 1491 πρός
3624 1437 3688 1489 γε
3739 1422 3828 1473 διὰ
3859 1419 3961 1488 τὴν

2383 1521 2492 1572 τῶν
2521 1520 2807 1590 ἡμετέρων
2837 1518 3101 1583 θεολόγων
3135 1517 3228 1569 καὶ
3245 1515 3585 1567 διδασκάλων
3608 1515 3704 1580 τῆς
3723 1511 3962 1579 Ἐκκλη-

2387 1615 2508 1676 σίας
2547 1615 2891 1682 παραίνεσιν,
2922 1613 3021 1666 οὐκ
3062 1612 3364 1680 όκνήσομεν
3408 1610 3517 1662 οὐδ’
3546 1610 3707 1677 ἡμεῖς
3755 1607 3961 1658 οὑτωσί

2387 1722 2503 1767 πως
2569 1705 2894 1756 ὁπλίσασθαι
2949 1704 3092 1756 κατὰ
3155 1702 3268 1752 τῶν
3321 1699 3810 1767 τοιχωρυχοῦντων
3865 1696 3963 1747 καὶ

2389 1795 2842 1864 βωμολοχούντων
2877 1795 3033 1848 ταυτὶ
3077 1793 3169 1846 καὶ
3221 1796 3298 1854 είς
3342 1793 3667 1851 ἀλλοκότους
3713 1789 3965 1848 διανοίας

2393 1890 2486 1940 καὶ
2539 1887 2744 1950 πλάνας
2796 1887 2854 1951 ἐξ
2897 1887 3137 1955 ἀμαθίας
3184 1886 3570 1953 παραγόντων.
3613 1885 3674 1936 Εἰ
3727 1879 3824 1934 οὖν
3866 1882 3964 1933 καὶ

2393 1980 2520 2048 ὑμῖν
2549 1979 2815 2041 συνδοκεῖ,
2843 1978 3050 2047 βραχέα
3101 1976 3432 2044 σκεψάμενοι
3479 1975 3608 2042 περὶ
3642 1975 3752 2026 τῶν
3781 1972 3963 2025 τοιού-

2390 2090 2496 2126 των
2530 2073 2770 2139 πρῶτον,
2797 2076 2891 2126 καὶ
2920 2073 3021 2124 ὅσα
3049 2074 3114 2138 τῇ
3149 2071 3489 2138 προκειμένῃ
3534 2066 3864 2135 προσήκοντ’
3899 2065 3966 2116 ἂν

2389 2169 2475 2235 εἴη
2498 2166 2704 2234 ἐφόδια.
2735 2163 2906 2216 ἔπειτ’
2944 2165 2999 2225 ἐς
3031 2163 3121 2215 τὸν
3148 2162 3512 2231 προκείμενον
3547 2160 3734 2226 ἀγῶνα
3770 2159 3965 2226 χωρή-

2392 2275 2595 2328 σωμεν.
2641 2257 2824 2327 Ῥᾴοσι
2855 2256 2963 2323 γὰρ
2992 2255 3056 2307 ἂν
3090 2254 3176 2321 εἴη
3206 2257 3407 2323 χωρεῖν
3435 2255 3490 2313 ἐς
3521 2252 3588 2303 τὰ
3624 2251 3836 2320 πρόσω,
3861 2252 3963 2312 τὰς

2388 2350 2497 2403 τῶν
2527 2350 2838 2400 ὑποθέσεων
2863 2345 3037 2416 ἀρχὰς
3066 2347 3162 2399 καὶ
3186 2345 3661 2414 προκαταστάσεις
3689 2343 3964 2402 ἀνενδεεῖς

2390 2441 2755 2511 πηγνυμένοις
2786 2439 2818 2508 ἢ
2857 2436 3226 2508 ῥᾳθυμούσας.

2463 2710 2537 2765 Γ.
2587 2709 2865 2761 Διονυσῖου
2916 2709 3099 2758 τοίνυν
3149 2707 3357 2757 ἐκείνου
3409 2704 3503 2756 τοῦ
3556 2702 3695 2756 πάνυ
3750 2703 3969 2771 μεμνήο

2393 2818 2554 2869 σο;;αι
2587 2800 2700 2867 (66)
2733 2798 2971 2867 πρῶτον,
2999 2795 3183 2864 διττὴν
3231 2789 3372 2846 εἶναι
3417 2793 3518 2862 τὴν
3555 2792 3662 2844 τῶν
3696 2792 3971 2857 θεολόγων

2391 2893 2688 2962 παράδοσιν
2720 2890 2991 2957 λέγοντος.
3017 2887 3117 2957 τὴν
3160 2887 3256 2956 μὲν
3286 2886 3603 2954 ἀπόῤῥητον
3632 2885 3727 2934 καὶ
3763 2900 3969 2950 pust;-

2391 2987 2514 3053 κῆν,
2575 2984 2674 3053 τὴν
2731 2983 2788 3036 δὲ
2847 2982 3139 3049 φιλόσοφον
3198 2980 3291 3031 καὶ
3355 2977 3785 3042 ἀποδεικτικήνο
3830 2978 3969 3039 καὶ,

2396 3097 2415 3130 ι
2451 3076 2829 3144 Συμπλέκεται
2870 3073 2949 3144 τῷ
2985 3072 3133 3144 ρητῷ
3177 3072 3237 3123 τὸ
3287 3070 3562 3141 ἀρῤητον·
3609 3070 3705 3120 καὶ
3756 3068 3820 3118 τὸ
3865 3072 3974 3135 μὲν

718 3170 775 3215 et
805 3161 1079 3214 declarato
1135 3176 1467 3215 connexum.
1546 3162 1658 3217 Hoc
1707 3164 1928 3232 quidem
1994 3164 2359 3256 persuadetC

2317 3201 2359 3256 C
2394 3170 2569 3222 πείθει
2594 3169 2686 3221 καὶ
2716 3167 3031 3219 καταδεῖται
3067 3164 3176 3215 τῶν
3203 3148 3513 3231 λεγομένων
3539 3161 3639 3230 τὴν
3666 3159 3968 3228 ἀλήθειαν·

719 3262 774 3306 et
799 3266 989 3304 eorum
1016 3267 1133 3319 quae
1177 3251 1435 3305 dicuntur
1466 3252 1750 3306 veritatem
1803 3255 2091 3324 astringit:
2154 3255 2286 3309 illud

721 3351 901 3394 autem
931 3344 1119 3395 efficax
1153 3351 1330 3406 est,et
1362 3344 1416 3395 in
1452 3343 1558 3396 Deo
1591 3358 1690 3396 nos
1717 3343 2096 3414 fundatatque
2115 3347 2288 3399 collo-

720 3445 809 3487 cat
842 3435 1104 3498 occultis,
1125 3450 1260 3503 quas
1287 3450 1316 3487 a
1362 3437 1581 3489 nemine
1630 3437 2287 3500 docemur,institutioni-

720 3525 874 3576 bus.»
905 3523 1127 3591 Magnus
1149 3540 1277 3577 vero
1301 3524 1655 3588 Athanasius,
1678 3527 1745 3580 de
1770 3528 1932 3597 hujus
1958 3529 2106 3581 vocis
2135 3547 2152 3578 ι
2179 3544 2284 3582 non

719 3615 895 3670 factus
928 3636 943 3666 ι
975 3617 1372 3686 signiﬁcatione
1411 3618 1675 3673 adversus
1714 3619 1948 3674 Ariauos
1980 3619 2286 3688 disputans,

729 3728 745 3757 ι
785 3709 1127 3778 lnterrogent
1165 3711 1391 3778 (inquiti
1418 3712 1671 3780 gentiles,
1719 3721 1779 3764 ut
1834 3727 1957 3765 cum
2015 3713 2290 3766 audierint

721 3801 791 3854 ab
820 3802 982 3870 ipsis,
1014 3813 1148 3870 quot
1195 3804 1532 3871 signiﬁcatus
1569 3803 1764 3857 habeat
1796 3805 1909 3856 hare
1966 3820 2090 3869 vox,
2129 3824 2145 3855 ι
2181 3819 2288 3858 non

723 3903 917 3958 factus,
961 3915 976 3945 ι
1006 3896 1308 3962 intelligant
1339 3913 1395 3949 se
1445 3911 1544 3948 nec
1575 3897 1641 3949 de
1673 3895 1758 3948 his
1792 3896 2033 3965 quidem,
2061 3897 2128 3949 de
2170 3898 2292 3966 qni-

723 3987 824 4040 bus
840 3987 1133 4050 disserunt,
1157 3993 1302 4038 rccte
1326 4001 1485 4039 nosse
1512 3987 1900 4054 interrogare.»
1919 3985 2136 4066 1m
2157 3986 2293 4040 Mul-

727 4085 839 4129 tum
859 4075 1057 4129 deinde
1087 4076 1168 4128 vir
1199 4076 1300 4128 iste
1330 4075 1550 4128 divinus
1576 4075 1740 4129 habet
1766 4090 2100 4135 sermonem,
2122 4091 2285 4144 quem

723 4165 1040 4218 accuratius
1077 4164 1289 4218 discere
1324 4165 1912 4234 poteruntquicunque
1934 4163 2112 4232 legere
2138 4164 2288 4217 illum

722 4255 1015 4308 voluerint.
1078 4253 1210 4306 Nam
1265 4271 1386 4307 cum
1443 4254 1930 4321 impraesentiarum
2007 4253 2166 4307 nobis
2215 4251 2282 4305 ad

725 4344 986 4398 ulteriora
1019 4344 1408 4398 festinantibus
1433 4343 1569 4396 nihil
1618 4343 1716 4397 otii
1767 4345 1859 4403 sit,
1889 4357 2061 4412 pauca
2095 4341 2285 4395 saltem

724 4437 1034 4489 divinorum
1064 4437 1347 4488 hominum
1380 4436 1596 4489 illorum
1637 4436 1803 4488 verba
1841 4435 1929 4488 hic
1982 4449 2288 4503 proponere

2395 3262 2455 3315 τὸ
2507 3263 2564 3314 δὲ
2613 3261 2716 3330 δρᾷ
2765 3259 2859 3311 καὶ
2911 3256 3148 3325 ἐνιδρύει
3197 3255 3275 3322 τῷ
3329 3254 3451 3322 Θεῷ
3488 3256 3609 3314 ταῖς
3653 3252 3972 3312 ἀδιδάκτοις

2398 3351 2834 3421 μυσταγωγίαις.
2894 3366 2912 3400 ι
2973 3349 3101 3416 Περὶ
3145 3346 3200 3398 δὲ
3260 3346 3357 3398 τοῦ
3405 3344 3674 3412 άγενήτου
3723 3344 3902 3410 λέγων
3945 3346 3974 3394 ὁ

2399 3448 2569 3514 μέγας
2601 3443 2721 3496 κατ’
2769 3442 3060 3511 Ἀρειανῶι
3089 3443 3116 3492 ὁ
3158 3439 3467 3496 Ἀθανάσιος
3511 3438 3645 3504 (67),
3681 3456 3698 3487 ι
3722 3437 3975 3504 Ἐρωτηο

2398 3541 2669 3600 σάτωσαν,
2707 3555 2726 3587 ι
2767 3537 2986 3604 φάσκει,
3029 3553 3046 3584 ι
3087 3533 3211 3595 τοὺς
3246 3533 3535 3601 Ἕλληνας,
3567 3533 3651 3582 ῖνα
3689 3531 3972 3582 ἀκούσαν·

2395 3647 2484 3692 τες
2539 3630 2676 3681 πόσα
2733 3629 3108 3697 σημαινόμενα
3160 3627 3192 3694 ὴ
3242 3624 3386 3687 λέξις
3438 3623 3550 3691 ἔχει
3586 3622 3837 3691 μάθωσιν
3887 3622 3974 3672 ὅτι

2395 3721 2514 3772 οὐδὲ
2549 3721 2678 3787 περὶ
2707 3713 2778 3770 ὧν
2813 3719 3059 3783 λέγουσιν
3092 3718 3413 3766 ἐπίστανται
3445 3713 3622 3774 καλῶς
3655 3713 3904 3779 ἐρωτᾷν.
3950 3731 3968 3759 ι

2396 3813 2506 3864 Καὶ
2542 3811 2706 3862 πολὺν
2755 3809 2881 3875 ἑξῆς
2928 3810 2954 3858 ὁ
3005 3809 3145 3868 θεῖος
3191 3809 3398 3866 ἐκεῖνος
3429 3805 3565 3869 ἀνὴρ
3601 3805 3845 3854 ποιεῖται
3883 3802 3976 3852 λό-

2396 3917 2529 3966 γον,
2589 3891 2632 3963 ᾦ
2684 3899 2794 3958 τοῖς
2851 3896 3126 3946 ἐθέλουσιν
3193 3895 3439 3960 ἐντυχεῖν
3491 3892 3705 3954 ἐξέσται
3773 3890 3977 3958 μαθεῖν

2395 3987 2740 4053 τελεώτερον.
2788 3985 2951 4042 Ἡμῖν
2983 3984 3089 4050 γὰρ
3138 3981 3321 4050 ἥκιστ’
3359 3984 3416 4031 ὲν
3455 3979 3531 4048 τῷ
3579 3979 3812 4046 παρόντι
3847 3994 3975 4045 σχοο

2396 4077 2493 4144 λὴν
2531 4076 2746 4141 ἄγουσι,
2775 4073 2862 4123 διὰ
2910 4071 3007 4139 τὴν
3039 4073 3094 4131 ἐς
3132 4071 3195 4121 τὰ
3244 4070 3429 4137 πρόσω
3459 4068 3716 4135 σπουδὴν,
3755 4066 3976 4134 βραχέα

2395 4166 2500 4218 τῶν
2558 4167 2717 4217 θείων
2777 4162 3000 4215 ἐκείνων
3065 4161 3276 4230 ἀνδρῶν
3342 4159 3592 4212 ἐνταυθοῖ
3643 4160 3978 4225 προτιθέναι

2395 4259 2664 4321 δέδοκται,
2714 4257 2810 4309 καὶ
2860 4257 2979 4308 ὅσα-
3013 4256 3150 4322 πρὸς
3197 4253 3288 4304 τὸν
3347 4252 3552 4302 σκοπὸν
3601 4251 3976 4317 ἀφοσιοῦσθαι

2396 4347 2609 4416 χρεὼνο
2652 4348 2719 4398 τὰ
2767 4345 2810 4397 δ’
2863 4343 2992 4412 ἑξῆς
3044 4347 3155 4404 τοῖς
3215 4341 3562 4411 βουλομένοις
3611 4341 3975 4407 παρήκαμεν,

2397 4439 2644 4505 ἐξουσίας
2706 4437 2943 4504 ἀφθόνου
3017 4434 3283 4502 διηνεκῶς
3351 4432 3706 4502 ἠνεῳγμένης
3767 4430 3976 4484 iamet.

728 4529 903 4581 visum
937 4540 1040 4590 est,
1098 4538 1363 4596 quantum
1416 4528 1625 4581 scilicet
1672 4527 1906 4581 instituti
1933 4528 2116 4596 operis
2149 4527 2288 4580 ratio
2320 4551 2367 4609 ο

2320 4551 2367 4609 ο
2396 4531 2616 4600 Συνῳδά
2653 4527 2944 4599 τοιγαροῦν
2986 4528 3080 4578 καὶ
3129 4529 3157 4576 ὁ
3207 4527 3380 4593 μέγας
3421 4523 3653 4581 ἐκείνοις
3680 4519 3975 4583 insiticio;

727 4637 753 4673 ιι
785 4622 943 4674 nobis
983 4621 1257 4689 postulat:
1317 4629 1512 4674 canora
1571 4635 1700 4673 vero
1754 4621 1934 4688 legere
1980 4619 2291 4672 volentibus

728 4712 1070 4779 reliquimus,
1103 4726 1227 4764 cum
1253 4726 1471 4779 semper
1493 4711 1670 4779 ampla
1694 4710 1905 4763 cunctis
1932 4717 1990 4763 ut
2012 4710 2066 4763 id
2091 4709 2292 4762 faciant

728 4803 852 4853 data
919 4802 988 4855 sit
1037 4811 1298 4870 potestas.
1369 4802 1643 4854 Consonat
1689 4801 1856 4853 etiam
1905 4799 2013 4854 illis
2067 4815 2293 4870 magnus

730 4893 962 4946 Basilius
983 4933 997 4956 ,
1030 4894 1118 4946 ubi
1155 4893 1263 4956 ait,
1313 4893 1611 4946 dialectica:
1642 4892 1949 4960 disciplinae
1977 4891 2291 4951 facultatem

728 5001 850 5038 esse
883 4986 1054 5038 instar
1085 4986 1248 5052 muri,
1285 5001 1383 5038 nec
1422 4987 1757 5053 permittere,
1794 4995 1850 5037 ut
1874 4985 2127 5053 dogmata
2157 4985 2295 5037 diri-

731 5077 975 5143 piantur,
1008 5084 1102 5127 aut
1131 5091 1161 5127 a
1195 5076 1506 5129 volentibus
1533 5075 1692 5128 facile
1737 5084 2139 5144 expugnentur.
2199 5073 2296 5128 llis

732 5169 847 5221 t'ere
885 5168 1085 5219 similia
1134 5167 1344 5235 profert
1394 5168 1553 5220 divus
1596 5167 2045 5236 Chrysostomus.
2084 5166 2178 5218 ubi
2216 5167 2297 5219 sic

2396 4619 2613 4687 φάσκει.
2639 4618 2713 4678 ὡς
2740 4636 2758 4668 ι
2780 4615 2840 4668 'H
2863 4615 2963 4683 τῆς
2988 4613 3332 4680 διαλεκτικῆς
3374 4611 3605 4676 δύναμις
3631 4611 3816 4677 τεῖχός
3850 4613 3976 4661 ἐστι

2397 4713 2508 4771 τοῖς
2560 4709 2848 4776 δόγμασιν,
2892 4707 2993 4758 οὐκ
3037 4705 3182 4758 ἐῶσα
3221 4701 3363 4756 αὺτά
3402 4703 3781 4770 εὑδιάρπαστα
3831 4697 3980 4753 εἶναι

2401 4806 2492 4856 καὶ
2540 4801 2784 4854 εὐαλωτα
2839 4801 2954 4860 τοῖς
2999 4796 3372 4866 βουλομένας.
3410 4813 3428 4844 ι
3474 4794 3552 4844 Τἀ
3599 4794 3977 4860 παραπλήσια

2400 4895 2454 4946 δὲ
2479 4893 2574 4945 καὶ
2603 4894 2630 4942 ὁ
2663 4893 2805 4952 θεῖος
2833 4890 3051 4955 διέξεισι
3077 4887 3286 4949 τούτοις
3312 4886 3720 4955 Χρυσόστομος,
3756 4902 3776 4934 ι
3825 4886 3972 4952 ιίρὴς

2405 4988 2504 5053 μὲν
2556 4984 2692 5052 βίον,
2749 5001 2767 5032 ι
2823 4981 3019 5047 λέγων,
3082 4997 3101 5029 ι
3166 4981 3509 5031 κατάστασιν
3565 4977 3799 5045 ἀρίστην
3863 4975 3980 5042 βίος

2393 5075 2580 5141 ἔτερος
2627 5074 2706 5133 εἰς
2754 5071 2846 5121 τὸν
2890 5069 3007 5120 ἴσον
3049 5068 3115 5118 ἂν
3164 5066 3432 5134 ἑναγάγοι
3464 5065 3651 5132 ζῆλον.
3687 5066 3868 5116 Ὅταν
3921 5066 3978 5115 δὲ

2390 5168 2522 5233 περὶ
2571 5164 2822 5229 δόγματα
2865 5163 2994 5228 νοσῇ
3032 5161 3066 5227 ἡ
3113 5159 3261 5226 ψυχὴ
3301 5159 3376 5210 τά
3427 5146 3580 5220 νόθα,
3640 5157 3813 5224 πολλὴ
3877 5158 3976 5208 τοῦ

733 5259 1016 5327 loquitur:
1077 5256 1260 5321 cQuod
1309 5267 1519 5326 spectat
1565 5257 1630 5310 ad
1677 5259 1939 5325 optimam
1979 5257 2102 5310 vita!
2145 5257 2300 5310 iusti-

2399 5253 2555 5317 λόγου
2600 5249 2835 5301 ἐνταῦθα
2877 5249 2908 5315 ἡ
2961 5245 3138 5315 χρεία,
3167 5246 3226 5298 οὐ
3275 5247 3410 5313 πρὸς
3457 5245 3558 5311 τὴν
3593 5243 3703 5297 τῶν
3751 5246 3979 5295 οἰκείων

737 5352 1030 5412 tutioncm,
1077 5352 1312 5404 alterius
1363 5351 1466 5403 vita
1502 5358 1686 5417 posset
1719 5365 1817 5403 nos
1845 5349 1911 5402 ad
1940 5350 2060 5401 vitae
2110 5350 2303 5403 similis
2400 5374 2403 5392 ι

2400 5345 2702 5411 ἀσφάλειαν
2751 5344 2932 5410 μῦνον,
2991 5339 3075 5410 [Ρ.
3128 5339 3255 5412 681]
3300 5341 3439 5393 ἀλλὰ
3487 5342 3581 5393 καὶ
3644 5342 3784 5407 πρὶς
3847 5343 3980 5401 τοις

736 5441 1141 5495 aemulationem
1167 5440 1454 5494 inducere.
1489 5441 1595 5495 Sed
1627 5455 1750 5492 cum
1769 5440 1950 5493 anima
1983 5440 2301 5508 spuriorum

2403 5439 2600 5501 ἔξωθεν
2633 5435 2922 5503 πολέμους.
2963 5435 3022 5487 Ei
3074 5433 3171 5503 μὲν
3214 5435 3326 5504 γάρ
3355 5452 3440 5496 τις
3471 5434 3584 5501 ἔχει
3625 5433 3724 5500 τὴν
3766 5433 3981 5501 μάχαι-

2064 5565 2398 5625 Variorum
2436 5571 2618 5623 notua.

804 5701 916 5765 (66)
953 5697 1189 5766 Dionysii
1244 5697 1553 5766 attentionem
1602 5697 1820 5766 fufium.
1886 5693 2063 5766 Locus
2115 5692 2292 5743 estin

731 5763 958 5839 epistula
980 5769 1012 5821 9
1038 5763 1512 5839 Pseudo-Uiunvsii
1548 5765 1609 5816 ad
1628 5765 1820 5839 _'l‘ittu_n
1846 5763 2062 5839 ,_sect.l
2093 5779 2106 5823 ;
2132 5777 2292 5839 quem

732 5834 798 5894 ad
833 5841 1008 5894 locum
1045 5839 1161 5892 \ide
1200 5837 1369 5891 santti
1428 5835 1638 5888 Maximi
1673 5843 1725 5887 et
1767 5834 2108 5888 Pachvmera;
2139 5834 2293 5885 scho-

2398 5689 2490 5743 lia.
2527 5688 2856 5742 Csprsnoxa.

2476 5759 2586 5827 (67)
2620 5760 2680 5810 Ι).
2731 5760 3012 5811 Athanasii
3046 5770 3185 5812 orat.
3234 5759 3268 5812 2
3299 5771 3486 5814 contra
3538 5761 3722 5813 Arius.
3764 5771 3901 5815 tum.
3944 5764 3980 5826 Ι,

2404 5845 2526 5887 θεία.
2559 5828 2662 5882 506
2695 5830 2828 5884 edit.
2856 5830 3022 5886 antiu.
3060 5831 3394 5884 (isrrsnom.
