4218 6454
694 382 822 449 1371
993 385 1062 458 [Α.
1096 405 1146 440 tt.
1187 388 1342 455 6859,
1380 405 1482 446 LVD.
1517 393 1569 465 4]

1895 402 2310 465 NICEPHORI
2349 406 2729 467 GREGORE

3015 406 3146 478 [ιιιρ.
3199 424 3241 462 t.
3287 424 3581 464 cuneuz.
3622 412 3676 482 5]

3801 414 3820 476 l
3835 417 3941 480 372

692 499 782 562 qui
844 498 1329 557 lconomachorum
1389 506 1621 563 hmresin
1674 512 2098 582 sapientissimis
2143 517 2258 571 suis

2373 515 2635 584 Ἀθηνῶν.
2698 517 2829 574 Τότε
2883 522 2984 590 μὲν
3017 527 3125 593 γὰρ
3154 524 3264 590 ἐγὼ
3325 525 3432 579 τῶν
3493 526 3662 592 ἁγίων
3712 529 3947 578 helvo»-

694 591 894 644 lilirise
929 592 1108 646 medio
1144 597 1386 657 sustulit,
1421 601 1564 654 sicut
1594 602 1955 660 Athenienses
1981 607 2111 660 olim
2155 607 2262 677 Cy-

693 683 852 735 toni:e
912 684 1076 737 emdis
1141 686 1317 740 labem
1355 689 1586 747 Athenis
1643 707 1966 765 exegerunt.
2026 699 2092 753 Et
2130 716 2260 754 vero

694 788 814 824 cum
846 779 961 827 sani
983 785 1160 830 torum
1195 779 1410 834 illorum
1440 784 1608 839 libros
1634 803 1745 856 prae
1788 789 2044 844 manibus
2094 792 2262 845 habe-

695 877 828 925 rem,
857 873 986 917 tunc
1014 880 1206 919 eorum
1232 870 1396 922 verba
1429 873 1603 940 palam
1645 875 1716 927 ob
1752 877 1942 930 oculos
1965 879 2256 946 ponebam.

696 955 790 1008 llic
821 966 1002 1010 antem
1040 975 1102 1011 ea
1138 975 1244 1012 non
1297 963 1550 1029 apposui,
1610 979 2076 1034 supervacaneum
2129 970 2258 1037 quid

695 1046 964 1100 facturum
993 1066 1079 1102 me
1118 1061 1294 1115 ratus,
1344 1053 1387 1105 si
1424 1054 1616 1108 eadem
1653 1055 1855 1126 ubique
1891 1059 2146 1113 similiter
2179 1077 2269 1114 ex«

697 1136 966 1213 hibcmn.
1029 1139 1129 1204 Qui
1185 1143 1329 1193 cnim
1383 1159 1444 1195 ea
1485 1156 1730 1212 repetere
1789 1147 2101 1212 voluerint,
2148 1166 2269 1218 quae

695 1228 851 1293 paulo
884 1242 1006 1283 ante
1044 1230 1214 1285 hocce
1257 1233 1472 1302 1090
1524 1235 1576 1286 in
1625 1251 1792 1304 opere
1824 1251 2015 1292 nostro
2047 1240 2265 1309 scripsi-

696 1333 837 1383 mus,
880 1319 948 1372 iis
1003 1321 1159 1376 facile
1203 1323 1574 1394 fucriLlegerc
1605 1343 1726 1394 quae
1754 1327 1871 1382 fuse
1915 1343 2078 1397 supra
2104 1346 2269 1399 expo-

697 1408 927 1470 suimus,
963 1411 1053 1462 uhi
1112 1412 1179 1466 de
1227 1413 1392 1467 dictis
1423 1423 1478 1467 et
1517 1416 1676 1470 factis
1711 1419 1765 1470 in
1799 1417 2125 1487 pradatoria
2177 1420 2266 1474 illa

2361 607 2577 676 βίϐλους
2625 611 2769 679 σχὼν
2804 615 2909 666 ἀνὰ
2940 617 3128 685 χεῖρας
3180 616 3272 668 ὑπ’
3305 615 3430 684 ὗψιν
3481 612 3618 686 ἦγον
3671 619 3940 686 λαμπρὰν

2358 698 2427 750 τὰ
2484 698 2747 768 λεγόμενα
2771 721 2786 736 ο
2837 703 3100 758 ἐνταυθοῖ
3125 707 3170 758 δ’
3204 707 3266 758 οὐ
3325 709 3642 776 παρέθηκα,
3676 713 3941 778 περιττὸν

2361 791 2716 860 ἡγησάμενος
2767 798 3047 865 πανταχοῦ
3103 799 3202 866 τὴν
3262 801 3455 867 ὁμοίαν
3509 801 3725 852 ἔκθεσιν
3783 805 3942 871 δρᾷν.

2361 880 2514 935 Εἶναι
2545 885 2654 953 γὰρ
2679 888 2794 948 τοῖς
2830 886 3141 956 βουληθεῖσι
3183 891 3385 961 ῥᾴδιον,
3416 893 3796 960 ἀναδραμοῦσι
3855 915 3938 960 μιι

2371 970 2502 1038 κρδν
2543 972 2643 1039 τῆς
2677 974 2835 1042 ἡμῶν
2887 980 3122 1045 ταυτησὶ
3168 977 3444 1046 διάστημα
3481 983 3826 1048 συγγραςῆς,
3863 985 3943 1030 si.

2367 1066 2572 1130 τυχεῖν·
2614 1066 2692 1126 εἰς
2726 1066 2923 1130 πλάτος
2949 1071 3079 1138 ἡμῖν
3119 1071 3413 1139 εἰρημένου
3447 1073 3649 1133 αὐτοῖς.
3687 1075 3808 1123 ἔνθ]
3857 1076 3942 1124 ὶα-

2369 1139 2720 1220 ).ηθέντα’,τε
2761 1160 2857 1211 καὶ
2913 1159 3230 1228 πραχθέντα
3285 1162 3436 1230 παρὰ
3485 1164 3584 1219 τὴν
3638 1163 3945 1234 λῃστρικὴν

2367 1245 2498 1313 ἡμῖν
2534 1247 2749 1318 ἐκείνην
2781 1249 3084 1305 anteum
3112 1249 3350 1307 σύνοδον.
3397 1255 3540 1306 Ἀλλ’
3571 1255 3843 1320 ἐπιλείψει
3879 1273 3944 1319 με

2368 1332 2564 1404 (εἷπον)
2626 1340 2693 1392 τὰ
2750 1344 3111 1413 παραπλήσια
3173 1345 3423 1415 κομίζειν
3487 1348 3514 1399 ὀ
3576 1347 3768 1415 χρόνος
3823 1346 3942 1398 ἐϐέ-

2366 1425 2522 1481 λοντα
2532 1467 2544 1481 .

693 1500 902 1566 synodo
937 1501 1255 1560 Palamilica
1327 1507 1562 1577 egimus.
1608 1510 1831 1575 Verum,
1877 1511 2141 1581 inquam,
2205 1513 2423 1574 deﬁciet
2461 1537 2548 1576 me
2598 1511 2835 1591 tempus,
2875 1523 2932 1579 si
2985 1527 3210 1581 totidem
3239 1538 3295 1583 et
3347 1529 3542 1586 similia
3571 1533 3658 1587 hic
3697 1532 3946 1602 proferre

699 1597 936 1649 \Olllt‘l'o.

764 1690 873 1744 Vlll
933 1693 1202 1757 Quoniam
1255 1705 1434 1752 tamen
1488 1701 1661 1753 sancti
1723 1701 1912 1762 Patres
1968 1705 2261 1759 humana-.n

699 1792 939 1836 mcntem
971 1786 1220 1856 οδεθίῡεί
1256 1789 1543 1858 imaginem
1573 1808 1844 1857 asserunt,
1876 1797 2175 1867 multisque
2211 1800 2264 1853 in

637 1919 647 1930 ,
697 1872 832 1924 locis
882 1873 1060 1941 ipsum
1113 1877 1282 1932 Deum
1315 1891 1508 1935 vocant
1545 1893 1816 1949 mentem;
1854 1894 1907 1939 et
1962 1893 2266 1953 praeterea.

2441 1706 2522 1762 H'.
2558 1709 2746 1779 Ὅμως
2800 1712 2892 1764 καὶ
2940 1714 3062 1766 ἐπεὶ
3109 1715 3207 1786 τὴν
3255 1718 3440 1768 εἰκόνα
3498 1717 3634 1770 Θεοῦ
3673 1736 3838 1786 φασιν
3893 1700 3942 1772 οἱ

2369 1800 2501 1853 Θεῖοι
2535 1802 2776 1871 Πατέρες
2823 1805 2913 1856 τὸν
2963 1807 3110 1871 νοῦν,
3147 1807 3392 1878 πολλαχῆ
3432 1809 3488 1861 δὲ
3539 1813 3629 1862 καὶ
3682 1812 3808 1864 νοῦν
3849 1831 3948 1865 κα-

2371 1893 2554 1947 λοῦσιν
2582 1894 2766 1956 αὑτὸν,
2803 1897 2896 1947 καὶ
2927 1897 3032 1965 πρό
3062 1915 3124 1964 γι
3160 1899 3266 1951 τῶν
3308 1900 3627 1970 Θεοπρεπῶν
3662 1903 3946 1969 ὀνομάτων

699 1980 888 2031 unum,
920 1981 1040 2029 ens.
1077 1982 1340 2032 mentem.
1371 1973 1733 2039 voluntatem,
1787 1978 1928 2031 inter
1949 1978 2135 2033 divina
2176 1979 2270 2034 nb-

2369 1986 2647 2054 ἐμάθομεν
2687 1984 2825 2039 εἶναι
2863 1989 2923 2041 τὸ
2960 1988 3017 2040 ἓν
3046 1989 3141 2041 καὶ
3194 1989 3256 2043 τὸ
3306 1990 3366 2043 ὃν
3403 1993 3495 2043 καὶ
3545 1993 3633 2043 τὸν
3686 1993 3812 2044 νοῦν
3850 1995 3948 2045 καὶ

696 2056 843 2109 mina
875 2058 1052 2112 locum
1082 2060 1285 2117 habere
1321 2063 1616 2122 didicimus
1640 2107 1655 2132 ,
1701 2070 1933 2139 agedum
1963 2073 2267 2142 perpenda-

700 2164 842 2211 tuus,
870 2152 999 2219 quid
1041 2152 1108 2207 de
1142 2153 1226 2208 bis
1279 2171 1498 2227 quoque
1539 2174 1603 2214 ex
1644 2163 1781 2216 artis
1821 2177 1933 2218 sua:
1985 2168 2272 2235 praeceptis

696 2241 972 2296 disserant
1002 2244 1201 2315 linguae
1231 2259 1433 2303 nostra:
1465 2251 1626 2319 periti
1661 2256 2036 2310 moderatores
2055 2271 2119 2310 ac
2151 2272 2273 2311 ma-

649 2348 658 2356 ·
695 2335 870 2396 gistvi.
912 2336 1032 2390 Haec
1063 2339 1208 2392 enim
1233 2341 1286 2394 in
1319 2342 1568 2400 eamdem
1607 2343 1968 2399 scientilicam
1998 2348 2135 2401 artis
2157 2364 2269 2401 me-

654 2491 656 2493 ν
699 2426 925 2480 thoduin
959 2440 1013 2482 et
1063 2432 1431 2500 cognitionem
1489 2452 1588 2490 nos
1641 2439 1866 2498 ducent,
1902 2454 1964 2492 ac
2006 2439 2097 2492 illa
2149 2457 2270 2508 qua:

697 2521 852 2586 prius
895 2521 962 2574 de
998 2522 1306 2576 substantia
1340 2535 1394 2578 et
1418 2528 1761 2594 operatione.
1790 2529 2028 2596 itemque
2054 2530 2121 2584 de
2139 2533 2270 2585 sim-

696 2614 870 2680 plicis.
893 2615 1042 2669 illius
1074 2618 1395 2672 substantiae
1411 2621 1789 2689 singularitate
1819 2632 1874 2676 et
1905 2626 2113 2678 unitate
2132 2626 2269 2679 dixi-

697 2723 852 2770 musa
873 2707 1068 2760 Statim
1105 2708 1270 2776 igitur
1316 2710 1568 2764 Plotinus
1620 2713 1816 2766 iterum
1872 2714 1951 2767 sic
1979 2714 2265 2783 loquitur:

701 2819 718 2848 ι
772 2799 825 2854 Si
888 2802 1014 2869 quis
1075 2805 1235 2872 hujus
1290 2805 1530 2860 universi
1568 2808 1981 2876 dispositionem
2035 2813 2270 2880 appellet

694 2895 1121 2962 providentiam,
1164 2897 1212 2949 id
1249 2897 1320 2951 ita
1349 2898 1650 2969 intelligat.
1679 2910 1739 2954 ut
1776 2912 1903 2956 ante
1941 2903 2148 2958 hancce
2178 2920 2268 2959 re-

699 3004 818 3039 rum
869 2989 1283 3043 universitatem
1319 2993 1590 3046 exstiterit
1631 3009 1804 3058 mens,
1834 3012 1861 3049 a
1907 3013 2014 3065 qua
2063 3007 2118 3052 et
2173 3014 2270 3067 per

692 3097 852 3148 quam
888 3081 993 3135 hoc
1044 3082 1361 3136 universum
1414 3085 1612 3138 factum
1662 3097 1765 3140 est.
1818 3087 2006 3156 Itaque
2057 3089 2102 3142 si
2143 3101 2269 3145 ante

693 3171 874 3222 omnia
904 3171 1114 3224 exstitit
1137 3187 1311 3236 mens,
1345 3189 1466 3241 quae
1493 3183 1574 3227 est
1617 3176 1860 3228 omnium
1897 3177 2268 3246 principium‘,

695 3278 825 3314 sane
866 3264 1050 3316 omnia
1102 3279 1209 3316 non
1252 3274 1415 3318 erunt
1467 3265 1712 3333 fortuita.
1751 3288 1767 3318 ι
1805 3269 1869 3322 Et
1919 3287 2106 3326 rursus
2157 3275 2269 3327 haec
2319 3267 2325 3272 ’

2369 2078 2470 2148 τὴν
2503 2079 2777 2148 βούλησιν,
2812 2082 2944 2152 φέρε
2973 2081 3327 2151 σκεψώμεθα,
3360 2083 3413 2134 τί
3455 2087 3551 2134 καὶ
3581 2083 3710 2152 περὶ
3738 2085 3949 2136 τούτων

2374 2172 2788 2241 τεχνολογοῦσιν
2836 2175 2886 2226 οἱ
2924 2175 3022 2242 τῆς
3056 2175 3334 2245 ἡμετέρας
3367 2175 3612 2243 γλώττης
3637 2178 3948 2245 ἐπιστήμας

2375 2280 2464 2325 νις
2497 2263 2772 2333 ἁρμοσταὶ
2825 2265 2918 2317 καὶ
2978 2264 3289 2319 παιδευταί.
3335 2267 3421 2330 Ἐς
3475 2267 3581 2338 γὰρ
3622 2268 3721 2338 τὴν
3776 2269 3949 2338 αὐτὴν

2375 2356 2571 2421 ἀγάγοι
2622 2355 2688 2408 ἂν
2737 2357 2833 2408 καὶ
2862 2356 3016 2410 ταῦθ’
3045 2359 3192 2426 ἡμᾶς
3220 2358 3652 2428 ὲπιστημονικὴν
3696 2361 3947 2429 τεχνολο-

2372 2445 2496 2513 γίαν
2528 2448 2623 2499 καὶ
2661 2446 2885 2524 γνῶσιν,
2913 2443 2992 2510 οἷς
3043 2433 3290 2518 ἔφθημεν
3323 2451 3449 2517 περὶ
3480 2466 3542 2515 γε
3577 2450 3764 2511 οὐσίας
3799 2452 3950 2502 ὲκεί-

2374 2557 2492 2606 νης,
2532 2538 2822 2607 μοναδικοῦ
2860 2556 2919 2591 τε
2948 2540 3043 2592 καὶ
3075 2541 3298 2593 ἑνιαίου.
3334 2543 3472 2611 Φησὶ
3502 2543 3683 2594 τοίνυν
3726 2543 3887 2604 εὐθὺς
3920 2543 3952 2593 6

2376 2631 2644 2691 Πλωτῖνος
2675 2627 2828 2689 αὖθις
2854 2645 2868 2660 ⁸
2899 2649 2918 2682 ι
2954 2632 3067 2700 Τὴν
3114 2632 3206 2684 τοῦ
3246 2635 3445 2695 παντὸς
3477 2633 3715 2686 διάθεσιν
3762 2635 3818 2686 εἴ
3859 2651 3948 2696 τις

2371 2722 2626 2788 ὀνομάζει
2660 2723 2939 2791 πρόνοιαν,
2979 2722 3127 2775 οὓτω
3157 2725 3366 2777 νοείτω·
3403 2726 3484 2776 ὅτι
3518 2725 3633 2775 ἐστὶ
3664 2726 3770 2793 πρὸ
3794 2725 3949 2777 τοῦδε

2373 2808 2496 2872 νοῦς
2551 2808 2644 2860 τοῦ
2681 2810 2881 2870 παντὸς
2919 2809 3115 2873 ἑστὼς,
3171 2811 3266 2877 ἀφ’
3319 2807 3378 2864 οὗ
3438 2813 3528 2864 καὶ
3564 2811 3688 2863 καθ’
3728 2812 3788 2862 δν
3834 2815 3951 2862 πᾶν

2373 2897 2492 2949 τῖδε
2517 2935 2531 2948 .
2557 2897 2617 2948 Et
2644 2896 2742 2965 μὲν
2773 2893 2863 2947 οῦν
2901 2895 3022 2956 νοῦς
3056 2899 3162 2966 πρὸ
3189 2899 3405 2950 πάντων
3438 2901 3529 2950 καὶ
3547 2900 3690 2967 ἀρχὴ
3718 2902 3744 2949 ὁ
3771 2900 3953 2950 τοιοῦ-

2373 3005 2463 3050 τος
2495 2987 2635 3050 νοῦς,
2662 2987 2761 3040 οὐκ
2804 2989 2869 3041 ἂν
2903 2987 2986 3058 εἴη
3033 2989 3108 3050 ὡς
3149 2988 3328 3057 ἔτυχε.
3371 3007 3388 3039 ι
3432 2988 3532 3041 Καὶ
3560 2985 3715 3051 αῦῦξς
3752 3007 3948 3055 φησιν,

2372 3081 2445 3142 ὡς
2483 3099 2500 3132 ι
2549 3077 2720 3147 Ἀπλῆ
2772 3081 2919 3132 ἐστιν
2969 3081 3001 3148 ἡ
3049 3078 3141 3132 τοῦ
3189 3078 3281 3132 νοῦ
3333 3081 3510 3144 οὐσία,
3544 3082 3635 3132 καὶ
3680 3081 3780 3132 οὐκ
3819 3082 3954 3133 ἄλλο

2326 3173 2575 3238 -νόησις,
2641 3173 2736 3225 καὶ
2780 3171 2908 3224 ἄλλο
2975 3171 3123 3234 νοῦς.
3184 3173 3248 3224 Ol
3287 3173 3394 3241 γὰρ
3457 3172 3710 3239 λέγοντες
3764 3173 3949 3234 ἄλλως

2374 3263 2754 3333 προστιθέασιν
2811 3263 2984 3331 αὐτῇ,
3031 3264 3219 3332 ῶσπερ
3290 3262 3598 3331 ὀφθαλμοῖς
3655 3264 3714 3314 τὸ
3783 3266 3945 3332 ὁρᾷν.

693 3355 869 3408 dicit:
909 3374 927 3405 ι
968 3356 1208 3422 Simplex
1240 3366 1324 3411 est
1381 3361 1577 3412 mentis
1625 3376 1718 3414 seu
1775 3361 2088 3417 intellectus
2140 3367 2268 3420 sub-

2387 3357 2606 3409 Ἐατὲον
2636 3356 2730 3409 οὖν
2762 3359 2852 3408 ἐπὶ
2881 3357 2978 3424 τῆς
3011 3355 3184 3424 ἁπλῆς
3208 3355 3448 3423 φύσεως,
3479 3356 3642 3409 τᾶὶλα
3668 3356 3950 3432 μηδεμιᾶς

695 3448 915 3512 stantia,
949 3463 1050 3503 nec
1083 3449 1229 3502 aliud
1287 3461 1369 3504 est
1400 3451 1716 3515 intellectio,
1749 3469 1803 3508 et
1845 3455 1991 3508 aliud
2049 3458 2262 3513 intelle-

693 3551 843 3593 ctus.-
877 3539 978 3604 Qui
1038 3541 1185 3593 enim
1245 3541 1404 3594 aliter
1436 3542 1758 3622 loquuntur,
1800 3545 1900 3612 ipsi
1954 3547 2271 3602 substantize

2370 3449 2691 3518 ἐπικουρίας
2739 3450 3019 3518 δεομένης.
3047 3451 3112 3501 Ὃ
3137 3451 3246 3519 γάρ
3275 3449 3340 3501 ἂν
3366 3449 3627 3517 προσΟῇς,
3658 3437 3949 3517 ἠλάττωσε

2379 3545 2445 3611 τῇ
2482 3544 2768 3614 προσθήκῃ
2801 3545 2894 3612 τὴν
2913 3544 3121 3604 οὐδενὸς
3162 3543 3439 3611 δεομένην.
3459 3543 3592 3594 »Καὶ
3624 3543 3789 3593 πολλὰ
3817 3544 3953 3594 πολ-

697 3632 911 3686 addunt
939 3633 1243 3701 quidpiam,
1267 3634 1408 3686 sicut
1433 3635 1607 3687 oculis
1635 3637 1924 3689 visionem.
1958 3639 2081 3692 Haec
2107 3640 2273 3707 igitur

2367 3633 2507 3703 λείκῆ
2542 3635 2668 3703 περὶ
2699 3635 2885 3687 τούτου
2907 3634 3194 3700 διεξελθὼν
3237 3635 3488 3701 ἐπιφέρει
3527 3636 3618 3684 καὶ
3651 3635 3944 3695 Πλάτωνα,

694 3723 1000 3777 omittenda
1057 3732 1142 3778 est
1193 3724 1399 3777 additio
1455 3726 1508 3777 in
1563 3726 1794 3794 simplici
1853 3739 2046 3782 natura
2079 3771 2092 3792 ,
2148 3747 2269 3799 qua:

700 3815 922 3869 aliunde
970 3817 1115 3869 nulla
1147 3831 1248 3885 ope
1281 3816 1507 3885 indiget.
1534 3817 1806 3885 Quidquid
1855 3821 2000 3872 enim
2045 3821 2269 3876 addide-

696 3908 793 3964 ris.
827 3907 928 3959 hoc
957 3907 1039 3959 sui
1089 3907 1462 3960 additamenta
1495 3919 1741 3961 naturam
1786 3909 1991 3963 nullius
2028 3911 2265 3980 indigam

2371 3725 2695 3789 βεϐαιοῦντα
2739 3727 2830 3777 τὸν
2853 3726 3008 3792 λόγον
3039 3724 3224 3778 αὑτοῦ.
3266 3743 3282 3775 t
3323 3724 3463 3786 Νοῦς
3507 3725 3636 3792 γὰρ,
3675 3729 3840 3792 φησὶ,
3874 3727 3951 3791 μὴ

2366 3815 2500 3866 νοῶν
2527 3815 2754 3884 ἀνόητος
2795 3816 2860 3868 ἂν
2888 3816 2994 3884 εἴη.
3027 3817 3169 3868 «Καὶ
3212 3815 3582 3883 Ἀριστοτέλης
3613 3816 3657 3866 δ’
3690 3817 3902 3880 ὁμοίως
3933 3853 3951 3865 .

2368 3928 2388 3961 ε
2422 3910 2658 3974 Τέλειος,
2694 3911 2863 3978 φησὶ,
2918 3906 3041 3970 νοῦς
3098 3909 3374 3978 αὖτοφυής
3438 3910 3584 3959 ἐστιν
3637 3906 3900 3974 ἐνέργῖιι
3933 3947 3948 3968 ,

696 4000 1004 4052 imminuet.
1046 4017 1063 4048 ι
1101 3998 1348 4067 Cumque
1393 4001 1493 4052 hac
1531 4015 1588 4052 re
1621 4014 1786 4067 super
1818 4001 2005 4054 multis
2038 4001 2089 4053 in
2132 4003 2267 4057 locis

2363 4001 2455 4054 καὶ
2487 4001 2679 4054 ταυτόν
2711 4003 2867 4074 ἐστιν,
2895 4002 2978 4054 ἐπ’
3007 4001 3193 4064 αὑτοῦ,
3234 4002 3432 4052 ταυτὸν
3462 4001 3552 4052 καὶ
3605 4000 3885 4066 ὲνέργειι·
3917 3997 3950 4064 ἦ

697 4093 866 4145 mlta
921 4091 1273 4144 disseruisset
1342 4090 1627 4152 Plotinus,
1683 4093 1962 4160 subjungit
2023 4093 2265 4150 Platonis

2359 4096 2418 4147 οὗ
2473 4094 2823 4163 μεταϐάλλει,
2876 4095 2962 4165 [Ρ.
3017 4093 3305 4163 685153.10
3362 4110 3414 4144 τι
3472 4091 3546 4143 ῶν
3603 4091 3703 4159 τὴν
3749 4092 3950 4141 οὐσίαν

699 4183 1090 4241 testimonium,
1119 4182 1210 4250 qui
1246 4182 1386 4236 hanc
1407 4183 1735 4235 sententiam
1776 4198 1876 4235 suo
1900 4185 2112 4236 calculo
2135 4201 2263 4240 con-

2361 4188 2456 4241 xai.
2483 4187 2610 4240 ἄλλο
2635 4187 2732 4255 τὴν
2763 4189 3092 4257 ἐνέργειαν.»
3134 4187 3297 4238 Ἀλλὰ
3355 4185 3524 4236 ταῦτα
3581 4185 3677 4250 μὶν
3716 4185 3948 4234 ἐκεῖνοι.

699 4276 895 4338 ﬁrmet,
938 4273 1142 4343 1091
1180 4284 1233 4326 et
1268 4274 1433 4335 dicat,
1469 4275 1900 4328 intellcCtionem
1943 4290 2062 4327 esse
2108 4277 2443 4333 intellectum
2499 4295 2595 4333 seu
2663 4289 2922 4333 mentem.
2956 4297 2975 4330 ι
3021 4279 3171 4334 Mens
3208 4277 3378 4338 enim,
3447 4275 3641 4342 inquit,
3674 4276 3796 4327 sine
3864 4274 3953 4326 in-

700 4361 1007 4422 tcllcctione
1065 4385 1253 4421 amens
1301 4377 1466 4422 esset.
1503 4387 1520 4420 ι
1557 4369 1763 4422 Pariter
1789 4368 2134 4435 Aristoteles,
2181 4388 2199 4420 ι
2239 4370 2485 4426 Perfecta
2537 4388 2713 4434 mens,
2780 4372 2977 4440 inquit,
3030 4381 3113 4423 est
3150 4372 3311 4424 etiam
3358 4385 3454 4436 per
3487 4387 3542 4423 se
3570 4382 3625 4423 et
3655 4385 3723 4420 ex
3753 4381 3952 4420 natura

698 4476 793 4512 sua
823 4471 998 4522 actus,
1032 4475 1127 4512 seu
1165 4461 1432 4529 Operatio,
1485 4469 1539 4513 et
1585 4461 1638 4513 in
1667 4476 1728 4513 ea
1764 4461 1907 4514 idem
1957 4471 2088 4514 sunt
2137 4461 2443 4515 substantia
2505 4475 2560 4516 et
2631 4471 2809 4515 actus.
2863 4461 2956 4514 Vel
3017 4461 3220 4516 nullam
3285 4460 3493 4529 patitur
3554 4459 3949 4518 mutationem,

695 4569 820 4607 cum
854 4552 1000 4606 aliud
1032 4566 1136 4604 non
1163 4552 1232 4604 sit
1260 4552 1380 4621 ejus
1438 4551 1742 4605 substantia
1767 4591 1781 4614 ,
1831 4554 1976 4606 aliud
2044 4555 2165 4622 ejus
2226 4555 2494 4624 operatio.
2534 4574 2550 4606 ι
2588 4554 2654 4608 Ει
2693 4556 2806 4608 haec
2851 4555 3070 4624 quidem
3111 4553 3184 4607 illi
3238 4553 3532 4621 scriptores
3569 4551 3782 4620 profani
3833 4551 3918 4601 di-

697 4653 919 4698 xerunt.
3242 4719 3248 4724 ι

769 4736 861 4790 ΙΧ.
902 4735 1204 4789 Videamus
1220 4750 1382 4805 porro
1414 4746 1678 4805 quantum
1711 4737 1988 4806 sapientes
2010 4747 2066 4792 et
2097 4737 2269 4806 sancti

2445 4740 2523 4794 8'.
2567 4737 2796 4805 Ἰδωμεν
2850 4736 2905 4790 δὲ
2972 4737 3066 4788 καὶ
3107 4736 3214 4786 τῶν
3247 4734 3428 4800 σοφῶν
3465 4733 3566 4784 καὶ
3594 4733 3768 4796 ἁγίων
3801 4733 3954 4785 διδα-

699 4827 956 4882 Εοοιεείςιι
983 4828 1240 4880 doctores
1275 4827 1409 4896 ipsis
1434 4828 1729 4882 concinant
1772 4844 1785 4880 :
1834 4847 1852 4878 ι
1892 4829 2037 4882 Deus
2064 4798 2268 4898 (intll‘lit

2369 4829 2582 4880 σκάλων
2627 4831 2724 4897 τῆς
2776 4827 3102 4896 Ἐκκλησίας
3150 4828 3250 4891 τὴν
3304 4824 3642 4891 συμφωνίαν.
3682 4841 3701 4872 ι
3729 4824 3789 4873 '0
3816 4825 3955 4885 θεὸς

695 4928 925 4972 sanctus
945 4917 1233 4974 Maximus)
1257 4933 1436 4986 neque
1463 4919 1774 4986 intelligens
1792 4919 2012 4986 proprie
2044 4920 2268 4981 dicitur,

697 5025 876 5078 neque
918 5024 1004 5062 res
1057 5009 1334 5062 intellecta
1360 5051 1374 5072 ,
1436 5025 1504 5063 ne
1540 5011 1876 5078 compositus
1916 5026 2036 5062 esse
2082 5011 2274 5067 existi-

698 5109 898 5160 metur.
959 5101 1090 5156 Nam
1145 5101 1448 5156 substantia
1481 5101 1790 5170 intelligens
1841 5102 2008 5156 habet
2072 5103 2274 5155 intelli-

2369 4916 2494 4969 οὔτε
2536 4919 2667 4969 νοῶν
2702 4918 2919 4982 λέγεται
2951 4914 3327 4983 κυρίως-(75),
3351 4912 3473 4965 οὔτε
3499 4914 3820 4979 νοούμενος,
3860 4916 3948 4966 ἵνα

2376 5011 2448 5077 μὴ
2483 5009 2734 5071 σύνθετος
2780 5006 3004 5076 λογισθῇ
3034 5008 3168 5076 (74).
3203 5006 3275 5057 Τό
3317 5022 3374 5056 τε
3404 5004 3510 5073 γὰρ
3541 5004 3695 5054 νοοῦν
3732 5023 3953 5056 τυνεπιρ

2380 5102 2761 5170 Θεωρουμένην
2815 5101 2928 5169 ἔχει
2970 5100 3068 5168 τὴν
3119 5098 3213 5150 τοῦ
3271 5100 3412 5150 νοεῖν
3465 5096 3694 5164 δύναμιν
3725 5138 3740 5158 ,
3788 5098 3854 5146 τό
3895 5113 3954 5146 τε

2039 5219 2377 5280 Variorum
2425 5227 2613 5279 DOU'B.

701 5322 896 5376 dentes
935 5322 1348 5374 intertecerunt.
1379 5321 1534 5375 Unde
1599 5320 1752 5387 impii
1807 5329 1864 5373 et
1911 5320 2124 5387 profani
2197 5320 2266 5372 ab

707 5394 1130 5446 Atheniensibus
1160 5391 1417 5458 appellati
1462 5400 1608 5450 sunt.
1645 5400 1696 5442 et
1729 5391 1782 5441 in
1825 5392 2077 5442 exsilium
2108 5392 2211 5442 acti
2251 5409 2264 5441 :

703 5473 756 5516 et
793 5464 895 5517 hoc
924 5464 1129 5516 dictum
1157 5471 1239 5513 est
1261 5459 1538 5526 Cylonium
1577 5465 1743 5512 sce'us
1779 5461 1892 5512 sive
1922 5461 2095 5515 labem
2115 5461 2274 5529 Cyla-

705 5535 806 5585 m'aa
829 5537 985 5587 cauis
1035 5531 1264 5593 expiare.
1300 5529 1530 5600 Narrant
1563 5530 1846 5600 'l‘hucydid
1905 5532 1997 5581 lib.
2053 5547 2090 5590 ι,
2128 5533 2275 5586 circa

709 5608 894 5658 linem.
936 5601 1258 5654 Plutarchus
1290 5601 1341 5653 in
1374 5598 1583 5652 Solone.
1621 5598 1956 5652 Garamum.

779 5675 890 5740 (73)
926 5672 1058 5725 Vide
1114 5670 1291 5738 capita
1360 5686 1420 5724 cc
1476 5670 1775 5735 theologica
1830 5669 1998 5721 sancti
2057 5668 2273 5722 Maximi

710 5753 839 5795 tom.
867 5743 932 5802 ll,
995 5759 1113 5808 pag.
1152 5741 1276 5798 479.
1315 5741 1401 5792 ubi
1469 5742 1620 5792 locus
1680 5741 1765 5792 hic
1832 5741 1991 5804 paulo
2025 5741 2181 5791 aliter
2220 5757 2276 5791 sc.

712 5816 894 5868 habet.
932 5814 1034 5865 Sed
1074 5813 1288 5863 \ltlcltlt‘
1323 5812 1591 5878 (Eruimus
1611 5827 1730 5866 ,llUtt
1758 5812 1820 5862 ad
1861 5811 2084 5862 verbum
2122 5812 2280 5865 httan

2373 5323 2547 5374 sancti
2581 5317 2928 5375 Conlessoris
2982 5317 3355 5370 testimonium
3393 5313 3632 5366 laudare.
3698 5313 3765 5364 Et
3818 5329 3956 5367 sane

2374 5407 2540 5457 supra
2577 5390 2757 5444 innuit
2795 5403 2852 5441 se
2884 5397 3200 5457 sanctorum
3238 5385 3460 5457 Patrum
3492 5385 3827 5457 testimonia,
3859 5399 3953 5437 aut

2374 5453 2564 5513 eorum
2607 5462 2793 5515 libros.
2822 5473 2931 5526 pra!
2961 5456 3216 5526 manibus
3238 5470 3343 5505 non
3380 5455 3598 5505 habere.
3632 5453 3763 5505 Vide
3792 5469 3950 5505 nutn.

2378 5534 2428 5594 7,
2457 5532 2613 5583 initio
2659 5525 2831 5597 hujus
2855 5527 3083 5594 paginae.
3108 5525 3444 5597 ’Caprsausx.

2449 5601 2560 5662 (74)
2613 5591 2748 5652 Erat.
2805 5591 2867 5650 in
2901 5591 3296 5668 manuscripto,
3348 5591 3792 5668 συνθεολογισελῇ.
3853 5594 3951 5668 sed

2379 5671 2662 5724 emendavi
2682 5685 2745 5720 ex
2776 5677 2966 5719 sancto
2995 5664 3247 5728 Maximo,
3277 5663 3417 5730 apud
3438 5678 3599 5730 quem
3622 5663 3956 5730 legiturJv-a

2384 5745 2457 5811 μὴ
2503 5740 2632 5792 (nivi)
2668 5756 2773 5810 τος,
2814 5736 3149 5790 (λιῐιῐιειιυμκ.
