4218 6454
235 365 364 432 1381

627 362 698 435 [λ.
740 381 769 418 c
840 363 992 434 εδει]

1167 367 1602 429 ΒΥΖΑΝΤΙΝΑΞ
1643 366 2017 426 HISTORIA?
2059 368 2198 428 LIB.
2237 369 2455 428 XXIII.

2545 365 2674 433 [ιιιιδ.
2718 381 2756 418 1.
2803 382 3087 423 CtVTtCL‘l.
3132 369 3184 432 5]

3299 373 3433 432 l33'2

225 481 454 550 κλησίας
498 481 922 548 εὐνομουμένης.
974 481 1160 548 Ὅμως
1195 497 1254 533 τε
1298 483 1428 548 περὶ
1475 480 1777 547 βουλήσεως
1805 479 1891 536 Αἰ

1765 495 1777 538 ;
1805 480 1850 536 Α
1879 479 2076 545 ingenii
2119 480 2567 543 concinnitatem,
2608 496 2783 550 neque
2817 485 3085 537 tantillum
3119 486 3264 538 abest
3304 487 3431 553 quin

224 575 318 624 κιὶ
341 573 622 639 δυνάμεως
658 571 753 621 καὶ
786 570 930 637 ζωῆς
975 570 1068 622 καὶ
1102 570 1290 637 σοφίας
1323 573 1416 623 καὶ
1465 569 1571 620 τῶν
1612 567 1786 619 τοιού-

223 680 336 713 των
368 662 454 712 ἐπ’
490 660 720 720 ἐκείνοις
755 660 854 726 μὲν
883 658 1209 727 παμπληθὲς
1240 657 1537 724 διεξῆλθον·
1571 656 1699 724 ὑμῖν
1739 640 1786 704 δ’

221 752 476 804 ινταυθοῖ
500 752 834 820 προτιθέναι,
870 749 1124 818 φορτικὸν
1157 748 1277 817 ἐμοί
1315 764 1376 813 γε
1408 746 1654 813 φαίνεται
1695 744 1787 796 καὶ

223 840 336 891 οὐδ’
367 839 541 898 άλλως
572 839 888 898 ἀναγκαῖον.
917 837 1026 902 Τὴν
1071 837 1178 903 γὰρ
1215 837 1270 884 ὲν
1309 835 1516 894 τούτοις
1545 833 1787 901 ἀνάγκην

224 931 322 980 καὶ
372 928 579 996 καιρῶν
618 926 822 979 δεῖσθαι
867 926 1138 992 πολεμίων
1179 926 1414 990 ἀνάγκη,
1461 925 1546 975 ὅτε
1588 923 1651 991 δη
1689 940 1789 989 μα-

225 1019 391 1083 χίμου
466 1015 674 1085 (φάναι)
729 1015 930 1075 κόνεως
986 1011 1478 1081 ἀναῤῥιπιζομένης
1527 1012 1582 1062 ἐν
1637 1011 1786 1079 μέσῳ

227 1105 378 1170 μάλα
413 1103 656 1171 σφοδρῶς
699 1102 1130 1170 ἀναφλεγόμενον
1167 1102 1225 1150 τὸ
1251 1100 1453 1168 θερμὸν
1480 1100 1576 1167 τῆς
1609 1098 1784 1166 ψυχῆς

223 1195 525 1246 ἀκάθεκτον
575 1193 686 1261 ἔχει
725 1193 820 1261 τὴν
856 1193 1064 1245 οῐκοθεν
1112 1191 1307 1259 ὁρμὴν,
1339 1192 1432 1242 ἐπὶ
1460 1190 1623 1259 ξυροῦ
1678 1191 1786 1243 τῶν

225 1285 495 1336 κινδύνων
543 1285 934 1352 αἰωρουμένων
957 1296 972 1312 ’
1014 1281 1112 1350 τῆς
1151 1281 1195 1333 δ’
1223 1281 1404 1350 ἀκμῆς
1433 1282 1644 1348 ἐκείνης
1685 1299 1782 1332 πα-

225 1373 544 1440 ρελθούσης,
564 1375 656 1426 καὶ
693 1371 785 1444 τοῦ
812 1373 1050 1441 μαχίμου
1085 1371 1330 1440 θώρακος
1360 1370 1578 1422 καὶτῶν
1607 1371 1785 1423 ὅπλων

225 1467 449 1516 ἐκείνων
481 1465 765 1534 ῥιφέντων,
818 1464 872 1526 ἐς
922 1463 1226 1515 τούναντίον
1255 1463 1420 1530 χωρεῖ
1461 1463 1554 1514 καὶ
1582 1462 1648 1514 ταὶ
1685 1462 1784 1524 τῆς

226 1556 485 1623 σπουδῆς,
525 1556 926 1624 μαραινομένου
968 1553 1060 1605 τοῦ
1113 1553 1534 1619 ὑπεκκαύματος
1563 1552 1784 1619 καὶτῆς

225 1648 481 1716 ἀφορμῆς
537 1648 630 1700 τοῦ
687 1628 922 1714 πολέμου
971 1643 1114 1696 κατά
1165 1644 1356 1712 μικρὸν
1410 1644 1676 1712 ἀπιούσης
1726 1645 1784 1706 ις

224 1737 418 1806 λήθην,
463 1738 598 1806 μετά
646 1755 707 1804 γε
760 1738 857 1805 τῆς
916 1737 1021 1789 τῶν
1075 1740 1255 1791 ὃπλων
1307 1735 1648 1803 ἀπαλλαγῆς.
1693 1736 1784 1788 Διὸ

224 1833 320 1882 καὶ
376 1832 504 1899 ἡμῖν
555 1829 1019 1901 ὲρῤᾳθυμημένως
1073 1847 1181 1889 πως
1214 1829 1313 1898 ῆδη
1354 1831 1418 1897 τῇ
1466 1829 1598 1896 πρὸς
1641 1828 1781 1894 ὑμᾶς

224 1926 475 1991 διηγήσει
518 1925 654 1992 μετά
687 1924 786 1992 τὴν
813 1922 980 1992 ζάλην
1009 1923 1222 1990 ἐκείνην
1253 1919 1549 1990 χρωμένοις
1584 1922 1780 1972 ἐνεῖναι

227 2019 555 2086 συγγνώμην
585 2017 740 2069 οὐδὲν
791 2015 1038 2076 ἀπεικός*
1083 2015 1280 2079 ἐξεῖναι
1334 2017 1463 2080 γὰρ,
1521 2014 1626 2065 κάκ
1673 2013 1781 2064 τῶν

223 2113 554 2179 εἰρημένων,
580 2110 816 2161 συνεῖναι
855 2108 996 2176 ὑμᾶς
1029 2104 1127 2174 τὴν
1153 2104 1260 2156 τῶν
1294 2103 1468 2171 σοφῶν
1508 2105 1781 2172 ἑκατέρων

227 2201 569 2268 συμφωνίαν,
611 2200 718 2251 τῶν
751 2216 810 2251 τε
842 2198 1121 2267 ἡμετέρων
1179 2196 1376 2264 δηλαδὴ
1424 2195 1652 2249 καὶτῶν
1691 2193 1783 2246 θύ-

231 2293 413 2360 ραθεν,
455 2293 602 2352 ὅπως
658 2291 830 2344 ταυτά
881 2290 975 2341 καὶ
1042 2287 1299 2356 φρονοῦσι
1328 2287 1422 2338 καὶ
1455 2285 1782 2353 φθέγγονται

228 2385 355 2450 περὶ
412 2382 510 2450 τῆς
565 2381 714 2442 θείας
766 2380 1089 2448 ἁπλότητος,
1126 2373 1264 2430 εἶναι
1305 2376 1651 2444 παγχάλεπον
1689 2376 1780 2427 καὶ

231 2471 436 2538 σφόδρα
471 2469 576 2521 τῶν
606 2468 914 2530 ἀδυνάτων,
961 2465 1207 2517 σύνθεσιν
1263 2465 1461 2515 ἐννοεῖν
1514 2463 1545 2530 ἢ
1594 2464 1779 2528 διαφο-

231 2563 353 2630 ράν,
391 2559 530 2629 πλὴν
562 2558 841 2628 ὀνομάτων
882 2557 1039 2626 μόνον
1065 2595 1080 2618 ,
1111 2554 1296 2615 οὐσίας
1345 2570 1402 2604 τε
1445 2557 1538 2606 καὶ
1592 2552 1782 2620 βουλή-

229 2671 367 2713 σεως
398 2655 490 2704 καὶ
524 2651 800 2718 δυνάμεως
832 2650 925 2701 καὶ
959 2647 1099 2716 ζωῆς
1123 2647 1216 2699 καὶ
1238 2647 1446 2714 σοφίας,
1477 2648 1570 2697 καὶ
1599 2645 1783 2706 ἁπλῶς

229 2743 510 2808 ἐνεργείας
559 2741 793 2809 ἀπάσης.
829 2739 1042 2806 Ὠσπερ
1085 2739 1191 2806 γὰρ
1239 2737 1435 2803 ἐπίσης
1487 2736 1697 2788 δίδωσιν
1753 2736 1782 2786 ὁ

229 2834 362 2894 Θεὸς
386 2827 630 2884 εὐσεϐέσι
658 2832 749 2882 καὶ
776 2829 1044 2892 ἀσεϐέσιν,
1079 2828 1305 2891 Ἕλλησί
1352 2844 1409 2879 τε
1453 2830 1544 2879 καὶ
1577 2814 1782 2895 βαρϐά-

232 2942 382 2994 ροις,
415 2924 510 2975 καὶ
544 2920 850 2990 συλλήϐδην
885 2921 1050 2972 πᾶσιν
1089 2919 1298 2970 ἔθνεσιν
1328 2921 1521 2994 εἰπεῖν,
1556 2919 1781 2986 οὐρανὸν

233 2992 326 3068 καὶ
357 3017 483 3081 γῆν,
515 3015 652 3084 ἀέρα
698 3029 756 3065 τε
802 3013 893 3064 καὶ
923 3011 1095 3075 ὑετὸν,
1127 3011 1274 3079 ἥλιόν
1308 3026 1366 3061 τε
1397 2992 1487 3061 καὶ
1528 3010 1774 3078 σελήνην,

230 3110 328 3158 καὶ
377 3107 682 3173 τάναγκαῖα
727 3105 924 3156 πάντα·
960 3102 1102 3154 οὓτω
1156 3102 1248 3154 καὶ
1286 3103 1410 3162 τοὺς
1463 3100 1569 3152 τῶν
1613 3103 1779 3168 ἀναγ-

232 3196 404 3248 καίων
456 3195 661 3263 τεχνῶν
724 3193 952 3253 κανόνας
999 3193 1194 3258 ἐπίσης
1254 3190 1544 3259 παρέχεται
1598 3192 1788 3254 πᾶσιν,

229 3286 522 3355 ὁμοφύλοις
558 3289 649 3338 καὶ
678 3284 1013 3352 ἀλλοφύλοις.
1059 3284 1131 3334 Ού
1163 3281 1267 3351 γὰρ
1316 3283 1448 3350 ἄλλη
1502 3283 1600 3350 μὲν
1641 3285 1673 3350 ἡ
1706 3299 1791 3334 τε-

231 3377 457 3446 κτονικὴ
503 3375 633 3444 παρ’
683 3375 909 3444 Ἕλλησι
965 3375 1213 3444 στάθμη,
1269 3374 1416 3440 παρά
1475 3374 1704 3435 Σκύθαις
1745 3375 1789 3426 δ’

231 3469 367 3536 ἄλλη
393 3483 406 3498 ·
441 3471 535 3520 καὶ
561 3467 761 3536 Μήδοις
795 3467 886 3518 καὶ
915 3466 1150 3534 Πέρσαις
1179 3466 1398 3533 ὁμοίως.
1428 3465 1502 3516 Οὐ
1541 3464 1645 3533 μὴν
1669 3465 1790 3516 οὐδὲ

231 3562 326 3613 τοῦ
360 3563 625 3630 γεωργεῖν
681 3559 778 3610 καὶ
822 3558 1161 3624 κυνηγετεῖν,
1212 3556 1302 3608 καὶ
1356 3555 1464 3608 τῶν
1515 3556 1791 3617 τοιούτων,

231 3653 484 3722 διαφορά.
523 3652 682 3703 Ἀλλά
719 3651 817 3718 τῆς
864 3649 1155 3719 θρησκείας
1187 3649 1562 3716 διαφερούσης,
1601 3649 1669 3700 τά
1697 3647 1794 3716 τῆς

233 3748 430 3815 τέχνης
478 3744 588 3812 ἔχει
630 3745 945 3809 συνάφειαν.
986 3742 1141 3794 Οὕτω
1171 3741 1227 3793 δὲ
1274 3742 1410 3795 κάπὶ
1454 3741 1554 3806 τῆς
1581 3739 1795 3809 λεξικῆς

233 3838 542 3904 ἐπιστήμης
564 3835 709 3886 ἔστιν
728 3832 1038 3902 ὁρᾷν.”οσοι
1065 3830 1165 3899 μὲν
1192 3832 1300 3897 γὰρ
1321 3832 1384 3898 τῇ
1405 3831 1539 3897 αὐτῇ
1569 3829 1799 3897 κέχρην-

234 3946 325 3981 ται
369 3927 658 3994 διαλέκτῳ.
679 3927 742 3994 τῇ
772 3924 876 3976 τῶν
907 3922 1137 3991 πρώτων
1178 3922 1647 3988 εὐδοκιμησάντων
1671 3923 1799 3988 ὀμο-

234 4023 407 4090 γενῶν
445 4022 718 4089 ἑπιστήμῃ
745 4018 826 4090 [Ρ.
865 4017 991 4087 690]
1025 4013 1120 4069 κάι
1153 4015 1312 4086 τέχνῃ
1344 4013 1564 4074 τούτους
1600 4013 1800 4081 κεχρῆο

237 4117 365 4169 σθαι
403 4113 603 4183 χρεὼν,
639 4111 888 4170 Φοίνικας
923 4110 1069 4176 λέγω
1093 4108 1190 4160 καὶ
1222 4108 1437 4174 Πέρσας
1470 4106 1565 4155 καὶ
1601 4103 1797 4154 ’Δσσυ-

239 4210 414 4279 ρίους.
447 4207 554 4258 Καὶ
587 4204 675 4257 ἵνα
705 4202 832 4264 τοὺς
849 4200 1045 4262 ἄλλους
1081 4198 1462 4266 παρέλθωμεν,
1491 4196 1584 4249 καὶ
1617 4196 1802 4248 ὁπόσοι

235 4299 303 4365 τῇ
347 4295 556 4348 Ἐλλάδι
588 4293 885 4362 κέχρηνται
925 4287 1170 4357 γλώσσῃ,
1214 4287 1428 4353 ἀνάγκη
1471 4288 1567 4338 καῖ
1594 4285 1803 4346 τούτοις

235 4390 305 4456 τῇ
367 4386 478 4436 τῶν
530 4384 790 4451 ἀρχηγῶν
847 4381 949 4450 τῆς
997 4377 1265 4447 εὑρέσεως
1307 4375 1542 4446 χρῆσθαι
1598 4375 1803 4445 μεθόδῳ

1887 568 2097 632 addam,
2129 585 2346 622 omnem
2400 571 2654 638 pietatem
2704 584 2865 640 atque
2894 574 3145 628 Ecclesia:
3176 577 3310 629 bene
3349 594 3438 626 (ir-

1887 657 2082 712 dinatae
2122 674 2381 714 canones.
2432 661 2633 714 Tamen
2703 665 2770 715 de
2823 666 3117 730 voluntate,
3176 669 3435 732 potentia,

1887 745 2016 804 vita,
2062 747 2348 815 sapientia,
2392 755 2448 801 et
2496 749 2618 801 aliis
2667 749 3002 818 huiusmodi,
3041 760 3262 821 propter
3317 755 3444 807 illos

1888 836 2202 900 plenissime
2234 837 2493 890 disserui.
2526 837 2656 902 Quae
2711 840 2863 894 vobis
2912 841 3001 894 hic
3027 858 3348 910 proponere,
3383 855 3441 896 ut

1885 939 2047 991 grave
2093 940 2155 978 ac
2206 928 2493 980 molestum
2540 929 2751 981 videtur
2798 930 2949 994 mihi,
2974 930 3046 983 ita
3091 946 3190 984 nec
3219 933 3438 985 aliunde

1889 1018 2280 1070 necessarium.
2304 1019 2437 1071 Nam
2467 1034 2586 1087 qua
2624 1021 2676 1073 in
2721 1021 2807 1075 his
2851 1025 3090 1076 occurrit
3124 1025 3434 1084 necessitas,

1887 1105 2111 1160 hostiles
2138 1118 2191 1162 et
2227 1111 2448 1164 bellicas
2469 1112 2782 1166 occasiones
2827 1115 3136 1168 necessario
3165 1115 3392 1182 postulat
3419 1132 3432 1178 ;

1885 1213 2008 1250 cum
2043 1199 2252 1252 scilicet
2286 1200 2512 1254 bellicus
2543 1202 2718 1270 pulvis
2743 1205 2824 1272 (ut
2855 1205 2934 1257 ita
2950 1206 3148 1275 dicam)
3176 1206 3228 1258 in
3263 1206 3438 1259 medio

1885 1287 2060 1353 palam
2116 1289 2403 1350 excitatur.
2458 1300 2511 1343 et
2570 1288 3002 1345 ferventissimus
3038 1305 3202 1346 matus
3248 1295 3438 1347 anima:

1886 1377 2210 1430 indomitum
2260 1379 2590 1433 intrinsecus
2657 1381 2821 1435 habet
2857 1385 3151 1451 impetum,
3182 1400 3247 1438 eo
3292 1385 3434 1451 quod

1889 1479 1976 1516 res
2008 1466 2078 1517 sit
2110 1467 2161 1518 in
2195 1481 2466 1520 summum
2497 1479 2660 1534 atque
2705 1469 2997 1524 imminens
3017 1473 3309 1525 discrimen
3341 1473 3437 1525 atl-

1885 1551 2065 1606 ducta.
2108 1552 2210 1607 Ubi
2242 1569 2371 1608 vero
2418 1557 2598 1608 acrior
2642 1557 2731 1610 ille
2763 1560 3132 1612 contentionis
3159 1571 3320 1614 aestus
3350 1561 3440 1614 de-

1885 1645 2106 1706 ferbuit,
2159 1655 2210 1697 et
2255 1645 2503 1700 militaris
2550 1647 2718 1700 lorica
2791 1650 2952 1702 simul
2987 1666 3107 1703 cum
3135 1653 3307 1711 armis
3337 1652 3441 1704 iliis

1885 1737 2120 1805 proiecta
2145 1746 2249 1798 est,
2288 1745 2420 1790 tunc.
2443 1740 2606 1791 etiam
2649 1739 2942 1794 vehemens
2969 1757 3158 1809 pugna-
3191 1743 3432 1795 studium

1887 1827 1938 1877 in
1963 1827 2296 1880 contrarium
2341 1830 2550 1897 vergit,
2580 1843 2646 1881 eo
2692 1831 2836 1897 quod
2884 1832 3057 1899 ipsius
3109 1835 3434 1886 exstinctum

1886 1917 1962 1971 sit
1992 1920 2408 1984 suscitabulum,
2428 1930 2485 1975 et
2516 1921 2748 1975 bellicus
2787 1924 3021 1990 impetus
3053 1926 3231 1977 statim
3273 1933 3435 1992 atque

1887 2024 2034 2063 arma
2074 2012 2308 2079 projecta
2339 2021 2485 2075 sunt,
2509 2014 2763 2079 paulatim
2796 2016 2848 2068 in
2873 2017 3198 2069 oblivionem
3225 2021 3438 2072 abierit.

1887 2100 2070 2170 itaque
2105 2117 2209 2155 non
2245 2102 2518 2157 immerito
2552 2104 2751 2158 dabitis
2790 2105 2931 2160 hanc
2972 2109 3206 2171 veniam,
3232 2110 3275 2161 si
3303 2109 3440 2162 forte

1887 2202 2006 2260 post
2031 2192 2176 2244 illam
2204 2201 2575 2260 tempestatem
2606 2206 2886 2264 utcunque
2919 2197 3218 2251 remissiori
3250 2200 3433 2251 animo

1888 2284 1941 2335 in
1968 2283 2080 2337 haec
2113 2284 2269 2337 vobis
2304 2284 2607 2338 enarranda
2664 2286 2997 2342 incumbam.
3028 2289 3271 2357 Namque
3299 2306 3432 2342 una-

1887 2372 2086 2425 nimem
2105 2374 2428 2442 sapientium
2450 2384 2561 2428 tum
2578 2375 3010 2434 Christianorum
3024 2389 3136 2433 tum
3153 2381 3435 2449 gentilium

1885 2465 2208 2517 sententiam
2238 2465 2321 2518 vel
2349 2466 2511 2519 etiam
2538 2480 2606 2519 ex
2627 2467 2788 2522 dictis
2822 2464 3075 2536 poteritis
3101 2471 3396 2540 intelligere
3425 2493 3436 2531 ;

1885 2572 1989 2625 qua
2020 2572 2212 2624 nempe
2236 2560 2451 2612 ratione
2480 2541 2547 2614 de
2566 2560 2746 2613 divina
2776 2548 3119 2630 simplicitate
3142 2562 3327 2617 eadem
3352 2579 3438 2618 sa-

1888 2648 2036 2714 piant
2056 2657 2110 2700 et
2134 2649 2504 2715 pronuntient,
2522 2664 2641 2703 esse
2661 2665 2918 2719 perquam
2944 2651 3178 2716 diﬂicile,
3198 2652 3306 2705 imo
3329 2670 3440 2706 ma-

1888 2739 2025 2791 xime
2043 2738 2467 2806 impossibile,ut
2482 2741 2604 2808 quis
2620 2742 3064 2810 compositionem
3083 2755 3174 2798 aut
3194 2746 3441 2800 diﬂ‘eren—

1890 2830 2036 2890 tiam,
2066 2839 2424 2896 prmterquam
2457 2832 2733 2884 nominum
2758 2831 3043 2895 duntaxat,
3064 2834 3202 2886 inter
3233 2837 3444 2905 1099

1886 2921 2274 2982 substantiam,
2302 2931 2357 2973 et
2390 2924 2745 2986 voluntatem,
2779 2927 3097 2990 potentiam,
3141 2927 3323 2989 vitam,
3354 2944 3441 2981 sa-

1887 3009 2143 3076 pientiam
2191 3019 2274 3070 et,
2346 3020 2401 3062 ut
2435 3015 2740 3063 summatim
2771 3013 2965 3074 dicam,
3001 3030 3214 3067 onmem
3246 3031 3442 3083 opera-

1893 3100 2114 3161 tionem,
2149 3102 2432 3169 excogitet.
2481 3102 2943 3166 Quemadmodum
2978 3107 3120 3158 enim
3156 3109 3260 3175 piis
3291 3125 3441 3176 :eque

1893 3206 1958 3243 ac
2006 3192 2209 3259 impiis,
2246 3191 2450 3245 Gra’cis
2496 3202 2549 3245 et
2612 3191 2880 3256 Barbaris,
2927 3205 2980 3247 et
3017 3202 3098 3261 (ut
3139 3213 3243 3260 uno
3277 3199 3444 3251 verbo

1892 3285 2225 3352 complectar
2253 3283 2455 3349 omnia)
2488 3284 2736 3350 gentibus
2770 3285 3042 3347 omnibus,
3088 3289 3308 3352 coelum,
3340 3299 3446 3342 ter-

1893 3390 2028 3437 ram,
2059 3388 2206 3433 aera,
2266 3374 2516 3435 imbrem,
2565 3375 2752 3437 solem,
2803 3375 3010 3439 lunam,
3058 3386 3111 3428 et
3144 3379 3321 3430 omnia
3353 3396 3445 3432 ne—

1892 3465 2148 3525 cessaria,
2182 3463 2344 3530 Dens
2374 3462 2561 3514 tribuit
2587 3480 2601 3525 ;
2645 3465 2723 3516 sic
2747 3474 2802 3517 ct
2831 3467 3255 3534 necessariarum
3289 3484 3444 3538 regu-

1893 3555 1973 3609 las
1999 3554 2194 3606 artium
2227 3553 2495 3621 indigenis
2523 3563 2577 3606 et
2606 3553 2922 3622 alienigenis
2957 3557 3234 3622 aequaliter
3268 3562 3442 3610 omni-

1895 3650 1998 3704 bus
2024 3649 2259 3703 exhibet.
2291 3647 2424 3701 Nam
2483 3662 2657 3716 neque
2713 3647 2919 3701 fabrilis
2970 3664 3156 3702 norma
3187 3661 3239 3703 et
3269 3652 3442 3705 libella

1895 3740 1998 3793 alia
2029 3751 2110 3793 est
2133 3740 2274 3807 apud
2305 3737 2540 3801 Graecos,
2564 3747 2619 3790 et
2671 3738 2774 3791 alia
2809 3739 2949 3806 apud
2975 3740 3236 3807 Scythas;
3272 3757 3445 3807 neque

1879 3831 2038 3897 -apud
2070 3829 2252 3882 Medos
2301 3828 2426 3886 alia.
2453 3836 2507 3881 et
2531 3827 2634 3879 alia
2669 3828 2797 3880 item
2831 3828 2970 3895 apud
3013 3829 3238 3893 Persas;
3271 3845 3446 3895 neque

1898 3920 2239 4000 agritulturx
2273 3928 2364 3971 aut
2397 3918 2718 3976 venationis.
2746 3925 2801 3971 et
2851 3919 3079 3971 aliorum
3116 3920 3449 3990 huiusmodi.

1901 4014 2006 4067 ulla
2042 4022 2124 4066 est
2148 4013 2287 4082 apud
2339 4013 2435 4066 hos
2463 4026 2649 4065 omnes
2681 4011 2984 4066 differentia
3022 4030 3037 4066 :
3072 4013 3164 4066 sed
3202 4030 3324 4067 cum
3366 4016 3449 4066 di-

1900 4120 2052 4158 versa
2089 4105 2324 4158 sentiant
2367 4103 2433 4156 de
2463 4103 2740 4171 religione,
2773 4101 2830 4156 in
2863 4104 3068 4168 artibus
3097 4107 3446 4158 conveniunt.

1902 4197 2048 4249 Idem
2074 4194 2257 4246 videas
2306 4193 2359 4244 in
2410 4206 2472 4245 ea
2496 4193 2743 4255 scientia,
2775 4209 2894 4261 qua:
2928 4195 3072 4246 circa
3102 4196 3358 4246 vocabula
3393 4205 3448 4246 ct

1903 4283 2169 4335 dictiones
2232 4283 2498 4332 versatur'.
2558 4279 2622 4331 Et
2674 4295 2802 4332 vero
2865 4281 3173 4349 quicunque
3219 4281 3451 4335 dialccto

1904 4373 2092 4428 eadem
2152 4377 2395 4430 utuntur,
2452 4370 2487 4422 ii
2517 4371 2811 4438 primorum
2843 4385 2872 4424 e
2905 4387 3001 4425 sua
3038 4383 3194 4440 gente
3237 4386 3291 4427 et
3322 4390 3455 4456 pra-.-

240 4477 338 4528 καὶ
372 4475 557 4544 τέχνη,
592 4473 842 4542 καθάπερ
897 4469 1111 4538 στάθμη
1156 4465 1284 4529 τινὶ,
1343 4467 1391 4517 εί
1444 4465 1517 4534 μὴ
1565 4465 1803 4532 βούλοιτό
1834 4476 1877 4531 ο

1791 4466 1803 4515 5
1834 4476 1877 4531 ο
1907 4464 2166 4515 stantium
2191 4463 2466 4514 vernaculi
2504 4463 2775 4515 sermonis
2830 4473 3113 4517 auctorum
3148 4465 3372 4517 scicntia
3402 4475 3457 4516 et

237 4587 322 4628 τις
377 4567 547 4618 πλείω
591 4562 910 4625 σολοικίζειν
969 4562 1002 4634 ἢ
1060 4558 1411 4628 φθέγγεσθαι.
1473 4557 1536 4607 Ὃ
1587 4556 1650 4624 δὴ
1705 4557 1800 4607 καὶ

253 4660 529 4728 Ἰουλιανῷ
578 4658 654 4727 τῷ
701 4657 951 4713 δυσσεβεῖ
981 4656 1185 4724 ληφθὲν
1243 4654 1333 4705 ἐπὶ
1387 4651 1510 4705 νοῦν
1555 4649 1799 4719 ἐμποδὼν

238 4759 354 4816 τοῖς
414 4751 696 4806 εὐσεϐοῦσι
737 4753 929 4820 στῆναι
989 4749 1272 4810 πέπεικεν,
1311 4747 1634 4814 Ἑλληνικοῖς
1670 4743 1800 4813 ρυθ-

247 4847 502 4909 μίξεσθαι
547 4846 725 4911 λόγοις
761 4844 858 4912 τὴν
895 4831 1164 4908 γλῶτταν.
1217 4841 1395 4893 Μόνον
1426 4841 1528 4907 τῆς
1573 4837 1802 4904 ἐκλογῆς

245 4938 415 5003 ὑγιῶς
467 4937 753 4988 ἀνθεκτέον
783 4930 1018 4993 hcc-105v,
1055 4931 1150 4983 καὶ
1180 4930 1321 4982 κατά
1356 4930 1455 4998 τὴν
1486 4929 1699 4998 ἐμμελῆ
1739 4946 1798 4980 τε

237 5033 335 5081 «καὶ
369 5027 684 5096 ἐναρμόνιον
745 5026 853 5078 τῶν
913 5023 1085 5091 ἁγίων
1125 5021 1286 5090 ἡμῶν
1345 5021 1683 5089 συμφωνίαν.
1726 5019 1804 5071 Ἦ

246 5122 356 5195 γὰρ
388 5117 489 5169 ούκ
520 5118 584 5169 άν
612 5115 806 5184 φθάνοι
835 5117 1116 5186 ταράττων
1136 5113 1204 5164 τὰ
1220 5114 1423 5180 πάτρια
1453 5111 1551 5178 τῆς
1574 5112 1803 5177 Ἐκκλη-

249 5212 370 5269 σίας
425 5208 546 5275 ίερά
588 5206 962 5273 δόγματα,·δι⁹
997 5205 1242 5274 ἀμαθίαν
1273 5202 1305 5272 ἢ
1345 5202 1650 5270 μοχθηρίαν
1680 5201 1804 5278 ἀτό-

249 5316 353 5352 που
394 5302 622 5368 γνώμης
675 5299 770 5349 καὶ
814 5300 1206 5366 προαιρέσεως,
1237 5295 1420 5358 κακῶς
1449 5294 1803 5361 ἐκλαμϐάνων

251 5393 345 5443 καὶ
397 5391 734 5458 διαστρέφων
793 5390 886 5439 τὸν
921 5390 1241 5455 ἐγκείμενον
1275 5389 1392 5449 ταῖς
1435 5387 1612 5450 λέξεσι
1655 5384 1801 5447 νοῦν,

246 5481 453 5547 ὁμοίως
506 5482 582 5550 τῷ
636 5482 712 5551 σῷ
775 5481 1006 5547 Παλαμᾷ
1065 5480 1158 5530 καὶ
1205 5481 1353 5549 ύμῖν,
1395 5480 1584 5546 ἐκείνῳ
1631 5477 1803 5529 ταυτά

250 5575 640 5642 φθεγγομένοις
680 5574 879 5642 ἀρτίως
909 5571 976 5622 τά
1011 5586 1066 5621 τε
1109 5570 1245 5622 ἀλλα
1288 5572 1377 5622 καί
1420 5571 1568 5638 τρεῖς
1611 5567 1798 5636 ὁμολο-

249 5668 407 5735 γοῦσι
447 5664 635 5730 φύσεις
683 5666 774 5716 ἐπὶ
831 5664 924 5716 τοῦ
982 5663 1232 5730 Σωτῆρος
1287 5660 1802 5730 μεταμορφώσεως,

256 5762 388 5832 μίαν
423 5756 520 5827 μὲν
551 5758 645 5824 τῆς
679 5755 1117 5824 ἀνθρωπότητος,
1150 5753 1242 5806 δύο
1281 5753 1333 5803 δὲ
1359 5754 1481 5803 ταῖν
1513 5753 1656 5804 δυεῖν
1685 5751 1805 5803 θεο-

1907 4565 2022 4608 arte
2059 4564 2282 4608 utantur
2333 4564 2565 4623 oportet,
2600 4554 2883 4608 Phoenices
2934 4556 3191 4623 intelligo.
3248 4557 3454 4609 Persas.

1907 4647 2174 4716 Assyrios.
2223 4646 2321 4708 Et,
2379 4655 2436 4698 nt
2493 4655 2717 4698 CEPIQ‘I'OS
2785 4646 3061 4710 emittant,
3114 4655 3259 4698 certe
3314 4648 3452 4712 apud

1909 4758 2262 4812 quoscunque
2303 4741 2501 4794 Greca:
2557 4743 2750 4809 linguae
2782 4757 2910 4794 usus
2942 4749 3043 4802 est,
3079 4741 3112 4791 ii
3145 4742 3455 4792 mntlmdum

1907 4847 1960 4889 et
1992 4844 2159 4888 artem
2191 4850 2379 4887 eorum
2407 4834 2498 4901 qui
2541 4834 2742 4901 reperti
2773 4831 3046 4884 Grmcismi
3080 4833 3250 4885 duces
3282 4845 3334 4886 ct
3357 4850 3455 4886 au-

1907 4937 2084 4980 ctores
2135 4926 2392 4984 fuerunt,
2455 4922 2759 4976 necessario
2821 4923 2972 4990 sequi
3029 4921 3258 4986 debent,
3312 4925 3457 4974 velut

1915 5016 2171 5070 amussim
2204 5013 2521 5080 quamdam;
2557 5013 2658 5065 nisi
2704 5012 2885 5080 plures
2913 5015 2963 5065 in
2999 5014 3266 5080 loquendo
3292 5015 3454 5063 solue-

1911 5108 2112 5159 t-ismos
2142 5120 2302 5172 quam
2337 5117 2500 5156 voces
2544 5102 2788 5170 proferre
2822 5105 3115 5157 voluerint.
3147 5103 3299 5164 Quod
3331 5117 3458 5153 cum

1908 5197 2124 5251 Juliano
2183 5197 2346 5264 impio
2401 5204 2658 5262 apostatae
2715 5195 2768 5248 in
2800 5205 3030 5248 mentem
3065 5194 3318 5252 venisset,
3355 5193 3461 5262 ipsi

1910 5291 2078 5343 suasit
2128 5297 2186 5341 ut
2243 5288 2344 5354 piis
2394 5284 2721 5342 Christianis
2779 5286 3080 5340 Gnecarum
3156 5286 3452 5338 litterarum

1911 5383 2107 5440 studia,
2136 5381 2333 5447 quibus
2361 5377 2596 5444 linguam
2629 5377 2704 5430 illi
2734 5390 2884 5428 suam
2916 5385 3259 5434 exornarem,
3293 5376 3457 5424 inter-v

1909 5480 2131 5532 diceret.
2163 5475 2214 5526 ld
2253 5489 2419 5530 unum
2444 5474 2531 5525 hic
2560 5470 2732 5524 notari
2753 5469 2933 5531 velim,
2971 5481 3029 5543 ut
3062 5483 3250 5535 nempe
3275 5464 3453 5534 profa-

1913 5581 2100 5622 narum
2148 5565 2444 5617 litterarum
2487 5563 2726 5616 delectus
2775 5570 2920 5614 recte
2981 5551 3260 5620 habeatur,
3303 5558 3458 5625 juxta

1910 5663 2293 5724 congruentem
2324 5664 2376 5708 et
2407 5653 2702 5723 piissimam
2735 5661 3037 5705 sanctorum
3079 5649 3292 5702 Patrum
3323 5664 3455 5700 con—

1911 5747 2145 5804 cordiam
2182 5746 2419 5816 :alioqui
2467 5745 2683 5815 iamiam
2739 5743 3104 5810 unusquisque
3153 5742 3369 5806 antiqua
3405 5754 3460 5796 et
