4218 6454
260 333 400 401 1389
647 329 720 401 [Α.
761 345 811 385 c.
854 327 1014 399 1551]

1161 327 1600 392 BYZAN'I‘lN/E
1639 327 2028 390 IllS’fORI/E
2060 327 2205 392 LIB.
2246 325 2464 388 XXIII.

2612 323 2744 394 [ιιιιι.
2781 339 2823 374 ι.
2858 335 3141 376 omnem.
3169 321 3222 392 5]

3367 323 3506 398 1390

260 453 500 503 Ἔπειτα
531 447 669 517 μήτε
701 449 860 512 νοῶν,
898 452 1033 518 μήτε
1082 449 1393 517 δεχόμενος,
1452 445 1552 496 οὐκ
1598 442 1825 512 ἐρυθριᾷ
1853 446 1899 502 Α

1929 455 2088 510 posse
2134 439 2403 505 decernit,
2464 451 2649 509 utpote
2680 455 2805 494 cum
2871 454 2902 493 a
2935 439 3239 493 substantia
3290 440 3514 494 nonnisi

255 541 571 594 διαϐάλλων
613 542 831 610 ἐτέρους
872 543 968 593 καὶ⁵
999 541 1068 592 τὰ
1120 541 1297 592 οἰκεία
1335 536 1589 606 μετάγων
1644 534 1828 602 σκώμ-

263 651 411 702 ματα
447 634 567 685 κατ’
593 635 840 696 ἐκείνων,
889 633 940 684 οἳ
967 633 1161 693 τελέως
1197 630 1314 698 ἅμα
1347 631 1438 681 καὶ
1467 627 1636 694 ἀπρὶξ
1681 625 1832 694 έχον-

259 740 354 775 ται
384 723 491 774 τῶν
521 725 754 776 ἐκείνου.
803 723 1307 792 Ἀπηναισχύντησε
1347 721 1456 787 γὰρ
1483 722 1511 771 ὁ
1547 715 1832 787 μεμηνὼς,

260 817 355 868 καὶ
391 814 514 884 ἰψις
564 816 765 882 πόρνης
800 815 893 865 καὶ
935 813 1244 882 μοιχαλίδος
1297 811 1516 879 ἐγένετο
1548 811 1619 873 οί,
1668 808 1702 877 ἢ
1739 808 1832 860 ὅτε

263 907 449 976 πράξῃ
477 906 590 975 (92)
622 905 782 974 (ῳησὶ
808 905 1090 973 Σολομῶν)
1119 903 1500 972 ἀπονιψαμένη
1523 900 1675 952 οὐδὲν
1707 898 1834 951 ἄτο-

262 1017 368 1051 πον
399 1001 738 1067 πεπραχέναι
769 999 955 1066 φησίν.

1924 533 2044 587 solo
2100 534 2320 586 nomine
2366 532 2642 586 differant.
2701 532 2872 600 Igitur
2917 549 2948 587 e
3011 533 3230 586 duobus
3278 533 3515 587 alterum

1925 624 2203 692 contingat
2245 638 2469 677 necesse
2503 634 2605 678 est.
2636 621 2732 678 Vel
2762 624 2905 677 enim
2935 624 3201 692 Insipiens
3231 625 3328 678 iste
3363 625 3522 695 Pola-7

1931 731 2048 768 mas
2083 716 2320 784 Dionysii
2357 719 2735 770 auctoritatem
2768 719 2979 784 respuit
3012 736 3026 772 :
3057 719 3140 770 vel
3173 719 3514 785 sapientissi-

1929 823 2075 860 mam
2131 809 2250 878 ejus
2300 816 2538 861 mentem
2601 817 2825 874 prorsus
2876 823 2984 860 non
3046 808 3296 878 intelligit
3351 825 3367 862 :
3426 809 3514 863 vel

1928 897 2094 952 etiam
2146 899 2361 966 utrique
2386 898 2520 951 vitio
2571 899 2741 952 miser
2767 897 2857 953 ille
2891 899 3161 953 obnoxius
3191 915 3311 955 esse
3360 903 3514 955 vide-

1930 1001 2043 1043 tur.
2095 987 2302 1043 Deinde
2337 1002 2460 1041 cum
2506 991 2685 1042 sancti
2722 989 2887 1058 hujus
2915 990 3093 1044 Patris
3140 1005 3241 1044 nec
3275 1003 3512 1046 mentem

264 1094 552 1164 intelligat,
587 1109 688 1148 nec
730 1095 1111 1148 auctoritatem
1169 1091 1325 1161 sequi
1382 1090 1536 1152 velit,
1589 1089 1726 1143 alios
1789 1086 2134 1151 calumniari,
2162 1095 2219 1139 et
2247 1085 2301 1139 in
2368 1099 2463 1140 eos
2527 1085 2619 1154 qui
2670 1086 2908 1156 Dionysii
2943 1087 3105 1141 dictis
3161 1091 3400 1156 perfecte
3439 1089 3513 1142 si-

267 1194 378 1245 mul
402 1200 456 1245 et
491 1192 750 1244 tenaciter
781 1191 1080 1253 adhaerent,
1117 1188 1490 1242 cavillationes
1515 1197 1570 1241 et
1632 1185 1861 1239 dicteria
1900 1183 2102 1252 quibus
2163 1183 2278 1251 ipse
2314 1184 2509 1236 merito
2566 1185 2746 1252 appeti
2783 1196 2986 1250 posset,
3042 1185 3340 1239 transferre
3404 1200 3515 1240 non

266 1284 564 1337 erubescit.
599 1283 733 1337 Nam
772 1282 996 1336 insanus
1047 1282 1292 1336 Palamas
1351 1281 1584 1334 frontem
1641 1278 1927 1348 perfricuit
1965 1292 1977 1326 :
2010 1276 2156 1329 facta
2219 1287 2302 1330 est
2363 1277 2437 1329 illi
2509 1277 2674 1329 facies
2722 1278 3030 1331 meretricis
3089 1289 3144 1332 et
3208 1280 3514 1346 adulterae;

267 1394 412 1447 quae.
443 1392 499 1432 ut
539 1379 616 1432 ait
643 1380 899 1433 Salomon
936 1381 975 1436 ‘.
1006 1393 1128 1431 cum
1194 1377 1385 1431 fecerit
1440 1377 1662 1439 malum,
1718 1389 1836 1428 sese
1873 1372 2068 1430 abluit.
2101 1380 2155 1425 et
2189 1372 2344 1437 dicit,
2376 1374 2507 1426 nihil
2537 1389 2566 1426 a
2595 1374 2794 1427 semali
2827 1375 2995 1428 fuisse
3047 1386 3442 1445 perpetratum.

343 1471 422 1524 6’.
457 1491 474 1522 ι
509 1471 671 1524 Ἀλλὰ
695 1475 803 1540 γὰρ
832 1471 932 1521 οὐκ
967 1470 1031 1522 ἄν
1070 1484 1198 1520 ποτε
1234 1467 1493 1537 δεξαίμην
1521 1466 1630 1536 ἐγὼ
1661 1465 1836 1536 (φησὶ)

275 1563 550 1634 μεθεκτὴν
580 1564 716 1626 ὅλως
747 1565 846 1632 τὴν
874 1562 1026 1615 θείαν
1057 1561 1324 1630 ὑπάρχειν
1361 1562 1574 1626 οὐσίαν,
1605 1563 1704 1630 οὐχ
1731 1561 1837 1622 ἕως

2009 1463 2100 1518 IX.
2138 1483 2157 1515 ι
2199 1465 2267 1518 At
2298 1465 2470 1529 enim,
2516 1465 2592 1519 ait
2625 1465 2894 1533 Palatnas,
2928 1468 3171 1538 quandiu
3215 1470 3403 1523 vixero
3461 1481 3518 1526 et

1936 1571 2118 1610 aerem
2144 1557 2292 1612 hunc
2317 1558 2618 1626 spiravere,
2681 1558 2812 1612 illud
2872 1562 3177 1629 approbare
3235 1578 3517 1632 nunquam

274 1658 342 1710 ἂν
364 1657 420 1708 ἐν
442 1661 551 1716 τοῖς
590 1655 756 1719 ζῶσίν
788 1658 903 1723 είμι
961 1655 1053 1706 καὶ
1084 1656 1197 1714 τοῖς
1225 1655 1386 1722 ἀέρος
1428 1655 1670 1705 πνέουσι.
1730 1652 1839 1704 Τά-

1935 1650 2231 1718 potuerim,
2289 1649 2528 1703 divinam
2588 1651 2802 1705 scilicet
2891 1654 3254 1707 substantiam
3334 1656 3517 1710 totali-

272 1766 433 1819 χιστα
457 1741 566 1818 γὰρ
595 1747 663 1801 ἂν
691 1748 1008 1817 ἐξανσλὼσῃ
1039 1746 1137 1816 τὴν
1199 1748 1491 1815 μετασχεῖν
1550 1746 1838 1798 ἐθέλουσαν

1938 1748 2020 1793 ter
2045 1755 2165 1794 esse
2207 1740 2662 1810 partieipabilem.
2694 1743 2828 1803 Nam
2863 1744 3047 1800 divina
3078 1758 3292 1810 natura,
3318 1749 3360 1801 si
3397 1764 3520 1817 par-

273 1841 459 1909 φύσιν,
488 1843 621 1909 πρὶν
646 1841 712 1891 ἂν
744 1840 1009 1910 μετάσχῃ.
1031 1837 1219 1899 Οὐδεὶς
1250 1837 1359 1905 γὰρ
1375 1837 1562 1906 ὄψεται
1588 1838 1650 1888 τὸ
1675 1839 1840 1908 πρόσ-
1869 1868 1912 1926 Β

1940 1831 2218 1900 ticipetur,
2280 1833 2468 1886 statim
2522 1848 2642 1888 eam
2704 1847 2976 1902 naturam,
3032 1852 3153 1906 quae
3193 1840 3519 1909 participare

270 1933 424 1986 ωπόν
479 1931 736 2000 μου,καὶ
779 1929 1026 1998 ζήσεται,
1071 1931 1236 1999 φησιν
1266 1931 1299 1998 ἠ
1365 1930 1483 1982 θεία
1535 1924 1749 2000 Γραῷή.
1808 1948 1828 1982 ι

286 2023 389 2074 Ἰού
424 2022 502 2072 ἰοὺ
533 2022 630 2089 τῆς
675 2019 931 2089 εὐηθείας
993 2019 1088 2070 καὶ
1126 2017 1235 2069 τῶν
1293 2017 1505 2086 σεμνῶν
1543 2016 1833 2085 λογαρίων,

277 2111 481 2180 μᾶλλον
510 2111 567 2162 δὲ
593 2111 692 2179 τῆς
723 2110 964 2178 ἀσέμνου
996 2106 1333 2178 βωμολοχίας
1361 2108 1374 2160 ί
1401 2104 1520 2159 εῐτα
1544 2106 1839 2160 ἐλάνθανεν

276 2205 423 2273 ἡμᾶς
468 2202 643 2254 ὓθλων
668 2202 942 2279 ,ὑπάρχων
975 2201 1194 2270 μεστὸς,
1228 2201 1326 2252 καὶ
1363 2198 1546 2268 μύθων
1586 2199 1836 2266 Ἕλληνι.

275 2296 412 2355 κῶν,
448 2294 542 2346 καὶ
579 2294 699 2346 οὐδὲ
734 2295 943 2346 τούτων
983 2293 1184 2360 σοφῶν,
1245 2291 1362 2344 ἀλλ’
1400 2291 1546 2352 οἴους
1584 2291 1717 2356 φασὶ
1767 2290 1837 2342 τὰ

273 2384 497 2452 γραῒδια
549 2383 697 2452 παρὰ
723 2383 816 2444 τὰς
849 2382 935 2433 ἐπ’
962 2381 1096 2434 ἀλέα
1141 2381 1339 2449 λέσχας
1404 2380 1539 2447 (93).
1588 2379 1682 2441 Εξς
1733 2378 1839 2447 γὰρ

273 2475 373 2536 τὰς
413 2473 536 2536 Διὸς
571 2474 668 2525 καὶ
717 2472 960 2542 Σεμέλης
992 2471 1104 2540 (94)
1152 2471 1369 2541 ψευδεῖς
1423 2471 1520 2523 καὶ
1573 2468 1839 2540 μυθώδεις

277 2565 614 2634 μετήνεγκεν
641 2565 1042 2634 δταλαίπωρος
1089 2564 1188 2632 τὴν
1235 2562 1586 2632 σμικρόνοιαν
1635 2579 1835 2615 κοινω-

274 2657 425 2716 νοίας
477 2657 569 2706 καὶ
617 2654 764 2707 θείου
815 2654 992 2723 φωτδς
1033 2653 1330 2722 ἐπιδημίας
1358 2669 1372 2683 ·
1402 2648 1463 2707 οὗ
1521 2654 1840 2723 γενομένου,

275 2748 477 2818 θνητὴν
507 2744 672 2802 οὖσαν
696 2747 793 2801 καὶ
813 2749 1067 2817 οὐρανίου
1094 2748 1216 2809 Διὸς
1243 2749 1488 2815 ἐνεγκεῖν
1515 2747 1727 2817 οὐδαμῆ
1751 2748 1840 2800 δυο

276 2840 534 2908 νηθείσαν
551 2839 931 2907 λαμπρότητα,
957 2836 1080 2910 μηδ’
1098 2839 1356 2906 αίθερίων
1385 2837 1665 2908 κεραυνῶν
1688 2837 1843 2906 ἐνδη-

279 2931 434 3000 μίαν,
457 2929 802 2997 ἀναλωθῆναι
827 2930 924 2997 τὴν
952 2929 1384 2998 δυστυχῆ.οὓτω
1409 2928 1842 2998 σμικροπρεπῶς

279 3022 371 3092 [Ρ.
406 3019 531 3093 694]
556 3038 614 3074 τε
659 3023 752 3073 καὶ
808 3021 1049 3086 ἀγεννῶς
1083 3022 1182 3083 τὰς
1237 3021 1476 3087 εὐγενεῖς
1528 3021 1638 3072 τῶν
1671 3020 1842 3088 ἁγίων

278 3115 490 3176 ἑννοίας
516 3115 611 3165 καὶ
641 3112 815 3177 λέξεις
843 3113 900 3178 ἐξ
931 3111 1171 3180 ἀμαθίας
1202 3114 1230 3165 ὁ
1260 3111 1525 3181 Παλαμᾶς
1555 3111 1840 3182 ἐκλαμδά-

278 3224 387 3257 νων
409 3206 500 3256 mi.
522 3206 864 3274 διαστρέφων
887 3208 956 3257 τὰ
991 3204 1108 3256 θεῖα
1138 3205 1237 3274 τῆς
1259 3202 1585 3271 Ἑκκλησίας
1611 3204 1839 3273 ἐμόλυνε
1868 3244 1913 3302 c

277 3299 549 3366 δόγματα,
583 3296 773 3365 ὥσπερ
822 3296 1224 3366 ἀποσειομένης
1265 3296 1366 3366 τῆς
1419 3296 1569 3364 σφῶν
1619 3298 1845 3365 ἐπιστή-

284 3405 392 3456 μης
415 3385 514 3454 τὴν
559 3385 724 3437 αὐτοῦ
765 3385 1100 3455 κακοήθειαν
1126 3401 1144 3418 ο
1196 3387 1444 3455 καθάπερ
1476 3385 1546 3439 τὰ
1580 3387 1694 3441 τῶν
1752 3387 1844 3458 ρό-

279 3479 385 3530 δων
439 3477 649 3547 εὔοσμα
706 3479 802 3530 καὶ
863 3478 1065 3547 εὐανθῆ
1125 3478 1224 3548 τὴν
1273 3479 1646 3548 μαραίνουσαν
1705 3482 1846 3535 αὐτά

280 3571 377 3623 καὶ
405 3570 510 3638 πρὸ
538 3569 632 3623 τοῦ
662 3571 855 3639 χρόνου
913 3573 1091 3639 χεῖρα.
1125 3571 1378 3626 Τοιοῦτον
1425 3575 1472 3626 oi
1505 3576 1694 3643 σεμνοὶ
1741 3577 1846 3644 τῆς

281 3664 376 3715 νῦν
413 3662 737 3732 Ἐκκλησίας
776 3665 1031 3731 ποιμένες
1064 3667 1181 3716 νέον
1205 3662 1523 3717 διδάσκαλον
1553 3665 1662 3719 τῶν
1685 3666 1846 3720 θείων

279 3757 569 3824 δογμάτων
624 3755 1056 3824 προύστήσαντο,
1112 3756 1314 3822 τυφλὸν
1373 3757 1559 3825 τυφλῷ
1629 3757 1844 3828 ὁδηγόν.

284 3849 409 3901 Ὅτι
432 3848 477 3900 δ’
517 3848 614 3916 οὐχ
649 3847 806 3914 ἁπλῷ
835 3863 938 3898 τινι
964 3847 1107 3914 λόγῳ
1157 3847 1292 3915 πρὸς
1343 3847 1514 3899 ταῦτα
1564 3849 1848 3918 χρώμενος

285 3941 558 4008 ᾳαίνεται,
587 3939 703 3991 ἀλλ’
732 3939 911 4003 ὀξεῖαν
972 3939 1068 3990 καὶ
1121 3940 1326 4009 σφόδρα
1355 3955 1421 4009 γε
1481 3941 1847 3993 κατεσπουδα.

284 4034 492 4101 σμένην
512 4033 626 4100 ἔχει
652 4034 750 4101 τὴν
783 4030 1040 4100 πρόθεσιν
1061 4033 1160 4100 τῆς
1189 4030 1388 4100 ψυχῆς,
1415 4034 1506 4084 καὶ
1534 4033 1732 4085 ταυτὸν
1762 4033 1847 4084 ἀεὶ

282 4127 394 4187 τοῖς
426 4124 552 4191 γυψὶ
591 4125 683 4175 καὶ
718 4124 1010 4192 κανθάροις
1043 4127 1208 4188 ποεῖ,
1262 4125 1334 4175 τὰ
1389 4124 1700 4190 ὑγιαίνοντα
1753 4124 1848 4176 καὶ

283 4222 385 4269 ὅσα
410 4216 583 4284 εὐώδη
619 4217 856 4284 παριὼν,
898 4216 1008 4267 τῶν
1037 4231 1095 4265 τε
1129 4214 1329 4278 λέξεων
1364 4219 1458 4268 καὶ
1487 4216 1706 4269 ἐννοιῶν
1735 4218 1849 4278 τοῖς

286 4308 504 4361 νοσοῦσί
525 4325 584 4360 τε
602 4309 703 4360 καὶ
723 4309 824 4361 ὅσα
855 4288 1069 4376 μακρᾶς
1095 4306 1360 4369 δυσωδίας
1417 4306 1643 4371 ἀπόζει,
1681 4322 1848 4372 προσ-

283 4402 505 4478 τέτηκε,
538 4403 631 4453 καὶ
657 4402 773 4468 ἅμα
798 4401 1139 4470 διαστρέφων
1185 4399 1245 4449 οὐ
1289 4399 1433 4468 μάλα
1493 4400 1726 4452 αίδείται
1781 4397 1849 4451 τὰ

285 4493 512 4546 πλεῖστα
552 4491 730 4562 (τοῦτο
760 4491 818 4542 δὲ
847 4494 939 4544 καὶ
972 4490 1159 4552 γυπῶν
1187 4492 1280 4542 καὶ
1304 4489 1588 4558 κανθάρων
1617 4492 1849 4559 ὑπέρτε-

1939 1920 2111 1988 ipsam
2144 1920 2401 1983 voluerit,
2430 1922 2596 1975 etiam
2621 1932 2910 1993 antequam
2959 1927 3389 1997 participaverit,
3426 1933 3522 1985 ab-

1945 2017 2144 2062 sumet.
2179 2009 2350 2064 Nemo
2383 2012 2526 2065 enim
2560 2014 2764 2068 videbit
2797 2016 2988 2070 faciem
3036 2035 3210 2072 meam
3271 2031 3327 2075 et
3354 2023 3520 2088 vivet,

1914 2102 2116 2172 .inquit
2160 2103 2344 2159 divina
2385 2108 2668 2177 Scriptura
2698 2112 2738 2164 ’.
2783 2130 2801 2161 ι
2841 2111 2884 2166 Ο
2913 2114 3086 2167 virum
3119 2115 3453 2184 simplicem!
3487 2134 3521 2172 ο

1939 2194 2166 2249 fabellas
2190 2211 2382 2265 graves
2398 2208 2450 2251 et
2476 2199 2726 2264 decoras,
2763 2202 2871 2256 imo
2904 2219 2937 2257 ο
2981 2206 3176 2260 faniam
3208 2210 3522 2263 scurrilita-

1943 2288 2086 2341 tem!
2139 2297 2196 2342 et
2225 2288 2424 2344 deinde
2451 2291 2837 2362 ignorabamus
2859 2338 2873 2361 ,
2908 2297 3182 2354 Palamam
3218 2303 3377 2372 nugis
3428 2322 3521 2358 rr-

1939 2378 2140 2434 fertum
2167 2396 2286 2436 esse
2312 2391 2368 2437 et
2389 2381 2713 2441 Graecanicis
2734 2388 2948 2454 fabulis,
2988 2407 3165 2462 neque
3192 2395 3275 2450 his
3299 2398 3521 2466 quidem

1926 2472 2282 2543 sapientibus
2307 2493 2320 2529 :
2348 2477 2443 2531 sed
2474 2478 2664 2548 quales
2691 2493 2920 2537 narrant
2946 2486 3200 2554 aniculae,
3227 2490 3355 2544 dum
3387 2493 3520 2546 cali-

1940 2562 2026 2618 dis
2051 2565 2104 2618 in
2135 2564 2271 2619 locis
2299 2567 2473 2622 otiose
2519 2571 2960 2629 confabulantur.
3008 2576 3143 2632 Nam
3169 2583 3520 2649 quantulum-

1941 2671 2158 2726 cunque
2181 2661 2493 2715 communis
2533 2677 2729 2719 sensus
2759 2667 2997 2722 habebat
3049 2672 3214 2727 miser
3236 2675 3344 2741 ille,
3415 2677 3521 2732 hoc

1943 2758 2116 2842 totum
2145 2753 2421 2807 transtulit
2441 2755 2510 2810 ad
2551 2757 2769 2813 fictitios
2787 2761 2938 2816 Jovis
2960 2774 3016 2816 et
3047 2765 3347 2836 fabulosos,
3392 2775 3521 2842 qui-

1946 2841 2045 2895 bus
2075 2842 2284 2898 Semele
2305 2858 2626 2918 consumpta
2676 2853 2890 2924 1106
2920 2866 3020 2920 est,
3045 2859 3230 2928 ignes;
3289 2841 3520 2933 quibus-

1942 2947 2068 2985 cum
2100 2933 2271 2989 divini
2319 2937 2546 2992 luminis
2592 2940 2962 2999 immissiones
3013 2949 3245 3006 confert.
3283 2953 3520 3024 Finguut

1943 3025 2199 3079 nimirum
2241 3038 2413 3096 poetae
2451 3030 2740 3096 Semelom,
2803 3047 2989 3103 utpote
3019 3046 3324 3108 mortalem,
3351 3049 3518 3101 caele-

1942 3115 2044 3170 stis
2085 3115 2352 3186 fulgorem
2399 3119 2547 3176 Jovis
2591 3132 2649 3177 et
2682 3125 2904 3180 tatherei
2942 3127 3185 3187 fulminis
3235 3150 3519 3192 accessum

1945 3205 2090 3262 ferre
2107 3224 2213 3262 non
2243 3212 2507 3278 potuisse,
2533 3222 2590 3267 et
2614 3214 2736 3270 ideo
2761 3219 3014 3274 miseram
3045 3223 3184 3278 hanc
3233 3229 3516 3287 mulierem

1945 3299 2112 3355 fuisse
2133 3316 2530 3374 consumptam.
2554 3307 2705 3362 Adeo
2718 3311 2922 3381 abjecte
2937 3325 2991 3370 et
3014 3317 3322 3385 ignobiliter
3347 3340 3518 3392 gene-

1947 3405 2097 3446 rosas
2110 3407 2172 3447 ac
2184 3394 2394 3450 nobiles
2411 3405 2722 3452 sanctorum
2742 3401 2959 3457 Patrum
2981 3411 3277 3464 sententias
3293 3422 3344 3466 et
3357 3429 3518 3470 voces

1948 3497 2058 3574 prae
2075 3483 2346 3574 imperitia
2367 3488 2615 3545 Palamas
2631 3496 2829 3566 accipit
2854 3506 2904 3549 et
2919 3501 3173 3566 pervertit
3197 3519 3210 3567 ;
3231 3504 3417 3574 sicque
3435 3509 3518 3562 di-

1947 3572 2072 3626 vina
2098 3573 2356 3630 Ecclesiae
2384 3579 2632 3649 dogmata
2654 3587 3066 3650 contaminavit,
3111 3572 3364 3660 tanquam
3399 3597 3518 3651 illo-

1949 3689 2070 3727 rum
2144 3669 2376 3738 scientia
2438 3674 2639 3727 malum
2692 3676 2854 3746 hujus
2910 3680 3188 3750 ingenium
3248 3688 3513 3755 repellat;

1948 3763 2409 3832 quemadmodum
2431 3764 2571 3819 bene
2593 3766 2800 3821 olentes
2829 3777 2883 3822 et
2914 3769 3114 3826 floridae
3135 3791 3267 3830 rosae
3295 3794 3514 3836 manum

1953 3864 2213 3924 respuunt
2247 3871 2436 3910 eorum
2486 3856 2579 3925 qui
2628 3873 2720 3911 cas
2749 3872 2873 3914 ante
2928 3873 3142 3932 tempus
3197 3871 3516 3928 flacccseeru

1950 3947 2174 4002 faciunt.
2203 3946 2388 4002 Talem
2417 3949 2591 4003 virum
2624 3955 2919 4008 venerandi
2959 3960 3240 4024 pnesentis
3263 3963 3514 4020 Ecclesiae

1951 4043 2193 4114 pa-tores
2216 4050 2490 4092 recentem
2518 4038 2824 4095 divinorum
2875 4043 3186 4114 dogtnatum
3237 4052 3510 4109 doctorem

1950 4127 2050 4179 sibi
2091 4110 2222 4195 ipsis
2260 4127 2644 4196 praefecerunt,
2670 4140 2727 4184 et
2770 4147 2970 4186 caecum
3004 4139 3130 4190 caeci
3184 4143 3282 4194 viae
3324 4145 3494 4198 duccn

1950 4219 2119 4272 secuti
2143 4231 2288 4272 sunt.
2328 4219 2494 4272 Porro
2528 4235 2636 4274 non
2660 4221 2890 4291 simplici
2925 4227 3159 4294 quadam
3210 4243 3303 4284 aut
3337 4237 3503 4302 quali.

1950 4325 2168 4379 cunque
2207 4311 2442 4375 ratione,
2466 4312 2559 4365 sed
2587 4315 2696 4367 acri
2731 4317 2910 4370 studio
2941 4328 2996 4372 et
3049 4325 3285 4378 maxima
3336 4327 3518 4383 intcn~

1955 4411 2100 4455 tione
2127 4402 2293 4456 animi
2319 4403 2516 4457 fabulis
2561 4405 2678 4458 istis
2717 4406 2782 4460 ad
2822 4407 3144 4465 firmandatn
3203 4431 3355 4469 suam
3395 4421 3518 4487 epi-

1953 4495 2170 4548 nionem
2192 4495 2268 4547 uti
2299 4495 2537 4559 videtur,
2599 4509 2655 4552 et
2699 4498 2766 4552 de
2820 4501 3097 4557 vulturum
3140 4515 3305 4575 atque
3334 4525 3520 4565 scara-

290 4587 428 4654 ρον),
458 4584 613 4652 δῆλον
656 4582 926 4637 ἐντεῦθεν.
971 4584 1061 4634 Ἐν
1089 4584 1197 4651 γὰρ
1220 4581 1434 4650 Τιμαίῳ
1467 4581 1689 4634 Πλάτων
1727 4583 1846 4634 θεο-
1874 4588 1913 4646 ι]

1954 4587 2192 4640 buturum
2228 4601 2402 4651 more,
2431 4603 2562 4641 sana
2590 4599 2646 4642 et
2684 4591 2823 4645 bene
2872 4593 3075 4648 olentia
3106 4614 3331 4667 quaeque
3383 4619 3522 4670 pra:-

287 4679 466 4742 λογείν
501 4677 754 4744 ἐλόμενος
784 4675 916 4726 Θεὸν
944 4676 1343 4742 ὑπερκείμενον
1388 4673 1568 4742 τίθησι
1607 4674 1843 4741 πρῶτον,

283 4775 404 4830 ταῖς
434 4770 752 4838 ὐς-ειμέναις
784 4768 1208 4835 ἐγκελευόμενον
1233 4766 1426 4820 ἐαυτοῦ
1470 4765 1730 4835 δυνάμεσι
1750 4771 1844 4820 καὶ

359 4921 373 4948 ¹
413 4920 574 4973 l’rov.
613 4934 715 4971 xxx
763 4918 855 4971 20.
929 4917 950 4946 ³
987 4914 1159 4969 Exod.
1204 4931 1394 4980 χχχιιι,
1425 4917 1515 4970 9.0.

1955 4680 2082 4733 terit
2114 4679 2376 4733 :vocibus
2408 4690 2589 4733 autem
2613 4691 2666 4735 et
2687 4686 2990 4750 sententiis,
3033 4704 3281 4744 errorum
3331 4697 3521 4753 morbo

1949 4762 2698 4840 laboraiitibus,gravemquc
2748 4789 2810 4827 ac
2834 4775 3081 4830 ftetidum
3120 4780 3345 4837 odorem
3404 4788 3518 4855 spi-

1622 5009 1946 5070 Variorum
1989 5019 2174 5069 ιιοιαι.
2263 5009 2266 5012 ’

358 5116 467 5185 (99.)
505 5116 634 5178 Qua:
683 5129 801 5165 cum
854 5112 1032 5179 {ccerit
1067 5113 1314 5185 [malumj
1361 5122 1494 5176 etc.,
1537 5113 1591 5166 in
1632 5114 1848 5182 vulgata

285 5184 475 5240 Latina
507 5188 583 5237 sic
607 5185 870 5235 habetur:
897 5185 1025 5244 Qua:
1047 5184 1286 5244 comedit.
1314 5194 1362 5236 et
1395 5193 1595 5252 tergens
1619 5201 1673 5235 os
1698 5200 1849 5234 suum

284 5259 409 5309 dicit
446 5271 462 5307 :
499 5254 616 5306 Non
650 5271 766 5304 sum
806 5270 1025 5319 operata
1078 5253 1298 5305 malum.
1328 5254 1464 5307 Huic
1518 5254 1851 5322 interpreta-

289 5327 422 5380 tioni
451 5337 711 5377 consonat
740 5323 1003 5376 IlebraiCa
1035 5324 1218 5376 lectio.
1251 5324 1585 5376 CAPPERONN.

357 5398 468 5464 {93)
505 5395 576 5447 lix
629 5392 846 5446 Hesiodi
880 5392 1034 5461 Oper.
1064 5403 1110 5445 et
1138 5392 1270 5446 dieb.
1299 5409 1438 5446 vers.
1475 5395 1572 5447 49-1
1608 5393 1778 5464 :Wllip
1806 5391 1849 5443 δ’

287 5463 640 5534 [Οιχαλιειον
705 5464 891 5534 θῶκον,
929 5466 1022 5515 καὶ
1063 5466 1148 5515 ἐπ’
1177 5465 1308 5515 αλέα
1361 5465 1573 5533 λέσχην.
1625 5463 1853 5534 Hocest

284 5533 497 5604 ιιι-απενὶ
557 5549 758 5588 teneam
804 5533 973 5586 sedem
1031 5535 1148 5602 (seu
1195 5534 1432 5603 officinas
1491 5533 1766 5601 ferrarius)
1798 5542 1854 5586 et

283 5603 732 5677 tuufaoufationes
762 5621 876 5671 qua:
922 5604 1108 5656 calidis
1142 5605 1196 5656 in
1238 5606 1361 5657 locis
1411 5605 1689 5677 habentur.
1721 5603 1853 5677 Qui—

285 5673 409 5731 dam
469 5692 576 5729 non
637 5679 887 5730 obstante
949 5686 1123 5728 metro
1176 5677 1363 5743 legunt
1393 5676 1476 5724 ἐπ’
1522 5676 1654 5744 ἀλέᾳ
1689 5673 1855 5744 id_est

286 5759 497 5817 prapter
523 5757 769 5814 teporem,
803 5761 897 5800 seu
934 5746 1122 5810 teporis
1152 5740 1400 5811 captandi
1428 5740 1727 5812 gratiaflta
1751 5740 1856 5794 Eu-

1958 5113 2212 5191 stathius.
2251 5113 2552 5191 Guilelmus
2591 5114 2857 5191 Canterus
2907 5135 3012 5173 una
3059 5135 3192 5175 voce
3227 5121 3356 5191 legit
3387 5127 3520 5178 ἐπα-

1950 5185 2066 5235 λέα.
2107 5185 2376 5262 Caeterunt
2411 5185 2964 5262 ‘rtéaxuudicebantur
3003 5191 3130 5262 olim
3167 5185 3521 5262 philosOplm-

1952 5269 2068 5305 rum
2092 5255 2498 5330 conventicula.
2537 5257 2736 5330 Deinde
2758 5259 2884 5330 quia
2920 5259 3061 5311 inter
3097 5255 3241 5323 ipsos
3276 5255 3517 5330 plerum-

1950 5338 2057 5391 que
2092 5324 2383 5376 levissimis
2437 5325 2504 5376 de
2559 5326 2722 5378 rebus
2752 5327 3082 5393 agitabatur.
3115 5324 3316 5383 factum
3345 5344 3428 5386 est
3459 5347 3519 5389 ut

1951 5395 2330 5448 mendicorum
2364 5404 2420 5445 et
2459 5395 2602 5463 vulgi
2632 5409 2934 5451 conventus
2961 5399 3123 5452 etiam
3161 5400 3264 5454 hoc
3298 5405 3519 5459 nomine

1950 5475 2297 5543 vocarentur.
2350 5473 2513 5543 atque
2549 5466 2674 5518 Inde
2731 5471 2897 5518 etiam
2951 5468 3078 5535 ipsa:
3137 5486 3290 5539 nuga:
3330 5474 3518 5543 λέσχαι

1950 5535 2108 5586 dicta:
2137 5536 2376 5586 fuerunt.
2413 5533 2741 5588 CAPPERONN.

2022 5607 2134 5670 (9i)
2178 5604 2270 5680 De
2306 5605 2633 5680 hac__fabula
2683 5605 2825 5680 _vide
2873 5623 2997 5674 qua:
3057 5609 3219 5665 habet
3267 5611 3518 5680 Ovidius,

1955 5675 2388 5744 Metamorphos,
2427 5675 2523 5729 lib.
2557 5692 2632 5728 ιιι.
2659 5677 2993 5730 CAPPEBONN.
