4218 6454
251 365 389 428 1405
638 362 712 433 [.t.
755 376 806 417 c.
851 361 1011 433 15511

1195 369 1631 430 BYZANTIN/E
1671 372 2054 434 HISTORIE
2097 376 2240 433 LIB.
2275 373 2476 433 XXIV.

2613 367 2746 439 [ηιμ.
2787 383 2830 420 ι.
2866 379 3159 419 cmracvz.
3203 364 3257 434 ὕ]

3372 370 3507 432 1500

245 484 316 533 τὰ
338 479 470 544 γοῦν
487 482 678 545 πλείω,
706 483 826 550 μεθ’
845 480 917 535 ὦν
941 488 1316 557 ἀντιρρήσεων
1341 490 1548 552 τούτοις
1576 491 1829 561 καθήκει,
1859 495 1903 553 Α

1937 495 2195 561 pleraque
2213 494 2404 546 saltem
2425 501 2805 559 exponentur;
2832 489 3038 560 quibus
3058 502 3328 556 congruas
3344 489 3506 540 etiam

244 572 342 639 οὐχ
392 573 521 634 ὅσας
554 575 648 626 καὶ
692 576 808 636 οἵας
853 577 1038 639 αὐτοῖς
1077 581 1496 650 ἀντεστήσαμεν
1528 585 1673 646 τότε,
1731 586 1826 637 σὺν

242 661 354 732 ᾠδῇ
397 665 569 733 μυρία
597 665 707 716 τῶν
737 668 899 720 θείων
934 667 1132 735 λογίων
1162 672 1670 743 ἀγωνιστικὼτερον
1704 678 1825 727 ὲπιυ

242 754 415 814 ὀντες,
445 755 616 806 ὁπόσα
639 758 666 807 6
689 758 796 809 τῶν
822 758 1163 814 διδασκάλων
1180 762 1281 831 τῆς
1298 760 1629 834 Ἐκκλῃσίας
1659 765 1826 816 πάὶαι

244 842 458 914 ὕμνησε
509 848 688 916 χορὸς,
726 850 841 903 ἀλλ’
880 853 916 905 ἀ
945 855 1086 907 κατά
1134 855 1194 908 τὸ
1235 857 1524 926 ἐπιτρέχον
1567 860 1597 926 ἡ
1637 861 1824 928 μνήμη

243 935 600 1002 σχεδιάζουσα
631 940 790 1007 ἡμῶν
821 944 1122 1011 χορηγήσει
1151 943 1216 1015 τῇ
1248 945 1465 1020 γλώττῃ
1488 966 1500 978 ·
1533 947 1728 1000 οὗκουν
1759 950 1825 1001 δι’

240 1023 450 1077 ἔνδειαν
467 1028 734 1096 ἀφορμῶν
759 1030 1075 1084 ἀντιπάλων
1099 1032 1282 1100 (τοῦτο
1301 1036 1408 1104 γὰρ
1437 1037 1558 1091 οὑδέ
1593 1056 1685 1088 του
1718 1038 1825 1089 τῶν

240 1115 504 1168 ἐναντίων
535 1118 717 1186 λέγειν
743 1120 1073 1191 τολμῶντος,
1104 1121 1281 1194 οἴμαι,
1299 1127 1483 1196 δεήσει
1511 1131 1688 1191 ποτὲ),
1707 1130 1822 1192 πῶς

238 1207 388 1277 γάρ;
440 1210 706 1277 ἀφθονίας
743 1212 965 1283 μακρᾶς
1011 1218 1386 1289 προκειμένης
1427 1222 1580 1290 ἡμῖν,
1619 1223 1824 1293 ὁπόσην

239 1298 366 1365 ἐμοὶ
399 1298 510 1352 τῶν
540 1301 714 1364 ἁγίων
743 1301 918 1371 βίϐλοι
947 1308 1090 1358 κατὰ
1117 1308 1180 1360 τὸ
1219 1309 1441 1374 δαψιλὲς
1468 1313 1821 1368 ὲπαντλοῦσι.

239 1389 363 1442 Τῶν
417 1391 518 1459 μὲν
569 1391 678 1460 γὰρ
728 1393 906 1448 ἄλλων
959 1395 1146 1463 ἐνίοις,
1195 1402 1330 1468 πρὸς
1382 1402 1556 1469 λόγων
1605 1405 1824 1471 ἀγῶνας

249 1477 452 1546 lotium,
491 1483 551 1547 ἐξ
597 1485 843 1555 ἀποριῶν
877 1489 1113 1560 ἀπορίας
1145 1491 1315 1544 ἐνίοτε
1353 1494 1567 1547 ἀντλεῖν
1603 1498 1820 1565 περιγί-

249 1585 416 1634 >εται.
462 1574 489 1626 ὂ
521 1577 735 1646 καίριον
762 1580 972 1633 είποιεν
1011 1582 1216 1652 ἥκιστα
1257 1585 1501 1653 ἔχουσινο
1537 1589 1634 1658 ἐμὲ
1683 1589 1729 1642 δ’
1763 1590 1821 1656 ἐξ

248 1666 472 1733 ἀπορίας
503 1673 724 1739 μακρᾶς
753 1673 829 1746 είς
857 1674 1095 1745 ἀπορίαν
1118 1678 1342 1746 μακρὰν
1365 1681 1552 1734 καινόν
1577 1699 1700 1735 τινα
1727 1684 1822 1736 καὶ

1932 585 2329 653 subjungemus
2353 584 2737 646 refutationes,
2759 598 2866 635 non
2892 591 3020 650 quot
3047 591 3101 633 et
3123 579 3314 648 quales
3337 579 3508 646 magis

1929 675 1995 728 ad
2035 691 2267 744 pugnam
2310 674 2752 729 accmnmodatas
2784 683 2914 727 tunc
2947 672 3331 740 opposuimus,
3378 685 3504 722 cum

1930 767 2117 819 multis
2145 782 2423 820 sacrarum
2459 765 2872 834 Scripturarum
2907 764 3145 817 oraculis
3174 763 3342 819 veluti
3376 777 3506 814 con-

1927 871 2148 914 centum
2204 861 2466 922 fecimus,
2516 859 2798 912 recensitis
2841 859 3005 910 etiam
3047 856 3332 918 oninibus,
3384 872 3506 924 quzc

1927 961 2241 1008 sanctorum
2273 952 2529 1005 Ecclesiae
2552 951 2839 1005 doctorum
2869 949 3072 1002 chorus
3097 949 3224 1000 olim
3255 948 3455 1000 cecinit
3489 965 3501 999 :

1927 1045 2019 1099 sed
2067 1057 2414 1113 quaecunque
2462 1041 2622 1095 obvia
2673 1039 3020 1093 solummodo
3055 1040 3253 1107 linguae
3305 1047 3504 1090 nostra:

1927 1136 2192 1190 memoria
2225 1150 2292 1188 ex
2331 1145 2577 1201 tempore
2607 1133 2981 1201 suggesserit:
3017 1146 3125 1183 non
3162 1131 3308 1198 quod
3338 1145 3505 1196 argu-

1925 1232 2152 1296 mentis,
2177 1232 2380 1300 quibus
2408 1243 2789 1299 oppugnemus
2819 1227 3185 1286 adversarios.
3217 1240 3504 1279 careamus

1925 1322 2094 1392 (quod
2131 1323 2355 1390 quidem
2395 1321 2581 1375 dicere
2627 1318 2951 1382 nonnullus,
2988 1317 3206 1385 Opinor,
3241 1316 3500 1369 adversa-

1873 1437 1879 1453 ι
1924 1416 2133 1466 riorum
2155 1423 2470 1477 nostrorum
2507 1426 2727 1480 semper
2755 1409 3028 1481 audebit),
3055 1408 3147 1477 qui
3179 1407 3328 1460 enim
3357 1405 3500 1460 istud

1924 1503 2040 1556 ﬁeri
2075 1504 2290 1570 posset?
2327 1518 2453 1557 cum
2487 1504 2765 1572 ingentem
2800 1510 3252 1571 argumentorum
3283 1499 3500 1566 cupiam

1922 1597 2220 1663 sepositam
2284 1595 2620 1657 habeamus,
2677 1603 2934 1661 quantam
2994 1593 3125 1645 mihi
3184 1603 3499 1645 sanctorum

1921 1686 2146 1740 Patrum
2201 1687 2328 1740 libri
2381 1687 2598 1740 abunde
2646 1685 3025 1759 suppeditant.
3080 1685 3213 1737 Nam
3265 1683 3499 1736 aliorum

248 1758 544 1825 παράδοξον
590 1764 906 1833 περιίστησι
972 1765 1177 1835 τρόπον
1233 1769 1296 1820 τὸ
1351 1770 1459 1822 τῶν
1518 1769 1888 1848 περιόντωνξ

1919 1778 2169 1847 quidam.
2199 1779 2330 1833 dum
2357 1780 2412 1832 in
2444 1758 3089 1848 disputationisarenam
3132 1777 3500 1837 descendant,

247 1849 420 1901 ὅπλων
459 1851 699 1920 πλῆθος,
751 1857 848 1908 καὶ
896 1855 1067 1923 βελῶν
1109 1859 1204 1912 καὶ
1238 1861 1411 1925 τόξων
1446 1862 1528 1934 [Ρ.
1564 1836 1688 1934 Ἴθι]
1723 1867 1818 1919 καὶ
1846 1836 1892 1896 Β

1919 1868 2273 1925 dillicultates
2303 1871 2438 1925 alias
2468 1887 2532 1924 ex
2572 1871 2694 1924 aliis
2716 1871 3051 1925 exhauriant
3081 1869 3376 1938 aliquando
3409 1883 3502 1921 ne—

235 1939 479 2008 δοράτων
523 1944 741 2012 (φάναι)
781 1947 1162 2012 παντοδαπῶν,
1202 1952 1280 2013 είς
1315 1951 1534 2022 ἄμυναν
1581 1955 1691 2007 τῶν
1720 1956 1819 2025 τῆς

235 2033 499 2103 ἀληθείις
534 2036 770 2107 ἐχθρῶν.
817 2039 1071 2108 ἰλ-πορεῖν
1102 2042 1212 2111 γὰρ
1242 2044 1435 2112 ἔμοιγε
1468 2046 1604 2116 φαίη
1637 2065 1718 2110 τις
1752 2049 1820 2103 ἂν

238 2123 372 2187 ἴσως
401 2124 494 2178 νῦν
519 2132 814 2196 περιεῖναι,
842 2131 940 2199 οὐχ
965 2133 1167 2185 ὁποίων
1179 2134 1246 2186 ἂν
1267 2135 1525 2207 εὐποροίη
1552 2140 1817 2210 ἀφορμῶν

234 2215 295 2277 ἐς
324 2217 422 2286 τὴν
448 2217 545 2270 τοῦ
573 2221 758 2288 λέγειν
777 2227 1138 2297 παρασκευήν
1158 2242 1172 2258 ο
1191 2227 1305 2279 ἀλλ’
1326 2229 1530 2293 ὁπόσας
1557 2232 1622 2284 ἂν
1648 2231 1818 2299 ἁγίων

234 2309 329 2361 καὶ
355 2310 471 2373 οἵας
507 2310 574 2364 ἂν
617 2315 946 2384 παραλιπὼν
972 2320 1324 2389 συμμαχίδας
1348 2325 1587 2396 γραφὰς,
1621 2325 1824 2394 μέρους

235 2399 537 2470 λαόὁμενος
583 2404 927 2475 βραχυτάτου
949 2413 1044 2462 καὶ
1074 2412 1426 2480 ἀποχρῶντος
1463 2415 1601 2484 πρὸς
1646 2415 1814 2470 ἔνδειο

235 2491 320 2556 ξιν
366 2494 462 2562 τῆς
487 2497 593 2548 τῶν
617 2498 826 2569 ἐχθρῶν
863 2503 1196 2572 ἀρρωστίας,
1220 2505 1602 2575 ἀπαλλαγῆναι
1628 2507 1825 2576 γένοιτ’

231 2584 270 2637 a
303 2589 393 2638 νὲν
415 2589 628 2659 βραχεῖ.

1915 1977 2070 2018 cesso
2117 1971 2222 2026 est,
2276 1965 2402 2030 quia
2450 1961 2584 2032 quid
2636 1963 2975 2031 prmcipuum
3029 1970 3195 2025 atque
3242 1961 3501 2014 idoneum

1916 2054 2225 2125 proferant,
2272 2054 2501 2109 minime
2551 2055 2797 2126 reperire
2853 2064 3087 2124 possunt
3117 2071 3128 2106 :
3163 2069 3251 2108 me
3292 2067 3425 2107 vero
3472 2067 3502 2105 e

1916 2163 2112 2216 magna
2164 2146 2484 2202 dillicultate
2534 2148 2591 2202 in
2627 2164 2880 2217 magnam
2933 2147 3308 2202 difficultatem
3365 2160 3502 2199 nova

1916 2239 2151 2310 quadam
2193 2250 2248 2294 et
2291 2239 2575 2310 inopinata
2621 2241 2834 2294 ratione
2882 2241 3185 2310 conjiciunt
3232 2254 3406 2296 arma,
3445 2245 3505 2289 nt

1927 2333 2006 2388 ita
2038 2333 2254 2402 loquar,
2286 2333 2467 2388 omnis
2496 2333 2738 2402 generis,
2773 2333 2962 2395 hastze,
3003 2347 3190 2392 arcus,
3231 2331 3356 2390 tela.
3383 2347 3504 2399 qua:

1925 2421 1992 2477 ad
2025 2422 2420 2492 expugnandos
2444 2423 2694 2478 veritatis
2721 2422 2909 2478 hostes
2942 2424 3110 2477 multa
3145 2423 3276 2475 mihi
3307 2437 3508 2492 suppe-

1925 2523 2068 2569 tuut.
2108 2514 2228 2569 Jam
2258 2514 2406 2568 enim
2439 2515 2638 2568 dixerit
2676 2516 2970 2585 quispiam,
3008 2514 3073 2568 ad
3123 2513 3386 2566 Inaximas
3417 2527 3504 2564 ne

1929 2606 2296 2661 dubitationis
2328 2608 2545 2677 1118
2575 2609 2856 2677 angustias
2898 2623 3018 2661 esse
3051 2606 3359 2667 reductum,
3392 2620 3502 2658 noa

231 2680 456 2746 quidem
513 2684 694 2752 qualia
749 2700 1037 2743 consecter
1086 2702 1429 2760 argumenta,
1475 2695 1681 2764 quibus
1738 2696 1807 2751 ad
1874 2698 2173 2755 dicendum
2209 2709 2434 2769 paratus
2464 2702 2830 2756 etaecinctus
2857 2700 3074 2754 abunde
3141 2698 3374 2752 videar:
3408 2698 3502 2751 sed

230 2773 415 2872 Ροιξυε
483 2787 618 2845 quot
655 2787 710 2833 et
778 2781 962 2850 qualia
1008 2796 1324 2840 sanctorum
1400 2788 1625 2842 Patrum
1700 2792 2036 2856 testimonia,
2091 2808 2216 2862 quae
2265 2792 2566 2863 plurimum
2622 2809 2801 2848 causa:
2861 2808 2997 2847 mea:
3059 2791 3502 2872 patrocinantur’

228 2869 511 2936 omittam;
549 2882 609 2926 ut
637 2873 916 2929 minimam
954 2893 1145 2931 eorum
1180 2891 1416 2948 partem,
1444 2896 1565 2950 qua:
1593 2881 2033 2938 adversariorum
2105 2885 2471 2940 imbecillitati
2546 2885 2992 2942 demonstrandae
3065 2899 3166 2954 par
3238 2884 3332 2950 sit,
3368 2869 3502 2937 seli-l

228 2975 386 3031 gam:
411 2971 470 3018 et
493 2963 573 3018 sic
607 2963 850 3019 breviter
875 2966 975 3023 bac
1006 2977 1139 3035 tota,
1161 2984 1325 3039 quam
1353 2973 1595 3041 suscepi,
1624 2973 2003 3043 disputatione
2029 2975 2326 3047 deiungar.

668 3332 1674 3465 ΝΙΚΗΦΟΡΟΥ
1788 3338 2140 3473 ΤΟΥ
2270 3336 3066 3471 ΓΡΗΓΟΡΑ

1050 3582 1459 3699 ΡΩΜΑ
1478 3589 1861 3700 ΙΚΗΣ
1973 3590 2681 3705 ΙΣΤΟΡΙΑΣ

1558 3812 1927 3899 ΛΟΓΟΣ
2004 3817 2076 3898 Κ
2095 3808 2178 3900 Δ’
2201 3875 2218 3895 .

785 4134 899 4284 Ν
921 4130 1826 4288 ICEPHORI
1973 4126 2943 4291 GBEGORAE

1015 4425 1893 4541 BYZANTlN/E
1999 4429 2734 4546 HlSTORl/E

962 4674 1320 4762 LIBER
1412 4671 2066 4766 VICESIMUS
2172 4671 2769 4778 QUARTUS.

857 4927 1122 4997 Grcgoraa
1164 4941 1281 4978 cum
1340 4922 1586 4977 Cabasila
1642 4932 1690 4973 et
1749 4937 2018 4989 anonymo
2079 4921 2316 4988 lheologo
2369 4921 2642 4990 disputare
2686 4925 2878 4994 pergit.

1579 5134 1804 5191 CAPUT
1846 5137 2134 5195 PRIMUM.

290 5250 372 5306 A'.
411 5249 570 5319 Ἐμοὶ
603 5247 650 5302 δ’
690 5245 719 5300 ὃ
753 5247 859 5300 κάν
885 5248 1002 5308 τοῖς
1037 5244 1278 5316 πρόσθεν
1305 5242 1567 5306 πολλάκις
1595 5244 1789 5312 δεδρα-
1823 5246 1869 5304 c

1965 5248 2191 5319 1119
2220 5248 2260 5303 l.
2301 5250 2455 5316 Quod
2479 5268 2620 5322 szepe
2667 5256 2797 5309 mihi
2833 5273 2996 5326 supra
3030 5261 3210 5315 facere
3238 5265 3492 5334 contigit,

213 5345 379 5398 κέναι
421 5342 640 5410 γέγονε,
695 5337 935 5409 μετρίων
975 5336 1063 5390 διὰ
1123 5338 1295 5406 μῆκος
1345 5337 1660 5404 ἁπτομένῳ,
1705 5338 1799 5387 καὶ
1898 5355 1903 5386 ι

1908 5349 1956 5392 ιιι
1975 5339 2045 5393 ob
2064 5358 2249 5394 rerum
2276 5344 2631 5401 dicendarum
2664 5350 3068 5406 multitudinem
3096 5371 3266 5422 pauca
3293 5359 3495 5412 solum-

214 5436 365 5496 ὅσοις
417 5430 778 5501 ἀφοσιοῦσθαι
825 5430 886 5483 τὸ
937 5430 1036 5498 τῆς
1090 5428 1354 5499 ἀληθείας
1403 5427 1604 5495 κράτος
1657 5429 1801 5497 ἐνῆν,

215 5522 382 5576 τοῦτο
409 5522 468 5575 δὲ
492 5521 770 5575 κάνταῦθα
802 5521 936 5591 δρᾷν
967 5521 1069 5574 οὐκ
1088 5520 1254 5588 ἔγωγ’
1285 5519 1351 5572 ἂν
1380 5519 1701 5588 ὀνκήσαιμι.
1740 5519 1805 5570 Τί

213 5617 327 5683 γὰρ
366 5615 448 5667 δεῖ
479 5612 784 5675 πανοπλίας
819 5611 1058 5665 ἐνταῦθα
1085 5611 1178 5663 καὶ
1209 5610 1448 5677 σπουδῆς
1478 5610 1804 5678 πολεμικῆς,

215 5708 318 5769 τῆς
337 5704 442 5758 τῶν
467 5705 692 5774 ἀγώνων
710 5705 1122 5776 παραρῤυείσης
1136 5702 1306 5774 ὥρας,
1326 5704 1421 5756 καὶ
1439 5702 1810 5771 μαρανθέντος

215 5796 312 5850 τοῦ
338 5797 778 5868 ὑπεκκαύματος,
801 5802 890 5851 καὶ
914 5797 1022 5851 τῶν
1051 5797 1170 5849 τότε
1197 5795 1730 5850 ἀντισαινόντωνκαὶ
1749 5799 1810 5850 τὸ

1902 5432 2063 5484 modo
2083 5432 2406 5500 delibarem,
2439 5449 2704 5505 quantum
2735 5456 2929 5510 nempe
2962 5443 3026 5496 ad
3061 5451 3488 5514 curnparandam

1904 5523 2153 5587 veritati,
2177 5528 2333 5596 cujus
2355 5525 2713 5586 defendenda:
2736 5532 2914 5588 oliicio
2935 5536 3290 5606 defungebar,
3317 5541 3492 5596 vieto-

1911 5616 2048 5669 riain
2081 5617 2393 5686 sulliceret;
2436 5620 2580 5675 idem
2613 5639 2698 5678 me
2727 5624 2831 5680 hoc
2871 5627 3034 5680 etiam
3069 5629 3122 5681 in
3154 5631 3273 5683 loco
3308 5633 3492 5689 facere

1918 5726 2028 5762 non
2058 5711 2288 5781 pigebit.
2313 5713 2446 5767 Nam
2476 5715 2608 5783 quid
2645 5718 2731 5771 hic
2759 5733 3036 5774 armatura
3069 5723 3324 5777 universa
3352 5743 3493 5791 ()pus

1915 5810 1997 5853 est
2043 5809 2137 5853 aut
2169 5801 2368 5858 bellico
2403 5805 2611 5871 studio,
2647 5807 2737 5862 ubi
2769 5810 2881 5880 jam
2924 5812 3242 5868 certaminis
3275 5821 3490 5875 tempus
