4218 6454
710 401 846 467 1411
1035 393 1109 466 [Α.
1150 408 1208 449 ιι.
1250 390 1412 458 6859,
1454 404 1563 445 tua.
1591 389 1645 461 4]

1872 391 2291 452 NICEPHORI
2330 388 2716 450 GREGORB

3827 377 3969 446 1412

2961 383 3096 455 [tum
3132 397 3177 437 ι.
3217 395 3507 437 cuneus.
3538 379 3594 454 5]

700 533 831 572 num
866 530 1000 569 vero
1036 514 1179 568 idem
1242 528 1366 567 cum
1420 510 1666 564 donante
1727 524 1928 562 nomen
1980 507 2183 572 habet;
2221 506 2266 560 si
2297 512 2345 569 Α

2301 512 2345 569 Α
2373 505 2434 557 τὸ
2460 504 2635 572 δῶρον
2668 502 2980 572 ὁμωνύμως
3008 501 3089 570 τῷ
3117 501 3336 565 διδόντι,
3369 501 3463 554 ιάν
3556 517 3636 562 τις
3671 501 3846 569 πρᾶος
3867 501 3967 550 καὶ

698 610 821 676 quis
850 609 1016 662 fuerit
1041 607 1189 660 mitis
1242 619 1289 660 et
1325 605 1553 658 humilis
1606 603 1794 666 corde,
1831 601 2269 655 mansuetudinis

695 704 930 760 donum.
955 716 1076 770 quae
1102 699 1198 753 Dei
1238 699 1413 766 gratia
1443 709 1548 758 est,
1596 697 1863 763 accepit.»
1929 695 1995 748 Et
2021 696 2220 746 iterum
2253 708 2266 748 :

702 794 835 848 «Ubi
864 793 1135 861 profunda
1170 792 1383 844 discere
1416 788 1673 857 mysteria
1727 801 1953 841 necesse
2016 797 2122 849 est,
2183 800 2272 837 re-

697 885 991 940 velationis
1023 896 1155 938 tunc
1203 883 1434 951 spiritus
1489 881 1822 950 appellatur.
1885 878 1984 934 Ubi
2029 880 2270 933 charitas

696 977 1018 1031 necessario
1054 986 1141 1030 est
1193 974 1468 1035 habenda,
1515 972 1805 1027 charitatis
1856 982 1990 1026 tunc
2038 969 2272 1038 spiritus

696 1081 948 1123 vocatur.
977 1068 1212 1133 Quando
1246 1081 1535 1121 necessum
1574 1073 1660 1119 est
1684 1074 1742 1118 ut
1770 1065 1922 1118 clare
1953 1073 2012 1117 et
2054 1062 2270 1131 liquido

697 1159 1182 1228 quuaturdoctor.
1214 1157 1501 1224 sapientiae
1526 1155 1760 1224 spiritus
1780 1153 2006 1207 dicitur.
2038 1152 2269 1218 Quando

699 1252 918 1306 auditor
983 1250 1364 1320 intelligenter
1415 1248 1564 1316 loqui
1634 1247 1833 1310 debet,
1894 1244 2269 1314 intelligentia:

700 1343 930 1411 spiritus
949 1341 1324 1394 nominatur.»
1347 1338 1418 1392 Et
1442 1347 1595 1392 certe
1624 1335 1758 1404 quid
1792 1349 1931 1402 opus
1953 1343 2038 1388 est
2071 1345 2129 1387 ut
2157 1334 2270 1386 sin-

698 1436 824 1503 gula
849 1434 1040 1488 sancti-
1069 1432 1238 1502 hujus
1263 1432 1443 1486 Patris
1469 1430 1640 1484 verba
1690 1443 2032 1486 recenseam.
2093 1440 2270 1494 quan-

696 1527 996 1596 doquidem
1026 1537 1141 1579 toto
1171 1525 1265 1578 illo
1287 1537 1551 1578 sermone
1584 1530 1812 1574 sanctus
1839 1517 2270 1588 Chrysostomus

695 1618 885 1672 eadem
913 1616 1188 1677 edisserit,
1222 1623 1281 1668 ut
1309 1614 1399 1674 iis,
1431 1613 1526 1681 qui
1551 1613 1735 1680 legere
1774 1610 1928 1664 illum
1968 1609 2267 1669 voluerint,

700 1706 962 1780 patebit?
1012 1705 1118 1758 Per
1149 1705 1321 1758 Deum
1385 1702 1534 1756 enim
1579 1701 1780 1770 adjuro
1824 1698 2150 1768 quemlibet,
2210 1707 2272 1750 ut

699 1800 831 1852 mihi
866 1799 1116 1852 dicturus
1145 1795 1395 1857 accedat,
1424 1809 1492 1847 an
1526 1795 1579 1846 in
1615 1795 1715 1846 hac
1739 1800 1929 1845 nostra
1967 1790 2269 1859 quaestione

2370 599 2628 660 ταπεινὸς
2659 597 2759 662 τὴν
2792 595 3043 663 καρδίαν,
3073 595 3245 663 δῶρον
3284 592 3445 646 ἔλαϐε
3487 592 3588 658 τῆς
3623 591 3964 659 πραότητος,

2372 695 2468 743 καὶ
2503 691 2621 742 ἐστι
2646 687 2781 740 Θεοῦ
2811 689 3078 756 χάρισμα.
3106 705 3123 735 ι
3160 686 3268 738 Καὶ
3296 685 3491 738 πάλινο
3519 683 3724 735 (Ome
3748 681 3825 733 δεῖ
3865 699 3968 748 μαι

2373 786 2486 836 θεῖν
2509 785 2576 836 τά
2609 782 2769 853 βάθη,
2796 781 3040 834 καλεῖται
3066 779 3285 850 πνεῦμα
3315 777 3736 844 ἀποκαλύψεως.
3777 776 3964 826 Ὀπου

2369 878 2450 928 δεῖ
2472 876 2692 945 ἀγάπην
2712 876 2882 944 ἔχειν,
2908 872 3152 925 καλεῖται
3177 871 3396 940 πνεῦμα
3418 871 3663 936 ἀγάπης.
3684 868 3865 918 Ὅπου
3883 865 3969 916 δεῖ

2372 969 2521 1037 σαφῆ
2563 967 2794 1036 λαλῆσαι
2835 967 2927 1020 τὸν
2951 964 3297 1028 διδάσκαλον,
3328 962 3572 1015 καλεῖται
3615 959 3832 1026 πνεῦμα
3873 973 3968 1008 σο⁹

2373 1065 2522 1130 φίας.
2556 1062 2730 1114 Ὅπου
2758 1059 2839 1113 δεῖ
2863 1059 3099 1128 λαλῆσαι
3131 1058 3224 1110 τὸν
3258 1056 3537 1124 ἀκροατὴν
3563 1053 3824 1114 συνετῶς,
3856 1068 3966 1102 κα-

2374 1155 2550 1206 λεῖται
2580 1151 2800 1221 πνεῦμα
2839 1151 3132 1212 συνέσεως.
3175 1168 3194 1200 ι
3228 1149 3338 1202 Καὶ
3369 1147 3423 1199 τί
3463 1148 3546 1199 δεῖ
3575 1147 3754 1200 πάντα
3785 1160 3967 1196 κατα-

2374 1245 2577 1312 λέγειν,
2604 1244 2700 1295 τοῦ
2740 1239 2944 1304 παντὸς
2969 1241 3128 1308 λόγου
3158 1240 3226 1292 τὰ
3253 1239 3344 1290 ἶσα
3373 1237 3666 1301 διεξιόντος
3691 1239 3802 1297 τοῖς
3835 1235 3970 1304 βου-

2370 1336 2616 1405 λομένοις
2666 1336 2832 1405 όρᾷνς
2891 1334 3114 1401 Λεγέτω
3149 1332 3257 1400 γάρ
3308 1347 3394 1394 τις
3447 1331 3592 1398 ἐμοὶ,
3629 1330 3767 1398 πρὸς
3795 1327 4004 1390 Θεοῦ..

2373 1427 2699 1496 παρελθὼνι,
2732 1429 2782 1480 εἰ
2808 1425 3054 1487 πλείονος
3089 1427 3165 1494 τῷ
3195 1424 3474 1493 σκέμματι
3504 1423 3584 1474 δεῖ
3611 1420 3915 1490 σαφηνείας
3943 1460 3964 1482 ,

2371 1518 2513 1572 ὥστε
2550 1519 2764 1588 μαθεῖν,
2791 1518 2853 1570 τὸ
2889 1518 2986 1588 μὲν
3019 1515 3245 1586 Πνεῦμα
3293 1515 3354 1568 τὸ
3394 1514 3554 1582 ἅγιον
3579 1509 3717 1564 εἶναι
3743 1513 3825 1575 ἓν,
3861 1512 3966 1580 τὴν

2371 1612 2626 1666 ἀκτιστον
2651 1611 2852 1683 δηλαδὴ
2891 1611 2985 1663 καὶ
3023 1609 3150 1679 μίαν
3177 1607 3341 1678 φύσιν
3370 1606 3466 1659 τοῦ
3494 1605 3664 1659 Θεοῦ⁶
3693 1605 3728 1659 ἃ
3757 1605 3814 1657 δὲ
3848 1607 3967 1667 τοῖς

2370 1707 2634 1776 κτίσμασι
2675 1704 2992 1775 χαρίσματα
3022 1702 3246 1762 δίδοται,
3289 1700 3492 1770 ἀρετὰς
3520 1699 3616 1751 καὶ
3645 1697 3795 1766 δῶρα
3845 1696 3970 1747 διαυ

2374 1816 2542 1870 φορα,
2566 1800 2665 1851 καὶ
2692 1799 2973 1866 ποιήματα
3001 1792 3190 1857 αὐτοῦ,
3209 1793 3498 1860 πνεύματα
3525 1791 3626 1859 μὲν
3648 1788 3970 1858 καλούμενα

702 1890 895 1958 majori
928 1891 1001 1943 sit
1032 1903 1176 1956 opus
1200 1885 1499 1947 evidentia,
1540 1893 1600 1937 ut
1634 1883 1913 1938 discamus
1945 1895 2114 1934 unum
2149 1880 2272 1950 qui-
2305 1872 2347 1926 Β

2305 1872 2347 1926 Β
2376 1892 2472 1944 καὶ
2517 1890 2676 1942 ταῦθ’
2720 1888 3032 1957 ὁμωνύμως
3071 1886 3170 1956 τῷ]
3197 1884 3492 1954 παρέχοντι
3523 1883 3827 1950 Πνεύματε,
3866 1882 3969 1947 οὐχ

698 1982 822 2035 dem
848 1996 968 2034 esse
996 1979 1256 2046 Spiritum
1282 1985 1552 2039 sanctum,
1611 1977 1906 2029 increatam
1943 1974 2158 2028 scilicet
2214 1983 2271 2028 et

700 2088 864 2126 unam
893 2071 990 2126 Dei
1025 2082 1275 2124 naturam
1309 2083 1488 2138 :quas
1547 2083 1680 2121 vero
1745 2066 2016 2121 creaturis
2064 2066 2271 2135 gratias

700 2166 846 2219 Deus
881 2163 1134 2231 largitur,
1197 2178 1290 2215 eas
1349 2175 1470 2215 esse
1527 2160 1783 2221 virtutes,
1843 2158 1994 2212 varia
2045 2159 2188 2211 dona
2216 2167 2273 2212 et

701 2256 874 2325 ipsius
899 2269 1104 2324 opera;
1161 2269 1283 2322 qua:
1336 2252 1565 2321 spiritus
1621 2250 1842 2319 quidem
1894 2264 2092 2304 nomen
2123 2264 2273 2304 com-

701 2363 869 2402 mune
919 2348 1157 2400 habeant
1197 2356 1339 2399 'cum
1395 2345 1510 2407 illo,
1551 2345 1644 2412 qui
1682 2358 1747 2397 ea
1789 2343 2098 2410 impertitur
2131 2358 2145 2395 :
2174 2341 2270 2396 sed

700 2455 977 2508 nunquam
1010 2438 1184 2491 sancti
1211 2436 1444 2505 spiritus
1486 2435 1855 2504 appellentur.
1907 2433 2002 2487 Ilis
2027 2447 2272 2487 consona

703 2543 852 2595 sunt,
881 2528 1002 2600 quis
1030 2529 1257 2599 Magnus
1286 2528 1519 2583 Basilius
1550 2526 1773 2581 disserit
1799 2544 1812 2579 :
1852 2546 1870 2577 ι
1901 2524 2156 2590 Quidam,
2193 2523 2276 2577 in-

704 2623 844 2692 quit,
902 2622 1161 2676 dixerunt
1209 2630 1420 2688 septem
1456 2617 1672 2690 1125
1719 2617 1837 2672 illas
1872 2618 2133 2672 mulieres
2179 2616 2272 2687 (de

705 2716 908 2783 quibus
971 2715 1042 2768 ita
1103 2714 1350 2781 loquitur
1410 2713 1578 2765 Isaias
1601 2709 2273 2780 prophetathominem

704 2822 872 2859 nnmn
899 2816 1108 2875 septem
1146 2803 1563 2874 apprehendent
1613 2803 1875 2857 mulieres
1934 2811 1992 2857 et
2040 2802 2272 2856 dicent:

705 2899 917 2954 Nomen
949 2907 1102 2952 tuum
1131 2911 1299 2966 super
1329 2911 1429 2951 nos
1453 2896 1743 2949 invocetur
1767 2895 1866 2962 Η),
1910 2903 2123 2963 septem
2154 2908 2276 2948 esse

705 2993 955 3060 Spiritus,
992 3004 1131 3059 quos
1159 2988 1320 3058 paulo
1351 2995 1473 3056 post
1525 2995 1954 3039 enumeraturus
2019 2993 2104 3038 est
2155 2998 2277 3052 pro-

708 3083 894 3145 pheta,
933 3075 1084 3134 velut
1111 3094 1278 3148 super
1305 3091 1435 3131 eum
1464 3077 1833 3145 requieturos,
1868 3075 1962 3144 qui
1995 3073 2062 3128 de
2093 3074 2276 3128 radice

703 3178 856 3231 Jesse
885 3175 1034 3229 floris
1083 3176 1138 3228 in
1195 3174 1418 3227 modum
1461 3186 1782 3242 egressurus
1814 3179 1966 3235 erat;
2020 3169 2273 3233 spiritum

703 3270 958 3324 videlicet
993 3267 1275 3336 sapientiae
1310 3276 1368 3318 et
1398 3266 1733 3326 intellectus,
1767 3264 2026 3332 spiritum
2060 3262 2275 3317 consilii

703 3373 755 3416 et
788 3361 1162 3422 fortitudinis,
1219 3359 1473 3427 spiritum
1508 3355 1755 3410 scientia:
1787 3365 1843 3410 et
1870 3353 2120 3424 pietatis,
2161 3353 2274 3421 spi'

704 3455 870 3508 ritum
905 3453 1118 3507 timoris
1141 3451 1262 3505 Dei.
1317 3450 1418 3517 Qui
1478 3449 1700 3517 quidem
1745 3450 1994 3517 spiritus,
2027 3463 2094 3501 eo
2129 3447 2276 3516 quod

703 3562 896 3600 omnes
924 3561 953 3599 a
988 3545 1317 3600 rectitudine
1373 3544 1744 3597 declinassent
1776 3553 1831 3597 et
1859 3542 2023 3596 simul
2057 3541 2278 3596 inutiles

705 3639 832 3692 facti
863 3647 1065 3700 essent,
1101 3653 1224 3692 cum
1254 3637 1364 3704 jam
1397 3636 1536 3689 nihil
1571 3636 1837 3689 haberent
1872 3635 2000 3697 loci,
2051 3634 2144 3688 ubi
2189 3636 2277 3706 ju-

705 3731 883 3784 cunde
913 3731 1325 3800 requiescerent
1350 3745 1363 3792 ;
1399 3744 1526 3782 eum
1553 3729 1646 3798 qui
1666 3728 1774 3781 fuit
1805 3729 1860 3782 in
1892 3727 2122 3781 Domino
2141 3727 2272 3781 Jesu

707 3819 983 3873 hominem
1009 3819 1450 3887 apprehendunt,
1485 3827 1542 3872 et
1575 3818 1647 3870 ita
1678 3831 2019 3885 quascunque
2071 3815 2272 3884 scripta

704 3920 836 3965 sunt
863 3911 1182 3980 adimplent.
1225 3911 1380 3963 Tunc
1401 3912 1548 3963 enim
1585 3909 1812 3962 feriatur
1844 3909 2070 3977 spiritus
2098 3907 2276 3962 scien-

707 4005 794 4058 tia:
819 4013 876 4058 et
906 4004 1145 4073 pietatis,
1182 4019 1306 4057 cum
1357 4018 1464 4056 non
1495 4013 1580 4056 est
1612 4002 1885 4071 quispiam
1937 4000 2268 4068 intelligens,

708 4109 887 4165 neque
910 4096 1182 4164 quispiam
1217 4093 1386 4147 Demn
1414 4094 1739 4162 requirens;
1797 4100 1853 4146 et
1907 4091 2063 4159 quasi
2108 4091 2272 4144 dede-

705 4204 837 4242 core
871 4188 1103 4240 virtutes
1133 4185 1462 4248 aﬂieiuntur,
1497 4199 1620 4237 cum
1653 4197 1817 4236 nemo
1863 4197 1957 4235 eas
1981 4182 2268 4261 amplecti-

2380 1985 2511 2048 ἆγια
2536 1983 2632 2034 δέ’
2667 1979 2791 2034 καθ’
2825 1981 2862 2034 ἃ
2889 1982 2916 2031 6
2950 1981 3126 2049 μέγας
3161 1976 3374 2039 τούτοις
3414 1975 3632 2044 συνᾴδει
3659 1973 3969 2031 Βασίλειος.

2381 2075 2493 2140 (I7)
2533 2091 2552 2124 ι
2578 2071 2806 2141 Εῐρηταί
2835 2089 2973 2134 τισι,
3020 2090 3040 2123 ι
3072 2070 3320 2137 φάσκων,
3352 2087 3371 2120 ι
3405 2069 3488 2119 δτι
3517 2068 3574 2118 αἱ
3606 2066 3747 2118 ἐπτᾶ
3778 2068 3974 2129 γυναῖο

2379 2183 2474 2228 κες
2495 2167 2574 2226 (αἱ
2593 2164 2670 2233 τῷ
2684 2163 2938 2235 προφήτῃ
2971 2161 3262 2230 λεγόμεναι
3282 2160 3547 2227 Ἠσαῖαοιι
3577 2156 3970 2225 Ἐπιλήψονται

2383 2256 2524 2308 ἑπτὰ
2539 2258 2799 2324 γυναῖκες
2815 2253 3108 2322 ἀνθρώπου
3128 2252 3268 2316 ἑνὸς,
3281 2251 3561 2318 λέγουσαι,
3582 2251 3654 2300 Τὸ
3673 2248 3846 2317 ὄνομα
3873 2265 3971 2298 σευ

2381 2348 2665 2418 κεκλήσθω
2688 2347 2774 2415 ἐφ’
2805 2348 2952 2417 ἡμᾶς
2981 2346 3026 2411 δ)
3049 2346 3189 2398 ἑπτὰ
3219 2343 3509 2413 πνεύματά
3533 2342 3749 2405 είσιν,ἂ
3771 2345 3974 2409 μικρίν

2380 2441 2468 2514 [Ρ.
2491 2439 2619 2512 704]
2644 2438 2870 2510 ὕστερον
2885 2440 2914 2493 6
2933 2439 3096 2502 αὐτὸς
3116 2430 3272 2499 οὗτος
3300 2437 3586 2506 προφήτης
3603 2433 3942 2502 καταριθμεῖ
3957 2460 3974 2471 -

2382 2537 2504 2591 σθαι
2526 2536 2730 2607 μέλλει,
2757 2535 2832 2598 ὼς
2858 2535 3322 2601 ἐπαναπαυόμενα
3349 2531 3442 2584 ἐπὶ
3463 2531 3553 2583 τὸν
3576 2531 3643 2582 ὲκ
3661 2528 3822 2600 ῥίζης
3839 2529 3975 2580 Ἰεσο

2382 2628 2475 2681 σαὶ
2509 2625 2753 2691 ἐξανθεῖν
2779 2626 3064 2696 μέλλοντα·
3092 2623 3309 2692 πνεῦμα
3333 2623 3525 2690 σοφίας
3555 2624 3653 2675 καὶ
3671 2623 3974 2680 συνέσεως,

2384 2725 2600 2787 πνεῦμα
2631 2719 2828 2789 βουλῆς
2866 2717 2959 2772 καὶ
2993 2719 3198 2787 ἰσχύος,
3225 2717 3444 2786 πνεῦμα
3474 2716 3731 2783 γνώσεως
3759 2717 3854 2767 καὶ
3884 2717 3982 2765 εί-

2385 2813 2623 2876 σεϐείας,
2656 2812 2875 2879 πνεῦμα
2916 2811 3085 2880 φόϐου
3115 2810 3274 2864 Θεοῦ.
3311 2811 3493 2879 ’Δπερ
3528 2808 3617 2860 δια
3644 2807 3704 2859 τὸ
3751 2808 3975 2866 πάντας

2385 2903 2652 2965 ἐκκλῖναι,
2688 2905 2783 2954 καὶ
2815 2901 2934 2971 ἅμα
2982 2901 3370 2969 ἀχρειωθῆναι,
3399 2900 3500 2952 οὐκ
3530 2898 3719 2968 ἔχοντα
3753 2892 3797 2964 ᾧ
3833 2899 3978 2950 tru-

2384 2995 2717 3047 ναπαύσεται
2749 2991 3186 3060 ἀγαπητῶς,τοῦ
3225 2993 3367 3044 κατά
3394 2991 3486 3042 τὸν
3521 2991 3723 3060 Κύριον
3755 2992 3900 3060 ανθρ
3947 3019 3978 3036 ο

2385 3104 2488 3140 που
2516 3086 2627 3156 (l8)
2651 3086 2949 3153 λαϐόμενα,
2979 3088 3124 3137 ποιεῖ
3149 3085 3215 3138 τὰ
3244 3084 3739 3152 ἀναγεγραμμένα.
3781 3087 3976 3153 Ἀρξιεί

2383 3181 2492 3248 γὰρ
2519 3179 2581 3230 τὸ
2627 3179 2846 3246 πνεῦμα
2875 3178 2974 3245 τῆς
3008 3177 3262 3244 γνώσεως
3302 3177 3396 3227 καὶ
3441 3178 3539 3245 τῆς
3584 3176 3880 3236 εὐσεϐείας
3916 3179 3976 3228 ὲν

2379 3273 2613 3340 καιροῖς,
2632 3271 2721 3322 ὅτε
2754 3271 2854 3321 οτδκ
2885 3271 3031 3320 ἔστιν
3058 3269 3086 3320 6
3108 3267 3330 3334 συνιὼν,
3363 3268 3462 3319 οὐκ
3483 3268 3630 3319 ἐστιν
3659 3270 3686 3318 ό
3715 3268 3975 3336 ἐκζητῶν

2379 3363 2474 3414 τὸν
2503 3361 2639 3413 Θεόν
2667 3377 2681 3390 ·
2721 3361 2818 3414 καὶ
2851 3361 3013 3414 οἱονεὶ
3055 3360 3254 3423 δνειδός
3304 3365 3420 3413 ἐστι
3464 3362 3586 3421 ταῖς
3638 3361 3868 3428 ἀρεταῖς
3913 3369 3975 3414 τι

2381 3453 2587 3523 μηδένα
2621 3447 2758 3504 εῖναι
2788 3450 2878 3504 τὸν
2905 3452 3270 3522 ἀντεχόμενον
3301 3451 3501 3515 αὐτῶν,
3535 3452 3649 3504 ἀλλ’
3679 3453 3849 3505 οἱονεὶ
3881 3473 3977 3524 χτ.-

2383 3544 2561 3613 ρεύειν
2595 3543 2804 3605 αὐτὰς,
2839 3543 3048 3612 ἀπορίᾳ
3081 3542 3179 3610 τῆς
3212 3540 3616 3611 ὑποδεχομένης
3650 3543 3824 3604 αὑτὰς
3863 3545 3975 3612 ίὲυ·

2379 3637 2499 3706 χῆς.
2525 3636 2596 3686 Τὸ
2617 3637 2725 3703 γὰρ
2742 3634 2944 3705 μηδένα
2963 3635 3263 3703 δυνηθῆναι
3285 3634 3425 3686 ἑλεῖν
3448 3633 3523 3703 τῷ
3540 3634 3724 3699 οέκείῳ
3751 3636 3972 3697 κάλλει,

2381 3725 2495 3777 ἀλλ’
2519 3727 2881 3794 ὲναπομεῖναι
2909 3728 2974 3794 τῇ
3002 3725 3232 3795 ἐρημίᾳ,
3257 3727 3449 3793 ὥσπερ
3480 3726 3574 3778 καὶ
3599 3726 3709 3776 τῶν
3749 3727 3976 3796 ἀρετῶν

2379 3816 2528 3869 δοκεῖ
2549 3816 2948 3870 καθάπτεσθαι.
2988 3816 3048 3869 '0
3073 3816 3119 3868 δ’
3149 3818 3207 3868 ὲν
3240 3817 3420 3886 ἑαυτῷ
3453 3819 3563 3869 πᾶν
3595 3813 3737 3879 εἶδος
3761 3819 3974 3888 ἀρετῆς

2371 3909 2512 3962 κατά
2576 3910 2673 3979 τὴν
2733 3911 2914 3980 ἄκραν
2958 3909 3238 3962 τελείωσιν
3300 3911 3672 3964 ἐπιδεικνύναι
3753 3911 3974 3978 μέλλων

2369 4003 2598 4072 ἀφαιρεῖ
2624 4003 2714 4055 τὸν
2747 4002 3055 4070 ὀνειδισμὸν
3087 4004 3183 4055 ἀπ’
3215 4003 3413 4057 αὐτῶν.
3456 4023 3475 4056 ι
3521 4004 3650 4056 Ἰδοὺ
3680 4005 3778 4055 καὶ
3805 3998 3968 4065 οὗτος

2369 4095 2466 4162 ο)χ
2494 4095 2626 4159 ἆγια
2659 4094 2950 4162 πνεύματα
2978 4094 3123 4160 λέγει
3159 4096 3340 4156 ταυτὶ,
3378 4095 3492 4146 ἀλλ’
3516 4097 3714 4162 ἀρετὰς
3750 4095 3971 4163 ἀνθρα-

2375 4185 2535 4247 πίνας
2570 4185 3032 4254 ἐπαναπαυόμενα
3071 4187 3289 4255 Χριστῴ
3324 4190 3464 4238 κατά
3499 4187 3558 4237 τὸ
3589 4185 3968 4255 ἀνθρώπινοι..

705 4290 796 4333 tur
827 4299 839 4333 :
872 4280 965 4334 sed
993 4280 1279 4333 viduarum
1308 4293 1459 4331 more
1488 4278 1694 4332 nullam
1729 4285 1962 4347 possunt
2018 4275 2265 4345 reperire
2302 4281 2566 4344 animam,
2631 4295 2752 4350 qua:
2815 4281 2961 4349 ipsas
3052 4281 3188 4334 velit
3253 4283 3553 4350 suscipere.
3606 4281 3768 4346 Quod
3799 4283 3968 4335 enim

706 4373 925 4444 propria
953 4389 1046 4425 sua
1071 4372 1481 4442 pulchritudine
1507 4386 1705 4438 caliere
1769 4371 2047 4424 neminem
2110 4370 2342 4438 possint,
2384 4372 2479 4427 sed
2511 4375 2565 4426 in
2595 4373 2897 4428 solitudine
2928 4391 3025 4428 sua
3060 4387 3434 4442 permaneant,
3468 4376 3565 4429 hoc
3600 4376 3841 4430 virtutes
3880 4392 3970 4430 re-

707 4469 1071 4529 prenensione
1096 4466 1328 4536 quadam
1357 4467 1730 4534 perstringere
1769 4464 2008 4518 videtur.
2063 4463 2267 4517 Verum
2307 4465 2402 4533 qui
2471 4481 2688 4521 omnem
2758 4467 2976 4520 virtutis
3011 4445 3062 4520 in
3094 4485 3153 4522 se
3185 4468 3426 4537 speciem
3463 4467 3530 4520 ad
3568 4483 3803 4524 summa:
3834 4487 3968 4539 per-

709 4560 960 4614 fectionis
989 4563 1172 4631 apices
1235 4571 1560 4616 ostensurus
1622 4573 1728 4626 est,
1780 4562 1829 4616 is
1891 4560 2248 4630 Opprobrium
2285 4563 2355 4614 ab
2397 4563 2483 4619 eis
2513 4563 2746 4617 aufert.»
2779 4563 2918 4618 Ecce
2951 4565 3039 4619 hic
3071 4579 3291 4633 quoque
3320 4573 3544 4618 sanctus
3573 4564 3770 4618 dortor
3799 4567 3970 4636 spiri-

710 4667 797 4708 tus
822 4656 920 4708 hos
944 4661 1060 4709 'non
1096 4666 1317 4710 sanctos
1347 4657 1583 4726 appellat
1621 4656 1874 4726 spiritus,
1923 4670 2114 4709 verum
2171 4655 2438 4710 humanas
2505 4660 2759 4722 virtutes,
2825 4675 2949 4728 qua:
3003 4659 3057 4712 in
3122 4660 3339 4714 Christo
3403 4670 3677 4729 quatenus
3733 4662 3966 4718 homine

710 4750 1075 4816 requiescant.

781 4845 869 4897 IV.
902 4845 1126 4912 Magnus
1185 4844 1311 4896 item
1351 4842 1700 4905 Athanasius,
1733 4842 1961 4912 epistola
1993 4845 2167 4912 prima
2213 4844 2279 4898 ad
2315 4849 2357 4902 D

2315 4849 2357 4902 D
2457 4843 2529 4898 A'.
2570 4847 2677 4898 Καὶ
2723 4846 2751 4897 6
2785 4847 2955 4914 μέγας
3001 4845 3046 4898 δ’
3086 4841 3240 4907 αὖθις
3301 4844 3613 4903 Ἀθανέισιος
3648 4848 3790 4915 (19),
3827 4855 3968 4920 πρὸς

709 4937 1087 5005 Serapionem,
1115 4935 1508 4988 Thmuitenum
1558 4935 1901 5004 episcopum,
1963 4937 2030 4989 de
2090 4948 2279 4990 sancto

710 5029 915 5098 Spiritu
964 5029 1212 5082 scribens
1242 5066 1256 5090 ,
1311 5036 1367 5080 et
1416 5026 1942 5082 Pneumatomachos
2001 5029 2276 5092 refellens,

782 5155 800 5185 ⁸
830 5147 932 5208 lsa.
963 5170 1036 5220 ιι,
1071 5154 1125 5218 2,
1153 5156 1208 5208 4.

2388 4939 2709 5008 Σεραπίωνα
2731 4939 2819 4989 τὸν
2851 4938 3146 4988 ὲπίσκοπον
3169 4947 3296 5006 περι
3326 4937 3417 4990 τοῦ
3447 4939 3602 5004 ἁγίου
3640 4941 3970 5008 Ιινεύματος

2388 5032 2613 5096 γραςων
2646 5029 2739 5078 καὶ
2779 5027 2904 5087 τοὺς
2938 5027 3434 5095 Πνευματομάχυυς
3471 5028 3709 5096 ἐλέγχων
3731 5071 3746 5094 ,
3797 5034 3969 5100 ἐφ’τῲ

2013 5257 2340 5316 Veriorum
2375 5265 2568 5316 noue.

785 5353 895 5419 (I7)
953 5354 1011 5406 S.
1067 5354 1228 5408 Basil.
1263 5355 1318 5408 in
1349 5372 1469 5425 cap.
1525 5373 1577 5410 tv
1610 5357 1738 5424 lsa.,
1770 5369 1900 5411 tom.
1929 5359 1971 5421 l,
2005 5375 2125 5428 pag.
2151 5360 2275 5414 9‘29.

708 5423 1045 5478 CAPI‘ERONN.

744 5497 894 5572 “iis;
934 5494 1350 5572 ‘_S_ic_0rigencs,
1381 5513 1541 5566 quem
1579 5499 1761 5572 magni
1811 5499 2048 5572 faciebat
2090 5500 2144 5552 S.
2175 5501 2275 5554 Ila.

711 5565 889 5626 silius,
927 5566 1205 5619 Christum
1236 5565 1588 5634 seel-evocat,
1627 5565 1859 5622 maxime
1899 5570 2054 5623 libris
2080 5584 2273 5623 contra

708 5635 950 5714 gelsuiu.
979 5636 1120 5714 hil‘iil
1155 5638 1228 5690 ibi
1274 5637 1634 5714 frequentius
1657 5642 2055 5714 ealocutiune,
2077 5643 2104 5692 6
2134 5645 2275 5691 κατὰ

723 5705 927 5785 ςιηςοῦν
983 5707 1284 5785 ἄνθρωπος,
1319 5705 1383 5785 id
1439 5719 1540 5785 est.
1574 5709 1810 5763 Christus
1868 5710 2276 5785 ltomo,_Christi

709 5776 1034 5848 humanitas.
1071 5776 1183 5830 Nec
1213 5778 1280 5830 ad
1316 5779 1804 5832 Nestoriamsmum
1841 5791 2017 5848 vergit
2054 5782 2166 5833 haec
2201 5787 2278 5833 lo-

711 5848 915 5912 quendi
950 5847 1203 5913 lormula,
1233 5851 1276 5902 si
1315 5859 1461 5903 recte
1491 5852 1882 5922 perpendatnr.
1918 5847 2054 5904 Nam
2090 5851 2274 5905 erce

2389 5360 2579 5414 dieunt
2627 5362 2812 5419 etiam.
2870 5362 2897 5412 6
2959 5363 3096 5414 κατὰ
3154 5362 3222 5430 μὲ
3261 5361 3432 5426 λόγος,
3484 5377 3580 5430 pro
3611 5364 3746 5430 ἐμ³.-;
3784 5365 3964 5431 λνεγες,

2387 5431 2573 5499 Itaque
2616 5432 2643 5481 6
2707 5436 2847 5481 κατά
2904 5432 3110 5497 Ἰησοῦν
3156 5433 3439 5497 ἄνθρωπος
3473 5444 3528 5486 et
3561 5433 3671 5500 ipse
3718 5435 3967 5490 Christus

2374 5502 2547 5561 homo,
2613 5500 2814 5554 Christi
2867 5503 3194 5554 humanitus.
3254 5503 3403 5558 Unde
3453 5502 3552 5555 hac
3609 5504 3805 5571 plirasi
3858 5524 3966 5561 non

2376 5586 2599 5638 prorsus
2655 5572 2837 5638 inepte
2881 5573 3053 5624 divini
3094 5573 3252 5626 Verbi
3313 5590 3436 5626 cum
3472 5573 3711 5626 humana
3765 5589 3965 5630 natura

2377 5642 2550 5696 unitio
2584 5641 2928 5709 exprimi-tur.
2962 5641 3294 5696 Cupencus.
3325 5639 3333 5648 “

2447 5714 2558 5779 (19)
2614 5714 2877 5765 Albanas.
2932 5714 3095 5780 epist.
3155 5717 3171 5767 l
3226 5715 3291 5767 ad
3341 5715 3662 5785 Serapion,
3723 5709 3864 5776 tom.
3921 5721 3961 5774 I.

2376 5780 2712 5833 Carvenoxx.

2420 5797 2712 5835 Al'l’ERONN.
