4218 6454
790 384 923 453 ιλιι)
1068 384 1141 456 [Α.
1183 401 1235 438 ιι.
1274 383 1431 441 6859.
1472 399 1576 436 me.
1622 384 1676 453 4|

1929 388 2342 462 NICEPHORI
2382 385 2764 448 GREGORE

3887 331 4030 449 mo

3051 381 3181 453 [ηερ.
3225 398 3266 436 ι.
3305 397 3591 437 cursem.
3637 381 3697 452 51

789 502 1019 558 increati
1069 480 1434 569 permanenti,
1486 499 1744 567 quoniam
1794 512 1890 551 eos
1941 498 2056 566 ipse
2114 497 2352 565 Spiritus

2463 497 2631 562 τείας.
2664 515 2682 546 ι
2730 494 2984 547 Ἀκούετε
3019 495 3293 563 γραῖδίων
3331 495 3649 561 φληνάφων,
3700 495 4030 561 αύτὸίρημα

787 603 1031 655 sanctus,
1079 600 1138 644 ut
1186 591 1399 643 innatas
1438 598 1494 643 et
1545 589 1737 643 insitas
1787 593 2174 658 operationes,
2222 587 2352 640 facit

702 748 712 757 ε
786 694 952 752 atque
1003 692 1282 751 Operatur.
1328 699 1345 730 ι
1389 679 1629 744 Auditis,
1680 688 1740 733 ut
1785 680 1960 732 dicam
2013 681 2173 749 plane
2205 677 2351 747 quod

787 793 878 832 res
913 784 1019 837 est.
1074 775 1362 843 nugaeium
1409 773 1749 825 anicularum
1795 772 2181 826 deliramenta.
2213 771 2352 826 Cum

787 869 935 924 enim
978 867 1159 936 ipsum
1193 879 1316 920 esse
1366 862 1929 917 Pneumatomaehum
1969 863 2180 932 liquido
2223 876 2355 916 con-

788 969 914 1022 stet.
945 973 1008 1012 ac
1051 955 1247 1010 deinde
1280 955 1437 1009 istam
1465 953 1884 1022 appellationem
1908 953 2150 1023 effugere
2183 967 2354 1007 cone-

788 1063 902 1115 tur,
951 1046 1584 1104 Pneumatomaehorum
1623 1043 2030 1112 improbitatem
2077 1045 2238 1112 longo
2268 1060 2357 1097 su-

790 1152 945 1212 perat
989 1139 1296 1196 intervallo.
1351 1145 1406 1190 ct
1446 1136 1708 1188 mutabile
1757 1135 1959 1188 malum
2013 1151 2070 1188 se
2114 1135 2262 1198 facit,
2294 1145 2356 1189 ut

794 1248 987 1302 nempe
1025 1231 1161 1286 clam
1216 1228 1373 1282 nobis
1419 1227 1664 1296 effugiat,
1719 1241 1818 1278 nec
1869 1226 1986 1296 ejus
2035 1226 2356 1294 improbitas

773 1335 1073 1396 .arguatur.
1107 1323 1307 1377 Verum
1354 1320 1744 1388 undequaque,
1774 1317 1918 1384 quod
1970 1331 2076 1369 non
2115 1315 2356 1368 animadé

789 1419 980 1479 vertit,
1034 1415 1136 1466 hac
1190 1411 1535 1480 potissimum
1589 1410 1980 1462 ratione-certe
2016 1416 2205 1476 captus
2251 1417 2354 1461 est.

791 1509 926 1562 Nam
957 1505 1296 1560 Palamiticx:
1327 1501 1690 1570 improbitatis
1725 1509 1904 1568 patres
1936 1499 2356 1553 Pneumatoma-

792 1602 904 1661 ehi,
949 1614 1068 1652 cum
1119 1604 1367 1648 sanctum
1418 1592 1683 1662 Spiritum
1714 1606 1832 1644 esse
1878 1591 2080 1643 factum
2113 1591 2357 1643 dicerent

794 1695 954 1754 (sicut
997 1688 1196 1743 Filium
1228 1686 1470 1739 divinum
1521 1685 1681 1737 Arius
1717 1683 1921 1737 factum
1953 1697 2072 1735 esse
2101 1681 2354 1750 dixerat),

772 1762 1105 1835 ineeessaria
1135 1777 1374 1844 quadam
1409 1774 1797 1828 eonsecutione
1828 1783 2071 1826 creatum
2115 1787 2236 1827 esse
2271 1775 2356 1842 ip-

2457 588 2646 654 φάναι,
2706 587 3021 656 ληρήματα.
3081 587 3547 654 Πνευματομάχος
3608 585 3718 653 γὰρ
3768 586 4035 652 ὑπάρχων

2458 679 2660 748 σαφὴς,
2687 679 2880 730 ἔπειτα
2909 677 3134 743 φεύγειν
3157 679 3496 746 πειρώμενος
3529 677 3790 744 τοῦνομα,
3818 680 4033 744 γίνεται

2455 770 2654 839 χείρων
2693 771 2774 821 ἔτι
2819 769 3019 836 μᾶλλον
3076 768 3301 820 ἐκείνων
3348 771 3577 837 μακροῖς
3625 786 3736 820 τισι
3775 772 4030 837 perget;-

2458 864 2550 914 καὶ
2583 861 2752 913 κακὸν
2794 860 2964 912 ποιῶν
2996 852 3189 910 ἑαυὲὶν
3222 858 3682 927 ἀλλοπρόσαλλον,
3726 859 3816 910 ῖνα
3869 859 4034 925 δῆθεν

2457 953 2696 1022 λανθάνῃ
2735 951 3126 1020 διαδιδράσκων
3173 949 3302 1009 τοὺς
3331 954 3427 1017 τῆς
3460 951 3660 1012 κακίας
3695 951 3983 1019 ἐλέγχους,
4009 952 4035 1001 ὁ

2456 1043 2514 1094 δὲ
2559 1040 2753 1109 λέληθε
2788 1040 2987 1108 μᾶλλον
3017 1039 3178 1100 αὐτὸς
3214 1038 3404 1089 ἑαυτὸν
3437 1038 3794 1105 ἁλισκόμενος
3829 1055 4036 1090 παντα-

2458 1133 2637 1203 χόθεν.
2665 1132 2730 1183 Oi.
2760 1132 2867 1199 γὰρ
2897 1131 2997 1196 τῆς
3040 1129 3204 1181 αὑτοῦ
3246 1129 3443 1191 κακίας
3502 1129 3741 1196 πατέρες
3779 1115 4038 1196 ιῖνευμα-

2457 1223 2716 1291 τομάχοι,
2746 1222 2969 1294 ποίημα,
2993 1220 3239 1286 λέγοντες
3262 1215 3402 1270 εἶναι
3427 1219 3486 1268 τι
3515 1219 3759 1286 Πνεῦμα,
3783 1220 4037 1286 καθάπερ

2479 1317 2694 1386 ’Ἄρειος
2736 1313 2826 1364 τ>ν
2873 1311 3023 1373 Υίδν,
3075 1308 3381 1370 ἀκολούθως
3422 1311 3516 1360 καὶ
3555 1312 3760 1376 κτίσμα
3787 1309 3937 1362 τοῦτ’
3983 1297 4038 1373 ἐξ

2460 1409 2705 1476 ἀνάγκης
2724 1407 2998 1472 Ἔφασκον·
3033 1404 3128 1456 ᾶτε
3161 1402 3236 1470 μὴ
3265 1402 3573 1470 δυναμένης
3613 1404 3752 1470 μήτε
3810 1403 3912 1470 τῆς
3957 1420 4038 1454 τεο

2464 1497 2657 1570 χνικῆς
2693 1499 2938 1566 μεθόδου,
2967 1496 3104 1563 μήτε
3130 1499 3363 1564 φυσικῆς
3410 1494 3520 1546 τῶν
3570 1493 3882 1562 ἀνθρώπων
3905 1495 4038 1560 γνώ-

2463 1607 2622 1652 σεως,
2637 1590 2890 1641 ἄκτιστον
2909 1588 3116 1655 ποίημα
3134 1586 3311 1651 λέγειν
3332 1586 3484 1636 ποτε.
3505 1584 3563 1636 Ὀ
3581 1585 3635 1636 δὲ
3667 1585 3834 1652 μηδὲν
3853 1586 4042 1652 αἰσχυ-

2459 1681 2683 1748 νόμενος
2723 1680 2978 1732 ἄκτιστον
3003 1679 3213 1746 ποέημα
3239 1676 3566 1745 τετόλμηκεν
3599 1677 3698 1745 ήδη
3731 1678 4042 1744 νομοθετεῖν

2461 1774 2518 1824 ὲν
2541 1775 2658 1834 ταῖς
2672 1771 2924 1838 ισχάταις
2941 1769 3164 1831 ταύταις
3189 1771 3441 1837 ἡμέραις.
3463 1769 3657 1837 Ἐχρῆν
3673 1767 3768 1820 οὖν
3786 1769 3886 1818 καὶ
3899 1769 4042 1836 ἡμᾶς

792 1885 915 1925 sum
948 1868 1307 1928 asserebant;
1342 1863 1787 1933 quandoquidem
1837 1864 1950 1916 sive
1981 1874 2095 1918 arte
2138 1879 2358 1933 compa-

2463 1865 2710 1919 ἐνταυθοῖ
2748 1865 2925 1932 σιωπῇ
2968 1866 3036 1915 τὰ
3086 1861 3309 1914 τοιαῦτα
3353 1861 3689 1930 μισήσαντάς
3737 1877 3798 1909 τε
3851 1861 3947 1910 καὶ
3981 1863 4043 1908 τά

795 1968 966 2026 ratas,
1002 1962 1118 2015 sive
1161 1974 1189 2011 a
1244 1965 1439 2010 natura
1485 1957 1676 2009 insitas
1708 1955 1990 2008 hominum
2023 1955 2364 2025 cognitiones

807 2055 1170 2115 consulamus,
1215 2052 1270 2104 id
1301 2050 1447 2120 quod
1497 2049 1698 2102 factum
1745 2057 1848 2111 est,
1903 2049 2205 2102 increntum
2253 2047 2361 2102 dici

795 2162 1077 2216 nunquam
1110 2146 1328 2214 poterit.
1363 2144 1466 2196 Sed
1521 2142 1791 2201 Palamas.
1824 2157 1986 2210 quem
2030 2143 2235 2195 nullius
2287 2141 2363 2194 rei

799 2241 986 2310 pudet,
1033 2237 1347 2292 novissimis
1399 2235 1550 2289 hisce
1600 2235 1814 2298 diebus,
1864 2235 1916 2287 id
1967 2233 2110 2302 quod
2161 2233 2363 2288 factum

796 2343 963 2393 esset,
1000 2332 1299 2384 increatum
1334 2335 1573 2381 statuere
1612 2342 1717 2379 non
1751 2327 2042 2380 dubitavit.
2076 2325 2366 2394 Oportcret

800 2426 984 2493 itaque
1035 2431 1094 2475 ut
1140 2421 1256 2474 ha‘c
1287 2418 1470 2472 omnia
1503 2432 1718 2471 summo
1753 2418 2032 2487 prosecuti
2079 2418 2206 2471 odio
2236 2418 2366 2471 sile-

799 2530 1009 2574 remus,
1061 2521 1118 2566 et
1164 2511 1462 2566 obstructis
1515 2510 1741 2562 auribus
1777 2509 1844 2562 ab
1893 2508 2176 2581 auditione
2227 2509 2366 2561 mala

765 2586 773 2593 .
799 2606 1222 2659 declinarctnus.
1244 2601 1444 2654 Verum
1471 2601 1730 2668 quoniam
1769 2602 1855 2669 (ex
1884 2615 1947 2652 eo
1973 2601 2115 2668 quod
2147 2601 2369 2670 impune

736 2718 762 2735 --
801 2699 1098 2752 mentiatur
1125 2694 1368 2748 nefarius
1398 2693 1485 2747 ille
1509 2703 1564 2746 et
1603 2701 1818 2746 suomet
1863 2691 2067 2760 1131
2103 2692 2360 2760 sutl'ragio

798 2795 976 2862 justus
1013 2788 1285 2855 Palamas)
1318 2786 1617 2854 principes,
1648 2794 1967 2853 potestates,
2007 2785 2215 2852 quippe
2254 2799 2359 2837 saa-

801 2883 1042 2938 eularem
1081 2881 1227 2932 hunc
1260 2879 1312 2930 in
1364 2876 1626 2929 mundum
1658 2875 1862 2928 habent
1909 2874 2223 2943 imperium,
2262 2874 2364 2943 ipsi

803 2976 873 3028 ob
921 2972 1248 3042 imperitiam
1303 2967 1678 3037 suppeditant.
1714 2967 1858 3020 unde
1897 2967 1964 3020 ad
2010 2967 2373 3035 simpliciores

805 3063 1160 3134 decipiendos
1184 3061 1288 3114 hoc
1312 3060 1577 3112 adversus
1597 3057 1880 3111 veritatem
1907 3067 2168 3126 tropaeum
2197 3056 2371 3126 erigat

2461 1950 2576 2009 ὦτα
2607 1955 2873 2025 βύσαντας
2901 1956 3091 2021 φυγεῖν
3111 1954 3218 2006 ἀπὸ
3241 1953 3410 2021 ἀκοῆς
3430 1953 3689 2022 πονηρᾶς.
3727 1950 3869 2002 Ἀλλ’
3902 1953 4044 2011 ἐπει,

2466 2049 2557 2120 [Ρ.
2593 2048 2722 2122 708]
2747 2049 2832 2101 διὰ
2849 2048 2941 2099 τοῦ
2965 2048 3262 2112 ἀνέλεγκτα
3283 2047 3578 2114 ψεύδεσθαι
3603 2044 3796 2097 τοῦτον
3826 2045 4044 2098 ἀνόσιόν

2467 2160 2526 2194 τε
2573 2143 2668 2194 καὶ
2715 2143 3228 2208 αὺτοχειροτόνητον
3263 2140 3495 2201 δίκαιον,
3535 2139 3594 2190 αῖ
3640 2155 3697 2188 τε
3747 2139 3922 2205 ἀρχαὶ
3954 2136 4044 2188 καὶ

2466 2235 2711 2300 ἐξουσίαι
2769 2233 2862 2286 καὶ
2898 2235 2945 2284 οἱ
2979 2231 3071 2283 τοῦ
3111 2233 3307 2292 αἰῶνος
3341 2230 3555 2283 tom-ou?-
3587 2233 4044 2300 κοσμοκράτορες

2467 2327 2801 2398 χορηγοῦσιν
2842 2327 2989 2396 αὑτῷ
3019 2328 3083 2378 δι’
3121 2326 3366 2392 ἀμαθίαν
3412 2327 3676 2394 τρόπαιον
3705 2327 3872 2377 τοῦτο
3906 2343 4042 2376 κατα

2466 2421 2561 2488 τῆς
2589 2418 2848 2488 ἀληθείας
2889 2420 3124 2488 ἐγείρειν
3147 2422 3227 2480 είς
3264 2419 3474 2486 πλάνην
3493 2419 3602 2471 τῶν
3625 2417 4044 2485 ἁπλουστέρων·

2467 2513 2683 2581 ἀνάγκη
2705 2514 2802 2564 καὶ
2831 2513 2980 2580 ἡμᾶς
3013 2512 3264 2564 ἐνταυθοῖ
3291 2513 3590 2580 γρηγορεῖν
3619 2527 3678 2561 τε
3706 2509 3828 2578 ἅμα
3861 2512 3959 2563 καὶ
3989 2511 4046 2558 τὸ

2467 2603 2569 2671 τῆς
2595 2602 2854 2672 ἀληθείας
2878 2602 3356 2670 ἀναλαμϐάνοντες
3395 2581 3547 2668 ξίφος
3582 2601 3873 2670 παρῂσία
3901 2607 4045 2652 κατά

2469 2695 2564 2746 τοῦ
2597 2695 2828 2762 ψεύδους
2859 2694 3129 2755 ἐλαύνειν,
3170 2697 3229 2746 τό
3261 2711 3321 2760 γε
3347 2696 3477 2762 ἡμῖν
3509 2697 3753 2761 ἐφικτὸν,
3776 2693 3926 2746 ὅπλα
3959 2697 4051 2744 καὶ

2470 2787 2648 2852 τεῖχος
2675 2785 3023 2850 ἀκροπόλεως
3066 2784 3287 2852 ἰσχυρὸν
3314 2801 3361 2834 r;
3381 2801 3404 2845 ς
3428 2785 3703 2852 ἡμετερας
3745 2786 3866 2844 τοῖς
3892 2783 4051 2850 ὀρθο-

2471 2876 2640 2939 δὸξις
2673 2877 2892 2945 γραφὰς
2924 2879 3313 2944 παρεχόμενοι,
3333 2877 3366 2941 ἢ
3388 2877 3591 2943 μᾶλλον
3621 2878 3719 2938 τάς
3747 2877 3863 2928 τῶν
3892 2878 4052 2928 θείων

2472 2965 2706 3035 Γραφῶν
2771 2968 3104 3034 μαρτυρίας,
3170 2965 3257 3016 ἵνα
3323 2966 3399 3033 μὴ
3474 2968 3611 3034 ἀκοῇ
3678 2970 3937 3035 σκοτεινῇ
3996 2985 4051 3017 τε

2475 3061 2570 3112 κα)⁵
2602 3059 2848 3127 ἀλαμπεί
2886 3058 3452 3127 κατακολουθήσαντες
3492 3060 3572 3120 είς
3614 3058 3897 3127 βάραθρον
3924 3063 4051 3111 ἐαυ-

803 3169 858 3212 et
889 3164 1112 3217 statuat,
1157 3166 1382 3206 necesse
1412 3159 1495 3203 est
1525 3161 1586 3202 ut
1639 3150 1726 3202 hie
1760 3149 1923 3201 etiam
1976 3149 2286 3217 vigilemus,
2313 3158 2358 3202 et

2473 3153 2599 3214 τοὺς
2648 3152 3033 3218 συνωθήσωσιν
3081 3150 3378 3212 ἀπωλείας.
3428 3150 3579 3201 Ἐπεὶ
3627 3154 3734 3219 γὰρ
3780 3153 4055 3211 τοσαύτας

810 3253 1152 3314 assumptum
1201 3240 1450 3294 veritatis
1484 3254 1669 3292 ensem
1719 3238 1893 3292 libere
1935 3239 1990 3292 in
2020 3237 2366 3292 mendacium

810 3349 1132 3393 exseramus
1169 3343 1246 3398 et,
1284 3341 1548 3402 quantum
1593 3333 1646 3384 in
1678 3331 1836 3384 nobis
1879 3331 2005 3394 erit,
2040 3330 2366 3400 adigamus:

807 3445 959 3485 arma
991 3426 1197 3497 pariter
1251 3432 1306 3476 et
1349 3437 1574 3476 aeneum
1609 3423 1750 3476 arcis
1783 3437 1999 3476 murum
2049 3423 2371 3479 orthodoxis

808 3521 1169 3592 praebeamus,
1197 3524 1381 3568 nostra
1413 3513 1664 3567 videlicet
1708 3513 2017 3583 conscripta
2047 3529 2235 3584 opera,
2272 3529 2368 3568 seu

809 3615 993 3684 petius
1023 3621 1300 3664 sacrarum
1343 3607 1750 3676 Scripturarum
1801 3607 2110 3660 testimonia
2146 3625 2160 3672 ;
2189 3622 2258 3661 ne
2290 3608 2367 3661 illi

808 3699 1204 3754 tenebricosam
1231 3705 1284 3750 et
1309 3695 1654 3762 caliginosam
1686 3693 2019 3748 auditionem
2043 3705 2366 3762 sequantur,

807 3792 997 3859 sicque
1033 3804 1091 3842 se
1127 3790 1270 3856 ipsos
1300 3787 1352 3839 in
1391 3786 1715 3855 perditionis
1741 3786 2012 3855 gurgitem
2045 3788 2365 3857 conjiciant.

808 3887 944 3938 Cum
974 3883 1122 3936 enim
1153 3889 1249 3944 tot,
1285 3889 1432 3933 tanta
1468 3887 1523 3932 et
1564 3879 1709 3943 talia,
1744 3877 1893 3947 prius
1923 3880 2144 3948 quidem
2189 3882 2241 3934 in
2275 3897 2372 3934 uo-

809 3985 940 4035 stris
970 3980 1258 4034 invectivis
1283 3988 1336 4032 et
1368 3978 1777 4042 Antirrhetieis,
1813 3993 1959 4033 nunc
1983 3989 2164 4034 autem
2201 3981 2252 4033 in
2281 3995 2368 4045 ea,

810 4091 972 4145 quam
1013 4073 1285 4134 audiistis.
1319 4072 1688 4139 disputatione
1716 4073 2031 4125 testimonia
2071 4073 2172 4141 ipsi
2215 4075 2374 4129 Pala—

813 4180 910 4216 mze
937 4161 1279 4231 protulerim,
1303 4175 1404 4213 nec
1442 4170 1618 4213 tamen
1643 4161 1800 4228 plene
1835 4161 1960 4214 huic
1984 4164 2372 4230 persuaserim,

821 4269 877 4308 ut
936 4257 1009 4318 id,
1043 4254 1186 4322 quod
1238 4254 1438 4305 fartum
1474 4261 1588 4311 est,
1621 4253 1843 4305 minime
1884 4255 2126 4305 omnium
2164 4255 2375 4308 increa-

813 4360 928 4400 tum
971 4362 1090 4399 esse
1147 4360 1306 4413 posse
1358 4344 1721 4413 intelligeret:
1778 4345 2008 4413 agedum
2056 4345 2122 4398 de
2177 4357 2377 4400 caetero

815 4441 1042 4496 clariora
1097 4448 1153 4492 et
1205 4437 1340 4506 ipsis
1388 4437 1712 4501 fossoribus,
1760 4448 1816 4490 ut
1866 4438 1939 4491 ita
1995 4439 2194 4504 dicam,
2250 4450 2375 4492 nota

2481 3245 2630 3312 αὐτῷ
2661 3246 2755 3296 καὶ
2781 3243 3038 3305 τοιαύτας
3086 3242 3206 3309 ἐγὼ,
3233 3245 3592 3316 συμφορήσας
3623 3246 3898 3313 πρότερον
3956 3249 4055 3316 μὲν

2480 3336 2569 3388 διά
2598 3351 2657 3386 τε
2694 3334 2802 3386 τῶν
2837 3335 3264 3404 στηλιτευτικών
3301 3335 3530 3386 ἐκείνων
3582 3339 3676 3386 καὶ
3714 3337 4049 3407 ἀντιρῤητι-

2481 3426 2613 3488 κῶν,
2649 3427 2744 3478 καὶ
2775 3425 2840 3478 αὖ
2864 3426 2931 3477 δι’
2972 3421 3044 3478 ὧν
3070 3427 3361 3494 ήκηκόειτε
3398 3425 3514 3492 νῦν,
3547 3429 3647 3480 οὑκ
3679 3430 4047 3500 ὲμπέπληκα,

2481 3519 2601 3571 οὺδέ
2634 3535 2696 3586 γε
2728 3520 2971 3570 συνιέναι
3012 3519 3272 3581 πέπεικα,
3303 3520 3563 3571 ἄκτιστον
3593 3521 3802 3588 ἦκιστα
3830 3526 4052 3576 πάντων

2483 3605 2624 3663 εἶναι
2657 3611 2871 3679 ποίημα
2893 3625 2906 3639 ο
2937 3611 3066 3680 φέρε
3098 3610 3286 3661 λοιπὸν
3338 3611 3690 3680 σαφεστέρων
3741 3615 3934 3677 τινῶν,
3967 3619 4056 3668 καὶ

2481 3705 2662 3764 αὐτοῖς
2698 3702 2991 3769 γνωρίμων
3043 3703 3217 3752 εἰπεῖν
3244 3703 3636 3764 σκαπανεῦσιν,
3669 3703 3946 3772 ἁψώμεθα
3977 3708 4059 3758 λε-

2483 3811 2615 3862 γων.
2655 3793 2911 3862 Ἐνδηλον
2966 3798 3073 3860 γαρ
3127 3792 3298 3854 δήπου
3355 3795 3464 3854 τοῖς
3521 3793 3683 3857 ὅλοις,
3724 3795 3802 3856 ὡς
3843 3797 3908 3847 τὸ
3965 3798 4058 3863 τῆς

2484 3890 2721 3950 πίστεως
2755 3887 2910 3956 ἡμῶν
2945 3889 3094 3956 ἱερὸν
3126 3886 3425 3954 Σύμϐολον,
3477 3890 3532 3938 ἐν
3569 3889 3803 3956 ἡμέραις
3852 3891 4056 3950 πάσαις

2483 3982 2578 4032 καὶ
2607 3979 2780 4042 νυξὶν,
2819 3979 3082 4047 ὁμολογία.
3137 3980 3304 4030 πᾶσιν
3332 3979 3631 4047 ὀρῖλοδοξοις
3664 3984 3820 4049 κοινῇ
3859 3986 4054 4050 περιά-

2482 4075 2632 4124 δεται
2673 4073 2852 4137 πάντη
2901 4069 3171 4137 διηνεκὲς,
3220 4074 3276 4122 ἐν
3323 4070 3540 4140 κώμαις
3567 4072 3684 4139 ἅμα
3729 4077 3828 4126 καὶ
3867 4076 4054 4126 πόλεσι

2486 4165 2580 4216 καὶ
2613 4163 2901 4232 σπηλαίοις
2950 4161 3045 4212 καὶ
3074 4162 3225 4229 ὄρεσι
3274 4164 3390 4224 καὶ,
3422 4164 3728 4232 συλλήϐδην
3763 4167 3966 4229 εἰπεῖν,
4001 4170 4055 4215 ἐν

2488 4259 2637 4326 πάσῃ
2671 4272 2735 4322 γε
2780 4259 2844 4324 τῇ
2869 4257 2937 4324 γῇ
2969 4255 3062 4306 καὶ
3091 4256 3196 4322 ὅπη
3227 4255 3325 4322 τῆς
3362 4255 3535 4321 ὑγρᾶς
3563 4255 3746 4317 οὐσίας
3790 4258 3974 4327 διήκει
4001 4259 4060 4308 τὸ

2489 4349 2689 4417 ῥᾴδιον.
2728 4349 2881 4416 Ἔχει
2923 4347 2979 4399 δὲ
3037 4345 3240 4407 οὕτως’
3276 4365 3294 4396 ι
3323 4347 3658 4416 Πιστεύομεν
3684 4351 3764 4410 εἰς
3791 4350 3890 4402 ἕνα
3932 4351 4061 4403 Θεὸν

2497 4440 2717 4508 Πατέρα
2768 4440 3210 4508 παντοκράτορα,
3253 4441 3485 4510 ποιητὴν
3514 4441 3748 4511 ούρανοῦ
3803 4445 3903 4494 καὶ
3938 4444 4058 4510 γῆς,

813 4537 979 4589 verba
1008 4547 1357 4600 nsurpemus.
1391 4528 1659 4584 Omnibus
1684 4531 1884 4599 quippe
1935 4543 2127 4584 notum
2159 4543 2263 4596 cst,
2293 4549 2358 4585 sa

2464 4534 2702 4601 -ὀρατων
2736 4551 2796 4584 τε
2827 4535 3050 4586 πάντων
3084 4538 3176 4587 καὶ
3208 4536 3477 4602 ἀοράτων,
3511 4537 3698 4594 καιείς
3724 4535 3822 4584 ἕνα
3859 4537 4061 4601 Κύριον

814 4645 966 4701 crum
1023 4628 1146 4679 lidei
1200 4635 1399 4678 nostra:
1445 4622 1784 4691 Symbolum,
1821 4622 2014 4676 diebus
2067 4624 2278 4676 eunetis
2327 4635 2383 4678 et

816 4722 1093 4781 tractibus,
1125 4717 1402 4770 communi
1433 4714 1677 4767 omnium
1707 4715 2132 4767 ortliodoxorum
2166 4716 2381 4768 confes-

821 4815 973 4866 sione
1002 4811 1206 4877 ubiquc
1235 4809 1461 4876 jugiter,
1499 4808 1551 4858 in
1587 4808 1760 4875 pagis,
1796 4806 2049 4870 urbibus,
2100 4809 2381 4860 montibus

818 4914 873 4958 ct
931 4904 1230 4971 speluncis,
1288 4911 1486 4966 atque,
1543 4907 1600 4950 ut
1659 4913 1768 4950 uno
1827 4897 1997 4951 verbo
2054 4899 2382 4964 complectar

820 4996 1023 5054 omnia,
1061 4994 1115 5044 in
1151 4992 1401 5044 universa
1437 4999 1598 5048 terra.
1656 4997 1710 5042 et
1754 5003 2078 5056 quacunque
2116 5005 2382 5057 aquarum

818 5098 1012 5140 natura
1057 5083 1214 5136 facile
1257 5081 1528 5150 pervadit,
1561 5079 1859 5132 decantari.
1895 5079 2068 5132 Porro
2105 5081 2185 5133 sic
2217 5081 2383 5134 habet

820 5176 963 5234 istud
1009 5176 1368 5248 Symbolum:
1418 5193 1436 5224 ι
1470 5173 1756 5227 Credimus
1787 5175 1838 5226 iu
1907 5188 2074 5225 unum
2142 5175 2308 5227 Deum

820 5275 1014 5325 bttium
1047 5269 1290 5322 omnium
1321 5278 1376 5319 et
1403 5265 1760 5317 invisibilium
1798 5283 1811 5329 ;

2385 5175 2594 5230 Patrem
2623 5179 3073 5247 omnipotentem,
3115 5180 3377 5235 faetorem
3406 5180 3528 5234 caeli
3575 5190 3631 5232 et
3683 5189 3866 5243 terrae,

1874 5275 1930 5317 et
1988 5269 2042 5319 in
2075 5282 2240 5318 unum
2308 5267 2597 5322 Dominum
2641 5271 2825 5324 Jesum
2867 5272 3168 5335 Christum,
3196 5273 3406 5342 1132
3446 5271 3638 5324 Filium
3686 5272 3784 5324 liei
3814 5271 4063 5341 unigeni-

2503 4625 2710 4689 Ἰησοῦν
2734 4625 3004 4694 Χριστὸν,
3041 4627 3132 4677 τὸν
3173 4626 3298 4677 Υίὸν
3323 4627 3416 4676 τοῦ
3464 4625 3598 4676 θεοῦ
3633 4626 3724 4676 τὸν
3771 4627 4059 4692 μονογενῆ,

2489 4720 2844 4788 γεννηθέντα,
2887 4722 2948 4772 οὑ
2996 4720 3309 4788 ποιηθέντα,
3341 4719 3627 4789 ὁμοούσιον
3655 4719 3732 4786 τῷ
3765 4720 3965 4786 [lu-pi,
3995 4718 4064 4768 δι’

2487 4803 2551 4860 οῦ
2581 4811 2648 4861 τὰ
2685 4812 2862 4863 πάντα
2897 4811 3136 4877 ἐγένετο.
3167 4831 3183 4860 ι
3239 4811 3434 4877 ὐρᾶτε
3469 4812 3584 4872 πῶς
3615 4810 3826 4863 ἄνωθεν
3852 4812 3951 4861 καὶ
4004 4810 4061 4871 ἐξ

2487 4901 2659 4970 ἀρχῆς
2696 4905 2806 4962 τοῖς
2844 4902 3010 4963 θείοις
3039 4905 3349 4970 ἀναιρεῖται
3378 4904 3622 4971 Πατράσι
3643 4904 3949 4971 διαρρήδην
3986 4905 4059 4963 τὸ,

2490 4995 2704 5059 ποίημα
2745 4987 2884 5043 εἶναι
2932 4995 3023 5044 τὸν
3052 4991 3120 5044 δι’
3153 4987 3213 5046 οὗ
3252 4997 3320 5045 τὰ
3350 4995 3532 5045 πάντα
3565 4993 3888 5060 πεποίηται.
3937 4994 4056 5044 Γεν-

2488 5084 2721 5151 νηθέντα
2755 5085 2860 5154 γάρ
2886 5102 3073 5155 φησιν,
3101 5088 3161 5138 ού
3197 5088 3516 5155 ποιηθέντα.

3939 5193 4062 5232 νιει-

823 5383 958 5430 tunt,
981 5365 1245 5434 genitum,
1268 5378 1375 5414 non
1409 5361 1632 5425 factum,
1661 5361 1803 5414 Patri
1829 5363 2381 5421 consubstantialem;
2418 5382 2514 5434 per
2538 5384 2699 5436 quem
2729 5369 2910 5420 omnia
2977 5367 3112 5422 facta
3160 5379 3309 5424 ευιιι,
3357 5389 3372 5419 ,
3409 5368 3617 5421 Videtis
3683 5377 3741 5420 ιη
3773 5369 3886 5436 iam
3941 5366 4060 5420 inde

819 5463 888 5514 ab
940 5461 1096 5512 initio
1140 5460 1307 5512 divini
1362 5462 1549 5514 Patres
1597 5461 1798 5515 Nemini
1848 5462 2027 5526 illum,
2078 5479 2172 5530 per
2221 5479 2384 5529 quem
2424 5471 2604 5518 omnia
2639 5466 2861 5519 fuerunt
2925 5467 3090 5533 facta,
3155 5467 3355 5521 factum
3399 5482 3520 5520 esse
3548 5467 3751 5520 diserte
3788 5467 4057 5534 negarint.

818 5556 1072 5610 Gmnitum
1105 5554 1250 5605 enim
1285 5554 1555 5619 inquiunt,
1589 5569 1696 5608 non
1725 5556 1950 5606 laetum.

892 5647 1028 5700 Vill.
1071 5648 1176 5700 Sed
1209 5657 1265 5700 et
1306 5663 1533 5715 ntztgltua
1558 5649 1888 5702 Athanasius
1923 5650 1974 5700 in
2007 5648 2200 5717 prima,
2222 5666 2384 5719 quam

825 5740 889 5791 ad
928 5739 1278 5806 Serapionem
1311 5739 1660 5808 conscripsit,
1692 5741 1922 5808 epistola
1966 5741 2078 5793 haec
2105 5743 2382 5814 edisserit,

823 5850 842 5881 ι
876 5831 933 5882 lu
968 5831 1088 5894 hoc,
1122 5830 1319 5899 inquit,
1381 5833 1606 5901 (Spuitu
1664 5835 1942 5901 videlicet)
2009 5834 2244 5888 Verbum
2299 5850 2394 5891 rcs‘

2566 5651 2648 5703 H'.
2698 5653 2857 5705 Ἀλλὰ
2903 5655 2994 5704 καὶ
3041 5655 3068 5705 ὁ
3122 5655 3296 5720 μέγα(
3343 5653 3662 5713 Ἀθανὰσιος
3701 5655 3759 5702 ἐν
3823 5659 3890 5724 τῇ
3929 5659 4058 5727 πρὸς

2489 5745 2817 5810 Σεραπίωνα
2870 5745 3062 5815 πρώτῃ
3096 5744 3224 5796 τάδε
3256 5745 3510 5810 διέξεισιν
3545 5747 3841 5818 Ἐπιστολῇ
3869 5766 3883 5778 ·
3927 5769 3945 5801 ι
3977 5752 4058 5802 Ἐν

2487 5839 2682 5905 τούτῳ,
2717 5856 2733 5886 ι
2779 5838 3003 5905 φάσκων
3034 5837 3130 5905 (τῷ
3164 5836 3437 5905 πνεύματι
3461 5837 3715 5906 δηλαδή),
3756 5860 3774 5890 ι
3813 5845 3911 5910 τὴν
3945 5845 4054 5893 ιτε-
