4218 6454
696 352 818 432 MS]
989 351 1063 420 lit.
1107 366 1173 406 ιι.-
1208 351 1498 416 6859,ικο.
1539 353 1595 424 41

1878 359 2308 416 NICEPHORL
2333 356 2707 415 GREGORE.‘

3004 350 3138 420 intr.
3183 365 3222 399 ι.
3268 365 3557 402 (ΑΝΥΔΕΕΖ.
3595 349 3652 419 5}

3801 351 3940 414 ιλιι

689 476 832 538 quod
860 481 1199 538 assumptum
1231 473 1283 524 in
1323 473 1495 527 caelos
1525 487 1724 539 corpus
1759 473 1884 525 inde
1917 473 2216 526 descendat
2243 513 2256 533 .
2287 473 2334 530 Δ

2287 469 2422 532 Αέξ
2481 469 2715 532 οὐρανοῦ
2761 468 3114 536 κατέρχεται,
3165 466 3277 516 ἀλλ’
3331 465 3416 516 ὅτι
3473 465 3637 526 αὐτὸς
3697 468 3724 514 6
3769 465 3943 529 ἄρτος

690 561 786 617 sed
817 562 943 628 quia
969 561 1085 629 ipse
1118 563 1274 630 panis
1301 572 1356 615 ct
1393 565 1578 616 vinum
1631 565 1918 634 in‘corpns
1950 576 2004 619 et
2037 564 2256 632 sangui-

693 667 816 705 nem
844 652 1055 716 Christi
1077 665 1501 709 convertuntur.
1534 657 1589 709 Si
1633 665 1814 711 autem
1846 674 2081 726 quaeras,
2119 674 2256 727 quo-

693 743 853 796 modo
886 744 1000 797 hac
1028 746 1178 811 fiant,
1206 747 1338 800 satis
1372 747 1469 800 tibi
1503 748 1572 800 sit
1607 750 1832 810 audire.
1862 766 1961 819 per
2003 764 2254 806 sanctum

694 833 956 899 Spiritum
997 837 1107 887 haec
1136 835 1272 889 ﬁeri.
1322 857 1338 888 ι

763 923 877 977 ΧΗ.
927 926 1170 990 Auditis,
1206 929 1483 996 quomodo
1515 946 1767 1000 magnum
1809 933 2065 988 Ecclesiae
2090 934 2254 987 lumi-

697 1032 826 1068 nare
879 1033 987 1071 non
1046 1021 1423 1088 operationem
1478 1022 1786 1077 substantia
1839 1041 2066 1080 vacuam
2131 1038 2185 1081 et
2227 1044 2255 1081 a

694 1108 879 1159 divina
925 1110 1230 1164 substantia
1268 1112 1620 1177 distinctam,
1665 1115 1759 1168 sed
1795 1119 1965 1183 ipsam
2015 1117 2257 1172 divinam

695 1199 867 1250 sancti
900 1197 1136 1266 Spiritus
1166 1203 1549 1268 substantiam,
1585 1221 1764 1274 neque
1809 1208 2069 1262 salutaris
2113 1210 2260 1263 illius

695 1289 941 1356 corporis
973 1288 1223 1359 ﬁguram,
1261 1294 1354 1346 sed
1397 1294 1568 1362 ipsum
1610 1295 1744 1349 illud
1793 1312 1994 1365 corpus
2043 1315 2142 1353 nec
2189 1299 2256 1352 ab

698 1378 789 1431 illo
842 1379 990 1432 aliud
1047 1396 1215 1442 esse.
1268 1400 1460 1452 panem
1524 1388 1955 1442 eucharisticum
2025 1401 2254 1444 asserat.

696 1470 886 1527 Porro.
917 1474 1062 1539 quod
1114 1476 1286 1544 majus
1322 1487 1425 1541 est,
1478 1494 1586 1532 non
1629 1481 1955 1549 simpliciter
1992 1499 2168 1552 neque
2203 1485 2257 1537 in

697 1569 1014 1614 transcursu
1064 1567 1250 1631 paucis
1301 1567 1416 1622 hinc
1445 1570 1627 1622 verbis
1663 1572 1932 1639 protulit:
1984 1575 2080 1627 sed
2131 1575 2260 1626 soli-

696 1653 824 1702 dum
894 1662 1056 1721 atque
1105 1656 1373 1724 integrum
1436 1659 1562 1712 libri
1604 1663 1786 1729 quarti
1850 1673 2011 1728 caput
2063 1680 2259 1728 magno

697 1743 879 1798 studio
915 1745 1054 1798 hanc
1099 1745 1151 1798 in
1205 1763 1316 1800 rem
1364 1750 1690 1813 elaboravit,
1726 1763 1780 1808 et
1823 1754 1980 1809 valde
2020 1757 2258 1823 prolian

699 1835 1214 1905 demonstrationes,
1251 1849 1362 1893 tum
1392 1857 1452 1894 ex
1487 1845 1815 1898 naturalium
1861 1863 2046 1900 rerum
2090 1863 2257 1917 penu,

701 1938 813 1980 tum
857 1932 1029 1982 sacris
1073 1946 1102 1983 e
1141 1931 1441 2001 Scripturis
1501 1937 1862 2005 deprompsit.
1911 1938 2065 1994 Tunc
2112 1942 2258 1994 enim

698 2019 936 2075 Ecclesia
965 2021 1112 2090 gravi
1145 2022 1286 2076 bello
1321 2027 1468 2078 velut
1501 2028 1708 2080 marina
1745 2039 2067 2098 tempestate
2093 2034 2262 2104 jacta-

698 2108 883 2168 batur,
935 2119 990 2162 et
1047 2110 1202 2164 valde
1247 2113 1645 2170 intumescebat
1689 2119 1907 2174 illorum
1951 2124 2119 2177 moles
2164 2123 2262 2177 llu-

701 2207 749 2255 ct
763 2213 920 2261 uum,
947 2216 1085 2269 quos
1117 2202 1599 2259 vehementissime
1616 2212 1966 2266 concitabant
1981 2214 2263 2270 lconoma-

701 2289 812 2350 chi,
847 2300 958 2342 tum
993 2291 1058 2344 de
1104 2294 1411 2361 prmdictis,
1443 2308 1557 2350 tum
1587 2300 1653 2353 de
1687 2301 1999 2357 Tbabnrico
2033 2305 2262 2372 lumine,

701 2380 1097 2450 disceptantes.
1133 2385 1267 2438 llinc
1309 2391 1514 2442 erroris
1544 2391 1947 2457 occasionibus,
1981 2411 2116 2457 quas
2163 2398 2263 2450 im-

704 2471 790 2538 pie
825 2473 1224 2537 conlinxcrant,
1255 2481 1510 2546 captatis,
1545 2481 1819 2536 haereseos
1843 2484 2269 2542 iconomacbicae

704 2547 995 2617 tumultum
1028 2566 1370 2632 excitabant,
1405 2581 1461 2623 et
1523 2572 1727 2626 domini
1769 2574 1894 2629 Jcsu
1933 2577 2265 2635 incarnatio-

703 2669 828 2710 ttem
866 2657 1364 2722 calumniabantur,
1417 2672 1475 2716 ut
1520 2677 1692 2732 supra
1746 2670 2102 2735 exposuimus
2129 2712 2142 2736 ,
2176 2670 2267 2726 ubi

704 2758 807 2801 nec
857 2761 958 2798 nos
1011 2747 1184 2816 piguit
1235 2753 1588 2819 prolixiorem
1624 2756 1724 2809 hac
1753 2758 1820 2811 de
1854 2775 1910 2811 re
1957 2775 2269 2814 sermonem

707 2835 1010 2890 instituere.
1046 2839 1201 2893 Tunc
1232 2855 1378 2897 certe
1416 2846 1766 2914 magistratus
1811 2849 2026 2919 1138
2055 2867 2269 2916 omnes,

705 2935 762 2979 et
811 2939 1037 2984 caeteras
1088 2932 1300 3001 imperii
1352 2937 1669 3004 dignitates.
1725 2940 1910 3009 hujus,
1953 2959 2073 3009 quae
2122 2945 2272 2999 velut

707 3019 933 3073 morbus
965 3031 1194 3078 cunctos
1247 3026 1532 3095 infecerat,
1566 3030 1837 3086 haereseos
1889 3035 2127 3090 ministri
2160 3037 2274 3090 dis-

2358 565 2452 616 καὶ
2484 564 2511 614 6
2556 557 2697 623 οἶνος
2736 562 3120 630 μεταποιεῖται
3153 559 3234 618 είς
3291 557 3451 624 σῶμα
3487 557 3582 607 καὶ
3629 549 3768 620 αἷμα
3797 556 3936 619 Χρι-

2359 655 2506 708 στοῦ.
2546 657 2604 707 Εἰ
2627 655 2682 707 δὲ
2715 656 2803 705 τὸν
2826 652 3023 721 τρόπον
3051 650 3329 720 ἐπιζητεῖς
3357 649 3474 710 πῶς
3509 648 3744 714 γίνεται,
3776 648 3941 714 ἀρκεῖ

2360 764 2439 800 σοι
2488 745 2718 800 ἀκοῦσαι
2773 747 2854 797 ὄτι
2883 745 2970 798 διὰ
3031 744 3349 812 Πνεύματος
3390 742 3571 810 ἁγίου.
3603 760 3622 793 ι

2430 929 2529 983 lB’.
2575 930 2849 996 Ἀκούετε,
2881 929 2997 993 πῶς
3023 930 3122 982 οὐκ
3153 928 3438 996 ἐνέργειαν
3475 925 3725 978 ἀνούσιόν
3757 943 3816 976 τε
3846 927 3944 975 καὶ

2358 1023 2612 1092 διάφορόν
2642 1041 2776 1092 φησι
2798 1025 2893 1089 τῆς
2927 1024 3076 1084 θείας
3100 1024 3286 1083 οὐσίας
3310 1023 3338 1073 ὁ
3373 1021 3543 1088 μέγας
3570 1021 3668 1087 τῆς
3709 1020 3945 1085 Ἐκκλη-

2361 1114 2482 1175 σίας
2515 1115 2760 1183 φωστὴρ,
2809 1114 2926 1166 ἀλλ’
2973 1114 3145 1182 αὑτήν
3184 1130 3247 1179 γε
3289 1114 3388 1182 τὴν
3423 1112 3577 1164 θείαν
3623 1111 3814 1164 οὐσίαν
3845 1109 3944 1161 τοῦ

2362 1205 2680 1272 Πνεύματος
2708 1223 2720 1234 ·
2751 1207 2870 1259 οὐδὲ
2899 1206 3066 1278 τόπον
3101 1206 3388 1272 γινόμενον
3437 1202 3686 1271 σώματος
3719 1203 3942 1254 ἐκείνου
3985 1276 3992 1284 .

2360 1296 2455 1349 τοῦ
2484 1298 2756 1367 σωτηρίου
2801 1301 2892 1349 τὸν
2922 1299 3108 1366 ἄρτον,
3168 1297 3285 1350 ἀλλ’
3337 1297 3469 1350 αὑτὸ
3503 1313 3566 1363 γε
3599 1297 3797 1355 ἐκεῖνο,
3848 1298 3947 1349 καὶ

2359 1389 2459 1441 οὐκ
2486 1389 2612 1441 ἄλλο
2659 1390 2891 1441 ἐκείνου.
2923 1391 3032 1441 Καὶ
3067 1390 3128 1440 τό
3161 1407 3220 1455 γε
3261 1391 3468 1457 μεῖζον,
3499 1389 3573 1450 ὡς
3618 1389 3715 1455 οὐχ
3751 1387 3944 1442 ἁπλῆς

2361 1482 2558 1532 obruat
2591 1481 2872 1550 παρῆλθεν
2905 1483 3070 1533 εἰπὼν
3105 1484 3162 1533 ἐν
3202 1481 3411 1551 βραχεῖ,
3453 1480 3568 1532 ἀλλ’
3614 1481 3736 1532 ὅλον
3765 1481 3944 1531 ποιεῖ-

2359 1589 2448 1622 ται
2477 1571 2654 1637 λόγον,
2689 1573 2782 1624 καὶ
2811 1573 2931 1624 λίαν
2961 1571 3448 1640 πεφροντισμένον,
3481 1573 3575 1623 καὶ
3607 1571 3706 1622 σύν
3736 1587 3800 1637 γε
3836 1586 3946 1637 μαι

2362 1668 2520 1733 κραῐς
2569 1665 2827 1726 ἐπιεικῶς
2875 1665 3183 1729 ἀποδείξεσι
3216 1663 3477 1732 φυσικαῖς
3504 1679 3564 1714 τε
3615 1664 3710 1714 καὶ
3738 1678 3948 1730 γραφι-

2362 1759 2507 1818 καῖς.
2569 1755 2742 1824 Πολλὴ
2777 1757 2888 1825 γάρ
2939 1774 3019 1817 τις
3072 1755 3181 1806 τότ’
3234 1750 3374 1823 ἦνή
3427 1751 3672 1803 θάλασσα
3703 1750 3814 1800 τὼν
3845 1749 3948 1817 τῆς

2376 1846 3002 1914 Ἐκκλησίας.πολέμων,
3042 1846 3135 1897 καὶ
3178 1847 3204 1898 6
3255 1843 3362 1896 τῶν
3401 1843 3662 1910 κυμάτων
3717 1841 3950 1892 ἐκείνων

2363 1938 2523 2006 ὄγκος
2557 1938 2762 2007 σφόδρα.
2797 1954 2858 2005 γε
2904 1937 3028 2006 ῷδει
3061 1937 3194 2004 πρὸς
3248 1934 3356 1987 τῶν
3384 1933 3772 2001 Εἰκονομάχων
3799 1930 3950 1981 πάνυ

2368 2031 2611 2098 σφοδρῶς
2645 2029 3160 2099 ἀναρῤιπιζόμενοε,
3201 2028 3327 2097 περί
3361 2044 3424 2093 γε
3462 2025 3526 2093 δὴ
3573 2024 3681 2075 τῶν
3709 2021 3950 2090 εἰρημέ-

2364 2142 2490 2188 νων,
2534 2125 2626 2176 καὶ
2659 2124 2794 2192 πρός
2826 2139 2889 2190 γε
2919 2121 3014 2174 τοῦ
3059 2125 3117 2172 ἐν
3147 2119 3412 2189 Θασωρίῳ
3449 2118 3627 2188 φωτός
3654 2132 3667 2147 ·
3701 2114 3786 2183 [Ρ.
3816 2111 3951 2182 712]

2365 2218 2424 2280 ἐξ
2460 2211 2534 2268 ὧν
2561 2217 2814 2286 ἀφορμὰς
2849 2217 2946 2284 οὐχ
2980 2216 3133 2276 ὁσίας
3161 2213 3595 2272 ἀναπλάττοντες
3623 2211 3728 2262 ’τόν
3753 2225 3813 2258 τε
3849 2208 3952 2273 τῆς

2365 2311 2750 2378 είκονομαχίας
2803 2308 3061 2378 ἠρέθιζον
3110 2307 3346 2375 θόρυϐον
3396 2306 3490 2356 καὶ
3525 2304 3624 2370 τὴν
3678 2302 3954 2367 ἐνσαρκον

2365 2401 2460 2454 τοῦ
2502 2402 2709 2470 Κυρίου
2746 2399 3021 2453 διέϐαλλον
3061 2400 3361 2467 παρουσίαν
3389 2413 3401 2426 ο
3443 2396 3806 2462 ὼςῄνωτέρω
3833 2389 3952 2458 (⁸54)

2368 2509 2473 2544 που
2509 2491 2831 2558 διελὰὁομεν
2872 2491 2966 2542 καὶ
2995 2492 3172 2558 ἡμεῖς,
3208 2490 3306 2540 οὐκ
3339 2484 3794 2557 ἐρῤᾳθυμημένον
3822 2481 3950 2532 τινὰ

2373 2583 2712 2653 μηκύναντες
2762 2583 2922 2650 λόγον
2952 2598 2964 2611 ·
3001 2584 3086 2635 ὅτε
3134 2582 3199 2652 δὴ
3252 2583 3348 2633 καὶ
3378 2580 3557 2639 πάσας
3610 2577 3710 2644 μὲν
3747 2574 3949 2643 ἀρχὰς,

2370 2677 2548 2738 πάσας
2578 2678 2627 2729 δ’
2683 2674 2955 2739 ἐξουσίας,
2987 2676 3034 2727 οἱ
3067 2673 3166 2742 τῆς
3215 2673 3374 2724 νόσου
3430 2669 3630 2736 ταύτης
3667 2669 3949 2735 ὑπηρέται

2369 2767 2766 2836 διενενέμηντο,
2815 2766 2909 2819 καὶ
2968 2768 3116 2816 πᾶσα
3167 2764 3388 2816 πάντων
3439 2759 3641 2829 ἅμιλλα
3689 2758 3828 2825 πρὸς
3861 2760 3954 2808 τὶν

2369 2859 2558 2924 ὅμοιον
2584 2859 2680 2924 τῆς
2712 2857 2908 2918 κακίας
2933 2856 3136 2925 ταύτης
3162 2855 3420 2906 ἐτέτακτο
3449 2853 3669 2920 δρόμον,
3701 2849 3798 2900 καὶ
3831 2865 3954 2916 σχε-

2369 2950 2458 3003 δὸν
2491 2952 2520 3002 6
2569 2949 2677 3001 τῶν
2707 2947 3007 3015 τηνικαῦτα
3065 2948 3178 3016 βίος
3218 2944 3545 3014 ἀνθρώπων,
3597 2942 3684 2994 διὰ
3733 2942 3953 3007 τρυφὴν

2373 3043 2467 3095 καὶ
2499 3041 2775 3112 βλακείαν,
2829 3043 2908 3104 είς
2936 3041 3033 3111 τὴν
3062 3039 3170 3091 τῶν
3205 3037 3502 3109 βασιλικῶν
3551 3035 3954 3100 θεσπισμάτων

710 3109 1124 3178 tribttebant,et
1155 3121 1407 3172 certatim
1441 3136 1631 3176 omnes
1659 3126 1890 3178 maxima
1917 3129 2272 3182 contentione
2299 3169 2340 3223 Ο
2375 3171 2376 3182 η

710 3202 773 3223 Α,
1089 3221 1100 3223 _
1248 3208 1261 3223 .
1363 3211 1418 3223 Α.
1587 3215 1637 3223 ..
1960 3218 1971 3223 -

2299 3169 2340 3223 C
2375 3137 2552 3188 ἔκλινε
2587 3133 2902 3195 κολακείαν,
2945 3134 3038 3184 καὶ
3069 3129 3212 3182 πάνυ
3254 3128 3476 3197 βραχεῖς
3504 3141 3648 3184 τινες
3675 3120 3841 3192 ἦσαν,
3880 3116 3957 3175 ὧν

708 3202 774 3256 ad
810 3203 1043 3258 similem
1078 3208 1377 3263 currebant
1407 3211 1848 3280 improbitatem;
1880 3218 2010 3285 quin
2039 3230 2095 3272 et
2127 3221 2272 3275 illius

708 3295 886 3350 aetatis
913 3296 1180 3358 homines.
1218 3300 1288 3354 ob
1318 3304 1440 3355 vita:
1470 3303 1698 3358 delicias
1739 3316 1794 3360 et
1822 3307 2030 3374 luxum,
2063 3325 2128 3362 eo
2160 3311 2273 3364 fere

709 3383 1050 3440 inclinabant
1079 3391 1346 3450 animum.
1383 3404 1440 3447 ιιι
1467 3399 1852 3452 sanctionibus
1903 3403 2276 3470 imperatoriis

711 3475 1092 3533 adularentur.
1146 3481 1484 3551 Supererant
1529 3491 1873 3556 paucissimi,
1906 3508 2137 3560 quorum
2184 3510 2277 3562 ge-

711 3580 945 3621 nerosus
989 3585 1051 3624 ac
1100 3571 1325 3627 liberior
1365 3576 1602 3640 animus,
1659 3579 1904 3649 itemque
1957 3583 2277 3637 ardentissi-

714 3673 836 3713 Inus
874 3661 926 3714 in
955 3663 1120 3718 corde
1153 3666 1312 3733 ignis.
1345 3682 1534 3723 contra
1576 3673 1863 3726 inimicum
1907 3675 2059 3729 illum
2097 3678 2272 3746 ignem

715 3751 934 3806 fortiter
984 3755 1381 3825 decertabant;
1435 3772 1490 3814 et
1545 3762 1646 3816 hoc
1711 3764 1763 3816 in
1827 3767 1966 3818 bello
2016 3769 2277 3835 sapientis

715 3840 944 3907 hujusce
986 3845 1084 3896 viri
1117 3850 1286 3900 sancti
1314 3849 1542 3904 Joannis
1575 3851 1897 3908 Damasceni
1930 3859 2278 3915 sermonibus

715 3947 816 3997 pro
851 3948 945 3985 sua
980 3936 1214 4004 quisque
1270 3938 1550 4007 facultate,
1601 3944 1690 3996 alii
1721 3947 1909 4010 verbo,
1959 3949 2047 4000 alii
2090 3965 2276 4017 opere,

715 4033 951 4094 utroque
1011 4027 1140 4091 alii,
1205 4032 1644 4100 opitulabantur.
1702 4040 1906 4092 [lorum
1985 4057 2126 4098 unus
2176 4043 2280 4097 fuit

717 4114 1042 4172 Theodorus
1077 4119 1335 4190 Graptus.
1366 4126 1458 4193 qui
1508 4128 1734 4181 multum
1783 4141 1892 4183 tum
1944 4134 2167 4200 scriptis
2223 4135 2277 4187 in

713 4210 1066 4269 sermonibus
1114 4215 1464 4282 sapientiam,
1515 4229 1626 4272 tum
1674 4221 1740 4273 ad
1781 4223 2134 4289 perferendas
2183 4227 2279 4279 ho-

713 4301 881 4354 stium
918 4303 1134 4360 illorum
1179 4307 1360 4376 plagas
1397 4312 1643 4380 corporis
1681 4315 2003 4381 patientiam
2050 4319 2281 4372 demon-

711 4395 932 4447 stravit.
966 4395 1119 4452 Unde
1150 4399 1301 4452 firma
1328 4410 1383 4452 et
1414 4401 1760 4469 inconcussa,
1785 4422 1906 4474 qua:
1930 4423 1958 4459 e
1982 4410 2281 4478 majoribus

2379 3227 2662 3296 ἐλεύθερον
2691 3227 2789 3294 τῆς
2821 3224 2998 3294 ψυχῆς
3053 3224 3262 3289 ὑπῆρχε
3294 3219 3354 3270 τὸ
3389 3219 3667 3286 φρόνημα,
3710 3218 3806 3266 καὶ
3841 3217 3959 3276 ἕξει

2376 3321 2435 3370 τὸ
2593 3318 2820 3385 καρδίας
2869 3314 3003 3384 πῦρ,
3041 3313 3158 3382 μεθ’
3193 3306 3252 3364 οὗ
3287 3311 3379 3362 καὶ
3415 3310 3551 3378 πρὸς
3584 3308 3642 3359 τὸ
3688 3307 3961 3373 πολέμιον

2379 3413 2554 3461 ἐκεῖνο
2584 3408 2842 3475 γενναίως
2869 3402 3364 3472 ἀντεστρατεύοντο
3412 3399 3544 3468 πῦρ,
3585 3399 3681 3449 καὶ
3711 3400 3824 3458 τοῖς
3862 3397 3951 3446 λό-

2377 3518 2491 3567 γοις
2539 3499 2632 3551 τοῦ
2689 3497 2850 3565 σοφοῦ
2910 3496 3053 3548 τοῦδ’
3102 3494 3294 3559 ἀνδρὸς
3357 3490 3693 3558 συνεμάχουν
3751 3489 3814 3539 ἐκ
3848 3505 3957 3538 των

2380 3594 2628 3655 ἐνόντων,
2655 3593 2704 3642 ol
2748 3590 2846 3658 μὲν
2881 3589 3080 3653 λόγοις,
3110 3588 3157 3638 ol
3195 3587 3239 3636 δ’
3267 3586 3472 3651 ἔργοις,
3504 3585 3549 3632 ol
3582 3581 3634 3632 δέ
3659 3580 3728 3631 δι’
3761 3581 3956 3630 ἐκατὲ-

2382 3702 2510 3753 ρων.
2546 3677 2645 3735 Ὧν
2674 3678 2753 3743 εἷς
2809 3683 2903 3733 καὶ
2933 3681 3203 3748 Θεόδωρος
3249 3673 3338 3746 ἦν,
3393 3677 3420 3726 ὁ
3453 3674 3654 3740 πολλὴν
3710 3671 3812 3739 μὲν
3853 3671 3956 3739 τὴν

2378 3774 2442 3824 ἐκ
2476 3772 2651 3838 λόγων
2676 3772 2890 3838 σοφίαν,
2926 3768 3126 3835 πολλὴν
3157 3767 3211 3818 δὲ
3258 3765 3359 3831 τὴν
3390 3763 3482 3813 τοῦ
3520 3761 3769 3828 σώματος
3809 3776 3950 3824 καφ·

2379 3863 2566 3931 τερίαν
2597 3863 2734 3932 πρὸς
2775 3864 2871 3924 τὰς
2912 3861 3023 3913 τῶν
3046 3858 3322 3924 πολεμίων
3366 3855 3593 3905 ἐκείνων
3625 3851 3841 3916 πληγὰς
3873 3853 3960 3901 ἐν·

2380 3955 2721 4022 δειξάμενες,
2761 3956 2855 4005 καὶ
2902 3953 2967 4003 δι’
3000 3949 3178 4003 αὐτῶν
3208 3949 3319 4008 τοῖς
3351 3944 3599 4005 πατρίοις
3642 3942 3703 3993 τὺ
3735 3941 3959 4008 βέὃαιον

2382 4046 2473 4096 καὶ
2519 4041 2814 4094 ἀσάλευτον
2863 4038 3228 4107 χαρισάμενος
3271 4033 3504 4100 δόγμασι
3560 4030 3619 4080 τὸ
3649 4029 3957 4095 νεμόμενον

2381 4137 2586 4186 ἔπαυσε
2612 4132 2712 4200 τῆς
2746 4131 2948 4190 κακίας
2985 4130 3219 4194 ἐκείνης.
3253 4126 3360 4178 Καὶ
3403 4126 3498 4192 μὲν
3529 4122 3590 4189 δὴ
3617 4119 3832 4171 πολλῶν
3862 4120 3956 4170 ὗν.

2382 4244 2511 4290 των,
2531 4225 2566 4278 ἃ
2584 4227 2647 4294 τῇ
2667 4224 2758 4274 τοῦ
2779 4222 2915 4273 Θεοῦ
2948 4218 3246 4286 Ἐκκλησία
3262 4215 3637 4267 καταλελοίπει
3661 4211 3956 4277 συγγράμο

2385 4335 2551 4386 ματα,
2587 4316 2768 4384 πλήρη
2803 4313 2994 4382 σοφίας
3039 4309 3466 4375 ἐπιστημονικῆς
3501 4306 3596 4358 καὶ
3639 4305 3755 4371 ἅμα
3790 4302 3833 4353 δ’
3865 4305 3960 4354 εὐ-

2385 4407 2600 4468 σεϐείας
2661 4403 2873 4474 σεμνῶς
2925 4400 3428 4470 πανηγυριζούσης,
3485 4401 3514 4449 6
3569 4398 3744 4464 μέγας
3799 4390 3960 4457 οὗτος

712 4489 1048 4555 accepimus,
1083 4491 1330 4560 dogn‘ata
1356 4496 1616 4560 servavit,
1635 4506 1688 4554 et
1718 4510 2050 4565 grassantem
2078 4502 2277 4568 ubique
2312 4521 2353 4574 ι)

2312 4521 2353 4574 ι)
2382 4499 2725 4560 διδάσκαλος,
2758 4498 2877 4548 ἔνια
2906 4496 3001 4564 μὲν
3030 4497 3121 4546 καὶ
3154 4495 3282 4561 ἡμῖν
3318 4494 3397 4552 είς
3425 4492 3524 4557 τὴν
3549 4489 3812 4555 ἀνωτέρω
3840 4491 3958 4555 (35)

717 4580 981 4634 malitiam
1028 4586 1393 4652 compescuit.
1449 4586 1618 4642 Porro
1661 4605 1889 4657 magnus
1952 4593 2037 4646 hic
2088 4594 2280 4647 doctor

713 4670 937 4732 scripsit
973 4675 1158 4740 plures
1193 4685 1248 4728 et
1281 4676 1376 4742 Dei
1412 4678 1667 4745 Ecclesia:
1709 4683 1931 4749 reliquit
1958 4684 2151 4746 libros,
2185 4687 2278 4754 qui

716 4760 940 4822 uberem
992 4767 1318 4833 sapientiam
1374 4785 1498 4824 cum
1550 4772 1780 4826 scientia
1836 4778 2182 4845 conjunctam
2225 4790 2280 4832 et

716 4853 975 4918 pietatem
1019 4869 1248 4926 augusto
1301 4862 1594 4927 Splendore
1633 4863 1825 4918 festam
1859 4870 2185 4930 continent;
2214 4886 2278 4921 ex

714 4943 914 5006 quibus
952 4949 1197 5001 nonnulli
1228 4953 1449 5018 quidem
1482 4957 1778 5009 maximum
1815 4967 1872 5010 et
1907 4961 2276 5014 necessarium

714 5039 780 5089 ad
814 5041 1156 5105 superiorem
1193 5047 1652 5099 controversianr
1685 5049 2067 5117 adjumeutum
2120 5052 2280 5106 nobis

716 5129 1056 5185 attulerunt:
1103 5143 1340 5188 attamen
1383 5137 1673 5204 perlibenti
1728 5140 1931 5203 animo,
1992 5157 2091 5194 nec
2158 5143 2277 5195 sine

2381 4610 2485 4644 που
2525 4591 2716 4658 χρείαν
2774 4587 3036 4656 μεγίστην
3087 4586 3398 4651 παρέσχετο
3449 4578 3803 4646 συμμαχίανο
3861 4584 3963 4630 καὶ

2380 4682 2473 4732 νῦν
2500 4681 2545 4732 δ’
2600 4675 2758 4738 αὖθις
2791 4677 2928 4729 κατὰ
2962 4674 3187 4742 γνώμην
3239 4672 3304 4724 ἂν
3343 4671 3426 4738 εἴη
3479 4671 3572 4721 καὶ
3615 4669 3676 4718 οὑ
3711 4667 3862 4733 μάλα
3897 4668 3963 4729 γέ

2377 4791 2458 4824 τοι
2503 4771 2668 4840 ἀηδὲς
2713 4771 2857 4836 ἐμοὶ,
2894 4768 3001 4820 τῶν
3057 4766 3267 4817 ἐκείνου
3305 4763 3521 4832 βίϐλων,
3560 4761 3634 4822 ὡς
3685 4759 3744 4821 ἐξ
3803 4761 3960 4827 ἱερᾶς

2377 4881 2520 4924 τινος
2560 4862 2894 4929 ὀπλοθήκης,
2923 4859 2982 4910 τὸ
3017 4857 3234 4925 καίριον
3275 4856 3366 4905 καὶ
3400 4855 3466 4921 τῇ
3516 4851 3765 4918 παρούσῃ
3794 4851 3962 4916 χρεία

2385 4957 2546 5009 πάλιν
2569 4953 2915 5021 ἀνειληφέναι
2948 4951 3118 5017 ξίφος.
3149 4944 3440 5016 Προτίθησι
3471 4943 3578 5011 γὰρ
3604 4945 3720 4993 ἐκεῖ
3753 4944 3822 4993 τὰ
3847 4944 3963 4993 τῶν

2387 5047 2668 5116 προέδρων
2703 5047 2799 5113 τῆς
2839 5039 3224 5110 εἰκονομαχίας
3264 5035 3533 5103 ἐναγώνια
3566 5037 3791 5103 ῥήματα
3823 5034 3962 5101 πρό·

2382 5157 2558 5208 τερον,
2590 5139 2782 5208 ἔχοντα
2816 5135 2990 5197 οὕτως

715 5223 949 5287 quadam
993 5226 1292 5294 voluptate,
1327 5243 1514 5281 rursus
1545 5245 1610 5282 ex
1650 5230 1821 5299 ipsius
1880 5232 2060 5299 libris,
2127 5249 2227 5286 ceu
2266 5248 2422 5288 sacro
2461 5247 2528 5293 ex
2593 5224 3042 5288 armamentario,
3107 5236 3256 5274 nunc
3301 5227 3660 5288 opportunam
3709 5215 3780 5267 ad
3822 5229 3968 5283 pra:-

716 5318 888 5369 sentis
921 5318 1310 5384 disputationis
1354 5321 1740 5376 necessitatem
1767 5324 2004 5391 gladium
2029 5327 2280 5379 educam.
2323 5325 2403 5378 lbi
2465 5327 2666 5393 quippe
2729 5318 2913 5373 statim
2962 5316 3218 5416 proponit
3251 5315 3441 5416 verba,
3635 5309 3791 5362 velut
3820 5309 3968 5363 clas-

719 5410 892 5463 sicum
949 5415 1201 5465 canentia
1243 5414 1596 5482 prufi-rebant
1651 5416 2134 5473 lconomachorum
2181 5423 2451 5473 Itan-escas
2481 5416 2776 5470 antistites.
2807 5413 2948 5466 Sunt
2979 5421 3159 5463 autem
3209 5408 3519 5477 Itnjusmodt
3556 5423 3569 5457 :

791 5501 928 5556 Xlll.
981 5523 998 5554 ι
1040 5504 1314 5570 Christus,
1369 5505 1584 5577 1139
1631 5508 1918 5577 inquiunt,
1969 5526 2091 5564 cum
2125 5527 2278 5564 suam

2461 5509 2561 5562 ll".
2593 5527 2610 5558 ι
2655 5504 2952 5578 Προγνοὺς,
2996 5520 3013 5550 ι
3052 5505 3236 5569 φησὶν,
3281 5519 3298 5551 ι
3336 5502 3360 5552 6
3392 5499 3620 5568 Χριστὸς
3657 5496 3748 5550 τὸν
3796 5496 3965 5548 θανα-

2063 5647 2386 5708 Variorum
2419 5653 2610 5708 uota}.

801 5773 904 5845 β-ι)
935 5773 1049 5827 Lib.
1099 5791 1203 5838 λιι,
1245 5792 1359 5843 cap.
1392 5779 1422 5829 3
1456 5789 1504 5830 et
1548 5781 1588 5831 ί.
1623 5777 1952 5830 (ἶιῐιιιειιωεκ.

2460 5773 2569 5840 (35)
2602 5770 2732 5823 Vide
2771 5768 2864 5822 lib.
2892 5782 3000 5830 xm,
3036 5780 3154 5830 cap.
3189 5763 3220 5815 ’5
3251 5772 3303 5815 et
3334 5763 3381 5815 ι.
3415 5762 3750 5816 Car-raso“.
