4218 6454
737 359 870 424 1435

1035 363 1084 430 [Α
1153 377 1207 414 ιι.
1251 362 1409 424 6:39,
1456 378 1559 415 IND.
1605 363 1658 434 6]

1931 370 2339 430 NICEPHORI
2383 372 2764 432 GREGORIE

3032 369 3165 438 [tum
3208 386 3248 422 ι.
3291 383 3581 422 caxracuz.
3627 367 3682 440 5]

3831 371 3972 435 1436

731 475 807 527 ira
839 474 1281 539 excanduerunt;
1322 486 1377 528 ct
1405 477 1572 530 veluti
1613 475 1849 545 quodam
1891 477 2075 531 furore
2103 481 2293 547 perciti
2325 482 2371 537 Α

2325 482 2371 537 Α
2402 486 2501 550 χῆς
2535 483 2810 552 ὲξερράγη
2869 482 3021 548 σφίσι
3060 482 3264 549 πυρσόν
3288 497 3302 512 ’
3340 481 3432 532 καὶ
3465 480 3652 548 ῶσπερ
3702 481 3976 548 ἐμμανεῖς

728 583 760 617 e
790 567 1006 620 duobus
1043 568 1276 620 alterum
1309 570 1623 622 necessario
1653 569 1911 639 consequi
1935 570 2293 624 asserebant:

735 678 752 708 ι
782 661 875 714 Vel
915 661 1083 718 enim.
1110 660 1449 728 inquiebant,
1489 659 1702 731 11M
1753 662 1924 714 sancti
1958 671 2105 721 sunt.
2142 669 2192 714 et
2219 664 2299 715 sic

732 750 836 802 ista
895 764 1000 800 non
1055 748 1344 813 dixerunt;
1397 749 1480 801 vel
1537 750 1635 801 ista
1670 749 1948 813 dixerunt,
1979 765 2040 804 ac
2070 750 2299 818 proinde

728 840 899 893 sancti
938 855 1042 893 non
1074 849 1221 894 sunt.
1274 839 1428 893 Absit
1465 839 1631 900 enim,
1665 849 1725 892 ut
1752 840 1994 893 dicamus
2028 856 2292 910 unquam,

731 946 837 983 non
869 946 990 985 esse
1040 931 1209 984 dubio
1263 932 1450 999 procul
1513 933 1774 995 inereata,
1811 941 1923 985 tum
1985 933 2069 985 illa
2126 931 2298 986 sancti

729 1022 966 1090 Spiritus
993 1023 1156 1088 dona,
1193 1038 1312 1091 qua:
1345 1024 1485 1076 Deus
1510 1024 1652 1077 varie
1687 1024 1986 1085 distribuit,
2023 1035 2133 1077 tuin
2177 1039 2300 1092 gra-

729 1115 832 1168 tias
885 1124 941 1168 et
978 1116 1346 1183 operationcs,
1384 1131 1519 1181 quas
1552 1116 1618 1169 ab
1672 1116 1818 1169 omni
1869 1132 1982 1169 aevo
2037 1117 2302 1170 eieatui'is

729 1205 975 1274 largitur.
1008 1206 1141 1259 Nam
1202 1207 1244 1259 si
1300 1216 1512 1261 creatas
1553 1223 1637 1258 res
1665 1206 1779 1260 dari
1821 1207 1985 1260 etiam
2019 1224 2047 1259 a
2090 1207 2198 1258 Deo
2225 1205 2303 1258 fa-

731 1309 992 1359 tereiuur,
1046 1298 1175 1366 quid
1228 1301 1429 1367 egregii
1473 1308 1669 1366 praeter
1692 1307 1886 1351 caetera
1918 1306 1972 1349 et
1999 1297 2185 1350 eximii
2221 1297 2302 1350 di-

729 1404 848 1441 vma
881 1391 1134 1458 majestas
1158 1390 1421 1443 haberet?
1449 1390 1558 1442 lloc
1584 1390 1730 1442 enim
1754 1389 1929 1440 facere
1960 1403 2177 1454 semper
2202 1387 2302 1456 ipsi

728 1483 977 1539 homines
1004 1494 1266 1551 possunt;
1297 1499 1490 1551 nempe
1518 1481 1855 1550 quibuslibet
1881 1480 2008 1533 dare
2036 1490 2304 1548 quotquot

728 1575 1056 1644 temporaria
1090 1585 1145 1628 et
1172 1591 1512 1643 qua‘cunque
1542 1583 1723 1628 creata
1751 1575 2017 1642 quispiam
2048 1572 2303 1628 voluerit.

732 1661 872 1715 Deus
907 1661 1112 1730 itaque.
1145 1677 1270 1714 cum
1301 1663 1371 1715 sit
1412 1663 1708 1720 inereatus.
1745 1676 1842 1730 par
1891 1671 1973 1713 est
2004 1671 2060 1713 ut
2096 1660 2306 1712 increa-

732 1765 778 1802 Ia
814 1752 1099 1820 largiatur.
1131 1752 1186 1806 Si
1216 1755 1340 1820 quis
1372 1762 1552 1805 autem
1587 1753 1745 1804 aliter
1795 1751 1942 1819 loqui
1978 1768 2022 1803 v-
2045 1751 2125 1804 lit.
2154 1751 2301 1802 hunc

2399 574 2676 641 γενόμενοι
2706 575 2852 625 δυοῖν
2881 572 3117 639 ἔφασκον
3146 567 3286 624 εἷναι
3319 571 3550 638 θάτερον
3584 571 3642 635 ἐξ
3681 570 3933 636 ἀνάγκης
3959 584 3972 596 ’

2399 666 2432 734 ἢ
2457 666 2587 732 γὰρ,
2613 663 2800 732 ἁγίους
2821 664 3002 727 ὄντας,
3034 663 3106 732 μὴ
3133 662 3313 727 λέγειν
3336 661 3561 714 τοιαῦτα
3582 678 3595 692 ·
3630 661 3660 729 ἢ
3688 659 3975 726 λέγοντας,

2398 757 2589 823 ἁγίους
2639 758 2740 810 οὑκ
2773 757 2839 810 ἂν
2895 750 3073 808 εἶναί·
3128 755 3248 807 οὐδὲ
3303 754 3409 822 γάρ
3461 754 3527 807 ἄν
3579 770 3708 804 ποτε
3769 755 3976 819 φαῖμεν

2401 850 2583 916 ἡμεῖς,
2615 847 2737 901 οὔτε
2768 850 2833 901 τά
2869 846 3232 915 διειλημμένα
3264 847 3576 912 πνεύματα,
3623 843 3822 896 οὔκουν
3855 843 3976 893 οὐδὲ

2399 941 2498 1001 τὰς
2529 942 2639 1003 τοῖς
2686 942 2950 1010 κτίσμασι
2993 939 3282 1007 διδομένας
3323 938 3553 1006 χάριτάς
3595 953 3654 988 τε
3696 936 3793 986 καὶ
3821 937 3978 1001 ἐνερ-

2401 1032 2554 1098 γείας
2595 1033 2659 1084 ἐκ
2704 1031 2799 1084 τοῦ
2846 1032 3044 1093 παντὸς
3089 1031 3307 1092 αἰῶνος,
3342 1030 3415 1090 ὡς
3464 1030 3564 1080 οὐκ
3595 1023 3702 1079 εἷεν
3735 1027 3885 1077 κατά
3919 1027 3978 1076 τι

2403 1123 2804 1192 ἀναμφίλεκτον
2856 1124 3109 1175 ἀκτιστα.
3162 1123 3221 1174 Εἰ
3264 1123 3372 1189 γὰρ
3423 1122 3517 1172 καὶ
3574 1121 3707 1170 Θεὸν
3774 1118 3979 1169 διδόναι

2405 1218 2599 1268 κτιστὰ
2633 1218 3073 1284 συγχωροίημεν.
3105 1215 3159 1268 τι
3205 1215 3272 1266 ἂν
3307 1215 3390 1283 εἴη
3424 1214 3484 1265 τὸ
3514 1212 3613 1278 τῆς
3661 1211 3814 1271 θείας
3847 1211 3981 1261 ὑπε-

2407 1307 2570 1376 ροχῆς
2601 1306 2920 1375 ἐξαίρετονς
2956 1305 3125 1358 Τοῦτο
3168 1306 3277 1373 γὰρ
3305 1306 3398 1356 καὶ
3449 1302 3764 1372 ἀνθρώποις
3795 1301 3978 1362 ἔξεστι

2406 1401 2582 1451 ποιεῖν
2613 1398 2721 1460 ἀεὶ,
2761 1400 2856 1450 καὶ
2901 1398 3100 1450 διδόναι
3156 1392 3236 1458 οἷς
3267 1397 3330 1450 ἄν
3377 1414 3458 1458 τις
3497 1395 3669 1447 ἐθέλοι
3705 1394 3886 1445 ὁπόσα
3915 1393 3979 1444 ἂν

2403 1489 2511 1541 τῶν
2562 1489 2916 1558 προσκαίρων
2972 1492 3066 1543 καὶ
3096 1490 3194 1542 ὅσα
3241 1489 3350 1540 τῶν
3413 1487 3732 1553 κτισμάτων
3777 1485 3977 1543 ἐθέλοι.

2405 1578 2537 1639 Θεὸς
2564 1577 2657 1630 οὖν
2686 1578 2942 1639 άκτιστος
2973 1577 3209 1630 ἀκτιστα
3234 1577 3401 1644 διδοίη
3433 1577 3497 1628 ἂν
3529 1580 3668 1631 κατά
3701 1576 3763 1625 τὸ
3805 1575 3978 1632 εξκός.

2407 1669 2538 1721 Εἰδέ
2566 1686 2649 1729 τις
2675 1669 2849 1731 ἄλλως
2881 1668 3056 1720 ἐθέλοι
3078 1669 3280 1732 λέγειν,
3309 1668 3615 1734 ἀποῦλητος
3644 1665 3707 1718 ἂν
3733 1667 3818 1732 εῐη
3848 1667 3980 1730 ἡμῖν

2406 1762 2471 1814 ὲκ
2507 1762 2705 1823 παντός
2739 1778 2800 1828 γε
2835 1761 3061 1830 τρόπου,
3105 1762 3210 1814 κᾶν
3240 1760 3472 1828 οὐρανοῦ
3514 1759 3680 1826 βοῶσι
3727 1759 3980 1826 βρονταὶ,

726 1847 874 1897 omni
935 1860 1159 1912 prorsus
1220 1847 1430 1898 ratione
1465 1846 1762 1914 rejiit-imus,
1796 1846 1924 1897 licet
1953 1842 2193 1897 cmlcstis
2219 1852 2300 1895 ιο-
2336 1817 2375 1876 Β

2336 1817 2509 1906 Βκᾶν
2567 1854 2808 1922 στοιχεῖα
2864 1852 3043 1904 πάντα
3096 1853 3378 1921 φωνήεντα
3437 1850 3788 1903 καταστάντα
3843 1848 3985 1918 λέγῃ

729 1937 972 1988 nitruum
1003 1937 1212 1989 clamor
1239 1938 1514 1996 audiatur.
1563 1938 1691 1990 licet
1730 1938 1911 1990 omnia
1947 1951 2161 2003 quoque
2190 1935 2299 1986 cle-

729 2040 908 2082 menta
944 2030 1074 2082 liant
1108 2029 1312 2083 vocalia
1350 2041 1404 2083 et
1435 2029 1625 2083 isthaec
1657 2029 1959 2096 proferant.
2003 2046 2020 2078 ι

801 2120 859 2173 ΙΙ.
887 2120 1020 2174 Cum
1057 2136 1187 2172 vero
1221 2136 1305 2171 me
1339 2121 1679 2188 accingi-rem
1733 2119 1796 2172 ad
1836 2119 2148 2173 aﬂerendos
2177 2135 2302 2172 san-

726 2221 938 2265 ctorum
988 2212 1206 2265 Patrum
1258 2210 1450 2272 libros,
1515 2211 1590 2265 illi
1644 2226 1712 2264 ne
1754 2212 2025 2264 tantillum
2077 2211 2298 2279 quidem

726 2306 1040 2357 sustinuere
1097 2321 1110 2356 :
1163 2303 1258 2357 sed
1318 2303 1498 2355 statim
1555 2312 1931 2364 surrexerunt,
1991 2303 2148 2357 valde
2215 2318 2299 2356 me

727 2397 1040 2456 irridentes,
1078 2406 1131 2448 et
1184 2395 1294 2447 Ιηιό
1337 2396 1480 2447 inter
1534 2394 1636 2448 alia
1689 2395 1920 2463 plurima
1975 2395 2104 2446 mihi
2148 2394 2300 2446 dixe-

727 2497 903 2542 runt":
941 2507 956 2534 ι
992 2487 1084 2541 Nae
1145 2495 1224 2549 tu,
1277 2486 1618 2554 inquiebant,
1669 2486 2046 2555 imprudenter
2074 2496 2130 2540 et
2165 2487 2298 2540 insi-

728 2583 942 2648 pienter
980 2580 1246 2634 adversus
1273 2589 1438 2633 temet
1477 2580 1653 2648 ip~um
1706 2579 1841 2648 agie,
1878 2583 2019 2648 quod
2067 2579 2300 2633 sanctio-

729 2675 888 2727 ninus
919 2671 1288 2741 imperatmiis
1327 2671 1564 2724 obsistas
1589 2689 1603 2734 ;
1633 2688 1757 2725 cum
1817 2672 2013 2726 liceret
2042 2672 2116 2741 (si
2139 2671 2300 2741 paulo

728 2768 1012 2821 remissior
1044 2769 1220 2832 esses)
1268 2767 1431 2835 longe
1459 2768 1721 2835 majorem
1753 2785 1912 2836 quam
1942 2779 2098 2822 antea
2129 2770 2300 2836 impe-

727 2872 994 2922 ratorum,
1035 2860 1466 2929 imperatricum,
1494 2869 1547 2912 et
1588 2861 1831 2914 omnium
1872 2863 2186 2930 quicunque
2214 2862 2298 2916 vel

726 2946 988 2999 senatorii
1042 2957 1171 3000 sunt
1220 2946 1453 3010 ordinis,
1487 2948 1568 3000 vel
1601 2948 1780 3016 aliqua
1811 2949 2073 3016 dign‘late
2110 2951 2211 3003 alia
2246 2959 2301 3003 et

729 3040 937 3092 honore
962 3037 1192 3108 fulgent.
1233 3039 1673 3092 benevolentiam
1707 3041 1996 3108 consequi.
2026 3043 2296 3094 Caeterum

729 3135 990 3204 (aiebant)
1050 3135 1323 3188 sermonis
1380 3137 1548 3188 nostri
1621 3151 1833 3188 summa
1856 3136 1954 3191 .illa
2007 3136 2072 3188 sit
2107 3155 2118 3188 :
2150 3137 2192 3188 si
2227 3137 2298 3188 ita

729 3226 1043 3279 obstinatus
1101 3225 1487 3290 permanseris,
1523 3227 1819 3281 multorum
1876 3227 2095 3292 quidem
2131 3228 2300 3278 bono-

730 3336 848 3372 rum
900 3319 1170 3388 jacturam
1229 3318 1416 3380 facies,
1455 3320 1621 3372 multa
1671 3337 1801 3373 vero
1835 3322 2004 3375 tristia
2048 3322 2301 3388 malaque

732 3414 978 3467 habebis.
1035 3413 1208 3477 Adde,
1264 3413 1406 3481 quod
1465 3428 1754 3467 sermones
1806 3425 1927 3467 tuos
1966 3428 2176 3470 omnes.
2207 3415 2299 3482 qui

733 3521 828 3570 per
860 3503 1056 3556 festum
1089 3514 1401 3557 sanctorum
1455 3505 1570 3558 dies
1621 3506 1672 3558 in
1728 3505 1959 3558 ecclesia
2019 3507 2298 3571 leguntur.

734 3595 947 3664 1145
998 3596 1224 3663 iubente
1291 3597 1643 3665 imperatore,
1699 3597 1951 3649 inimicus
1984 3608 2030 3649 et
2069 3597 2301 3651 infestus

731 3689 872 3758 ignis
933 3689 1080 3742 brevi
1129 3690 1417 3755 absumet;
1465 3700 1518 3742 tu
1569 3705 1699 3743 vero
1752 3700 1872 3757 post
1907 3690 2115 3742 obituiu
2150 3700 2300 3742 tuum

728 3793 884 3834 extra
929 3781 1116 3834 urbem
1157 3782 1458 3851 insepultus
1497 3782 1679 3850 aliquo
1709 3780 2034 3849 projieieris.
2068 3802 2084 3830 ι

803 3873 891 3925 Ill.
927 3874 1144 3926 Illorum
1177 3889 1278 3942 ego
1313 3889 1620 3926 sermonem
1653 3872 1950 3940 excipiens,
1985 3891 2002 3922 ι
2047 3872 2191 3932 "ABG.
2222 3873 2301 3924 in-

729 3981 916 4033 quam,
971 3964 1305 4017 Diocletiano
1353 3964 1580 4032 ejusque
1614 3962 1949 4030 temporibus
1978 3962 2143 4015 verba
2175 3978 2303 4015 con-

728 4063 934 4125 gruunt
1003 4055 1068 4108 Et
1123 4066 1271 4108 certe
1332 4071 1454 4108 cum
1490 4054 1718 4106 maxima
1756 4054 1887 4106 mihi
1930 4053 2299 4122 boua'gratiﬁ-

729 4159 916 4201 cautes
946 4149 1208 4208 olfcratis,
1248 4149 1413 4200 nolite
1465 4146 1735 4198 minarum
1785 4147 2012 4197 ohtenlu
2065 4146 2298 4213 gratiam

731 4240 886 4291 istam
937 4238 1294 4291 confundere.
1341 4237 1474 4290 Nam
1525 4237 1652 4288 dum
1709 4237 2038 4303 pollicemini
2096 4236 2208 4288 fore
2245 4246 2303 4289 ut

732 4339 1030 4399 martyrum
1087 4330 1218 4381 mihi
1279 4345 1508 4383 coronas
1557 4329 1904 4396 iiupertiatis.
1949 4344 2035 4381 res
2069 4329 2303 4394 optimas

730 4421 1003 4488 pessimis,
1033 4429 1090 4471 ut
1117 4420 1354 4482 videtur,
1389 4421 1702 4472 nominibus
1736 4419 2092 4472 confunditis.
2118 4417 2184 4470 Et
2208 4434 2302 4472 vos

2404 1947 2585 2002 ταυτί.

2479 2125 2556 2178 B'.
2612 2123 2776 2191 Ἐμοῦ
2805 2123 2859 2176 δὲ
2895 2123 3004 2177 τῶν
3032 2124 3203 2191 ἁγίων
3244 2124 3602 2192 προκομὶζειν
3635 2121 3984 2190 ἐπιχειροῦν-

2405 2237 2495 2280 τος
2522 2220 2621 2281 τάς
2648 2218 2883 2286 βίὸλους,
2928 2219 3125 2270 ἐκεῖνοι
3180 2218 3314 2285 μηδὲ
3351 2217 3548 2286 μικρὸν
3583 2215 3712 2282 γοῦν
3743 2217 3984 2283 ἀνασχο-

2410 2328 2562 2380 μενοι
2594 2310 2980 2376 ἐξανέστησαν,
3010 2309 3208 2376 πολλὴν
3236 2308 3369 2376 ἐμοῦ
3393 2309 3754 2377 καταχέοντες
3781 2307 3984 2375 χλεύην

2407 2403 2500 2455 καὶ
2549 2400 2773 2452 πλεῖστά
2805 2417 2861 2450 τε
2893 2398 3140 2465 λέγοντες
3200 2398 3364 2466 ἔτερα
3397 2402 3491 2452 καὶ
3527 2417 3544 2448 ι
3591 2399 3680 2462 Ὠς
3739 2397 3984 2450 ἀσύνετα

2405 2493 2536 2563 δρᾷς
2567 2492 2705 2544 κατὰ
2737 2490 2987 2554 σεαυτοῦ,
3028 2491 3328 2559 βασιλικοῖς
3373 2493 3761 2561 ἀντιπράττων
3809 2506 3982 2558 προσ-

2405 2585 2703 2652 τάγμασιν,
2742 2581 2826 2654 [Ρ.
2866 2581 2990 2652 716]
3041 2583 3159 2645 ἐξὸν
3222 2582 3442 2635 ἐνδόντα
3498 2583 3672 2652 βραχὺ
3733 2582 3984 2650 μείζονος

2406 2677 2438 2745 ἢ
2475 2675 2618 2727 κατά
2649 2674 2746 2743 τὴν
2778 2677 2908 2742 πρὶν
2955 2674 3257 2726 ἀπολαύειν
3295 2675 3606 2741 εὐμένειαν,
3639 2677 3704 2727 ἐκ
3735 2693 3794 2726 τε
3827 2674 3987 2744 βασι-

2407 2768 2544 2820 λέων
2580 2771 2670 2821 xui.
2703 2768 3011 2836 βασιλίδων,
3046 2769 3139 2820 καὶ
3172 2767 3284 2835 ἅμα
3325 2769 3458 2836 προς
3496 2770 3734 2832 πάντων,
3766 2770 3883 2820 ὅσοι
3926 2785 3990 2820 τε

2405 2864 2514 2912 τῶν
2539 2859 2916 2928 συγκλητικῶν
2940 2860 3034 2911 καὶ
3065 2860 3180 2912 ὅσοι
3207 2861 3315 2910 τῶν
3341 2859 3514 2920 άλλως
3547 2860 3776 2927 ἐχόντων
3801 2858 3990 2922 αἰδοῦς

2409 2954 2504 3004 καὶ
2535 2952 2724 3018 τιμῆς.
2784 2953 2893 3004 Καὶ
2946 2953 3045 3020 μὲν
3079 2953 3144 3023 δὴ
3197 2952 3515 3019 κεφάλαιον,
3575 2954 3806 3020 ἔφασαν,
3840 2953 3992 3007 ἔστω

2411 3063 2492 3097 σοι
2529 3044 2684 3097 τοῦτο
2719 3045 2822 3095 τῶν
2852 3046 3047 3110 λόγων,
3079 3045 3153 3106 ὡς
3187 3046 3464 3113 ἐπιμένων
3494 3045 3665 3114 ταύτῃ
3698 3048 3761 3112 τῇ
3817 3047 3988 3109 σκλη-

2409 3136 2595 3204 ρότητι
2634 3135 2848 3186 πολλῶν
2898 3136 2996 3202 μὲν
3033 3138 3274 3206 στερήσῃ
3323 3137 3432 3188 τῶν
3477 3137 3721 3201 ἀγαθῶν.
3766 3136 3989 3187 πολλῶν

2404 3228 2459 3279 δὲ
2500 3228 2810 3296 πειραθήσῃ
2843 3227 2951 3278 τῶν
2990 3229 3250 3296 λυπηρῶν
3272 3244 3285 3256 ·
3319 3229 3414 3278 καὶ
3447 3227 3563 3295 ἆμα
3592 3230 3699 3279 τῶν
3729 3228 3827 3295 μὲν
3871 3228 3989 3277 σῶν

2404 3318 2579 3383 λόγων
2608 3319 2721 3370 ὅσοι
2751 3321 2836 3370 ἐπ’
2869 3319 3167 3388 ἐκκλησίας
3200 3322 3256 3370 ὲν
3289 3322 3409 3381 ταῖς
3438 3321 3544 3370 τῶν
3577 3321 3745 3385 ἁγίων
3791 3322 3986 3386 ἀναγι-

2404 3410 2706 3462 νῶσκονται
2755 3412 3024 3480 μνήμαις,
3073 3412 3182 3480 πῦρ
3231 3411 3532 3480 δαπανήσει
3576 3412 3835 3478 πολέμιον
3888 3414 3989 3463 καὶ

2404 3501 2680 3552 ἀντίθετον
2713 3501 2966 3564 ἅπαντας
3007 3503 3061 3552 ὲν
3105 3503 3318 3569 βραχεῖ,
3356 3502 3785 3569 προστάττοντος
3830 3503 3990 3570 βασι-

2404 3591 2538 3654 λέως
2561 3610 2574 3624 ·
2609 3594 2672 3646 σὺ
2698 3593 2741 3646 δ’
2771 3595 2976 3662 ἄταφος
3019 3592 3194 3646 θανὼν
3232 3595 3336 3658 ἔξω
3377 3613 3479 3647 που
3515 3597 3720 3668 ριφήσῃ
3755 3596 3856 3665 τῆς
3883 3598 3988 3647 πό-

2405 3683 2561 3748 λεως.
2609 3705 2627 3736 ›

2481 3864 2552 3919 Γ’.
2599 3867 2739 3934 Ἐγὼ
2769 3868 2811 3920 δ’
2848 3867 3132 3920 ὑπολαϐὼν
3163 3868 3550 3937 Διοκλητιανοῦ
3585 3871 3677 3921 καὶ
3703 3870 3811 3920 τῶν
3833 3872 3984 3922 ὲκεί-

2406 3977 2495 4012 νου
2529 3960 2737 4028 καιρῶν
2790 3960 3028 4028 ἔφασκον
3063 3957 3204 4014 εἶναι
3252 3963 3415 4012 ταυτὶ
3467 3963 3533 4012 τά
3575 3965 3835 4029 ῥήματα·
3887 3965 3986 4015 καὶ

2409 4053 2502 4122 μὴ,
2532 4053 2599 4104 τὰ
2654 4052 2887 4120 μέγιστα
2922 4051 3274 4122 χαριζόμενοι
3313 4054 3421 4103 τῶν
3472 4051 3670 4115 καλῶν,
3727 4057 3981 4121 συγχεῖτε

2406 4144 2500 4212 τὴν
2549 4143 2710 4212 χάριν
2739 4145 2795 4194 ὲν
2822 4143 2898 4210 τῷ
2951 4144 3049 4210 τῆς
3093 4143 3326 4208 ἀπειλῆς
3377 4145 3640 4212 σχήματι.
3672 4144 3815 4204 Τοὺς
3875 4147 3986 4212 γὰρ

2409 4236 2703 4306 μαρτύρων
2736 4239 2859 4304 ἐμοὶ
2905 4238 3206 4302 στεφάνους
3259 4238 3684 4304 ὑπισχνούμενοι
3722 4243 3984 4305 χορηγεῖν

2406 4331 2687 4389 κακίστοις
2715 4328 2944 4396 ὀνόμασι
2972 4331 3042 4379 τὰ
3073 4327 3324 4396 βέλτιστα
3357 4329 3562 4381 δοκεῖτε
3598 4331 3820 4396 συγχεῖν
3844 4347 3855 4359 ι
3890 4331 3985 4381 καὶ

2405 4421 2564 4487 ὑμεῖς
2607 4420 2706 4487 μὲν
2745 4416 2820 4471 ῶν
2885 4420 3142 4488 βασιλεὺς
3195 4421 3404 4485 κύριος,
3440 4422 3710 4472 ἀπειλεῖτε
3738 4438 3751 4449 ·
3788 4421 3905 4486 ἐγὼ
3939 4423 3985 4472 δ’

729 4514 946 4579 quidem
995 4530 1056 4565 ea
1100 4513 1451 4576 niinitamini,
1491 4529 1608 4581 qua:
1643 4521 1770 4565 sunt
1803 4527 1968 4579 penes
2008 4513 2302 4580 impcrato-
2331 4514 2379 4572 D

2331 4504 2478 4572 θῶν
2511 4511 2621 4577 ἐγὼ
2669 4512 2858 4580 κύριος
2901 4513 2998 4562 σύν
3054 4528 3114 4576 γε
3174 4511 3293 4580 Θεῴ
3331 4514 3420 4563 καὶ
3473 4515 3613 4563 πάνυ
3662 4512 3978 4576 φυλάττειν,

733 4619 843 4657 rem
901 4625 911 4657 :
963 4622 1060 4674 ego
1124 4617 1306 4659 autem
1365 4608 1506 4675 (qure
1568 4606 1954 4678 juvauleDeo
1987 4615 2303 4658 constanter

731 4715 947 4752 servare
996 4715 1163 4766 penes
1198 4715 1282 4752 me
1343 4701 1447 4766 est)
1492 4699 1714 4753 certabo
1763 4708 1819 4751 et
1855 4713 2025 4765 usque
2055 4699 2122 4750 ad
2161 4715 2303 4749 mor-

733 4800 837 4842 tem
879 4791 1056 4852 stabo,
1103 4792 1305 4843 nemini
1362 4793 1723 4859 mancipatam
1789 4800 2022 4842 mentem
2081 4805 2303 4841 conser-

729 4898 879 4935 rans.
909 4882 1040 4934 Nam
1097 4883 1314 4950 pietatis
1354 4883 1673 4936 exercendae
1705 4898 1916 4936 summa
1953 4890 2034 4935 est
2069 4882 2302 4934 necessi-

731 4986 830 5030 tas.
863 4973 1007 5025 nulla
1032 4985 1213 5026 autem
1247 4975 1500 5026 vivendi:
1541 4991 1636 5042 pro
1665 4976 1864 5041 pietate
1914 4989 2131 5041 quoque
2165 4972 2298 5024 inuri

729 5077 947 5115 necesse
987 5071 1089 5126 cst,
1125 5064 1230 5115 n’on
1274 5067 1400 5117 item
1436 5065 1670 5132 sepeliri.
1703 5083 1724 5116 ι
1767 5064 1986 5116 Interim
2041 5063 2119 5115 illi
2151 5062 2300 5114 abie-

728 5166 875 5208 runt.
1961 5220 1966 5224 .

799 5247 880 5300 IV.
910 5247 978 5301 Ut
1007 5255 1187 5299 autem
1224 5247 1430 5300 aretius
1487 5247 1684 5299 iterum
1730 5247 2058 5310 custodirer,
2091 5245 2300 5297 foribus

725 5336 1090 5388 admoventur
1154 5353 1310 5397 serie,
1345 5336 1543 5403 pessuli
1600 5336 1901 5394 obduntur.
1930 5345 1986 5388 et
2038 5336 2296 5389 custodes

728 5424 1006 5492 piiorihus
1065 5425 1380 5476 acerbiores
1429 5436 1801 5492 apponuntur.
1833 5425 2061 5477 Maxime
2117 5433 2296 5476 tamen

727 5526 992 5580 optarem,
1033 5526 1090 5568 ut
1120 5517 1344 5567 alteram
1388 5529 1592 5583 partem
1620 5532 1813 5568 eorum
1853 5515 2298 5568 comininationis

727 5625 968 5676 (ungruo
987 5610 1169 5661 derisu
1198 5610 1450 5677 prosequi
1483 5626 1666 5662 coram
1701 5610 1832 5678 ipsis
1859 5609 1992 5661 mihi
2027 5610 2293 5672 licuisset,

728 5711 781 5750 et
813 5701 883 5752 ibi
923 5702 1258 5753 luculciitius
1286 5704 1599 5764 ostendere,
1635 5711 1834 5768 quanta
1865 5700 2029 5753 fuerit
2066 5717 2298 5754 vesano-

729 5808 845 5844 i'um
901 5792 1183 5846 hominum
1223 5795 1459 5848 amentia
1488 5802 1540 5848 et
1577 5792 1864 5847 stolidilas.
1893 5793 1970 5847 llli
2007 5800 2211 5855 autem,
2240 5803 2298 5846 ut

2407 4601 2746 4667 ἀγωνιοῦμαι
2805 4601 2897 4650 καὶ
2933 4602 3094 4669 μέχρι
3129 4600 3360 4651 θανάτου
3401 4602 3688 4667 στήσομαι,
3740 4601 3800 4650 τὸ
3853 4602 3986 4667 φρή-

2406 4708 2554 4758 νημα
2587 4691 2770 4760 τηρῶν
2799 4691 3120 4744 ἀδούλωτον.
3153 4692 3414 4742 Εὑσεὸεἰν
3445 4691 3544 4758 μὲν
3575 4692 3680 4758 γᾶρ
3737 4695 3983 4757 ἀνάγκη,

2406 4783 2504 4851 ζῇν
2537 4784 2581 4832 δ’
2617 4785 2715 4835 ουκ
2768 4787 2983 4851 ἀνάγκη
3009 4800 3021 4812 °
3067 4787 3161 4835 καὶ
3199 4785 3456 4852 θνήσκειν
3507 4787 3605 4851 μὲν
3638 4782 3780 4851 ὑπὲρ
3822 4785 3985 4834 εὐσε-

2407 4875 2555 4936 ϐείας
2581 4877 2816 4944 ἀνάγκη,
2845 4875 3145 4929 θάπτεσθαι
3176 4875 3219 4926 δ’
3250 4876 3350 4927 οὐκ
3399 4877 3464 4928 ἂν
3500 4879 3737 4942 ἀνάγκη.
3780 4876 3986 4926 Κάκλ-

2406 4983 2485 5016 νοι
2527 4966 2622 5035 μὲν
2651 4969 2708 5017 ἐν
2735 4968 2943 5027 τούτοις
2974 4966 3243 5036 ἀπῄεσαν.

2475 5235 2546 5283 Δ’.
2598 5221 2748 5299 Ἐμοὶ
2802 5228 2857 5281 δὲ
2913 5228 3077 5281 πάλιν
3129 5227 3352 5294 κλεῖθρα
3401 5230 3500 5279 καὶ
3559 5229 3748 5296 μοχλοὶ
3799 5229 3983 5297 Ουρῶν

2407 5327 2691 5392 ἐπήγοντο,
2727 5324 2821 5374 καὶ
2859 5322 2969 5374 τῶν
3013 5324 3299 5390 προτέρων
3350 5323 3666 5391 πικρότεροι
3709 5322 3980 5388 φύλακες.

2410 5421 2598 5471 Καίτοι
2631 5437 2692 5485 γε
2747 5417 3048 5486 ἐϐουλόμην
3081 5419 3130 5483 γ’
3164 5417 3228 5470 ἂν
3270 5419 3356 5468 ἐπ’
3403 5417 3581 5469 αὐτῶν
3613 5418 3707 5468 κιὶ
3751 5419 3983 5488 θάτερον

2406 5515 2570 5580 μέρος
2603 5513 2700 5579 τῆς
2736 5512 2886 5576 σφῶν
2916 5511 3146 5577 ἀπειλῆς
3186 5515 3250 5581 τῇ
3286 5513 3642 5582 προσηκούσῃ
3678 5515 3979 5581 παραπέμ-

2402 5606 2498 5670 ιξαι
2531 5603 2717 5674 χλεύῃ.
2752 5606 2845 5655 καὶ
2873 5603 3047 5666 δεῖξαι
3085 5604 3361 5654 κάνταῦθα
3409 5605 3821 5673 δαψιλέστερον,
3858 5608 3982 5656 ὅσον

2402 5699 2500 5765 τῆς
2524 5700 2783 5758 ἀπονοίας
2813 5699 2872 5748 τὸ
2906 5697 3160 5763 ἄγνωμόν
3200 5715 3256 5748 τε
3309 5699 3403 5749 καὶ
3438 5697 3657 5766 5311-07;-
3691 5701 3754 5748 Οἱ
3790 5699 3868 5758 δὲ.
3911 5699 3982 5759 ὡς

2402 5792 2568 5852 ἔοικε,
2604 5792 2696 5851 τὴν
2725 5791 2932 5844 ἑαυτῶν
2967 5793 3123 5845 αὐτοὶ
3159 5793 3520 5849 κιταγνόηες
3561 5791 3848 5847 αἰσγὰνην.
3881 5811 3957 5844 γω
