4218 6454
170 368 309 435 1M?»

1120 370 1556 427 BYLANTINIE
1613 370 2000 426 HISTORIA?
2043 370 2184 428 LIB.
2230 369 2434 429 XXIV.

3280 366 3415 429 M40

158 482 256 529 νης
282 467 371 520 ἐπ’
400 470 703 537 Αἴγυπτον,
727 473 964 544 ἄσμενος
995 478 1158 542 εὐθὺς
1187 484 1327 551 αὐτῇ
1363 481 1545 550 φέρων
1568 481 1735 548 ιμαυ-

1842 482 2027 535 animo
2055 483 2239 536 statim
2275 482 2595 546 conscendi,
2637 491 2801 549 atque
2842 476 3059 532 auct-ris
3100 476 3410 547 insequenti

154 559 251 609 τὸν
296 560 606 618 ὲνεϐίΰασα.
646 567 754 618 Καὶ
793 567 894 634 μὲν
926 569 990 637 δὴ
1049 572 1279 639 ἄραντος
1335 573 1393 634 ἐς
1427 572 1525 640 τὴν
1580 572 1739 624 ὑστε-

160 650 321 717 ραίαν
347 655 408 705 ἐκ
442 655 753 718 Βυζαντίων
785 659 1022 730 λιμένων
1059 663 1330 729 ἐσδομαῖοι
1364 665 1479 725 τοῖς
1513 664 1740 717 Ῥοδίων

159 743 544 813 προσέσχομεν
596 747 841 818 λιμέσιν,
898 750 1027 823 ἔνθα
1085 754 1287 822 συχνὰς
1333 754 1741 823 διατετριφότες

162 834 384 904 ἡμέρας
424 838 623 905 οὐρέων
687 842 869 894 πνοῶν
912 822 1119 912 ἀπορίᾳ
1160 843 1485 914 περιῄειμέν
1524 822 1592 896 τε
1640 844 1742 912 τὴν

162 926 354 994 νῆσον,
382 929 477 981 καὶ
519 932 948 1003 περιεργότερον
983 933 1119 987 ἄττα
1165 931 1234 1003 ἦν
1265 936 1394 998 θέας
1420 936 1547 1001 ἄξια
1573 934 1744 989 ἀθεώ-

167 1021 330 1086 μεθα.
366 1022 644 1076 Κολοσσοῦ
678 1026 782 1093 μὲν
822 1026 916 1079 οὖν
964 1029 1178 1080 ἐκείνου
1213 1030 1479 1096 μνημεῖον
1504 1027 1656 1080 οὐδέν
1690 1044 1744 1080 τι

164 1111 471 1178 ἐλέλειπτο,
517 1117 579 1169 ού
609 1117 765 1183 μέντ’
808 1117 873 1171 ἂν
918 1120 1031 1171 οὐδ’
1065 1123 1119 1172 εί
1147 1137 1274 1172 ποτε
1323 1121 1551 1187 γέγονεν
1599 1120 1746 1183 ὅστις

167 1206 289 1257 ποτ’
316 1207 425 1270 ἀρα
452 1203 522 1272 ἦν
547 1210 1041 1278 ἐκείνοςβίκασίαν
1086 1212 1260 1265 ἐδίδου
1288 1212 1445 1264 τινά·
1473 1210 1599 1264 οὕτε
1638 1211 1747 1280 γὰρ

167 1297 373 1362 χαλκοῦ
410 1299 601 1367 μόριον
631 1285 810 1360 ούδέν,
865 1302 926 1353 ού
967 1303 1074 1371 μὴν
1101 1304 1210 1356 οὐδ’
1267 1304 1323 1357 εί
1372 1320 1513 1365 τινες
1546 1297 1656 1355 εἶεν
1684 1305 1749 1354 ὲκ

169 1387 339 1440 λίθων
371 1391 565 1459 ἐκείνῳ
607 1394 894 1461 κρηπῖδες,
932 1394 1212 1448 ἐλέλειπτο
1244 1396 1498 1463 λείψανον
1531 1394 1751 1448 πάντων

169 1480 350 1533 οὐδέν.
385 1482 601 1536 Πόλεων
635 1484 691 1536 δὲ
724 1485 833 1537 τῶν
870 1486 1035 1538 πάλαι
1070 1487 1127 1539 αἱ
1160 1487 1261 1556 μὲν
1303 1489 1546 1555 σεισμοῖς
1569 1488 1753 1556 ἔκτρι-

173 1574 355 1627 6-ῖσαι
408 1574 734 1640 κατέδυσαν,
767 1571 844 1629 ὧν
891 1579 923 1645 ἠ
958 1577 1224 1646 καλλίστη
1262 1577 1442 1637 Ῥόδος
1492 1573 1562 1645 ἦν
1607 1580 1640 1646 ἠ
1684 1578 1750 1644 τῇ

176 1668 331 1737 νήσῳ
357 1666 675 1737 ὁμώνυμος,
724 1668 821 1719 καὶ
854 1670 1058 1737 σημεῖα
1093 1668 1299 1722 τούτων
1345 1669 1660 1720 ἐδείκνυσαν
1691 1668 1755 1737 ή-

181 1761 276 1826 μῖν
314 1760 362 1811 οῖ
400 1756 693 1829 ἐγχώριοι·
734 1760 790 1811 αί
826 1760 870 1811 δ’
902 1760 983 1813 ἔτι
1015 1760 1321 1828 σωζόμεναί
1362 1777 1418 1812 τε
1443 1760 1753 1828 διαμένουσι

176 1852 275 1902 καὶ
320 1850 571 1917 λαμπραὶ
602 1849 875 1919 λαμπρῶς
912 1849 1202 1920 ὲστηκυῖαί
1258 1850 1386 1903 εισι.
1436 1850 1655 1903 Τούτων
1708 1849 1753 1901 δ’

178 1937 322 1992 εἷναι
357 1938 478 1993 κατ’
504 1939 741 2015 ιμαυτδν
774 1941 1021 1992 ἐνενόουν
1052 1941 1116 1992 ὲκ
1149 1940 1394 2007 σημείων
1432 1938 1597 1992 τινῶν
1634 1938 1757 1990 Λίν-

176 2035 269 2086 δον
304 2031 580 2101 Ἰηλυσσόν
634 2048 694 2085 τε
730 2033 821 2084 καὶ
860 2030 1185 2100 ἀργινόεντα
1236 2032 1517 2100 Κάμειρον
1540 2071 1555 2095 ,
1589 2024 1667 2084 ὧν
1715 2032 1747 2100 ἡ

174 2126 275 2178 τοῦ
333 2124 742 2194 Μελησιγενοῦς
799 2125 1045 2193 Ὀμήρου
1112 2125 1394 2193 μέμνηται
1455 2123 1755 2191 Καλλιόπη.

182 2219 477 2287 ΙΙρόσοικοι
517 2218 560 2270 δ’
593 2214 737 2289 ἦσαν
775 2220 843 2286 τῇ
874 2218 1049 2287 νήσῳ,
1088 2215 1151 2269 τὸ
1189 2216 1449 2268 πλεῖστον
1480 2216 1679 2275 είπεῖν,
1706 2215 1762 2266 ό-

184 2310 419 2378 μόφυλοί
444 2327 502 2361 τε
530 2311 662 2378 ἡμῖν
686 2308 780 2363 καὶ
800 2310 901 2379 τήν
927 2309 1112 2361 πίστιν
1140 2305 1433 2378 όρθόδοξοι,
1462 2307 1558 2358 καὶ
1586 2305 1759 2377 ταύτῃ

181 2405 247 2472 δὴ
274 2405 341 2472 τῇ
399 2402 519 2455 καθ’
568 2402 715 2472 inti;
758 2400 1300 2470 Ἐλλάδι-χρώμενοι
1334 2402 1518 2469 φωνῇ·
1573 2398 1759 2461 παῖδες

182 2498 295 2564 γάρ
324 2495 433 2547 είσι
456 2493 567 2546 τῶν
595 2494 657 2546 ού
686 2493 830 2546 πάνυ
864 2492 971 2562 πρὸ
1006 2491 1218 2561 μακροῦ
1248 2490 1590 2557 τεθνηκότων
1618 2490 1764 2542 ὲκεί-

183 2605 295 2639 νων
339 2587 571 2654 ἀνδρῶν,
604 2586 654 2638 οἳ
699 2584 929 2637 πλεῖστα
962 2582 1062 2653 μὲν
1112 2582 1476 2652 ἠγωνίσαντο,
1513 2583 1764 2643 Λατίνοις
1800 2607 1814 2619 ~

188 2678 493 2746 μαχόμενοι
526 2677 780 2745 τριήρεσί
832 2691 891 2726 τε
935 2674 1030 2726 καὶ
1061 2675 1248 2736 ὅπλοις
1285 2674 1624 2741 παμπόλλοις
1664 2672 1764 2742 τὴν

188 2770 383 2837 ἔφοδον
417 2767 505 2819 ἐπ’
543 2768 742 2829 αὐτοὺς
775 2767 1144 2837 ποιουμένοις,
1180 2764 1242 2837 [ί.
1271 2767 1340 2820 97
1363 2764 1415 2834 b]
1450 2764 1764 2834 ἡττήθησαν

185 2867 245 2918 δὲ
274 2865 343 2916 δι’
368 2864 658 2933 ὀλιγότητα
696 2864 790 2917 καὶ
818 2863 1175 2931 ὑπετάγησαν
1208 2862 1455 2922 ἄκοντες.
1488 2854 1590 2911 Ὧν
1632 2860 1765 2911 ἔνιοι

187 2959 295 3008 κάν
328 2958 477 3026 γήρα
498 2954 665 3019 ζῶσιν
694 2955 776 3007 ἐτι
807 2956 982 3024 βαθεῖ,
1013 2955 1111 3023 τῆς
1143 2955 1270 3022 πρίν
1301 2968 1359 3006 τε
1410 2950 1764 3020 εὐδαιμονίας

188 3050 281 3102 ἀεὶ.
332 3048 693 3118 μεμνημένοι,
747 3047 847 3101 καὶ
875 3046 1120 3115 διήγημα
1160 3044 1327 3097 ταῦτα
1367 3046 1475 3104 τοῖς
1509 3028 1766 3110 παριοῦσι

1840 573 1930 625 die
1960 571 2193 626 sublatis
2220 588 2286 625 ex
2312 572 2586 641 portubus
2614 570 2931 641 Byzantinis
2964 568 3054 621 die
3080 570 3317 636 septimo
3345 568 3413 621 ad

1844 662 2187 716 Rhodiorum
2220 673 2415 731 portus
2449 663 2826 733 pervenimus,
2857 661 2949 715 ubi
2998 669 3293 713 ventorum
3326 674 3411 712 εον

1842 755 2150 810 cundorum
2177 756 2363 825 inopia
2392 757 2597 810 multos
2622 756 2742 809 dies
2760 754 3085 809 commorati
3117 751 3419 822 perlustra-

1842 848 2027 901 vimus
2082 848 2317 901 insulam
2404 862 2603 917 resque
2657 847 2774 900 visu
2839 844 3033 914 dignas
3080 849 3415 913 aspeximus.
3462 834 3468 841 ’

1843 941 2058 995 Colossi
2089 956 2222 995 vero
2254 942 2401 995 illius
2431 941 2723 1009 vestigium
2754 939 3009 993 exstabat
3038 938 3272 997 nullum,
3306 936 3416 989 imo

1845 1047 1915 1087 ne
1941 1032 2271 1101 coniectura
2302 1033 2523 1101 quidem
2555 1032 2719 1086 dabat
2755 1032 2958 1086 locum,
3001 1042 3130 1097 nam
3174 1042 3413 1095 unquam

1845 1124 2169 1189 exstitisset,
2200 1124 2453 1192 quisquis
2480 1124 2571 1177 ille
2601 1123 2741 1186 fuit;
2778 1122 2932 1175 nulla
2960 1121 3107 1173 enim
3137 1120 3266 1172 aris
3296 1134 3418 1187 par-

1849 1217 2039 1281 ticula,
2088 1216 2251 1270 nuilre
2301 1230 2530 1283 prorsus
2563 1223 2724 1267 erant
2778 1214 3022 1281 lapidum
3071 1210 3340 1278 reliquiae,
3376 1211 3420 1262 si

1850 1307 1991 1361 forte
2016 1323 2081 1361 ex
2118 1308 2183 1360 iis
2213 1307 2570 1360 fundamenta
2603 1314 2879 1358 exstructa
2914 1304 3153 1357 fuerant.
3190 1299 3421 1355 Urbium

1850 1399 2205 1467 antiquarunt
2250 1400 2370 1450 alia:
2423 1405 2582 1450 terra!
2633 1396 2874 1449 motibus
2908 1394 3215 1462 absumpta:
3263 1400 3424 1446 erant

1852 1497 2015 1557 atque
2038 1490 2358 1543 submersae.
2384 1504 2615 1556 quarum
2651 1486 3027 1557 pulcherrima
3049 1494 3170 1537 erat
3197 1481 3427 1536 Rhodus

1856 1582 2049 1636 insulre
2088 1580 2452 1650 cognominis,
2499 1574 2807 1648 earumque
2856 1578 3085 1645 vestigia
3140 1574 3305 1629 nobis
3359 1573 3428 1627 ab

1855 1676 2129 1745 indigenis
2159 1675 2605 1729 monstrabantur
2634 1691 2647 1726 :
2678 1674 2795 1726 aliae
2824 1672 3005 1725 adbuc
3036 1678 3267 1722 servatae
3300 1676 3430 1721 sunt

1856 1774 2021 1833 atque
2080 1763 2378 1831 splendidae
2453 1772 2706 1825 exstant,
2771 1764 2827 1816 in
2915 1765 3147 1829 quorum
3201 1773 3433 1813 numero

1858 1871 2054 1910 esseex
2081 1855 2301 1908 indiciis
2325 1855 2653 1921 quibusdam
2673 1852 2882 1907 credidi
2910 1852 3169 1915 Lindum,
3192 1850 3431 1920 Ialysum

1859 1956 1915 1999 et
1948 1945 2290 2013 splendidam
2329 1944 2632 2002 Camirnm,
2669 1960 2904 2011 quarum
2942 1942 3169 1994 urbium
3210 1940 3433 1994 Homeri

1863 2041 2206 2107 Melesigenis
2239 2038 2489 2093 meminit
2517 2039 2785 2108 CalliOpe.
2825 2036 3022 2090 Inc-nia:
3058 2034 3249 2088 insulze
3276 2044 3437 2087 erant

1861 2136 2096 2190 maxima
2122 2150 2189 2187 ex
2216 2141 2369 2202 parte
2395 2133 2570 2185 nostri
2603 2132 2899 2200 pepulares
2920 2139 3087 2198 atque
3116 2127 3436 2182 orthodoxae

1864 2230 2012 2294 ﬁdei,
2047 2237 2348 2297 nostraque
2386 2235 2618 2281 utuntur
2664 2225 2853 2279 Graeca
2889 2224 3097 2293 lingua.
3130 2222 3253 2277 Filii
3284 2221 3433 2275 enim

1862 2332 1992 2376 sunt
2036 2321 2282 2374 virorum
2333 2319 2576 2383 illorum,
2621 2319 2715 2387 qui
2762 2316 2965 2370 abhinc
3015 2330 3127 2369 non
3166 2315 3239 2369 ita
3273 2314 3439 2383 longo

1864 2423 2110 2483 tempore
2135 2412 2397 2466 interiere
2419 2452 2433 2473 ,
2454 2420 2509 2465 et
2533 2423 2849 2479 quanquam
2876 2407 3110 2475 plurima
3136 2405 3439 2461 certamina

1865 2504 2121 2576 serebant
2171 2517 2298 2557 cum
2349 2501 2595 2563 Latinis,
2643 2501 2737 2570 qui
2793 2498 3113 2553 triremibus
3162 2496 3440 2564 armisque

1866 2597 2052 2651 multis
2086 2610 2180 2649 eos
2215 2593 2637 2654 adoriebantur,
2668 2591 2738 2644 ob
2772 2589 3107 2659 paucitatem
3144 2595 3323 2639 tamen
3358 2584 3441 2636 in-

1866 2688 2097 2742 feriores
2127 2688 2428 2740 discessere
2458 2694 2516 2738 et
2545 2699 2669 2738 sese
2702 2682 2857 2736 inviti
2889 2680 3197 2752 subiecere.
3235 2677 3437 2732 Eorum

1867 2780 2114 2833 nonnulli
2176 2777 2526 2847 prwgrandes
2580 2784 2708 2828 natu
2762 2774 2943 2828 adhuc
2993 2771 3046 2825 in
3096 2770 3238 2823 vivis
3288 2778 3440 2832 sunt,

1870 2874 2112 2943 pristinas
2135 2871 2415 2925 felicitatis
2438 2883 2719 2936 nunquam
2746 2882 2854 2920 non
2880 2878 3175 2924 memores,
3199 2871 3257 2917 et
3285 2875 3444 2931 pere-

1870 2966 2063 3035 grinis,
2102 2964 2195 3033 qui
2233 2964 2363 3017 illuc
2400 2968 2688 3015 transeunt
2720 2958 2967 3013 suaviter
2998 2957 3115 3010 haec
3146 2962 3439 3016 enarrant;

1873 3057 1926 3110 bi
1964 3056 2220 3110 dicebant
2270 3069 2391 3109 sese
2425 3051 2649 3121 quidem
2688 3049 2938 3105 infelices
2980 3061 3125 3107 esse,
3171 3045 3318 3115 quod
3350 3046 3444 3114 ju-

187 3141 303 3192 τῶν
334 3139 500 3205 ξένων
550 3140 650 3209 ήδὺ
707 3138 1077 3208 προτιθέντες,
1115 3136 1166 3189 οἳ
1223 3140 1315 3189 καὶ
1354 3136 1638 3203 δυστυχεῖν
1669 3136 1762 3202 μέν

1872 3163 1998 3219 gum
2030 3146 2315 3201 servitutis
2344 3160 2469 3197 cum
2519 3143 2775 3196 libertate
2807 3147 3262 3198 commutasseut,
3295 3147 3443 3189 atta-

188 3252 312 3295 πως
344 3233 532 3298 ἔλεγον
550 3233 634 3285 ὅτι
653 3231 819 3299 ζυγὸν
842 3230 1158 3301 ἐλευθερίας
1189 3229 1487 3299 ἠλλάξαντο
1510 3227 1768 3289 δούλειον,

191 3329 449 3397 εὐτυχεῖν
480 3325 525 3377 δ’
576 3326 778 3387 ἄλλως,
806 3324 1082 3392 πολεμίων
1115 3323 1211 3391 μὲν
1257 3322 1459 3391 ἥκιστα
1494 3318 1693 3384 ἐξωθεν
1718 3322 1773 3371 ἐ-

192 3422 407 3489 νοχλεῖν
441 3419 516 3490 μὴ
547 3418 863 3486 δυναμένων
911 3418 1012 3485 τὴν
1065 3414 1228 3484 νῆσον
1257 3414 1359 3476 ἐτι,
1402 3412 1498 3464 ita
1528 3411 1637 3463 τῶν
1674 3411 1773 3478 τῆς

191 3517 363 3583 νήσου
397 3510 741 3581 κρατούντων
768 3509 824 3560 ἐν
855 3507 1039 3569 ὅπλοις
1073 3506 1172 3575 ζῇν
1202 3505 1494 3567 εἰωθότων,
1546 3507 1639 3556 καὶ
1667 3503 1769 3555 ὃσα

194 3604 280 3665 είς
305 3601 543 3668 πόλεμον
575 3597 840 3664 ιπεφύκει
877 3595 1312 3664 ἐπιτηδεύματα,
1344 3598 1437 3646 καὶ
1469 3594 1587 3662 ἆμσ.
1614 3594 1769 3645 εὐνο-

197 3692 336 3760 μίας
378 3693 435 3742 ἐν
460 3689 688 3757 ἀγοραῖς
712 3689 805 3739 καὶ
833 3688 1011 3742 δίκαις
1039 3685 1475 3751 ὲπιπολαζούαης
1510 3688 1575 3754 τῇ
1601 3686 1772 3753 νήσῳν
1806 3751 1817 3760 ,

197 3781 516 3847 πλεονεξίας
548 3780 796 3850 ἀπούσης
834 3780 910 3843 ὼς
939 3780 1008 3832 τὰ
1048 3780 1238 3843 πολλὰ,
1280 3785 1371 3832 καὶ
1406 3777 1539 3847 πρὸς
1566 3776 1776 3839 τούτοις

196 3876 262 3929 εὖ
289 3876 526 3944 ἑχόντων
559 3874 807 3943 κράσεως
834 3872 895 3925 ἀέ
907 3887 1014 3942 ρων
1043 3871 1316 3940 λαχόντων
1356 3871 1451 3940 τὴν
1486 3870 1667 3935 νῆσον,
1696 3868 1775 3925 ἔτι

197 3985 265 4021 τε
297 3968 535 4037 λιμένων
568 3968 662 4017 καὶ
694 3964 935 4032 νεωρίων
984 3962 1275 4030 παγκάλην
1304 3962 1535 4031 ἑχόντων
1556 3960 1659 4030 τὴν
1690 3957 1777 4010 θέ-

208 4077 320 4126 σιν,
350 4060 443 4111 καὶ
473 4060 683 4119 πάντας
716 4057 856 4125 μετά
892 4053 1178 4124 ῥᾳστώνης
1212 4051 1624 4123 ὑποδεχομένων
1651 4052 1776 4113 τοὺς

197 4150 533 4219 ὁθενδήποτε
580 4148 769 4217 χρείας
822 4144 1134 4214 ἑμπορικῆς
1181 4145 1541 4211 καταίροντας
1590 4142 1774 4205 ἕνεκα,

202 4247 285 4309 ὡς
314 4242 565 4312 γίνεσθαι
590 4240 682 4293 διὰ
718 4239 890 4292 ταῦτα
924 4237 1022 4306 τὴν
1055 4237 1165 4288 τῶν
1193 4235 1367 4287 ὠνίων
1391 4236 1577 4304 χρείαν
1602 4232 1779 4301 ,ἀφθο-

205 4336 455 4403 νωτέραν
490 4333 767 4392 πλουσίοις
804 4332 898 4382 καὶ
941 4331 1159 4397 πένησι,
1190 4327 1282 4379 καὶ
1313 4326 1425 4393 βίον
1466 4324 1779 4377 ἀταλαίπω-

208 4445 307 4497 ρον
337 4427 493 4493 ἄγειν
520 4423 648 4485 τοὺς
695 4417 1125 4490 προσοικοῦντας
1172 4415 1444 4469 ἐντεῦθεν.
1486 4416 1548 4468 El
1582 4415 1640 4467 δὲ
1691 4414 1778 4468 διὰ

1874 3253 1996 3291 men
2022 3236 2266 3305 alioquin
2287 3236 2429 3289 bona
2454 3232 2674 3286 fortuna
2699 3230 2803 3295 uti,
2823 3228 2971 3299 quod
2994 3227 3209 3281 externi
3232 3227 3443 3290 hostes,

1871 3343 1995 3383 cum
2046 3327 2239 3382 insula:
2273 3325 2478 3379 domini
2514 3324 2567 3375 in
2621 3322 2793 3375 armis
2838 3319 3171 3388 studiisque,
3217 3333 3339 3387 qum
3377 3315 3445 3369 ad

1874 3423 2077 3478 bellum
2128 3422 2426 3489 pertinent,
2461 3418 2648 3470 vivere
2682 3412 2889 3469 assueti
2935 3420 3142 3477 essent,
3173 3425 3286 3489 non
3323 3423 3443 3462 am-

1873 3517 2020 3586 plius
2053 3485 2311 3566 infestare
2344 3509 2578 3564 insulam
2615 3513 2859 3577 possent,
2890 3511 2941 3559 et
2980 3501 3129 3573 quod
3166 3485 3325 3557 bonae
3367 3499 3448 3554 le-

1873 3622 1968 3675 ges
1996 3607 2048 3658 in
2077 3604 2211 3657 loris
2230 3601 2567 3672 iudiciisque
2598 3598 2790 3653 insulae
2820 3606 3195 3658 versarentur,
3218 3591 3446 3647 avaritia

1874 3707 2056 3752 autem
2112 3695 2229 3748 fere
2285 3694 2523 3746 abesset.
2584 3689 2699 3743 liuc
2756 3688 3019 3744 accedere
3063 3686 3210 3756 quod
3264 3682 3447 3738 sortiti

1874 3797 2059 3842 essent
2093 3786 2355 3843 insulam,
2386 3798 2507 3852 quae
2534 3782 2799 3851 gauderet
2826 3780 2966 3833 bona
3009 3777 3135 3832 coeli
3185 3774 3451 3843 temperie

1876 3889 1932 3935 et
1958 3889 2217 3950 portuum
2243 3892 2308 3929 ac
2338 3874 2613 3928 navalium
2643 3872 2964 3942 praeclarum
2996 3869 3229 3923 haberet
3254 3868 3450 3927 situm,

1880 3982 1940 4025 ut
1972 3985 2162 4024 omnes
2181 3967 2337 4022 facile
2356 3967 2609 4035 accipere
2635 3973 2864 4033 possent
2887 3961 2979 4031 qui
3014 3970 3339 4014 mercatum
3368 3957 3452 4008 l'a-

1877 4063 2086 4118 ciendaa
2109 4077 2273 4116 causa
2301 4061 2668 4127 undecunque
2701 4056 3049 4110 advenirent.
3087 4050 3449 4124 lttde'iactnﬁ

1880 4166 1940 4210 ut
1970 4171 2152 4209 rerum
2218 4152 2493 4207 venalium
2550 4149 2779 4203 iacultas
2837 4147 3040 4217 largior
3084 4153 3141 4200 et
3185 4142 3452 4197 divitibus

1879 4260 1933 4303 et
1969 4246 2305 4318 pauperibus
2340 4243 2702 4311 contingeret,
2745 4250 2912 4306 atque
2962 4238 3129 4291 vitam
3181 4237 3298 4289 sine
3334 4251 3452 4287 mo-

1879 4342 2037 4396 lestia
2071 4339 2261 4393 incolae
2291 4344 2535 4405 agerent.
2557 4333 2697 4387 Num
2731 4332 2853 4386 ideo
2886 4331 3025 4383 fama
3056 4337 3177 4383 orta
3206 4328 3302 4391 sit,
3330 4339 3453 4394 quze

1882 4434 2023 4498 inest
2059 4432 2112 4484 in
2151 4428 2465 4484 Gra'carum
2508 4425 2816 4478 fabularum
2845 4422 3081 4485 areanis,
3112 4435 3245 4471 auro
3275 4421 3452 4484 quom

205 4522 384 4575 ταῦτα
414 4520 510 4571 καὶ
548 4515 752 4585 χρυσόν
779 4528 913 4566 ποτε
955 4510 1174 4571 Ῥοδίοις
1198 4508 1324 4562 ὗσαι
1354 4508 1584 4575 νεφέλας
1619 4505 1762 4559 κατέ-

1842 4506 2006 4579 ’ᾱοιη
2055 4521 2285 4577 Rhodiis
2317 4519 2523 4589 pluisse
2559 4517 2754 4579 nubes,
2819 4515 2873 4569 id
2916 4515 3172 4583 equidem
3237 4512 3450 4572 nescio,

206 4633 295 4686 χει
336 4615 493 4681 λόγος
531 4614 643 4673 τοῖς
687 4608 797 4660 τῶν
845 4605 1179 4675 Ἑλληνικῶν
1227 4604 1414 4672 μύθων
1448 4601 1780 4671 ἀπορρήτοις

206 4706 650 4774 ἐνδιαιτώμενος,
673 4700 787 4768 ἐγὼ
826 4700 925 4769 μὲν
957 4700 1058 4750 οὐκ
1104 4698 1169 4750 ἀν
1200 4697 1318 4748 ποτ’
1353 4695 1574 4761 εἰδείην,
1610 4691 1785 4746 τοιού-

203 4824 319 4860 των
346 4798 667 4868 ὑπολήψεων
690 4797 899 4862 ἀμείνω
918 4791 1267 4859 κτησάμενος
1299 4787 1508 4842 ἄνωθεν
1531 4785 1781 4854 γνώμην,

205 4896 421 4963 λεγέτω
449 4893 493 4947 δ’
522 4892 669 4949 ὅστις
698 4889 921 4956 ἄμεινον
954 4883 1121 4953 είδείη
1148 4882 1404 4951 annos.

284 4987 364 5041 6'.
400 4981 546 5038 Εἶεν.
572 4975 748 5050 Ἶίρος
777 4979 820 5029 δ’
844 4976 946 5048 ήδη
976 4974 1297 5045 χωροῦντος,
1327 4975 1385 5026 ὲν
1413 4966 1457 5031 ᾧ
1481 4974 1574 5025 καὶ
1604 4971 1787 5023 πλειὰ-

207 5086 301 5143 δες
362 5077 623 5145 ἄρχονται
652 5069 893 5139 κήρυκές
949 5084 1007 5119 τε
1066 5068 1161 5119 καὶ
1210 5066 1510 5137 πρόδρομοι
1540 5065 1786 5131 γίνεσθαι

210 5175 317 5239 τῆς
350 5172 585 5240 ἡμέρας,
619 5165 825 5233 ούρίοις
869 5160 1123 5215 κάκεῖθεν
1163 5160 1502 5230 χρησάμενοι
1544 5158 1788 5225 πνεύμα-

216 5284 305 5319 σιν
336 5262 681 5330 ἀνήχθημεν,
702 5256 776 5317 ὼς
802 5252 1147 5323 πεμπταίους
1193 5253 1341 5319 ἡμᾶς
1372 5253 1429 5313 ές
1455 5252 1695 5320 μεγάλην
1728 5267 1785 5301 τε

219 5358 319 5411 καὶ
372 5355 490 5405 ὶίιν
517 5349 811 5416 εὐδαίμονα
835 5345 1131 5415 ἀφικέσθαι
1182 5344 1359 5405 πόλιν,
1395 5345 1494 5411 τὴν
1535 5341 1787 5402 Ἀλεξᾶν-

212 5448 403 5518 δρειαν
417 5461 579 5512 φημι,
602 5437 1074 5506 πεντακισχιλίους
1090 5435 1335 5495 σταδίους
1357 5429 1789 5501 ἀπέχουσανῬὸ-

213 5544 335 5603 δου,
371 5538 630 5602 κειμένην
653 5534 700 5585 δ’
725 5534 781 5583 έν
811 5530 983 5600 δεξιᾷ,
1012 5528 1064 5580 εί
1092 5544 1173 5589 τις
1202 5529 1258 5588 ές
1280 5527 1338 5577 τὸ
1354 5523 1790 5594 Ἡρακλεωτικὸν

217 5627 504 5696 καταίρειν
549 5624 722 5676 ἐθέλοι
772 5622 945 5686 στόμα
994 5618 1089 5670 τού
1124 5616 1342 5669 Νείλου.
1374 5616 1646 5682 Μέγιστος
1683 5618 1790 5683 γὰρ

217 5724 300 5776 ὢν
324 5718 586 5789 ποταμῶν
609 5720 636 5769 ὁ
667 5716 877 5776 Νεῖλος,
912 5712 1007 5765 καὶ
1036 5712 1162 5779 ὃλην
1186 5708 1362 5777 ἄρδων
1394 5710 1454 5759 ἐκ
1488 5709 1653 5776 μέσου
1697 5706 1793 5773 τήν

224 5820 512 5882 Αἴγυπτον
538 5810 697 5877 μόνος
731 5808 916 5871 αὐτὸς,
971 5802 1262 5873 ὁλόκληρος
1297 5802 1507 5855 κάτεισι
1538 5798 1793 5863 ζωννύιυν

280 5889 303 5914 ι

1886 4617 2086 4673 talibus
2127 4612 2481 4684 Opiniontbus
2534 4609 2814 4662 meliorem
2865 4608 3191 4661 sententiam
3235 4603 3452 4658 caelitus

1883 4708 2158 4777 adeptus:
2196 4704 2365 4769 dicat,
2401 4701 2654 4772 quisquis
2690 4716 2776 4753 me
2811 4700 3007 4752 melius
3042 4698 3167 4752 scit.
3397 4693 3401 4696 ’

1959 4973 2049 5029 IX.
2080 4974 2337 5029 Ceterum
2368 4986 2494 5025 vere
2521 4968 2630 5037 jam
2670 4954 3029 5037 procedente,
3064 4978 3173 5033 quo
3214 4972 3459 5030 tempore

1887 5067 2055 5121 etiam
2086 5064 2335 5119 Pleiades
2366 5062 2639 5130 incipiunt
2668 5072 2949 5128 praecones
2978 5072 3100 5111 esse
3129 5066 3186 5109 et
3215 5069 3456 5124 pnrcur-

1888 5175 2058 5214 sorcs-
2087 5158 2220 5219 diei,
2256 5156 2433 5209 ventis
2465 5151 2727 5206 secundis
2776 5151 2857 5202 usi
2896 5151 2945 5201 in
2999 5150 3168 5200 altum
3215 5144 3458 5214 provecti

1889 5266 2100 5311 sumus,
2136 5258 2196 5303 ut
2244 5248 2440 5317 quinto
2488 5247 2577 5298 dic
2624 5242 3028 5302 Alexandriam,
3072 5240 3363 5292 maximam
3403 5249 3458 5290 ct

1890 5336 2363 5409 opulentissimam
2418 5334 2630 5398 urbem,
2659 5334 2993 5394 veniremus,
3043 5346 3163 5398 quae
3212 5330 3460 5398 quinque

1894 5431 2059 5485 millia
2076 5430 2380 5483 stadiorum
2408 5428 2573 5481 distat
2599 5443 2627 5480 a
2659 5424 2874 5487 Rhodo,
2899 5423 3086 5477 dextra
3115 5424 3242 5485 sita,
3266 5423 3307 5476 si
3336 5420 3463 5489 quis

1895 5525 1946 5576 in
1982 5521 2412 5576 lleracleoticum
2441 5518 2545 5573 Nili
2572 5519 2771 5571 ostium
2802 5517 3093 5570 deturrere
3125 5515 3272 5566 velit.
3302 5513 3462 5567 Nilus

1892 5616 2059 5675 enim,
2096 5614 2388 5666 ﬂuviorum
2423 5614 2712 5674 maximus,
2749 5608 2841 5679 qui
2873 5619 3038 5662 totam
3067 5606 3357 5677 Egyptqu
3391 5622 3457 5659 ex

1895 5708 2076 5761 medio
2095 5708 2245 5759 solus
2274 5705 2481 5773 irrigat,
2512 5721 2577 5757 ex
2609 5702 2989 5773 superioribus
3014 5700 3329 5769 regionibus
3359 5698 3463 5751 ali-

1895 5800 2073 5855 cunde
2103 5809 2257 5854 ortus
2292 5798 2513 5865 cingens
2544 5811 2664 5850 eam
2699 5795 2985 5848 universus
3037 5803 3198 5861 atque
3251 5805 3462 5862 integer
