3990 6386
1412 308 1428 317 “
2066 315 3492 329 ..ἭᾙΜΜ-η-ο-υ-ῌἭ

831 527 1426 644 JOANNIS
1519 526 2080 645 BOlVlNI
2168 524 3002 671 DEDICATlO‘.

1885 785 1960 796 -——

1526 943 1753 1005 ιι]υο
1766 942 1959 1005 VICO
2005 943 2124 1003 MA
2138 942 2329 1006 0N0.

366 1160 492 1225 [tes
523 1178 747 1240 gerere
775 1166 838 1223 et
879 1158 1049 1241 leges
1079 1158 1231 1220 dare
1275 1158 1533 1236 potiulis
1584 1159 1836 1236 regium
1869 1162 1988 1218 est.
2027 1157 2102 1217 At
2136 1172 2262 1217 non
2309 1165 2531 1219 cmtera
2577 1158 2816 1232 omnia,
2853 1160 3104 1220 tametsi
3142 1157 3361 1220 minus
3397 1138 3558 1221 illul

288 1262 437 1325 stria
502 1272 681 1338 sunt,
743 1262 839 1324 sic
895 1260 1215 1340 principes
1276 1276 1543 1339 magnos
1604 1258 1939 1333 dedecent,
1989 1268 2058 1321 ut
2120 1263 2358 1322 artium
2424 1277 2689 1342 quoque
2747 1271 2808 1324 et
2858 1260 3276 1323 scientiarum
3340 1275 3559 1321 curam

292 1367 643 1445 negligere,
683 1366 1053 1443 litterasque
1085 1371 1146 1426 et
1181 1361 1379 1424 libros
1411 1361 1744 1442 aspernari
1797 1361 2093 1425 debeant.
2145 1363 2283 1424 Hoc
2333 1373 2505 1427 certe
2541 1364 2711 1444 apud
2753 1379 2981 1426 omnes
3031 1367 3302 1438 constat,
3341 1363 3561 1426 Histo-

293 1469 531 1546 riarum
571 1465 914 1527 lectionem
946 1464 1162 1526 utilem
1195 1465 1545 1526 admodum
1578 1470 1641 1525 et
1664 1461 2044 1541 frugiferam
2080 1479 2223 1524 esse
2252 1463 2743 1543 imperantibus.
2772 1465 3019 1541 Itaque,
3054 1463 3190 1525 Rex
3219 1463 3569 1542 Augustis-
3720 1544 3723 1545 ν

288 1570 472 1642 sime,
508 1569 623 1648 qui
659 1568 854 1648 hujus
891 1567 1143 1647 generis
1206 1567 1405 1628 libros
1461 1563 1750 1628 oblatum
1822 1562 1970 1627 Tibi
2034 1565 2329 1638 veniunt,
2392 1565 2476 1628 iis
2527 1565 2699 1646 justa
2760 1566 2921 1627 ratio
2981 1582 3109 1628 non
3172 1566 3377 1641 deest,
3440 1582 3617 1665 qua,

288 1670 623 1732 audaciam
656 1687 834 1731 suam
869 1673 1209 1739 excusent;
1247 1685 1463 1747 neque
1500 1668 1662 1729 adeo
1716 1666 1954 1729 mirum
2010 1667 2314 1748 cuiquam
2348 1685 2493 1730 esse
2524 1668 2740 1742 debet,
2780 1667 2953 1747 quod
3009 1684 3129 1745 ego
3178 1666 3297 1729 hos
3347 1684 3569 1730 rerum

293 1771 791 1851 Byzantinarum
826 1764 1335 1831 commentarios
1364 1768 1682 1850 Majestati
1721 1771 1876 1832 Tum
1921 1756 2129 1832 ausim
2171 1766 2430 1833 offerre.
2467 1770 2814 1833 Enimvero
2873 1788 2995 1844 me,
3042 1768 3104 1831 id
3155 1777 3223 1832 ut
3260 1768 3570 1832 facerem-

290 1874 563 1961 priwtee
587 1873 777 1933 etiam
810 1870 1117 1943 rationes,
1150 1885 1221 1931 ac
1255 1887 1348 1932 em
1379 1870 1642 1950 quidem
1678 1888 1925 1949 graves,
1981 1872 2282 1934 timidum
2323 1871 2801 1951 ancipitemque
2862 1871 3312 1951 perpulerunt.
3376 1873 3572 1936 Eccui

290 1973 460 2036 enim
530 1973 769 2035 laboris
809 1974 933 2035 mei
969 1973 1251 2036 fructum
1310 1972 1482 2034 hunc
1539 1980 1603 2035 et
1662 1971 1777 2034 has
1816 1974 1990 2036 velut
2045 1975 2410 2037 studiorum
2449 1974 2769 2053 primitias
2836 1974 3052 2052 potius
3088 1991 3570 2037 consecrassem

288 2096 477 2156 quam
515 2078 684 2153 Tibi,
714 2095 751 2141 a
796 2094 926 2158 quo
956 2073 1018 2141 id
1053 2094 1245 2140 omne
1282 2076 1473 2140 habui
1507 2078 1680 2154 quod
1716 2077 1964 2141 affero?
1995 2082 2090 2141 Tu
2123 2080 2360 2152 otium,
2395 2081 2491 2142 Tu
2525 2078 2751 2154 libros,
2785 2080 2878 2141 Tu
2932 2079 3273 2141 facultates
3328 2094 3575 2159 suppe-

288 2185 536 2247 ditasti.
572 2184 791 2262 Regiis
825 2184 1018 2263 typis,
1051 2183 1269 2261 Regiis
1301 2182 1673 2263 sumptibus
1707 2186 1835 2248 tuis
1870 2184 2149 2263 perfecta
2205 2184 2340 2248 haec
2394 2184 2625 2249 editio.
2680 2187 2862 2267 Opus
2916 2187 3128 2266 ipsum
3190 2203 3416 2267 magna
3469 2187 3576 2249 sui

293 2298 463 2366 parte
494 2307 581 2351 ex
613 2290 1003 2352 Bibliotheca
1038 2290 1165 2350 Tua
1200 2290 1651 2369 prodit.'Quod
1686 2288 1763 2352 ad
1795 2291 2151 2355 Historiam
2210 2291 2312 2352 bis
2362 2291 2547 2355 libris
2607 2291 3139 2372 comprehensam
3198 2293 3452 2359 attinet.
3502 2310 3579 2355 ea

290 2401 385 2454 est
414 2392 767 2470 ejusmodi,
804 2404 870 2456 ut
904 2392 1195 2457 Francici
1242 2380 1527 2456 nominis
1583 2411 1711 2457 non
1763 2395 2084 2460 llmredem
2146 2399 2340 2459 modo
2400 2415 2471 2460 ac
2533 2398 2875 2469 vindicem,
2935 2398 3046 2460 sed
3106 2410 3577 2479 quemcunque

292 2505 669 2567 amatorem,
719 2493 814 2557 vel
884 2496 1091 2575 primo
1147 2496 1535 2559 narrationis
1596 2499 1868 2560 exordio
1924 2500 2137 2560 statim
2197 2499 2474 2562 allectet.
2542 2499 2810 2562 Initium
2845 2500 3089 2580 quippe
3117 2508 3255 2576 .est,
3305 2510 3486 2582 capta
3542 2520 3580 2565 a

290 2598 534 2658 nostris
567 2598 1202 2678 ConstantinOpolis:
1239 2600 1527 2661 divisum
1569 2600 1925 2680 gentilibus
1956 2602 2137 2673 Tuis,
2163 2601 2480 2664 Balduino
2504 2602 2786 2664 Flandro
2819 2613 2878 2664 et
2902 2603 3228 2666 Ludovico
3259 2603 3580 2680 Blesensi,

293 2703 780 2766 nobilissimum
824 2704 1171 2784 imperium
1215 2707 1749 2769 :Comnenorum
1798 2722 1955 2787 epes
2008 2708 2266 2782 accisas;
2325 2708 2494 2769 vires
2542 2708 2773 2770 attrita;
2832 2725 2904 2770 ac
2952 2709 3281 2789 dispersas.
3348 2711 3582 2789 Magna

294 2803 421 2867 llaec
452 2813 520 2867 et
557 2806 873 2884 praeclara.
907 2806 1041 2884 Sed
1063 2806 1343 2870 ulterius
1376 2807 1614 2891 deinde
1644 2809 2001 2890 progressis
2038 2826 2163 2871 non
2204 2810 2449 2872 minora
2483 2819 2875 2874 occurrunt:
2909 2813 3306 2879 Francorum
3342 2810 3591 2891 ingens-

286 2913 641 2986 exercitus,
700 2915 821 2975 sub
870 2912 1108 2976 Christi
1157 2912 1366 2992 signis
1426 2913 1714 2975 militans
1748 2958 1763 2985 ,
1829 2915 1976 2977 Asia
2039 2915 2324 2990 subacta,
2368 2933 2469 2978 res
2517 2923 2680 2978 terra
2737 2922 2797 2978 et
2837 2916 2992 2979 mari
3055 2932 3088 2979 a
3147 2916 3397 2990 Carolo,
3446 2910 3583 2979 divi

293 3013 601 3077 Ludovici
670 3014 888 3090 fratre,
957 3024 1173 3079 contra
1228 3016 1612 3079 Micbaclem
1678 3018 2110 3096 Paleeologum
2170 3019 2425 3082 fortiter
2476 3028 2672 3098 gesta)
2717 3036 2732 3080 :
2783 3019 3234 3082 Calalanorum
3291 3018 3581 3100 denique

291 3126 465 3179 (nam
507 3125 567 3177 et
605 3117 832 3180 borum
867 3117 1063 3198 gloria
1099 3118 1172 3179 ad
1210 3135 1326 3180 nos
1362 3119 1664 3201 pertinet)
1720 3120 2007 3183 victoriae
2049 3121 2472 3185 incredibiles
2518 3122 2597 3184 de
2650 3121 2903 3195 Turcis,
2954 3124 3032 3185 de
3064 3120 3442 3205 Byzantiis,
3497 3121 3579 3185 de

287 3214 566 3275 Achaeis.
602 3214 740 3290 His,
777 3219 907 3277 Rex
934 3218 1235 3291 Maxime,
1270 3220 1669 3281 ornamentis
1726 3221 2079 3300 insignem,
2141 3230 2203 3286 et
2250 3224 2506 3286 virtutis
2568 3223 2895 3287 Francicae
2947 3204 3336 3304 quibusdam
3393 3213 3582 3303 quasi

292 3311 655 3377 luminibus
691 3315 1094 3390 illustratam,
1133 3317 1478 3405 Nicephori
1511 3320 1813 3399 Gregorm
1862 3321 2216 3385 Historiam
2268 3322 2585 3402 benigne,
2638 3330 2706 3386 ut
2757 3340 2974 3402 spero,
3031 3331 3423 3404 excepturus
3484 3341 3578 3387 es.

288 3410 504 3475 Habet
539 3430 683 3476 vero
714 3415 1060 3480 historicus
1098 3418 1237 3499 ipse
1277 3420 1500 3482 laudes
1533 3422 1849 3501 preprias,
1905 3440 2173 3503 quarum
2235 3424 2804 3486 commendatione
2857 3424 3179 3504 Optimum
3214 3423 3581 3505 principem

291 3510 483 3575 facile
519 3517 643 3577 sibi
685 3518 1026 3592 conciliet;
1071 3508 1291 3583 nobile
1320 3523 1483 3601 apud
1531 3538 1687 3584 suos
1725 3522 2102 3604 Philosophi
2140 3540 2406 3599 nomen,
2439 3525 2735 3587 omnium
2766 3525 2901 3588 fe‘re
2946 3525 3385 3588 doctrinarum
3422 3542 3578 3607 pro-

294 3616 649 3680 fessionem
686 3622 1035 3699 publicam,
1068 3623 1537 3702 imperatorum
1574 3624 2083 3688 familiaritatefn
2125 3646 2140 3689 :
2179 3644 2503 3707 supremae
2534 3628 2597 3688 in
2640 3627 2925 3690 Ecclesia
2978 3627 3196 3691 Grmca
3245 3627 3580 3707 dignitatis

295 3722 582 3803 insignia
618 3726 945 3805 repudiata
983 3745 998 3788 :
1031 3736 1090 3789 et
1132 3732 1289 3809 (quo
1342 3731 1504 3791 nihil
1564 3733 1735 3808 apud
1764 3733 1895 3808 Te,
1928 3733 2265 3809 religionis
2308 3750 2475 3796 verm
2530 3733 2964 3809 defensorem,
3019 3734 3225 3816 majus
3280 3734 3580 3798 futurum

299 3825 418 3903 est)
464 3826 711 3889 labores
749 3844 864 3906 pro
915 3838 1083 3892 recta
1116 3830 1263 3892 fidei
1292 3830 1583 3893 doctrina
1617 3834 1693 3895 ad
1731 3842 2097 3894 extremum
2151 3834 2456 3913 spiritum
2500 3833 2874 3898 exhaustos.
2938 3833 3057 3896 Se‘d
3088 3832 3246 3915 quid
3284 3851 3403 3916 ego
3446 3833 3584 3898 bmc

297 3933 559 4007 Tecum,
597 3935 730 3996 Rex
770 3936 1267 4016 Augustissime,
1322 3938 1539 4001 alieno
1576 3939 1767 4018 plane
1813 3939 2150 4020 tempore?
2196 3958 2341 4003 cum
2406 3957 2638 4005 omnes
2679 3941 3108 4020 cogitationes
3148 3943 3320 4003 Tuas
3358 3936 3473 4005 ‘tot
3517 3952 3582 4006 et

305 4044 471 4100 tanta
528 4036 782 4115 negotia
845 4040 973 4101 sibi
1029 4039 1397 4115 vindicant;
1456 4059 1603 4105 cum
1668 4042 1978 4122 cogendae
2039 4046 2477 4122 undecunque
2546 4036 2863 4123 legiones,
2929 4045 3169 4106 classes
3230 4044 3574 4117 armandae,

307 4143 642 4205 munienda
675 4145 950 4225 oppida;
986 4147 1203 4211 hostes
1235 4164 1364 4209 non
1397 4147 1642 4210 nostris
1680 4149 1920 4223 solum,
1967 4149 2078 4211 sed
2125 4157 2189 4211 et
2233 4147 2566 4211 sol-.iorum
2626 4146 2868 4210 ﬁnibus
2915 4146 3217 4222 arcendi;
3263 4164 3410 4210 cum
3462 4150 3577 4213 de-

304 4246 587 4331 niquth
620 4248 1004 4327 p0pulorum
1050 4253 1251 4323 salus,
1312 4256 1374 4314 et
1421 4267 1646 4331 regum
1705 4253 1931 4324 tutela,
1985 4262 2049 4315 et
2101 4251 2295 4315 totius
2358 4267 2522 4328 pene
2556 4251 2737 4313 orbis
2788 4259 3109 4314 terrarum
3165 4268 3319 4314 cura
3363 4253 3575 4329 provi-

304 4349 580 4411 dentiam
617 4353 817 4412 Tuam
851 4351 928 4413 ad
976 4369 1046 4415 se
1087 4359 1410 4415 revocant.
1461 4353 1652 4415 Plura
1708 4355 1965 4416 desino.
2024 4358 2102 4418 At
2153 4357 2275 4427 Tu,
2329 4371 2554 4434 regum
2615 4356 2920 4430 Maxime,
2978 4363 3113 4417 tum
3169 4356 3574 4434 sapientibus

303 4450 620 4526 consiliis,
655 4459 789 4529 tum
837 4453 1034 4514 armis
1079 4451 1451 4516 victricibus
1485 4453 1652 4516 bella
1683 4470 2043 4532 compone;
2085 4463 2175 4528 ut,
2217 4472 2367 4534 pace
2426 4454 2721 4517 hostibus
2778 4454 3114 4533 imperata,
3142 4454 3281 4517 Tibi
3316 4442 3580 4518 et'Tuis

301 4553 558 4633 longum
589 4555 790 4618 vivas.
828 4558 977 4619 Hmc
1005 4563 1156 4619 sunt
1190 4564 1334 4620 vota
1374 4557 1655 4637 publica.
1710 4559 1849 4621 Hoc
1889 4559 2146 4639 religio,
2207 4560 2330 4622 hoc
2382 4560 2663 4622 alumnas
2699 4568 2849 4629 tute,
2889 4567 3058 4621 artes
3108 4568 3170 4621 et
3233 4558 3565 4628 scientiae;

302 4658 421 4721 hoc
451 4662 632 4723 novis
691 4662 985 4742 quotidie
1025 4680 1139 4741 per
1185 4664 1270 4726 Te
1302 4662 1540 4742 Opibus
1585 4662 1918 4738 ﬂorentes,
1968 4664 2359 4727 Bibliotheca
2411 4665 2609 4745 Regia
2673 4670 2734 4729 et
2767 4666 3075 4744 Luparma
3118 4663 3572 4747 Typographia

303 4782 552 4827 meeum
591 4773 853 4829 vovent.

984 5140 1506 5233 JOANNIS
1599 5137 2087 5236 BOIVINI
2190 5138 2885 5280 ramrarto.

366 5481 546 5551 Antius
573 5480 665 5538 hic
706 5479 952 5547 drcimus
981 5492 1209 5553 quartus
1255 5493 1359 5548 est,
1395 5497 1459 5538 ex
1496 5498 1603 5553 quo
1639 5469 1906 5539 Carnlus'
1974 5483 2135 5545 τίθης,
2174 5481 2266 5552 qui
2307 5480 2363 5534 in
2423 5480 2753 5536 bibliotheca
2804 5477 2970 5550 Regia
3011 5472 3369 5542 manuscripti
3400 5456 3584 5535 esst},

298 5572 735 5648 Ducaugtuspvir
787 5575 857 5631 de
911 5577 1106 5631 litteris
1156 5578 1414 5647 praeclare
1458 5577 1707 5642 meritus,
1731 5575 1869 5632 mihi
1979 5582 2122 5639 rent,
2164 5571 2355 5627 Latine
2385 5570 2697 5636 verterem;
2736 5579 2797 5624 ut
2838 5579 3123 5641 postquam
3153 5564 3400 5621 absoluta
3429 5569 3581 5618 esset

299 5680 486 5741 auctor
521 5669 645 5735 luit,
676 5678 739 5737 ut
766 5666 1067 5740 Nicephori
1093 5658 1351 5741 Gregorae
1378 5669 1547 5728 libros
1579 5686 1671 5728 se:
1704 5671 1875 5727 llisto-
1984 5668 2155 5725 editio
2184 5666 2442 5724 Cliron‘ci
2481 5666 2776 5732 Paschalis,
2806 5663 2894 5721 cui
2918 5662 3011 5717 Ille
3031 5672 3251 5715 nianum
3279 5666 3585 5733 extremam
3622 5684 3623 5687 η

532 5763 822 5829 Panes.
866 5764 994 5827 Gn.
1049 5760 1409 5829 CXLVIII."
2080 5771 2093 5785 ’
2316 5853 2365 5859 ᾗ
2587 5856 2593 5859 Α
2728 5758 2743 5771 ’
3028 5858 3031 5863 ι
3144 5758 3167 5817 1
