3990 6506
355 336 412 400 ιι
1653 322 1979 394 JUANNIS
2016 331 2319 395 BUlVlNl
2464 336 2475 351 '
2632 352 2663 371 κ

3540 340 3618 405 12

350 454 681 523 imponebat,
712 449 748 505 ii
778 464 875 507 sex
906 451 1051 514 libri,
1078 449 1143 505 ad
1185 465 1279 504 eos
1320 462 1457 519 quos
1487 445 1716 501 Wollius
1749 447 1936 516 vulga-
1965 451 2008 506 Α
2040 454 2352 500 accuratum
2403 445 2667 503 librorum
2727 466 2841 516 xvi,
2886 451 2938 505 in
2994 466 3105 506 uno
3135 452 3321 508 codice
3360 453 3634 511 Vaticano

351 547 515 598 visset
563 542 830 613 adjuncti,
876 541 1060 613 Regiis
1101 541 1242 613 typis
1302 540 1714 595 mandarentur.
1776 537 1933 591 Eram

351 646 463 692 tum
496 652 598 707 ego
641 635 961 706 colligendis
1003 634 1216 690 Libanii
1260 626 1517 704 Epistolis
1562 633 1840 695 intentus,
1878 638 1936 685 et

354 728 576 782 Latinas
606 726 716 796 jam
759 742 790 780 e
819 725 1024 781 Graecis
1071 724 1310 780 feceram
1351 740 1459 780 non
1510 737 1732 793 paucas.
1774 718 1934 774 Senis

350 819 654 876 doctissimi
692 804 922 873 censilio
966 818 1224 884 juvenem
1258 831 1346 870 me
1387 825 1444 871 et
1475 814 1742 869 novitium
1778 826 1934 882 pare-

348 929 407 969 re
441 926 653 981 a-qumn
698 910 821 965 fuit.
844 908 1085 963 Tametsi
1116 906 1713 979 igitur‘amcenitatibus
1742 915 1798 959 et
1820 905 1933 959 ele-

347 1003 545 1074 gantiis
583 1000 899 1056 Libanianis
945 1001 1084 1053 mire
1136 998 1467 1062 delectabar,
1503 1005 1558 1050 et
1596 999 1664 1051 ab
1702 995 1768 1049 iis
1790 1007 1931 1064 aegre

345 1093 720 1155 discedebam,
754 1100 936 1145 tamen
989 1090 1064 1145 illi
1103 1105 1223 1143 sum
1270 1090 1601 1151 obsecutus;
1639 1087 1803 1156 idque
1866 1098 1933 1139 eo

350 1186 609 1250 maxime,
648 1184 793 1253 quod
845 1182 911 1236 ad
950 1181 1121 1251 ipsius
1172 1179 1584 1234 adhortationes
1638 1175 1934 1231 accedebat

350 1278 602 1333 voluntas
651 1260 1003 1331 illustrissimi
1052 1273 1278 1330 Abhatis
1305 1270 1514 1327 Camilli
1542 1268 1782 1333 Tellerii,
1816 1266 1931 1322 exi-

350 1370 455 1424 mia
486 1368 671 1424 indole
716 1367 1026 1439 praestantis
1056 1373 1114 1421 et
1160 1379 1300 1435 supa
1366 1374 1581 1418 a-tatem
1618 1360 1760 1416 docti
1802 1361 1933 1416 ado-

348 1460 632 1524 lescentis,
678 1459 767 1515 cui
818 1475 906 1514 me
956 1468 1012 1513 et
1057 1472 1173 1512 mea
1206 1455 1388 1511 iitnttia
1439 1453 1620 1509 studia
1649 1466 1930 1516 voveram,

345 1551 694 1608 bibliothecae
727 1551 912 1622 Regina
962 1548 1240 1621 praefecto,
1274 1559 1439 1623 atque
1468 1561 1536 1601 eo
1570 1561 1793 1599 munere
1817 1543 1929 1613 jam

347 1657 461 1700 tum
490 1658 613 1700 sese
644 1645 866 1714 dignum
905 1641 1178 1712 probanti.
1206 1639 1305 1695 llic
1331 1649 1392 1694 ut
1431 1638 1671 1694 laborem
1704 1636 1930 1706 imposi-

345 1748 461 1794 tum
491 1738 757 1793 alacriore
803 1735 989 1790 animo
1023 1733 1383 1803 susciperem,
1414 1730 1578 1785 etiam
1610 1729 1801 1799 patris,
1830 1727 1929 1782 viri

344 1828 566 1893 summi,
595 1828 977 1883 auctoritatem
1037 1825 1385 1895 interposuit,
1414 1838 1523 1878 non
1560 1822 1680 1877 belli
1729 1823 1931 1889 solum,

344 1922 440 1978 sed
493 1930 550 1977 et
584 1920 941 1975 scientiarum
970 1918 1345 1987 bonarumque
1374 1915 1572 1971 artium
1621 1930 1807 1969 curam
1838 1915 1933 1971 de-

343 2010 652 2070 mandatam
687 2028 718 2066 a
750 2011 898 2082 Rege
929 2019 1058 2064 tunc
1086 2008 1433 2064 sustinentis.

415 2103 511 2159 llis
561 2100 824 2172 auspiciis
872 2100 939 2155 ad
993 2100 1163 2155 libros
1190 2098 1444 2170 Gregom:
1479 2096 1927 2167 interpretandos

352 2209 642 2266 aggressus
690 2194 809 2248 lazta
865 2201 921 2246 et
959 2190 1134 2245 fausta
1160 2191 1343 2245 omnia
1377 2190 1509 2245 mihi
1549 2190 1880 2257 Sputtdcljam
1912 2208 1927 2246 :

343 2287 438 2342 sed
493 2301 580 2341 res
649 2285 766 2354 ipsa
820 2282 1136 2354 opinionem
1193 2299 1371 2336 meam
1425 2281 1659 2336 multum
1719 2281 1929 2338 fefellit.

345 2380 558 2435 Etenim
607 2378 799 2448 paucis
830 2386 952 2447 post
984 2377 1177 2431 diebus
1208 2375 1343 2429 obiit
1371 2375 1416 2429 is
1445 2377 1534 2444 qui
1561 2374 1693 2428 mihi
1730 2390 1929 2429 novum

343 2475 448 2529 iter
503 2471 750 2543 ingresso
796 2468 993 2540 praeire
1040 2483 1103 2522 ac
1151 2468 1454 2538 praelucere
1503 2483 1646 2520 unus
1696 2469 1929 2522 maxime

343 2563 591 2621 omnium
626 2571 862 2633 poterat,
898 2561 1139 2631 optimus
1187 2570 1243 2613 et
1271 2559 1678 2613 eruditiss‘mus
1711 2558 1926 2614 Decan-

344 2656 486 2727 gius.
503 2654 617 2709 llac
630 2653 941 2724 Byzantina:
969 2651 1208 2706 historize
1240 2651 1359 2705 l‘aee
1381 2651 1671 2711 exstincta,
1700 2651 1799 2705 via:
1820 2664 1927 2703 non

346 2751 481 2804 satis
509 2761 713 2818 gnarus
747 2745 990 2801 laborem
1035 2758 1099 2798 ac
1148 2741 1485 2812 diligentiam
1517 2742 1763 2797 subsidio
1796 2741 1929 2799 mibi

346 2837 698 2909 comparavi;
739 2846 795 2891 et
832 2851 1030 2893 eorum
1083 2848 1177 2889 sex
1237 2833 1520 2899 librorum,
1568 2850 1798 2903 quorum
1840 2834 1930 2890 ille

345 2932 432 2985 vix
468 2945 635 2985 munt
658 2928 850 2983 Latine
870 2943 1090 2983 versum
1127 2926 1410 2996 proximos
1448 2926 1607 2979 morti
1642 2926 1927 2996 relcgerat,

345 3020 858 3090 interpretationem
892 3019 1158 3090 integram
1190 3027 1309 3086 post
1343 3018 1548 3071 obitum
1581 3020 1698 3084 ejus
1730 3029 1922 3074 utcun-

2038 537 2409 602 exstantium;
2440 553 2674 609 quorum
2710 542 2923 610 primus
2945 550 3091 598 esset
3111 543 3368 611 δευτέρου
3411 544 3632 616 βιϐλίου

2039 629 2194 697 λόγος
2237 630 2303 696 ζ’,
2330 633 2384 688 id
2414 643 2520 696 est,
2548 630 2809 690 Secunda
2857 635 3033 691 Partis
3060 637 3193 691 liber
3220 637 3496 707 septimus,
3521 654 3633 694 seu

2030 722 2205 776 totius
2264 722 2505 779 historiae
2567 725 2817 782 decimus
2883 738 3144 794 octavus;
3202 728 3427 785 ultimus
3489 746 3635 786 vero

2036 813 2454 881 inscriberetur,
2489 817 2806 890 Ῥωμαῖκῆς
2860 822 3102 894 ἱστορίας
3141 819 3244 892 λη’,
3276 836 3372 877 seu
3405 821 3634 895 Byzan-

2036 902 2162 958 tina:
2192 905 2445 961 Historia:
2479 907 2608 962 liber
2640 908 2952 966 XXXVIII.

2105 995 2517 1068 Peropportune
2574 1012 2758 1055 autem
2820 1005 3042 1067 accidit.
3082 1018 3140 1063 ut
3178 1007 3366 1066 Romae
3414 1017 3513 1081 per
3567 1010 3633 1065 id

2037 1097 2259 1157 tempus
2317 1103 2752 1147 commoraretur
2817 1094 2902 1148 vir
2961 1096 3304 1156 humanitate
3358 1102 3629 1173 singulari

2033 1179 2294 1262 praeditus
2337 1179 2381 1234 Ι.
2429 1179 2736 1246 Vivantius,
2796 1186 2856 1241 S.
2914 1187 2978 1241 T.
3029 1188 3230 1255 Doctor
3269 1191 3628 1262 Parisiensis,

2035 1260 2292 1342 idemque
2325 1273 2518 1329 Socius
2562 1276 2920 1335 Sorbonicus.
2945 1279 3119 1353 Hujus
3140 1298 3271 1339 cura
3303 1294 3359 1340 et
3384 1260 3630 1343 Oﬁlciosa

2033 1362 2100 1417 R.
2130 1363 2187 1418 P.
2240 1364 2302 1419 ι).
2351 1365 2695 1438 Stephanotii
2753 1373 3067 1439 sedulitate,
3097 1376 3406 1446 sumptibus
3436 1388 3628 1434 autem

2035 1452 2116 1509 ιιι.
2150 1457 2373 1519 Abbatis
2396 1462 2602 1517 Camilli
2635 1462 2877 1530 Tellerii,
2908 1465 3079 1521 libros
3113 1482 3307 1521 novem
3325 1482 3391 1523 ex
3430 1468 3631 1524 codice

2036 1543 2299 1605 Vaticano
2351 1552 2657 1617 descriptos
2717 1565 2774 1610 et
2828 1556 2999 1611 Ruina
3041 1558 3108 1614 ad
3160 1574 3248 1615 me
3277 1560 3464 1614 allatas
3494 1575 3629 1617 cum

2033 1641 2193 1695 avide
2263 1642 2513 1715 legissem
2548 1685 2562 1709 ,
2618 1647 2979 1703 animadverti
3051 1665 3171 1704 eam
3249 1651 3420 1721 ipsam
3497 1666 3629 1709 esse

2036 1729 2325 1788 Historiam
2381 1736 2810 1805 ecclesiasticam,
2841 1738 2997 1808 cujus
3034 1740 3243 1796 mentio
3294 1741 3433 1797 facta
3470 1751 3630 1798 esset

2034 1839 2066 1879 ι
2100 1825 2400 1882 Possevino
2433 1827 2491 1882 in
2522 1830 2796 1897 Apparalu
2827 1846 2999 1884 sacro.
3037 1830 3100 1884 lli
3145 1848 3340 1887 novem
3372 1833 3516 1903 libri,
3549 1834 3626 1890 ad

2036 1914 2289 1991 undecim
2320 1912 2624 1971 Wolﬁanos
2679 1926 2736 1972 et
2789 1921 2857 1972 ad
2914 1916 3034 1972 illos
3060 1932 3180 1982 sex,
3209 1922 3302 1988 qui
3335 1935 3501 1989 penes
3529 1937 3626 1977 tne

2032 2013 2211 2068 erant,
2252 2002 2480 2075 adiecti,
2526 2004 2786 2060 librorum
2820 2005 3008 2077 viginti
3055 2020 3150 2060 sex
3178 2022 3465 2062 numerum
3497 2008 3623 2063 etii-

2033 2094 2274 2150 ciebant.
2333 2096 2465 2153 Post
2519 2096 2842 2153 vicesimum
2895 2108 3108 2152 sextum
3177 2098 3368 2154 deerat
3437 2099 3625 2156 adhuc

2032 2188 2191 2244 nobis
2221 2189 2513 2245 vicesimus
2561 2190 2846 2260 septimus.
2884 2188 3125 2246 Caeteros
3178 2190 3235 2244 in
3283 2190 3623 2251 bibliotheca

2034 2277 2199 2351 Regia
2239 2281 2596 2345 habebamus,
2643 2280 2883 2352 exceptis
2914 2279 3163 2353 quinque
3203 2280 3428 2343 tiliimis.
3472 2285 3623 2343 Tan-

2032 2373 2155 2426 dem
2185 2381 2239 2427 et
2264 2374 2319 2428 bi
2341 2389 2575 2444 quoque,
2594 2389 2698 2428 una
2716 2389 2837 2430 cum
2868 2375 3129 2431 vicesimo
3146 2377 3395 2448 septimo,
3416 2379 3621 2452 integri

2030 2464 2098 2517 ad
2130 2477 2231 2518 nos
2273 2473 2665 2532 pervenerunt,
2723 2463 2984 2519 Friderici
3019 2465 3365 2535 Rostgaardii
3413 2469 3620 2525 nobilis

2034 2553 2168 2608 Dani
2198 2569 2363 2624 Opera
2414 2562 2471 2608 et
2501 2555 2812 2625 sumptibus
2839 2573 2852 2623 ;
2889 2572 2991 2626 qua
3023 2556 3240 2627 quidem
3275 2557 3343 2615 de
3374 2574 3433 2615 re
3468 2559 3620 2617 inira

2032 2645 2225 2700 fusius.

2102 2746 2250 2797 inter
2299 2744 2417 2799 haec
2448 2744 2704 2813 aequitate
2739 2757 2793 2800 et
2850 2745 3224 2804 moderatione
3258 2750 3478 2807 victoris
3507 2750 3619 2806 Lu-

2030 2834 2208 2891 dovici
2268 2834 2444 2906 Magni
2501 2850 2605 2905 pax
2654 2835 2887 2906 Europae
2942 2840 3190 2894 restituta
3250 2850 3354 2895 est.
3390 2842 3618 2897 Solutus

2025 2933 2136 3004 jam
2188 2929 2508 3000 urgentibus
2554 2928 2860 2985 dillicilium
2896 2939 3199 3001 temporum
3259 2926 3406 2988 curis
3454 2935 3611 3005 regni

2031 3021 2358 3077 administer
2389 3023 2560 3090 (nunc
2613 3020 2855 3077 Francia:
2888 3024 3271 3094 canrellarins)
3301 3024 3615 3081 Ludovicus

343 3129 450 3183 que
477 3111 707 3167 absolvi.
754 3109 905 3166 Bello
956 3111 1173 3165 demum
1228 3108 1398 3164 atroci
1473 3124 1572 3178 per
1620 3108 1929 3183 universam
1959 3130 2002 3187 ο
2038 3113 2514 3168 Ροηειηηιι-ίιήἰιιε
2545 3112 2613 3167 ad
2638 3127 2704 3166 ea
2733 3128 2853 3181 quae
2886 3114 2986 3168 sibi
3020 3116 3397 3171 commendata
3426 3133 3456 3171 a
3486 3132 3617 3188 rege

346 3205 625 3275 EurOpam
679 3201 933 3257 saeviente
990 3202 1294 3271 interrupta
1330 3201 1477 3271 pacis
1519 3215 1704 3269 opera.
1740 3200 1925 3270 itaque

344 3305 400 3351 et
430 3294 683 3365 Gregorze
716 3293 889 3351 neStri
938 3292 1106 3347 editio
1161 3294 1213 3346 in
1258 3292 1405 3346 aliud
1463 3299 1680 3359 tempus
1713 3291 1874 3347 dilata
1913 3311 1927 3346 :

346 3385 439 3442 cui
472 3384 671 3440 deinde
700 3399 851 3439 mora
882 3383 984 3437 alia
1015 3381 1383 3439 funestissima
1413 3383 1635 3447 accidit,
1658 3383 1929 3437 marchio-
1950 3384 1965 3397 ‘

353 3477 443 3532 nis
474 3476 698 3532 Tellerii
723 3475 963 3531 Luvoisii
985 3490 1134 3529 mors
1157 3475 1440 3544 repentina
1462 3491 1477 3540 ;
1498 3490 1616 3544 quae
1649 3476 1933 3544 prieclaras

348 3567 471 3623 illas
546 3566 934 3637 cogitationum
1012 3568 1253 3619 mearum
1326 3577 1453 3632 spes
1523 3562 1748 3617 omnino
1821 3563 1930 3615 fere

350 3658 569 3715 evertit.

415 3748 692 3806 (Sacrum
743 3762 810 3803 ex
866 3747 933 3802 iis
989 3745 1121 3816 ipsis
1152 3745 1387 3816 publicis
1418 3744 1753 3814 privatisque
1782 3742 1928 3799 cala-

347 3842 629 3898 mitatibus
653 3831 1072 3895 fructnm'hunc
1099 3838 1244 3907 cepi,
1274 3836 1419 3907 quod
1445 3835 1577 3890 mihi
1609 3851 1706 3906 per
1737 3833 1926 3890 decen

345 3951 521 3991 annos
552 3950 615 3990 ea
649 3949 772 4003 qum
804 3930 1145 4002 scripsissem
1181 3929 1456 4000 corrigere
1484 3938 1539 3984 et
1562 3944 1839 3995 accurare,
1864 3943 1929 3983 ac

349 4040 609 4101 praeterea
645 4027 778 4081 alios
803 4025 1058 4095 Gregorae
1107 4022 1277 4077 libros
1315 4037 1509 4077 eruere
1540 4038 1569 4076 e
1595 4022 1839 4077 tenebris
1873 4033 1929 4080 et

350 4121 420 4175 ad
455 4119 581 4173 illos
618 4131 758 4186 quos
796 4115 1033 4186 primum
1071 4112 1385 4167 habuissem
1439 4113 1638 4169 addere
1692 4115 1923 4170 vacavit.

348 4209 525 4267 V’ariis
580 4223 780 4278 nempe
820 4205 1072 4260 codicum
1120 4203 1616 4272 manuscriptorum
1672 4204 1928 4274 catalogis

353 4301 610 4376 perlectis
662 4297 930 4360 intellexi,
954 4295 1131 4349 editos
1179 4293 1347 4348 fuisse
1390 4310 1418 4347 a
1451 4294 1761 4363 Niceplioro
1789 4294 1924 4348 Gre-

350 4410 478 4469 gora
509 4392 762 4448 Historia:
791 4391 1097 4460 Byzantina:
1134 4390 1302 4445 libros
1333 4391 1503 4443 multo
1535 4389 1737 4459 plures,
1761 4403 1925 4457 quam

2033 3214 2210 3266 erant,
2250 3204 2400 3273 pacis
2435 3214 2759 3258 ornamenta
2792 3203 3172 3273 amplificanda
3202 3213 3372 3261 totum
3402 3221 3462 3263 se
3488 3207 3614 3263 ani-

2032 3312 2122 3348 mo
2153 3305 2209 3349 et
2238 3293 2570 3364 cogitatione
2600 3296 2889 3347 convertit.
3050 3362 3057 3365 ν
3288 3364 3299 3365 7
3446 3357 3453 3364 _

2105 3382 2384 3451 Luparzeze
2432 3380 2661 3454 gﬂicinae
2716 3389 2873 3449 typos
2923 3364 3183 3447 Grzeeos,
3228 3364 3470 3438 omnium
3518 3383 3615 3453 qui

2033 3481 2274 3543 unquam
2317 3472 2539 3527 fuerunt
2579 3471 3035 3542 elegantissimos,
3067 3472 3290 3529 inutiles
3320 3488 3369 3528 et
3406 3475 3617 3529 otiosos

2030 3580 2226 3618 vacare
2281 3579 2428 3633 aegre
2476 3562 2689 3618 ferebat
2748 3561 2989 3617 Joannes
3043 3562 3245 3618 Paulus
3289 3564 3610 3635 Bignonius,

2034 3655 2201 3709 abbas
2246 3655 2636 3720 nobilissimus,
2683 3657 3082 3711 comes'hodie
3131 3659 3613 3716 consistorianus:

2018 3740 2126 3815 ‘qui
2168 3746 2285 3815 ipso
2344 3746 2469 3799 belli
2529 3744 2796 3816 tempore.
2826 3763 2950 3801 cum
2985 3748 3288 3803 avtmeulus
3334 3751 3615 3805 Panchar-

2032 3838 2256 3891 traanius
2316 3820 2547 3892 itbinitis
2603 3839 2839 3909 negotiis
2883 3839 3320 3910 distringeretur,
3358 3844 3497 3913 reip.
3522 3844 3614 3898 lit-

2036 3930 2249 3985 terat-ia:
2280 3940 2334 3983 et
2385 3931 2785 3985 academiarum
2822 3933 2945 4002 jura
2975 3934 3054 3988 sic
3087 3943 3291 3989 tutatus
3324 3933 3522 3995 fuerat.
3555 3947 3618 3992 ut

2030 4030 2084 4075 et
2110 4037 2240 4077 suus
2271 4021 2468 4076 litteris
2515 4022 2693 4075 bonos
2740 4034 3008 4094 perpetuo
3045 4035 3156 4078 tum
3195 4010 3617 4092 constiterit/et

2029 4116 2158 4169 viris
2208 4114 2532 4168 academicis
2582 4117 2801 4184 przemia
2849 4115 2916 4169 de
2966 4130 3117 4169 more
3149 4117 3423 4185 persoluta
3475 4119 3611 4176 sint.

2030 4206 2088 4258 Ei
2142 4206 2325 4276 igitur,
2373 4203 2577 4275 pacatis
2633 4204 2745 4274 iam
2799 4213 2856 4260 et
2916 4208 3222 4276 tranquillis
3257 4208 3445 4276 rebus,
3483 4226 3613 4265 cura

1998 4300 2152 4352 ‘hazc
2200 4300 2300 4351 tuit
2357 4314 2464 4351 non
2525 4307 2819 4366 postrema.
2877 4296 3094 4352 Graccus
3144 4298 3311 4354 libros
3368 4310 3615 4371 Iyporum

2043 4392 2330 4460 ltegiorum
2365 4390 2485 4441 luce
2536 4389 2828 4442 illustrare.
2856 4386 3013 4443 Unde
3044 4399 3100 4442 et
3127 4406 3234 4451 me,
3267 4391 3428 4463 longo
3454 4393 3614 4448 lami-

351 4492 484 4554 quot
532 4480 649 4536 sive
696 4477 950 4547 impressi
999 4477 1115 4531 sive
1163 4492 1325 4530 manu
1384 4476 1570 4545 scripti
1626 4476 1681 4529 in
1729 4475 1930 4545 pluteis
1964 4479 2007 4532 D
2041 4475 2296 4531 liaritatis
2356 4492 2455 4529 nsu
2504 4478 2879 4543 coniunctum,
2934 4476 3182 4532 hortatus
3228 4489 3333 4542 est,
3365 4491 3423 4534 ut
3452 4478 3614 4534 Nice-

358 4569 542 4640 llegiis
586 4574 887 4635 exstarent.
941 4563 1137 4617 Docuit
1192 4578 1279 4618 me
1332 4563 1603 4624 Labbeus,
1666 4564 1929 4633 repositos

355 4664 525 4718 latere
560 4660 614 4715 in
650 4654 980 4714 bibliotheca
1013 4655 1342 4711 Scorialensi
1396 4656 1563 4710 libros
1594 4657 1710 4727 ejus
1738 4667 1928 4710 aucto-

357 4765 431 4804 rts
476 4746 765 4802 historicos
833 4744 1202 4813 undetriginta
1259 4762 1272 4798 :
1329 4752 1430 4798 nec
1492 4743 1662 4798 multo
1710 4753 1831 4812 post
1865 4745 1927 4797 in

356 4842 598 4898 codicem
628 4837 855 4910 Regium
910 4836 1096 4901 incidi,
1123 4835 1213 4905 qui
1253 4834 1569 4889 vicesimum
1599 4844 1848 4889 oetavun
1878 4845 1931 4888 ct

359 4932 677 4987 vicesimum
721 4944 927 4983 nonum
985 4927 1280 4981 historicos
1314 4926 1565 4989 habebat,
1616 4941 1740 4980 cum
1798 4942 1933 4995 qua-

358 5038 480 5079 tuor
511 5021 832 5092 dogmaticis
858 5017 1203 5089 conjunctos.
1224 5017 1414 5085 Didici
1449 5032 1511 5071 cx
1542 5021 1821 5086 Apparatu
1845 5034 1933 5071 sa-

355 5133 442 5170 cro
482 5113 700 5169 Antonii
751 5111 1031 5168 Possevini
1088 5118 1144 5165 et
1191 5125 1257 5164 ex
1311 5108 1481 5163 veteri
1532 5109 1780 5179 catalogo
1805 5125 1928 5174 ins.,

337 5203 625 5283 asservari
679 5203 735 5258 in
787 5202 1117 5257 bibliotheca
1172 5197 1430 5253 Vaticana
1459 5196 1751 5252 Historiam
1785 5197 1931 5265 ejus-

333 5290 481 5353 'dcm
553 5295 808 5364 Gregorae
881 5290 1327 5354 ecclesiasticam,
1383 5298 1439 5343 et
1489 5290 1621 5344 Acta
1686 5289 1929 5352 concilii,

333 5379 453 5445 {seu
498 5389 581 5460 (ut
629 5387 834 5442 ibidem
881 5387 1127 5453 vocatur)
1158 5382 1557 5453 ΛῌΣΤΡΙΚΗΣ
1594 5379 1857 5433 ΣΥΝΟΔΟ
1874 5380 1931 5446 r,

333 5472 425 5541 lac
455 5480 825 5537 narrationem
861 5477 1262 5549 persecutionis
1312 5476 1368 5530 in
1407 5473 1747 5530 orthodoxos
1777 5484 1934 5526 mum:

334 5558 389 5627 1a
415 5572 719 5628 Palamitis.
758 5569 990 5625 Demum
1024 5566 1091 5621 ll.
1118 5566 1178 5621 P.
1207 5565 1267 5620 ι).
1294 5566 1534 5622 Joannes
1567 5562 1932 5626 Mabillonius,

358 5664 452 5734 qui
484 5673 672 5719 nostra
720 5659 840 5715 haec
891 5657 1072 5715 studia
1111 5655 1402 5727 adjuvandi
1436 5654 1641 5709 nullam
1692 5655 1937 5716 occasio-

356 5774 485 5816 nem
536 5748 921 5831 praetermittit,
971 5749 1396 5810 communicavit
1429 5763 1644 5806 mccum
1688 5746 1930 5804 indicem

2034 4567 2194 4638 phori
2230 4567 2484 4635 Cregora:
2511 4566 2733 4634 scripta,
2767 4580 2887 4634 quia
2930 4575 3119 4636 parata
3163 4568 3363 4623 habere
3395 4584 3614 4625 inesce-

2033 4657 2157 4725 pins
2181 4653 2474 4720 dixissem,
2505 4653 2659 4725 Regii
2694 4654 3047 4724 typographei
3091 4656 3271 4723 praelis
3300 4657 3615 4711 committe-

2034 4762 2146 4802 rem
2179 4747 2603 4815 quamprimum.
2661 4744 2773 4817 Ego
2809 4762 2939 4802 vero
2980 4748 3444 4819 permittentibus,
3504 4751 3614 4805 imo

2029 4837 2356 4905 jnhentibiis
2384 4837 2449 4891 iis
2481 4852 2718 4906 quorum
2768 4854 2980 4893 summa
3026 4850 3111 4894 est
3139 4847 3281 4910 apud
3310 4858 3397 4895 me
3426 4853 3613 4896 aucto-

2036 4937 2188 4993 ritas,
2222 4927 2463 4981 oblatam
2494 4928 2836 4983 occasionem
2860 4929 3042 4985 statim
3069 4930 3311 5000 arripui;
3342 4943 3398 4985 et
3427 4931 3614 5000 paucis

2036 5028 2155 5087 post
2187 5018 2384 5072 diebus
2444 5019 2572 5073 tomi
2629 5019 2790 5088 primi
2824 5020 2992 5076 editio
3038 5034 3214 5090 coepta
3261 5035 3364 5078 est.
3411 5025 3527 5088 Qua
3557 5023 3612 5077 in
3684 5020 3690 5032 '

2036 5117 2212 5176 parte,
2247 5107 2505 5177 quoniam
2546 5094 2795 5164 'Woltius
2831 5108 2964 5163 mihi
3022 5110 3404 5180 pra:ivil,quid
3440 5113 3613 5182 priva-
3700 5110 3707 5121 ’

2038 5202 2131 5253 tim
2169 5202 2280 5270 ipse
2309 5202 2654 5270 praestiterim
2686 5217 2976 5272 exponam.

2108 5291 2256 5346 Inter
2300 5292 2519 5347 codices
2567 5295 2972 5364 manuscriptos
3036 5296 3384 5351 bibliothecas
3434 5295 3613 5365 Regia:

2038 5398 2182 5438 unus
2214 5384 2558 5451 chartaecus,
2587 5385 2673 5438 cui
2708 5385 3006 5457 inscriptus
3036 5398 3121 5443 est
3167 5405 3428 5444 numerus
3449 5389 3613 5452 25.38,

2039 5484 2234 5546 praeter
2273 5477 2554 5531 historiam
2611 5491 2832 5533 omnem
2873 5479 3392 5552 Pachymerianam,
3448 5481 3614 5536 libros

2036 5568 2289 5640 Gregnree
2323 5569 2612 5626 historicos
2664 5572 2920 5628 undecim
2972 5576 3371 5645 complectiur,
3402 5591 3498 5629 eos
3536 5576 3614 5628 vi-

2037 5661 2237 5717 delicet
2253 5662 2345 5730 qui
2368 5679 2396 5716 a
2414 5661 2609 5719 Wollio
2636 5665 2872 5734 primum
2896 5666 3025 5721 editi
3053 5675 3203 5721 sunt.
3236 5666 3291 5721 In
3321 5683 3386 5721 eo
3403 5667 3612 5732 codice,

2039 5753 2192 5811 home
2222 5753 2425 5824 alioqui
2481 5744 2620 5813 no‘ta:
2660 5765 2714 5813 et
2766 5757 2898 5815 satis
2926 5761 3151 5828 antiquo
3183 5762 3326 5827 (nam
3378 5762 3637 5816 serimus.
