3990 6470
432 384 495 445 15
1745 383 2065 446 IOANNIS
2106 384 2400 446 BOIVINI
3606 385 3672 449 iﬁ

426 510 535 561 tem
572 516 706 556 mete
738 500 859 557 lidei
908 501 1390 557 commendaverat
1424 500 1611 572 optimi
1641 502 1809 572 patris
1866 502 2008 558 iilius
2030 507 2086 569 Α
2114 504 2293 559 tribus
2328 518 2437 558 non
2470 502 2597 558 totis
2622 504 2884 573 exceptis,
2919 500 3164 571 castigati
3192 516 3258 557 ex
3283 501 3549 558 Vaticano
3577 520 3676 560 ex-

420 591 775 664 dignissimus
806 590 1095 663 Philippus
1133 592 1463 662 Ducangius,
1495 592 1739 648 Francia}
1763 603 1999 662 quaestor

421 684 568 752 apud
594 683 862 739 Pictavos.
891 683 990 740 llis
1035 684 1285 754 partibus
1317 700 1382 739 ac
1415 683 1660 738 numeris
1689 682 1858 737 editio
1875 683 2003 757 haec

425 770 613 846 Regia‘
639 773 825 829 din‘ert
871 789 901 829 a
948 774 1181 847 vulgatis
1215 792 1228 829 :
1256 790 1396 845 quas
1444 789 1548 845 ego
1576 775 1643 829 ad
1674 775 1821 830 hunc
1853 773 1999 829 diem

421 881 597 935 usque
646 882 754 920 non
806 867 993 937 plures
1042 867 1152 922 vidi
1185 883 1345 937 quam
1396 879 1660 938 quatuor;
1692 868 1786 923 Sex
1817 875 2002 921 tamen

422 958 764 1040 prodierunt,
794 971 888 1013 aut
909 959 1100 1014 saltem
1120 958 1385 1029 quinque.
1406 958 1639 1013 Primam
1668 971 1814 1013 anno
1862 956 2001 1012 1559

423 1050 609 1106 Graece
641 1058 695 1105 et
726 1050 919 1107 Latine
963 1052 1019 1105 in
1050 1050 1343 1106 Germania
1387 1051 1658 1121 prodiisse
1692 1049 2003 1106 Fridericus

427 1142 820 1214 ltostgaardius
872 1141 1163 1213 colligebat
1220 1158 1285 1197 ex
1335 1141 1601 1198 Woliiana
1658 1141 2000 1208 Prsefatione,

422 1250 541 1289 seu'
575 1234 760 1305 potius
811 1234 1054 1304 Epistola
1104 1234 1526 1305 prosplionetica
1582 1232 1651 1288 ad
1705 1232 2001 1288 Antonium

426 1327 757 1398 Fuggerum,
800 1325 891 1381 illo
941 1326 1059 1397 ipso
1082 1342 1225 1381 anno
1256 1328 1403 1382 data.
1430 1325 1543 1381 Hoc
1574 1327 1753 1396 posito
1780 1323 1878 1398 (ὁ),
1914 1339 2003 1379 se-

423 1421 597 1475 cunda
628 1418 797 1473 fuerit
822 1434 885 1474 ea
914 1435 1035 1490 qua:
1063 1418 1254 1474 Latine
1288 1418 1492 1490 prodiit
1519 1418 1740 1475 Basileaa
1765 1433 1815 1475 a.
1842 1418 2001 1473 1562.

422 1509 627 1576 Tertia,
681 1524 802 1580 quas
862 1508 981 1565 Lat.
1043 1509 1215 1566 Paris.
1274 1525 1327 1565 a.
1384 1510 1542 1567 1567.
1603 1509 1829 1576 Quarta,
1883 1524 2004 1581 qua:

423 1601 626 1667 Italico,
657 1603 957 1672 interprete
995 1601 1132 1656 Lud.
1178 1599 1352 1666 Dulei,
1377 1609 1671 1655 accurante
1700 1602 2004 1672 Augustino

422 1692 725 1759 Ferentilli,
758 1691 955 1750 Venet.
990 1709 1042 1747 a.
1079 1692 1217 1747 1569
1275 1691 1414 1747 ἰη-ιι.
1440 1691 1663 1759 Quinta,
1700 1686 1820 1762 quae
1876 1690 2001 1746 Lat.

420 1784 767 1840 Francofurti
838 1785 906 1840 ad
969 1783 1249 1848 Manum,
1309 1798 1361 1839 a.
1418 1783 1575 1837 1587.
1631 1782 1819 1849 Sexta,
1882 1798 2003 1850 quae

418 1877 604 1933 amco
662 1886 717 1932 ct
762 1876 978 1943 Latine,
1033 1876 1276 1932 Colonia:
1314 1876 1683 1944 Allobrogum,
1732 1890 1783 1930 a.
1840 1875 1997 1943 isis
2038 1854 2079 1910 Β

420 1967 663 2024 Hankius
709 1968 960 2039 Grcgorae
1012 1966 1304 2021 Historiam
1363 1963 1604 2020 Coloniae
1670 1962 2004 2017 Planicianze

418 2063 582 2118 etiam
643 2076 695 2115 a.
750 2059 814 2116 C.
870 2058 1010 2114 1616
1066 2059 1268 2114 editam
1321 2056 1610 2122 observat;
1667 2054 2006 2109 Wartbonus

419 2153 554 2208 duas
589 2149 1076 2206 Francofurtenses
1120 2157 1414 2214 numerat;
1464 2148 1694 2219 primam
1748 2161 1800 2198 a.
1837 2146 1999 2213 1568,

418 2242 709 2300 secundam
743 2256 794 2296 a.
831 2240 990 2296 1587.

436 2370 441 2374 ’
487 2378 547 2433 in
580 2386 733 2432 tomo
758 2373 998 2436 secundo
1029 2373 1113 2429 usi
1165 2389 1356 2431 sumus
1403 2373 1621 2432 duobus
1650 2374 1998 2446 apographis,

419 2479 653 2538 utroque
710 2481 778 2523 ex
849 2463 1131 2522 veteribus
1200 2463 1604 2536 exetuplaribus
1658 2463 1847 2520 Beluae
1899 2466 1998 2520 de-

420 2561 648 2630 scripto.

488 2692 734 2748 Primum
768 2690 1162 2764 apograpbum,
1200 2687 1343 2759 quod
1378 2688 1434 2743 in
1465 2685 1793 2742 bibliotheca
1828 2685 1996 2757 Regia

421 2796 597 2844 exstat
625 2802 857 2843 numero
879 2785 1043 2853 2079,
1069 2785 1230 2841 docta
1272 2793 1327 2840 et
1376 2783 1612 2854 eleganti
1669 2799 1832 2837 manu
1869 2792 1995 2837 ante

420 2896 594 2937 annos
625 2881 753 2951 plus
782 2887 1003 2935 centum
1046 2886 1101 2933 et
1131 2877 1522 2949 quinquaginta
1554 2883 1831 2933 exaratum
1871 2866 1995 2939 fuit,

420 2984 479 3029 nt
517 2980 679 3043 patet
708 2987 774 3027 ex
835 2970 1008 3041 ipsius
1060 2968 1267 3025 librarii
1298 2968 1631 3034 testimonio,
1655 2968 1744 3039 qui
1776 2975 1998 3037 peracto

419 3081 582 3137 opere
613 3068 729 3120 haec
766 3061 1087 3133 subscripsit
1117 3077 1132 3115 :
1170 3060 1333 3124 Τέλος
1360 3060 1554 3114 ἔλαόεν
1582 3060 1739 3113 τοῦτο
1770 3058 1832 3111 τὸ
1872 3059 1997 3112 σύν-

419 3174 604 3227 ταγμα
647 3159 713 3227 τῇ
757 3152 1203 3226 ὀκτωκαιδεκάτῃ
1251 3151 1345 3205 τοῦ
1391 3151 1715 3223 ὀκτωϐρίου,
1757 3150 1866 3203 ἔτει
1910 3168 1995 3220 χι-
2021 3182 2066 3243 c

419 3249 617 3317 λιοστῷ
646 3244 1086 3314 πεντακοσιοστῷ
1119 3242 1542 3313 τεσσαρακοστῷ
1571 3243 1761 3313 τρίτῳ,
1787 3241 1992 3310 σπουδῇ

418 3343 511 3395 καὶ
539 3340 830 3410 φιλοπονίᾳ
866 3338 1238 3409 Χριστοφόρου
1276 3335 1371 3389 τοῦ
1416 3335 1672 3405 Ἀουέρου
1707 3333 1991 3405 Γερμανοῦ

421 3432 946 3504 μεταγεγραμμένον
968 3446 985 3463 ο
1016 3428 1267 3500 δαψιλείᾳ
1292 3428 1351 3482 δὲ
1373 3427 1472 3481 καὶ
1490 3425 1739 3497 φλογερῷ
1770 3425 1903 3496 πρὸς
1928 3427 1995 3479 τὰ

423 3523 725 3594 μαθήματα
771 3521 922 3591 πόθῳ
971 3518 1246 3591 Γεωργίου
1298 3517 1394 3572 τοῦ
1454 3518 1849 3589 ’Δρμηνιοικοῦ,
1900 3518 1993 3571 τοῦ

434 3612 731 3671 Ῥουοένων
756 3608 853 3664 καὶ
883 3608 1109 3680 Βάόρων
1138 3608 1457 3671 ἐπισκόπου,
1491 3606 1629 3674 πρὸς
1670 3605 1878 3659 Παῦλον
1902 3607 1995 3658 τὸν

417 3706 621 3775 τριτον,
657 3702 726 3755 τὰ
751 3702 850 3771 τῆς
892 3698 1189 3770 ἱερωσύνης
1208 3698 1635 3770 χοἰκονομοῦντιι,
1666 3697 1818 3767 παρὰ
1854 3696 1996 3749 Κελ-

419 3796 530 3851 τῶν
571 3793 836 3866 βασιλέως
887 3792 947 3845 ὲν
991 3793 1061 3863 τῇ
1102 3790 1291 3862 Ῥώμῃ
1328 3793 1397 3861 τῇ
1436 3788 1577 3842 πάνυ
1622 3787 1999 3858 πρεσϐεύσαν-

419 3903 531 3948 τος.
552 3883 605 3940 id
631 3891 722 3939 est
748 3900 762 3913 ·
793 3880 1102 3936 Absolutum
1128 3887 1204 3934 est
1249 3878 1342 3932 ’,σε
1375 3894 1504 3947 opus
1535 3877 1772 3932 Octobris
1796 3878 1879 3931 die
1909 3876 1995 3941 18,

419 3991 559 4032 om
611 3975 753 4030 1545
799 3971 1159 4042 Christopltori
1209 3970 1377 4024 Atoeri
1435 3967 1686 4025 Germani
1732 3984 1888 4037 Opera
1935 3984 1999 4023 ac

419 4068 693 4141 diligentia
723 4066 1140 4133 tr‘unscriptum;
1168 4062 1528 4132 muniﬁcentia
1553 4073 1726 4117 autem
1757 4075 1804 4116 et
1823 4063 1998 4116 studio

420 4161 477 4211 in
507 4158 710 4212 litteras
767 4153 1138 4209 ardentissimo
1200 4151 1411 4223 Georgii
1471 4151 1775 4205 Armeniaci
1810 4149 1999 4217 (D‘Ar-

423 4250 668 4319 magnae)
696 4246 1021 4301 Rutenorum
1049 4253 1099 4298 et
1144 4242 1439 4297 Vabrorum
1474 4242 1726 4312 episc0pi,
1750 4257 1783 4293 α
1813 4240 1996 4295 Gallo-

425 4357 541 4394 rum
569 4355 685 4410 rege
711 4341 778 4392 ad
811 4351 1079 4393 summum
1102 4334 1401 4411 pontiﬁcem
1436 4331 1667 4386 Paulum
1708 4330 1798 4384 Ill
1841 4329 1998 4400 legati

427 4432 640 4486 Romam
685 4431 854 4484 missi.
914 4429 994 4484 Ex
1031 4414 1287 4483 boc‘cod.
1323 4423 1489 4479 libros
1531 4421 1689 4476 Tomi
1718 4421 1873 4475 iSlitlS
1908 4436 1996 4476 se-

2106 594 2374 664 emplari;
2406 610 2531 650 cum
2559 609 2669 664 quo
2700 594 2966 651 lectiones
2998 594 3192 649 dubias
3221 594 3553 651 contulimus
3575 612 3676 666 per

2106 686 2251 740 viros
2283 685 2707 752 eruditissimos,
2742 701 2878 756 quos
2913 686 3117 742 laboris
3163 686 3329 755 hujus
3360 702 3458 757 per
3486 702 3548 743 se
3586 688 3674 742 in-

2105 770 2242 843 grati
2278 770 2497 825 taedium
2528 786 2591 827 ac
2638 772 2915 827 fastidium
2948 782 3139 827 nostra
3178 782 3232 829 et
3260 775 3491 845 publica;
3518 776 3675 830 utili-

2106 861 2233 917 tatis
2264 878 2425 917 causa
2459 860 2604 918 ferre
2634 878 2743 917 non
2778 863 2971 933 piguit.
3006 862 3193 934 Itaque
3224 864 3290 920 iis
3320 865 3424 921 hoc
3451 865 3593 933 loco,
3625 868 3675 922 si

2105 952 2265 1008 facile
2296 963 2637 1023 paterentur,
2684 970 2908 1027 magnas
2941 957 3144 1027 gratias
3181 971 3499 1028 ageremus;
3533 975 3677 1029 prae-

2106 1040 2296 1101 sértim
2332 1044 2620 1100 abbatibus
2652 1045 3059 1115 illustrissimis,
3110 1046 3403 1103 Laurentio
3435 1049 3676 1119 Alexan-

2104 1136 2203 1193 dro
2249 1136 2569 1209 Zaccagnio,
2619 1148 2673 1194 et
2704 1137 2769 1193 ii.
2812 1138 2874 1195 P.
2923 1140 2988 1194 Ι).
3015 1139 3289 1205 Delmiro;
3342 1141 3678 1210 quibiblio-

2107 1226 2277 1282 theca:
2306 1226 2578 1299 Yaticante
2617 1228 2856 1300 prazfccti
2887 1230 3156 1285 creditum
3187 1230 3291 1286 sibi
3348 1234 3681 1302 pretiosissi-

2107 1334 2255 1372 mum
2290 1319 2605 1374 thesaurum
2638 1336 2703 1375 ea
2738 1321 2842 1376 fide
2890 1323 3161 1390 integrum
3201 1335 3252 1378 et
3286 1323 3548 1379 illibatum
3575 1341 3677 1378 eu-

2107 1410 2374 1476 stodiunt,
2428 1422 2489 1466 ut
2538 1422 2720 1467 tamen
2766 1429 3019 1484 magnum
3053 1429 3121 1467 ex
3157 1428 3225 1468 eo
3274 1417 3678 1472 communicato

2109 1500 2343 1556 fructum
2376 1518 2569 1556 omnes
2596 1504 2797 1559 eruditi
2832 1505 3159 1575 percipiant,
3193 1515 3352 1574 atque
3376 1522 3440 1561 ex
3469 1507 3557 1562 illa
3589 1520 3679 1562 to-

2107 1593 2214 1645 tius
2265 1594 2491 1648 litterati
2526 1594 2674 1649 orbis
2709 1595 2831 1650 luce
2880 1596 3176 1667 conspicua
3208 1597 3413 1652 ciarum
3464 1599 3566 1655 sibi
3611 1615 3681 1654 ac

2106 1682 2221 1737 suis
2256 1682 2437 1737 lumen
2471 1683 2794 1740 accendant.
2831 1684 2903 1739 Er
2933 1686 3025 1741 illo
3058 1688 3176 1758 ipso
3212 1687 3469 1742 Vaticano
3495 1702 3681 1743 exem-

2108 1774 2247 1843 plari
2282 1776 2472 1840 libros,
2504 1788 2564 1831 ut
2588 1777 2698 1849 jam
2735 1779 2867 1843 dixi,
2898 1781 3138 1850 quinque
3171 1781 3411 1850 integros
3437 1780 3680 1836 Frideri-

2108 1882 2204 1921 cus
2235 1865 2627 1940 Rostgaardius
2669 1886 2764 1940 per
2800 1872 3078 1926 hominem
3110 1872 3409 1938 eruditum,
3449 1873 3677 1943 p0pulao

2107 1975 2221 2015 rem
2252 1974 2433 2027 suum,
2473 1964 2833 2034 transcriptos
2865 1964 3209 2021 bibliotheca
3243 1965 3425 2037 Regia:
3451 1966 3677 2034 dicavit,

2106 2066 2379 2121 suumque
2416 2052 2545 2108 illud
2588 2065 2776 2110 votum
2822 2056 3059 2127 praefixis
3098 2058 3438 2131 elegantibus
3482 2060 3681 2113 beroe-

2104 2142 2239 2212 legis
2273 2144 2640 2215 consignavit.
2695 2146 2799 2202 Sed
2836 2149 2903 2203 de
2943 2148 3010 2204 iis
3061 2150 3215 2205 libris
3248 2149 3380 2205 alias
3411 2159 3680 2220 opportu-

2103 2236 2251 2289 nius.
2292 2233 2580 2291 Pertinent
2609 2237 2754 2292 enim
2783 2238 2849 2293 ad
2878 2240 3096 2295 tertium
3131 2247 3364 2294 tomum.

2176 2325 2354 2382 Varia:
2400 2327 2667 2384 lectiones
2697 2329 2858 2384 nulla:
2886 2329 3003 2385 fere
3047 2332 3101 2384 in
3129 2331 3292 2401 hujus
3331 2331 3504 2402 partis
3534 2345 3680 2386 mar-

2103 2417 2319 2488 ginibus
2352 2419 2628 2475 adnotata:
2662 2430 2830 2489 sunt;
2882 2423 3139 2492 quoniam
3168 2437 3358 2478 eorum
3383 2423 3675 2486 librorum,

2101 2509 2301 2578 quibus
2334 2511 2665 2566 constathic
2698 2520 2899 2578 tomus,
2933 2512 3153 2567 unicum
3180 2513 3458 2583 exemplar
3486 2528 3678 2583 posse-

2100 2600 2301 2656 dimus.
2360 2597 2592 2657 Unicum
2645 2602 2801 2658 dico:
2852 2619 2977 2659 nam
3031 2603 3293 2660 Vaticana
3339 2605 3675 2676 exemplaria

2103 2707 2199 2747 nec
2228 2708 2395 2763 penes
2436 2709 2537 2749 nos
2570 2693 2816 2761 fuerunt,
2852 2712 2951 2752 nec
2980 2713 3079 2768 pro
3112 2698 3342 2754 diversis
3369 2699 3674 2768 reputanda

2102 2793 2253 2848 sunt,
2288 2800 2414 2841 cum
2445 2795 2630 2841 nostra
2661 2802 2725 2841 ex
2756 2787 2823 2843 iis
2853 2789 3121 2860 descripta
3150 2792 3281 2845 sint.
3313 2791 3460 2856 Quas
3489 2800 3675 2846 autem

2100 2892 2163 2931 ex
2199 2876 2267 2932 iis
2305 2878 2570 2933 lectiones
2605 2895 2635 2933 a
2668 2879 2802 2935 viris
2843 2880 3016 2936 doctis
3061 2882 3436 2953 suppeditatas
3478 2883 3677 2939 habui-

2102 2985 2243 3031 mus,
2277 2984 2394 3036 eas,
2454 2979 2513 3026 ut
2543 2987 2727 3025 veram
2761 2981 2813 3026 et
2846 2972 3139 3041 genuinam
3176 2973 3524 3042 scripturam,
3559 2989 3673 3028 non

2101 3058 2153 3113 in
2192 3060 2488 3130 margines,
2532 3063 2629 3116 sed
2661 3063 2715 3117 in
2750 3065 2982 3116 mediam
3017 3064 3267 3132 paginam
3296 3076 3364 3135 _et
3410 3065 3464 3119 in
3492 3064 3674 3134 ipsum

2102 3152 2183 3224 (ut
2233 3151 2412 3224 aiunt)
2471 3164 2785 3209 contextum
2850 3156 3266 3221 transtulimus;
3326 3157 3569 3227 exceptis
3607 3156 3676 3211 iis

2098 3258 2234 3312 quas
2275 3244 2342 3299 ab
2370 3245 2544 3299 amico
2578 3243 2901 3299 charissimo
2946 3245 3221 3301 Ludovico
3265 3245 3465 3301 Tarnio
3496 3262 3676 3318 nuper

2099 3334 2291 3389 allatas
2319 3335 2389 3391 ad
2426 3334 2629 3391 calcem
2665 3336 2794 3390 tomi
2826 3337 3055 3391 secundi
3087 3336 3139 3390 in
3170 3345 3331 3392 notas
3361 3338 3671 3393 retulimus.

2171 3426 2436 3497 Equidem
2483 3426 2586 3482 hoc
2619 3427 2741 3483 loco
2779 3435 3083 3497 temperare
3117 3428 3249 3482 mihi
3280 3442 3389 3483 non
3422 3444 3674 3500 possunt,

2098 3519 2229 3588 quin
2278 3528 2334 3573 et
2359 3534 2479 3573 mea
2509 3527 2564 3574 et
2594 3517 2889 3589 Nicephori
2920 3517 3176 3590 Gri-gora}
3206 3534 3368 3575 causa
3423 3520 3631 3575 doleam
3656 3536 3671 3585 ;

2099 3609 2242 3680 quod
2295 3625 2418 3664 cum
2451 3610 2537 3665 hic
2566 3626 2664 3681 per
2708 3627 2808 3665 nos
2853 3622 3058 3681 posset,
3090 3626 3197 3666 non
3247 3611 3411 3666 modo
3436 3611 3673 3680 integer,

2099 3702 2195 3755 sed
2252 3702 2415 3755 etiam
2458 3712 2637 3757 tersus
2681 3710 2739 3756 et
2778 3701 3014 3766 limatus,
3065 3702 3122 3755 in
3156 3702 3432 3783 publicum
3472 3703 3673 3766 emitti,

2087 3792 2243 3847 idem
2274 3801 2457 3847 tamen
2494 3793 2740 3863 pluribus
2771 3794 3005 3848 fortasse
3039 3792 3268 3848 maculis
3295 3808 3575 3862 respersus
3608 3809 3675 3849 ac

2099 3884 2363 3940 deformis
2393 3884 2568 3940 lucem
2602 3886 2822 3940 demum
2873 3884 3127 3954 aspiciat.
3168 3884 3309 3939 Fieri
3340 3884 3485 3940 enim
3527 3885 3672 3939 baun‘

2101 3976 2301 4045 potuit,
2342 3984 2402 4030 ut
2446 3991 2555 4030 non
2602 3976 2769 4030 multa
2808 3975 2858 4029 in
2909 3976 3221 4046 apograplio
3251 3975 3674 4029 mendosissimo

2100 4068 2290 4122 oculos
2328 4082 2478 4122 meos
2525 4066 2785 4139 fugerint,
2846 4079 2902 4122 et
2950 4068 3249 4121 incorrecta
3284 4067 3669 4121 remanserint.

2101 4155 2323 4211 Poterat
2354 4168 2539 4211 autem
2572 4157 2659 4211 hic
2686 4158 2927 4224 scriptor
2962 4156 3121 4225 longe
3150 4157 3460 4227 castigatior
3490 4158 3606 4212 dari
3639 4174 3669 4211 a

2100 4245 2278 4311 nobis,
2331 4246 2375 4299 si
2425 4262 2545 4316 qua:
2576 4248 2630 4300 in
2681 4247 2881 4316 pluteis
2923 4244 3198 4301 Vaticanis
3229 4256 3413 4301 vetera
3454 4256 3674 4302 exstant

2103 4334 2459 4404 exemplaria,
2508 4350 2570 4389 ca
2604 4351 2774 4405 penes
2822 4351 2921 4390 nos
2970 4335 3220 4390 fuissent.
3271 4337 3377 4399 Sed
3412 4337 3669 4391 nimirum

2103 4426 2196 4479 uni
2228 4441 2337 4479 non
2379 4427 2559 4481 omnia
2593 4427 2717 4481 data
2770 4437 2919 4482 sunt.
2950 4426 3105 4492 Quod
3136 4439 3314 4482 autem
3359 4429 3537 4484 facere
3569 4444 3671 4497 ego

425 4522 588 4578 eundi
619 4538 713 4579 sex
766 4521 979 4592 priores
1030 4525 1283 4574 accurate
1332 4513 1635 4583 descriptos
1666 4516 1812 4584 (nam
1847 4512 1995 4568 codi-
2030 4509 2073 4561 υ
2104 4531 2214 4569 non
2261 4515 2433 4586 potui,
2480 4515 2533 4571 id
2580 4516 2851 4587 quondam
2895 4518 3147 4596 fortasse,
3178 4518 3224 4573 si
3263 4518 3395 4572 tanti
3436 4531 3524 4571 res
3546 4530 3672 4571 esse

425 4630 542 4671 cem
568 4614 744 4682 ipsum
792 4610 1082 4683 quominus
1132 4605 1482 4679 typographis
1530 4605 1996 4659 connnitlcremus

427 4708 614 4777 religio
646 4705 805 4761 nobis
834 4706 981 4775 fuit),
1008 4702 1149 4774 typis
1182 4696 1565 4768 exprime-nidos
1593 4696 1922 4749 curavimus.

491 4800 733 4854 Alterum
767 4797 1162 4868 apograpiium,
1215 4798 1340 4844 ante
1372 4790 1472 4843 hos
1523 4787 1763 4858 quinque
1814 4800 1990 4840 annos

426 4888 612 4945 Roma:
662 4887 1024 4958 scriptum'et
1070 4898 1100 4936 a
1150 4879 1453 4936 clarissimo
1505 4877 1620 4931 viro
1663 4876 1701 4931 l.
1739 4874 1991 4929 Vivantio

428 4979 691 5034 Lutetiam
721 4979 962 5039 allatum,
1004 4972 1160 5028 valde
1196 4970 1517 5025 mendosum
1553 4975 1689 5021 erat.
1724 4965 1990 5020 N'miruni

427 5082 484 5125 ut
516 5071 655 5139 apud
691 5082 812 5131 nos,
866 5068 939 5120 ita
987 5063 1150 5118 etiam
1182 5056 1370 5114 Romae
1408 5071 1602 5127 magna
1637 5064 1721 5110 est
1747 5050 1992 5124 paucitas

424 5180 614 5221 eorum
641 5160 1119 5233 calligrapliorum,
1146 5155 1237 5227 qui
1270 5168 1493 5210 manum
1527 5154 1581 5207 in
1608 5151 1810 5207 Graecis
1836 5166 1991 5205 exer-

423 5257 641 5310 citatam
676 5255 951 5317 habeant;
999 5250 1241 5317 adeoque
1272 5259 1496 5301 necesse
1535 5253 1617 5299 est
1643 5243 1710 5297 ad
1740 5241 1992 5297 librarios

422 5348 587 5401 rudes
617 5346 672 5399 e‘t
698 5343 982 5413 imperitos
1013 5353 1316 5400 recurrere,
1351 5337 1783 5407 quotiescunque
1817 5334 1993 5405 agitur

420 5437 486 5489 de
513 5432 882 5493 exscribendis
911 5431 1189 5487 codicibus
1228 5426 1453 5482 Graeis.
1485 5424 1562 5479 Ex
1587 5439 1652 5479 eo
1683 5423 1993 5495 apOgrapho

421 5527 694 5597 prodeunt
721 5525 883 5581 hodie
907 5526 958 5579 in
996 5526 1175 5579 lucem
1202 5520 1326 5577 libri
1353 5529 1582 5590 septem,
1607 5516 1991 5587 qui’reliquam

421 5621 585 5689 hujus
618 5620 748 5674 tomi
785 5618 1010 5675 secundi
1042 5625 1253 5689 partem
1283 5612 1544 5684 explent;
1587 5609 1755 5680 iique,
1787 5608 1991 5666 ultimis

495 5780 566 5852 (δ)
608 5781 727 5838 vn.
762 5736 1097 5846 Fabricium,
1124 5738 1263 5831 intra
1307 5772 1416 5830 col:
1447 5773 1516 5829 99
1538 5772 1602 5827 c.

2101 4607 2395 4672 videbitur,
2422 4606 2631 4661 felicior
2658 4607 2883 4661 alterius
2911 4609 3175 4662 industria
3207 4607 3505 4678 prmstabit.

2169 4698 2249 4752 Ad
2281 4697 2530 4752 Latinam
2584 4699 3090 4766 interpretationem
3125 4709 3366 4753 nostram
3411 4697 3558 4766 quod
3588 4708 3675 4752 at.

2102 4790 2259 4850 tinet,
2301 4789 2586 4859 scriptoris
2617 4787 2792 4843 Grani
2826 4799 3065 4843 mentem
3102 4790 3146 4844 si
3179 4804 3264 4844 me
3295 4789 3494 4857 ubique
3514 4803 3669 4843 asse-

2099 4888 2284 4932 culum
2322 4878 2491 4932 fuisse
2540 4878 2822 4943 allirtneui,
2884 4894 3147 4950 arrogans
3196 4895 3335 4934 stin:
3374 4882 3670 4948 praesertim

2100 4985 2225 5024 cum
2255 4984 2354 5023 nec
2375 4967 2569 5022 Woliio
2601 4971 2725 5039 ipsi,
2754 4978 3010 5024 veterano
3031 4981 3086 5046 et
3111 4973 3343 5023 emerito
3366 4961 3670 5038 interpreti,

2101 5061 2154 5114 id
2186 5060 2498 5130 contigerit.
2549 5058 2850 5115 Possumus
2880 5076 3009 5115 vero
3050 5070 3283 5129 uterque
3328 5062 3433 5114 hac
3461 5061 3674 5114 ratione

2101 5168 2201 5205 nos
2226 5150 2545 5215 defendere,
2572 5153 2714 5220 quod
2743 5151 2835 5220 qui
2869 5151 3010 5204 viam
3041 5153 3458 5225 nulliusgressu
3482 5150 3662 5202 tritam

2100 5241 2458 5311 ingrediatur,
2502 5242 2549 5294 ei
2590 5240 2964 5294 difﬁcillimum
3001 5240 3071 5293 si:
3115 5256 3222 5293 non
3265 5241 3407 5303 lab.;
3444 5253 3676 5307 praeer-

2099 5342 2194 5388 tlm
2226 5336 2270 5387 si
2299 5348 2361 5387 ea
2395 5334 2604 5389 lubrica
2629 5335 2701 5388 sit
2727 5340 2782 5387 et
2807 5333 3126 5402 confragosa
3154 5342 3210 5387 et
3233 5333 3459 5387 salebris
3484 5330 3668 5399 plena,

2097 5425 2286 5495 quales
2317 5428 2517 5501 passim
2548 5427 2738 5496 objicit
2770 5424 3111 5495 Nicephorns
3143 5434 3364 5491 noster;
3409 5423 3498 5492 qui
3527 5435 3670 5490 quo-

2098 5519 2199 5573 ties
2227 5519 2441 5589 evagari
2470 5518 2628 5574 libuit
2656 5518 2807 5589 (libet
2826 5527 3006 5573 autem
3033 5517 3198 5572 nimis
3219 5517 3407 5585 szepe),
3431 5524 3543 5568 tum
3576 5514 3671 5565 de-

2097 5625 2246 5665 mum
2275 5609 2541 5666 disertum
2571 5625 2629 5666 se
2652 5620 2707 5665 et
2734 5610 3034 5680 elegantem
3062 5607 3256 5671 credit,
3291 5618 3414 5661 cum
3446 5611 3670 5659 senten-
