3990 6496
303 445 371 498 Π

1762 433 2191 500 vaesano:
3512 424 3583 489 1g

314 556 439 605 tiam
472 566 645 605 suam
670 551 961 608 verborum
991 552 1306 624 ambagibus
1335 569 1493 624 quam
1523 556 1755 611 maxime
1780 573 1901 629 pcr—
1933 561 1974 616 A
2007 556 2297 612 barbarum
2341 552 2408 610 de
2440 551 2582 608 bello
2610 566 2789 614 sacro,
2822 550 2950 609 item
2980 548 3047 605 de
3081 544 3582 613 Constantinnpott-
3664 584 3667 587 .

325 646 491 714 plexis
537 647 827 703 involvere
864 646 1063 718 potuit.

397 737 554 793 Tomi
585 741 751 810 primi
784 741 1014 813 singulis
1037 742 1274 815 paginis,
1305 746 1561 815 quoniam
1595 756 1903 818 temporum

340 832 475 889 ratio
504 832 560 887 in
589 847 655 888 ea
686 833 931 889 historiae
960 845 1111 904 parte
1129 852 1238 891 non
1267 836 1400 892 satis
1428 847 1577 893 certa
1612 854 1734 894 esse
1750 839 1906 899 ,vide-

345 925 520 987 batur,
572 938 779 980 annum
825 916 1179 995 praescribere
1224 943 1334 983 non
1369 930 1670 999 potuimus.
1718 931 1908 1001 Itaque

344 1016 453 1072 illic
486 1032 591 1089 pro
640 1018 802 1087 annis
850 1019 1100 1091 imperia,
1132 1035 1230 1078 seu
1285 1024 1629 1094 regnantium
1660 1022 1909 1095 Impera-

348 1119 522 1162 tomm
556 1108 801 1175 nomina,
841 1111 1019 1180 posita
1051 1119 1200 1168 sunt.
1231 1113 1295 1169 In
1316 1123 1477 1170 .tomo
1508 1115 1773 1181 secundo,
1808 1132 1911 1175 an-

350 1215 449 1254 nos
479 1201 648 1268 ipsos,
680 1202 936 1266 quoniam
967 1201 1036 1259 de
1065 1202 1134 1262 iis
1178 1208 1483 1272 constabat,
1519 1206 1873 1277 apposuimus
1894 1248 1911 1275 ,

352 1290 742 1359 imperatorum
796 1299 983 1346 autem
1051 1293 1278 1349 nomina
1335 1293 1645 1350 omisimus.
1697 1293 1913 1365 Quippe

351 1396 475 1435 cum
508 1395 603 1447 per
631 1395 804 1436 annos
832 1381 1022 1439 decem
1051 1394 1369 1454 perpetuos,
1396 1399 1534 1455 quos
1558 1386 1802 1441 continet
1824 1386 1915 1443 hic

352 1480 552 1533 tomus,
601 1479 839 1540 potestas
882 1473 1229 1545 imperatoria
1268 1490 1439 1546 penes
1466 1476 1606 1532 duos
1642 1476 1917 1548 principes

356 1559 539 1626 fuerit,
586 1559 946 1636 Palteologum
984 1573 1041 1619 et
1067 1564 1534 1631 Cantacuzenum,
1571 1566 1765 1624 inutile
1796 1583 1927 1624 esse-

357 1648 615 1706 duximus
643 1661 892 1722 repetere
923 1652 981 1709 in
1030 1654 1260 1727 singulis
1301 1656 1516 1728 paginis
1547 1657 1626 1722 id,
1655 1657 1802 1728 quod
1827 1673 1916 1713 se-

359 1739 466 1793 mel
512 1739 787 1797 monuisse
815 1742 951 1798 satis
980 1743 1142 1800 l'oret.
1187 1745 1380 1802 Libros
1410 1746 1467 1802 in
1503 1751 1706 1819 capita,
1739 1750 1918 1820 capita
1952 1784 1955 1791 -

360 1830 416 1883 in
449 1830 715 1887 sectiones
737 1835 926 1889 eadem
950 1836 1205 1894 methodo
1231 1837 1538 1907 divisimus,
1563 1855 1671 1910 qua
1692 1840 1745 1894 in
1772 1850 1919 1897 tumo

361 1923 556 1991 primo.
591 1922 651 1979 In
695 1925 984 1983 breviariis
1023 1945 1241 2001 quoque
1287 1939 1344 1987 et
1390 1931 1446 1986 in
1482 1934 1631 1988 notis
1669 1935 1918 1989 eamdem

364 2030 587 2084 prorsus
615 2018 880 2074 rationem
910 2021 1085 2076 secuti
1117 2037 1329 2079 sumus.

438 2106 865 2177 Disputationem
916 2127 1042 2169 cum
1094 2112 1364 2181 Cabasila,
1400 2116 1554 2172 libris
1585 2119 1761 2175 tribus
1810 2135 1922 2175 non

366 2196 488 2252 totis
510 2200 949 2270 comprehensam
969 2201 1116 2274 (nam
1136 2218 1200 2260 ea
1222 2220 1252 2259 a
1269 2204 1528 2261 vicesimo
1563 2208 1806 2263 secundo
1838 2210 1924 2264 in-

363 2288 558 2343 choato
608 2291 675 2346 ad
724 2293 1042 2349 vicesimum
1073 2305 1327 2366 quartum
1362 2296 1478 2353 fere
1528 2299 1769 2363 medium
1825 2315 1923 2356 ex-

366 2385 578 2455 eurrit),
612 2388 754 2457 quod
779 2389 846 2444 ad
877 2390 1160 2446 historiam
1191 2392 1335 2449 haud
1371 2396 1503 2449 satis
1534 2397 1814 2464 pertinere
1847 2398 1927 2453 vi-

366 2476 607 2543 deretur,
637 2480 705 2535 ad
726 2481 956 2538 secundi
988 2483 1278 2541 voluminis
1310 2486 1776 2558 calcenuejicere
1805 2491 1928 2544 ani-

370 2583 489 2622 unus
536 2569 768 2639 primum
796 2572 920 2631 fuit.
965 2572 1329 2641 Demum,,ne
1358 2577 1616 2633 continua
1664 2575 1925 2635 librorum

370 2658 537 2714 series
584 2660 1014 2732 abrumperetur,
1068 2665 1268 2721 rectius
1297 2666 1569 2722 facturum
1624 2684 1713 2724 me
1739 2671 1925 2726 existi-

373 2751 531 2814 mavi,
560 2751 606 2806 si
631 2767 789 2808 suum
811 2754 859 2809 ei
881 2770 945 2811 ac
970 2757 1247 2827 proprium
1272 2756 1449 2814 locum
1481 2775 1780 2816 servarent.
1810 2761 1927 2818 Utta

372 2857 458 2894 me
492 2858 578 2897 res
603 2845 947 2914 morabatur;
999 2851 1138 2918 quod
1170 2865 1292 2904 eam
1322 2851 1743 2921 disputationem
1786 2869 1945 2908 nonw

373 2934 498 2987 dum
538 2933 725 2991 Latine
770 2938 1082 3004 vertissem,
1113 2956 1215 2996 nec
1242 2941 1377 2996 mihi
1410 2941 1583 2998 otium
1616 2953 1931 3014 superesset

374 3024 439 3076 ad
472 3025 614 3081 istud
644 3041 858 3097 quoque
904 3045 1131 3100 pensum
1180 3032 1592 3091 absolvendum.
1647 3035 1947 3111 lnterhtec

372 3119 715 3174 commodum
740 3137 891 3176 suam
927 3124 1061 3179 mihi
1094 3139 1315 3194 operam
1349 3126 1545 3181 obtulit
1570 3127 1639 3181 Μ.
1670 3127 1933 3184 Claudius

2009 649 2174 712 lanis,
2213 644 2686 717 Peloponuesiacis
2726 652 2782 698 et
2825 639 3200 710 Neapolitanis
3247 636 3579 691 Francorum
3654 630 3657 633 ’

2009 739 2476 811 expeditionibus,
2506 738 2706 792 sclccta
2734 734 3010 793 rariorum
3043 730 3303 802 Opuscula
3334 729 3583 783 contine-

2010 833 2126 897 bit;
2154 846 2219 887 ea
2256 831 2489 894 scilicet,
2519 843 2644 899 qua:
2673 825 2970 898 Nicephori
3005 824 3262 896 Gregorte
3294 821 3582 876 Historiam

2009 931 2242 995 possunt
2264 922 2562 976 illustrare.
2594 921 2649 974 In
2682 919 2748 975 iis
2783 928 2978 974 erunt:

2081 1013 2124 1069 Ι.
2152 1013 2402 1069 Narratio
2436 1013 2640 1068 Nicette
2668 1011 2948 1066 Chouiatte
2983 1009 3050 1064 de
3098 1006 3292 1062 statuis
3321 1005 3594 1060 (lonstan—‘

2014 1106 2423 1179 tinopolitanis,
2466 1121 2604 1175 quas
2636 1102 2836 1168 Latini,
2887 1109 3044 1170 capta
3080 1099 3246 1163 Urbe,
3281 1096 3588 1151 contractas
3684 1116 3695 1121 -
3783 1092 3796 1101 '

2012 1200 2069 1254 in
2097 1206 2371 1254 monetam
2397 1195 2798 1251 conﬂaverunt.
2827 1192 2996 1262 Cujus
3027 1187 3378 1250 narrationis,
3413 1200 3478 1240 ex
3500 1198 3592 1238 co-

2014 1291 2137 1348 dice
2166 1290 2462 1344 Bodleiano
2496 1286 2808 1355 descriptaa,
2837 1283 2994 1354 copia
3030 1281 3163 1338 mihi
3189 1294 3222 1334 a
3255 1279 3373 1333 viro
3402 1274 3595 1331 clarisa

2015 1383 2155 1439 simo
2183 1379 2397 1436 Joanne
2432 1377 2664 1433 Ernesto
2690 1375 2891 1431 Grabio
2919 1375 3060 1428 facta
3084 1378 3188 1426 est.

2088 1474 2158 1531 ll.
2188 1471 2458 1528 Theodori
2494 1468 2745 1524 Lascaris
2794 1465 3069 1522 orationes
3101 1463 3267 1531 dum,
3291 1459 3378 1513 in.
3409 1458 3594 1513 Enco-

2017 1565 2190 1619 mium
2227 1562 2397 1634 patris
2427 1561 2567 1630 eius,
2600 1558 2831 1614 Joannis
2859 1558 3017 1613 Ducat:
3042 1556 3174 1626 imp.
3203 1554 3292 1609 Ωιι.
3331 1550 3478 1607 Laus
3507 1564 3596 1605 ur-
3644 1560 3653 1565 ‘

2020 1657 2106 1714 bis
2140 1654 2357 1718 Niczcte,
2390 1668 2456 1706 ex
2487 1650 2612 1706 eod.
2643 1650 2778 1717 Reg.

2090 1749 2186 1803 ιιι.
2225 1746 2640 1802 Testamentum
2677 1741 2894 1799 Arscnii
2946 1736 3295 1812 patriarchae,
3324 1734 3534 1789 editum
3566 1748 3597 1786 a

2020 1839 2318 1898 Catulerio.
3452 1881 3462 1895 .

2099 1934 2189 1990 IV.
2235 1933 2524 1990 Alltanasii
2561 1929 2887 2003 patriarcha:
2920 1925 2987 1981 ad
3028 1925 3301 1980 seniorem
3328 1916 3602 1976 Andronis

2024 2042 2147 2083 cum
2182 2025 2425 2095 epistola:
2459 2034 2511 2079 ct
2544 2023 2838 2078 relationes
2883 2018 3127 2081 selectze,
3167 2031 3230 2071 ex
3263 2014 3452 2069 codice
3483 2011 3615 2065 sin-

2025 2119 2225 2189 gulari,
2265 2132 2426 2187 quem
2459 2113 2806 2169 Bibliotheca:
2842 2109 3027 2179 Regia:
3072 2121 3197 2161 cum
3245 2105 3366 2159 aliis
3416 2101 3605 2156 mttltis

2025 2225 2200 2279 nuper
2229 2208 2451 2263 donavit
2499 2206 2563 2263 C.
2596 2204 2769 2260 Maur.
2814 2199 3104 2264 Tellerius,
3150 2195 3606 2265 archiepiscopus

2025 2301 2132 2357 dux
2158 2299 2511 2355 Rhemensis.
3274 2306 3277 2311 '

2098 2393 2163 2448 V.
2192 2391 2461 2448 Manuelis
2481 2390 2648 2446 Philae
2678 2402 2871 2460 poema
2895 2383 3214 2441 historicum
3238 2381 3304 2435 de
3330 2375 3609 2433 Michaelis

2027 2485 2210 2542 Glabze
2243 2486 2409 2542 rebus
2438 2485 2629 2556 gestis,
2663 2499 2728 2538 ex
2780 2481 2887 2535 alio
2930 2477 3054 2534 cod.
3090 2474 3259 2547 Regio
3291 2472 3443 2543 (olim
3479 2468 3607 2524 T’cl-

2031 2575 2260 2647 leriano)
2299 2576 2661 2644 descriptum.
2922 2573 2933 2581 '
3324 2606 3331 2610 ι

2102 2667 2193 2723 Vl.
2242 2668 2448 2722 'I‘omus
2504 2662 2909 2738 pscudosynodi
2964 2658 3313 2721 Palamiﬁcm,
3349 2655 3529 2710 editus
3581 2668 3614 2706 a

2030 2760 2381 2818 Combelisio.

2104 2852 2492 2921 \’ll.Excerpta
2504 2868 2573 2906 ex
2589 2849 2808 2921 scriptis
2824 2845 3108 2920 Niccpiiori
3128 2836 3617 2916 Blemmydmﬁre-

2033 2946 2168 3018 gorii
2195 2945 2397 3017 Cyprii,
2419 2943 2685 2998 Tlteoduli
2719 2939 2998 3005 llhetoris,
3025 2934 3316 3006 Nicepltori
3346 2930 3614 2992 Cltmuni,

2034 3039 2325 3107 Barlaami,
2383 3039 2675 3110 Acindyni,
2741 3037 2996 3097 Palamae,
3062 3030 3266 3099 Nieolai
3330 3024 3617 3090 Cabasilre,

2034 3131 2303 3189 Philotltei
2346 3131 2692 3202 patriarchm,
2746 3122 2938 3185 Medici
2988 3124 3284 3189 Tarouitze,
3347 3122 3621 3175 Cautacu-

374 3206 866 3280 Capperonnerius,
906 3213 1242 3272 Licentiatus
1266 3217 1551 3289 theologus
1580 3217 1929 3276 Parisiensis.

2049 3229 2181 3292 Leni,
2215 3225 2474 3284 Demetrii
2498 3223 2748 3297 Cydonii,
2776 3221 2948 3292 ipsius
2982 3219 3258 3290 Gregory,
3290 3226 3339 3270 et
3363 3213 3619 3275 aliorum,

380 3300 518 3354 Huic
545 3316 661 3373 ego,
693 3303 877 3361 Graece
903 3316 958 3361 et
990 3305 1180 3362 Latine
1206 3307 1550 3373 doctissimo,
1582 3310 1743 3365 facile
1771 3312 1902 3380 equi
1920 3339 1936 3353 ς

386 3394 501 3442 :em
524 3392 786 3448 adductus
810 3409 956 3461 sum,
983 3406 1153 3452 ut'eas
1175 3407 1358 3466 partes
1383 3398 1651 3455 traderem
1675 3416 1690 3463 ;
1717 3415 1784 3455 eo
1804 3415 1957 3470 prtc-.

379 3483 589 3549 sertim,
643 3487 783 3554 quod
823 3478 943 3557 qure
999 3488 1086 3543 ille
1120 3489 1532 3561 interpretanda
1585 3500 1941 3562 suscepturus

381 3573 540 3637 foret,
568 3589 630 3629 ea
651 3587 829 3633 essent
851 3577 963 3635 fere
990 3579 1316 3662 dogmatica,
1339 3580 1690 3654 adeoque'vix
1717 3592 1945 3654 possent

383 3665 561 3720 verbis
598 3670 828 3738 propriis
865 3685 927 3726 ac
954 3662 1281 3742 'perspicuis
1317 3689 1346 3727 a
1377 3688 1650 3743 quoquam
1686 3674 1940 3745 exprimi,

384 3759 489 3815 nisi
535 3761 626 3832 qui
674 3763 732 3817 in
762 3764 923 3819 rebus
958 3766 1277 3839 theologicis
1320 3769 1551 3823 ntultum
1591 3778 1841 3823 versatus
1890 3776 1948 3823 et

383 3854 697 3923 quotidiana
725 3856 1033 3913 scholarum
1067 3875 1165 3915 usu
1193 3861 1455 3916 subactus
1490 3860 1665 3916 foret:
1698 3861 1748 3916 id
1775 3861 1945 3931 quod,

382 3943 428 3999 si
463 3945 548 4000 cui
576 3962 832 4021 unquam,
867 3951 1360 4006 cumulatissimum
1401 3960 1549 4007 certe
1576 3951 1661 4005 isti
1691 3953 1940 4022 contigit.

454 4035 680 4092 Tomum
715 4039 933 4095 tertium
969 4031 1303 4098 conStitucnt
1335 4044 1455 4098 libri
1493 4044 1947 4115 quatuordecim;

388 4129 625 4187 historici
666 4133 887 4203 quidem
918 4143 1059 4199 octo,
1088 4135 1374 4207 dogmatici
1407 4152 1536 4191 vero
1566 4153 1697 4204 sex;
1732 4138 1799 4193 de
1827 4140 1951 4209 qui-

385 4224 486 4280 bus
518 4226 594 4281 nil
624 4242 853 4283 necesse
884 4237 968 4283 est
1005 4228 1215 4298 praefari
1250 4230 1406 4285 initio
1442 4228 1600 4301 hnjtts
1630 4230 1947 4288 voluminis.

451 4315 650 4376 Tomus
699 4329 950 4390 quartus,
1008 4322 1199 4390 pra-ter
1247 4337 1440 4391 poema
1494 4323 1684 4395 ingens
1731 4323 1948 4380 Graeco-

2039 3318 2244 3380 omnia,
2284 3314 2631 3387 paucissimis
2659 3313 2921 3384 exceptis,
2953 3315 3243 3365 anecuota.

2112 3407 2190 3464 lta
2221 3419 2458 3475 quatuor
2494 3405 2658 3462 tomis
2711 3406 2779 3475 (ε)
2826 3404 3111 3473 intcgrtnn-
3142 3413 3281 3469 opus
3314 3392 3624 3452 constabit:

2043 3501 2189 3572 quod
2244 3500 2415 3565 brevi,
2467 3508 2526 3553 ut
2579 3512 2763 3569 spero,
2818 3495 3152 3557 absolvetur,
3207 3491 3427 3545 favente
3473 3487 3628 3542 hisce

2046 3590 2244 3645 studiis
2272 3587 2478 3644 nostris
2506 3585 2878 3642 illustrissimo
2897 3583 3117 3646 comite,
3151 3577 3460 3636 cancellarii
3493 3575 3625 3637 ﬁlio,

2045 3681 2379 3752 Hieronymo
2423 3677 2891 3735 Ponchartrzeu'to.
2943 3675 3151 3746 Nempe
3198 3674 3289 3729 hic
3327 3672 3394 3728 ad
3444 3684 3629 3725 secro-
3703 3693 3712 3713 ι

2047 3775 2187 3829 tiora
2219 3772 2384 3844 Regis
2426 3769 2658 3826 consilia
2688 3768 2980 3832 admissus,
3014 3777 3180 3836 atque
3212 3764 3386 3836 ipsius
3416 3763 3494 3818 rei
3532 3777 3631 3815 na-
3700 3764 3709 3795 -‘

2046 3865 2203 3933 valis,
2237 3861 2699 3919 administrationi
2748 3860 3058 3930 praefectus,
3108 3857 3313 3911 artium
3369 3859 3632 3924 prmterea

2052 3965 2108 4011 et
2145 3953 2561 4019 Academiarum
2616 3940 2782 4007 rebus
2813 3947 3133 4005 ordinandis
3181 3944 3468 4007 incumbit,
3511 3957 3632 3999 suc-

2053 4061 2240 4101 cessor
2263 4045 2408 4101 idem
2439 4050 2495 4110 et
2523 4030 2757 4099 aemulus
2781 4041 2985 4112 patris;
3031 4054 3194 4109 quem
3225 4038 3533 4092 litterarum
3567 4049 3634 4089 ac

2054 4136 2421 4193 litteratorum
2459 4148 2650 4192 amore
2691 4141 2748 4188 et
2786 4131 3002 4189 exculto
3036 4128 3358 4185 liberalibus
3386 4127 3637 4196 discipli-

2054 4231 2142 4285 nis
2172 4228 2391 4301 ingenio
2421 4228 2502 4284 sic
2529 4226 2720 4289 refert,
2753 4236 2814 4283 ut
2839 4225 2889 4281 ei
2921 4239 3032 4280 non
3064 4234 3172 4279 tam
3198 4223 3253 4279 in
3279 4235 3443 4278 curas
3470 4234 3634 4290 quam

2056 4324 2111 4380 itt
2142 4323 2358 4379 laudem
2389 4321 2724 4381 successisse
2762 4319 3033 4376 videatur.

433 4526 499 4590 (c)
541 4526 682 4592 Tomi
730 4523 985 4592 litetan
1008 4523 1168 4592 lucem
1202 4534 1297 4592 non
1341 4525 1586 4592 viderunt.
1626 4529 1693 4578 Ex
1742 4525 1822 4592 his
1860 4533 2024 4578 autem
2050 4542 2163 4592 quae
2180 4526 2263 4592 hic
2301 4524 2721 4592 promittebaglur
2758 4527 3001 4590 pleraque
3040 4526 3215 4589 postea
3250 4510 3549 4584 prodieiuot
3586 4518 3641 4569 et

371 4586 558 4642 exstant
578 4590 630 4641 in
641 4586 1001 4654 superioribus
1021 4589 1161 4638 tomis
1183 4587 1258 4639 vel
1284 4588 1508 4649 proxime
1520 4589 1850 4652 sequentibus
1867 4597 2049 4642 nostra
2068 4586 2400 4642 collectionis.
2425 4588 2567 4642 Eutr.
2590 4589 2745 4643 Pun.
2760 4586 2773 4590 “
