3990 6468
1492 395 1913 459 NlCEPllORI
1955 399 2336 467 GREGOBA!
2381 401 2573 466 VITA.

406 577 3635 622 ._______________________________________________

949 768 1982 928 NICEPHORI
2117 651 3089 938 ancon/E

1286 1077 1617 1168 VITA.

1723 1073 2158 1168 OPERA.

2263 1076 2741 1168 ELOGIA.

393 1259 490 1325 Ad
546 1261 649 1327 Ill.
700 1263 1005 1328 Abbatem
1058 1269 1392 1333 Comitium
1458 1271 1828 1347 Tellerium,
1888 1271 2289 1337 Bibliotheca
2339 1277 2545 1356 Regia-
2610 1275 3004 1354 Prw/cetum,
3059 1275 3310 1357 scripsit
3351 1277 3644 1359 Joannes

1848 1381 2177 1442 Boivimt‘s.

1859 1685 2189 1774 VITA.

457 1993 711 2066 Gre-gora
732 1993 896 2052 vitam
919 2034 936 2061 ,
963 2010 1218 2056 accurate
1246 2009 1572 2064 enarratam,
1600 2014 1707 2055 non
1736 1997 1812 2052 ita
1837 1997 1952 2068 pri-
1981 2002 2026 2060 Α
2054 1997 2206 2055 Asia.
2243 1997 2648 2070 Paphlagoncm
2709 2012 2833 2053 cum
2892 1995 3020 2053 facit
3080 1996 3394 2066 patriarcha
3454 1996 3645 2054 Philo-

388 2089 512 2144 (lem
527 2089 766 2159 vulgavit
781 2089 1046 2146 Martinus
1071 2090 1333 2160 llankius,
1372 2093 1457 2148 vir
1474 2093 1668 2148 doctus
1691 2103 1746 2149 et
1770 2093 1823 2148 in
1852 2093 1965 2148 his-

394 2179 553 2235 toriis
586 2179 790 2236 Graecis
817 2180 1132 2252 Latinisque
1157 2181 1301 2238 haud
1328 2183 1677 2238 mediocriter
1699 2191 1965 2239 versatus.

389 2268 498 2324 Sed
533 2271 578 2326 is
602 2270 770 2327 libros
788 2271 1045 2344 Gregorte
1073 2273 1210 2329 alios
1241 2289 1351 2327 non
1383 2274 1614 2340 viderat,
1661 2274 1765 2328 nisi
1793 2275 1965 2330 unde-

385 2362 494 2418 cim
521 2363 751 2430 priores.
785 2364 854 2419 ab
889 2363 1225 2436 llieronymo
1258 2365 1456 2421 Wolﬁo
1503 2368 1702 2424 editos.
1744 2369 1875 2437 Ego,
1907 2377 1966 2423 ut

388 2460 514 2507 tute
559 2453 690 2519 scis,
719 2454 906 2509 Abbas
957 2455 1318 2521 nobilissime,
1357 2457 1598 2529 integros
1647 2460 1965 2529 duodequa-

386 2542 638 2612 draginta
664 2543 862 2606 habui;
890 2544 1020 2599 item
1044 2544 1150 2598 alia
1175 2545 1424 2613 quaedam
1451 2549 1692 2616 eiusdem
1722 2547 1964 2602 auctoris

385 2634 673 2697 anccduta,
712 2649 776 2690 ac
809 2634 869 2686 in
900 2636 968 2691 iis
1013 2635 1286 2706 dialogum
1331 2636 1405 2690 De
1440 2636 1739 2708 Sapientia,
1776 2640 1868 2709 qui
1908 2648 1964 2695 et

388 2725 696 2781 Florentius
725 2727 1060 2783 inscribitur.
1097 2727 1191 2784 llis
1233 2729 1510 2794 omnibus,
1542 2738 1597 2784 et
1646 2731 1768 2785 aliis
1823 2747 1960 2802 prte-

388 2828 535 2872 terea
559 2819 849 2888 aequalium
874 2819 1128 2889 Gregorte
1146 2820 1474 2889 scriptorum
1498 2820 1653 2877 libris
1682 2822 1958 2892 perlectis,

387 2905 622 2979 plurima
652 2911 719 2965 ad
749 2917 894 2966 hunc
947 2911 1092 2966 diem
1139 2911 1332 2981 paucis
1383 2913 1708 2984 investigata
1759 2914 1959 2980 didici;

385 3016 612 3071 remque
660 3003 728 3056 ab
763 3001 987 3057 homine
1019 3003 1254 3066 erudito,
1314 3004 1408 3058 sed
1465 3003 1572 3057 illis
1620 3003 1756 3074 ipsis
1801 3004 1962 3073 adju-

387 3093 590 3150 mentis
618 3093 904 3158 destituto,
927 3093 1038 3160 jam
1075 3094 1158 3163 (ut
1216 3094 1476 3163 diximus)
1527 3104 1838 3159 tractatam,
1890 3096 1960 3150 de

389 3199 532 3242 novo
562 3185 834 3256 explicare
871 3187 1108 3243 institui.
1149 3187 1414 3242 Caeterum
1455 3189 1499 3242 si
1542 3185 1729 3242 Hankii
1773 3204 1954 3243 exem-

390 3278 503 3349 plo,
561 3279 864 3334 alienorum
921 3295 1146 3350 operum
1191 3279 1387 3351 pannis
1433 3279 1681 3350 undique
1720 3280 1954 3348 collatis,

389 3371 682 3438 quemdam
717 3370 882 3426 veluti
917 3380 1204 3426 centonem
1233 3371 1552 3438 texuissem,
1580 3372 1786 3426 veritus
1813 3386 1956 3437 sum,

387 3479 460 3518 ne
493 3479 720 3534 parvum
753 3479 852 3534 per
876 3479 936 3520 se
968 3475 1347 3535 argumentum
1382 3466 1437 3520 in
1469 3480 1723 3536 magnum
1755 3464 1958 3520 sensim

386 3557 646 3611 volumen
679 3565 1044 3613 excreseeret.
1078 3557 1239 3613 Malui
1275 3557 1460 3626 itaque
1497 3557 1632 3611 meis
1671 3556 1870 3623 verbis,
1905 3567 1962 3608 et

385 3649 695 3703 continenti
755 3649 868 3703 fere
918 3650 1254 3714 narratione,
1315 3649 1590 3720 sigillatim
1624 3663 1852 3718 quaeque
1903 3655 1962 3701 et

385 3739 630 3794 breviter
649 3754 1123 3804 commemorare;
1156 3740 1414 3794 nimirum
1440 3747 1498 3792 ut
1525 3739 1684 3808 cujus
1710 3736 1957 3790 historici

386 3831 580 3896 libros,
611 3847 708 3901 per
733 3831 912 3887 varias
934 3831 1300 3887 bibliothecas
1324 3840 1489 3885 antea
1523 3829 1822 3900 dispersos,
1854 3827 1960 3882 tuis

384 3925 694 3997 sumptibus
723 3935 945 3996 tuaque,
979 3924 1161 3980 Abbas
1197 3923 1584 3986 illustrissime,
1634 3920 1961 3976 auctoritate

384 4019 816 4090 collegissemus,
846 4020 965 4090 ejus
1000 4026 1056 4072 tu
1095 4018 1240 4074 dicta
1278 4025 1334 4072 et
1372 4016 1512 4071 facta
1555 4015 1706 4072 brevi
1737 4034 1832 4087 per
1859 4030 1960 4072 nos

387 4113 570 4168 libello
592 4112 992 4183 comprehensa
1025 4113 1293 4178 haberes;
1325 4122 1381 4166 et
1423 4111 1552 4166 hinc
1584 4120 1786 4182 quanta
1814 4110 1958 4180 apud

384 4221 516 4261 suos
546 4207 867 4261 celebritate
897 4205 1167 4275 Gregoras
1198 4215 1383 4260 noster
1409 4205 1704 4268 ﬂoruisset,
1745 4204 1959 4258 facibus

304 4287 353 4404 ἐ
388 4293 765 4400 intelligeres}
805 4309 904 4349 nec
941 4303 1007 4404 lt:
1033 4303 1242 4349 navatae
1293 4295 1422 4349 huic
1469 4293 1727 4404 scriptori
1771 4307 1958 4399 operae

384 4397 587 4443 nostra:
610 4388 927 4458 pmniterct.
962 4385 1079 4441 Non
1128 4402 1248 4442 sum
1301 4397 1484 4442 autem
1525 4387 1664 4443 adeo
1711 4386 1952 4456 iniquus,

385 4492 448 4536 ut
481 4475 983 4552 hac'qualicunquc
1011 4480 1149 4549 grati
1173 4480 1344 4534 animi
1375 4480 1776 4551 significatione
1821 4479 1956 4534 satis

355 4576 471 4629 'me
519 4573 612 4628 tibi
675 4588 776 4643 pro
805 4571 984 4628 oﬂicio
1026 4585 1150 4626 meo
1203 4570 1406 4626 fecisse
1449 4571 1756 4626 existimem
1797 4588 1812 4627 :
1853 4587 1956 4627 nec

2071 2089 2228 2144 tbcus
2283 2090 2338 2144 in
2396 2089 2783 2145 Antirrheticis
2835 2087 2935 2160 (l).
2998 2087 3114 2158 Ipse
3172 2085 3225 2143 in
3294 2089 3503 2162 dialogo
3565 2089 3645 2142 De

2067 2181 2343 2251 Sapientia
2375 2189 2534 2236 vocat
2565 2197 2623 2236 se
2647 2180 3050 2236 lleracleotam.
3095 2180 3436 2236 Avunculum
3485 2193 3641 2237 certe

2067 2273 2258 2328 habuit
2307 2271 2572 2328 Joannem
2631 2273 2708 2342 (2)
2781 2272 3068 2327 Heraclea:
3135 2273 3642 2343 metropolitanum.

2065 2365 2184 2435 ejus
2209 2364 2438 2430 scilicet,
2475 2379 2596 2434 quae
2619 2362 2878 2419 lleraclea
2905 2363 3067 2418 Ponti
3097 2363 3297 2417 dicitur
3340 2371 3397 2418 et
3423 2364 3524 2418 sita
3557 2373 3646 2417 ρει

2066 2455 2122 2511 in
2179 2456 2380 2511 ﬁnibus
2429 2456 2834 2526 Paphlagoniae.
2897 2455 2972 2510 De
3023 2454 3344 2526 parentibus
3400 2454 3646 2524 aliisque

2065 2548 2310 2618 cognatis
2340 2547 2478 2602 nihil
2511 2546 2787 2602 memoriae
2830 2546 3102 2618 proditum
3135 2556 3238 2601 est.

2138 2638 2198 2693 In
2257 2653 2322 2694 ea
2377 2639 2515 2694 urbe
2563 2638 2832 2693 educatus
2883 2640 3057 2708 prima
3104 2637 3330 2708 puerilis
3375 2637 3641 2693 doctrina

2063 2731 2370 2786 rudimenta
2394 2734 2496 2786 sub
2527 2730 2770 2784 antiStite
2791 2730 3059 2786 avunculo
3080 2732 3280 2800 posuit.
3302 2729 3432 2786 Inde
3459 2743 3642 2784 trans-

2062 2824 2227 2892 latus:
2249 2823 2558 2894 Byzantium
2590 2822 2666 2892 (3)
2712 2823 2933 2877 tradidit
2971 2839 3030 2877 se
3055 2824 3109 2876 in
3138 2823 3481 2892 disciplinam
3533 2839 3634 2892 pa-

2061 2916 2321 2971 triarcha:
2346 2913 2574 2971 Joannis
2605 2913 2856 2987 Glyceos,
2889 2916 2982 2985 qui
3010 2917 3152 2986 apud
3197 2916 3342 2970 illius
3393 2917 3515 2970 :evi°
3541 2916 3644 2969 ho-

2063 3009 2242 3064 mines
2263 3007 2662 3065 disertissimus
2692 3016 2747 3062 et
2790 3008 2954 3064 Attici
2976 3010 3243 3064 sermonis
3269 3009 3640 3078 peritissimus

2062 3101 2371 3157 habebatur
2400 3099 2498 3172 (-l).
2539 3099 2668 3169 Ejus
2697 3110 2877 3156 autem
2915 3099 3207 3171 pontiﬁcis
3237 3101 3639 3155 consuetudine

2060 3192 2344 3246 studiosus
2393 3191 2612 3261 juvenis
2650 3191 2728 3262 (5)
2780 3200 3070 3260 tantm-ere
3120 3189 3518 3253 delectabatur,
3581 3200 3641 3243 ut

2061 3282 2157 3337 diu
2183 3292 2454 3349 noctuque
2483 3281 2550 3334 ab
2574 3279 2723 3336 illius
2750 3295 2846 3336 ore
2872 3281 3158 3350 penderet.
3224 3279 3480 3336 Vicissim
3533 3278 3637 3350 ipsi

2063 3365 2388 3444 patriarchae
2451 3373 2532 3428 sic
2583 3373 2838 3443 discipuli
2889 3373 3044 3428 stilus
3089 3372 3361 3443 placebat,
3394 3381 3454 3426 ut
3483 3388 3642 3437 eum,

2062 3467 2226 3537 longo
2295 3466 2487 3522 morbo
2537 3466 2856 3522 debilitatus
2901 3465 3017 3534 (6),
3078 3474 3466 3520 testamentum
3526 3463 3636 3519 sibi

2061 3559 2303 3613 scribere
2326 3567 2381 3612 et
2411 3571 2740 3628 componere
2759 3556 2989 3623 jusserit
3011 3556 3110 3627 (7).

2136 3649 2206 3704 Ut
2237 3649 2292 3704 in
2319 3650 2610 3705 rhetoricis
2638 3649 3026 3720 patriarcbam,
3060 3647 3134 3702 ita
3170 3647 3224 3702 in
3251 3647 3639 3704 astronomieis

2062 3756 2320 3812 magnum
2343 3741 2676 3812 logothetam
2701 3741 3020 3811 magistrum
3037 3739 3393 3795 excellentem
3419 3739 3639 3796 habuit.

2064 3832 2258 3890 Eratis
2283 3831 2604 3889 Theodorus
2639 3831 2965 3888 Metocbites
2996 3849 3011 3888 :
3044 3832 3136 3902 qui
3169 3831 3390 3903 quidem
3447 3831 3640 3898 initio,

2060 3926 2180 3981 sive
2214 3926 2472 3996 Gregora:
2503 3925 2868 3982 adolescentis
2898 3925 3181 3998 ingenium
3233 3924 3477 3980 nondum
3505 3939 3638 3996 pcr-

2060 4029 2312 4085 noverat,
2341 4019 2456 4075 sive
2481 4034 2683 4074 arcana
2716 4019 3072 4075 scientiarum
3104 4027 3313 4075 temere
3359 4019 3634 4091 divulgari

2059 4114 2216 4170 nefas
2242 4115 2490 4184 putabat,
2521 4113 2738 4184 parcius
2780 4129 2906 4169 cum
2942 4129 3008 4169 eo
3039 4115 3478 4185 colloquebatur,
3528 4133 3635 4174 nec

2062 4220 2245 4260 rerum
2293 4205 2662 4276 cognitionem
2712 4205 2977 4276 integram
3050 4203 3102 4259 ei
3169 4207 3633 4264 communicabat.

2063 4297 2268 4353 Deinde
2298 4297 2478 4352 enixis
2511 4297 2764 4366 precibus
2801 4307 2856 4353 et
2883 4296 2950 4352 ad
2990 4299 3430 4366 persuadendum
3473 4316 3631 4356 com-

2060 4389 2235 4459 posita
2264 4389 2509 4460 ejusdem
2531 4389 2783 4444 oratione
2810 4389 2988 4445 victus
3008 4390 3247 4461 perfecte
3270 4401 3333 4447 et:
3357 4393 3636 4449 cumulate

2058 4481 2110 4536 ei
2154 4481 2340 4536 omnia
2400 4472 2695 4536 recondita:
2747 4481 2886 4536 artis
2931 4491 3204 4552 praecepta
3258 4483 3481 4538 tradidit
3525 4483 3628 4552 (8).

2059 4571 2202 4639 Quin
2249 4582 2457 4627 etcum
2493 4571 2758 4628 doctrina:
2802 4572 3096 4628 literedcm,
3126 4589 3154 4626 a
3201 4587 3263 4666 se
3315 4573 3634 4628 institutum

385 4675 606 4720 tuorum
678 4679 804 4736 erga
860 4679 949 4719 me
1001 4665 1320 4720 meritorum
1380 4665 1808 4733 magnitudinem
1877 4665 1955 4721 sic
1983 4681 2026 4739 (ι
2058 4665 2371 4736 praedicavit
2412 4679 2520 4717 non
2575 4664 2744 4718 semel
2777 4665 2888 4734 (9);
2954 4665 3118 4734 idque
3149 4664 3208 4718 in
3241 4664 3309 4719 iis
3354 4665 3631 4732 versibus,

383 4758 596 4829 ignoro,
631 4767 690 4812 ut
722 4773 883 4827 pares
918 4771 1156 4827 unquam
1189 4755 1473 4818 beneﬁciis
1521 4756 1722 4827 gratias
1755 4757 1958 4812 relatu-

351 4866 363 4936 .“
386 4867 510 4907 rum
557 4865 646 4906 me
682 4865 802 4906 esse
839 4851 1130 4906 confidam.

454 4943 686 4999 Circiter
719 4959 922 4998 annum
958 4943 1165 4998 Christi
1203 4941 1360 5007 l295,
1401 4942 1710 5013 imperante
1740 4945 1953 4999 Andro-

383 5036 510 5093 nico
538 5036 780 5100 seniore,
836 5035 1178 5105 Nicephorus
1227 5034 1497 5105 Gregoras
1546 5046 1708 5091 natus
1763 5044 1848 5090 est
1895 5036 1952 5090 in

457 5193 537 5262 (l)
576 5194 697 5248 Lib.
723 5207 819 5255 xu,
847 5191 971 5262 cod.
1011 5206 1124 5260 reg.
1151 5190 1312 5258 i996,
1348 5191 1437 5246 lol.
1467 5193 1596 5248 285.

454 5261 534 5332 ('2)
577 5263 844 5330 Grcgoras
867 5261 1008 5316 Hist.
1038 5263 1131 5316 lib.
1158 5276 1232 5327 Ix,
1260 5277 1310 5316 c.
1351 5265 1406 5318 7.

457 5337 534 5403 (3)
573 5335 733 5389 Anno
759 5333 960 5387 Christi
985 5332 1142 5387 1516.

454 5407 533 5477 (ι)
575 5406 653 5460 Eo
691 5403 1022 5477 patriarcha.
1058 5421 1107 5460 ιι.
1141 5406 1203 5462 C.
1239 5407 1398 5466 1517.
1444 5420 1566 5459 cum
1601 5404 1946 5477 Andronicus

383 5473 682 5546 imperator
711 5473 1002 5546 Justiniani
1027 5485 1256 5532 statuam
1286 5485 1615 5543 equestrem,
1656 5475 1800 5528 venti
1844 5477 1946 5528 im-

383 5543 514 5617 petu
537 5552 872 5617 quassatam.
912 5543 1088 5599 fulciri
1117 5557 1173 5601 et
1201 5549 1508 5602 columnam
1547 5546 1713 5613 ipsam
1745 5559 1952 5617 suppo~
2003 5579 2017 5592 ς

385 5613 569 5670 sitam’
605 5613 856 5685 res-acciri
914 5617 1236 5683 curavisset,
1277 5618 1543 5685 Gregoras
1591 5629 1688 5682 per
1742 5615 1950 5685 ligneos

388 5685 614 5754 gradus,
645 5700 674 5738 a
698 5682 866 5737 fabris
889 5681 1230 5742 extrinsecus
1273 5681 1697 5747 circumductos,
1737 5681 1946 5738 facilem

389 5771 674 5808 ascensum
703 5764 894 5808 nactus
919 5764 1153 5809 statuant
1180 5758 1396 5811 curiose
1425 5754 1818 5821 rontrmplatus
1842 5763 1946 5814 est,

389 5835 552 5895 atque
579 5838 645 5880 ex
673 5839 928 5880 mensura
960 5827 1317 5895 quarumdam
1366 5825 1600 5894 {artium
1647 5825 1812 5878 totius
1853 5839 1944 5878 co-

2056 4771 2195 4825 quos
2247 4756 2400 4810 exsul
2446 4755 2684 4824 scripsit,
2740 4756 2982 4825 apertius
3006 4755 3286 4827 professus
3319 4766 3426 4810 est.
3461 4755 3624 4810 Tanti

2055 4849 2291 4917 denique
2321 4849 2497 4917 ipsum
2531 4847 2682 4911 fecit,
2707 4858 2765 4901 ut
2792 4849 2974 4904 liberis
2998 4850 3113 4905 suis
3140 4865 3278 4920 pene
3305 4851 3632 4920 exaequarit.

2055 4943 2244 5013 itaque
2293 4941 2632 4996 monasterio
2681 4940 2873 4995 Cbora:
2923 4941 3132 5012 magnis
3179 4943 3489 5012 sumptibus
3541 4945 3627 4998 in-

2057 5043 2326 5099 staurato,
2360 5034 2570 5089 socium
2603 5033 2714 5088 illic
2737 5041 2792 5087 et
2820 5033 3125 5102 adjutorcm
3167 5047 3290 5087 eum
3321 5035 3390 5089 ad
3439 5036 3625 5090 omnia

1948 5205 1967 5240 \
2061 5193 2188 5248 lassi
2248 5193 2677 5259 magnitudinem
2721 5189 3010 5261 aestimavit
3054 5207 3069 5243 :
3107 5205 3170 5244 ea
3224 5191 3435 5246 scilicet
3461 5207 3626 5261 opera

2060 5279 2174 5316 rem
2208 5265 2531 5330 antiquariis
2557 5271 2763 5328 gratam
2821 5260 3001 5315 facere
3042 5275 3101 5314 sc
3145 5261 3462 5317 arbitratus.
3497 5260 3628 5318 Vide

2056 5333 2191 5386 Hist.
2221 5335 2314 5387 lib.
2353 5351 2446 5398 νυ,
2476 5350 2539 5388 c:
2566 5333 2652 5385 12.

2126 5405 2203 5473 (ὅ)
2243 5397 2438 5459 Annos
2458 5413 2614 5457 natus
2649 5400 2868 5456 circiter
2895 5399 2985 5453 94.
3025 5397 3159 5457 Vide
3187 5401 3283 5456 lib.
3316 5419 3415 5469 vu,
3448 5417 3500 5458 e.
3536 5403 3623 5464 11.

2052 5487 2097 5526 s.
2132 5477 2179 5529 l.

2115 5543 2581 5626 .(6j‘j‘cstamenti
2634 5541 2843 5596 scilicet
2893 5540 3175 5596 exordium
3253 5541 3396 5612 quod
3431 5551 3627 5598 exstat

2056 5611 2193 5666 Hist.
2221 5614 2315 5667 lib.
2348 5631 2460 5667 vm.

2125 5685 2204 5750 (7)
2245 5685 2402 5738 Anno
2433 5681 2631 5735 Christi
2666 5683 2822 5737 1320.

2127 5757 2204 5824 (8)
2243 5753 2360 5824 Lib.
2389 5770 2508 5814 vm,
2535 5769 2584 5806 c.

2125 5821 2202 5896 (9)
2247 5823 2363 5877 Lib.
2401 5838 2512 5889 \lll,
2542 5838 2590 5877 c.
2623 5821 2674 5878 5.
