3990 6470
271 487 343 555 21

1381 483 1809 577 Ntcspnoni
1849 438 2233 579 culicem
2270 483 2473 546 vrm.
2914 564 2919 565 ί
3480 465 3553 527 22

286 604 399 661 fere
423 604 631 661 habuit
665 604 781 678 (10)
811 621 829 660 :
864 617 1046 659 rerum
1098 599 1299 657 ibidem
1350 568 1870 670 pretiosissimarum
1901 603 1945 659 Α
1974 572 2252 667 sapientes
2308 602 2363 649 et
2411 589 2578 651 docti,
2617 597 2778 658 atque
2826 564 2934 639 illic
2966 578 3213 638 certatim
3266 576 3335 632 de
3394 575 3554 629 rebus

294 698 741 768 procurationem
788 697 839 753 ei
870 695 1024 751 vivus
1075 692 1381 760 commisit;
1429 686 1674 746 morien‘s
1721 702 1876 743 suam

303 789 713 855 quodammodo
744 790 921 846 vicem
969 800 1238 856 suumque
1281 787 1336 842 in
1366 798 1431 840 ea
1468 783 1632 839 domo
1678 792 1878 837 munus

307 884 481 941 eidem
518 882 1015 941 administrandum
1058 881 1257 955 legavit
1285 880 1423 952 (11).

371 992 574 1050 Contra
606 992 877 1065 Cregoras
903 991 1213 1048 Metocbilae
1235 990 1460 1055 liberos,
1485 987 1655 1043 ﬁliuni
1681 999 1881 1055 nempe

310 1096 366 1143 et
392 1086 580 1148 tiliam,
611 1084 831 1150 erudiit,
863 1092 920 1138 et
949 1082 1337 1139 obscurissima
1367 1073 1597 1151 quaeque
1632 1087 1879 1133 veterum

310 1188 596 1234 auctorum
651 1175 854 1245 scripta
908 1172 976 1231 iis
1013 1173 1259 1247 prielegit
1285 1182 1453 1242 atque
1489 1171 1883 1240 interpretatus

312 1280 396 1326 est
422 1269 559 1341 (12).
599 1267 946 1325 Metochitam
1000 1267 1182 1339 ipsum
1252 1267 1400 1321 omni
1452 1278 1668 1334 semper
1722 1261 1882 1317 oliicii

314 1377 517 1432 genere
567 1359 781 1415 coluit:
816 1356 1156 1414 imminentis
1201 1354 1524 1414 calamitatis
1567 1364 1713 1410 metu
1761 1368 1886 1426 per-

316 1452 527 1508 culsum
561 1461 618 1506 et
633 1451 887 1506 aIIIictum
939 1450 1120 1507 verbis
1149 1449 1498 1506 confirmavit
1538 1448 1651 1517 (15)
1692 1464 1707 1501 :
1738 1460 1885 1501 mor-

319 1552 472 1598 tuum
503 1543 716 1599 funebri
736 1542 980 1605 oratione
1005 1540 1224 1613 publice
1254 1540 1475 1597 deﬂevit
1497 1540 1641 1611 (14).
1671 1538 1883 1595 Scitum

317 1644 404 1689 est
433 1636 551 1706 ejus
578 1635 646 1690 de
690 1634 782 1690 illo
804 1635 1030 1691 dictum.
1086 1634 1294 1706 Nempe
1325 1636 1393 1690 ab
1433 1632 1748 1689 Andronico
1797 1644 1886 1689 se-

321 1728 474 1781 niore
504 1727 887 1797 interrogatus,
918 1744 1025 1797 quo
1050 1739 1210 1799 pacto
1259 1727 1601 1795 Melorbites,
1636 1742 1666 1781 a
1688 1724 1887 1788 tenui-

322 1821 425 1875 bus
454 1820 621 1874 initiis
645 1819 921 1890 profectus
952 1820 1098 1889 (nam
1130 1836 1195 1876 ex
1247 1821 1519 1890 Bryenoio
1551 1813 1887 1891 praeceptore

322 1928 587 1982 perpauca
610 1913 916 1983 didicerat),
946 1929 1194 1970 summus
1226 1922 1574 1969 astronomus
1600 1914 1884 1979 evasisset,
1915 1931 1965 1992 Β

327 2003 477 2059 Nihil
526 2006 731 2071 mirum,
778 2006 956 2076 inquit
987 2006 1273 2079 Cregoras,
1319 2023 1384 2061 ea:
1426 2012 1590 2077 pa‘rva
1646 2005 1891 2077 lantpade

324 2113 572 2165 magnam
623 2096 791 2167 facem
842 2099 1075 2152 accendi.
1129 2098 1556 2154 Cantacuzenus
1609 2098 1890 2153 laudatum

325 2187 538 2258 ait(13)
579 2187 646 2242 ab
689 2187 1016 2258 imperatore
1066 2205 1296 2244 acumen
1344 2190 1749 2260 respondentis,
1800 2191 1892 2259 qui

327 2280 561 2350 imagine
587 2279 746 2334 obvia
773 2293 837 2333 ac
879 2279 1133 2336 Iamiiiari
1187 2290 1435 2336 naturam
1485 2280 1562 2335 rei
1593 2281 1661 2336 ob
1702 2280 1895 2334 oculos

331 2373 622 2439 posuisset.
1488 2356 1513 2379 ’⁸

402 2499 650 2557 Florebat
674 2502 795 2557 aula
829 2502 1121 2576 Byzantina
1149 2505 1351 2560 studiis
1374 2507 1639 2561 bonarum
1669 2505 1893 2576 artium,

332 2595 546 2689 fa:ente
570 2596 702 2653 viris
734 2597 913 2654 doctis
944 2599 1257 2654 Andronico
1303 2600 1667 2670 imperatore,
1721 2572 1801 2653 sic
1838 2607 1898 2653 ut

331 2691 449 2758 ejus
474 2689 668 2745 domus
697 2706 807 2746 non
840 2690 1000 2746 modo
1029 2691 1334 2746 honestatis
1375 2700 1430 2746 et
1465 2691 1647 2747 omnis
1676 2691 1898 2747 virtutis

332 2777 565 2841 oﬂicina.
600 2781 697 2835 sed
727 2789 782 2837 et
804 2781 1086 2838 litterariae
1118 2783 1446 2839 eruditionis
1475 2783 1813 2854 gymnasium
1844 2792 1900 2839 et

332 2870 547 2927 dicendi
596 2873 991 2929 certaminibus
1036 2875 1308 2944 quoddam
1357 2876 1523 2931 veluti
1566 2876 1899 2931 curriculum

334 2976 582 3035 apertum
627 2982 751 3024 esse
803 2970 1079 3026 videretur
1122 2966 1255 3042 (16).
1307 2971 1494 3041 Itaque
1543 2986 1611 3026 eo
1654 2979 1900 3043 tempore

341 3060 613 3116 maximus
639 3059 907 3134 fuitapud
936 3063 1152 3120 Graecos
1195 3049 1499 3129 oratorum,
1548 3064 1902 3136 philosopho-

340 3165 480 3215 rum,
506 3150 846 3224 aliorumque
885 3156 1223 3211 eruditorum
1259 3166 1581 3227 proventus.
1634 3155 1903 3227 Gregoras

1977 685 2313 756 quibuslibet
2341 683 2481 739 scitu
2526 680 2701 752 dignis
2737 692 2919 735 coram
2976 668 3288 726 Andronico
3337 668 3554 722 seniore

1978 761 2354 849 disputabant.
2386 773 2524 828 Cum
2556 771 2722 844 igitur
2768 768 3086 836 frequentes
3135 761 3210 818 ibi
3264 759 3554 828 aliquando

1979 872 2233 927 adessent
2264 867 2399 939 (21),
2438 862 2805 938 Andronicus,
2838 866 2899 915 ut
2927 854 3238 926 Nitepboro
3274 851 3552 919 Gregorce.

1979 977 2142 1034 quem
2178 959 2332 1015 valde
2351 956 2612 1028 diligebat
2641 951 2778 1024 (22),
2803 946 3016 1005 dicendi
3042 942 3385 1000 occasionem
3417 952 3555 1008 pric-

1979 1055 2173 1118 bcrct,
2226 1048 2561 1107 mentionem
2622 1043 2808 1116 injecit
2869 1041 2936 1096 de
3012 1034 3365 1093 astronomia.
3418 1028 3559 1082 Tum
3622 1042 3649 1077 ι

1981 1146 2269 1219 Gregoras,
2301 1141 2393 1213 qui
2431 1141 2499 1196 de
2536 1137 2802 1196 Pascliate
2835 1133 2902 1188 ad
2939 1132 3321 1201 imperatorem
3352 1121 3561 1177 referre

1950 1214 2238 1309 cupiebat
2263 1232 2613 1306 jampridem,
2649 1222 3065 1283 iastronOmiam
3123 1220 3295 1287 ipsam
3328 1214 3563 1285 primum

1984 1305 2152 1400 coep!
2190 1301 2453 1381 laudare:
2519 1318 2715 1376 deinde
2772 1328 2930 1372 usum
2981 1310 3102 1379 ejus
3149 1307 3314 1362 etiam
3351 1304 3418 1358 ad
3467 1301 3562 1355 Pa-

1984 1395 2191 1477 schatis
2213 1414 2607 1472 correctionem
2648 1407 2924 1481 pertinere
2952 1403 3113 1458 dixit.
3149 1399 3224 1455 Ita
3273 1395 3477 1453 sensim
3512 1401 3566 1446 et

1987 1513 2110 1570 sine
2135 1512 2301 1566 sensu
2334 1505 2597 1579 producta
2626 1503 2681 1557 in
2718 1485 2959 1577 medium
2987 1509 3051 1550 ea
3078 1506 3242 1563 quam
3282 1497 3401 1544 erat
3431 1499 3567 1557 prac-

1987 1598 2292 1658 meditatus
2335 1576 2663 1667 quaestione,
2718 1604 2871 1646 suam
2927 1576 2996 1641 de
3049 1584 3135 1640 die
3164 1576 3407 1652 paschali
3438 1589 3568 1631 eon-

1987 1691 2266 1751 stituendo
2288 1686 2613 1745 sententiain
2661 1681 2967 1738 luculenter
2996 1675 3255 1746 explicuit
3291 1689 3304 1726 :
3344 1665 3569 1723 invesﬁ-

1988 1783 2151 1854 gandi
2182 1777 2491 1852 mquinoetii
2521 1775 2699 1841 verni,
2740 1774 2868 1828 item
2902 1766 3189 1840 plenilunii
3238 1760 3566 1819 observandi

1992 1878 2256 1933 rationem
2294 1871 2517 1929 tradidit
2548 1887 2564 1925 :
2597 1870 2662 1924 ad
2686 1867 2804 1923 dies
2826 1865 2954 1930 565,
2979 1861 3069 1934 qui
3100 1873 3302 1914 annttm
3334 1855 3567 1911 solarem

1996 1970 2424 2032 constituerent,
2486 1965 2760 2033 integrum
2820 1956 2986 2013 unius
3043 1953 3148 2009 diei
3213 1950 3569 2021 quadrantem

1994 2077 2103 2117 non
2161 2059 2364 2115 debere
2416 2053 2540 2109 addi
2588 2049 2848 2113 ostendit,
2897 2047 2991 2102 sed
3038 2043 3411 2101 deducendam
3446 2038 3573 2092 inde

1996 2161 2205 2226 partem
2230 2149 2340 2205 diei
2388 2142 2790 2205 brevissimam,
2845 2154 2955 2193 non
3009 2147 3189 2211 tamen
3249 2127 3573 2187 trecentesi-

1997 2261 2139 2300 mam
2196 2242 2369 2311 ipsam
2418 2250 2663 2310 prorsus,
2726 2244 2787 2288 ut
2842 2229 3151 2288 censuisset
3204 2227 3571 2281 Ptolemaeus:

1995 2339 2100 2393 alia
2131 2335 2368 2404 denique
2425 2330 2596 2386 multa
2654 2328 2709 2381 iu
2775 2339 2894 2380 eam
2961 2338 3076 2377 rem
3151 2315 3447 2388 congessit,
3507 2328 3572 2367 cr

1998 2431 2200 2501 quibus
2229 2427 2283 2482 id
2314 2425 2674 2487 efﬁciebatur,
2727 2421 2794 2474 ab
2826 2430 2973 2472 anno
3019 2411 3206 2468 mundi
3251 2410 3365 2463 fere
3410 2405 3574 2465 6500.

1997 2524 2093 2595 qui
2121 2522 2223 2578 fuit
2246 2519 2449 2577 Christi
2482 2517 2606 2582 792,
2637 2525 2879 2571 erratum
2910 2524 3033 2566 esse
3077 2508 3129 2562 iu
3166 2502 3415 2576 ponenda
3441 2508 3577 2555 tem-

1999 2631 2192 2688 porum
2228 2613 2459 2676 ratione,
2489 2615 2653 2680 atque
2680 2608 2736 2662 in
2765 2601 3047 2660 Paschalis
3080 2598 3171 2653 die
3201 2591 3607 2655 observandoy

2000 2724 2125 2765 eum
2169 2719 2299 2762 vero
2331 2714 2574 2759 errorem
2617 2699 2694 2754 ita
2716 2692 2892 2767 posse
2931 2688 3152 2761 cerrigi,
3187 2685 3234 2740 si
3268 2684 3335 2739 de
3364 2682 3577 2738 dierum

1998 2810 2214 2855 summa
2244 2793 2406 2864 paulo
2440 2790 2560 2861 plus
2608 2787 2777 2843 biduo
2829 2784 3041 2851 integro
3087 2775 3493 2835 detraheretur,
3525 2779 3579 2825 ct

2001 2861 2284 2945 Pachatis
2343 2880 2653 2939 observatio
2712 2868 2957 2948 proxime
3008 2878 3136 2926 ante
3184 2868 3326 2923 diem
3400 2861 3579 2917 Martii

2003 2979 2322 3036 vicesimum
2357 2977 2760 3037 institueretur,
2793 2983 2913 3039 quae
2964 2981 3003 3021 ιιι
3049 2962 3308 3019 vicesimo
3341 2955 3581 3014 secundo

2005 3085 2290 3145 perperam
2323 3066 2537 3123 institui
2592 3062 2818 3120 soleret.
2856 3061 3160 3131 Imperator
3189 3052 3480 3111 consilium
3512 3050 3581 3106 de

2008 3141 2272 3220 i’ascliate
2309 3150 2639 3232 cor’rigcndo
2677 3153 2960 3226 probavit;
3000 3165 3115 3205 rem
3153 3148 3325 3220 ipsam
3361 3141 3582 3215 aggredi

340 3242 515 3313 magni
568 3243 878 3315 Logothetai
917 3249 1314 3305 consuetudine
1359 3248 1612 3315 satiatus,
1638 3249 1898 3318 expedire

2007 3257 2201 3323 noluit,
2232 3253 2376 3326 quod
2408 3256 2632 3324 negaret
2665 3247 2822 3303 facile
2858 3259 2980 3301 esse
3014 3241 3259 3298 omnium
3295 3237 3581 3293 nationum

341 3335 448 3390 sibi
474 3337 719 3405 credidit,
747 3340 859 3410 jam
893 3356 1065 3399 annos
1091 3342 1158 3396 27
1202 3352 1351 3409 nato,
1404 3360 1564 3399 usum
1606 3344 1673 3400 ad
1701 3343 1904 3400 doctri-

338 3442 462 3481 nam
492 3427 783 3501 adjungere
806 3442 863 3487 et
893 3448 959 3488 ex
987 3434 1178 3488 umbra
1211 3437 1263 3489 in
1303 3434 1479 3490 lui-em
1523 3434 1743 3505 prt’idire
1767 3432 1901 3506 (17)}

338 3518 697 3584 Quamobrem
742 3526 1047 3582 studiorum
1097 3543 1325 3583 suorum
1379 3528 1577 3584 ﬁducia
1626 3528 1804 3586 frctus
1836 3528 1904 3589 ad

340 3613 929 3717 imperatorem-ipsum
956 3634 1016 3676 se
1070 3619 1322 3686 contulit,
1375 3630 1433 3677 ut
1463 3637 1545 3684 se,
1597 3622 1642 3676 si
1696 3630 1902 3693 posset,

341 3705 396 3757 in
445 3705 560 3776 ejus
601 3706 1019 3766 familiaritatem
1068 3712 1400 3777 insinuaret.
1456 3713 1808 3769 Peramanter
1849 3721 1906 3768 et

340 3796 477 3851 ultra
504 3814 661 3869 quam
694 3813 1003 3871 speraverat
1034 3805 1268 3876 benigne
1294 3811 1559 3875 Exceptus
1598 3784 1901 3860 orationem

341 3889 484 3991 apud
505 3906 629 3991 eum
657 3892 865 3959 habuit,
891 3895 1133 3965 duasque
1157 3896 1215 3950 in
1240 3896 1362 3965 ipso
1402 3896 1653 3959 virtutes,
1680 3897 1904 3966 sapien-

343 3984 470 4035 tiam
498 3990 553 4038 et
577 3984 964 4055 eloquentiam,
1013 3987 1259 4043 laudavit
1299 3987 1436 4060 (18).
1464 3986 1735 4063 Tempore
1780 4003 1907 4059 pro-

342 4074 565 4130 cedente
610 4076 683 4132 ita
731 4077 1051 4134 benevolum
1101 4080 1353 4135 eumdem
1390 4089 1656 4150 expertus
1695 4091 1801 4144 est,
1844 4086 1906 4135 ut

342 4165 504 4236 aliqui
532 4166 1239 4241 iudignarenturjuvenem,
1265 4172 1413 4227 nulla
1437 4172 1725 4241 dignitate,
1755 4172 1905 4229 nullo

342 4259 640 4315 sacerdotio
687 4264 1145 4329 commendatum,
1200 4272 1348 4318 tanta
1399 4263 1544 4333 apud
1594 4264 1905 4335 principem

343 4351 512 4422 gratia
537 4354 736 4410 valere.
765 4356 1131 4422 Andronicus,
1162 4365 1221 4411 tit
1270 4372 1334 4413 os
1374 4357 1689 4412 obstrueret
1723 4357 1907 4413 obtre-

344 4444 656 4509 ctatoribus,
708 4446 912 4515 primos
965 4446 1225 4503 Ecclesiae
1272 4446 1514 4503 honores
1556 4446 1810 4503 conferre
1854 4447 1903 4502 ei

341 4533 522 4604 juveni
548 4538 754 4615 statuit,
781 4548 836 4593 et
881 4538 1323 4611 chartopbylaeis
1372 4538 1712 4609 dignitatem,
1755 4537 1907 4593 velut

2004 3351 2261 3422 suffragia
2316 3346 2598 3418 colligere,
2653 3350 2709 3398 et
2745 3347 3022 3410 receptum
3078 3344 3195 3391 toto
3247 3331 3382 3389 orbe
3422 3342 3581 3384 usum

2004 3418 2244 3501 abolere.
2277 3440 2531 3511 Gregorte
2562 3432 2893 3491 sententiam
2938 3429 3029 3485 alii
3062 3435 3248 3499 postea
3279 3418 3584 3480 astronomi

2005 3534 2429 3605 cbronologique
2465 3528 2851 3591 defenderunt,
2899 3532 3063 3594 atque
3092 3520 3148 3576 in
3183 3517 3375 3589 primis
3435 3515 3585 3569 Isaae

2005 3630 2263 3700 Argyrus.
2282 3604 2496 3678 Saecula
2521 3620 2741 3677 demum
2763 3613 2978 3671 decimo
2993 3619 3168 3674 sexto,
3200 3621 3262 3664 ea
3281 3604 3585 3678 quaestione

2005 3697 2151 3792 apud
2204 3717 2432 3772 Latinos
2489 3726 2707 3782 quoque
2763 3708 3003 3780 agitata,
3064 3697 3450 3757 Kalendarium
3516 3709 3585 3750 ex

2005 3790 2641 3874 auctoritate—Gregorii
2702 3798 2846 3864 XIII,
2906 3812 2975 3853 eo
3013 3790 3365 3874 feremodo,
3421 3800 3591 3857 quem,

2005 3902 2274 3972 Cregoras
2297 3897 2701 3969 designaverat,
2743 3892 3096 3947 reformatum
3142 3873 3264 3941 fuit.

2076 3970 2423 4053 moraes,
2484 3988 2696 4059 legatus
2730 3984 2826 4039 ivit
2883 3981 2950 4036 ad
3007 3977 3223 4035 Cralcut
3271 3974 3406 4059 (es).
3455 3970 3588 4042 Ejus

1994 4082 2298 4156 legationis
2332 4048 2497 4135 causa
2530 4048 2654 4133 bace
2676 4074 2802 4131 fuit.
2836 4070 3111 4126 Theodori
3143 4048 3449 4122 Metochitm
3478 4061 3586 4117 filia

2008 4154 2183 4241 Irene,
2217 4178 2432 4227 mortuo
2479 4167 2706 4239 conjuge
2758 4164 2966 4221 Joanne
3000 4158 3324 4230 Palreologo,
3380 4154 3471 4225 qui
3520 4168 3586 4208 ex

2006 4262 2517 4338 Panbypersebasto
2541 4260 2724 4316 Caesar
2767 4262 2984 4313 creatus
3032 4253 3334 4309 novissime
3384 4243 3582 4311 fuerat,

2006 4359 2153 4432 apud
2184 4357 2397 4415 CraIem
2433 4367 2695 4426 generum
2751 4348 3090 4409 morabatur,
3146 4359 3214 4401 ae
3246 4344 3470 4399 domum
3505 4355 3592 4394 rc-

2009 4452 2125 4508 dire
2149 4450 2219 4507 ad
2252 4456 2463 4520 patrem
2489 4442 2797 4501 recusabat.
2835 4438 3025 4510 Itaque
3073 4433 3397 4491 Metochites
3432 4439 3590 4502 pater

2009 4553 2201 4599 auctor
2233 4539 2336 4595 fuit
2364 4534 2701 4609 imperatori,
2753 4541 2816 4587 ut
2852 4544 2971 4587 eam
3022 4528 3203 4584 redire
3231 4530 3470 4596 cogeret.
3492 4521 3591 4575 .De

347 4628 559 4700 pignus,
597 4631 779 4686 statim
823 4630 1022 4687 obtulit
1055 4650 1068 4687 :
1115 4646 1179 4687 ac
1223 4632 1338 4702 jam
1372 4630 1588 4694 eidem,
1647 4639 1903 4701 tanquam
1941 4623 1982 4677 υ
2013 4653 2075 4692 ea
2114 4650 2174 4690 re
2224 4631 2376 4687 missi
2435 4628 2502 4685 ad
2531 4626 2745 4684 Cralem
2795 4622 2977 4695 legati,
3015 4632 3248 4691 quorum
3311 4629 3461 4699 unus
3492 4613 3595 4667 fuit

350 4719 487 4774 haud
513 4720 673 4777 dubie
697 4729 1010 4794 accepturo,
1035 4729 1215 4779 vestes
1261 4730 1320 4778 et
1357 4721 1589 4792 insignia
1627 4720 1911 4792 dignitatis

348 4812 585 4884 parabat.
619 4815 905 4886 Cregoras,
939 4814 1284 4869 inmaturam
1327 4820 1545 4868 aetatem
1592 4824 1649 4867 et
1689 4812 1906 4867 studio-

350 4923 467 4961 rum
488 4921 707 4963 suorum
747 4909 1012 4963 rationem
1084 4915 1362 4972 causatus,
1411 4904 1601 4976 gratiis
1639 4904 1797 4968 actis,
1851 4911 1908 4959 et

351 5001 568 5055 laudato
594 5001 939 5070 imperatore,
978 5000 1221 5055 oblatum
1268 5000 1532 5055 honorem
1575 4995 1906 5068 repudiavit.

353 5087 671 5161 Repudianti
703 5091 784 5147 vis
806 5106 947 5162 pene
973 5091 1120 5146 illata
1140 5090 1276 5161 (19).

422 5204 705 5286 Aliquanto
748 5213 870 5275 post
896 5205 1008 5277 (Ξο)
1060 5213 1177 5259 orta
1223 5203 1367 5258 inter
1415 5198 1659 5256 eruditos
1708 5195 1910 5252 nobilis

352 5299 732 5354 controversia.
761 5297 1169 5355 Conveniebant
1194 5296 1388 5353 crebro
1426 5293 1479 5350 in
1508 5291 1768 5366 palatium
1805 5289 1907 5345 viri

421 5443 532 5513 (10)
572 5443 691 5504 Lib.
723 5459 797 5508 ix.
831 5461 879 5501 c.
911 5446 1001 5501 13.

452 5517 532 5583 11)
574 5515 694 5574 Lib.
722 5530 856 5583 uti,
900 5532 949 5571 c.
984 5518 1042 5572 2.

452 5586 536 5655 12)
576 5585 696 5644 Lib.
731 5602 848 5652 viii,
875 5603 926 5641 e.
955 5587 1011 5642 5.

427 5658 536 5728 (15)
577 5656 695 5728 Lib.
718 5672 837 5724 vui,
862 5672 912 5713 c.
943 5658 997 5713 5.

431 5727 541 5798 (υ)
583 5727 700 5783 Lib.
733 5742 789 5792 ς,
819 5728 958 5798 ea.

458 5798 540 5861 15)
577 5798 799 5851 Cantas.
839 5796 977 5853 Hist.
1009 5798 1108 5854 lib.
1134 5813 1171 5865 l,
1196 5812 1246 5853 c.
1282 5796 1369 5853 ll.

460 5869 541 5937 Hi)
583 5866 701 5922 Lib.
734 5883 851 5927 \‘III,
878 5887 890 5918 ς
915 5909 927 5923 .
960 5870 1013 5923 8.

436 5937 546 6009 (17)
588 5943 743 5993 Anno
764 5937 962 5995 Christi
997 5938 1157 5995 1322.

1485 5566 1513 5587 Ν

2015 4729 2305 4799 Cregoras,
2340 4736 2525 4780 comes
2553 4720 2715 4776 datus
2765 4716 2918 4772 fratri
2944 4713 3142 4784 ,ipsius
3192 4711 3397 4765 lreucs.
3431 4705 3488 4761 In
3529 4720 3592 4760 ea

2016 4818 2305 4889 legatione,
2329 4829 2451 4886 quae
2479 4811 2583 4869 sibi
2610 4819 2665 4866 et
2688 4807 2854 4865 sociis
2887 4805 3004 4863 suis
3046 4805 3102 4860 iu
3147 4802 3349 4858 itinere
3380 4799 3596 4856 accide-

2017 4914 2148 4977 rint,
2179 4923 2417 4972 errores,
2456 4904 2721 4976 pericula,
2769 4910 2827 4957 et
2859 4899 2995 4955 alios
3023 4911 3183 4954 casus
3226 4895 3345 4951 fuse
3383 4891 3594 4952 descri-

2016 5006 2096 5062 bit
2144 5004 2200 5059 in
2257 4998 2521 5056 Historia.
2572 4995 2760 5053 Crales
2811 4992 2998 5049 audita
3049 4988 3324 5060 legatione
3376 5000 3597 5041 socrum

2016 5099 2212 5156 Irenen
2279 5092 2511 5149 dimisit.
2564 5088 2713 5153 Iiaic,
2766 5097 2827 5144 ut
2874 5085 2997 5140 viro
3038 5084 3182 5155 justa
3222 5080 3595 5152 persolveret,

2018 5188 2461 5247 Thessalonicam
2522 5183 2649 5239 inde
2699 5179 2942 5252 prefecta
2967 5184 3072 5239 est.
3123 5175 3392 5249 Gregoras
3442 5186 3596 5238 vero,

2022 5283 2261 5354 acceptis
2291 5279 2361 5335 ab
2390 5292 2455 5336 ea
2481 5270 2772 5351 mandatis,
2836 5266 3155 5346 Byzantium
3203 5267 3385 5326 rediit.
3424 5343 3432 5350 .
3498 5294 3507 5297 λ

2089 5435 2205 5508 (18)
2234 5422 2363 5508 Lib.
2398 5442 2519 5493 vin,
2556 5445 2607 5489 e.
2633 5432 2695 5508 j.

2092 5502 2207 5575 (19)
2244 5504 2518 5577 Lib.__vyt,
2550 5512 2602 5577 ᾳ,
2628 5502 2829 5577 9.____
2912 5538 2953 5567 ετ
3048 5544 3069 5555 η.

2092 5568 2210 5672 ea
2696 5568 2859 5672 iis.
2964 5634 2971 5637 -

2114 5640 2387 5707 213.115“.
2427 5643 2521 5699 lib.
2560 5658 2674 5707 vni,
2699 5656 2752 5696 e.
2792 5640 2881 5696 1'5.
3052 5642 3099 5707 ᾖ
3206 5702 3241 5707 ,ν
3369 5698 3397 5707 _.

2695 5679 2949 5790 :egoiam
2970 5772 2973 5777 η
2985 5698 3405 5790 ⁸(ιίιεξχεξψίῐηξιηθξ
3417 5717 3482 5790 ex
3496 5773 3511 5790 .
3531 5717 3599 5759 eo

2021 5772 2443 5868 apparetrqugd
2471 5772 2855 5868 'mgrotantem
2897 5772 3225 5845 viSitaverit.
3276 5772 3600 5868 Exstatitac

2023 5842 2179 5916 deire
2200 5842 2268 5910 in,
2290 5842 2479 5913 c'odicc
2505 5842 2769 5908 Vaticano
2799 5850 2955 5920 λόγος
2989 5842 3470 5920 mmmam/5;.

2098 5927 2212 6000 (9.5)
2247 5927 2383 5982 Hist.
2418 5924 2516 5981 lib.
2550 5939 2666 5990 vm,
2694 5936 2741 5977 c.
2776 5921 2864 5977 14.

2126 5961 2212 5990 av)
2247 5961 2383 5982 υιυῠο
2420 5961 2516 5981 Ilua
2555 5961 2666 5990 In”,
2695 5961 2741 5977 νε
2780 5961 2796 5976 ι
2824 5961 2864 5977 ro
