3990 6464
438 417 509 481 27

1526 432 1951 539 NIFEPHORI
1981 436 2368 502 GREGOR/E
2409 442 2606 505 VII’A.

3611 454 3688 522 28

440 536 566 601 alia,
598 535 788 593 eodem
821 538 938 596 fere
966 544 1292 612 spectantia,
1324 561 1450 602 cum
1481 535 1727 615 dixisset.
1760 552 1909 607 visus
1928 563 2014 608 est
2040 554 2089 614 Δ
2117 558 2666 627 vehementissimus;
2707 560 2799 633 qui
2835 563 3059 619 morbus
3098 562 3234 636 (59),
3267 583 3360 637 per
3391 569 3681 627 intervalla

439 627 799 683 eruditiorum
873 634 1256 706 episcoporum
1326 640 1574 710 opinioni
1653 648 2009 713 congruentia

434 717 659 785 dixisse,
704 735 831 775 cum
868 724 1123 792 aliorum,
1177 741 1292 783 tum
1346 733 1580 788 maxime
1608 724 2005 805 Dyrrhachini.

436 809 639 865 llorum
687 817 1067 873 auctoritatem
1096 822 1303 887 caeteri,
1339 824 1433 895 qui
1481 827 1791 893 eloquentia
1826 829 2008 886 minus

433 903 704 969 valebant,
755 911 904 962 omni
956 913 1329 968 contentionis
1375 918 1559 972 studio
1592 919 1808 988 abiecto
1833 923 2004 977 secuti

410 1003 581 1048 ‘sunt.
630 995 706 1050 Ita
738 996 911 1080 Graeci
941 1001 1183 1080 oblatqu
1226 1020 1255 1059 a
1294 1004 1500 1061 Latinis
1530 1018 1806 1065 certamen
1834 1010 2005 1066 decli-

431 1097 630 1141 narunt
657 1076 1027 1159 (50)."I‘amen
1061 1092 1376 1169 Barlaatnus
1406 1114 1506 1169 pro
1538 1098 1852 1157 Graecorum
1873 1103 2005 1174 dog—

428 1186 575 1232 mate
623 1181 792 1238 multa
856 1194 969 1240 tum
1037 1191 1259 1260 scripsit
1312 1192 1423 1262 (51)
1458 1194 1722 1252 adversus
1768 1182 2001 1253 Romani

435 1269 713 1337 pontiﬁcis
742 1272 946 1344 legatos
988 1294 1002 1330 :
1043 1295 1275 1348 quorum
1315 1298 1487 1352 pauca
1530 1287 1673 1357 typis
1716 1302 1996 1358 expressa,

426 1357 686 1427 pleraque
724 1372 907 1419 autem
941 1375 1159 1422 exstant
1198 1374 1568 1444 utanuscripta
1611 1376 1670 1431 in
1717 1357 2000 1436 codicibus

424 1449 593 1518 regiis
619 1450 758 1521 (ΒΞ).

493 1539 667 1597 Annis
716 1558 783 1598 ex
817 1560 886 1600 eo
922 1557 1132 1625 septem
1168 1551 1370 1623 elapsis
1402 1554 1551 1625 (55),
1589 1556 1732 1613 idem
1766 1559 1993 1617 Barlaa-

424 1642 584 1721 mus,
649 1631 970 1721 Avenione,
1026 1624 1135 1707 quo
1179 1641 1250 1696 ab
1309 1624 1637 1713 imperatore
1686 1649 1753 1703 ad
1795 1650 1995 1721 Papam

426 1717 767 1776 clandestina
794 1723 909 1796 (δι)
935 1726 1203 1799 legatione
1233 1731 1433 1790 missus
1463 1734 1669 1801 fuerat,
1700 1717 1994 1798 Thessalo-

425 1808 606 1865 nicum
655 1828 908 1872 reversus
955 1835 1179 1891 magnas
1229 1826 1413 1882 turbas
1443 1828 1495 1881 in
1540 1829 1778 1887 Ecclesia
1807 1833 1991 1891 Graeca

418 1900 717 1970 excitavit;
763 1922 828 1959 ex
886 1910 1086 1978 quibus
1129 1922 1316 1982 postea
1367 1917 1549 1973 multa:
1594 1922 1645 1975 in
1697 1922 1993 1996 Gregoram

424 1992 694 2050 molestia:
734 1998 1145 2057 redundarunt-
1172 2005 1439 2062 Nimirum
1478 2011 1572 2066 ille
1603 1992 1835 2083 advena,
1871 2034 1993 2073 mo-

415 2083 621 2139 nachos
649 2084 867 2143 Graecos
904 2101 1094 2146 nactus
1119 2094 1210 2163 qui
1243 2112 1304 2151 se
1333 2098 1579 2155 divinum
1619 2103 1805 2159 lumen
1859 2124 1994 2163 ocu-

419 2171 490 2226 lis
511 2177 791 2243 corporeis
825 2178 1025 2235 intueri
1061 2182 1318 2241 dicebant
1342 2229 1358 2251 ,
1406 2189 1896 2252 Massalianismum
1929 2200 1995 2257 iis

417 2271 475 2318 ct
499 2262 1096 2341 Omphalopsychorum
1133 2276 1248 2346 (55)
1288 2295 1530 2337 errorem
1563 2286 1784 2353 objccit.
1810 2289 1995 2346 Mona-

416 2358 645 2412 chorum
683 2364 1049 2428 patrocinium
1083 2371 1328 2439 suscepit
1370 2373 1452 2426 vir
1485 2390 1693 2446 magnae
1722 2383 1868 2449 apud
1898 2398 1994 2440 eos

416 2448 845 2507 existimationis
868 2494 884 2519 ,
920 2455 1211 2528 Gregorius
1232 2462 1500 2528 Palamas,
1528 2448 1853 2537 jampridem
1879 2475 1993 2544 ipse

413 2553 633 2608 quoque
668 2541 792 2597 ideo
827 2554 1085 2609 notatus.
1140 2552 1285 2619 quod
1332 2553 1573 2611 divinam
1630 2541 1989 2620 substantiam

373 2689 388 2707 ς
413 2631 588 2686 oculis
611 2636 888 2702 corporeis
924 2638 1093 2693 visam
1122 2656 1152 2695 a
1190 2657 1249 2697 se
1287 2646 1628 2715 iactavisset,
1671 2651 1805 2710 Nam
1844 2656 1992 2713 hunc

414 2721 685 2789 Grcgoras
738 2725 874 2795 (56),
928 2738 982 2782 et
1025 2731 1073 2783 ci
1113 2737 1494 2803 cognominem
1552 2739 1796 2814 Drimyn,
1830 2757 1987 2802 aute-

414 2827 578 2886 quam
613 2813 728 2884 (57)
774 2816 1093 2876 Barlaamus
1127 2823 1183 2876 in
1232 2824 1497 2882 Graeciam
1534 2813 1794 2903 venisset,
1831 2838 1880 2893 id
1922 2840 1989 2894 de

410 2918 474 2957 sc
501 2904 862 2973 pra-dicantes
891 2912 1170 2981 audierat,
1197 2923 1253 2969 et
1282 2920 1502 2975 acribus
1537 2923 1648 2991 jam
1671 2933 1782 2980 tum
1809 2930 1989 2985 verbis

418 3005 715 3066 utrumque
737 3001 1166 3069 reprehenderat
1193 3025 1206 3060 :
1231 3008 1481 3079 idemque
1511 3030 1629 3068 eam
1659 3016 1771 3071 rem
1796 3036 1990 3092 magno

411 3086 736 3158 Lugothette
772 3099 829 3146 et
857 3095 1197 3152 antistitibus
1239 3101 1447 3171 aliquot
1476 3107 1650 3162 doctis
1674 3086 1989 3169 declarave-

409 3188 514 3232 rat.
534 3177 598 3233 Hi
626 3197 756 3237 vero
788 3198 913 3238 eam
956 3186 1403 3247 Massalianorum
1436 3194 1660 3253 haeresin
1685 3216 1806 3256 esse
1834 3205 1982 3259 dixe—
2008 3217 2053 3279 α

415 3278 563 3334 rant,
595 3278 653 3325 et
682 3272 951 3343 ejusmodi
1000 3279 1281 3334 hominum
1326 3290 1774 3347 consuetudinem
1803 3305 1861 3349 ut
1899 3296 1982 3350 fu-

408 3370 564 3430 geret
610 3376 1015 3435 praeceperant;
1068 3370 1235 3442 idque
1271 3389 1335 3428 eo
1369 3379 1557 3448 magis,
1594 3384 1737 3451 quod
1785 3402 1980 3444 noram
2012 3440 2013 3443 η

414 3454 667 3522 hrrcsiu,
695 3470 757 3510 ex
788 3459 906 3513 aliis
933 3462 1183 3519 omnibus
1217 3467 1524 3537 conﬂatam,
1568 3474 1699 3529 olim
1744 3480 1984 3533 exoritu—

409 3562 526 3601 ram
561 3563 704 3615 esse,
735 3559 790 3606 et
826 3555 1096 3624 generalis
1151 3560 1367 3615 concilii
1404 3561 1625 3622 decreto
1676 3579 1981 3625 correctum

410 3638 505 3706 iri,
543 3642 743 3696 veteris
777 3647 1061 3712 cujusdam
1091 3653 1393 3720 prOphctias
1439 3656 1722 3714 admonitu
1769 3662 1983 3720 didicco

410 3744 556 3786 rant.
594 3734 877 3793 Monachis
911 3741 1096 3810 igitur,
1139 3743 1353 3800 Palamu
1386 3748 1527 3804 duce
1554 3792 1567 3813 ,
1611 3767 1711 3821 pro
1762 3771 1864 3811 suo
1894 3773 1985 3811 cr—

414 3840 536 3878 rore
571 3833 1042 3901 propugnantibus
1067 3875 1083 3899 ,
1111 3844 1169 3890 et
1227 3836 1411 3893 lumen
1435 3879 1450 3901 ,
1483 3842 1625 3907 quod
1686 3843 1741 3897 in
1797 3857 1983 3904 monte

407 3916 630 3973 Thabor
659 3923 963 3995 discipulos
994 3925 1199 3983 Christi
1234 3931 1687 3991 circutnl'ulsisset
1715 3978 1731 4002 ,
1773 3932 1984 3997 increa-

408 4016 525 4062 tum
556 4009 720 4067 simul
750 4026 806 4069 et
830 4018 1168 4086 aspectabile
1196 4019 1363 4076 fuisse
1398 4022 1813 4094 dictitantibus;
1845 4031 1981 4089 Bar-

405 4099 584 4156 laamo
616 4113 795 4159 autem
822 4106 1026 4162 διοεῒαν
1053 4151 1067 4169 .
1093 4125 1187 4165 seu
1215 4112 1451 4183 duplicis
1488 4116 1583 4172 Dei
1611 4120 1843 4188 cultum,
1884 4141 1982 4195 per

404 4205 527 4246 eam
559 4195 872 4265 Opinionem
909 4200 1090 4255 invehi
1131 4203 1459 4274 alﬁrmante,
1496 4209 1846 4269 Andronicus
1880 4219 2017 4274 lm-.

405 4289 624 4347 perator
653 4283 766 4337 litis
798 4285 1113 4342 dirimendas
1136 4305 1299 4345 causa
1333 4295 1622 4350 concilium
1665 4299 1978 4358 habendum

403 4367 640 4420 censuit.
664 4368 853 4438 Itaque
881 4385 1027 4425 anno
1050 4373 1254 4429 Christi
1296 4376 1454 4442 1511,
1490 4396 1679 4438 mense
1711 4383 1893 4453 Junio,
1922 4391 1978 4445 in

405 4454 465 4510 S.
500 4456 715 4526 Sophia:
756 4461 929 4516 aedem
962 4462 1350 4532 Byzantiorum
1379 4470 1754 4543 lectissimi,ac
1782 4478 1977 4535 doctis-

2107 658 2164 703 et
2196 650 2363 705 certis
2405 652 2741 720 temporibus
2785 668 3072 709 recurrens
3095 697 3109 720 ,
3143 664 3251 712 tota
3282 659 3391 713 vita
3437 676 3565 715 eum
3598 663 3683 717 af-

2106 740 2356 796 llictavit.
2388 745 2690 812 Imperator
2720 746 2809 800 illa
2837 746 2925 801 die
2965 750 3221 816 praeclare
3254 760 3306 805 et
3330 768 3527 822 magno
3559 771 3681 809 om-

2105 834 2258 888 nium
2305 834 2497 905 plausu
2536 836 2899 894 concionatus
2955 840 3239 896 absentem
3306 844 3680 910 desideravit,

2105 938 2282 992 eoque
2313 926 2565 981 auditore
2611 928 2836 1019 moleste
2864 932 3059 985 caruit.
3094 929 3364 987 Ca-terum
3393 934 3447 988 in
3486 951 3553 989 ea
3591 951 3681 1008 sy-

2104 1013 2253 1068 nodo
2304 1016 2435 1084 quid
2470 1025 2650 1070 actum
2681 1019 2751 1072 sit
2779 1013 2889 1072 non
2925 1029 3173 1086 constat,
3217 1032 3499 1092 propterea
3529 1026 3682 1094 quod

2104 1104 2250 1159 illius
2311 1107 2411 1160 :evi
2476 1108 2769 1177 scriptores
2817 1109 2905 1163 alii
2955 1111 3133 1173 aliter,
3180 1121 3235 1167 et
3267 1127 3367 1183 pro
3397 1129 3499 1168 suo
3526 1117 3686 1184 quis-

2101 1210 2210 1266 que
2236 1196 2451 1263 aﬂectu,
2484 1213 2598 1253 rem
2657 1211 2884 1256 narrant
2921 1201 3060 1272 (60).
3102 1202 3162 1258 In
3192 1219 3260 1258 eo
3312 1215 3489 1260 tamen
3534 1207 3685 1261 Can-

2101 1296 2400 1346 tacuzenus
2452 1301 2508 1344 et
2559 1282 2827 1360 Gre'goras
2879 1295 3266 1359 consentiunt,
3338 1297 3490 1364 quod
3543 1297 3682 1352 Bar-

2100 1378 2336 1433 laamum
2388 1390 2655 1443 uterque,
2709 1382 2919 1450 judicio
2973 1383 3238 1454 iniurioso
3281 1385 3577 1452 offensum,
3623 1388 3679 1442 itt

2099 1472 2311 1529 Italiam
2343 1474 2530 1530 dicant
2565 1476 2891 1547 remigrasse
2917 1519 2931 1542 ,
2964 1485 3021 1532 et
3052 1478 3118 1533 ad
3146 1477 3463 1534 Latinorum
3514 1481 3679 1536 insti-

2102 1572 2216 1617 tuta
2240 1579 2304 1619 ac
2341 1565 2591 1635 dogmata
2627 1558 2843 1620 rursum
2872 1583 2933 1622 se
2958 1571 3318 1629 convertisse.
3347 1570 3556 1626 Triduo
3593 1573 3678 1626 vel

2096 1655 2391 1733 quatriduo
2439 1666 2559 1721 post
2591 1658 2828 1712 habitam
2883 1660 3146 1729 synodum
3179 1661 3472 1734 imperator
3506 1664 3674 1719 morti

2081 1730 2386 1817 ‘proximus
2414 1748 2481 1802 ad
2533 1743 2826 1819 Gregoram
2869 1744 3021 1805 misit
3045 1791 3060 1815 ,
3091 1751 3181 1821 qui
3211 1730 3276 1806 ex
3328 1769 3395 1811 eo
3424 1753 3676 1809 sciscita-

2097 1844 2309 1898 rentur,
2343 1835 2632 1890 faciletnne
2660 1838 2998 1891 curationem
3025 1849 3171 1893 astra
3203 1841 3579 1909 sponderent,
3603 1855 3673 1895 an

2098 1926 2384 1981 conatibus
2426 1925 2761 1982 medicorum
2793 1929 3094 1985 obstarent.
3126 1932 3405 2001 Responso
3430 1934 3676 1986 nomium

2097 2028 2343 2088 accepto,
2383 2020 2436 2072 in
2467 2020 2769 2090 lcthargmn
2801 2019 3070 2089 relapsus,
3107 2024 3270 2077 vitam
3305 2024 3480 2078 tinivit
3517 2024 3672 2079 Junii

2095 2106 2185 2163 die
2218 2109 2303 2172 15,
2332 2111 2703 2164 anno-Christi
2739 2110 2899 2165 1541.
2925 2111 3111 2167 Tertio
3142 2114 3317 2169 luctus
3348 2116 3435 2169 die
3464 2115 3676 2186 Grego-

2098 2215 2186 2255 ras
2219 2201 2306 2254 vix
2336 2211 2449 2256 tum
2474 2203 2887 2269 convalesccns,
2918 2206 3244 2273 patriarcha:
3272 2218 3327 2262 et
3357 2182 3544 2261 θοι·υῆ]
3577 2210 3672 2278 qui

2095 2293 2326 2367 αδδς-ειη
2368 2293 2564 2349 domus
2601 2296 2856 2362 Augusta:
2901 2298 3207 2366 principum
3248 2298 3488 2361 hortatu,
3519 2315 3671 2354 mor-

2097 2392 2247 2437 tuum
2278 2385 2661 2453 imperatorem
2692 2385 2855 2440 llebili
2889 2387 3135 2442 oratione
3161 2397 3493 2456 prosecutus
3521 2398 3632 2443 est.

2164 2514 2293 2571 Post
2332 2517 2444 2570 haec
2474 2515 2617 2571 civili
2655 2516 2794 2571 bello
2844 2515 3081 2587 Byzantii
3130 2518 3448 2572 laborarunt
3490 2535 3505 2573 :
3561 2518 3667 2573 Ec-

2092 2607 2257 2663 clesia
2288 2608 2403 2678 ipsa
2450 2608 2779 2678 dogmatit-is
2823 2608 3206 2663 Palamitarum
3249 2620 3304 2665 et
3328 2611 3667 2682 Acindynia-

2094 2715 2288 2755 norum
2318 2701 2451 2753 rixis
2476 2701 2807 2768 perturbata.
2846 2701 2976 2755 Nam
2999 2699 3288 2772 Gregorius
3324 2703 3661 2774 Acindynus.

2090 2789 2371 2844 Barlaamo
2397 2792 2449 2844 in
2490 2791 2694 2845 Italiam
2731 2809 2947 2848 reverso
2970 2834 2984 2857 ,
3013 2794 3244 2849 deserta:
3271 2794 3339 2849 ab
3368 2810 3433 2848 co
3480 2811 3667 2850 causa:

2090 2884 2455 2953 patrocinium
2489 2895 2807 2955 susceperat
2842 2885 2977 2956 (6|);
3018 2897 3071 2941 ct
3107 2902 3414 2957 quanquam
3466 2889 3662 2942 eodem

2092 2987 2201 3039 quo
2227 2972 2543 3028 Barlaamus
2577 2984 2722 3029 tonio
2753 2976 2862 3045 (Οἳ)
2890 2978 3169 3047 synodico,
3202 2979 3379 3032 statim
3409 2978 3521 3032 fere
3544 2988 3665 3049 post

2091 3066 2391 3120 Andronici
2442 3069 2788 3135 imperatoris
2843 3079 3072 3124 mortem
3101 3110 3118 3135 ,
3154 3080 3296 3127 esset
3344 3076 3658 3135 damnatus,

2093 3155 2363 3210 Palamam
2410 3158 2763 3214 nihilominus
2791 3160 3065 3215 variorum
3115 3178 3362 3217 errorum
3396 3179 3657 3218 accnsarc

2090 3249 2369 3315 pergebat.
2403 3248 2541 3303 Ilinc
2586 3267 2836 3320 magnum
2872 3252 3015 3307 inter
3050 3253 3326 3325 theologos
3356 3264 3655 3311 certamen.

2085 3336 2351 3407 Gregoras
2377 3380 2392 3404 ,
2427 3341 2586 3409 cujus
2624 3342 2849 3411 paciﬁca
2907 3345 3135 3399 consilia
3173 3345 3309 3400 nihil
3347 3354 3459 3399 tum
3514 3346 3658 3415 apud

2085 3444 2413 3497 quemquam
2449 3431 2720 3494 valebant.
2751 3433 2819 3487 ab
2855 3434 2993 3488 aulze
3031 3435 3263 3489 tumultu
3290 3445 3342 3489 et
3372 3435 3654 3489 hominum

2087 3520 2392 3588 lreqnentia
2425 3522 2477 3574 in
2511 3523 2684 3577 otium
2717 3533 2773 3577 et
2802 3525 3148 3579 solitudinem
3181 3525 3324 3580 ultro
3348 3528 3655 3590 concessit,

2085 3618 2246 3677 atque
2269 3610 2337 3664 ab
2365 3612 2511 3664 omni
2545 3612 2917 3681 disputatione
2939 3615 3031 3669 diu
3062 3616 3343 3670 abstinuit.

2157 3743 2370 3800 Interea
2398 3747 2711 3818 astrologus
2764 3749 3006 3816 quidam,
3039 3765 3071 3804 e
3117 3741 3287 3806 Gallia
3337 3752 3655 3821 profectus.

2084 3837 2593 3910 Constantinopolin
2629 3840 2803 3903 venit,
2845 3853 2901 3896 et
2939 3843 3151 3898 felicem
3189 3842 3317 3900 belli
3352 3845 3559 3903 exitum
3598 3847 3653 3903 in

2085 3931 2207 3986 aula
2238 3933 2563 3987 vaticinatus
2597 3945 2681 3989 est
2713 3934 2846 4004 ((33).
2869 3933 3134 4007 Gregoras
3174 3940 3245 3993 ab
3285 3939 3528 4009 Augusta
3563 3958 3655 3997 ac-

2085 4023 2245 4085 citus,
2279 4038 2343 4076 ac
2365 4022 2432 4077 de
2462 4024 2617 4079 novis
2650 4026 2754 4080 illis
2799 4028 3239 4096 pratdictionibus
3264 4031 3393 4097 quid
3424 4034 3654 4087 sentiret

2082 4111 2265 4180 eloqui
2311 4112 2495 4182 iussus
2520 4153 2535 4177 ,
2566 4128 2734 4169 vanas
2765 4130 2858 4170 eas
2888 4131 3013 4172 esse
3045 4119 3242 4188 arguit.
3285 4120 3364 4174 Ita
3415 4121 3653 4178 refutatu

2085 4204 2301 4259 Itar'mlo
2330 4207 2629 4274 Augustam
2651 4222 2682 4263 a
2703 4222 2763 4262 se
2785 4206 3063 4275 alienavit,
3096 4210 3301 4266 homini
3326 4213 3441 4278 .illi,
3477 4231 3650 4285 popu-

2082 4296 2183 4350 lari
2215 4313 2316 4351 suo
2347 4310 2399 4352 et
2440 4298 2710 4368 placentia
2748 4301 3095 4356 annuntianti
3119 4342 3134 4370 ,
3160 4303 3500 4360 benevolam.
3538 4307 3649 4362 Ta‘

2083 4404 2206 4443 men
2243 4390 2382 4455 haec,
2414 4389 2754 4445 dissimulata
2785 4391 2886 4456 ira,
2923 4394 3061 4447 nihil
3094 4403 3209 4450 tum
3240 4396 3431 4452 durius
3467 4399 3644 4465 dixit;

2085 4482 2180 4536 sed
2236 4497 2423 4535 eorum
2455 4480 2547 4550 qui
2574 4481 2800 4537 aderant
2842 4486 3012 4551 gratia
3050 4485 3253 4540 vultum
3282 4487 3508 4543 hilarem
3561 4491 3650 4544 in-

401 4546 526 4600 simi
563 4562 945 4648 convenerunt
969 4552 1109 4624 (58).
1140 4554 1438 4627 Gregoram
1480 4561 1548 4615 ab
1571 4561 1897 4632 imperatore
1918 4581 1973 4628 et
2002 4552 2052 4613 D
2078 4572 2217 4641 duit,
2248 4582 2301 4629 et
2335 4546 2595 4629 ultionem
2631 4574 2684 4629 in
2724 4546 2870 4630 aliud
2909 4585 3121 4648 tempus
3147 4578 3382 4633 distulit.
3409 4580 3480 4635 At
3508 4579 3647 4636 Gre-

408 4651 440 4689 a
471 4638 780 4706 patriarcha
823 4642 1111 4700 invitatum
1137 4645 1285 4701 domi
1315 4648 1556 4705 detinuit
1576 4654 1774 4725 capitis
1816 4658 1972 4717 dolor

481 4778 593 4856 (so)
631 4780 896 4856 B‘zovaad
927 4801 1058 4856 ann.
1094 4787 1232 4843 1533
1265 4805 1419 4846 num.
1465 4794 1517 4846 1.
1553 4778 1662 4849 Leo
1696 4795 1855 4854 Allat.
1893 4801 1971 4856 De

413 4846 614 4926 Ecquas.
638 4850 830 4926 pecid.
862 4865 908 4907 et
942 4853 1144 4926 Qrient.
1174 4874 1322 4926 ριιτρ.
1355 4878 1499 4915 cons.
1533 4846 1644 4919 col.
1669 4846 1790 4921 Silii.

473 4919 588 4998 (51)
619 4920 919 4998 tinniat-ml.
955 4919 1300 4998 Histalibsti,
1325 4947 1374 4983 ο.
1406 4934 1473 4986 59
1498 4949 1512 4998 ;
1536 4919 1756 4990 Odoric.
1780 4919 1965 4995 Vliavn.

398 4987 490 5072 ξω
611 4990 862 5072 (ξέὸὄό,
896 4997 1185 5072 num.__I8.
1222 4987 1356 5072 Yiile
1397 5012 1452 5056 ct
1496 4987 1968 5072 epistolam—illac;

399 5057 558 5144 luam}
577 5063 650 5144 ξεί
685 5060 1012 5144 Demetrium
1041 5057 1627 5144 'I‘hfssalonice‘nse'm,~
1645 5057 1771 5144 quas
1791 5057 1973 5134 tax—stat

396 5128 541 5198 apud
575 5129 734 5184 Bzov.
769 5134 857 5186 ad.
887 5148 1016 5185 ann.
1055 5133 1211 5198 I353,
1239 5153 1389 5193 num.
1426 5141 1514 5197 ll.

469 5197 585 5270 (52)
611 5200 780 5256 Codd.
817 5201 975 5267 1997,
1001 5201 1161 5270 2950,
1192 5197 1352 5262 2951.

472 5268 584 5338 (is,
621 5272 685 5325 Α.
716 5272 782 5326 c.
814 5271 972 5326 isto.

468 5337 835 5419 (54)A(_)d0r_it_‘..
871 5343 1045 5413 Kayn.
1083 5344 1152 5399 ad
1175 5360 1306 5401 ann.
1337 5348 1497 5419 1559,
1523 5369 1678 5410 num.
1708 5356 1794 5412 I9.
1834 5356 1971 5413 I'cm

395 5421 549 5461 num.
579 5409 650 5463 25
669 5422 724 5466 et
751 5414 841 5467 51.

471 5475 585 5546 (55)
615 5478 1182 5539 Umbilicanimnrum.

614 5546 745 5629 Yide
771 5551 906 5605 Hist.
940 5550 1193 5629 BysLIrb.
1227 5572 1347 5626 ιιι,
1387 5574 1440 5616 c.
1472 5564 1525 5629 1,
1560 5573 1702 5623 sect.
1741 5566 1796 5620 4.

469 5617 584 5746 έξξςξ
616 5623 755 5741 ar:
783 5617 1174 5748 fama"

495 5726 583 5746 ην,
787 5726 882 5745 ην.
915 5726 963 5744 ε..
1018 5726 1068 5744 υ.
1101 5726 1189 5750 ευ.

474 5726 595 5821 15%))
622 5756 889 5828 Gregoras
927 5733 1130 5830 passim
1180 5765 1231 5816 in
1276 5765 1430 5823 libris
1474 5772 1588 5827 suis
1639 5775 1965 5829 mentionem

404 5836 589 5890 ciu-cc
646 5831 821 5885 morbi
892 5831 1297 5891 im-ultnt.Vidc
1350 5838 1606 5911 libellum,
1659 5845 1811 5899 Κατὰ
1863 5847 1968 5899 τῶν

2077 4681 2260 4738 goras,
2287 4665 2510 4720 domum
2542 4680 2827 4733 reversus,
2854 4667 3004 4722 omni
3028 4668 3080 4723 in
3106 4679 3382 4738 posterum
3414 4680 3645 4727 conten-

2075 4805 2170 4859 τοῦ
2190 4805 2458 4877 Γρηχορᾶ
2483 4804 2550 4876 λη
2560 4823 2625 4877 ρη
2636 4808 2843 4877 μάτων.

2149 4876 2261 4942 (60)
2307 4874 2724 4933 Οεηιεοιίὶθίἰυε
2779 4880 2978 4933 victum
3029 4878 3369 4934 Barlaamnm
3423 4881 3637 4937 veniam

2114 4946 2302 4999 etiisse
2348 4954 2403 4999 et
2445 4945 2678 5019 Baianum
2708 4949 3011 5003 doctrinam
3052 4951 3381 5019 approbasse
3425 4953 3636 5008 scribit.

2109 5030 2314 5070 oannes
2342 5014 2670 5090 patriarcha,
2699 5019 2788 5085 qui
2813 5020 3021 5090 synodo
3058 5014 3294 5087 p'riel'uit,
3325 5020 3394 5074 de
3427 5021 3641 5076 duobus

2079 5094 2287 5137 tantum
2313 5085 2587 5151 capitulis,
2612 5102 2808 5154 nempe
2838 5085 2907 5143 de
2930 5085 3204 5144 Thaborio
3233 5090 3441 5143 lumine
3474 5099 3528 5144 et
3573 5092 3643 5145 de

2077 5155 2396 5226 precatione
2430 5155 2590 5226 latam
2635 5161 2966 5226 sententiam
2994 5159 3071 5211 ait
3098 5159 3241 5226 apud
3283 5157 3451 5221 Leon.
3478 5160 3634 5214 Allat.

2079 5221 2159 5297 Re
2191 5221 2393 5297 lgccles.
2425 5222 2617 5297 Occid._
2635 5234 2684 5277 et
2714 5224 2916 5282 Orient.
2959 5244 3105 5297 perp.
3135 5221 3290 5283 'cons.
3341 5229 3436 5282 lib.
3490 5246 3549 5295 II,
3585 5245 3634 5282 c.

2077 5291 2165 5368 l7.
2196 5293 2462 5368 Gregoras
2495 5294 2728 5362 denique
2753 5297 2921 5368 solam
2956 5291 3309 5364 quaest'micm
3350 5299 3431 5352 de‘
3453 5291 3639 5368 preca-

2075 5362 2224 5439 tione
2270 5362 2527 5439 agitatam
2557 5378 2572 5428 ;
2605 5367 2775 5439 quod
2819 5368 2885 5421 ad
2924 5362 3117 5439 caetera
3151 5370 3427 5429 attineret.
3455 5362 3639 5439 cogni-

2070 5434 2274 5505 tionem
2312 5431 2538 5505 dilatam
2598 5431 2774 5505 fuisse
2823 5437 3107 5491 contendit
3149 5457 3162 5493 :
3211 5440 3393 5505 itaque
3439 5431 3549 5492 nee'
3571 5439 3638 5490 de

2066 5500 2490 5557 Massalianismo
2511 5541 2526 5566 ,
2559 5517 2659 5556 nec
2689 5504 2757 5559 de
2784 5506 2904 5560 aliis
2934 5509 3254 5564 criminibus
3286 5500 3513 5562 Palatna:
3543 5508 3639 5562 ob-

2060 5571 2241 5641 jectis,
2269 5569 2663 5641 actnmjuisse.

2138 5639 2248 5709 (6|)
2284 5639 2586 5712 VideAHist.
2610 5640 2739 5712 Byz.
2773 5645 2869 5700 lil).
2903 5662 3011 5711 xw,
3042 5664 3090 5702 c.
3118 5648 3174 5701 8.

2141 5711 2253 5788 (lii)
2291 5709 2516 5765 Συνόδῡυ
2561 5709 3023 5787 συίκροτηοείσηζ
3070 5718 3348 5787 δευτέρας,
3385 5715 3636 5771 lom.l‘a-

2067 5777 2252 5919 militi)
2288 5847 2418 5905 \‘idc
2449 5852 2585 5907 (list.
2619 5851 2739 5922 liga.
2762 5853 2858 5910 lib.
2895 5858 3004 5923 m,
3029 5875 3075 5913 ρ.
3109 5856 3160 5908 8.
