3990 6514
355 424 422 491 31
1441 423 1873 487 ΝιρεΡΗοιιι
1911 423 1961 483 G

2073 420 2300 484 008.8
2336 422 2527 484 VITA.

3594 420 3683 482 32

353 535 589 603 lberius
630 548 773 599 hunc
821 561 1049 613 arguere
1099 544 1357 608 instituit,
1393 556 1451 598 ut
1492 544 1572 595 vel
1619 544 1930 597 convictum
1969 559 2003 610 Α
2040 551 2244 613 partem
2282 541 2539 607 indoctis,
2570 538 2838 610 judicium
2890 538 3251 609 permitteret,
3285 537 3470 593 enixe
3526 551 3675 591 con-

357 638 565 705 pudore
593 636 849 701 alliceret,
871 639 955 691 vel
990 640 1103 708 ipse
1139 636 1397 709 Byzarﬂio
1426 646 1651 691 exactus
1683 636 1934 690 biecit-sa:

356 742 632 794 oppressa:
668 739 969 798 conspectu
1008 729 1199 784 saltem
1236 738 1471 784 careret.
1522 728 1589 781 At
1634 728 1726 781 ille
1776 734 1934 779 tenax

360 821 650 887 prepositi,
690 835 794 875 nec
842 820 1081 875 hominis
1112 821 1231 875 irati
1274 820 1459 874 verbis
1507 817 1773 882 oil‘ensus,
1823 819 1937 887 pari

364 924 537 977 usque
575 910 697 979 jure
731 911 1031 981 imperator
1074 926 1197 965 cum
1233 913 1446 980 privato
1489 910 1836 978 diSpntahat:
1884 917 1940 962 ut

366 997 510 1051 illius
536 999 904 1063 clementiam,
940 1000 1112 1069 magis
1152 1016 1314 1068 quam
1357 1000 1518 1068 huius
1548 1000 1744 1061 z'eluzn,
1780 998 1942 1066 pleri—

364 1103 469 1152 que
497 1089 918 1144 admirarentur.
951 1088 1191 1143 Tandem
1226 1089 1512 1159 Gregoras.
1543 1089 1795 1158 quoniam
1844 1090 1943 1141 hac

364 1178 548 1231 minus
579 1179 924 1236 succedebat.
956 1180 1121 1232 aliam
1143 1180 1282 1233 viam
1321 1181 1646 1250 ingreditur.
1671 1179 1855 1233 Cattta'
1878 1196 1935 1231 u-

366 1283 502 1322 zeuo
536 1268 968 1339 Didymotichnm
1001 1270 1244 1338 profecto
1274 1270 1407 1340 (72).
1436 1271 1624 1324 lrenen
1656 1272 1768 1325 adit
1800 1271 1945 1323 illius

368 1373 613 1422 uxorem,
657 1362 862 1413 recenti
911 1360 1003 1413 lilii
1049 1369 1223 1415 morte
1255 1359 1528 1414 alIlictam.
1563 1361 1693 1414 Eam
1736 1360 1945 1414 cladem

367 1451 570 1503 erroris
611 1466 708 1520 per
736 1450 1176 1505 Cantacuzenum
1213 1452 1512 1520 grassantis
1552 1452 1790 1504 fructum
1825 1465 1948 1504 esse.

369 1539 620 1603 aliirmat,
674 1553 729 1595 et
781 1542 939 1597 fidem
982 1542 1129 1597 facit.
1177 1543 1252 1596 Ita
1300 1558 1427 1597 suas
1472 1554 1654 1612 partes
1693 1544 1950 1609 Angusue

372 1631 679 1700 patrocinio
713 1632 957 1687 roborat.
994 1633 1069 1686 Ea
1110 1648 1169 1686 re
1214 1633 1397 1686 audita
1439 1630 1733 1697 Palam‘itzr,
1777 1645 1842 1685 ac
1892 1630 1948 1683 iu

340 1724 563 1791 primis
613 1725 856 1779 Isidorus
919 1726 1250 1795 patriarcha,
1301 1726 1367 1779 ad
1422 1725 1610 1779 lrencn
1661 1729 1954 1788 accedunt,

374 1815 557 1884 eique,
594 1825 654 1870 ut
683 1818 749 1871 ab
792 1816 940 1871 onnii
975 1831 1096 1870 cum
1131 1815 1363 1886 Gregora
1405 1814 1800 1869 consuetudine
1825 1813 1952 1868 abs-

2041 637 2249 688 tcmlit:
2292 645 2405 688 tum
2459 648 2526 687 ne
2557 630 2732 687 errori
2779 630 3192 701 suifragaretur,
3229 632 3437 685 multis
3487 629 3679 683 ratio-

2040 729 2200 780 nibus
2245 728 2524 781 deterrere
2574 726 2751 794 ipsum
2798 736 3030 778 conatus
3079 732 3184 778 est.
3218 724 3331 779 Sed
3374 724 3556 792 longa
3613 724 3677 776 cl

2041 834 2231 887 aspera
2264 818 2639 871 admonitione
2665 817 2777 883 (τί)
2822 817 2958 869 nihil
2996 816 3265 886 profecit:
3304 815 3432 869 imo
3479 814 3678 867 homi-

2041 924 2166 963 nem
2218 910 2389 979 magis
2440 924 2468 961 a
2516 924 2575 962 se
2621 909 2899 961 alienavit.
2935 907 3203 960 Czeterum
3252 922 3329 959 ne.
3392 905 3674 977 religioni

2042 1003 2371 1070 periclitanti
2422 1004 2475 1055 in
2526 1003 2644 1071 ipso
2675 1001 2904 1055 articulo
2942 1002 3181 1061 deesset,
3231 1001 3434 1053 statim
3478 1014 3545 1053 se
3602 998 3674 1052 ad

2044 1107 2321 1171 certamen
2355 1094 2610 1157 accinxit,
2644 1103 2697 1146 et
2729 1093 2777 1147 ei
2816 1093 2906 1161 qui
2949 1108 3047 1161 pro
3081 1091 3203 1146 fidei
3250 1091 3511 1145 veritate
3565 1105 3681 1157 pn-

2045 1196 2311 1255 gnaturus
2364 1186 2501 1239 foret
2563 1185 2981 1238 convenientem
3036 1191 3381 1236 armaturam
3447 1181 3676 1246 induit,

2050 1278 2290 1331 habitum
2322 1277 2573 1332 videlicet
2600 1277 2989 1331 monasticam.
3019 1276 3075 1331 Id
3103 1290 3231 1330 vero
3262 1273 3489 1329 factum
3521 1274 3671 1329 citra

2050 1369 2212 1423 ullam
2259 1368 2667 1427 caeremoniam.
2719 1369 2883 1422 unius
2916 1367 3215 1422 sacerdotis
3260 1364 3524 1433 religiosi
3580 1365 3680 1417 in—

2051 1468 2333 1523 terventu;
2361 1475 2392 1513 e
2422 1461 2577 1528 cujus
2603 1474 2764 1512 manu
2796 1468 2996 1513 vestem
3025 1472 3146 1511 eum
3175 1456 3495 1525 acciperet,
3530 1470 3672 1525 pro-

2050 1549 2230 1603 fessus
2262 1560 2368 1612 est,
2405 1564 2463 1602 se
2499 1558 2708 1602 mutato
2738 1549 2997 1618 deinceps
3028 1548 3243 1602 vivendi
3278 1561 3505 1619 genere
3535 1547 3679 1602 vitae

2051 1638 2243 1694 aulica:
2278 1654 2504 1708 prorsus
2537 1641 2975 1695 renuntiaturnm
2999 1639 3136 1709 (72).

2126 1731 2233 1787 Ubi
2278 1731 2515 1786 indictus
2554 1731 2673 1787 dies
2723 1732 2963 1796 advenit,
3004 1746 3311 1786 convenere
3366 1732 3429 1787 in
3474 1730 3673 1786 aulam

2056 1838 2248 1877 omnes
2275 1822 2529 1879 factionis
2571 1822 2900 1878 Palamitica:
2941 1823 3188 1894 episcOpi
3240 1823 3386 1894 (7'5).
3442 1824 3673 1879 Eodem

377 1907 569 1967 liueat.
606 1908 934 1977 persuadere
962 1892 1354 1963 contendunt.
1401 1906 1620 1975 Repulsi
1680 1904 1953 1959 Cantacu-
1980 1890 2029 1949 Β
2055 1928 2272 1983 quoque
2318 1912 2586 1985 Gregoras
2630 1930 2753 1969 cum
2806 1890 3052 1969 sociis'et
3086 1890 3397 1984 discipulis
3449 1915 3672 1971 adfuit.

377 2013 570 2051 zeuum
610 1998 985 2070 Didymoticho
1012 2008 1264 2054 evocant.
1296 1997 1397 2053 llic
1425 1998 1718 2053 tuumltum
1748 1994 1954 2050 veritus

381 2092 697 2162 Byzantium
730 2092 946 2146 advolat
992 2101 1049 2147 et
1095 2092 1372 2161 litigantes
1407 2087 1955 2151 arcessit,.|sidorum

383 2198 577 2252 nempe
605 2193 659 2237 et
701 2182 1016 2254 Grcgoram.
1049 2182 1229 2239 Multis
1276 2184 1419 2238 ultro
1459 2183 1707 2251 citroque
1745 2194 1957 2236 sermo-

380 2276 542 2329 nibus
565 2258 779 2338 habitis,
802 2275 1025 2342 pervicit
1055 2275 1345 2344 Gregoras,
1377 2283 1436 2329 ut
1464 2272 1654 2328 lsidori
1679 2271 1954 2336 Canones,

314 2368 323 2385 ‘
384 2383 478 2420 seu
529 2365 866 2437 Hymnodite.
915 2366 1038 2437 igne
1084 2367 1421 2431 delerentur,
1473 2381 1536 2419 ac
1588 2374 1647 2418 ut
1700 2362 1957 2433 loquendi

380 2458 400 2511 I
427 2460 687 2512 bcrtatcm
726 2458 760 2511 ii
795 2458 1122 2527 reciperent,
1153 2458 1354 2524 quibus
1382 2459 1630 2525 adempta
1662 2465 1828 2531 esset.
1867 2454 1959 2509 llis

385 2550 790 2604 conditionibus
836 2550 888 2602 in
934 2548 1282 2603 concordiam
1317 2548 1548 2603 reditum
1583 2556 1684 2610 est,
1721 2558 1775 2601 et
1810 2563 1959 2601 sum-

390 2652 583 2710 ptuoso
614 2642 865 2696 convivio
886 2640 1093 2696 sancita
1127 2655 1249 2710 pax.
1286 2638 1390 2693 Sed
1415 2654 1492 2693 eae
1519 2638 1733 2707 quidem
1769 2638 1961 2693 breves

390 2734 617 2787 induciae
662 2734 900 2787 fuerunt.
933 2733 1064 2785 Nam
1093 2732 1362 2793 Palamas,
1402 2730 1547 2798 quod
1583 2729 1657 2782 illi
1689 2728 1961 2798 colloquio

391 2843 630 2897 praesens
658 2827 797 2880 haud
829 2825 1186 2883 interfuisset.
1216 2821 1590 2893 Didymoticho
1618 2821 1960 2889 postmodum

390 2921 616 2982 accitus,
664 2918 790 2973 lites
842 2916 1141 2973 renovavit.
1197 2917 1533 2985 Disputatutn
1578 2928 1768 2967 rursus
1818 2912 1964 2982 apud

391 3015 777 3082 imperatorem
809 3012 920 3065 acri
945 3009 1316 3073 contentione,
1352 3007 1506 3061 nullo
1534 3015 1713 3059 autem
1744 3020 1967 3059 succes-

390 3122 478 3158 su.
509 3106 583 3158 De
614 3114 728 3157 toto
760 3102 855 3157 illo
882 3103 1101 3173 negotio
1135 3102 1288 3170 plnr‘a
1321 3100 1462 3154 scire
1486 3098 1577 3167 qui
1612 3096 1901 3159 voluerint,
1928 3094 1963 3149 ii

2054 2005 2203 2060 Inter
2247 2006 2410 2075 hujus
2449 2007 2632 2063 socios
2672 2007 2985 2063 eminebant
3018 2019 3127 2063 tres
3172 2010 3513 2078 pontiﬁces:
3554 2008 3677 2078 pri-

2054 2108 2179 2148 mus
2226 2092 2451 2163 Ephesi,
2496 2094 2637 2149 alter
2678 2095 2816 2150 Gani
2862 2096 3238 2165 metropolita;
3280 2098 3496 2152 tertius
3531 2098 3672 2170 Tyri

2054 2183 2367 2252 episcopus,
2418 2183 2669 2254 idemque
2709 2182 3034 2240 Antiocheni
3087 2187 3427 2256 patriarchae
3485 2190 3673 2243 vicem

2056 2287 2278 2341 gerens;
2313 2289 2418 2329 nec
2464 2290 2573 2329 non
2622 2275 2720 2330 viri
2771 2276 2880 2331 duo
2933 2278 3242 2333 eruditione
3294 2289 3673 2348 praestantes,

2058 2365 2257 2420 Dexius
2294 2375 2349 2420 et
2380 2367 2714 2422 Athanasius
2747 2368 2879 2437 (Ἠ).
2912 2370 3049 2423 Cum
3087 2370 3171 2423 his
3203 2370 3515 2441 Gregoras,
3558 2374 3672 2428 cir-

2058 2457 2196 2531 citer
2244 2458 2430 2510 horam
2476 2457 2583 2511 dici
2637 2460 2958 2524 secundam,
3012 2461 3277 2530 palatium
3340 2465 3674 2535 ingressus,

2058 2560 2222 2621 atque
2246 2549 2314 2603 ab
2340 2550 2625 2605 interioris
2651 2552 2787 2607 aula:
2810 2553 2961 2607 aditu
2988 2569 3087 2623 per
3119 2554 3342 2611 lictores
3367 2561 3674 2626 exclusus,

2060 2640 2154 2725 diu
2198 2639 2397 2693 mansit
2438 2639 2489 2692 in
2522 2640 2813 2704 vestibulo,
2860 2642 3205 2709 epulantibus
3243 2644 3468 2702 interea
3518 2649 3674 2719 apud

2063 2724 2450 2794 imperatorem
2496 2726 2795 2782 Palamitis.
2842 2728 3051 2794 Quibus
3092 2741 3218 2801 post
3262 2736 3580 2802 prandium
3615 2740 3675 2794 in

2061 2817 2237 2871 Alexii
2283 2817 2604 2873 Triclinium
2641 2819 2753 2891 (75)
2791 2821 2924 2877 hora
2975 2824 3090 2893 ipsa
3123 2826 3438 2887 meridiana
3490 2829 3678 2885 intro-

2063 2910 2261 2975 ductis,
2310 2918 2362 2964 et
2403 2925 2530 2966 cum
2568 2910 2957 2969 Cantacuzcno
3002 2916 3132 2985 quid
3179 2918 3464 2987 agendum
3513 2932 3677 2989 eSset

2063 3001 2468 3071 prmmeditatis,
2508 3004 2722 3057 tandem
2747 3014 2803 3059 et
2837 3005 3193 3075 Acindyniani
3222 3006 3499 3076 impransi
3523 3010 3673 3079 jussi

2067 3102 2195 3148 sunt
2225 3092 2456 3147 intrare.
2487 3094 2709 3164 Singula
2746 3096 2909 3164 hujus
2954 3097 3369 3168 pscudosynodi
3406 3110 3538 3155 acta
3587 3117 3676 3158 re-

390 3198 686 3264 Gregoram
721 3196 897 3264 ipsum
931 3196 1146 3257 adeant,
1175 3193 1429 3247 Historia:
1465 3191 1601 3246 libro
1635 3206 1725 3255 xv,
1755 3204 1873 3259 cap.
1907 3187 1962 3242 5.
1990 3222 2033 3264 Ω
2066 3198 2291 3239 censere
2330 3185 2548 3256 longum
2587 3186 2780 3252 fuerit;
2815 3202 2916 3241 nec
2957 3203 3089 3241 vero
3129 3205 3365 3247 necesse
3400 3200 3511 3256 est,
3540 3210 3671 3249 cum

465 3289 691 3343 Biennio
723 3287 838 3341 fere
868 3297 1154 3356 postquam
1198 3286 1311 3338 lucc
1343 3291 1493 3354 gesta
1526 3289 1673 3346 sunt,
1708 3279 1810 3334 sub
1842 3279 1962 3343 exi:

393 3391 509 3437 tmn
542 3382 670 3436 anni
713 3380 862 3443 I349,
897 3380 1033 3433 obiit
1065 3376 1709 3446 Constantinopolitanns
1736 3372 1966 3443 patriar-

393 3479 496 3531 cha
557 3474 812 3529 Isidorus.
867 3472 1284 3531 Cantac'uzcnus
1348 3470 1644 3538 imperator
1699 3475 1754 3519 et
1815 3464 1968 3518 lrene

397 3571 635 3636 Augusta
692 3565 942 3636 Gregorre
1009 3564 1251 3617 animum
1306 3560 1606 3618 blanditiis,
1660 3556 1965 3627 promissis,

398 3658 795 3729 largitionibus.
831 3658 1059 3743 aliisque
1109 3655 1318 3709 artibus
1359 3653 1465 3721 iam
1502 3665 1643 3718 Saepe
1680 3657 1967 3712 tentatum,

398 3755 559 3807 «tiam
592 3740 937 3822 patriarchali
962 3747 1221 3817 dignitate
1250 3753 1516 3800 05tcntata
1544 3743 1761 3797 ﬂectere
1790 3751 1845 3793 ct
1867 3740 1970 3794 sibi

320 3856 325 3859 ‘
400 3845 713 3914 mancipare
768 3841 950 3897 conati
1018 3851 1163 3894 sunt.
1210 3837 1478 3905 Grcgoras
1535 3844 1594 3889 ut
1645 3832 1970 3890 sententiam

401 3948 635 3992 mutaret
660 3935 852 3991 adduci
877 3948 988 3988 non
1019 3930 1196 4002 potuit
1219 3946 1234 3984 :
1261 3928 1358 3983 sed
1386 3937 1440 3982 ct
1463 3927 1584 3982 illos
1611 3926 1791 3981 verbis
1815 3924 1975 3978 casti-

401 4039 553 4101 gatos
582 4021 739 4085 oliicii
769 4024 1076 4087 admonuit,
1109 4031 1163 4077 et
1210 4023 1450 4077 oblatum
1495 4021 1759 4076 honorem
1809 4032 1976 4086 repu-

403 4125 586 4177 diavit.
619 4121 803 4189 Itaque
832 4125 1047 4173 creatus
1090 4115 1399 4186 patriarcha
1438 4116 1739 4170 monachus
1775 4113 1978 4169 montis

404 4205 565 4279 Atho,
586 4213 805 4268 nomine
827 4210 1102 4271 Callistus,
1133 4208 1213 4263 vir
1236 4208 1545 4262 illitteratus
1562 4218 1618 4262 et
1643 4205 1980 4277 Acindynia-

409 4324 601 4366 norum
651 4304 824 4358 hostis
864 4304 1184 4357 acerrimus.
1224 4300 1381 4353 Anno
1411 4298 1630 4353 demum
1673 4297 1805 4351 1551
1844 4296 1983 4351 Cau-

409 4412 724 4459 taeuzenns,
753 4404 812 4450 ut
834 4391 1229 4463 'Acindynianis
1264 4390 1612 4445 turbantibus
1635 4399 1691 4443 et
1719 4388 1987 4443 Constan-

412 4491 820 4561 tnopolitanam
882 4484 1181 4541 Ecclesium
1238 4481 1654 4536 criminantibus
1705 4479 1980 4535 silentium

2066 3289 2130 3327 ea
2166 3275 2344 3344 quivis
2376 3276 2549 3343 possit
2578 3291 2642 3329 ex
2677 3275 2850 3346 ipsius
2882 3274 3136 3348 Gregorae
3165 3279 3319 3333 libris
3361 3281 3482 3353 (76)
3515 3293 3567 3336 et
3600 3298 3672 3338 ex

2067 3366 2239 3421 Temo
2264 3367 2580 3421 Palamitico
2610 3368 2828 3423 abunde
2858 3385 3210 3444 cognoscere.
3236 3370 3441 3426 Totius
3472 3375 3673 3443 dispu-

2070 3463 2311 3528 tationis,
2344 3479 2467 3533 qua:
2502 3464 2644 3518 intra
2677 3465 2985 3533 quindecim
3015 3466 3132 3521 dies
3155 3468 3506 3540 sessionibus
3538 3487 3673 3540 qua-

2070 3563 2195 3609 tuor
2254 3555 2499 3610 absoluta
2561 3564 2678 3623 est,
2730 3557 2914 3612 exitus
2987 3558 3075 3612 hic
3133 3556 3253 3613 fuit.
3318 3538 3671 3617 Confirmata

2068 3645 2301 3702 Palamze
2355 3648 2621 3702 doctrina.
2675 3648 2733 3702 In
2801 3648 3143 3703 Barlaamum
3200 3658 3256 3704 et
3313 3652 3668 3723 Acindynum

2074 3748 2320 3794 mortuos
2348 3741 2605 3794 horrendi
2637 3741 2900 3796 carminis
2931 3742 3040 3812 (77)
3079 3742 3374 3798 anathema
3412 3760 3672 3814 pronun-

2075 3833 2264 3886 tiatum
2304 3833 2438 3903 (78).
2477 3831 2674 3901 Ephesi
2718 3842 2774 3886 et
2819 3832 2955 3887 Cani
3006 3834 3369 3902 metropolitis
3400 3837 3669 3906 adempta

2077 3938 2174 3993 per
2219 3922 2324 3976 vim
2383 3921 2613 3992 insignia
2662 3921 2978 3994 dignitatis;
3038 3939 3150 3978 non
3207 3924 3338 3979 item
3397 3928 3672 3997 episcopo

2077 4015 2223 4086 Tyri,
2269 4015 2359 4085 qui
2393 4015 2594 4095 ultima:
2628 4015 2858 4070 sessioni
2895 4016 3038 4070 haud
3090 4016 3360 4072 interfuit.
3406 4017 3675 4091 Gregorae

2079 4107 2329 4177 discipuli
2366 4107 2456 4161 alii
2497 4106 2553 4163 in
2600 4108 2877 4163 custodias
2932 4108 3065 4171 dati,
3120 4109 3213 4163 alii
3258 4123 3486 4166 omnem
3543 4128 3691 4167 cum.

2082 4201 2340 4271 magistro
2380 4200 2834 4255 consuetudinem
2894 4200 3067 4269 coacti
3118 4205 3359 4271 ejurare.
3390 4203 3672 4275 Gregoras

2085 4302 2263 4345 tamen
2296 4291 2413 4360 ipse
2439 4292 2587 4347 nullo
2617 4292 2763 4347 dicto
2792 4292 3059 4358 violatus;
3092 4294 3189 4348 sed
3227 4294 3277 4349 ei
3304 4303 3362 4349 et
3393 4296 3523 4351 aliis
3549 4297 3675 4367 qui-

2084 4384 2308 4439 busdam
2357 4382 2513 4438 facile
2550 4384 2880 4453 permissum
2912 4393 3016 4449 est,
3060 4385 3284 4441 domum
3313 4397 3374 4442 ut
3423 4389 3668 4444 abirent.

2087 4474 2290 4530 Tomus
2334 4475 2622 4545 synodicus
2671 4474 2782 4545 (79)
2818 4490 2930 4529 non
2977 4475 3184 4537 statim.
3215 4476 3311 4531 sed
3363 4489 3499 4546 post
3527 4478 3672 4533 duos

413 4557 737 4651 inponeret.
775 4577 1039 4647 synodum
1070 4587 1372 4629 convocare
1395 4562 1587 4625 statuit
1617 4570 1749 4642 (70),
1785 4579 1841 4623 at
1868 4584 1979 4624 non
2014 4557 2055 4612 ι)
2085 4584 2303 4623 menses
2339 4569 2712 4639 promulgatus
2751 4568 2883 4638 (80).
2941 4568 3337 4638 Subscripsere'
3361 4570 3673 4639 imperato-

414 4670 827 4732 wcumenicam,
888 4675 947 4721 ut
994 4680 1139 4735 sape
1180 4674 1235 4719 et
1281 4663 1394 4733 jam
1446 4661 1658 4732 pridem
1707 4659 1981 4730 pollicitus

416 4770 611 4823 fuerat.
648 4764 935 4833 Gregoras,
969 4776 1032 4815 ea
1068 4774 1128 4814 re
1153 4756 1358 4823 audita,
1390 4753 1643 4826 privatim
1675 4754 1823 4807 illum
1847 4768 1978 4807 con-

415 4862 588 4926 venit,
608 4866 768 4927 atque
791 4864 847 4910 ut
878 4869 946 4909 ne
977 4849 1247 4923 episcopis
1270 4847 1478 4919 paucis,
1497 4845 1672 4916 iisque
1691 4845 1982 4901 maximam

488 4998 600 5067 (79.)
647 4996 706 5049 Α.
736 4993 796 5049 C.
822 4992 1266 5067 Imb-autumno
1303 4993 1558 5067 exeunte:

492 5053 604 5139 (70’)
645 5067 936 5139 Cantaeuz.
965 5053 1127 5114 ’msz.
1174 5059 1270 5113 lib.
1317 5074 1390 5123 IV,
1428 5072 1476 5112 c.
1506 5057 1596 5111 25.
1646 5055 1805 5128 Greg.
1841 5053 1978 5109 "ist.

420 5135 517 5196 lib.
550 5135 703 5197 mu.
733 5152 781 5191 c.
821 5135 874 5190 5.

515 5210 605 5271 7|)
649 5208 835 5261 Exstat
866 5203 1040 5257 oratio
1070 5199 1162 5254 lib.
1197 5214 1352 5263 xvnt,
1390 5213 1440 5253 e.
1472 5197 1527 5253 4.

520 5280 605 5341 7'2)
640 5277 774 5333 Ibid.
804 5282 937 5330 sect.
966 5274 1018 5326 4.

498 5340 610 5421 {73)
653 5352 713 5421 .5.
744 5348 806 5402 c.
842 5341 1267 5421 tast,_ttandze
1291 5340 1388 5421 gr.

499 5408 610 5491 (75')
645 5418 804 5491 Joan.
841 5408 1233 5491 Cyparissintes
1284 5408 1982 5491 [ξαιᾳηιὶεπιναηεςμ-εδδὶοηἶ

376 5532 391 5538 -
431 5480 571 5545 libro
597 5480 865 5551 secundo,
885 5480 1010 5552 cap.
1041 5481 1136 5553 ult.
1164 5491 1273 5553 tres
1298 5480 1698 5553 Acindynianos
1726 5486 1991 5553 memorat

434 5575 485 5616 tn
522 5561 779 5619 illustres,
815 5549 1047 5616 B‘nrdi'n,
1086 5549 1486 5616 Polcrianitam,
1511 5564 1562 5605 et
1591 5549 1885 5620 Lyhdicen.

506 5632 618 5696 (75)
655 5628 807 5694 Quod
842 5633 956 5680 erat
990 5624 1044 5677 in
1083 5623 1462 5677 Blacherncnsi
1500 5622 1717 5692 palatio.

503 5700 616 5768 (7&3)
659 5715 809 5761 χχιιι,
836 5713 948 5759 tux,
977 5711 1069 5768 xx,
1109 5708 1219 5746 xxi.

506 5759 613 5840 (7Ἱῇ
655 5759 949 5836 Μεγίιςταις
982 5766 1073 5840 gul.
1105 5761 1566 5840 ep_-.zm6:nirgt;
1590 5760 1755 5840 ριραὶς
1785 5759 1996 5840 distexe-

443 5829 764 5915 ρυλοέντκςξ
788 5838 959 5907 inquit
987 5833 1155 5889 Philo:
1172 5834 1303 5886 heus
1352 5831 1677 5902 patriarcha.
1703 5829 1859 5885 Cod.‘
1884 5846 1995 5900 reg.

2087 4676 2198 4725 res,
2230 4660 2467 4716 Joannes
2496 4661 2937 4725 Cautacuzcnus,
2981 4670 3035 4716 et
3064 4661 3184 4730 ejus
3214 4677 3378 4731 gener
3421 4662 3672 4720 Joannes

2087 4752 2452 4819 Palzeologus;
2484 4760 2596 4805 tum
2624 4751 2880 4805 Callistus
2911 4750 3246 4820 patriarcha,
3271 4757 3327 4803 et
3353 4749 3445 4804 alii
3480 4748 3671 4818 ponti-

2093 4844 2219 4897 llces
2263 4842 2398 4911 (Si).
2432 4841 2602 4896 Paulo
2650 4852 2767 4911 post
2815 4842 2926 4912 (Si)
2958 4840 3392 4903 Cantacuzenus,
3443 4849 3668 4910 sump'o

2094 4985 2247 5046 I996.
2290 4984 2383 5039 fol.
2415 4983 2537 5038 519.
3280 5016 3287 5023 .

2163 5057 2273 5125 (78)
2316 5055 2388 5111 Ut
2412 5054 2467 5107 in
2497 5067 2845 5125 cos_quorum
2877 5053 3023 5108 salus
3052 5062 3195 5125 esset
3222 5053 3536 5125 desperata.

2165 5122 2277 5195 (79')
2318 5126 2517 5195 Editus
2534 5138 2562 5195 a
2587 5122 2913 5180 Gomheiisio
2936 5123 3177 5179 Auctarii
3201 5123 3488 5177 novissimi
3515 5135 3672 5194 parte

2093 5194 2259 5251 altera
2297 5212 2417 5267 pag.
2438 5194 2578 5267 rl7_0_.

2164 5268 2271 5336 (80)
2299 5261 2469 5336 'Afti.
2509 5264 2666 5330 1551,
2724 5279 2911 5320 mense
2963 5264 3229 5333 Augusto,
3277 5271 3405 5319 ante
3467 5261 3668 5318 festum

2092 5335 2514 5404 Assumptionis.

2166 5406 2276 5477 (8i)
2300 5403 2764 5477 Snbscripserunt
2783 5404 3184 5477 metropolitani
3209 5405 3424 5477 propria
3450 5403 3668 5477 quidem

2097 5472 2268 5531 manu
2313 5476 2498 5544 viginti
2545 5472 2835 5544 quinque;
2883 5475 2993 5529 duo
3042 5472 3223 5528 autem
3276 5475 3363 5527 διὰ
3414 5472 3699 5539 γνωμῶνη

2101 5547 2410 5601 Adfuerunt
2441 5554 2701 5613 przcterea
2729 5546 2968 5615 episcopi
3003 5555 3233 5612 septem,
3256 5556 3325 5615 ut
3364 5548 3575 5615 constat
3608 5554 3669 5591 ex

2104 5612 3030 5686 subscriptionibus_pseudosynodi
3068 5614 3414 5677 Palamiticte,
3446 5628 3475 5664 a
3512 5612 3677 5686 Com-7

2104 5631 2596 5686 subscriptiomnus
2630 5631 2864 5680 pseuuos
2907 5631 3030 5668 noui
3068 5631 3414 5677 ratannucte,
3446 5631 3475 5664 a
3512 5631 3672 5665 butu-

2074 5690 2296 5743 -liciisio
2349 5686 2525 5739 editze.
2583 5684 2787 5739 Tamen
2848 5631 3116 5754 (greguras
3171 5686 3308 5740 duos
3365 5692 3571 5737 tantum
3620 5685 3672 5729 ci

2105 5759 2292 5827 viginti
2324 5756 2613 5827 arcessitos
2643 5755 2913 5827 aﬂirmat.‘

2178 5830 2286 5898 (8‘).)
2328 5830 2381 5882 in
2410 5827 2546 5881 ICS'O
2579 5825 3000 5893 Assumptionts.
