3990 6514
270 400 337 463 37
1339 362 1770 461 NICEi’HORI
1806 394 2196 458 GREGORA!
2233 393 2437 459 vm.
3432 381 3507 447 38

271 507 442 561 libero
470 504 733 561 instinctu
764 505 958 561 ductos
989 504 1207 571 facere;
1260 521 1324 561 ac
1356 507 1591 577 preinde
1621 492 1822 562 frustra
1857 512 1898 567 Α
1929 503 2055 570 fuit,
2089 506 2220 573 quin
2259 503 2453 574 pedem
2504 480 2691 556 statim
2750 497 3004 552 referret.
3059 493 3268 551 Deinde
3319 495 3509 550 animo

270 599 704 654 Cantacuzeuum
732 613 796 652 ea
828 599 1038 654 ratione
1067 599 1355 665 excusari,
1382 601 1528 670 quod
1559 598 1826 669 quidquid

270 693 618 763 peccavisset.
638 693 692 747 id
728 708 835 746 non
869 693 1211 763 spontehsed
1244 693 1355 749 fato
1383 695 1669 765 subigente
1702 708 1827 764 pec-

268 793 462 839 casset.
496 787 564 838 At
592 783 900 850 Matthzeus,
942 784 1033 839 ubi
1082 784 1230 839 illum
1263 785 1398 840 vidit
1438 785 1724 839 iunnotum
1775 794 1831 839 et

273 875 656 930 inexorabilem
694 875 749 929 in
800 870 1069 939 sententia
1097 884 1366 945 perstare,
1425 890 1491 929 ac
1525 875 1631 930 sibi
1673 874 1831 945 plura

270 967 481 1021 dicturo
503 964 836 1020 audientiam
858 965 1152 1032 denegare,
1184 965 1360 1021 tristis
1385 966 1520 1020 abiit
1544 982 1559 1019 :
1595 965 1834 1019 factum-

271 1074 375 1128 que
424 1057 572 1124 inde,
604 1067 661 1112 ut
690 1056 933 1112 severius
963 1072 1122 1126 quam
1157 1067 1313 1111 antea
1337 1056 1606 1127 Gregoras
1646 1066 1835 1110 custo-

271 1150 440 1215 ditus,
487 1149 807 1221 gravissimo
866 1156 1025 1203 terra:
1087 1158 1234 1203 motu
1265 1150 1374 1221 (99)
1415 1149 1701 1203 concussis
1730 1148 1831 1202 a’i—

273 1252 476 1310 quanto
506 1251 626 1310 post
649 1240 846 1295 donius
873 1255 984 1294 sum
1035 1240 1358 1311 parietibus,
1410 1256 1518 1295 non
1552 1255 1723 1295 ausus
1763 1240 1835 1295 sit

274 1334 421 1389 [oras
454 1334 600 1389 exire
629 1333 731 1403 (l).

345 1425 543 1481 Eodem
606 1440 749 1479 anno
807 1422 1144 1493 exeuntem
1187 1422 1428 1479 Joannes
1488 1421 1834 1493 Palaeoiogns

277 1519 532 1591 Byzmtio
562 1520 765 1587 potitus
805 1524 887 1572 est
915 1531 929 1570 :
961 1515 1228 1587 Gregoras
1253 1556 1268 1578 ,
1322 1524 1542 1584 recepta
1581 1515 1835 1571 libertate

275 1622 329 1666 et
344 1611 625 1666 custodum
662 1617 808 1663 metu
844 1623 1100 1671 excusso,
1155 1622 1278 1661 cum
1317 1607 1373 1660 in
1398 1604 1576 1660 aulam
1605 1621 1665 1662 se
1705 1623 1836 1662 con-

279 1702 509 1767 tulisset,
573 1702 640 1756 de
687 1715 952 1754 novorum
999 1701 1311 1770 dogmatum
1369 1698 1652 1768 impietate
1691 1699 1836 1770 apud

279 1793 569 1861 principem
594 1806 714 1846 ’non
749 1791 887 1845 adeo
918 1806 1131 1860 aequum
1169 1791 1241 1862 ('5)
1278 1790 1560 1845 Palatnitis
1609 1790 1836 1845 liberius

276 1857 563 1941 disseruit:
600 1884 847 1938 hortatus
870 1857 1068 1943 esu—ut
1098 1857 1416 1953 religionem
1444 1881 1697 1937 afﬂictam
1729 1883 1828 1937 eri-
1868 1857 1906 1912 Β

278 1988 461 2047 geret;
519 1982 872 2044 paratumque
921 1989 980 2028 se
1029 1973 1267 2028 ostendit
1320 1974 1476 2029 adea
1510 1973 1831 2039 refellenda,

278 2081 396 2135 quae
427 2064 837 2119 Cantacuzenus
870 2075 926 2120 et
960 2062 1207 2121 Palamas
1231 2102 1248 2128 ,
1297 2063 1537 2119 decretis
1588 2064 1702 2119 suis
1739 2079 1837 2133 per

278 2156 381 2211 vim
424 2155 781 2217 confirmatis,
829 2154 1014 2224 iniqua
1080 2161 1137 2208 et
1163 2153 1397 2209 absurda
1431 2152 1833 2209 deﬁnivissent.
1874 2157 1893 2161 “

280 2245 670 2316 Atloasaphus
706 2245 783 2316 (id
810 2245 1190 2301 Cantacuzeno
1213 2284 1229 2308 ,
1274 2245 1634 2301 monasticam
1671 2245 1840 2300 disci-

281 2337 477 2405 plinam
506 2334 772 2405 professo,
809 2348 1006 2387 nomen
1039 2340 1173 2401 erat)
1207 2331 1298 2386 ubi
1356 2331 1474 2386 haec
1514 2331 1706 2403 agitari
1751 2345 1841 2415 re-

280 2428 452 2489 scivit,
485 2428 775 2489 Palainam,
801 2427 893 2495 qui
933 2434 1042 2480 tum
1077 2440 1106 2478 a
1141 2423 1337 2480 Turcis
1383 2424 1634 2494 captivus
1686 2435 1840 2479 tene-

279 2522 455 2583 batur,
487 2518 677 2587 grandi
711 2520 939 2588 pecunia
967 2517 1149 2572 statim
1202 2516 1393 2571 redimi
1421 2516 1666 2582 curavit,
1697 2524 1755 2570 ut
1792 2515 1840 2571 is

280 2624 495 2664 oausam
522 2623 672 2662 suam
708 2623 805 2676 per
842 2612 1034 2676 seipse
1064 2622 1301 2675 pra-setis
1318 2615 1497 2676 ageret
1534 2622 1548 2659 :
1581 2614 1693 2659 tum
1718 2604 1841 2660 filia:

291 2701 528 2762 llclenm,
563 2699 756 2756 Joanni
793 2698 1088 2769 Palzcologo
1143 2697 1452 2768 imperatori
1478 2705 1712 2773 χιιιιιιιιιι,
1745 2710 1842 2749 au-

280 2794 582 2848 ctoritatem
608 2791 952 2862 interpOsuit,
985 2807 1058 2845 ne
1103 2791 1366 2861 judicium
1398 2788 1837 2857 constitueretur,

278 2886 420 2954 quod
444 2885 547 2938 sibi
572 2883 813 2938 futurum
844 2895 989 2937 esset
1009 2883 1456 2954 ignmniniosum.
1481 2880 1558 2935 lta
1580 2878 1837 2954 Grcgorge

280 2977 515 3031 studium
553 2991 715 3030 omne
745 2976 799 3028 in
840 2990 1078 3043 praesens
1112 2975 1328 3028 irritum
1367 2973 1493 3029 fuit.

348 3069 506 3121 Anno
543 3069 785 3136 pro;ime
818 3068 1068 3121 insecuta
1114 3068 1406 3136 episcopus
1439 3056 1668 3124 Latinus
1693 3109 1708 3135 ,
1740 3067 1842 3123 Pa-

282 3159 485 3229 ia~ologi
526 3159 754 3223 arnicas,
808 3156 1123 3227 Byzantium
1165 3158 1376 3228 legatus
1407 3159 1652 3213 advenit.
1715 3160 1843 3229 lijus

282 3266 477 3304 nomen
507 3251 631 3304 sxlet
662 3249 949 3322 Grcgoras,
1003 3249 1308 3304 doctrinam
1336 3260 1519 3305 autem
1556 3267 1838 3307 commcn-

282 3344 391 3404 dat,
442 3352 502 3396 ut
531 3329 767 3396 hominis
822 3342 876 3396 in
917 3356 1197 3397 sacrarqu
1253 3342 1659 3414 Scripturarum
1691 3360 1839 3400 com-

291 3436 628 3490 mentatione
660 3434 882 3500 versati,
915 3446 969 3489 et
1007 3436 1494 3491 exercitationibus
1524 3437 1841 3510 theologicis

283 3526 337 3579 in
370 3525 566 3581 scholis
596 3525 907 3580 Latinorum
944 3526 1162 3581 eruditi.
1216 3527 1349 3583 Erat
1381 3528 1427 3583 is
1459 3529 1646 3600 procul
1673 3530 1840 3585 dubio

289 3617 481 3671 Paulus
510 3616 585 3687 (4)
619 3616 1062 3687 archiepiscopus
1102 3619 1479 3690 Smyrnensis,
1543 3635 1706 3690 quem
1749 3637 1838 3674 cx-

288 3714 446 3760 eunte
474 3720 620 3760 anno
648 3705 784 3762 1355
814 3707 1133 3777 obsequium
1192 3716 1246 3763 et
1279 3709 1533 3763 'debitant
1584 3709 1843 3766 Romana!

286 3799 401 3854 sedi
436 3800 792 3854 reverentiam
840 3814 869 3853 a
918 3798 1131 3854 Joanne
1160 3798 1460 3872 Palaeologo
1512 3800 1843 3871 imperatore

288 3901 499 3959 pactum
535 3890 718 3955 fuisse,
742 3891 1001 3946 discimus
1018 3908 1080 3947 ex
1100 3891 1405 3947 Annalibus
1429 3893 1840 3950 ecclesiasticis.

290 3982 381 4036 llic
403 3998 525 4037 cum
547 3983 611 4038 de
641 3981 894 4039 Ecclesiae
918 3983 1112 4040 Griecae
1141 3985 1488 4055 opinionibus
1504 3986 1656 4041 novis
1677 3986 1843 4051 multa

290 4076 600 4142 audivisset,
652 4078 719 4132 ab
761 4077 1091 4149 imperatore
1121 4074 1440 4150 postulavit,
1494 4089 1553 4134 ut
1580 4078 1683 4133 sibi
1717 4093 1841 4134 cum

287 4166 522 4231 Palama,
550 4176 733 4223 earum
760 4170 1075 4240 opinionum
1107 4178 1352 4237 auctore,
1377 4171 1639 4242 congredi
1659 4186 1843 4226 coram

289 4260 512 4316 liceret:
541 4276 661 4316 mox
691 4272 896 4327 autem,
939 4260 1080 4317 facta
1108 4262 1455 4332 colloquendi
1514 4264 1689 4333 ςορίιιδ
1754 4264 1844 4318 ubi

289 4367 413 4406 eum
442 4366 498 4405 re
532 4353 644 4424 ipsa
678 4353 862 4432 multis
894 4355 1215 4426 magnisque
1247 4356 1531 4421 erroribus
1569 4356 1843 4411 imbutum

290 4459 410 4499 esse
456 4446 737 4516 comperit,
795 4445 970 4517 ipsum
1000 4462 1220 4517 quoque
1248 4445 1544 4518 Gregoram
1599 4463 1724 4502 cum
1778 4462 1845 4502 eo

291 4537 654 4606 disputantem
686 4537 821 4594 velle
850 4553 909 4593 se
930 4539 1118 4594 audire
1149 4539 1476 4610 signiﬁcavit
1498 4538 1606 4610 (5).
1657 4540 1845 4609 Itaque

292 4627 573 4701 Gregoras,
630 4645 726 4702 per
756 4646 1009 4702 magnum
1054 4632 1383 4703 Iogotbetatn
1414 4631 1483 4687 ab
1516 4633 1847 4699 imperatore

290 4724 515 4788 accitus,
572 4724 627 4777 in
662 4724 840 4778 aulant
871 4723 1039 4787 venit,
1069 4724 1291 4796 ignarus
1337 4739 1501 4794 quam
1529 4725 1598 4780 ob
1623 4738 1843 4779 causam

291 4824 593 4871 vocaretur.
646 4816 779 4871 Nam
831 4816 978 4871 illum
1013 4816 1216 4873 Helena
1273 4819 1540 4887 Augusta,
1597 4819 1845 4890 parentis

291 4906 373 4960 sui
401 4906 759 4962 Cantacuzeni
785 4908 974 4964 amicis
1000 4908 1211 4973 favens,
1232 4909 1550 4977 praenioneri
1575 4919 1846 4975 vetuerat,

289 5011 359 5052 ne
387 4998 786 5066 praetneditatus
841 5000 905 5054 ad
949 5000 1337 5069 disputandum
1377 4999 1683 5055 neocdcret.
1752 5000 1848 5074 Viti

294 5091 545 5160 palatium
576 5091 820 5164 ingresso
850 5094 1150 5158 nuntiatur,
1186 5093 1461 5146 l’alamam
1490 5092 1600 5146 illic
1627 5092 1845 5149 adesse.

292 5184 367 5239 Eo
399 5184 588 5239 nuntio
615 5184 848 5256 primum
879 5186 1161 5254 perculsus
1192 5187 1384 5251 haesit;
1428 5195 1483 5240 et
1512 5200 1705 5256 parum
1738 5185 1839 5241 ab.

361 5325 468 5397 (99)
488 5326 618 5380 Eum
650 5335 805 5380 terrae
834 5336 1037 5397 motum
1056 5325 1291 5382 Villauus
1318 5325 1532 5384 confert
1559 5328 1615 5382 in
1631 5342 1834 5384 annum

294 5398 444 5462 1354,
479 5398 705 5451 Kalend.
745 5396 940 5450 Martii.
1125 5410 1154 5435 ο

357 5471 428 5538 (1)
465 5467 712 5536 Ejusdem
744 5467 863 5519 libri
900 5480 1020 5537 cap.
1060 5466 1157 5520 ult.

356 5537 428 5610 (Ξ)
466 5541 528 5610 dt.
552 5538 614 5610 (ξ.
644 5537 813 5610 ιδεξιε
839 5545 1103 5610 autumno
1132 5548 1388 5610 exeunte.

357 5605 429 5684 (3)
453 5605 848 5684 CurPalaulitis
877 5606 1120 5664 infensus
1150 5608 1333 5675 fuerit,
1362 5614 1517 5667 docet
1552 5611 1840 5684 Gregoras,

291 5678 445 5743 Πὶδί..
470 5680 560 5733 lib.
594 5695 762 5733 xxvtl.
1101 5706 1122 5724 ο

356 5750 559 5823 (ιλιιίε
591 5746 799 5823 Paulus
836 5755 994 5823 posta
1039 5746 1690 5823 gonstantinOpotitanus
1747 5768 1845 5823 pa-

290 5810 505 5879 lliarcha
563 5810 809 5893 ululatii.
837 5810 966 5873 fuit.
1046 5818 1174 5891 Ejus
1233 5838 1356 5878 rum
1389 5810 1599 5879 Lanae
1650 5810 1849 5877 Canta-

1188 5984 1215 6004 κ

1929 597 2240 661 obﬁrmato,
2274 604 2329 650 et
2366 609 2398 649 e
2430 608 2492 648 re
2519 603 2646 647 nata
2677 589 2964 646 consilium
2998 587 3245 658 capiens,
3278 586 3510 645 ulterius

1931 686 2194 757 perrexit.
2234 686 2435 741 Aderat
2473 692 2587 738 tum
2628 681 2772 752 apud
2833 679 3193 749 Palaeologum
3242 694 3507 750 generum

1930 796 2091 837 annm
2126 780 2281 835 lrene
2310 780 2589 848 Augusta:
2631 774 2867 829 aderant
2891 771 3027 827 aula:
3045 771 3337 843 primores.
3367 770 3510 828 Gre-

1931 886 2092 944 geras
2123 870 2359 925 salutato
2391 869 2744 939 imperatore,
2793 863 3080 929 consedit;
3133 871 3299 933 atque
3333 870 3395 918 ut
3439 878 3513 919 ne

1933 965 1995 1024 in.
2021 963 2298 1033 praeludiis
2326 961 2679 1018 recensendis
2705 945 2917 1014 diutiu's
2945 958 3328 1019 immorentur,
3380 970 3521 1026 pro--

1933 1057 2108 1124 posita
2136 1055 2203 1109 ab
2233 1052 2553 1108 adversario
2604 1051 2910 1122 quaestione
2961 1048 3028 1104 de
3091 1047 3401 1102 substantia
3454 1057 3514 1100 et

1933 1145 2348 1215 operationibus
2405 1143 2644 1207 divinis,
2700 1143 2815 1197 haec
2855 1142 2911 1195 in
2966 1139 3078 1195 Deo
3120 1139 3259 1194 nihil
3290 1138 3516 1194 differre

1934 1236 2120 1290 multis
2144 1234 2448 1289 rationibus
2467 1234 2732 1304 probavit.
2761 1232 3081 1303 Imperator,
3106 1241 3336 1298 utraque
3358 1238 3514 1299 parte

1935 1328 2140 1391 audita,
2206 1327 2325 1380 sive
2346 1326 2642 1380 sint-crtior
2685 1335 2833 1380 esset
2895 1340 3057 1394 quam
3106 1323 3363 1387 antehac,
3398 1321 3518 1375 sive

1938 1420 2380 1475 Cantacuzcnum
2459 1432 2711 1472 socerum
2772 1430 2932 1470 suum
2980 1415 3240 1470 damnato
3297 1412 3515 1467 Palama

1936 1510 2105 1565 nollet
2137 1508 2484 1573 contristare,
2523 1507 2857 1563 sententiam
2883 1504 3028 1561 ferre
3068 1505 3264 1560 noluit.
3316 1507 3386 1557 At
3412 1505 3530 1556 Pa-.

1934 1601 2129 1664 lamas,
2163 1601 2382 1671 benigni
2421 1599 2688 1669 principis
2728 1598 3010 1653 silentium
3042 1606 3205 1666 prout
3236 1595 3395 1649 libuit
3430 1594 3518 1648 iu-

1939 1700 2290 1760 terpretatus,
2325 1691 2586 1757 postridie
2620 1705 2717 1759 per
2776 1698 2947 1744 totam
2985 1689 3175 1742 urbem
3232 1687 3517 1748 discurrit,

1940 1774 1996 1838 et
2023 1782 2137 1838 suae
2172 1783 2255 1853 (ut
2283 1782 2483 1850 aiebat)
2518 1783 2761 1836 victoriae
2796 1782 2994 1835 famam
3027 1781 3230 1850 ubique
3263 1781 3517 1834 dissemi-

1938 1875 2110 1929 navit.
2172 1874 2245 1928 Ea
2280 1889 2337 1928 re
2369 1870 2760 1943 imperatorem
2813 1873 2970 1928 valde
3013 1871 3275 1935 oﬂendit;
3311 1873 3522 1925 aulicos

1937 1982 2091 2029 vero,
2114 1966 2205 2034 qui
2234 1966 2492 2020 hesterno
2521 1948 2796 2035 collo'quio
2820 1972 3115 2034 prmsentes
3133 1965 3264 2019 inter
3283 1965 3517 2025 fuerant,

1938 2057 2301 2119 sic‘irritavit,
2339 2067 2396 2113 ut
2433 2073 2498 2111 ex
2538 2059 2672 2113 urbe
2706 2058 2760 2111 in
2796 2059 2974 2111 aulam
3018 2072 3270 2112 reversus
3299 2058 3440 2111 male
3465 2067 3522 2110 ct

1939 2149 2163 2204 sinistre
2193 2148 2359 2231 abjis
2389 2159 2648 2219 exceptus
2685 2159 2778 2203 Sil.
2811 2149 2868 2203 In
2905 2165 2970 2205 ea
2997 2150 3365 2219 disputatione
3389 2150 3521 2219 quid

1940 2249 2147 2305 actum,
2182 2241 2381 2310 quidve
2403 2256 2433 2294 a
2457 2256 2519 2296 se
2546 2252 2641 2296 aut
2660 2242 2733 2295 ab
2759 2243 3009 2296 adversar
3026 2243 3079 2296 io
3099 2242 3307 2296 dictum
3336 2242 3519 2305 fuerit,

1940 2330 2208 2402 Gregoras
2264 2332 2478 2386 duobus
2535 2334 2604 2387 de
2659 2348 2720 2387 ea
2778 2333 3088 2411 re\scriptis
3126 2334 3356 2405 dialogis
3404 2334 3524 2388 fuse

1942 2422 2165 2479 tradidit
2196 2422 2297 2494 (6).
2332 2423 2406 2478 De
2430 2422 2634 2481 Latino
2663 2423 2946 2496 episc0po,
2998 2425 3160 2495 cujus
3197 2428 3374 2497 gratia
3411 2425 3523 2481 dis-

1941 2501 2190 2583 p'utatum
2227 2525 2366 2576 erat,
2410 2513 2597 2569 dicere
2647 2514 2851 2569 oblitus
2891 2523 2975 2569 est
3003 2505 3279 2585 quodnam
3308 2515 3376 2570 de
3412 2525 3526 2571 tota

1945 2606 2034 2659 illa
2066 2605 2473 2660 concertatione
2500 2605 2765 2675 judicium
2802 2606 2923 2678 ejus
2953 2609 3248 2663 exstiterit.

2010 2694 2280 2749 Cancrum
2303 2697 2720 2751 Cantacuzcuus
2743 2712 2810 2751 ex
2840 2699 3167 2767 imperatore
3190 2702 3524 2761 monachus,
3580 2754 3597 2755 γ

1942 2802 2065 2843 cum
2104 2776 2278 2842 novos
2311 2788 2555 2858 dialogos
2584 2789 2807 2858 publice
2864 2789 3100 2864 lectitari
3163 2802 3217 2846 et
3279 2796 3524 2847 omnium

1945 2881 2197 2937 manibus
2243 2881 2341 2935 teri
2400 2881 2631 2947 videret,
2691 2875 2805 2937 sua
2832 2882 3099 2937 interesse
3154 2883 3407 2948 credidit,
3468 2895 3532 2940 ut

1943 2991 2107 3044 quam
2147 2977 2385 3044 prirnum
2420 2975 2796 3029 refellerentur
2827 2976 2923 3044 (7).
2978 2974 3175 3031 Statim
3219 2976 3425 3046 itaque,
3457 2992 3533 3032 eo
3604 2974 3617 2980 ”

1946 3078 2194 3137 urgente,
2239 3068 2387 3121 varii-
2423 3066 2589 3121 libelli
2641 3084 2669 3120 a
2735 3066 3014 3122 Palaniitis
3055 3068 3340 3138 compositi
3395 3084 3527 3138 pro-

1944 3159 2185 3215 dierunt.
2225 3161 2413 3214 Exstat
2439 3175 2588 3214 nunc
2619 3176 2843 3231 quoque
2879 3160 2933 3215 in
2965 3160 3088 3215 cod.
3122 3175 3226 3215 ms.
3263 3161 3521 3217 biblimh.

1949 3252 2127 3324 Regia:
2161 3253 2285 3321 (8),
2343 3252 2490 3306 inter
2564 3269 2732 3322 opera
2791 3253 2910 3308 Nic.
2968 3252 3275 3318 Cabasilae,
3335 3266 3532 3324 satyr-

1948 3356 2073 3398 cum
2126 3342 2450 3413 opusculum
2515 3343 2619 3399 hoc
2673 3343 2862 3401 titulo:
2923 3344 3074 3398 Κατὰ
3116 3344 3226 3397 τῶν
3272 3345 3533 3415 Γρηγορᾱ.

1946 3436 2315 3506 ληρημάτων,
2371 3438 2426 3489 in
2478 3434 2721 3507 Gregorii:
2785 3438 3154 3495 deliramenta.
3231 3437 3420 3493 Exstat
3471 3438 3539 3493 in‘

1948 3529 2001 3581 in
2031 3529 2133 3581 alio
2164 3529 2286 3582 cod.
2313 3530 2390 3599 (9)
2445 3530 2735 3599 Ἐπίτομος
2771 3530 2912 3583 κατὰ
2942 3531 3003 3582 τὸ
3029 3529 3250 3583 δυνατὸν
3278 3531 3532 3603 διήγησις

1947 3619 2046 3685 τῆς
2078 3621 2170 3671 ἐπὶ
2194 3620 2286 3671 τοῦ
2324 3620 2591 3672 παλατίου
2626 3618 2863 3674 ἐνώπιον
2896 3621 2990 3673 τοῦ
3049 3621 3321 3690 βασιλέως
3370 3640 3531 3690 γενη-

1950 3713 2123 3781 μένης
2172 3711 2461 3778 διαλέξεως
2492 3712 2586 3765 τοῦ
2631 3714 2688 3765 ὲν
2721 3713 2898 3781 ἁγίοις
2933 3714 3146 3784 [ἰατρὸς
3186 3714 3346 3785 ἡμῶν
3389 3715 3533 3781 Γρη-

1955 3806 2145 3872 γορίου
2179 3806 2615 3875 ἁρχιεπισκόπου
2649 3806 3056 3876 Θεσσαλονίκης
3128 3811 3225 3861 καὶ
3274 3809 3535 3880 Γρηγορᾶ

1948 3896 2042 3949 τοῦ
2075 3897 2388 3967 φιλοσόφτιυ.
2414 3897 2483 3951 Μ
2515 3908 2622 3965 est,
2652 3897 2906 3969 Narratio
2939 3916 3097 3969 quam
3124 3901 3354 3955 maxime
3389 3918 3535 3956 com-

1896 4042 1917 4059 ,
1949 3991 2224 4057 pendiarta
2244 3991 2618 4057 disputationis
2630 3992 2782 4045 inter
2800 4002 3043 4046 sanctum
3065 3992 3280 4048 Putrem
3294 4004 3532 4049 nostrum

1952 4081 2263 4149 Gregorium
2297 4082 2754 4151 archiepiscopum
2787 4082 3302 4140 Thessalonicensem
3324 4098 3370 4139 et
3403 4086 3507 4141 Gre

1950 4186 2133 4241 geram
2167 4170 2532 4240 philosOpItum
2553 4172 2606 4224 in
2625 4172 2832 4241 palatio
2857 4188 3038 4225 coram
3072 4175 3394 4243 imperatore
3436 4183 3537 4229 lm-

1953 4262 2114 4327 bitat;
2162 4277 2339 4333 eaque
2375 4263 2619 4317 narratio
2650 4262 2971 4332 dogtnaticis
3011 4265 3243 4323 l’alantte
3271 4267 3537 4338 operibus

1953 4354 2169 4424 praeﬁxa
2207 4362 2314 4410 est.
2368 4353 2419 4408 ls
2475 4362 2657 4408 autem
2711 4355 2804 4423 qui
2855 4371 2974 4409 eam
3033 4358 3206 4414 ti-xuit
3237 4358 3534 4431 Gregoram

1956 4450 2293 4520 argumentis
2325 4448 2576 4506 futilibus
2600 4458 2654 4505 et
2679 4464 2938 4508 sermone
2972 4454 3304 4510 inconcinne
3330 4495 3345 4521 ,
3375 4455 3532 4511 Pala-

1876 4566 1926 4628 ο
1955 4558 2097 4599 mam
2131 4558 2264 4599 vero
2291 4558 2404 4597 non
2436 4546 2708 4601 rationum
2745 4547 2793 4601 vi
2825 4546 3001 4601 solum
3031 4585 3047 4611 ,
3090 4547 3187 4602 sed
3238 4557 3294 4603 et
3353 4540 3465 4605 v’er.
3491 4548 3537 4605 is

1951 4635 2295 4706 elegantibus
2350 4651 2474 4691 sese
2539 4637 2931 4693 defendentem
2997 4639 3229 4695 inducit.
3292 4639 3528 4711 Deniqm

1953 4726 2240 4782 Mediolani
2274 4726 2331 4781 in
2377 4727 2714 4784 bibliotheca
2746 4729 3117 4785 Ambrosiana
3175 4731 3394 4787 libellus
3420 4736 3541 4804 (to)

1951 4827 2135 4875 exstat
2186 4818 2503 4889 inscriptus,
2570 4822 2707 4891 Περὶ
2757 4820 2860 4888 τῆς
2916 4820 3012 4875 τοῦ
3043 4821 3299 4894 Γρηγορᾶ
3343 4824 3538 4894 ψευδαδ-

1952 4911 2195 4981 γραςρίας
2222 4909 2361 4981 ὁμοῦ
2395 4912 2488 4965 καὶ
2532 4911 2892 4977 δυσσεϐείας,
2946 4914 3013 4968 de
3054 4912 3299 4984 Gregora:
3328 4917 3540 4983 scrinia

1952 5002 2315 5068 utendacibus,
2366 5012 2414 5055 et
2455 5003 2521 5057 de
2566 5003 2802 5072 ejusdem
2837 5004 3108 5073 impiatus
3145 5021 3165 5061 :
3222 5022 3386 5077 quem
3433 5012 3529 5078 qui

1946 5100 2275 5162 composuit,
2306 5094 2352 5146 is
2384 5092 2437 5146 in
2471 5093 2590 5163 ipso
2622 5094 2851 5150 exordio
2897 5095 3191 5167 signiﬁcat,
3225 5100 3563 5178 oppugnari‘

1942 5200 1973 5241 a
2006 5200 2065 5240 se
2093 5185 2192 5256 τὴν
2216 5188 2312 5256 τῆς
2348 5184 2641 5254 διαλέξεως
2671 5187 2962 5260 διήγησιν,
3015 5189 3069 5245 id
3120 5201 3238 5255 est,
3273 5194 3537 5247 narratio-

1942 5343 2152 5400 cuzeno
2195 5325 2514 5400 disputatio
2582 5329 2950 5400 manuscripta
2999 5339 3176 5385 exstat
3220 5329 3275 5384 in
3344 5329 3529 5385 co.iice

1951 5398 2122 5470 Regio
2148 5396 2343 5470 1999;
2459 5438 2481 5456 κ

2048 5465 2100 5537 5)
2138 5467 2278 5539 Hist.
2306 5465 2461 5539 Βῃι..
2491 5471 2583 5525 lib.
2627 5487 2778 5535 χχιχ,
2817 5486 2936 5539 cap.
2972 5472 3074 5527 ult.

2048 5480 2100 5537 5)
2138 5480 2278 5521 mu.
2306 5480 2461 5536 Uyz.,
2491 5480 2583 5525 lllt.
2627 5487 2778 5535 XXIX,
2817 5486 2936 5539 cap.
2972 5480 3021 5527 nl

2024 5480 2103 5611 ili)
2138 5538 2274 5611 Hist.
2307 5536 2465 5611 lit/2.,
2505 5542 2597 5595 lib.
2645 5558 2750 5595 xxx
2785 5551 2841 5597 et
2870 5559 3021 5605 xm.

2025 5607 2102 5681 (Ἰ)
2139 5608 2278 5681 Hist.
2313 5607 2469 5681 Byz..
2501 5612 2592 5665 lib.
2631 5628 2799 5668 χχχιι.

2029 5676 2104 5752 (8)
2138 5676 2295 5752 Nunt.
2333 5676 2495 5752 ‘giitifi,
2535 5684 2625 5735 I‘ol.
2658 5684 2786 5737 282.

2031 5746 2108 5820 (9)
2144 5751 2301 5820 t‘tum.
2334 5746 2500 5820 2&08,
2535 5754 2756 5811 lolnlll.

2032 5816 2145 5892 (10)
2172 5817 2335 5873 Num.
2367 5816 2433 5874 0.
2460 5819 2501 5877 ι.
