3990 6466
398 5728 423 5735 -_.,

439 357 507 420 39

1530 334 1954 406 NlCEPl-IORI
1995 282 2383 400 GllEGOl’trE
2420 338 2620 398 V'ITA.

3622 332 3692 394 40

438 463 982 533 ηεηιάὶδμιιηιεὶοηὶδ.
1011 460 1072 515 Ili
1098 470 1220 516 sunt
1244 459 1503 514 niznirum
1528 456 1623 520 illi,
1646 470 1784 524 quos
1812 453 2011 507 Canta-

2146 467 2278 520 nam
2313 449 2560 504 refellere
2593 446 2895 502 videretur.
2931 445 3094 515 Atqui
3125 444 3421 514 Gregoras,
3446 457 3569 496 cmn
3596 458 3698 497 nec

434 574 678 616 cuzenus
694 553 1233 627 Grcgormopposnit.
1261 550 1440 605 frivoli
1462 557 1610 603 certe
1628 555 1680 601 et
1697 545 1846 612 parvi
1878 559 2007 613 pon-

437 653 587 705 deris
625 648 790 701 libelli
814 664 828 709 ;
866 656 920 701 ut
942 660 1051 698 non
1077 642 1354 698 immerito
1380 654 1475 694 eos
1498 638 1768 707 Gri-goras
1784 635 2018 703 λογάρια

440 753 596 797 vocet
634 743 774 807 (H),
807 746 861 791 et
887 733 1297 807 ἀμσλωθρὶὅια,
1330 731 1464 798 ὁμοῦ
1492 730 1570 798 τῷ
1594 728 1861 796 πληγέντι
1892 724 2014 791 ἀέρι

439 838 574 904 πρὸς
619 833 681 884 το
712 831 916 897 ἀφανὲς
962 816 1228 888 ἀπιόντα,
1272 820 1499 891 fabellas
1543 819 1757 873 scilicet
1802 825 1851 868 et
1891 813 2017 869 uilia

436 927 680 993 qua'dam
739 922 999 991 embrya,
1067 930 1329 987 percusso.
1384 928 1508 967 aere
1570 910 1752 963 statim
1829 923 2018 961 evane-

438 1016 661 1069 scentia.
982 1024 987 1029 '

507 1104 876 1159 Nihilominus
928 1102 1073 1156 idem
1132 1100 1229 1170 qui
1277 1112 1375 1153 eos
1428 1094 1646 1149 libellos
1693 1092 2016 1161 vulgaverat

437 1199 746 1267 Joasaphus
777 1195 1224 1253 Cantacuzenus,
1242 1190 1441 1259 elapso
1473 1187 1600 1241 inde
1632 1200 1775 1238 anno
1809 1186 2023 1253 integro

438 1300 493 1342 et
523 1289 778 1351 dimidio,
806 1286 896 1340 ubi
929 1301 1056 1355 spes
1090 1299 1220 1337 suas
1249 1282 1367 1351 ipso
1392 1274 1669 1355 eventiuilt
1688 1277 1837 1330 lusas
1864 1275 2021 1338 vidit,

440 1379 739 1447 Gregoram
777 1390 995 1429 rursum
1032 1372 1271 1442 experiri
1320 1369 1534 1432 statuit,
1568 1344 1633 1420 οι⁸
1673 1382 1771 1435 per
1816 1366 2026 1417 amicos

439 1471 662 1523 domum
712 1467 964 1520 invitavit
995 1464 1130 1534 (l2).
1159 1464 1457 1532 Gregoras,
1487 1458 1742 1515 amicitiae
1789 1456 2027 1510 redinte-

442 1561 661 1632 grandae
693 1574 788 1626 spe
813 1557 1067 1633 allectus,
1101 1564 1158 1608 et
1188 1556 1316 1623 quia
1350 1554 1501 1605 illum
1538 1550 1787 1620 putabat,
1823 1558 2025 1600 mutata

446 1658 585 1706 forte
617 1648 898 1704 sententia
956 1648 1095 1701 velle
1128 1656 1312 1700 errata
1352 1634 1600 1699 confiteri
1638 1650 1693 1695 et
1727 1640 2025 1708 corrigere,

445 1760 555 1799 non
586 1750 804 1814 gravate
835 1740 1036 1809 paruit.
1069 1748 1123 1792 et
1156 1751 1373 1792 summo
1401 1749 1559 1788 mane
1589 1733 1655 1786 ad
1697 1747 1819 1784 cum
1858 1729 2026 1783 venit.

444 1838 521 1891 Ac
551 1850 735 1890 sermo
768 1833 1013 1902 quidem,
1041 1843 1101 1885 ut
1137 1831 1280 1883 inter
1309 1828 1517 1881 amicos
1543 1838 1749 1893 eosque
1789 1833 2028 1885 veteres,

362 1944 367 1947 ‘
449 1927 678 1982 blandus
727 1925 964 1993 primum
1011 1931 1067 1976 et
1103 1920 1291 1974 hilaris
1328 1906 1469 1971 'fuit.
1525 1917 1755 1975 Deinde,
1802 1913 2033 1967 Palanue

448 2019 729 2072 mentione
760 2017 982 2083 injecta,
1017 2027 1141 2067 cum
1171 2023 1228 2065 et
1254 2009 1674 2064 Cantacuzcnus
1709 2014 1763 2058 et
1790 2014 2036 2059 assi-nta-

452 2122 599 2166 tores
648 2107 903 2162 monachi
954 2106 1106 2159 illum
1164 2100 1389 2155 laudai'e
1440 2109 1493 2154 et
1528 2096 1783 2173 admirari
1836 2096 2037 2163 coepis-

448 2212 593 2259 sent.
623 2202 697 2253 ita
729 2198 1005 2268 Gregoras
1038 2194 1353 2256 excanduit,
1382 2201 1443 2245 ut
1468 2207 1534 2244 ex
1566 2189 1823 2242 familiari
1858 2186 2034 2241 collo-

447 2295 582 2362 quio
631 2291 697 2344 ad
735 2290 915 2359 iurgia
975 2286 1225 2357 protinus
1283 2292 1337 2337 et
1388 2283 1454 2336 ad
1510 2280 1755 2335 convicia
1809 2286 2034 2332 ventum

451 2384 640 2439 fuerit.
685 2380 924 2434 Tantum
962 2379 1129 2448 igitur
1158 2375 1352 2436 abfuit,
1396 2383 1453 2426 ut
1489 2388 1555 2427 co
1603 2369 1879 2438 colloquio
1915 2370 2037 2421 lites

449 2483 939 2544 componerentur,
975 2479 1035 2522 ut
1062 2467 1221 2520 novis
1249 2462 1650 2519 oﬁ'ensionibns
1678 2461 1883 2514 irritata
1916 2459 2037 2511 odia

452 2562 859 2617 recruducrint.
898 2560 971 2613 De
1007 2559 1107 2611 hac
1140 2566 1417 2627 postret'na
1448 2552 1823 2619 disputatione
1846 2547 2040 2616 Grego-

457 2670 545 2710 ras
594 2655 841 2723 dialogos
889 2662 1128 2722 quatuor
1173 2647 1433 2716 scripsit;
1489 2659 1583 2697 eos
1627 2642 1904 2702 videlicet,
1946 2640 2037 2708 qui

458 2743 709 2798 Historiae
764 2743 935 2796 libros
989 2739 1213 2794 totidem
1260 2737 1646 2795 constituunt;
1704 2731 2038 2785 tricesimum

454 2836 761 2890 secundum
802 2834 947 2896 dico,
978 2841 1034 2886 et
1087 2841 1199 2885 tres
1229 2828 1493 2895 deinceps
1532 2822 1851 2879 continuos.
1900 2820 2042 2873 Sunt

455 2930 641 2982 autem
699 2928 734 2981 ii
782 2940 937 2981 luere
995 2920 1312 2993 dogmatici,
1361 2919 1538 2990 primo
1587 2922 1840 2984 excepto,
1884 2916 2042 2981 cujus

455 3021 741 3075 exordium
771 3017 1094 3073 historicum
1122 3022 1231 3079 est.

2117 553 2265 613 garet
2294 558 2389 595 sua
2417 558 2542 596 esse
2572 558 2692 611 qua:
2717 539 3136 594 Cantacuzenus
3163 537 3381 607 publice
3413 535 3701 603 arguissel;

2119 635 2261 690 haud
2301 637 2710 698 t'uetitiebatur;
2758 632 2864 688 nisi
2907 634 3046 686 forte
3100 630 3351 684 diversos
3396 627 3465 680 ab
3515 626 3582 679 iis
3611 627 3699 695 qui

2119 736 2417 795 supersunt
2462 727 2716 781 Historia:
2759 725 3075 795 Byzantium
3133 723 3307 777 libros
3357 717 3699 773 condiderat.

2119 818 2251 872 Nam
2285 820 2337 872 in
2374 819 2457 873 his
2488 834 2626 888 quos
2678 818 2945 872 habemus
2992 816 3143 885 (sunt
3178 822 3358 867 autem
3392 810 3705 877 duodequa-

2120 913 2366 983 draginta
2401 910 2666 976 continui)
2692 910 2758 964 de.
2797 909 2902 963 illis
2930 906 3202 960 montanis
3242 902 3479 956 oraculis
3508 916 3537 951 a
3559 897 3704 983 Cap-

2123 1019 2391 1064 tacuzeno
2418 1005 2682 1058 consultis
2717 1002 2853 1057 nihil
2883 1000 3110 1054 omnino
3137 997 3401 1064 scriptum
3435 974 3665 1047 occurrit
3691 1013 3705 1053 ;

2123 1102 2190 1155 de
2228 1099 2431 1152 montis
2482 1098 2621 1151 Atho
2651 1093 2934 1150 monachis
2971 1090 3140 1145 multa
3181 1087 3437 1158 quidem,
3470 1083 3565 1138 sed
3600 1084 3705 1135 non

2128 1194 2215 1246 illa
2245 1192 2385 1258 ipsa,
2419 1204 2539 1258 quae
2571 1186 2991 1242 Cantaeuzeuus
3021 1182 3161 1251 apud
3190 1195 3249 1233 se
3279 1179 3414 1231 lecta
3450 1189 3572 1228 esse
3598 1190 3708 1227 me-

2129 1287 2334 1350 rnorat;
2366 1280 2473 1329 imo
2504 1290 2566 1328 ea
2599 1289 2719 1342 qum
2768 1282 2818 1327 et
2854 1282 3093 1325 montem
3127 1281 3183 1324 et
3228 1266 3531 1322 monachos
3579 1267 3711 1319 mire

2129 1369 2508 1423 commendant
2545 1367 2676 1437 (11).

2202 1461 2335 1513 llinc
2369 1460 2504 1511 adeo
2538 1465 2782 1525 apparet,
2816 1454 2981 1510 libros
3015 1452 3267 1520 Gregoraa
3295 1450 3362 1503 ab
3390 1448 3713 1502 hominibus

2132 1551 2393 1619 improbis
2419 1551 2528 1617 jam
2563 1560 2675 1600 tum
2721 1548 2889 1599 fuisse
2919 1554 3210 1613 corruptos
3246 1557 3309 1595 ac
3344 1542 3670 1607 depravatos
3699 1557 3710 1596 ;
3752 1584 3755 1587 λ

2132 1640 2358 1707 proinde
2395 1654 2517 1690 vera
2557 1651 2697 1698 esse,
2733 1652 2853 1703 qttn'
2911 1633 2998 1686 hic
3030 1634 3224 1686 ultimo
3266 1630 3519 1684 Historia:
3579 1630 3714 1681 libro

2134 1735 2199 1786 de
2228 1732 2660 1783 adversar’orum
2689 1728 2933 1795 nequitia
2959 1734 3014 1779 et
3038 1725 3194 1777 malis
3213 1724 3421 1777 artibus
3443 1722 3713 1790 queritur,

2134 1823 2275 1891 quod
2316 1822 2351 1874 it
2403 1821 2570 1873 multa
2625 1818 2930 1872 clanculum
2985 1833 3046 1869 ex
3104 1817 3220 1869 suis
3259 1814 3518 1881 operibus
3573 1812 3715 1865 ferro

2136 1927 2342 1967 resecta
2375 1913 2743 1975 sustulissent,
2781 1909 3042 1986 ct_littera
3078 1923 3181 1959 una
3216 1906 3298 1959 vel
3346 1906 3510 1957 etiam
3552 1903 3717 1972 pluri-

2136 2006 2236 2060 bus
2287 2019 2382 2058 seu
2430 2003 2655 2064 additis,
2700 2016 2797 2055 seu
2855 2000 3092 2053 invicem
3147 1995 3492 2066 permutatis,
3533 2007 3714 2046 verum

2135 2113 2198 2152 ac
2258 2080 2469 2149 rectum
2526 2106 2747 2147 sensum
2804 2090 3028 2143 omnino
3090 2087 3467 2148 invenissent,
3506 2093 3567 2137 ut
3615 2082 3715 2150 φεῦ

2136 2204 2234 2260 pro
2266 2186 2351 2251 εὖ,
2383 2187 2553 2240 κακὸν
2583 2199 2683 2252 pro
2713 2183 2901 2243 καλὸν,
2931 2180 3072 2234 κατὰ
3102 2195 3199 2249 pro
3227 2180 3355 2247 περὶ
3380 2218 3393 2242 ,
3424 2177 3715 2247 legeretur.

2137 2281 2501 2346 Quamobrem
2539 2277 2701 2331 etiam
2743 2275 2977 2329 lectores
3016 2272 3275 2325 admonet
3338 2271 3718 2335 hortaturque,

2138 2383 2198 2426 ut
2243 2372 2505 2425 librorum
2560 2348 2782 2422 suorum
2838 2362 3172 2428 exemplaria
3225 2360 3555 2423 conferant;
3604 2371 3720 2426 quze

2141 2465 2368 2536 plurima
2420 2464 2495 2516 ait
2536 2470 2788 2515 exstare:
2820 2458 3021 2526 quippe
3071 2471 3152 2518 se,
3185 2452 3460 2521 ρῇιιειιιοεὶῗ
3496 2449 3718 2504 fraudes

2141 2563 2617 2627 prmmctuentem,
2655 2565 2873 2620 operam
2916 2546 3155 2612 dedisse,
3191 2554 3247 2598 ut
3282 2542 3452 2597 multa
3488 2553 3719 2610 apOgra-

2140 2648 2248 2719 pba
2282 2643 2675 2714 discipulorum
2729 2655 2894 2694 manu
2942 2653 3103 2707 quam
3153 2633 3571 2689 accuratissime
3624 2643 3723 2682 suo

2144 2740 2226 2793 vel
2264 2738 2564 2791 amicorum
2605 2743 2824 2798 sumptu
2861 2730 3330 2786 describerentur.

2218 2830 2476 2884 Fortasse
2525 2826 2727 2897 igitur,
2772 2832 2831 2876 ut
2896 2822 3176 2891 plerisque
3238 2818 3596 2880 auctoribus,
3653 2817 3724 2869 ita

2143 2924 2306 2977 etiam
2356 2919 2665 2991 Nicephoro
2701 2915 2954 2986 Grcgmte
2994 2913 3237 2982 qua-dam
3275 2912 3412 2965 falso
3441 2911 3729 2964 ascribun-

2145 3024 2253 3083 tur,
2278 3011 2461 3084 spuria
2489 3008 2739 3065 videlicet
2765 3016 2820 3059 et
2852 3005 3193 3074 supposititia
3221 3019 3235 3053 :
3261 2996 3571 3070 eujuémodi
3606 3014 3728 3053 esse

3774 2430 3783 2453 ι

533 3110 648 3165 Sub
679 3109 812 3163 illud
837 3107 1005 3162 credo
1035 3116 1249 3172 tempus
1269 3098 1576 3168 Joasaphus
1608 3097 2035 3156 Cantacuzenus,

2148 3107 2403 3163 existimo
2450 3101 2721 3157 somnium
2755 3095 2883 3150 illud
2922 3094 3323 3165 propheticum,
3357 3109 3385 3145 a
3434 3091 3727 3145 Philotth

461 3204 706 3276 pervolut
734 3217 762 3255 s
800 3199 1054 3253 Historia:
1088 3195 1397 3265 Byzantium
1429 3192 1598 3251 libris,
1627 3203 1858 3259 quorum
1894 3185 2037 3239 Gre-

460 3312 623 3367 goras
654 3304 842 3347 auctor
871 3305 993 3345 esse
1035 3289 1332 3350 ferebatur,
1362 3301 1484 3339 cum
1522 3284 1624 3337 alia
1665 3285 1833 3335 multa
1877 3281 1930 3333 in
1977 3279 2043 3332 iis

467 3386 675 3440 notavit
711 3382 825 3453 (l3)
852 3422 867 3446 ,
925 3392 1038 3434 tum
1086 3378 1316 3433 illutLde
1351 3390 1414 3431 se
1445 3377 1497 3428 in
1543 3371 1756 3444 primis,
1786 3372 1930 3441 quod
1971 3369 2044 3425 ibi

463 3480 741 3533 diceretur
770 3472 1056 3543 superstite
1095 3470 1397 3523 Andronico
1425 3468 1740 3534 imperatore
1762 3462 2046 3516 monac/tos

467 3574 658 3626 montis
691 3570 822 3623 Atlio
866 3568 1111 3647 fatidicos
1151 3566 1366 3627 adiisse,
1391 3572 1440 3616 ct
1477 3578 1546 3614 an
1574 3576 1751 3614 rerum
1781 3559 2044 3628 potiturns

465 3674 618 3727 rsset,
642 3667 707 3715 ab
741 3663 805 3714 iis
828 3661 1128 3713 sciscitatus
1157 3658 1338 3727 fuisse.
1364 3655 1507 3708 ldrm
1532 3652 1694 3707 etiam
1725 3649 2046 3720 gravissima

428 3758 726 3819 ’t-rimina,
765 3754 1035 3824 religiosis
1084 3769 1206 3806 eum
1278 3756 1516 3803 montem
1567 3746 1933 3800 incolentibus
1979 3742 2047 3797 ab

472 3850 735 3903 historico
770 3847 1008 3914 objecta,
1045 3845 1098 3897 in
1148 3842 1341 3897 iisdem
1373 3839 1528 3893 libris
1557 3836 1889 3891 observavit.
1918 3834 2049 3914 Qua

470 3952 530 3995 ut
560 3942 689 3995 falsa
715 3955 841 3994 esse
870 3944 1146 4007 argueret,
1185 3933 1422 3987 arbitros
1447 3944 1751 3985 convocare
1780 3911 2047 3983 eteorum

466 4035 672 4107 judicio
701 4045 990 4087 censuram
1026 4029 1148 4083 libri
1181 4028 1501 4097 permittere
1532 4022 1841 4078 constituit.
1873 4020 2049 4078 Acciti

471 4124 767 4195 igitur‘viri
803 4122 1063 4184 illustres,
1099 4128 1155 4172 et
1179 4119 1379 4170 civium
1414 4114 1838 4186 Byzantinorum
1872 4111 2053 4171 lectis-

471 4216 597 4272 simi
624 4233 638 4269 :
665 4214 757 4285 qui
808 4214 899 4268 ubi
936 4212 1264 4267 criminosas
1292 4209 1414 4262 illas
1449 4206 1796 4261 narrationes
1826 4218 1922 4273 per
1947 4202 2058 4256 lecv

473 4321 643 4361 torem
678 4305 937 4359 recitata:
968 4302 1320 4365 audiverunt,
1373 4313 1481 4351 una
1528 4311 1724 4351 omnes
1751 4310 1886 4349 voce
1921 4292 2057 4349 Gre-

473 4416 658 4469 goram
684 4397 834 4452 valde
871 4394 1175 4448 mendacem
1203 4401 1250 4444 et
1287 4389 1642 4459 impudentem
1683 4397 1731 4441 et
1757 4388 1917 4439 levem
1950 4400 2061 4438 esse

2150 3197 2464 3271 patriarcha
2542 3192 2864 3262 productum
2925 3188 3034 3256 (15)
3090 3195 3143 3239 et
3195 3184 3524 3254 explosum:
3586 3182 3777 3251 quod'

2149 3291 2407 3363 quoniam
2442 3286 2681 3340 nondum
2718 3284 2857 3354 typis
2909 3271 3115 3335 Editum
3175 3288 3259 3333 est
3291 3277 3445 3347 juvat
3478 3278 3579 3330 hoc
3613 3274 3730 3327 loco

2150 3387 2418 3454 integrum
2469 3390 2765 3448 apponere.
2813 3373 3084 3443 Gregoras
3135 3371 3298 3424 domo
3331 3370 3582 3423 inclusus
3620 3364 3728 3454 (16)

2151 3476 2579 3552 Agatltattgclum
2623 3470 2810 3525 furtim
2860 3469 3165 3537 ingressum
3197 3475 3251 3519 ct
3278 3480 3399 3518 mox
3429 3443 3728 3520 abiturum;

2151 3547 2449 3645 in'epilogo
2490 3570 2683 3640 Operis
2712 3565 3082 3627 Antirrlzetici,
3110 3547 3251 3633 quod
3282 3561 3609 3615 Philotlieus
3649 3575 3735 3612 re-

2154 3666 2440 3723 fu'andum
2480 3660 2741 3729 suscepit,
2778 3659 2860 3711 his
2897 3656 3235 3725 alloquitur:
3271 3653 3426 3707 Ἐπεὶ
3462 3653 3519 3706 δὲ
3548 3654 3736 3723 πόρρω

2154 3759 2364 3814 νυκτῶν
2394 3755 2460 3806 τὰ
2479 3754 2574 3820 τῆς
2602 3751 2819 3820 ὁμιλίας
2864 3749 3020 3819 ἡμῖν,
3074 3748 3145 3810 ὡς
3207 3747 3360 3818 δρᾷς,
3421 3746 3741 3806 ἐκτέταται,

2157 3852 2252 3906 καὶ
2276 3849 2397 3901 δέον
2429 3845 2651 3899 ἀπιέναι
2680 3859 2762 3907 σε,
2794 3839 3169 3893 καθευδόντων
3199 3835 3278 3899 οἷς
3312 3838 3379 3890 τὰ
3407 3837 3509 3905 τῆς
3539 3835 3734 3907 ἡμετέ-

2092 3960 2113 3977 υ
2160 3960 2259 4013 ρας
2312 3938 2712 4007 ἐπιτέτραπται
2772 3933 3046 4004 φυλακῆς,
3102 3934 3235 4002 φέρε
3313 3933 3407 3985 καὶ
3456 3929 3738 4001 περὶτῶν

2161 4001 2596 4100 συμϐησομένων
2621 4001 2827 4097 βραχέα
2874 4001 2987 4077 τὸν.
3025 4001 3213 4077 ἐνόντα
3248 4020 3554 4090 διέλθωμεν
3615 4001 3741 4089 τρό-

2164 4144 2284 4180 πον.
2318 4124 2392 4178 Οὐ
2418 4122 2527 4192 γὰρ
2587 4121 2737 4183 ἄξιον
2792 4116 2919 4171 οὕτε
2970 4117 3028 4169 σέ
3078 4100 3144 4183 ire
3198 4116 3436 4183 ἀγνοεῖν,
3499 4112 3614 4167 οὗθ’
3662 4107 3739 4172 οἷς

2109 4209 2133 4217 ’
2167 4216 2385 4289 μέλλεις
2416 4216 2594 4284 φίλοις
2624 4212 2783 4282 ἡμῶν
2824 4210 3035 4280 ὁμιλεῖν
3084 4208 3179 4262 καὶ
3230 4206 3613 4271 συνεπάθὶοις,
3655 4204 3742 4258 ἵνα

2170 4307 2245 4374 μὴ
2279 4303 2414 4371 προς
2446 4301 2505 4354 τὸ
2554 4301 2650 4370 τῆς
2684 4299 2899 4364 ἐλπίδος
2961 4298 3365 4359 ἀποϐλέποντες
3418 4297 3616 4368 ἄδηλον
3646 4301 3744 4368 ἁχ-

2169 4394 2389 4449 θωνται.
2454 4391 2737 4462 Τετύχςκε
2767 4392 2874 4460 γάρ
2903 4408 2994 4461 μοι
3033 4392 3241 4462 ριφέιτι
3289 4389 3428 4459 πρὸς
3457 4389 3743 4460 δεσμωτή-

477 4493 911 4560 pronuntiarunt.
970 4487 1045 4541 Ita
1102 4484 1375 4551 Grcgoras
1432 4481 1633 4533 absens
1685 4488 1740 4532 et
1787 4477 2041 4530 inaudita:

2171 4502 2288 4554 ριον
2312 4483 2411 4554 ἤδη
2439 4484 2589 4535 τουτῖ
2618 4481 3014 4552 περικεχύσθαι
3047 4482 3265 4552 μακρὰν
3303 4482 3569 4551 ἀθυμίαν,
3601 4485 3741 4535 πάνυ

477 4586 765 4638 damnatus
798 4589 902 4634 est.
947 4580 1026 4631 Ac
1058 4576 1168 4640 hic,
1210 4574 1300 4627 ubi
1352 4586 1465 4625 rem
1508 4569 1750 4633 reschil,
1779 4583 1919 4638 :rgrc
1963 4567 2055 4622 ad-

480 4674 699 4727 modum
732 4671 952 4736 tulit,et
975 4670 1657 4722 (Jantacuzvnoconvento
1689 4661 1834 4715 hunc
1870 4661 2059 4714 trium-

481 4770 645 4833 phum
682 4774 739 4815 ut
772 4763 1020 4845 iniquum
1063 4755 1417 4827 evprobravit
1455 4771 1469 4806 :
1518 4768 1694 4821 neque
1738 4753 1880 4807 enim
1913 4768 2061 4818 ειιιςιο-

478 4869 697 4923 cunque
732 4840 931 4906 nomen
976 4864 1137 4903 suum
1170 4840 1503 4917 prteferrent,
1541 4861 1603 4898 ea
1655 4845 1836 4897 omnia
1886 4846 2061 4912 scrip-

479 4948 615 5000 SlSse
646 4960 705 4999 se
742 4959 756 4995 :
792 4959 912 5013 quae
953 4950 1135 4995 contra
1184 4937 1407 4992 Tantum
1435 4938 1631 5004 scripta
1663 4937 2066 5007 circumferren-

481 5051 591 5101 tur,
639 5052 739 5088 sua
782 5049 941 5099 esse;
984 5028 1102 5101 qua:
1144 5042 1329 5083 contra
1378 5028 1826 5089 Cantacnzenum,
1872 5029 2070 5080 nescire

478 5143 534 5179 se
554 5126 706 5193 cujus
740 5127 911 5195 forent
933 5139 950 5177 :
972 5121 1102 5176 velle
1129 5129 1327 5185 autem,
1351 5120 1437 5173 ubi
1461 5130 1645 5171 nactus
1673 5131 1828 5181 esset,
1856 5135 1917 5171 ea
1941 5134 2067 5183 sup-

480 5220 709 5287 primere
739 5232 757 5280 ;
794 5232 909 5287 qua:
934 5216 981 5268 si
1017 5215 1167 5284 prius
1200 5214 1503 5282 accepisset,
1543 5226 1701 5280 quam
1738 5210 1807 5262 ad
1837 5209 2066 5263 aliorum

483 5327 637 5362 aures
669 5316 920 5370 venirent,
946 5307 1058 5376 igni
1103 5305 1503 5358 mandaturum.
1540 5301 1663 5357 Haec
1696 5303 1821 5368 ille;
1852 5303 1917 5356 ad
1950 5316 2070 5371 qum

481 5402 896 5457 Cantaeuzenus
929 5398 1141 5453 ironice
1191 5396 1504 5468 respondit,
1552 5405 1610 5449 ut
1658 5395 1836 5450 ridere
1889 5396 2070 5466 potius

553 5561 668 5626 (tl)
698 5559 840 5614 Hist.
869 5556 1024 5629 Byz.,
1056 5557 1153 5614 lib.
1185 5572 1360 5625 χχχιι,
1402 5555 1625 5611 circiter
1655 5555 1893 5611 initium.

556 5632 844 5705 (l2)t§.
878 5630 1089 5705 l557.___
1355 5682 1393 5705 ν
1470 5693 1473 5696 ν

553 5694 664 5770 (13)
703 5702 1000 5755 Cantacuz.
1025 5698 1162 5754 Hist.
1190 5698 1295 5753 lib."
1324 5694 1397 5764 Iv',
1430 5694 1554 5770 cap.
1584 5696 1657 5752 24
1685 5704 1741 5752 ct
1768 5694 1861 5751 25.

557 5769 667 5842 (ιι)
704 5772 830 5828 Vide
863 5771 1008 5825 Hist.
1036 5770 1130 5824 lib.
1154 5785 1264 5836 xlv,
1299 5782 1419 5838 cap.
1453 5769 1505 5822 7.

2163 4576 2462 4629 κεντοῦσαν
2510 4578 2603 4628 καὶ
2654 4574 2929 4627 ὀδυνώσάν
2986 4592 3089 4644 μου
3146 4575 3207 4627 τὸ
3249 4574 3606 4644 ).ογιζημενον
3646 4576 3743 4643 τῆς

2162 4668 2361 4739 ψυχῆς,
2408 4668 2507 4737 οὐχ
2552 4668 2635 4719 ὅτι
2691 4666 2919 4735 πάσχων
2962 4667 3127 4728 αὐτος
3158 4666 3432 4719 διετέλουν
3484 4668 3742 4737 εἱργόςλε·

2165 4776 2274 4819 νος,
2335 4754 2471 4810 ἀλλὰ
2514 4759 2642 4821 τοὺς
2673 4756 2773 4824 τῆς
2820 4755 3146 4822 Ἐκκλησίας
3208 4758 3350 4826 ὁρῶν
3404 4758 3745 4828 ὑψουμένους

2168 4853 2445 4919 χειμῶνας
2472 4849 2614 4901 κατὰ
2658 4847 2767 4900 τῶν
2795 4846 2957 4899 θεὶων
2997 4846 3287 4915 δογμάτων
3326 4850 3422 4900 καὶ
3453 4851 3513 4900 τὸ
3540 4848 3743 4916 πλῆθος

2168 4942 2258 4993 ἀεὶ
2312 4940 2669 5009 ἐλαυνόμενον
2697 4952 2711 4967 ⁸
2749 4939 2844 4990 καὶ
2880 4938 2939 4989 τὸ
3000 4936 3099 5004 μὲν
3140 4938 3532 5008 δεσμούμενον,
3587 4939 3649 4990 τὸ
3699 4933 3743 4988 δ’

2162 5031 2442 5103 ἐξόριστον
2467 5033 2760 5099 γενόμενον
2782 5045 2795 5059 ·
2833 5029 2927 5082 καὶ
2970 5030 3031 5081 τὸ
3057 5030 3155 5099 μὲν
3208 5032 3462 5099 κάμπτον
3493 5031 3621 5098 γόνυ
3668 5020 3744 5098 τῷ

2169 5126 2319 5178 Βαὰλ
2345 5125 2435 5177 διὰ
2464 5123 2526 5176 τὸ
2553 5121 2647 5175 τοῦ
2681 5120 2846 5192 λιμοῦ
2913 5120 3088 5191 βίαιον
3129 5124 3221 5175 καὶ
3257 5125 3354 5193 τὴν
3389 5124 3498 5175 τῶν
3527 5123 3743 5175 οἰκείων

2168 5217 2499 5287 ἀφαίρεσιν·
2539 5214 2652 5286 (17)
2699 5215 2797 5267 καὶ
2844 5215 2904 5267 τὸ
2952 5214 3126 5277 σῶζον
3195 5211 3260 5286 ἦν
3293 5215 3556 5283 οὐδαμοῦ.
3584 5214 3745 5282 Τηνι-

2167 5309 2345 5363 καῦτα
2402 5308 2597 5379 μεστὸς
2658 5309 2951 5377 γενόμενος
3014 5306 3294 5376 λογισμῶν
3357 5305 3624 5376 ἐνδακρύς
3684 5306 3759 5354 τε

2167 5401 2497 5471 γεγένημαι,
2527 5401 2621 5453 καὶ
2668 5399 2838 5452 πολλὰ
2882 5401 2959 5469 τεξλ
2992 5398 3110 5468 Θεῷ
3162 5398 3604 5468 προσευξάμενος
3655 5395 3745 5447 καὶ

2240 5561 2353 5630 (15)
2399 5560 2693 5632 Antirrhet.
2716 5578 2813 5628 xu,
2843 5561 2964 5617 cod.
3000 5559 3134 5632 Reg.
3167 5559 3324 5627 1996,
3356 5559 3449 5615 fol.
3478 5558 3605 5613 297.

2239 5632 2352 5700 (16)
2387 5632 2452 5684 Α.
2491 5631 2554 5686 C.
2597 5633 2754 5687 1553.

2241 5700 2354 5771 (t7)
2388 5701 2550 5793 Deest
2576 5701 2636 5755 τδ
2663 5702 2741 5773 δὲ,
2774 5711 2881 5791 εις.
