3990 6476
182 493 233 559 ll
1337 508 1757 573 NlCEl’HDRl

1896 510 2181 575 .EGOR/E
2222 510 2420 573 VITA.

189 617 409 685 καθίσας
441 624 604 677 κάπὶ
637 625 738 696 τῆς
777 624 965 694 δεξιᾶς
995 629 1210 698 ἐρείσας
1244 630 1343 702 τὴν
1366 632 1610 701 κεφαλὴν
1645 633 1791 703 ὕπνῳ

1902 632 2114 686 babitur
2166 629 2470 700 patriarcha
2512 644 2531 682 .'

188 706 361 778 Leu-.69
387 715 791 784 suvscsxée'qv'
825 716 922 769 καί
973 733 1062 785 μοι
1093 717 1269 784 ἔδοξεν
1298 719 1432 791 ὄναρ
1462 721 1572 774 τῶν
1624 722 1796 791 φίλων

193 823 267 869 τις
316 807 597 872 ἐπιστὰς,
639 827 659 859 ι
701 809 874 878 Χαῖρε
946 810 1217 880 (φάσκειν)
1271 812 1366 866 καὶ
1430 814 1507 883 μὴ
1568 812 1795 885 ἀθύμει,

199 902 346 964 Θεδν,
380 900 539 970 ὑπὲρ
583 897 648 957 οὗ
703 905 815 965 τοῖς
874 903 1059 966 ἄθλοις
1119 905 1476 977 ὲγκαρτερείς
1528 910 1792 976 τουτοισὶ,

207 994 500 1064 κράτιστον
529 993 681 1064 ἔχων
712 995 1027 1065 ἐπίκουρον.
1081 994 1244 1065 Ὀψει
1274 997 1386 1066 γὰρ
1442 999 1543 1052 οὐκ
1572 1001 1653 1064 εἰς
1690 1019 1796 1070 μα-

212 1086 341 1154 κρὰν
386 1089 660 1140 τουτουσὶ
701 1088 832 1149 τοὺς
885 1087 984 1158 τῆς
1033 1087 1315 1153 εὐσεϐείας
1374 1090 1629 1157 διῶκτας,
1695 1095 1795 1165 οὐχ

215 1171 294 1230 οἷα
331 1177 503 1245 μόνον
562 1177 700 1247 ὑμῖν
751 1177 1069 1246 ἐπήνεγκαν
1121 1178 1432 1248 πάσχοντας
1482 1183 1551 1234 τὰ
1619 1180 1792 1245 δεινὰ,

220 1267 346 1321 tm
390 1268 493 1322 καὶ
522 1267 728 1338 μακρῷ
768 1267 1156 1338 σχετλιώτερα.
1207 1269 1794 1341 Ἐκπολεμωθήσονται

223 1358 321 1427 γὰρ
344 1359 470 1411 κατ’
499 1358 772 1423 ἀλλήλων,
811 1357 1066 1427 βασιλεὺς
1096 1360 1239 1413 κατὰ
1296 1363 1643 1433 πατριάρχου
1701 1366 1794 1416 καὶ

224 1448 334 1501 κατ’
368 1449 693 1501 ἐπισκόπων
722 1463 736 1480 ο
763 1448 859 1500 καὶ
883 1443 949 1502 αὖ
1001 1450 1123 1502 κατ’
1176 1450 1421 1518 ἀλλήλων
1464 1453 1753 1508 ἐπίσκοποι
1775 1469 1791 1486 ·

224 1542 451 1603 καὶτοῖς
478 1539 732 1610 ἀλλήλων
786 1539 1268 1611 ἀναθεματισμοϊς,
1303 1545 1531 1606 καὶτοῖς
1570 1547 1794 1609 οἰκείοις

226 1630 681 1700 πριπσοῦνται·
718 1637 813 1686 καὶ
866 1630 1234 1702 ὲξωσθήσειέαι
1289 1633 1389 1699 μὲν
1429 1631 1537 1686 τῶν
1585 1635 1793 1701 θρόνων

224 1726 252 1776 ὁ
282 1724 633 1795 πατριάρχης
657 1739 673 1755 ⁶
701 1724 1192 1794 ἀντεισαχθήσεται
1222 1724 1267 1777 δ’
1300 1724 1510 1796 ἕτερος·
1541 1726 1637 1780 καὶ
1674 1726 1792 1796 μετ’

223 1815 400 1883 ὀλίγον
433 1815 504 1868 τὰ
525 1818 688 1885 ὃμοια
713 1818 958 1870 πείσεται
999 1820 1092 1870 καὶ
1137 1816 1326 1881 αὐτὸς·
1360 1818 1455 1871 καὶ
1485 1820 1511 1870 ὁ
1539 1818 1793 1888 βασιλεὺς

224 1908 318 1977 τὴν
379 1907 661 1976 βασιλείαν
702 1908 818 1978 ἅμα
884 1908 1224 1978 ζημιώσεται
1284 1911 1383 1964 σὺν
1419 1913 1617 1982 ἀτιμίᾳ
1673 1930 1793 1965 ποι-

224 1999 347 2069 κίλῃ
373 2013 389 2026 ·
421 1999 515 2051 καὶ
547 1999 654 2069 πρὸ
682 2015 745 2066 γε
764 1999 968 2052 τούτων
994 2000 1022 2053 ὁ
1055 2000 1322 2073 Παλαμᾶς
1345 2005 1457 2065 τοῖς
1490 2002 1791 2073 βαρϐάροις

3423 508 3494 572 42

2585 628 2641 680 in
2693 645 2804 697 ejus
2841 628 3008 682 locum
3060 627 3294 685 intrusus
3353 629 3494 686 alius

1902 722 2142 778 succedet
2171 737 2188 777 :
2212 730 2367 791 atque
2391 720 2475 774 hic
2500 720 2609 790 ipse
2633 734 2756 773 mox
2774 720 2997 773 similent
3029 719 3303 789 fortunam
3331 736 3495 790 expe-r

1903 818 2083 870 rietur.
2116 814 2417 884 Imperator
2442 829 2561 868 vero
2607 823 2656 866 et
2707 828 2912 866 summa
2954 822 3214 879 potestate
3250 815 3488 880 excidet,

1903 917 1952 961 et
1984 908 2239 977 a/ﬁcietur
2281 906 2439 960 variis
2462 905 2781 975 ignominiis.
2825 907 2962 958 Ante
2993 908 3169 958 autem
3197 920 3353 975 quam
3383 906 3494 958 ha'c

1902 998 2061 1066 ﬁant,
2086 997 2364 1061 Palamas,
2393 1008 2579 1065 captus
2620 1013 2652 1050 a
2690 993 2971 1059 Barbaris,
3002 1012 3104 1049 non
3152 997 3302 1049 modo
3343 1012 3494 1049 acer-

1903 1089 2141 1154 bissima,
2188 1091 2281 1144 sed
2327 1099 2376 1143 et
2419 1089 2729 1159 turpissima
2788 1105 3040 1156 passurus
3093 1098 3190 1142 est.
3246 1088 3492 1156 Plerique

1902 1185 2026 1236 item
2073 1183 2459 1252 episcoporum,
2506 1178 2754 1236 Romanis
2776 1179 3057 1250 provinciis
3083 1180 3308 1234 violento
3336 1190 3492 1236 terra:

1903 1284 2049 1327 motu
2082 1272 2369 1340 concussis,
2412 1290 2530 1328 cum
2566 1274 2694 1343 ipsis
2743 1273 3132 1344 episcopalibus
3165 1284 3212 1327 et
3248 1272 3490 1344 domibus
3530 1254 3554 1273 ”

1900 1376 1948 1420 et
1981 1367 2174 1420 civium
2213 1367 2379 1436 plenis
2420 1368 2657 1432 urbibus,
2686 1368 2862 1420 obruti
2899 1366 3218 1437 sepeliantur
3263 1381 3492 1443 :teaque

1901 1458 2008 1513 illis
2045 1459 2187 1526 iusta
2225 1459 2507 1514 sacerdotii
2544 1458 2823 1530 abrogatio
2861 1459 3111 1512 divinitus
3158 1457 3490 1526 rependetur,

1900 1566 1959 1603 eo
1986 1552 2124 1619 quod
2164 1551 2264 1617 ipsi
2305 1550 2559 1619 episcopis
2596 1559 2644 1621 et
2678 1550 3016 1619 presbyteris,
3067 1549 3289 1619 aliisque
3329 1549 3493 1604 doctis

1902 1652 1951 1696 et
1977 1644 2098 1711 pari
2125 1643 2321 1712 pietate
2348 1643 2640 1712 insignibus
2666 1642 2812 1706 viris,
2839 1643 2929 1710 qui
2956 1658 3051 1710 pro
3090 1658 3212 1696 vera
3244 1642 3494 1712 religione

1902 1731 2091 1784 bonum
2128 1740 2392 1785 certamen
2434 1740 2787 1800 certaverant,
2827 1750 2951 1788 suus
2997 1733 3283 1804 dignitates
3333 1737 3493 1789 abro~

1900 1826 2155 1895 gaverint.
2200 1843 2218 1876 ι
2260 1823 2386 1880 Huic
2436 1824 2502 1891 si,
2555 1836 2614 1880 ut
2657 1825 2801 1896 apud
2850 1826 3202 1881 Pliilotbeum
3250 1835 3486 1894 exstant,

1902 1918 1975 1969 ita
2005 1931 2034 1969 a
2065 1917 2306 1985 Gregora
2342 1926 2635 1984 antequam
2678 1933 2765 1972 res
2797 1918 3111 1973 evenissent
3133 1919 3492 1988 pronuntiata

1901 2012 2032 2062 sunt
2062 2007 2136 2079 (id
2169 2009 2315 2077 quod
2351 2010 2563 2064 credita
2597 2009 2841 2077 diﬁicile,
2868 2011 2979 2065 imo
3007 2010 3491 2079 prorsusincredi-

227 2090 515 2155 ἁλώσεται,
545 2092 637 2143 καὶ
666 2092 740 2161 μὴ
769 2092 850 2143 ὅτι
887 2092 955 2144 τὰ
1006 2092 1252 2162 ἔχθιστα,
1312 2094 1395 2148 ὅτι
1455 2095 1531 2165 μὴ
1579 2095 1677 2146 καὶ
1723 2096 1791 2148 τὰ

1898 2100 2003 2156 bile
2052 2076 2197 2167 est),
2230 2119 2353 2156 eum
2417 2109 2635 2170 Oportet
2692 2101 2962 2157 divinitus
3008 2076 3253 2156 afﬂatum
3305 2098 3490 2157 fututa

224 2182 476 2251 αἴσχιστα
524 2184 792 2238 πείσεται.
830 2184 891 2235 Ol.
945 2183 1000 2236 δὲ
1049 2184 1268 2248 πλείους
1306 2185 1415 2238 τῶν
1448 2186 1793 2249 ἐπισκόπων,

226 2270 435 2342 σεισμῷ
466 2270 819 2344 κλονηθεξσης
856 2274 955 2341 τῆς
994 2274 1280 2345 Ῥωμαίων
1319 2275 1424 2344 γῆς
1483 2278 1664 2348 βιαίῳ,
1690 2278 1795 2332 αὐ.

224 2366 345 2427 ταῖς
379 2366 714 2427 ὲπισκοπαῖς
742 2366 836 2420 καὶ
866 2367 1070 2430 οἰκίαις
1127 2370 1639 2439 συγχωσοήσονται,
1696 2376 1794 2425 irati.

225 2455 545 2527 αὐτάνδροις
575 2459 741 2526 φάναι
780 2462 899 2522 ταῖς
957 2459 1165 2515 πόλεσι,
1227 2461 1341 2514 Καὶ
1382 2463 1529 2515 τοῦτ’
1575 2463 1640 2516 ἂν
1702 2464 1794 2532 εἵη

226 2547 549 2617 καθαίρεσις
578 2551 637 2601 ἐκ
660 2550 793 2603 Θεοῦ
844 2568 998 2620 σφισι
1054 2551 1265 2619 δικαία,
1325 2553 1444 2608 ἀνθ’
1501 2547 1577 2609 ὧν
1640 2558 1794 2610 αὐτοὶ

227 2639 475 2692 καθεῖλον
503 2640 702 2704 ἀδίκως
742 2640 884 2712 ὑπὲρ
914 2642 1196 2707 εὐσεϐείας
1248 2645 1679 2716 ἀγωνισαμένων
1699 2649 1792 2717 ὀρ-

228 2731 334 2794 θῶς
364 2731 683 2786 ἐπισκόπων
711 2734 806 2787 καὶ
838 2735 1226 2806 πρεσϐυτέρων
1269 2736 1364 2790 καὶ
1434 2739 1634 2806 σοφῶν,
1700 2739 1790 2790 καὶ

224 2824 336 2876 ὅσοι
356 2826 655 2894 ὁμότροποι
672 2824 769 2894 τὴν
796 2824 1099 2880 εὐσέϐειαν.
1130 2845 1149 2880 ›
1181 2828 1249 2880 At
1279 2829 1528 2897 quoniam
1560 2828 1615 2880 in
1651 2812 1790 2880 mul-

231 2925 332 2967 'am
380 2926 604 2980 noctem,
632 2926 690 2969 ut
722 2914 890 2983 vides,
920 2915 1238 2987 colloquium
1273 2927 1510 2972 nostrum
1535 2918 1792 2987 produxi-

229 3020 362 3067 mus,
407 3015 709 3076 oportetque
744 3015 793 3061 te
838 3008 1141 3063 custodibus
1186 3010 1377 3063 nostris
1413 3011 1790 3064 dormientibus

226 3098 436 3150 domum
464 3098 649 3162 abire;
669 3115 785 3169 aqe,
809 3101 971 3154 etiam
996 3100 1060 3154 de
1093 3102 1290 3171 futuris
1324 3118 1499 3170 pauca
1531 3112 1791 3173 utcunque

226 3187 560 3240 disseramus.
586 3187 668 3241 Ea
694 3188 881 3258 quippe
922 3205 1011 3244 nec
1041 3199 1108 3255 te,
1137 3207 1228 3244 nec
1271 3206 1357 3244 eos
1398 3207 1528 3260 quos
1549 3191 1791 3244 aditurus

225 3294 299 3341 es,
322 3280 518 3332 amicos
535 3264 793 3335 nostros-et
822 3281 1057 3337 laborum
1081 3285 1271 3346 socios,
1313 3283 1559 3354 ignorare
1582 3302 1789 3354 a'quum

226 3374 317 3429 est,
350 3382 413 3419 ne
432 3366 487 3420 in
510 3368 767 3423 incertum
794 3372 992 3426 exitum
1012 3373 1273 3427 intuentes
1308 3374 1528 3441 ancipiti
1555 3391 1645 3442 spe
1681 3385 1790 3429 tor~

226 3453 507 3521 queamini.
543 3454 675 3510 Cum
692 3444 785 3527 ego
800 3458 916 3525 jam
950 3460 1005 3514 in
1045 3464 1180 3519 hunc
1212 3478 1475 3518 carcerem
1531 3472 1790 3539 conjectus

226 3546 405 3612 forem,
435 3548 595 3602 incidi
624 3552 679 3602 in
718 3568 966 3621 magnam
1005 3557 1300 3624 tristitiam,
1349 3577 1413 3614 ac
1461 3561 1641 3617 dolore
1684 3564 1793 3616 cir-

227 3639 488 3707 cumfusus
532 3656 650 3693 sum
694 3644 927 3698 animum
964 3665 1133 3702 meum
1168 3651 1493 3707 uehementer
1528 3651 1799 3726 pungente‘

226 3737 274 3780 et
306 3731 675 3797 excruciante;
718 3750 821 3788 non
859 3738 979 3806 quia
1022 3744 1132 3809 ipse
1177 3742 1433 3811 injuriam
1460 3756 1691 3813 paterer,
1734 3749 1792 3801 in

226 3822 509 3874 custodiam
529 3824 797 3892 inclusus;
821 3829 911 3882 sed
932 3832 1055 3899 quia
1084 3832 1335 3888 adversus
1355 3851 1511 3890 sacra
1541 3837 1637 3891 Dei
1665 3839 1792 3911 dog-

227 3925 365 3965 mata
404 3916 660 3983 procellas
695 3918 799 3973 alte
849 3937 1120 3993 assurgere
1174 3942 1240 3979 ac
1296 3926 1488 3982 multos
1554 3932 1791 4001 quotidie

227 4005 399 4057 mari
445 4007 690 4075 viderem,
729 4019 776 4064 et
816 4011 948 4067 alios
1003 4015 1209 4084 quidem
1260 4019 1482 4073 vinculis
1536 4023 1786 4087 coerceri,

226 4094 357 4149 alios
396 4098 672 4165 casulare;
702 4102 837 4157 alios
876 4104 1096 4177 denique
1113 4110 1259 4179 fame
1287 4112 1519 4166 uiolenta
1552 4126 1599 4168 et
1624 4115 1787 4170 bono.

227 4199 341 4237 rum
385 4188 714 4260 ademptione
761 4196 907 4265 adigi
947 4199 1016 4251 ad
1059 4216 1195 4270 genu
1249 4203 1564 4271 ﬂectendum
1607 4223 1788 4261 coram
1827 4233 1843 4252 ι

224 4274 360 4329 idolo
386 4278 553 4345 Baal;
602 4282 745 4337 salus
793 4294 968 4339 autent
1009 4289 1156 4344 nulla
1197 4305 1496 4363 appareret.
1539 4296 1633 4350 llis
1676 4309 1787 4354 tum

224 4369 619 4436 cogitationibus
661 4375 844 4443 plenus
894 4378 1247 4462 illacrymavi,
1292 4396 1340 4439 et
1385 4388 1564 4443 multis
1610 4393 1784 4461 preci«

224 4458 314 4515 bus
348 4460 512 4517 Deum
560 4469 722 4521 oravi.
774 4458 972 4525 Deinde
1003 4490 1122 4528 cum
1167 4476 1489 4543 resedissem,
1525 4490 1574 4535 et
1611 4458 1787 4551 capiti

223 4554 460 4607 dextram
499 4559 895 4627 supposuissem,
942 4563 1042 4618 levi
1085 4584 1270 4624 somno
1319 4584 1590 4643 correptus
1623 4592 1781 4643 sum;

222 4657 286 4694 ac
327 4644 454 4698 mihi
496 4647 549 4701 in
582 4656 773 4706 somnis
811 4656 1011 4710 anticus
1053 4660 1269 4728 quidam
1307 4664 1447 4719 visus
1489 4677 1690 4735 astare,
1730 4681 1782 4723 et

223 4751 315 4790 aee
350 4738 541 4803 dicere,
577 4752 732 4813 atque
769 4755 823 4799 ut
865 4763 951 4802 ne-
975 4752 1209 4822 animum
1254 4757 1628 4823 desponderent
1662 4762 1787 4816 lior-

225 4832 344 4884 tari.
383 4849 401 4881 ι
429 4832 594 4887 Deum
640 4839 848 4908 quippe,
882 4841 1071 4910 inquit,
1110 4844 1262 4914 cujus
1306 4864 1469 4904 causa
1503 4860 1597 4907 tios
1638 4853 1787 4909 labo-

224 4937 302 4974 res
338 4923 543 4990 fortiter
584 4927 791 4992 toleras,
823 4934 1235 4998 potentissimum
1276 4940 1436 4996 habes
1461 4944 1784 5014 adjutorem.

223 5010 407 5082 Itaque
441 5016 530 5069 hos
577 5033 705 5071 verte
748 5021 873 5089 ﬁdei
918 5038 1293 5096 persecutores,
1353 5050 1457 5090 non
1506 5010 1572 5093 ea
1615 5043 1784 5097 solum

224 5121 334 5172 quc
369 5108 507 5161 vobis
542 5110 845 5175 intulerunt.
879 5121 971 5170 sed
1012 5118 1162 5190 longe
1196 5127 1444 5193 graviora
1486 5132 1632 5188 mala
1667 5153 1788 5204 per—

225 5196 440 5260 ferentes
476 5197 663 5253 ridebis
698 5218 798 5256 non
844 5204 999 5277 longo
1038 5221 1174 5277 post.
1212 5215 1350 5268 Nam
1405 5229 1452 5269 et
1496 5196 1787 5288 imperator

225 5286 531 5350 patriarchae
562 5298 609 5341 et
631 5291 896 5362 epist-apis,
937 5304 984 5347 et
1016 5295 1238 5369 episcopi
1268 5303 1369 5356 sibi
1400 5286 1620 5360 invicem
1662 5327 1786 5365 eva-

225 5374 339 5427 dent
368 5378 593 5445 inimici;
625 5384 827 5455 utrique
853 5399 1192 5461 utrorumque
1213 5399 1690 5467 anathema'tismis,
1737 5416 1787 5460 et
1818 5392 1825 5397 λ

225 5467 327 5520 suis
360 5471 599 5539 propriis,
643 5476 849 5531 obnoxii
909 5479 1238 5541 tenebuntur.
1285 5486 1398 5543 Sua
1439 5494 1557 5546 sede
1608 5508 1787 5552 eatur-

257 5584 753 5679 :’(I_8_‘)‘Br;edixerat
781 5592 1368 5679 Ca_ntacuzeno__unum
1411 5621 1475 5661 es
1505 5611 1627 5679 ejus
1650 5614 1784 5671 libe-

230 5668 299 5741 ris
343 5664 687 5741 indi-intrant;
739 5664 1054 5741 conjectura
1107 5671 1339 5739 scilicet,
1397 5693 1507 5734 non
1533 5664 1781 5741 'div—iiia-

231 5724 394 5808 tio-ne:
574 5724 712 5808 llist.
739 5724 1020 5806 libfxvm,
1047 5755 1096 5796 ο.
1121 5724 1177 5808 4,
1207 5724 1343 5802 sect:

293 5796 398 5874 (lit)
429 5796 563 5874 _Hist.
598 5800 691 5857 lib.
724 5821 878 5870 xvm,
919 5822 970 5861 ο.
1000 5796 1048 5862 ί.

423 5867 543 5948 _Li_b.
584 5886 693 5936 nl,
724 5890 778 5948 c_.
817 5867 949 5948 ult;
984 5878 1079 5935 lib.
1115 5897 1238 5948 xxv,
1265 5906 1315 5946 c.
1354 5894 1454 5948 ult.

295 5936 397 6009 (2|)
420 5936 535 5993 Lib.
561 5955 634 6007 ix,
668 5960 718 5998 c.
756 5946 847 6011 ll;
881 5936 975 6002 lib.
1012 5965 1120 6016 xw,
1153 5969 1201 6009 c.
1223 5936 1418 6028 '8,ﬂet‘c'.

490 6038 753 6107 ιἰιτιιοι.
785 6047 899 6108 Gtt.
949 6047 1247 6117 CXLVIII

1897 2191 2242 2264 praescii/isse
2270 2192 2405 2263 (l8).
2434 2191 2530 2247 Sin
2564 2192 2853 2248 eventibus
2881 2194 3215 2264 posteriora,
3245 2184 3491 2264 perfecto

1894 2284 2006 2353 jam
2040 2285 2192 2355 operi
2218 2285 2286 2340 ab
2321 2286 2439 2355 ipso
2465 2294 2695 2340 auctore
2731 2294 2916 2341 assuta
2938 2285 3183 2352 fuerunt,
3207 2301 3332 2341 eum
3369 2304 3490 2343 rur-

1896 2389 1990 2429 sus
2032 2390 2260 2431 necesse
2310 2385 2416 2441 est,
2466 2392 2590 2430 cum
2623 2376 2738 2431 haec
2768 2377 3055 2444 scriberet,
3088 2378 3488 2448 simpliciorum
3524 2450 3527 2455 _

1897 2472 2183 2527 hominum
2232 2473 2545 2528 crcdulitati
2592 2473 2828 2528 voluisse
2873 2472 3121 2527 illuderc.
3179 2474 3352 2528 Porro
3383 2474 3490 2528 boc

1896 2565 2115 2620 videtur
2145 2565 2213 2621 ab
2249 2565 2470 2636 ingenio
2499 2574 2555 2620 et
2586 2565 2835 2621 moribus
2884 2567 3005 2637 ejus
3065 2566 3169 2620 viri
3222 2566 3482 2620 alienum.

1898 2657 2089 2725 Itaque
2120 2656 2281 2713 istius
2308 2656 2518 2713 fraudis
2539 2660 2749 2712 crimen
2782 2657 2836 2711 in
2873 2657 3167 2712 Palamitas
3194 2659 3342 2728 rejici
3370 2659 3485 2714 lor-

1900 2758 2044 2803 tasse
2082 2749 2293 2817 aequius
2348 2748 2440 2803 sit.
2496 2748 2718 2827 Minime
2761 2758 2912 2805 certe
2955 2750 3237 2818 probabile
3289 2761 3372 2807 est
3431 2753 3485 2808 id

1896 2840 2195 2911 Gregoram
2241 2839 2459 2909 fecisse,
2503 2840 2651 2911 quod
2686 2842 2754 2896 ab
2787 2842 2909 2896 aliis
2951 2841 3153 2897 factum
3182 2844 3483 2913 reprehen-

1895 2934 2057 2988 derit.
2106 2933 2490 3003 Repreliendit
2539 2942 2721 2990 autem
2770 2934 2824 2987 in
2861 2934 3095 2990 Historia
3148 2936 3261 3007 (l9)
3309 2937 3486 2995 Isido-

1875 3032 2017 3080 ‘rum
2048 3026 2416 3096 patriarcham
2450 3027 2691 3097 propriis
2741 3027 2973 3083 somniis
3015 3030 3286 3084 intentum
3320 3043 3487 3100 atque

1893 3133 1961 3172 ex
1992 3119 2059 3173 iis
2084 3118 2268 3174 futura
2303 3128 2707 3190 augurantem:
2738 3129 3063 3175 casterorum
3097 3120 3484 3179 Palamitarum

1896 3210 2136 3266 visiones
2162 3218 2466 3266 nocturnas
2481 3210 2708 3266 diabolo
2736 3219 2792 3267 et
2811 3212 3049 3283 crapulae
3072 3214 3299 3269 ascribit
3323 3215 3437 3288 (20)
3463 3237 3480 3273 :

1893 3302 2097 3370 passim
2127 3301 2365 3373 denique
2404 3304 2729 3375 astrologos,
2774 3303 3033 3368 hariolos,
3065 3314 3123 3361 et
3153 3321 3247 3362 eos
3274 3308 3370 3378 qui
3395 3309 3482 3366 di-

1894 3394 2113 3450 vinandi
2147 3406 2319 3453 artem
2349 3396 2649 3467 quamlibet
2696 3397 3082 3467 proﬁteantur,
3132 3401 3368 3472 exagitat
3417 3422 3485 3461 ac

1894 3488 2109 3543 deridet
2148 3489 2286 3559 (ει).
3202 3558 3207 3564 ,

1965 3576 2086 3645 Quo
2115 3590 2363 3650 tempore
2388 3593 2444 3638 et
2474 3583 2566 3640 ubi
2599 3593 2655 3640 et
2685 3601 2791 3655 qua
2828 3586 3046 3642 tandem
3079 3598 3257 3644 morte
3275 3587 3482 3661 Grego-

1893 3687 1984 3727 ras
2017 3687 2331 3742 supremum
2359 3675 2504 3731 diem
2533 3677 2810 3743 clauserit,
2859 3680 3104 3736 nondum
3144 3681 3277 3737 mibi
3318 3697 3479 3737 tom-

1893 3773 2106 3832 pertum
2136 3775 2241 3821 est.
2267 3766 2508 3824 Historia
2541 3770 2762 3840 quidem
2788 3772 2907 3843 ejus
2947 3772 3245 3844 Byzantina
3275 3775 3341 3830 ad
3377 3793 3477 3830 an-

1892 3869 2027 3907 num
2075 3852 2281 3909 Christi
2317 3855 2459 3912 1559
2518 3857 2821 3925 ἰιιοιιιιιθῐη¹
2872 3860 3249 3929 progreditur;
3313 3870 3480 3933 atque

1893 3942 2024 4025 hinc
2049 3955 2327 4003 auctorem
2360 3963 2427 4003 eo
2475 3948 2597 4019 ipso
2634 3965 2782 4006 anno
2819 3950 3126 4009 decessisse
3165 3953 3315 4009 credi
3346 3970 3476 4023 pos-

1891 4037 2003 4090 sit:
2038 4039 2134 4093 sed
2158 4054 2221 4093 ea
2256 4049 2466 4094 tantum
2501 4043 2820 4111 conjectura
2873 4053 2978 4111 est,
3028 4060 3135 4101 non
3181 4052 3477 4116 argumento

1892 4139 2007 4184 tum
2038 4125 2266 4186 omn‘ino
2310 4142 2545 4188 certum.
2587 4133 2776 4203 Neque
2823 4149 2958 4189 vero
3002 4136 3159 4191 deest
3208 4139 3472 4208 suspicio,

1890 4221 2097 4276 idcirco
2129 4221 2426 4291 Gregoram
2476 4222 2544 4279 ad
2578 4238 2781 4280 annum
2831 4224 3036 4282 Christi
3099 4227 3235 4285 1559
3280 4244 3476 4286 narra-

1890 4316 2094 4372 tionem
2138 4315 2478 4386 perduxisse,
2505 4332 2613 4387 quo
2638 4317 2882 4373 haeretici
2908 4318 3140 4375 Palama:
3160 4321 3473 4393 pbrenesim

1889 4418 1945 4465 et
1972 4411 2176 4466 exitum
2208 4426 2276 4466 ex
2306 4410 2408 4466 hac
2442 4412 2552 4465 vita
2601 4409 2969 4467 fmdissimunt
3018 4412 3075 4467 in
3130 4413 3237 4469 line
3293 4415 3478 4486 «peris

1889 4502 2260 4569 describeret;
2321 4511 2379 4558 ut
2440 4518 2602 4572 quem
2657 4504 2837 4560 virum
2885 4505 3103 4575 capitali
3154 4506 3230 4561 ira
3285 4507 3470 4563 vivum

1890 4605 2215 4665 persecutus
2265 4593 2464 4663 fuerat,
2502 4596 2562 4651 in
2601 4597 2723 4668 ejus
2753 4607 2931 4654 morte
2960 4599 3110 4656 velut
3155 4600 3334 4656 stadio
3375 4601 3477 4657 de-

1890 4702 2054 4742 curso
2082 4687 2259 4742 victor
2296 4689 2735 4759 conquiesceret.

1816 4779 1862 4835 Β
1962 4778 2038 4834 Ea
2070 4778 2177 4835 fuit
2218 4777 2635 4847 Palamitarum,
2670 4780 2727 4836 in
2765 4782 2959 4853 primis
2986 4784 3196 4841 Callisti
3239 4785 3474 4855 patriar-

1889 4869 2031 4937 chae,
2077 4870 2477 4940 inhumanitas,
2515 4882 2576 4928 ut
2610 4873 2705 4944 qui
2732 4874 2804 4930 ab
2849 4890 3041 4932 eorum
3084 4879 3475 4934 communione

1868 4962 2131 5032 separati
2159 4963 2443 5031 vixissent,
2474 4981 2572 5022 eos
2605 4975 2729 5036 post
2754 4976 2986 5022 mortem
3021 4968 3327 5038 insepultos
3350 4986 3476 5041 pro-

1886 5048 1978 5120 jici
2005 5050 2286 5119 juberent,
2324 5055 2556 5110 canibus
2585 5064 2642 5112 et
2668 5055 2810 5127 lupis
2852 5057 3049 5128 praedae
3080 5057 3296 5115 futuros
3333 5061 3470 5134 (‘22).

1889 5138 2044 5206 Quod
2075 5143 2120 5197 si
2161 5145 2275 5214 qui,
2313 5146 2622 5203 communis
2655 5157 2863 5203 natura:
2898 5151 3230 5207 verecundia
3265 5165 3321 5207 et
3364 5156 3472 5209 mi-

1888 5233 2168 5290 ser-alioue
2224 5237 2483 5306 permoti,
2538 5237 2755 5292 illorum
2817 5254 3049 5311 corpora
3126 5242 3470 5306 bumassent.

1895 5340 2093 5380 novum
2131 5328 2340 5384 crimen
2378 5329 2543 5384 simili
2572 5345 2735 5401 paena
2763 5331 3039 5388 luebatur.
3074 5334 3206 5389 Eam
3240 5335 3467 5406 ignomi-

1890 5415 2033 5472 niam
2060 5416 2342 5476 Palamitae
2369 5422 2481 5492 (25)
2502 5424 2831 5495 jampridem
2873 5426 3184 5496 Nicephnro
3215 5428 3472 5499 Gregorii:

1888 5510 2352 5570 denuntiaverant
2383 5516 2517 5587 (ἐξ).
2563 5516 2702 5573 Huic
2743 5528 2926 5573 autem
2973 5520 3378 5589 Optatissimum
3415 5519 3468 5573 iu

1955 5627 2069 5697 (22)
2113 5629 2239 5685 Lib.
2268 5648 2420 5696 xvm,
2455 5649 2505 5689 c.
2540 5634 2596 5689 1.

1956 5701 2070 5767 (25)
2112 5699 2235 5755 Lib.
2269 5718 2419 5758 xxw.

1955 5768 2069 5847 (ἓξ)
2097 5773 2187 5847 ﬁo
2207 5772 2316 5847 ipsi
2347 5774 2510 5830 etiam
2543 5776 2778 5843 lgnatio,
2812 5777 3140 5847 patriarcha:
3169 5776 3470 5832 Antioche-

1879 5852 1971 5891 no.
2014 5841 2145 5921 Vide
2198 5841 2358 5900 Joan.
2388 5841 3236 5927 Cyparissiptam'Palauiicarum
3293 5856 3357 5902 tr.
3380 5866 3473 5902 ns-

1879 5919 2224 5987 grcssi0tttttti
2259 5931 2427 5969 serm.
2460 5921 2515 5983 ri,
2545 5933 2593 5973 c.
2630 5919 2731 5972 ult.

3102 6069 3133 6130 Ξ
