3990 6468
426 365 451 399 Π

422 365 492 425 m
1448 363 1865 426 mem-110m
1910 346 2295 425 amicam:
2341 366 2639 425 ELOGIA.
2850 388 2862 401 ν
3607 374 3685 433 to

336 468 349 525 7'
425 479 519 533 τοῦ
554 479 732 549 ψυχὴν
767 480 1149 548 εἰργασμένος,
1178 479 1520 547 εὐδαιμονεῖν
1547 480 1693 548 ἔχεις
1720 483 1787 549 τῇ
1826 497 2004 549 μακα-

2112 481 2265 534 nibus
2317 493 2364 533 et
2390 483 2615 549 argutiis
2669 478 3004 548 (artificiosas
3039 483 3153 535 dico
3180 485 3686 551 argumentationes,

420 568 637 635 ριότητι
674 568 781 620 τῶν
830 570 1090 638 νοήσεων.
1136 570 1294 624 Ἐπεὶ
1348 570 1404 622 δὲ
1451 570 1629 639 ψυχὴν
1681 573 1795 633 τοῖς
1840 570 2004 632 θείοις

420 657 599 709 εἴδεσι
634 659 1018 726 μορφωθεῖσαν
1066 659 1248 728 (τοῦτο
1297 658 1408 731 γὰρ
1456 662 1490 729 ἡ
1522 661 1827 730 ἐπιστήμη)
1869 661 2004 713 πολὺ

410 750 699 818 πρότερον
739 751 886 812 είκδς
929 752 1022 802 καὶ
1070 752 1168 822 τὴν
1225 752 1415 818 ἔφεσιν
1468 752 1779 820 ὴγαῦύνοαι
1848 752 2015 806 τοῦτο

422 840 535 906 ,γὰρ
596 838 811 900 πάντως
841 841 935 892 τοῦ
990 842 1348 909 πρωτοτύπυυ
1395 842 1765 910 ἐκμάττεται,
1803 842 2006 911 ἥκιστα

417 930 826 997 -πιστευομένου
871 930 1080 995 ἀγαθοῦ
1113 932 1278 993 ’τινος
1333 935 1626 1002 μετασχεῖν
1660 931 1754 985 τοῦ
1800 932 2008 997 βασκαο

430 1018 550 1070 νίαν
601 1017 907 1087 νοσοῦντος)
969 1019 1189 1088 ὁμοίους
1248 1020 1481 1090 σεαυτῷ,
1544 1022 1707 1084 ὅσους
1776 1017 1890 1075 οἷόν
1947 1039 2007 1075 τε

427 1113 601 1163 ποιεῖν
636 1111 923 1175 ἑκάστοτε,
968 1114 1026 1164 ἐν
1061 1115 1301 1184 μεγίστῃ
1348 1131 1433 1167 σοι
1485 1114 1741 1181 γενέσθαι
1778 1118 2004 1186 σπουδῇ,

343 1232 353 1243 ι
427 1204 459 1270 ἢ
490 1201 665 1254 ταῦτα
722 1204 822 1267 μὲν
854 1203 1065 1271 βέλτιος
1096 1204 1210 1274 (79)
1241 1207 1405 1269 αὐτὸς
1433 1207 1649 1269 πάντως
1670 1208 2005 1276 φιλοσοφεῖς.

424 1294 519 1345 τοῦ
547 1291 606 1346 εὖ
640 1294 868 1363 πάσχειν
902 1295 963 1347 τὸ
994 1299 1168 1350 ποιεῖν
1216 1296 1387 1358 τιθεὶς
1429 1297 1656 1366 ἄμεινον
1685 1298 1779 1351 καὶ
1804 1298 2010 1351 Θειότεο

430 1401 544 1453 ρον.
591 1383 745 1454 Ἐμοὶ
772 1386 825 1437 δέ
854 1401 917 1451 γε
951 1385 1049 1454 τῆς
1110 1387 1209 1454 σῆς
1242 1386 1315 1450 ὡς
1346 1381 1458 1440 οἷόν
1490 1404 1549 1440 τε
1580 1389 1863 1459 ἐφιγμένῳ
1896 1389 2006 1460 (80)

428 1476 793 1545 πληρότητος,
819 1475 1007 1549 ὥσπερ
1042 1478 1138 1548 τὴν
1185 1478 1321 1549 ὓλην
1347 1480 1484 1551 φασὶ
1508 1479 1601 1533 τοῦ
1623 1481 1819 1544 είδους.
1846 1481 2008 1545 ἀξίω-

427 1583 521 1620 σον
544 1568 945 1637 ἀποκρίνασθαι
977 1570 1184 1640 βραχέα
1213 1570 1373 1625 ταυτί
1398 1584 1412 1600 θ
1446 1572 1534 1625 διὰ
1564 1572 1731 1625 ποίων
1764 1574 2007 1627 κανόνων

426 1659 526 1735 τὰς
574 1660 933 1729 ψηφηφορίας
976 1663 1303 1731 περαίνειςο
1351 1663 1502 1726 τίνας
1556 1682 1616 1716 τε
1679 1667 1774 1720 καὶ
1801 1666 2009 1734 πηνίκα

430 1749 770 1819 εἰλημμένας
801 1750 1105 1825 λαμϐάνεις
1137 1752 1360 1823 ἐποχὰς,
1403 1754 1496 1805 καὶ
1552 1754 1715 1816 πόσος
1748 1755 1776 1805 ό
1807 1755 1872 1807 ἐκ
1900 1755 2006 1808 τῶν

431 1817 645 1909 ἐποχῶν
678 1842 758 1905 είς
791 1842 851 1894 τὸ
877 1817 1053 1914 παρὸν
1085 1817 1294 1913 χρόνος.
1329 1845 1402 1898 Οὐ
1461 1845 1570 1915 γὰρ
1600 1840 1756 1917 οἶμαί
1789 1863 1847 1901 σε
1872 1847 2005 1918 χρῆ-
2039 1817 2080 1875 Β

432 1932 558 1985 σθαι
588 1935 699 1996 τοῖς
726 1934 1142 2003 Πτολεμαῖκοῖς.
1172 1935 1249 2005 τῷ
1282 1935 1376 1988 τοῦ
1443 1938 1638 2008 χρόνου
1681 1941 1877 2011 πλήθει
1908 1941 2004 2010 τῆς

428 2023 716 2093 ἀκριϐείας
774 2026 1129 2079 ἐκπίπτουσιν
1190 2044 1203 2057 ο
1256 2027 1336 2080 ἔτι
1371 2027 1558 2092 δὲτὰς
1604 2032 1711 2084 τῶν
1750 2032 2006 2086 ἀποτελε-

443 2114 670 2183 σμάτων
696 2114 906 2186 κρίσεις
929 2116 1035 2170 τίνι
1073 2117 1347 2172 πιστεύων
1380 2121 1630 2192 ἐκτίθησι
1664 2122 1777 2192 (81)
1809 2124 2004 2193 πρότε-

433 2222 526 2275 ρον
564 2207 886 2279 Πτολεμαίῳ
923 2210 1092 2280 μόνῳ,
1122 2210 1154 2279 ἢ
1189 2211 1283 2267 vi
1314 2230 1391 2284 τῳ
1412 2213 1521 2267 τῶν
1558 2214 1758 2268 ἄλλων.
1808 2213 2006 2266 Ἰταλοὶ

428 2298 561 2367 γὰρ,
594 2293 673 2363 οἷς
724 2300 992 2370 ἐλάχομεν
1046 2306 1347 2369 συνοικεῖν,
1401 2308 1497 2357 καὶ
1544 2304 1666 2356 κατ’
1719 2306 1884 2374 ἄμφω
1939 2305 2007 2358 τὰ

431 2390 594 2457 μέρη,
639 2391 693 2442 τὸ
723 2391 1069 2466 θεωρητικόν
1103 2413 1245 2465 φημι
1272 2395 1366 2446 καὶ
1411 2394 1471 2446 τὸ
1526 2397 1857 2463 πρακτικὸν,
1886 2396 2007 2449 ἐλά-

428 2497 591 2549 χιστα
616 2479 694 2556 τῷ
727 2481 1051 2557 Πτολεμαίῳ
1079 2488 1356 2557 χρώμενοι
1392 2482 1483 2552 ’τῷ
1515 2485 1627 2555 (82)
1671 2486 1839 2539 πλείω
1892 2488 2004 2549 τοῖς

431 2576 723 2651 νεωτέροις
781 2578 1132 2629 πιστεύουσιν
1160 2592 1176 2608 ο
1229 2578 1291 2630 οὐ
1338 2576 1449 2648 γὰρ
1498 2580 1608 2638 τοῖς
1650 2576 2006 2647 Ἀρραϐικοῖς

433 2669 616 2736 μόνοις
665 2668 957 2737 ἀρκοῦντες
1005 2669 1117 2740 (85)
1168 2671 1420 2736 κανόσιν,
1476 2671 1541 2723 ἐκ
1598 2669 1690 2721 τοῦ
1757 2669 2003 2738 Μωαμέο

434 2762 756 2831 ἡργμένοις,
804 2761 940 2814 ἀλλὰ
994 2748 1206 2820 πολλοῖς
1243 2764 1338 2816 κα).
1372 2762 1555 2827 ἄλλοις
1589 2762 2004 2833 προσχρῶνται.

433 2852 621 2906 Ταῦτά
656 2869 717 2906 τε
750 2849 845 2906 οὖν
879 2852 1065 2923 σαφῶς
1114 2853 1411 2921 ἐκδίδαξον,
1440 2855 1535 2911 καὶ
1587 2855 1746 2922 εἴπερ
1775 2847 1888 2907 οἷόν
1943 2872 2001 2907 τε

427 2947 554 3009 τοὺς
581 2946 681 3015 τῆς
708 2945 1058 3016 ψηφοφορίας
1088 2948 1321 3007 κανόνας
1343 2946 1508 3011 (οὕτω
1525 2948 1580 3000 δὲ
1601 2948 1669 3001 τὰ
1689 2947 2001 3018 παραγγέλ·

434 3054 582 3106 ματα
628 3037 722 3089 τοῦ
773 3036 1124 3108 ψηφηφορεῖν
1162 3037 1391 3091 καλοῦσι
1449 3040 1685 3104 Λατῖνοι)
1746 3038 2002 3092 κέλευσον

433 3129 912 3198 μετεγγραφέντας
950 3130 1213 3199 σταλῆναί
1252 3147 1365 3200 μοι,
1423 3130 1499 3193 ὡς
1535 3130 1602 3183 ἂν
1628 3129 1736 3200 ἔχω
1780 3129 2003 3193 τούτους
2026 3161 2071 3223 C

429 3222 545 3282 τοῖς
573 3219 803 3273 ἐκείνων
837 3219 1198 3290 παραϐαλεῖν.
1240 3221 1432 3290 Ἡμεῖς
1462 3222 1570 3291 γὰρ
1593 3220 1769 3292 ἄκρῳ,
1812 3221 1872 3272 τὸ
1903 3221 1994 3274 τοῦ

429 3309 622 3377 λόγου,
652 3311 973 3380 γεγευμένοι
1006 3311 1253 3381 δακτύλῳ
1285 3311 1385 3381 τῆς
1438 3312 1652 3381 κλεινῆς
1687 3312 1998 3382 ἐπιστήμης

428 3402 744 3472 φλεγόμεθα
786 3403 884 3474 μὲν
918 3403 1161 3465 πλείονος
1184 3404 1495 3472 ἐφιέμενον
1531 3402 1605 3472 τῷ
1630 3419 1693 3469 γε
1731 3403 1838 3472 μὴν
1864 3405 2001 3456 ἀπο-

434 3496 548 3562 ρεῖν
580 3495 822 3565 βιϐλίων,
875 3495 1254 3565 ἐκκρουόμεθα
1315 3494 1410 3548 τοῦ
1444 3493 1673 3549 σκοποῦ.
1716 3495 1869 3548 Ἐπεὶ
1905 3493 2000 3547 οῦν

429 3588 623 3652 ἔγνως,
662 3581 706 3637 ὦ
732 3586 1027 3654 Θαυμάσιε,
1053 3587 1121 3643 τὰ
1152 3586 1273 3639 κατ’
1328 3586 1450 3654 ἐμὲ,
1480 3585 1573 3637 καὶ
1619 3586 1743 3638 ὅτου
1774 3585 1999 3654 δεοίμην

430 3678 678 3746 ἀκριϐῶς
708 3674 864 3731 οἶσθα
892 3678 1161 3750 δήπουθεν
1187 3695 1201 3710 ⁸
1233 3680 1324 3734 σὺν
1360 3680 1540 3733 τοίνυν
1573 3679 1732 3748 ἔργον
1761 3680 1884 3749 ἤδη.
1916 3680 2001 3732 ὅτι

428 3772 519 3823 καὶ
550 3752 734 3824 δύνάιο
769 3770 987 3841 βοηθεῖν
1015 3772 1160 3825 οὕτω
1208 3772 1395 3843 πόρῤω
1425 3788 1489 3839 γε
1523 3770 1814 3841 ἱδρυμένῳ,
1877 3771 2000 3824 ἐπεὶ

420 3867 540 3926 -τοῖς
571 3881 628 3917 τε
653 3864 764 3931 (84)
792 3864 1155 3933 συμπολίταις
1187 3864 1322 3935 πρὸς
1356 3864 1503 3917 ἅπαν
1537 3864 1749 3935 ἀρκεῖς.
1791 3864 1998 3935 Ἔρρω-

431 3961 592 4024 μένος
651 3955 936 4026 διαϐιῴης.
1005 3959 1034 4009 ὁ
1081 3957 1180 4027 τῆς
1238 3955 1484 4019 Ἑλλάδος
1525 3956 1820 4026 ὀξυδορκὴς
1886 3954 1998 4027 (85)

415 4045 726 4114 ⁶ὀφθαλμὸς,
774 4044 1045 4115 ὁσημέραι
1077 4046 1194 4107 τοῖς
1254 4043 1609 4114 ὑψηλοτέροις
1665 4044 1996 4113 προϐαίνων,

403 4116 524 4189 ’καὶ
555 4137 679 4199 τοὺς
725 4136 878 4193 κάτω
926 4136 1218 4207 κειμένους
1254 4137 1389 4206 πρὸς
1429 4136 1655 4190 σεαυτὸν
1697 4137 2001 4206 ἐφελκόμε-

418 4247 539 4289 ρνος.

460 4318 710 4387 Georgius
742 4315 990 4384 Lapithes
1021 4314 1313 4384 Nicepltora
1346 4316 1631 4387 Gregorw;
1676 4334 1739 4372 ea:
1766 4317 1959 4389 Cypro.

499 4411 661 4463 Aiunt
716 4409 914 4479 physici
961 4424 1237 4473 corporum
1285 4411 1648 4472 impressiones
1691 4426 1750 4462 ea
1780 4411 1998 4464 ulterius

2109 585 2243 637 quas
2293 570 2595 638 ingeniosus
2626 571 2938 625 Aristotcles
2974 582 3147 626 rectas
3202 584 3252 626 et
3318 574 3397 626 liis
3453 576 3687 628 diversas

2109 668 2262 711 acute
2310 661 2647 728 excogitavit,
2706 670 2819 720 aut,
2856 670 2913 713 ut
2971 664 3141 716 verius
3196 664 3393 727 dicant,
3428 666 3688 734 profunda

2109 759 2316 802 natura
2351 750 2471 802 sinu
2506 751 2716 803 abditas
2752 753 3074 822 inrestigavit
3134 765 3184 807 et
3221 756 3276 806 in
3301 764 3542 823 apertum
3568 773 3691 825 pro-

2110 838 2273 902 tulit),
2300 839 2356 891 in
2383 841 2743 911 iis,_.inqu‘am,
2772 845 2919 913 fama
2967 854 3016 897 te
3068 862 3171 898 non
3202 848 3518 900 mediocrem
3546 865 3688 919 prte-

2108 929 2273 982 dicat.
2307 929 2519 983 Eadem
2541 933 2595 984 in
2621 935 2988 1003 cognoscendis
3021 936 3174 989 rebus
3227 938 3584 1003 naturalibus,
3636 950 3687 993 et

2108 1024 2248 1091 quod
2306 1024 2482 1092 majus
2519 1026 2572 1077 in
2603 1042 2661 1079 ea
2694 1028 2834 1091 quod
2888 1036 2983 1087 est.
3037 1040 3294 1099 quatenus
3327 1041 3422 1088 est.
3453 1043 3689 1085 contem-

2106 1114 2304 1181 planda
2330 1125 2380 1169 et
2408 1120 2884 1183 comprehendenda
2912 1137 3157 1191 sagacem
3181 1123 3409 1178 clamat:
3440 1125 3685 1191 denique,

2109 1208 2246 1261 velut
2273 1211 2650 1278 pretiosissima
2691 1228 2905 1274 corona.
2931 1214 3164 1268 scientiis
3203 1226 3359 1269 ornat
3385 1222 3688 1270 mathema-

2110 1300 2250 1362 ticis;
2280 1317 2340 1352 ea
2374 1303 2687 1368 praesertim,
2725 1319 2844 1374 quae
2892 1316 2970 1356 est
3009 1306 3243 1358 omnium
3296 1323 3448 1373 apem,
3482 1309 3687 1361 intenta

2111 1408 2296 1459 nempe
2330 1393 2662 1462 explicandis
2715 1396 2938 1451 motibus
2988 1408 3036 1451 et
3095 1400 3368 1453 virtutibus
3404 1417 3685 1470 corporum

2109 1494 2361 1551 perpetuo
2385 1495 2527 1539 motu
2551 1488 2893 1556 agitatorum.
2929 1487 3059 1543 Haec
3090 1497 3153 1544 de
3187 1501 3237 1545 te
3280 1493 3486 1561 quidem
3516 1494 3684 1564 fama,

2110 1576 2194 1628 cui
2222 1578 2303 1647 f'as
2339 1579 2548 1632 credere
2578 1587 2673 1632 est.
2732 1579 2801 1632 At
2847 1589 2926 1644 tu,
2979 1582 3061 1634 vir
3088 1583 3423 1647 admirande,
3474 1586 3686 1646 quando

2109 1667 2321 1736 effecisti
2352 1679 2409 1721 ut
2443 1686 2585 1723 mens
2613 1679 2703 1724 tua
2739 1673 2831 1725 toti
2883 1670 3163 1726 Musarum
3193 1674 3349 1727 choro
3380 1674 3516 1728 velut
3549 1684 3686 1728 tem-

2109 1756 2253 1826 plum
2287 1766 2513 1827 pateret,
2542 1760 2947 1830 cogitationibus
2975 1762 3078 1815 tuis
3127 1762 3333 1824 beatus,
3364 1763 3523 1816 habes
3548 1763 3689 1817 unde

2108 1846 2181 1901 sis
2217 1847 2364 1917 felix.
2397 1846 2661 1913 Quoniam
2696 1856 2868 1904 tamen
2935 1852 3137 1910 animo.
3198 1852 3388 1906 divinis
3419 1853 3687 1921 speciebus

2108 1939 2415 2008 informata,
2444 1942 2499 1995 id
2524 1943 2663 2012 quod
2685 1944 2903 1997 scientia
2931 1953 3027 2008 est,
3077 1944 3241 1997 multa
3271 1946 3413 2011 prius
3438 1946 3688 1999 volunta-

2110 2041 2212 2085 tem
2249 2043 2449 2087 rectam
2478 2036 2765 2090 accessisse
2787 2052 2888 2103 par
2919 2046 2994 2090 est
3026 2036 3285 2091 arbitrari
3317 2037 3462 2107 (nam
3492 2054 3554 2091 ea
3609 2047 3687 2092 est

2106 2123 2267 2191 plane
2305 2141 2551 2199 expressa
2578 2128 2844 2197 pratotgpi
2867 2128 3058 2189 virtus,
3089 2143 3180 2181 nec
3211 2128 3333 2181 boni
3363 2128 3525 2181 ullius
3550 2145 3685 2198 par-

2107 2217 2267 2285 ticeps
2301 2218 2583 2288 quisquam
2621 2235 2731 2273 esse
2758 2220 3012 2284 creditur,
3070 2221 3161 2287 qui
3200 2220 3400 2273 invidia
3431 2220 3684 2291 laboret),

2107 2309 2160 2361 in
2195 2309 2248 2361 id
2275 2318 2323 2362 te
2346 2325 2551 2363 summa
2577 2311 2779 2379 studia]
2813 2320 3014 2378 oportet
3069 2311 3387 2375 incumbere,
3440 2324 3498 2366 ut
3529 2315 3687 2368 simi-

2110 2400 2283 2478 les/tui
2312 2418 2466 2470 quam
2523 2402 2779 2470 plurimos
2807 2403 3042 2472 quotidie
3079 2405 3296 2471 efficias.
3360 2405 3531 2474 Atque
3587 2407 3690 2460 hac

2110 2502 2165 2544 tu
2207 2484 2392 2544 melius
2446 2493 2555 2559 ipse
2584 2508 2742 2562 quam
2775 2492 2915 2546 alius
2947 2494 3226 2563 quisquam
3278 2494 3685 2564 pltilosopltar's,

2108 2599 2225 2637 cum
2248 2584 2568 2659 benefacere
2595 2600 2754 2653 quam
2777 2584 2912 2652 affici
2944 2585 3191 2651 beneﬁcio
3220 2586 3562 2651 pra'stantius
3594 2588 3687 2639 di-

2107 2676 2381 2744 viniusque
2409 2691 2519 2729 esse
2544 2675 2920 2730 statuisclllilii
2951 2684 3156 2737 autem,
3187 2677 3280 2742 qui
3301 2693 3481 2729 earum
3506 2693 3688 2730 rerum

2107 2766 2292 2834 quibus
2320 2766 2563 2819 abundas
2582 2767 2659 2818 ita
2677 2782 2793 2819 sum
2823 2774 3093 2835 appetens,
3123 2776 3179 2820 ut
3206 2769 3390 2835 f‘ormaz
3418 2771 3645 2821 materia
3667 2807 3683 2832 ,

2109 2870 2170 2907 ne
2193 2871 2456 2924 gravtrts,
2508 2871 2703 2926 qua'so,
2739 2856 3048 2925 respondere
3079 2873 3249 2925 pauca
3308 2857 3417 2911 [nec
3450 2850 3709 2911 interra?

2106 2948 2292 3016 ganti:
2325 2964 2550 3015 quorum
2584 2946 2885 3000 tabularum
2934 2962 3028 3014 ope
3066 2964 3310 3002 numeros
3358 2952 3686 3021 astronomi-

2105 3054 2190 3092 cos
2218 3046 2524 3106 computare
2545 3036 2714 3091 soleas
2738 3053 2755 3099 ;
2779 3054 3021 3108 quasnam
3043 3048 3143 3093 ate
3164 3049 3431 3108 ponuntur
3450 3042 3681 3111 epochar,

2106 3141 2153 3184 et
2199 3130 2409 3201 quando
2457 3144 2530 3182 ea:
2561 3130 2791 3199 primum
2823 3132 3006 3198 posita:
3064 3134 3294 3201 fuerint,
3324 3144 3580 3201 quantum
3616 3133 3682 3185 ab

2103 3222 2211 3276 illis
2261 3224 2467 3290 epocltis
2519 3222 2586 3276 ad
2608 3222 2751 3306 [tunc
2804 3222 2942 3274 diem
2988 3238 3148 3292 usque
3189 3231 3391 3291 tempus
3441 3225 3680 3293 fluxerit.

2107 3310 2290 3380 Neque
2345 3312 2486 3364 cnim
2538 3321 2665 3379 puta
2696 3319 2745 3363 te
2775 3311 2854 3364 uti
2892 3308 3256 3373 I’tolemaicis,
3291 3326 3407 3379 qnce
3437 3319 3682 3363 exactam

2102 3405 2380 3459 veritatem
2411 3404 2561 3474 longo
2595 3413 2825 3474 tempore
2848 3406 3161 3458 amiserunt.
3194 3401 3332 3458 Item
3359 3404 3445 3459 cui
3473 3406 3683 3461 auctori

2100 3497 2284 3551 credas
2313 3496 2368 3550 in
2393 3495 2611 3565 judiciis
2643 3496 2993 3565 astrologicis,
3044 3495 3395 3551 Ptolemazone
3449 3496 3573 3557 soli,
3608 3515 3679 3550 an

2103 3598 2153 3643 et
2184 3588 2283 3641 alii
2337 3588 2592 3657 cuipiam.
2631 3586 2772 3641 Nam
2805 3586 2958 3654 Itali,
2999 3588 3305 3657 quibuscum
3358 3588 3507 3641 nobis
3532 3590 3682 3644 sedes

2108 3681 2399 3734 communis
2428 3679 2635 3749 obtigit,
2666 3689 2848 3733 neutra
2903 3679 2957 3733 in
3007 3689 3181 3748 parte,
3212 3695 3305 3733 nec
3356 3681 3411 3732 in
3443 3680 3683 3750 specula-

2103 3772 2263 3835 tione,
2298 3787 2391 3824 nec
2418 3772 2474 3824 in
2518 3772 2696 3839 proci,
2729 3771 3070 3826 Ptolemaeum
3116 3774 3300 3825 ducem
3345 3782 3683 3842 sequuntur;

2102 3861 2195 3915 sed
2258 3863 2628 3918 recentioribus
2676 3871 2735 3917 ut
2790 3865 3078 3932 plurimum
3131 3864 3535 3919 adhwrescunt:
3587 3882 3681 3919 nec

2104 3957 2334 4011 contenti
2358 3956 2578 4021 tabulis,
2603 3974 2721 4029 qua:
2746 3976 2780 4012 a
2816 3957 3183 4012 Maliammede
3207 3958 3420 4011 initium
3455 3959 3678 4035 ducunt,

2102 4048 2286 4102 multis
2320 4058 2578 4117 praeterea
2642 4048 2760 4104 aliis
2813 4059 3059 4105 utuntur.
3119 4049 3247 4104 Haec
3281 4059 3340 4104 tu
3394 4049 3483 4119 [ac
3537 4060 3679 4105 certo

2101 4142 2299 4195 sciam:
2333 4156 2395 4196 ac
2417 4141 2462 4195 si
2482 4141 2600 4210 ﬁeri
2620 4150 2806 4205 potest,
2832 4143 2993 4196 etiam
3013 4139 3312 4210 Psepltariat
3330 4140 3540 4211 regulas
3563 4141 3677 4212 (86)

2104 4230 2201 4302 (ita
2232 4230 2417 4285 Latini
2446 4241 2632 4287 vocant
2660 4240 2921 4301 pracepta
2954 4231 3319 4300 computandi)
3345 4232 3472 4298 iube
3499 4232 3568 4284 ad
3598 4249 3680 4286 me

2104 4327 2453 4390 transcriptas
2504 4325 2666 4386 mitti,
2735 4332 2792 4376 ut
2844 4324 2979 4377 istas
3042 4324 3236 4393 passim
3290 4341 3408 4378 cum
3460 4324 3678 4378 illarum

2103 4415 2293 4485 regulis
2309 4417 2565 4486 conferre.
2580 4413 2787 4471 Scilicet
2808 4432 2921 4480 nos,
2944 4415 3035 4486 qui
3064 4415 3381 4484 prwctaram
3401 4415 3677 4469 scientiam

423 4500 691 4568 progredi,
728 4516 830 4575 quo
860 4516 944 4557 ea.
977 4514 1094 4570 quia
1120 4500 1224 4553 vim
1262 4502 1591 4568 imprimunt,
1643 4500 1900 4570 majorem
1948 4504 1999 4557 in
2034 4514 2357 4571 D'extremo,
2393 4520 2446 4561 ut
2474 4508 2650 4571 aiunt,
2679 4507 2845 4577 digito
2893 4506 3181 4561 delibatam
3212 4505 3560 4577 gustauimus,
3590 4505 3677 4558 in-

426 4609 482 4645 se
505 4594 747 4645 virtutem
787 4590 1000 4646 habent.
1032 4592 1221 4660 Itaque
1259 4590 1333 4643 nil
1370 4593 1562 4645 mirum
1593 4594 1643 4661 (ο
1670 4593 1816 4656 mihi,
1842 4595 2001 4647 etiam

416 4686 833 4751 istinc'pracul,
889 4684 1139 4747 Nectum
1183 4685 1386 4754 caput),
1457 4685 1595 4755 quod
1643 4701 1761 4739 cum
1821 4695 2002 4738 tantus

313 4782 319 4795 ‘
414 4777 536 4843 ipse
582 4774 682 4837 sis,
743 4774 862 4829 inde
915 4789 1077 4842 usque
1139 4789 1231 4826 nos
1288 4774 1531 4827 irradies.
1573 4772 1782 4828 Etenim
1830 4775 2000 4845 fama,

412 4880 580 4933 ,quam
616 4873 781 4932 poetic
809 4864 962 4917 deam
1003 4863 1225 4932 ﬁngunt,
1258 4861 1404 4918 ultra
1435 4880 1526 4917 nos
1555 4879 1757 4934 quoque
1780 4875 2004 4917 conatur

413 4965 472 5022 ,ιε
508 4956 823 5023 provehere;
856 4972 918 5009 ac
944 4956 1000 5008 in
1048 4956 1216 5023 ipsam
1269 4955 1480 5010 Indiam
1533 4964 1850 5024 penetraret.
1889 4956 1994 5009 nisi

412 5064 546 5118 gens
581 5049 807 5104 barbara
840 5048 1237 5115 importunitate
1262 5064 1360 5103 sua
1399 5046 1542 5101 illius
1562 5063 1708 5102 voces
1727 5047 1994 5119 frangeret

412 5157 488 5205 ,αα
523 5142 845 5195 retunderet.
872 5141 1040 5195 Porro
1072 5149 1121 5194 te
1151 5140 1323 5209 fama,
1355 5141 1437 5195 vir
1465 5142 1678 5211 optime,
1738 5150 2018 5209 accuratm

413 5232 891 5298 grammaticorum
953 5240 1073 5286 arte
1124 5240 1482 5301 pra-stantem,
1533 5232 1738 5287 dicendi
1768 5234 1918 5302 copia
1945 5241 1993 5287 et

411 5320 690 5393 elegantia
722 5324 1143 5391 prwstantiarem
1173 5324 1317 5386 canit
1338 5338 1357 5376 :
1391 5324 1449 5376 in
1474 5323 1763 5380 dialecticis
1793 5325 1993 5397 captia-

491 5502 606 5642 (79f
644 5504 724 5556 An
754 5484 963 5571 βέλτῖον
997 5500 1162 5564 αὐτὸς
1194 5502 1440 5568 παντόςῖ
1482 5530 1499 5543 α

493 5573 582 5636 (80
641 5577 720 5625 An
753 5574 1069 5642 ἐφιεμένῳῖ

493 5573 606 5642 (80)
641 5577 720 5625 An
753 5574 1069 5642 ἐφιεμένῳῖ

636 5642 781 5726 Lego
811 5644 1054 5712 ἐκτίθης,
1085 5644 1331 5714 πότερον.
1545 5708 1554 5733 ς

492 5714 605 5780 (82)
633 5714 721 5765 τά.

491 5784 603 5845 (85)
639 5781 787 5839 Fort.
819 5783 1135 5849 ἀρκοῦνται.

2099 4598 2378 4651 cendimur
2413 4599 2625 4668 quidem
2652 4599 2908 4655 desiderio
2935 4598 3092 4668 plura
3127 4600 3405 4665 discendi;
3437 4608 3494 4653 at
3549 4599 3677 4669 quia

2102 4689 2247 4744 libris
2271 4706 2535 4753 caremus,
2564 4692 2680 4747 ideo
2708 4693 2830 4747 inde
2859 4692 3182 4761 repellimur,
3209 4707 3311 4762 quo
3346 4691 3673 4760 aspiramus.

2102 4780 2316 4851 Itaque,
2345 4783 2425 4837 vir
2449 4783 2902 4852 praestantissime,
2933 4799 3050 4854 quae
3075 4784 3181 4836 sint
3220 4798 3335 4836 mea
3379 4783 3560 4837 studia
3592 4782 3675 4834 in-

2101 4872 2319 4943 telligis,
2359 4883 2515 4943 atque
2541 4876 2672 4930 adeo
2705 4875 2832 4945 quid
2857 4876 2925 4929 sit
2958 4891 3061 4945 qua
3090 4875 3353 4944 indigeam
3410 4872 3678 4939 explorate

2100 4966 2388 5036 cognoscis.
2445 4966 2612 5022 Tuum
2636 4975 2714 5021 est
2743 4968 2930 5038 igitur,
2984 4968 3123 5038 quod
3155 4968 3212 5021 in
3258 4974 3303 5020 te
3346 4966 3493 5039 erit,
3522 4965 3674 5025 mihi,

2101 5060 2192 5127 qui
2220 5060 2601 5115 remotissimus
2629 5061 2780 5131 dego,
2838 5078 2988 5129 apem
3015 5062 3154 5132 f'erre
3178 5077 3198 5126 ;
3248 5057 3677 5128 quandoquidem

2101 5145 2172 5203 ad
2197 5148 2375 5203 omnia
2425 5148 2622 5205 civibus
2668 5151 2772 5204 tuis
2824 5167 2965 5205 unus
3007 5150 3216 5219 sufﬁcis.
3276 5147 3397 5203 Vive
3443 5157 3491 5201 et
3536 5141 3671 5205 vale.

2101 5237 2316 5293 Crtecs'te
2338 5238 2513 5293 lumen
2542 5241 2940 5301 clarissimum:
2964 5242 3127 5296 altius
3176 5241 3413 5312 quotidie
3454 5254 3670 5310 progre-

2099 5331 2239 5396 dere,
2273 5338 2320 5385 et
2368 5348 2455 5387 eos
2485 5335 2574 5403 qui
2603 5334 2743 5405 inf'ra
2769 5327 2951 5403 jaceast
2982 5334 3052 5389 ad
3078 5343 3126 5389 te
3148 5336 3320 5405 ipsum
3345 5334 3570 5389 attrahe.

2174 5508 2287 5579 (84)
2321 5527 2403 5577 γε.

2173 5582 2284 5654 (85)
2319 5581 2633 5654 ἐξυῆερκής.
2829 5600 2837 5617 λ

2173 5652 2284 5726 (86)
2322 5652 2608 5726 13ngch
2634 5654 2973 5726 ψηφοφορία.
3031 5654 3207 5725 Atque
3258 5652 3385 5713 hinc
3443 5653 3671 5710 fortasse

2107 5722 2301 5791 Siphra
2333 5738 2428 5777 seu
2461 5724 2641 5794 Cipra.
