3990 6468
260 345 318 410 (ΙΙ
1266 348 1680 411 NICEPHORI
1726 351 2111 414 GREGORE
2159 359 2464 421 ELOGIA.
3432 361 3505 426 62

327 458 392 512 ll.
434 460 600 514 Κατὰ
631 458 751 513 τῶν
768 458 875 513 τοῦ
902 460 1175 531 Γρηγορᾶ
1206 464 1570 534 ληρημὰτων
1604 466 1742 531 (87).

336 545 395 603 ⁸0
427 551 485 604 δὲ
515 550 820 618 σοφώτατος
842 550 1141 620 Γρηγορᾶς,
1166 552 1356 626 ῶσπερ
1382 558 1480 611 οὐκ
1511 557 1822 628 ἀρκούντων

260 639 414 708 ἀὐτῷ
439 640 549 693 τῶν
578 640 883 704 Βυζαντίων
916 642 995 704 εἰς
1026 640 1230 712 θαῦμα,
1266 645 1359 696 καὶ
1388 645 1824 710 Θεσσαλονικέας

263 731 444 798 ἐνάγει
474 731 613 801 πρὸς
656 732 782 795 τοὺς
839 732 1039 801 ὖμνους
1077 734 1201 796 τοὺς
1250 735 1468 800 ἑαυτοῦ,
1523 737 1825 806 γράμματα

264 824 501 891 πέμπων
524 824 618 876 καὶ
665 827 992 892 προσκυνεῖν
1054 828 1275 892 μονονοὺ
1309 828 1569 894 κελεύων,
1620 830 1824 898 ἄνδρας

258 914 577 985 ἐλευθέρους
602 917 696 969 καὶ
737 916 900 984 μηδὲν
949 916 1151 979 εἰδότας
1211 917 1243 980 ἢ
1275 919 1456 985 λέγειν
1493 919 1525 987 ἦ
1560 920 1824 988 πράττειν

263 1007 398 1076 πρὸς
456 1007 651 1077 ἡδονὴν
681 1007 855 1060 οὐδενί
889 1048 903 1062 .
932 1047 947 1062 .
981 1047 995 1062 .
1028 1045 1043 1060 .
1074 1047 1087 1061 .
1124 1047 1139 1062 .
1174 1008 1455 1079 Θαυμάζω
1485 1011 1542 1064 δὲ
1580 1012 1821 1081 πρῶτον,

265 1100 309 1150 εἰ
336 1098 436 1170 τὴν
472 1099 719 1165 γλῶτταν
744 1100 976 1168 ἠγνόησε
1014 1098 1109 1152 τοῦ
1151 1098 1464 1171 θαυμαστοῦ
1495 1102 1826 1157 Θεσσαλονί-

267 1207 385 1258 κης,
420 1193 517 1244 καὶ
553 1190 614 1243 es
649 1190 777 1262 παρ’
812 1192 1025 1259 ἐκείνης
1055 1192 1173 1246 κατ’
1220 1193 1382 1247 αὐτοῦ
1445 1195 1558 1265 πῦρ
1582 1209 1597 1225 ’
1631 1195 1825 1250 ἔπειτα

264 1286 310 1337 εί
344 1282 712 1354 προσεδόκησε
766 1285 914 1354 παρᾶ
957 1284 1394 1370 βεσσαλονικέων
1444 1287 1620 1350 καλῶς
1660 1289 1825 1345 άκοῦ-

269 1393 359 1429 σαι
378 1392 395 1406 ο
424 1376 478 1429 o'l
514 1372 850 1446 φαυλότατον
877 1394 935 1429 τε
973 1378 1158 1441 αὑτὸν,
1192 1379 1291 1432 οὐκ
1314 1374 1415 1434 οἷδ’
1441 1380 1614 1445 ὅπως,
1654 1381 1823 1434 πάλαι

266 1467 499 1536 ἡγοῦντο
536 1469 634 1535 τὴν
668 1471 743 1531 είς
773 1468 967 1537 λόγους
1017 1469 1269 1537 δύναμιν,
1325 1471 1392 1543 ήν
1426 1472 1823 1540 ἐπαγγέλλεται

266 1558 518 1613 τοσοῦτον
560 1560 659 1631 ήδη
693 1561 881 1634 χρόνον
908 1579 923 1593 ο
976 1565 1065 1615 καὶ¹
1100 1562 1193 1614 νῦν
1221 1564 1348 1632 περὶ
1395 1563 1486 1616 τὸν
1510 1564 1664 1625 Θεὸν,
1697 1565 1825 1616 ἀσε-

263 1652 336 1721 ϐῆ
360 1692 375 1707 .
404 1692 422 1707 .
450 1692 466 1705 .
498 1691 513 1706 .
542 1689 558 1704 .
591 1653 700 1707 Καὶ
742 1654 801 1705 τὸ
835 1652 1118 1722 σύνταγμα
1153 1654 1356 1724 πολλήν
1392 1672 1513 1711 τινα
1570 1656 1823 1727 καταψη-

1850 469 1889 521 Α
1919 476 2153 538 gratiam
2204 475 2581 545 aucupandam
2612 491 2703 531 seu
2739 473 2915 529 dicere
2957 494 3048 532 seu
3088 479 3267 549 facere
3301 479 3505 534 didice-

1927 577 2072 631 runt.
2127 578 2229 624 etc.
2276 569 2520 624 Primum
2575 569 2708 625 illud
2760 572 2943 631 miror,
3007 571 3144 641 quod
3199 570 3510 625 admirandi

1927 659 2467 715 Thessalonicensium
2500 662 2753 716 antistitis
2785 662 3025 733 linguam
3063 672 3113 717 et
3149 664 3317 733 ignem
3348 664 3404 717 in
3452 679 3510 719 se

1927 751 2047 805 inde
2076 763 2436 819 erumpentem
2461 752 2781 824 ignoraverit
2805 772 2823 809 :
2848 765 2958 807 tum
2992 756 3172 816 etiam,
3210 754 3350 824 quod
3387 771 3443 809 se
3471 771 3506 808 a

1927 841 2473 898 Thessalonicensibus
2523 844 2652 898 bene
2688 846 2999 899 auditurum
3050 848 3302 913 sperarit,
3335 844 3427 912 qui
3458 854 3509 899 et

1927 935 2053 989 olim
2092 938 2270 990 nescio
2325 954 2425 1007 quo
2483 939 2594 1008 [uta
2648 936 2955 992 vilissimum
3011 955 3127 992 eum
3186 938 3506 1004 habuerunt,

1939 1027 2075 1095 quod
2102 1027 2172 1080 ad
2216 1026 2425 1079 dicendi
2477 1026 2788 1097 facultatem
2830 1028 3097 1091 attineret,
3135 1043 3295 1097 quam
3358 1035 3507 1080 tanto

1920 1118 2040 1187 jam
2090 1127 2320 1184 tempore
2366 1118 2685 1186 proﬁtetur:
2721 1128 2770 1173 et
2824 1119 3071 1172 eumdem
3102 1134 3241 1171 nunc
3294 1119 3358 1172 de
3398 1117 3508 1172 Deo

1928 1209 2067 1262 male
2089 1217 2136 1261 et
2169 1209 2327 1273 impie
2358 1209 2552 1261 sentire
2605 1206 2849 1272 credunt,
2878 1215 2975 1262 etc.
3006 1207 3081 1261 Ac
3132 1207 3264 1261 liber
3297 1206 3507 1277 quidem

1926 1300 2037 1365 ipse
2064 1301 2299 1367 parentis
2346 1301 2429 1353 sui
2460 1308 2619 1371 caput
2670 1316 2863 1370 magna
2903 1300 3136 1369 quatiant
3165 1308 3213 1353 et
3250 1299 3507 1351 turbidis-

1924 1395 2058 1447 sima
2090 1392 2321 1462 procella
2359 1394 2621 1463 agitatum
2667 1394 2868 1462 arguit,
2901 1392 3032 1444 adeo
3065 1400 3121 1445 ut
3164 1390 3316 1445 illum
3353 1389 3507 1458 cujus

1925 1485 2060 1554 fetus
2079 1494 2150 1537 est
2210 1485 2342 1539 satis
2371 1482 2623 1547 declaret,
2643 1493 2691 1546 et
2721 1485 2880 1538 risum
2900 1483 3248 1536 vehementem
3278 1490 3503 1536 moveat.

1923 1575 2061 1630 Nam
2092 1577 2265 1645 primo
2292 1576 2468 1645 ejusce
2518 1577 2692 1645 operis
2753 1591 2938 1628 nomen
2971 1575 3232 1629 incertum
3283 1583 3381 1637 est,
3414 1591 3508 1628 nec

1924 1667 2094 1722 ullum
2146 1670 2375 1739 suppetit
2410 1668 2550 1740 quod
2610 1669 2656 1721 ei
2691 1667 2993 1732 conveniat,
3038 1675 3091 1720 ut
3146 1682 3238 1721 nec
3290 1667 3354 1721 iis
3389 1682 3508 1736 quas

263 1745 479 1813 φίζεται
540 1744 709 1816 ζάλην
738 1746 839 1816 τῆς
865 1744 1129 1817 τεκούσης
1163 1747 1428 1841 κεφαλῆς,
1455 1751 1552 1803 καὶ
1574 1744 1688 1801 οἷον
1718 1749 1824 1802 δεῖ·

1931 1769 2119 1830 prteter
2152 1770 2397 1814 naturam
2424 1762 2732 1831 gignuntur,
2759 1769 2860 1813 etc.
2894 1758 3095 1813 Deinde
3120 1758 3356 1829 singulas
3387 1759 3508 1813 libri

267 1840 353 1904 ξαι
387 1839 587 1903 ἱκανῶς
613 1839 705 1893 τὸν
739 1846 977 1909 πατέρα,
1011 1840 1213 1910 θερμὸν
1240 1839 1294 1893 δὲ
1325 1820 1547 1911 κῖνῆσαι
1586 1841 1818 1909 γέλωτα.

268 1932 490 1999 Πρῶτον
532 1930 630 1999 μὲν
663 1930 767 2002 γὰρ
790 1932 882 1984 καὶ
904 1930 1032 1988 αὐτὸ
1060 1929 1297 2007 τοῦνομα
1332 1932 1426 1984 τοῦ
1457 1936 1825 2005 συγγράμμαι

256 2040 353 2084 εκ
389 2016 683 2089 ἀγνοεῖται,
735 2026 829 2076 καὶ
878 2023 907 2076 ὃ
962 2039 1015 2075 τι
1048 2023 1129 2076 δεῖ
1190 2021 1383 2077 καλεῖν
1437 2023 1536 2076 οὐκ
1602 2025 1820 2096 ἔχομεν,

264 2113 450 2184 ὥσπερ
478 2114 584 2167 τῶν
616 2115 763 2186 παρὰ
786 2114 946 2187 φύσιν
978 2117 1335 2186 γεννωμένων
1364 2157 1377 2172 .
1406 2158 1419 2171 .
1449 2158 1463 2171 .
1492 2156 1505 2169 .
1542 2160 1554 2172 .
1588 2120 1823 2172 Ἔπειτα

264 2209 356 2260 καὶ
389 2209 440 2261 ei
456 2224 543 2271 τις
564 2208 849 2277 ἀνάσχοιτο
899 2210 1036 2262 κατὰ
1067 2208 1230 2279 μέρος
1253 2210 1524 2277 ὲπελοεῖν,
1577 2210 1639 2271 τὸ
1675 2211 1826 2282 Ἀρι-

268 2296 559 2366 ποφάνους
612 2298 786 2349 έκεῖνο
841 2295 1057 2365 βοήσειο
1108 2298 1238 2352 Δότε
1297 2317 1388 2370 μοι
1441 2298 1696 2367 λεκάνην,
1755 2300 1823 2352 ἵν’

268 2382 466 2459 ὲμέσὶο.
496 2389 777 2461 Τοσαύτης
802 2391 961 2459 γέμει
995 2391 1092 2461 τῆς
1119 2392 1311 2465 ἀηδίας
1336 2410 1351 2425 ·
1384 2395 1481 2447 κοιλ⁸
1514 2390 1656 2445 οὕτω
1690 2408 1824 2444 παν.

268 2484 468 2553 τοδαπή
518 2484 600 2546 τίς
645 2484 761 2537 ἔστι
814 2485 908 2538 καὶ
973 2483 1189 2556 ποικίλη
1236 2484 1422 2538 κακῶν
1454 2486 1597 2555 φορά
1629 2524 1641 2538 .
1670 2522 1686 2536 .
1722 2526 1734 2538 .
1768 2522 1821 2537 ..

274 2576 481 2646 Ἐρωτᾷ
507 2576 560 2629 δὲ
589 2576 729 2631 πάνυ
764 2575 1055 2647 ἀγροίκως,
1074 2577 1351 2646 ἀφανίζων
1379 2577 1470 2629 τὸν
1498 2579 1627 2649 περὶ
1652 2575 1823 2630 ταῦτα

267 2671 491 2739 κί’σμον,
526 2671 621 2724 καὶ
647 2670 744 2721 οὐκ
773 2668 968 2741 ᾐδέσθη
996 2669 1091 2739 τὴν
1123 2664 1546 2741 ὲπωνυμίαν,ἦς
1578 2671 1827 2723 κοινωνεῖ

263 2764 375 2824 τοῖς
433 2762 742 2831 φιλοσόφοις
788 2801 840 2815 ..
865 2802 879 2816 .
907 2802 921 2816 .
979 2763 1139 2815 Ἀλλὰ
1203 2763 1372 2817 τᾶλλα
1438 2762 1825 2833 μιμησάμενος

270 2853 553 2915 Πλάτωνα,
585 2854 666 2908 ὅτι
705 2873 763 2907 τε
794 2854 1074 2923 διαλόγους
1105 2856 1171 2910 τὰ
1199 2857 1613 2926 συγγράμματα
1647 2854 1820 2919 καλεῖ,

268 2946 360 3004 καὶ
386 2946 466 2999 ὅτι
502 2946 581 3012 τὸ,
614 2941 658 2999 ὦ
705 2947 911 3017 ἑταῖρε,
947 2949 1039 3001 καὶ
1068 2948 1146 3011 τὸ,
1180 2947 1326 3016 μάλα
1383 2946 1559 3017 μόλις,
1613 2948 1707 3000 καὶ
1741 2947 1822 3013 τὸ,

266 3040 358 3106 οὐχ
387 3036 519 3107 ἕπῃ,
548 3030 593 3090 ὦ
646 3030 852 3108 ἑταῖρε,
899 3040 1076 3094 καὶτὰ
1114 3039 1342 3092 τοιαῦτα
1376 3040 1632 3110 συνείρει,
1668 3038 1825 3092 τοῦτο

1930 1863 2106 1924 partes
2137 1853 2302 1924 legere
2339 1855 2384 1906 si
2409 1852 2523 1923 quis
2551 1861 2625 1906 est
2670 1852 2761 1921 qui
2792 1852 3072 1916 sustineat,
3110 1851 3155 1904 is
3217 1850 3354 1904 illud
3382 1850 3511 1904 Ari-
3580 1892 3583 1895 λ

1931 1948 2209 2017 stophanis
2227 1947 2564 2013 exclamabit,
2592 1946 2725 2001 Date
2757 1946 2954 2016 pelvim
2981 1954 3037 2000 ut
3059 1959 3273 1998 vomam
3305 1960 3320 1998 :
3352 1951 3507 1998 tanta

1930 2041 2162 2093 abundat
2202 2038 2513 2103 insulsitas;
2564 2037 2700 2091 adeo
2732 2036 3008 2105 multiplex
3058 2046 3107 2090 et
3162 2036 3312 2089 varia
3374 2035 3510 2089 inest

1931 2131 2201 2187 malarum
2232 2148 2408 2187 rerum
2437 2129 2681 2195 colluvio,
2713 2138 2810 2185 etc.
2860 2129 2957 2184 Est
2996 2138 3174 2183 autem
3207 2128 3264 2181 in
3284 2128 3513 2182 interro-

1929 2222 2105 2295 gando
2144 2224 2357 2278 omnino
2383 2223 2627 2294 agrestis,
2666 2232 2716 2277 et
2759 2222 3043 2292 probatum
3082 2224 3182 2274 hac
3206 2221 3261 2273 in
3296 2237 3352 2274 re
3386 2220 3512 2291 legi.

1932 2320 2217 2387 limumque
2243 2333 2440 2372 morem
2478 2315 2724 2381 sustulit;
2767 2331 2858 2368 nec
2883 2331 3003 2368 eum
3030 2314 3189 2368 subiit
3211 2313 3510 2367 reverentia

1931 2411 2045 2481 ejus
2079 2411 2329 2474 nominis,
2362 2408 2496 2478 quod
2529 2425 2647 2462 cum
2679 2408 2999 2479 philosophis
3026 2422 3298 2462 commune
3330 2405 3509 2471 habet,

1931 2515 2030 2560 etc.
2062 2504 2340 2558 Enimvero
2366 2513 2556 2557 caztera
2591 2501 2867 2556 Platonem
2894 2502 3157 2564 imitatus,
3184 2516 3242 2553 eo
3270 2498 3512 2553 videlicet

1931 2598 2069 2677 quod
2096 2596 2330 2667 dialogos
2359 2604 2496 2650 vocet
2536 2612 2599 2649 ea
2619 2609 2735 2663 qute
2760 2593 2960 2653 scribit.
2982 2592 3190 2677 etquod
3221 2589 3315 2644 illa
3348 2588 3512 2677 [Plu-

1930 2669 2040 2743 toni
2074 2684 2386 2759 familiaria]
2418 2680 2465 2740 ὦ
2487 2683 2701 2752 incipe,
2728 2682 2897 2753 μάλα
2917 2669 3118 2751 μόλιὸ,
3153 2683 3267 2748 ob}
3290 2678 3433 2746 ἕπῃ,
3462 2673 3511 2733 ὦ

1932 2780 2143 2848 ἑταῖρε,
2170 2778 2383 2847 aliaque
2415 2779 2528 2847 ejus
2568 2776 2771 2847 generis
2801 2775 3017 2828 subinde
3055 2782 3237 2827 assuta
3286 2780 3510 2841 repetat,

1931 2874 2025 2928 hoc
2053 2872 2168 2926 solo
2199 2869 2342 2924 haud
2402 2870 2642 2922 imitatus
2695 2875 2792 2933 est,
2818 2877 2918 2920 etc.
2948 2865 3074 2920 Jam
3100 2881 3219 2919 vero
3253 2863 3507 2917 lemmata

1934 2965 2143 3038 egregia
2167 2973 2324 3031 atque
2351 2961 2611 3032 ejusmodi
2628 2969 2767 3024 sunt,
2788 2969 2845 3013 ut
2864 2958 3103 3013 Palama:
3117 2957 3387 3011 silentium
3403 2957 3509 3009 im.

1934 3067 2151 3131 ponant.
2183 3056 2279 3112 Est
2307 3058 2443 3112 enim
2465 3056 2872 3127 unumquodque
2906 3055 3098 3109 lemma
3132 3062 3345 3107 atroxet
3366 3052 3507 3107 mul-

266 3131 425 3203 μόνον
444 3130 545 3183 οὐκ
571 3131 884 3201 ἐμιμήσατο
905 3167 923 3185 .
941 3169 956 3187 .
981 3167 999 3186 .
1028 3169 1044 3187 .
1065 3172 1081 3190 .
1111 3132 1193 3185 Τὰ
1218 3131 1482 3203 λήμματα
1502 3132 1556 3186 δὲ
1579 3134 1823 3202 γενναῖα,

1934 3153 2099 3225 ιίριεςο
2128 3152 2450 3216 conuitium,
2477 3150 2694 3220 dignum
2738 3147 2935 3202 scilicet
2972 3146 3181 3218 ingenio
3233 3155 3283 3205 et
3337 3155 3509 3199 mente

265 3224 358 3279 καὶ
387 3219 475 3275 οἷα
527 3221 735 3296 σιωπὴν
789 3223 1085 3293 ἐπενέγκαι
1118 3223 1198 3295 τῷ
1251 3224 1513 3294 Παλαμᾷ.
1575 3223 1827 3291 Λοιδορία

266 3320 371 3388 γὰρ
393 3320 627 3374 ἕκαστον
656 3320 842 3392 μακρά
870 3337 953 3383 τις
979 3321 1072 3373 καὶ
1097 3319 1419 3391 παντοδαπὴ
1451 3321 1544 3375 καὶ
1571 3320 1673 3391 τῆς
1710 3321 1828 3373 δια-

268 3415 416 3476 νοίας
446 3412 571 3478 ἀξία
607 3411 701 3465 τοῦ
728 3412 1020 3483 φιλοσόφου
1048 3429 1063 3445 ’
1100 3412 1157 3478 ὃς
1193 3412 1395 3466 εἰδέναι
1426 3413 1525 3483 μὲν
1558 3412 1830 3481 ἐπαγγέλ-

268 3506 420 3560 λεται
448 3506 515 3559 τά
538 3506 584 3557 τ’
607 3505 757 3569 ὄντα,
792 3504 862 3558 τά
904 3504 951 3557 τ’
979 3506 1231 3576 ἐσόμενα,
1266 3507 1374 3577 πρό
1424 3506 1472 3560 τ’
1499 3507 1677 3560 ἐόντα.
1720 3506 1829 3560 Καὶ

267 3600 375 3668 γὰρ
429 3599 525 3651 καὶ
583 3599 960 3669 χρησμολόγος
1014 3615 1097 3662 τις
1150 3594 1291 3652 εἶναι
1348 3598 1598 3668 βούλεται
1627 3598 1826 3663 δοκεῖν,

268 3695 359 3747 καὶ
384 3689 663 3745 Χαλδαῖκά
685 3707 807 3744 τινα
843 3690 1099 3761 συνείρει,
1130 3691 1225 3743 καὶ
1253 3690 1456 3760 μύθους
1496 3691 1589 3743 καὶ
1611 3691 1830 3762 ἐπῳδὰς

271 3782 546 3853 πανταχοῦ
572 3787 805 3855 καταχεῖ
825 3783 939 3837 τῶν
965 3783 1159 3851 λόγων.
1205 3785 1264 3839 ’0
1296 3785 1472 3881 τοίνυξι
1499 3785 1607 3837 πᾶν
1660 3785 1826 3852 μέρος

265 3875 424 3944 λόγου
452 3875 769 3943 συναγαγὼν
786 3875 1051 3945 ἠγνόησεν
1086 3875 1114 3928 ὃ
1143 3891 1195 3928 τι
1214 3874 1475 3928 καλοῦσιν
1498 3876 1546 3928 oi
1575 3874 1831 3928 ἀποδεικ-

267 3968 478 4029 νύοντες
509 3967 721 4037 λῆμμα,
755 3967 824 4021 ἄν
862 3983 920 4019 τε
970 3966 1199 4035 λογικῶς
1235 3967 1300 4021 ἄν
1331 3983 1390 4019 τε
1423 3964 1829 4036 μαθηματικῶς

267 4055 544 4120 ἀποδεῖξαι
585 4055 677 4126 δέῃ
706 4072 720 4085 ⁸
759 4054 893 4109 ἀλλὰ
939 4055 1036 4126 τὴν
1088 4056 1357 4128 λοιδορίαν
1388 4057 1582 4128 λῆμμα
1640 4058 1831 4111 ἐκάλε-

272 4166 433 4201 σεν..
460 4189 473 4201 .
504 4189 518 4202 .
551 4150 655 4200 Καὶ
706 4148 1078 4220 ἁστρονομῶν,
1124 4150 1182 4202 ὲν
1237 4148 1463 4222 γλώσσῃ
1516 4151 1613 4219 μὲν
1675 4150 1828 4204 οὐδὲν

272 4245 428 4316 φέρει
463 4244 558 4309 τῆς
604 4245 939 4313 ἐπιστήμης,
984 4244 1232 4316 σφαιρῶν
1281 4246 1337 4298 δὲ
1371 4245 1679 4319 ἐμπίπλησι
1728 4247 1828 4315 τὴν

271 4342 477 4392 οἰκίαν·
510 4339 603 4392 καὶ
642 4340 817 4393 πάντα
875 4338 1092 4408 βιϐλίων
1135 4341 1293 4407 γέμει
1326 4341 1419 4394 καὶ
1467 4340 1827 4411 διαγραμμά-

274 4447 400 4483 τωνο
435 4432 528 4484 καὶ
577 4431 876 4501 σκίμποδας
933 4431 1024 4483 καὶ
1062 4432 1292 4502 ὀρόφους
1342 4434 1574 4503 μεστοὺς
1622 4432 1827 4485 ἐπιδεί-

1932 3243 2245 3315 philosophi,
2276 3243 2366 3314 qui
2387 3258 2443 3296 se
2472 3251 2519 3296 et
2556 3240 2862 3309 prmsentia,
2893 3247 2941 3292 et
2974 3239 3178 3309 futura,
3222 3246 3270 3290 et
3313 3248 3512 3306 pra'te-

1932 3338 2038 3391 rita
2076 3338 2208 3391 scire
2264 3334 2547 3406 gloriatur.
2592 3331 2794 3401 Quippe
2846 3342 2897 3384 et
2976 3330 3300 3384 vaticinator
3346 3326 3513 3383 videri

1930 3430 2040 3486 vult
2070 3438 2156 3493 :et
2184 3426 2470 3483 Chaldaica
2522 3424 2768 3495 quaedam
2819 3422 3070 3486 annectit,
3105 3431 3153 3475 et
3190 3420 3435 3492 fabellas,
3461 3429 3512 3473 et

1932 3521 2177 3575 carmina
2216 3519 2423 3588 magica
2479 3514 2813 3570 orationibus
2871 3514 2980 3568 suis
3005 3514 3202 3583 passim
3256 3512 3509 3580 aspergit.

1931 3611 2122 3677 Itaque
2173 3609 2257 3663 hic
2317 3608 2409 3679 qui
2442 3606 2652 3677 singula
2696 3605 2910 3659 dicendi
2942 3620 3132 3673 genera
3195 3602 3430 3671 collegit,
3459 3600 3515 3655 id

1932 3702 2069 3772 quod
2093 3700 2158 3757 ab
2181 3698 2674 3772 argumentantibus
2717 3696 2849 3767 (sive
2892 3694 3060 3765 logica
3082 3695 3191 3748 sive
3215 3692 3512 3760 mathema-

1933 3796 2037 3847 tica
2062 3792 2506 3847 demonstratione
2526 3805 2654 3858 opus
2673 3789 2761 3858 sit)
2788 3787 2982 3841 lemma
3005 3787 3220 3851 dicitur,
3246 3784 3513 3854 quodnam

1932 3892 2061 3939 esset
2092 3883 2331 3950 nescivit,
2366 3890 2413 3935 et
2438 3881 2576 3951 quod
2601 3880 2885 3934 conuitium
2918 3886 3056 3944 erat,
3106 3875 3296 3930 lemma
3320 3876 3374 3930 id
3423 3890 3513 3928 vo-

1932 3978 2090 4041 cavit,
2126 3987 2229 4029 etc.
2260 3973 2413 4027 Idem
2453 3987 2572 4026 cum
2612 3988 2694 4025 res
2728 3968 3114 4025 astronomicas
3150 3972 3369 4028 tractat,
3407 3980 3511 4016 non

1933 4086 2023 4125 ore
2054 4079 2102 4122 et
2135 4066 2321 4138 lingua
2351 4064 2630 4119 scientiam
2676 4063 2891 4132 prwfert
2913 4102 2928 4125 ,
2969 4068 3024 4113 at
3053 4058 3272 4128 sphwris
3299 4057 3514 4109 domum

1931 4154 2145 4233 implet:
2182 4159 2358 4213 omnia
2399 4157 2446 4211 ei
2471 4157 2617 4210 libris
2651 4165 2699 4210 et
2750 4155 2934 4224 figuris
2983 4150 3259 4206 delinealis
3320 4150 3515 4219 referta

1931 4251 2347 4322 sunt:grabata
2412 4250 2525 4318 ipsa
2585 4256 2632 4300 et
2697 4257 2951 4300 lcclorum
2991 4243 3210 4315 fastigia
3265 4242 3522 4297 doctrina;

1932 4346 2087 4416 plena
2116 4349 2361 4403 ostentat,
2407 4339 2610 4410 quidvis
2656 4337 2877 4402 denique
2932 4337 3106 4406 potius
3144 4352 3304 4402 quam
3348 4334 3520 4401 .inge-

1931 4443 2099 4501 nium,
2167 4448 2264 4491 etc.
2324 4434 2602 4488 llom’nem
2661 4433 2839 4499 itaque
2872 4446 2971 4483 non
3035 4446 3097 4483 ea
3126 4444 3180 4481 re
3233 4426 3524 4488 admiror:

200 4575 205 4579 .
270 4540 434 4577 κνυσι
455 4526 551 4590 τῆς
571 4525 778 4592 σοφίας,
799 4528 892 4578 καὶ
920 4508 1090 4583 {dum
1116 4524 1316 4595 μᾶλλον
1343 4524 1489 4597 ἧτὴν
1508 4525 1706 4596 ψυχήν.
1733 4565 1747 4579 .
1772 4565 1786 4582 .
1816 4564 1826 4579 .

1939 4534 2029 4586 sed
2050 4528 2189 4599 quod
2218 4527 2467 4597 potuerit,
2531 4541 2648 4577 cum
2678 4524 2929 4589 docendo,
3002 4530 3113 4573 tum
3154 4516 3423 4580 discendo,
3459 4517 3527 4570 in

275 4619 349 4668 Οὐ
380 4616 537 4669 τοῦτο
564 4616 741 4670 τοίνυν
795 4616 1056 4691 Θαυμάςω
1080 4614 1169 4671 τόν
1200 4618 1486 4688 ἄνθρωπον
1510 4636 1523 4650 ·
1550 4618 1664 4672 ἀλλ’
1702 4617 1825 4675 ἀνθ’

270 4700 621 4778 ὦειὲδυνήοη,
654 4710 721 4763 τὰ
777 4709 875 4779 μὲν
903 4708 1186 4776 διδάσκων,
1214 4710 1281 4765 τὰ
1342 4711 1397 4765 δὲ
1429 4710 1740 4781 μανθάνων,
1773 4710 1832 4765 ὲν

272 4800 511 4871 τοσούτῳ
541 4801 764 4871 πελάγει
794 4801 890 4856 καὶ
918 4792 1110 4890 ἱρόνου
1154 4806 1250 4861 καὶ
1281 4805 1477 4874 λόγων,
1526 4805 1624 4878 τήν
1656 4804 1833 4878 ψυχὴν

272 4895 455 4963 ἅμαῡῆ
503 4894 867 4967 διατηρῆσαι·
907 4899 1157 4967 καθάπερ
1198 4898 1327 4963 τοὺς
1387 4900 1833 4968 θαυματοποιοὺς

274 4985 648 5056 Θαυμάζομεν,
713 4988 945 5054 ἀπαθεῖς
1002 4991 1188 5045 κακῶν
1242 4994 1339 5046 καὶ
1398 4992 1511 5063 πῦρ
1551 4994 1644 5046 καὶ
1688 4968 1831 5064 ὕδωρ

273 5078 364 5129 καὶ
405 5075 535 5147 ξίφη
566 5076 981 5150 διερχομένους.’

476 5194 489 5223 ι
642 5168 704 5224 In
746 5170 988 5241 (ἕτεροι-ιε
1044 5171 1416 5227 deliramenta.

343 5261 409 5314 At
439 5260 713 5332 Cregoras,
759 5264 840 5316 vir
879 5262 1076 5318 scilicet
1102 5265 1548 5332 sapientissimus,
1583 5281 1648 5319 ac
1694 5264 1742 5319 si
1787 5264 1835 5317 ei

274 5354 401 5409 satis
430 5356 613 5410 uomit
649 5352 939 5426 Byzantios
966 5355 1021 5408 in
1050 5357 1134 5409 sui
1167 5355 1576 5413 admirationem
1617 5373 1835 5411 conver-

276 5446 412 5509 tisse,
460 5449 593 5512 ipsos
644 5463 850 5518 quoque
909 5445 1418 5507 Thessalonicenses.
1446 5450 1589 5502 datis
1615 5448 1830 5518 litteris.

274 5538 324 5590 in
344 5554 464 5593 suas
495 5516 678 5595 laudes
706 5516 865 5610 cogit.
897 5547 945 5592 et
965 5540 1180 5596 adorari
1202 5556 1258 5595 se
1280 5532 1490 5596 tantum
1521 5516 1832 5610 nonjubet;

273 5644 447 5699 nempe
473 5631 537 5684 ab
573 5632 871 5685 hominibus
903 5630 1098 5695 liberis,
1134 5630 1224 5701 qui
1256 5631 1394 5688 nihil
1420 5632 1490 5686 ad
1516 5633 1832 5705 cujusquam

270 5747 909 5877 29:3?)r‘nidgsgpuscula
962 5749 1165 5807 Νῖσοιυί
1198 5752 1480 5822 Cabasiluz,
1532 5753 1656 5811 cod.
1689 5752 1824 5825 Reg.

1942 4631 2090 4682 tanto
2116 4620 2365 4687 temporis
2407 4629 2455 4672 et
2480 4614 2907 4689 [perpetuarum]
2937 4613 3143 4668 dicendi
3177 4611 3519 4666 exercitatio-

1941 4731 2067 4770 num
2094 4711 2376 4771 curriculo,
2401 4711 2583 4763 rudem
2612 4718 2660 4762 et
2693 4708 2992 4777 imperitum
3014 4704 3249 4758 animum
3273 4718 3518 4767 servare;

1940 4809 2121 4864 itidem
2167 4813 2223 4867 ut
2248 4802 2657 4873 priestigiatores
2693 4801 3049 4863 admiramur,
3101 4800 3294 4871 ignem.
3326 4798 3521 4865 undas,

1930 4899 2158 4973 gladios,
2193 4898 2407 4965 impune
2441 4904 2892 4966 pertranseuntes.

1933 5016 2028 5071 Ill.
2077 5011 2189 5068 Τοῦ
2230 5007 2567 5080 Λαμπηνοῦ
2613 5007 3055 5080 Ταρχανειώτου
3097 5009 3187 5075 εἰς
3220 5008 3327 5062 τὸν
3360 5009 3524 5077 Γρηιη

2546 5077 2733 5148 γορᾶν
2766 5080 2901 5151 (88).
3078 5113 3084 5126 ι
3344 5140 3351 5145 θ
3578 5138 3583 5143 ,

2012 5196 2031 5229 ι
2076 5172 2191 5231 Εἶτ’
2216 5176 2273 5237 ἐς
2310 5173 2535 5243 ἄγαλμα
2577 5173 2677 5240 μὲν
2710 5175 2774 5228 ἄν
2812 5191 2894 5236 τις
2936 5171 3138 5245 βλέψας
3176 5170 3389 5240 εὐφυῶς
3422 5173 3527 5242 τῆς

1938 5271 2135 5339 τέχνης
2169 5253 2308 5338 ἔχων
2340 5269 2440 5321 οὐκ
2473 5266 2539 5322 ἂν
2569 5267 2739 5339 δήπου
2780 5266 2979 5340 ῥᾳδίως
3014 5268 3289 5336 ἀποσταίη
3327 5266 3407 5319 ὅτι
3447 5263 3527 5334 μὴ

1940 5361 2039 5417 σὺν
2067 5360 2253 5432 ἀηδίᾳ,
2286 5358 2402 5413 ἀλλ’
2428 5360 2741 5431 ἀκορέστως
2772 5360 2885 5427 ἕξει
2912 5361 3010 5426 τῆς
3041 5359 3149 5413 ἀπὸ
3177 5358 3272 5413 τοῦ
3302 5357 3526 5428 βλέπειν

1939 5454 2133 5525 ἡδονῆς
2154 5469 2168 5482 ·
2200 5454 2324 5515 τοὺς
2348 5451 2407 5505 δὲ
2429 5454 2540 5516 τοῖς
2567 5454 2677 5515 σοῖς
2708 5452 2892 5521 λόγοις
2920 5446 3034 5505 οἷον
3062 5449 3330 5521 ἐμψύχοις
3359 5448 3525 5517 ἀγάλ-ν

1939 5561 2106 5614 μασιν
2133 5542 2537 5608 ὲνατενίζοντας
2568 5543 2683 5597 ἐστι
2717 5543 2878 5615 κόρον
2909 5541 3002 5596 τοῦ
3036 5533 3270 5606 κάλλους
3300 5539 3526 5607 λαϐεῖν⁸

1938 5637 1971 5707 ἧ
2000 5637 2192 5689 Θᾶττον
2218 5636 2329 5690 ἀπὸ
2356 5635 2559 5690 τούτων
2586 5637 2919 5708 ἀναχωρεῖν,
2947 5634 2982 5689 ἃ
3005 5634 3131 5699 τοὺς
3157 5635 3252 5701 τῆς
3281 5633 3529 5699 διανοίας

1940 5750 2439 5880 Βυξξιθιὶηῇθεοτίρια
2463 5771 2528 5813 ex
2566 5756 2692 5813 cod.
2740 5754 3028 5816 Vaticano,
3062 5766 3227 5806 manu
3259 5749 3323 5805 R.
3360 5748 3421 5812 Ρ.
3459 5749 3522 5804 D.
