3990 6466
236 400 302 463 65

1258 405 1685 467 ΝςεΕρΗῡιιῐ
1720 404 2111 467 causam
2155 405 2472 467 ELOGIA.
2512 378 2519 383 ’

3074 284 3119 327 κ

3432 407 3505 471 δε

236 528 463 592 variants,
507 511 645 583 μετὰ
684 512 889 583 ταύτης
932 511 1102 585 δήπου
1147 517 1244 570 καὶ
1289 521 1403 583 τοῖς
1447 521 1579 592 περὶ
1620 521 1803 575 αὐτῶν

1922 515 2066 581 Quod
2085 526 2263 570 autem
2296 534 2398 570 non
2431 527 2623 572 temere
2656 518 2709 571 id
2742 536 2775 573 a
2806 537 2886 573 me
2912 537 3002 574 nec
3029 519 3099 575 ad
3131 521 3362 591 gratiam
3394 522 3505 575 ullo

236 605 475 666 ἐπαίνοις
501 605 840 676 ἐγχειρῆσαι.
867 606 939 662 Σὺ
964 607 1008 660 δ’
1031 609 1177 680 ἡμᾶς
1204 609 1394 681 ὥσπερ
1422 610 1634 683 παρὼν,
1663 613 1805 668 οὕτω

235 693 327 745 καὶ
358 693 516 747 ἀπὼν
548 696 885 765 εὐφραίνεις.
918 700 1174 771 Ἔχοντες
1210 702 1309 772 μὲν
1341 703 1449 773 γὰρ
1479 705 1718 771 τάγαθὸν
1749 706 1807 757 ὲν

235 788 437 857 χεροῖν,
479 784 667 860 ὥσπερ
707 789 875 857 εἰκὸς,
917 793 1345 863 ἐκαρπούμεοα’
1388 796 1449 849 τὸ
1489 797 1531 849 δ’
1559 794 1699 851 εἶναι
1740 800 1808 869 τῇ

236 876 469 946 βασιλίδι
495 878 605 931 τῶν
635 880 843 934 πόλεων
878 885 972 936 καὶ
1001 885 1248 957 ἡμετέρᾳ
1277 888 1502 955 πατρίδι
1535 889 1808 960 τοσαύτην

236 970 568 1040 φιλοτιμίαν,
600 971 779 1042 πάσης
808 975 998 1045 ἡδονῆς
1026 978 1357 1049 ἐμπίπλησι.
1385 980 1496 1034 Καὶ
1525 982 1675 1053 τόπῳ
1709 983 1809 1051 μὲν

239 1061 582 1132 διεστηκότες
616 1063 876 1137 φιλοῦμεν
905 1067 1001 1137 οὐχ
1034 1062 1195 1140 ἦττον
1228 1069 1262 1141 ἢ
1300 1072 1570 1143 παρόντες
1593 1089 1608 1104 °
1643 1074 1807 1129 αὑτο-

243 1152 551 1223 προσὼπως
592 1155 646 1209 δὲ
688 1159 787 1209 οὐκ
828 1158 970 1227 ἐξὸν,
1014 1161 1257 1225 διανοίας
1302 1164 1493 1233 σοίιγε
1540 1165 1809 1236 κινήμασι

245 1244 529 1316 σύνεσμεν.
561 1248 669 1320 Τὴν
700 1251 884 1319 μέντοι
926 1253 1085 1321 φύσιν
1116 1252 1211 1322 τὴν
1246 1255 1344 1326 σὴν
1372 1258 1486 1320 τοῖς
1523 1258 1810 1331 ὑμετέροις

242 1339 418 1407 λόγοις
459 1341 757 1413 ἐνορῶμεν,
796 1345 892 1398 καὶ
924 1346 1021 1416 τῆς
1064 1348 1163 1418 σῆς
1202 1349 1280 1412 εἰς
1325 1353 1549 1421 μνήμην
1585 1351 1810 1421 ἥκοντες

241 1429 541 1501 διατριϐῆς,
570 1436 663 1487 καὶ
690 1435 799 1487 τῶν
823 1437 1090 1507 ὁσημέραι
1118 1439 1433 1506 φοιτώντων
1456 1440 1556 1510 τὴν
1583 1441 1812 1514 ’Δκαδη-

246 1523 375 1589 μίαν
402 1525 502 1577 καὶ
530 1525 594 1579 τὸ
627 1525 861 1580 Λύκειον
894 1529 1299 1599 φανταζόμεθα.
1336 1533 1446 1585 Καὶ
1487 1535 1572 1588 σοὶ
1611 1532 1708 1603 μὲν
1728 1533 1813 1587 κτὰ

245 1616 505 1669 κάλλιστα
534 1618 705 1672 ταῦτα
741 1623 1108 1692 συγχαιρομεν
1130 1636 1145 1650 ⁸
1180 1625 1564 1697 μακαρίζομεν
1592 1627 1636 1681 δ’
1660 1629 1811 1698 ἡμᾶς

247 1708 443 1770 αὐτοὺς
478 1710 577 1778 τῆς
618 1712 721 1780 σῆς
764 1714 905 1767 κατὰ
939 1714 1030 1768 τὸν
1064 1715 1180 1786 βίον
1220 1720 1393 1786 φορᾶς
1432 1719 1526 1772 καὶ
1569 1719 1808 1773 συνόδου.
1856 1716 1860 1721 ’

249 1799 346 1867 Eii;
394 1800 451 1851 δέ
501 1817 560 1852 σε
611 1804 747 1856 κάπὶ
799 1804 1050 1860 πλεῖστον
1098 1808 1387 1885 ⁸ιςροελθεῖν
1434 1809 1530 1864 τοῦ
1581 1812 1808 1882 χρόνον,

248 1889 393 1952 ὅπως
422 1892 518 1944 καὶ
546 1894 785 1948 πλεῖστοι
812 1895 918 1949 τῶν
950 1899 1078 1969 (95)
1108 1882 1329 1968 ἀγαθῶν
1362 1879 1688 1974 μετάσχοιεν
1717 1903 1812 1958 ἄν·
1845 1879 1887 1935 Β

248 1983 471 2052 Optumst.

542 2079 841 2151 Lampenus
863 2083 906 2138 Τ
909 2086 1237 2142 archaniotes
1261 2086 1523 2159 Gregorio.

318 2168 519 2239 Nempe
546 2174 775 2242 quilibet,
821 2177 984 2231 habili
1016 2181 1085 2232 ad
1112 2181 1503 2249 percipiendam
1539 2188 1709 2236 artem
1732 2183 1820 2236 in-

251 2263 399 2331 genio
438 2265 713 2333 prirditus,
749 2267 796 2320 si
826 2269 1169 2324 simulacrum
1207 2273 1495 2341 aspexerit,
1532 2289 1633 2327 non
1662 2274 1819 2345 facile

252 2352 316 2405 ab
344 2367 405 2406 eo
433 2369 525 2408 nec
551 2355 650 2410 nisi
677 2358 887 2412 moleste
902 2362 1144 2428 discedet,
1175 2379 1237 2416 ac
1263 2363 1534 2433 spectandi
1550 2364 1819 2437 uoluptate

253 2446 448 2515 expleri
494 2465 597 2503 non
650 2452 888 2518 poterit:
924 2454 1044 2509 illos
1095 2467 1270 2510 autem
1321 2460 1409 2528 qui
1444 2460 1501 2513 in
1552 2462 1819 2517 orationes

256 2551 393 2605 tuas,
420 2542 572 2610 quasi
598 2543 652 2595 in
680 2545 965 2600 simulacra
992 2548 1257 2614 animata,
1298 2549 1462 2604 oculis
1504 2551 1691 2621 deﬁxis
1710 2554 1819 2608 hce-

253 2643 387 2700 rent,
421 2634 558 2697 illos,
590 2636 827 2706 inquam,
849 2639 1052 2706 pulchri
1069 2642 1291 2696 satietas
1315 2644 1509 2711 capiet,
1532 2653 1627 2698 aut
1661 2645 1817 2701 citius

250 2727 288 2780 ii
313 2728 575 2781 dissederat
609 2729 673 2781 ab
698 2728 805 2783 illis
832 2731 999 2794 rebus,
1032 2749 1147 2802 qua:
1174 2735 1445 2788 oculorum
1477 2737 1663 2791 mentis
1689 2752 1818 2806 epu-

253 2817 315 2871 lae
345 2828 395 2872 et
424 2818 621 2874 delicia:
647 2834 762 2875 sunt
783 2823 809 2875 .9
849 2821 916 2877 ld
943 2826 1150 2894 quidem
1188 2843 1358 2890 nemo,
1395 2837 1451 2883 ut
1483 2831 1691 2899 opinor,
1737 2831 1820 2902 di-

253 2921 430 2966 cturus
460 2922 556 2978 est,
589 2916 675 2985 qui
713 2917 933 2972 rationis
968 2934 1075 2999 usu,
1114 2921 1404 2975 instructus
1435 2924 1523 2977 sit.
1554 2922 1688 2994 Ego,
1716 2939 1820 2993 quo

254 3014 477 3072 tempore
508 3023 750 3075 magnam
782 3009 958 3063 urbem
986 3010 1320 3078 habitabant;
1357 3014 1645 3084 prteclaras
1698 3024 1820 3070 tuas

253 3098 628 3166 disputationes
675 3100 861 3154 mirari
908 3101 1048 3157 haud
1098 3102 1394 3159 desinebam
1433 3120 1474 3166 ς
1511 3121 1662 3161 nemo
1706 3114 1818 3162 erat

1913 609 2066 662 modo
2100 611 2330 670 dicatur,
2353 628 2469 663 cum
2500 612 2609 664 alia
2638 612 2803 665 multa
2830 613 3034 667 abunde
3068 614 3365 679 declarant,
3391 626 3504 668 tum

1910 719 1991 761 ea,
2024 719 2141 772 qua:
2182 705 2366 756 statim
2400 704 2639 757 dicturus
2680 721 2818 759 sum.
2850 704 2957 759 Alii
2980 706 3193 775 quidem
3240 707 3379 761 alias
3416 709 3503 759 tli-

1909 794 2165 863 sciplinas
2198 804 2248 847 et
2279 795 2387 849 alia
2417 797 2594 850 studia
2624 797 2848 867 professi
2886 809 3032 857 sunt,
3066 808 3221 865 prout
3258 799 3507 866 cujusque

1910 886 2152 940 uoluntas
2183 896 2231 941 et
2258 889 2560 942 institutum
2587 889 2711 958 fuit,
2739 900 2832 943 aut
2866 896 2944 950 (ut
2981 892 3152 944 verius
3181 890 3377 958 dicam)
3411 908 3507 944 na-

1913 988 2033 1033 tura
2072 996 2090 1035 :
2128 981 2181 1033 in
2221 980 2408 1050 quibus
2447 998 2564 1034 cum
2605 981 2970 1035 excelluissent
3023 993 3071 1035 et
3124 982 3194 1035 ad
3240 998 3505 1036 summum

1909 1072 2282 1137 pervenissent,
2317 1084 2428 1125 tum
2474 1074 2683 1127 demum
2712 1075 2937 1140 .a'mulos
2980 1082 3029 1128 et
3061 1075 3321 1128 similibus
3349 1075 3500 1129 labo-

1911 1163 2054 1218 ribus
2083 1165 2395 1218 exercitatos
2444 1165 2538 1218 risi
2561 1176 2679 1219 sunt
2727 1182 3029 1233 superasse.
3069 1167 3133 1218 At
3167 1175 3229 1229 tu
3273 1166 3406 1218 nihil
3431 1173 3506 1220 est

1913 1255 1983 1309 ad
2020 1265 2158 1326 quod
2203 1267 2362 1312 natus
2405 1273 2505 1310 non
2543 1258 2647 1322 sis;
2678 1258 2832 1318 nihil,
2865 1274 2966 1327 quo
3002 1275 3103 1311 non
3140 1269 3188 1311 te
3216 1259 3387 1326 ipsum
3412 1274 3510 1326 ag-

1911 1350 2211 1417 gregaveris
2229 1364 2248 1413 ;
2292 1348 2441 1408 nihil,
2471 1349 2524 1403 in
2553 1365 2655 1418 quo
2687 1349 2830 1403 haud
2863 1350 3166 1419 felicissime
3194 1349 3507 1405 elaboraris.

1915 1440 2021 1495 Sed
2055 1440 2108 1493 in
2157 1441 2395 1495 omnibus
2439 1442 2515 1494 sic
2567 1452 2832 1503 versatus,
2887 1452 3138 1497 utnemo
3178 1443 3232 1495 in
3261 1442 3507 1512 singulis,

1915 1530 1995 1583 tui
2021 1539 2069 1583 et
2105 1539 2414 1584 cwterorum
2449 1532 2732 1586 discrimen
2780 1534 2989 1588 euidens
3034 1534 3222 1598 fecisti.
3274 1533 3411 1587 Nam
3453 1536 3510 1587 in

1912 1623 2100 1693 quibus
2126 1623 2494 1692 particulatim
2523 1626 2741 1694 quisque
2764 1627 3088 1697 praecipuam
3111 1637 3159 1680 et
3183 1627 3508 1702 singularem

1915 1731 2127 1785 operam
2173 1725 2480 1784 posuerunt,
2524 1717 2581 1770 in
2610 1718 2675 1771 iis
2717 1719 2974 1788 quosdam
3023 1736 3389 1788 supergressus
3433 1736 3508 1784 es,
3552 1700 3564 1723 ’

1916 1823 2033 1859 cum
2064 1808 2186 1891 aliis
2218 1808 2281 1861 de
2311 1808 2493 1873 palma
2524 1811 2870 1872 contendisti;
2902 1798 3165 1882 nusquam
3206 1813 3510 1883 infra-pri-
3586 1792 3602 1801 1

1918 1912 2028 1951 mos
2059 1898 2339 1950 substitisti
2364 1915 2382 1952 :
2420 1899 2547 1963 imo,
2578 1910 2632 1952 ut
2664 1903 2973 1956 summatim
3013 1904 3207 1967 dicam,
3248 1921 3381 1957 unus
3416 1906 3511 1958 hos

1916 2003 2093 2042 omnes
2128 2006 2182 2043 re
2224 1991 2339 2060 ipsa
2378 1994 2660 2059 superasti,
2697 2008 2758 2046 eo
2800 1997 2941 2061 quod
2988 1998 3053 2048 ab
3103 1995 3210 2050 illis
3260 1996 3511 2066 pleraque

1917 2080 2227 2149 multiplicis
2274 2083 2530 2138 doctrina;
2580 2100 2772 2154 genera
2822 2085 3052 2155 neglecta
3091 2098 3246 2152 sunt;
3283 2099 3338 2141 tu
3389 2105 3511 2142 vero

1917 2177 2163 2231 uniuersa
2184 2174 2345 2228 simul
2369 2186 2731 2246 perscrutatus
2761 2192 2837 2243 es,
2872 2186 2922 2232 et
2943 2192 3008 2231 ex
3033 2180 3176 2233 omni
3198 2179 3511 2235 eruditionis

1916 2276 2070 2335 parte
2111 2268 2314 2337 fructus
2352 2252 2576 2319 eximios
2624 2268 2948 2336 produxisti,
2986 2267 3242 2339 habesque
3271 2271 3335 2324 ab
3366 2271 3511 2325 omni

1917 2360 2138 2416 scientia
2182 2360 2384 2428 famam
2415 2370 2462 2414 et
2514 2375 2738 2425 nomen;
2771 2360 2849 2413 sic
2877 2373 2933 2413 ut
2970 2371 3175 2430 poetam
3216 2372 3285 2421 te.
3331 2370 3512 2415 orato-

1919 2467 2051 2515 rem,
2085 2452 2394 2519 sophistam,
2430 2450 2763 2515 historicum,
2801 2460 2849 2503 et
2877 2450 2999 2504 aliis
3034 2450 3252 2520 singulis
3280 2451 3509 2504 nomini-

1923 2544 2016 2598 bus
2046 2544 2091 2597 si
2112 2529 2241 2614 'quis
2282 2542 2574 2609 compellet,
2614 2544 2658 2595 is
2682 2558 2714 2595 a
2749 2558 2866 2595 vero
2910 2542 3255 2607 aberraturus
3289 2559 3390 2595 non
3420 2544 3508 2597 sit.

1920 2636 2046 2691 Jam
2092 2635 2156 2689 ab
2204 2634 2553 2703 philosophia,
2593 2635 2936 2687 scientiarum
2974 2634 3368 2703 augustissima,
3396 2633 3515 2700 quis

1923 2743 2042 2783 uere
2088 2737 2159 2781 est
2192 2727 2606 2782 denominatus?
2638 2724 2829 2779 Nonne
2864 2725 2930 2789 is,
2971 2725 3063 2795 qui
3101 2741 3203 2778 non
3243 2723 3411 2777 solum
3456 2740 3515 2777 re

1921 2819 2004 2891 (ut
2029 2820 2107 2873 ita
2138 2819 2332 2887 dicam)
2364 2818 2698 2886 philosophus
2725 2815 2933 2881 est,‘sed
2960 2816 3046 2868 cui
3069 2815 3163 2868 hoc
3181 2830 3365 2868 nomen
3398 2812 3513 2883 (93)

1921 2912 1986 2966 ab
2020 2911 2262 2964 omnibus
2313 2927 2407 2978 pro
2455 2909 2562 2961 alia
2614 2909 2800 2979 quavis
2836 2907 3192 2977 appellatione
3225 2905 3516 2959 tribuitur?

1924 3003 2082 3058 Multi
2113 3001 2453 3070 philosophia:
2487 3002 2802 3054 studuerunt
2831 3014 2849 3052 :
2876 3016 3015 3053 unus
3052 3008 3108 3052 tu
3146 3014 3336 3052 nomen
3362 3014 3427 3052 ea:
3449 3014 3513 3052 ea

1921 3097 2138 3152 sortitus
2179 3111 2234 3150 es
2265 3096 2536 3148 eximium.
2577 3091 2786 3146 Etenim
2815 3108 2994 3146 rerum
3023 3092 3371 3161 cognitionem
3405 3107 3516 3144 cer-

252 3190 501 3257 eruditus,
535 3192 623 3262 qui
652 3209 758 3246 non
786 3194 1016 3250 conscius
1047 3196 1174 3250 mihi
1205 3206 1336 3252 esset
1361 3198 1709 3269 applaudenti
1733 3200 1813 3253 in-

1924 3196 2035 3241 tam
2076 3184 2167 3238 tibi
2209 3184 2480 3253 providere
2516 3193 2564 3236 et
2593 3185 2785 3237 harum
2821 3198 3017 3236 causas
3056 3182 3286 3252 perfecte
3331 3181 3515 3247 carpto-

255 3283 389 3351 genii
424 3284 504 3336 tui
563 3285 765 3354 fetibus,
810 3296 859 3341 et
898 3287 1194 3357 honoriﬁcis
1238 3291 1515 3357 praeconiis
1561 3306 1646 3345 eos
1683 3307 1823 3345 com-

256 3376 544 3431 mendanti.
573 3375 632 3429 At
664 3392 801 3432 nunc
842 3394 927 3434 eos
960 3379 1138 3448 libros,
1172 3396 1301 3449 quos
1329 3382 1423 3435 hoc
1456 3398 1598 3436 anno
1639 3383 1696 3436 in
1744 3383 1824 3437 lu-

258 3484 362 3521 cem
411 3468 648 3534 emisisti,
687 3470 853 3541 magis
901 3471 1167 3538 admiror;
1217 3489 1523 3557 quanquam
1584 3476 1824 3547 egregias
1868 3458 1869 3461 η

259 3562 518 3616 orationes
559 3579 710 3633 quam
749 3563 1004 3631 plurimas
1023 3565 1142 3634 jam
1168 3575 1290 3620 ante
1323 3567 1583 3634 edideras,
1618 3584 1822 3623 morum

257 3654 533 3721 grauitate,
557 3641 931 3708 sententiarum
955 3654 1227 3725 dignitate,
1251 3656 1523 3711 verborum
1544 3659 1824 3728 majestate

256 3745 415 3798 nihilo
460 3745 727 3814 inferiores
772 3745 1007 3800 Platonis
1048 3748 1395 3801 orationibus.
1437 3747 1642 3817 Quippe
1669 3759 1718 3803 et
1758 3749 1822 3818 ﬁ-

254 3838 393 3906 guris
426 3847 473 3891 et
505 3838 869 3908 compositione
900 3846 948 3891 et
1002 3840 1270 3894 verborum
1316 3849 1441 3910 apta
1481 3841 1823 3896 collocatione

256 3940 300 3979 et
329 3929 603 3997 conjuncta
642 3936 760 3983 cum
793 3931 1051 3986 suavitate
1096 3933 1247 4002 copia
1288 3943 1347 4005 et,
1379 3934 1734 4002 persuadendi
1772 3935 1825 3989 vi

258 4023 509 4074 rhetorica
564 4022 685 4075 illas
731 4023 1082 4093 tequiparant,
1130 4039 1247 4094 qua:
1288 4023 1355 4077 ab
1391 4028 1640 4080 oratoria
1689 4028 1824 4081 artis

257 4116 485 4184 principe
503 4114 814 4171 elucubratw
846 4118 1080 4188 fuerunt.
1105 4115 1190 4171 Ad
1212 4118 1531 4187 ejuscemodi
1561 4118 1826 4173 orationes

256 4223 369 4261 cum
407 4216 455 4260 et
487 4208 810 4278 magnanimi
849 4209 1121 4273 Demetrii,
1154 4198 1352 4281 et’ejus
1377 4227 1493 4282 quae
1535 4211 1698 4265 Deum
1730 4228 1825 4266 ar-

258 4302 403 4354 canis
434 4301 720 4356 rationibus
753 4301 970 4371 peperit,
1002 4300 1186 4355 laudes
1227 4303 1560 4372 adjunxeris.
1595 4318 1826 4374 quonam

263 4395 461 4465 (putas)
500 4410 621 4464 erga
659 4403 707 4448 te
744 4411 899 4449 sensu
950 4396 1165 4466 (ιη’εεὶεεὶ
1208 4396 1467 4464 politioris
1510 4396 1826 4451 litteratum

258 4489 511 4542 studiosos
530 4489 557 4540 .7
589 4480 839 4557 Equidem
877 4497 1126 4559 quotquot
1167 4489 1249 4543 hic
1279 4490 1493 4560 degunt,
1518 4505 1604 4543 eos
1624 4490 1826 4558 primus

1924 3298 2046 3335 rare
2075 3299 2194 3336 cum
2227 3281 2402 3350 velles,
2435 3280 2817 3353 physiologiam
2850 3282 3060 3350 quidem
3107 3280 3428 3344 universam,
3464 3286 3515 3333 et

1926 3374 2269 3445 theologiam,
2315 3385 2363 3429 et
2417 3375 2615 3446 logicas
2670 3374 3157 3445 argumentationes
3206 3372 3519 3445 diligentius.

1923 3468 2308 3538 peruestigasti,
2339 3484 2501 3538 quam
2524 3484 2587 3522 ea
2613 3483 2729 3535 gate
2757 3467 3009 3520 dicuntur
3029 3465 3327 3519 rudimenta
3353 3461 3516 3529 primi

1925 3575 2208 3628 puerorum
2250 3554 2510 3614 doctores.
2566 3558 2697 3612 Tum
2750 3557 3088 3612 scientiarum
3129 3556 3513 3625 primm-larum

1888 3638 1900 3654 ’Χ
1924 3668 2017 3705 seu
2052 3653 2435 3707 mathematum
2489 3651 2663 3705 studio
2710 3651 2764 3705 id
2828 3660 3097 3705 assecutus
3141 3659 3321 3710 es,-ut

3385 3646 3513 3701 solis

1926 3753 2126 3799 motum
2156 3753 2205 3798 et
2245 3761 2482 3807 cursum,
2542 3745 2866 3814 reliquorum
2924 3743 3157 3797 siderum
3210 3751 3513 3812 potestates,

1928 3841 2089 3894 totius
2132 3840 2318 3894 mundi
2367 3848 2417 3895 et
2463 3841 2698 3910 partium
2732 3838 2845 3908 ejus
2889 3839 3025 3891 inter
3071 3853 3126 3891 se
3162 3851 3516 3889 conncaarum

1928 3944 2270 4000 concentum,
2343 3933 2778 4003 dispositionem,
2839 3930 3266 4000 proportionem.
3345 3929 3517 3997 magis

1927 4042 2086 4099 quam
2114 4025 2253 4079 alius
2293 4026 2570 4095 quisquam
2607 4022 2943 4091 intelligeres.
2991 4019 3123 4085 Qua:
3176 4028 3231 4072 tu
3280 4019 3515 4084 docenda

1929 4137 2047 4174 cum
2098 4134 2309 4172 enarres
2362 4126 2409 4171 et
2465 4116 2713 4185 plurimis
2769 4111 3041 4182 discipulis
3080 4111 3286 4177 tradas,
3333 4112 3517 4178 singu-

1929 4215 1993 4269 lis
2017 4229 2113 4282 pro
2140 4227 2234 4265 suo
2279 4220 2439 4280 captu
2487 4207 2888 4279 accipientibus,
2935 4221 3037 4259 non
3089 4205 3228 4256 sines
3284 4202 3518 4272 philoso-

1927 4307 2129 4378 phiam,
2164 4303 2316 4369 cuius
2364 4302 2441 4356 rei
2483 4300 2737 4371 possessio
2769 4298 2968 4352 homini
3017 4295 3371 4365 pulcherrima
3417 4304 3515 4358 est,

1929 4399 2133 4471 penitus
2161 4412 2225 4450 ex
2251 4393 2548 4449 hominibus
2581 4391 2847 4447 sublatam
2884 4384 3158 4443 obscurari
3192 4401 3209 4440 :
3245 4385 3335 4440 sed
3365 4385 3518 4439 libris

1930 4491 2126 4559 majori
2168 4486 2544 4558 perspicuitate
2575 4483 2883 4552 compositis
2920 4478 3266 4551 quorumdam
3305 4480 3520 4531 obscure

263 4596 322 4632 ac
361 4579 501 4633 solus
536 4595 735 4638 mecum
771 4579 825 4632 in
862 4581 1268 4634 admirationem
1315 4580 1492 4649 rapui.
1518 4576 1669 4643 Quod
1707 4579 1752 4631 si
1783 4586 1826 4631 et

1935 4583 2074 4636 dicta
2098 4577 2432 4650 reformabis,
2475 4573 3105 4646 interpretationibusque
3145 4580 3192 4625 et
3247 4570 3522 4639 prtuceptis

264 4672 394 4726 illud
420 4673 525 4725 dici
552 4672 716 4736 debet,
761 4672 927 4741 magis
965 4672 1196 4741 profecto
1222 4688 1381 4742 quant
1426 4681 1584 4725 antea
1631 4672 1832 4742 ingenii

264 4764 337 4815 tui
364 4762 666 4832 magnitudo
694 4777 830 4815 nunc
871 4762 1078 4815 demum
1106 4761 1293 4816 eluxit.
1330 4759 1601 4815 Nimirum
1633 4760 1830 4813 doctri-

265 4871 385 4907 nam
411 4854 467 4906 in
494 4854 597 4906 tuis
632 4852 870 4921 operibus
901 4852 1246 4917 reconditam,
1281 4852 1480 4921 partim
1509 4869 1542 4905 a
1571 4850 1832 4922 plerisque

263 4947 577 5017 ignoratum,
610 4943 804 5013 partim
826 4959 1025 5009 eorum,
1056 4944 1144 5014 qui
1172 4953 1431 5010 utcunque
1460 4943 1829 5013 intelligerent,

264 5042 635 5112 prameditatat
671 5040 879 5094 inuidia:
925 5039 1226 5102 obnoxiam,
1275 5046 1534 5109 quantum
1583 5038 1637 5089 in
1681 5036 1829 5090 nobis

266 5135 361 5204 fuit
391 5136 465 5187 ita
496 5133 858 5203 explicuimus,
892 5142 948 5186 ut
977 5141 1024 5187 et
1060 5126 1227 5187 invidi
1252 5129 1510 5200 praecluso
1533 5145 1622 5183 ore
1647 5129 1832 5182 obmu-

266 5226 539 5291 tescerent,
575 5234 620 5281 et
661 5235 848 5280 nostra:
892 5223 1257 5296 approbationi
1291 5222 1521 5277 aliorum
1569 5231 1829 5290 preeterea

265 5318 606 5387 complurium
633 5319 891 5390 suffragia
942 5317 1267 5372 accederent.
1322 5315 1555 5385 Jamque
1600 5316 1731 5369 adeo
1783 5324 1831 5367 te

266 5428 363 5465 non
406 5413 559 5481 hujus
609 5423 816 5467 tantum
863 5396 1075 5477 nosti-te,
1127 5420 1220 5473 aut
1267 5410 1380 5481 ejus
1432 5425 1548 5479 quae
1593 5410 1835 5479 proxime

266 5506 519 5570 prwcessit
540 5504 731 5570 tetatis,
759 5504 850 5559 sed
868 5512 916 5558 et
936 5502 1267 5574 superiorum
1292 5509 1576 5569 temporum
1609 5499 1832 5553 eruditis

266 5594 518 5659 omnibus,
564 5612 784 5666 quorum
830 5595 953 5650 libri
996 5603 1336 5649 monumenta
1368 5599 1491 5646 sunt
1522 5606 1835 5662 magnorum

267 5689 602 5758 ingeniorum,
648 5690 910 5759 majorem
952 5698 1109 5759 atque
1158 5685 1572 5743 excellentiorcm
1634 5693 1832 5739 statuo.

331 5804 438 5876 (93)
498 5804 638 5863 Fort.
680 5805 812 5876 cibo.

1934 4674 2200 4728 auditores
2240 4675 2317 4725 ita
2362 4669 2588 4734 erudies,
2639 4679 2694 4721 ut
2740 4682 2858 4745 eam
2905 4666 3179 4719 scientiam
3225 4662 3520 4731 posteritati

1932 4767 2205 4836 florentem
2267 4762 2676 4816 transmissurus
2735 4760 2826 4813 sis.
2884 4760 2955 4811 Ac
3014 4755 3256 4810 nonnulli
3311 4754 3522 4823 quidem

1933 4867 2190 4923 oratores,
2225 4871 2344 4910 cum
2376 4854 2583 4924 ingenio
2624 4852 2797 4906 minus
2833 4850 3091 4913 valerent,
3126 4848 3345 4901 dicentia
3374 4846 3525 4915 longe

1933 4953 2313 5024 praestiterunt.
2347 4948 2456 5002 Alii
2485 4957 2668 5001 contra
2699 4944 3027 5017 intelligendi
3053 4941 3366 5014 fucultatep:
3388 4940 3523 4992 lteun

1936 5054 2012 5100 tes
2046 5044 2169 5098 rudi
2195 5050 2245 5098 et
2283 5040 2631 5109 incomposito
2664 5053 2902 5092 sermone
2958 5036 3039 5090 usi
3073 5044 3215 5089 sunt.
3252 5033 3525 5098 Otiusdam

1930 5137 2132 5201 videas,
2180 5137 2342 5190 etiam
2386 5130 2524 5203 quod
2557 5131 2625 5185 ad
2658 5129 3065 5200 grammaticam
3102 5135 3271 5180 artem
3314 5125 3522 5184 attinet,

1931 5229 2062 5285 nihil
2092 5228 2159 5282 ab
2183 5227 2287 5282 illis
2323 5224 2559 5294 differre,
2592 5224 2683 5294 qui
2716 5221 2931 5275 minime
2964 5219 3105 5293 loqui
3134 5218 3331 5279 sciunt,
3379 5225 3430 5268 nl
3461 5215 3525 5266 iis

1929 5322 2098 5391 magis
2141 5317 2389 5387 expediat
2435 5316 2611 5381 silere,
2664 5329 2826 5384 quant
2869 5315 3008 5380 turpi
3059 5309 3377 5382 ignorantia:
3420 5309 3527 5358 cri-

1931 5414 2070 5467 mine
2095 5413 2269 5483 argui.
2308 5408 2386 5463 Tu
2427 5409 2667 5462 doctrina
2705 5416 2754 5461 et
2784 5405 2993 5476 ingenio
3031 5420 3117 5458 ess
3150 5401 3241 5465 qui
3270 5400 3348 5453 his
3376 5400 3526 5449 rebus

1931 5503 2330 5559 instructissimi
2374 5503 2611 5573 fuerunt,
2648 5497 2901 5569 facundia
2937 5507 2987 5551 et
3020 5495 3293 5550 verborum
3321 5487 3523 5543 delectu

1933 5614 2018 5650 eas
2053 5597 2145 5663 qui
2171 5596 2223 5649 in
2244 5595 2341 5647 hac
2371 5603 2523 5664 parte
2549 5593 2909 5647 excelluerunt
2933 5587 3215 5644 wniiilatus
3235 5599 3309 5637 es.
3339 5581 3527 5650 Itaque

1938 5699 2086 5740 tuam
2122 5686 2475 5756 eloquentiam
2502 5701 2566 5739 ex
2602 5684 2728 5751 ipsis
2771 5681 2926 5752 quasi
2976 5677 3142 5731 hortis
3186 5675 3370 5728 Atticis
3401 5686 3524 5743 pro-

335 5873 442 5948 (94)
475 5877 737 5951 Gregoras
789 5874 1135 5947 PhilosOphus
1162 5891 1261 5947 per
1296 5875 1736 5931 antonomasiam
1771 5873 1973 5930 dictus.
