3990 6510
382 459 450 527 71
1403 462 1824 525 N'ICEPHORI
1864 466 2254 525 GREGOIUE
2298 461 2601 525 ELOGIA.
3567 460 3651 523 72

382 576 652 629 biennium
677 573 889 629 misisti.
918 574 1016 628 Hic
1040 573 1120 642 (6)
1146 585 1347 643 autem,
1374 578 1462 630 ubi
1488 578 1854 645 philosophum
1877 577 1955 646 (7)

2062 580 2158 634 καὶ
2191 579 2294 632 ὑπὸ
2320 579 2426 631 τῶν
2455 577 2773 648 όμοφρόνων
2802 573 2968 630 αὐτοῦ
3020 574 3286 644 κινηθεὶς,
3344 576 3417 637 ὡς
3473 576 3654 640 αὑτὸς

383 667 452 720 ad
474 665 627 720 illum
655 667 805 736 cujus
847 666 1163 735 jampridem
1198 668 1455 722 desiderio
1494 670 1712 723 arsisset
1756 671 1956 738 migra-

384 763 517 815 visse
548 760 816 828 comperit,
851 775 967 812 cum
1010 767 1060 812 et
1110 760 1219 827 ipse
1251 759 1327 830 (8)
1378 760 1534 813 sciret
1578 772 1786 814 tuorum
1836 777 1955 824 ope-

384 868 499 905 rum
534 850 793 919 fervidum
822 866 902 903 me
940 859 1253 913 amatorem,
1287 867 1349 903 ac
1378 867 1451 911 se,
1486 853 1533 905 si
1575 853 1767 905 librum
1798 852 1958 919 affer-

385 951 488 1006 ret,
515 941 808 994 maximam
835 957 868 993 a
897 956 977 994 me
1014 943 1248 1010 gratiam
1279 942 1557 1003 initurum,
1597 943 1752 995 illum
1786 943 1956 1009 ipsum

387 1032 578 1085 librum
609 1031 839 1085 allatum
863 1032 992 1085 mihi
1021 1032 1265 1095 tradidit,
1290 1042 1336 1085 et
1366 1033 1533 1086 verbis
1572 1048 1825 1103 perquam
1865 1035 1957 1086 Ito-

386 1121 621 1190 noriﬁcis
662 1122 945 1186 allocutus,
979 1124 1165 1192 Accipe
1204 1124 1414 1191 (inquit)
1443 1140 1573 1193 quas
1594 1125 1809 1177 amabas
1837 1140 1959 1178 ora-

389 1214 578 1268 tiones.
608 1213 715 1267 Pro
761 1230 864 1278 quo
899 1231 1113 1268 munere
1161 1215 1361 1284 gratias
1396 1216 1446 1285 ei
1495 1216 1836 1284 persolvimus
1868 1231 1959 1268 nec

388 1321 601 1370 parvas.
635 1321 729 1358 nec
762 1321 984 1374 quarum
1017 1303 1168 1359 illum
1202 1307 1492 1375 pteniteret.
1527 1306 1612 1359 Ex
1653 1306 1743 1359 illo
1790 1307 1958 1359 nostri

389 1394 445 1446 in
475 1404 522 1446 te
550 1396 748 1447 amoris
771 1395 848 1447 vis
871 1411 1063 1464 magna
1084 1395 1311 1471 exstitit,
1340 1411 1379 1448 ο
1403 1396 1592 1465 ingens
1614 1394 1777 1465 gloria
1801 1395 1959 1449 Achi-

388 1501 540 1539 vum.
568 1485 869 1541 Crtrcorum
900 1486 1092 1556 quippe
1121 1496 1176 1537 tu
1205 1486 1412 1555 gloria;
1446 1485 1548 1538 nisi
1578 1486 1752 1554 potius
1775 1501 1955 1539 eorum

389 1576 558 1645 pudor
578 1594 629 1630 es
670 1588 716 1630 et
757 1576 929 1639 dolor,
968 1582 1027 1631 eo
1057 1577 1196 1646 quod
1229 1576 1348 1630 illos
1381 1578 1729 1646 superaveris,
1770 1576 1859 1646 qui
1904 1579 1959 1630 in

390 1668 693 1737 eloquentia:
723 1669 894 1721 studio
933 1678 1139 1721 aetatem
1181 1684 1388 1721 omnem
1428 1669 1802 1723 contriverunt.
1847 1667 1960 1722 Nos

391 1772 527 1813 certe
564 1761 601 1812 ii
642 1761 856 1814 minime
891 1776 1070 1813 sumus
1098 1758 1315 1831 {quibus
1344 1760 1595 1828 pudorem
1625 1760 1785 1813 simul
1816 1760 1960 1814 dolo-

391 1870 601 1922 remque
649 1869 711 1905 ea
753 1869 807 1906 re
856 1850 1090 1923 ttﬂeros].
1149 1852 1261 1905 Imo
1307 1868 1425 1905 vero
1484 1850 1844 1922 gratulamur,
1896 1868 1957 1903 ac

393 1944 713 2009 triumphum
742 1944 803 1995 de
848 1940 1083 1995 omnibus
1118 1943 1457 1997 libentissime
1483 1944 1574 1997 uni
1600 1944 1693 1997 tibi
1717 1943 1965 1996 decerni-‘

392 2048 525 2083 mus.
556 2037 619 2084 At
650 2032 693 2083 si
721 2033 775 2084 id
801 2040 909 2083 tute
938 2032 1046 2099 ipse
1077 2048 1282 2101 a'quum
1319 2031 1665 2100 judicaveris,
1697 2032 1959 2099 judicabis

393 2132 591 2183 autem,
618 2131 672 2175 ut
702 2138 871 2187 spero,
913 2138 1117 2192 coquunt
1149 2139 1279 2184 esse,
1317 2139 1378 2174 ne
1422 2124 1511 2192 qui
1542 2125 1616 2175 sic
1655 2132 1746 2176 tua
1796 2133 1957 2188 amet,

392 2216 540 2269 solus
569 2218 635 2270 de
670 2224 831 2283 gente
864 2212 1086 2282 Pelasga
1117 2213 1409 2268 Indunatus
1435 2224 1524 2267 eat
1551 2214 1840 2280 litterisque
1866 2231 1960 2267 ca-

393 2318 528 2368 rent,
556 2323 691 2375 (μιαί,
731 2323 832 2359 ηωι
870 2307 1041 2360 solum
1082 2311 1149 2358 ad
1196 2306 1359 2367 alios,
1401 2307 1491 2360 sed
1540 2311 1611 2359 ad
1636 2322 1754 2359 eum
1797 2306 1960 2359 etiam

392 2401 623 2466 scriptte,
658 2399 759 2468 ipsi
785 2399 892 2451 sint
928 2393 981 2451 in
1006 2396 1255 2466 deliciis),
1286 2398 1352 2449 ad
1389 2414 1479 2450 nos
1505 2414 1706 2466 quoque
1731 2398 1959 2465 scriptu-

394 2507 482 2543 rus
505 2507 576 2554 es,
612 2500 666 2541 ut
695 2506 757 2542 ne
786 2489 986 2557 frustra
1020 2506 1205 2543 amare
1235 2490 1528 2543 videamur.
1571 2487 1719 2552 Quod
1758 2490 1803 2541 si
1848 2506 1959 2559 ego,

394 2582 513 2635 licet
562 2598 784 2634 aureum
829 2591 985 2650 caput
1028 2591 1177 2634 tuum
1231 2583 1459 2635 nondum
1510 2583 1824 2649 aspexerim,
1874 2599 1964 2636 nec

395 2674 610 2726 aliunde
648 2675 746 2725 sim
781 2673 933 2727 valde
972 2684 1143 2732 notus.
1194 2673 1535 2727 nihilominus
1583 2682 1755 2726 tamen
1802 2672 1869 2726 ad
1915 2681 1963 2725 te

391 2764 579 2826 scribo,
612 2765 667 2817 id
695 2756 841 2818 tune
868 2766 1127 2831 audacia’,
1158 2766 1248 2818 sed
1265 2764 1460 2818 amoris
1490 2780 1599 2817 esse
1629 2763 1811 2818 ducas.
1844 2762 1961 2817 Cte-

395 2866 563 2907 terum
586 2857 835 2921 quoniam
864 2856 1072 2908 animus
1105 2856 1308 2923 corpori
1337 2864 1578 2922 pra'stat,
1615 2857 1827 2908 meliore
1852 2855 1962 2908 uti-

392 2961 489 3014 que
514 2947 679 2998 nostri
698 2932 859 3014 parte
891 2956 1060 2999 tecum
1087 2960 1266 2999 sumus
1285 2962 1303 3008 ;
1341 2947 1597 3014 siquidem
1629 2947 1764 3016 fetus
1813 2963 1961 3001 meu-

394 3037 459 3089 tis
489 3047 561 3090 est
588 3039 641 3090 id
670 3039 805 3104 quod
835 3038 1102 3091 scribitur.

784 3149 867 3203 τι.
913 3149 1218 3205 Philotheus
1254 3153 1438 3204 iterum
1474 3153 1571 3223 (9).

472 3239 537 3293 Ὀ
574 3240 857 3309 Γρηγορᾶς
886 3240 1196 3311 Νικηφόρος
1224 3246 1315 3294 καὶ
1342 3244 1506 3296 πάλαι
1542 3245 1640 3313 μὲν
1681 3240 1747 3314 ἦν
1786 3263 1958 3316 προσ·

395 3327 647 3397 κείμενος
681 3331 799 3390 ταῖς
833 3328 924 3381 τοῦ
952 3330 1219 3400 Βαρλαὰμ
1269 3334 1363 3385 καὶ
1417 3335 1724 3390 Ἀκινδύνου
1761 3341 1960 3399 κακαῖς

394 3419 597 3486 δόξαις.
637 3419 730 3471 Διὸ
756 3421 849 3472 καὶ
871 3420 1195 3489 ἐπηρεάζων
1220 3419 1378 3495 ἦνγτῇ
1406 3426 1668 3495 ὀρθοδόξυρ
1701 3428 1794 3480 τοῦ
1826 3428 1961 3481 Θεοῦ

407 3508 725 3581 Ἐκκλησία,
753 3510 801 3563 εί
859 3513 952 3563 καὶ
989 3512 1164 3585 λάθρα
1212 3515 1350 3578 τέως
1392 3520 1485 3569 καὶ
1541 3521 1677 3588 πρὸς
1747 3521 1993 3589 ὀλίγους

397 3600 573 3652 ἐποίει
605 3600 784 3664 τοῦτο,
812 3603 936 3665 τοὺς
971 3605 1297 3673 προσιόντας
1325 3607 1504 3677 αὐτῷ·
1548 3613 1644 3661 καὶ
1687 3610 1821 3678 πρὸς
1866 3609 1963 3662 τοῦ

394 3691 558 3761 ὀρθοῦ
589 3692 747 3760 λόγου
772 3683 1109 3764 ’προστάτας
1147 3696 1336 3759 κακῶς
1388 3699 1529 3752 πάνυ
1563 3698 1813 3755 διέκειτο.
1851 3701 1962 3769 Τῆς

394 3782 451 3834 δὲ
475 3783 791 3847 τελευταίας
828 3788 1294 3858 συγκροτηθείσης
1331 3789 1546 3857 ἐκείνης
1600 3790 1844 3855 συνόδου,
1897 3785 1963 3861 ἦς

398 3874 744 3945 προεκάθητο
789 3876 816 3929 ὃ
846 3894 902 3929 τε
951 3879 1333 3939 εὑσεόἐστατος
1366 3880 1461 3930 καὶ
1493 3880 1836 3951 φιλόχριστος
1870 3880 1967 3951 βα-

400 3962 582 4027 σιλεὺς
623 3965 788 4036 κῦρος
826 3968 1078 4037 Ἰωάννης
1104 3971 1132 4020 ὁ
1180 3968 1629 4039 Καντακουζηνὺς
1664 3974 1760 4025 καὶ
1797 3975 1825 4024 6
1860 3989 1965 4025 παι

396 4056 665 4126 τριάρχης
691 4060 898 4121 ἐκεῖνος
933 4059 1095 4129 κῦρος
1130 4060 1455 4124 Κάλλιστος,
1481 4064 1604 4114 ἐπεὶ
1630 4065 1723 4115 καὶ
1753 4062 1965 4133 Γρηγο-

402 4150 523 4216 ρᾶς,
582 4151 660 4211 είς
688 4149 788 4219 τὴν
812 4151 963 4220 ἱερὰν
991 4153 1206 4221 εκείνην
1244 4152 1460 4207 σύνοδον
1494 4153 1802 4223 παρελθὼν,
1841 4155 1965 4225 ὲξηέ

391 4239 599 4311 ,λέγχθη
631 4240 726 4293 σὺν
748 4243 858 4303 τοῖς
889 4241 1187 4312 ὁμόφροσιν
1220 4243 1385 4295 αὑτοῦ
1407 4246 1474 4298 τὰ
1502 4247 1766 4314 Βαρλαάμ
1786 4264 1845 4299 τε
1872 4248 1966 4300 καὶ

411 4332 723 4385 ’Λκινδύνου
783 4333 977 4396 νοσῶν,
1013 4333 1092 4396 είς
1128 4351 1186 4387 τε
1222 4334 1322 4404 τὴν
1353 4336 1582 4404 θεότητα
1617 4338 1709 4390 τοῦ
1741 4354 1967 4407 μονοιε-

398 4422 525 4485 νοῦς
558 4422 688 4475 Υίοῦ
724 4422 814 4475 τοῦ
850 4422 986 4475 Θεοῦ
1043 4425 1135 4476 καὶ
1189 4425 1289 4495 τὴν
1346 4430 1582 4494 φυσικὴν
1616 4429 1714 4495 τῆς
1742 4429 1967 4495 Τριάδος

401 4516 684 4584 ἐνέργειαν
709 4518 800 4568 καὶ
836 4516 993 4586 χάριν
1036 4517 1128 4568 καὶ
1161 4516 1429 4586 ἔλλαμψιν
1453 4519 1690 4571 κάκιστα
1726 4520 1966 4589 βλασφη-

404 4607 539 4674 μῶν,
576 4610 667 4658 καὶ
698 4607 759 4658 ού
794 4608 955 4675 μόνον
1003 4610 1116 4669 τοῖς
1153 4608 1403 4679 ἀρχαίοις
1454 4611 1965 4692 αίρετικοίίσχεδὸν

402 4699 556 4758 πᾶσι,
585 4698 717 4750 ἀλλά
745 4696 807 4767 δὴ
837 4698 929 4749 καὶ
953 4699 1072 4761 ταῖς
1112 4698 1448 4770 Ἑλληνικαῖς
1489 4704 1965 4773 συμπεριφερόμε-

401 4807 491 4852 νος
513 4790 742 4851 πλάναις
773 4789 865 4841 ita).
888 4789 1095 4854 δόξαις·
1120 4789 1187 4842 δι’
1221 4789 1256 4844 ἃ
1280 4791 1341 4861 δή
1378 4810 1475 4846 που
1507 4795 1655 4858 παρὰ
1690 4794 1787 4862 τῆς
1821 4794 1971 4863 ίερῖις

401 4882 614 4950 ἐκείνης
645 4881 864 4933 συνόδου
892 4882 1052 4944 αὑτός
1080 4899 1135 4934 τε
1159 4884 1252 4935 καὶ
1281 4885 1329 4936 οἱ
1354 4885 1655 4957 ὁμόφρονες
1684 4885 1871 4950 αὑτοῦ,
1895 4888 1968 4954 μὴ

403 4972 895 5042 μεταμεληθέντες,
961 4971 1056 5027 τοῦ
1095 4974 1463 5045 πληρώματος
1512 4978 1620 5030 τῶν
1674 4978 1971 5047 ὀρθοόόξων

401 5063 582 5124 καλῶς
611 5062 1010 5131 ἀπετμήθησαν
1038 5067 1129 5116 καὶ
1160 5065 1235 5134 τῷ
1269 5066 1566 5133 ἁναθέματι
1596 5068 1968 5136 παρεδόθησαν

403 5153 542 5207 κατὰ
571 5153 639 5205 τά
678 5156 920 5222 πατρικά
978 5158 1069 5207 καὶ
1104 5158 1354 5210 συνοίικὰ
1390 5157 1606 5226 θεσμάο
1675 5159 1766 5211 καὶ
1800 5160 1967 5227 τὸμου

404 5245 705 5314 προϐάντος
733 5246 792 5300 τὸ
825 5246 1125 5312 τηνικαῦτα
1159 5248 1459 5312 συνοδικοῦ,
1510 5249 1568 5302 ὃν
1596 5250 1659 5320 δὴ
1687 5254 1779 5303 καὶ
1820 5253 1972 5320 βασι-

402 5335 524 5398 λείις
562 5338 655 5388 xz).
686 5337 1033 5409 πατριάρχης
1089 5340 1294 5400 ἐκεῖνος
1333 5340 1425 5392 καὶ
1460 5341 1491 5410 ἠ
1523 5342 1630 5394 τῶν
1662 5344 1969 5412 ἱερωτάτων

401 5422 704 5498 ἀρχιερέων
733 5428 851 5499 ίερὰ
889 5429 1104 5490 (niveas;
1153 5429 1477 5497 ὑπέγραψαν
1507 5430 1672 5498 ὁμοῦ·
1705 5435 1731 5484 ὀ
1758 5433 1968 5501 Γρηγοο

408 5519 509 5587 ρᾶς
533 5520 632 5587 τὴν
657 5514 826 5590 ἧτταν
852 5517 946 5571 καὶ
976 5518 1073 5590 τὴν
1103 5519 1363 5590 αἰσχύνην
1402 5519 1474 5590 μὴ
1511 5524 1713 5590 φέρων,
1765 5523 1880 5591 ἅμα.
1915 5525 1970 5575 δὲ

406 5650 677 5731 Psiaipsm
699 5655 1060 5731 conspiraret.
1088 5657 1220 5713 Vide
1237 5659 1356 5731 cod.
1385 5661 1516 5731 Reg.
1539 5661 1705 5729 9.409,
1727 5663 1819 5717 fol.
1852 5664 1972 5731 185,

529 5722 771 5778 Pulamas
798 5722 1115 5794 niagistrum
1155 5742 1213 5784 se
1257 5722 1523 5801 Aciudyni
1570 5722 1734 5788 fuisse
1771 5722 1965 5803 gloria-

477 5859 555 5929 (6)
598 5858 863 5918 Palamas.

2055 676 2262 737 ἐκεῖνος
2297 675 2354 727 ἐν
2381 675 2493 736 τοῖς
2525 671 2744 732 οἰκείοις
2765 671 2946 738 λόγοις
2967 673 3123 741 φησῖ,
3174 670 3315 725 κατὰ
3368 671 3467 738 τῆς
3502 687 3654 723 συν-

2057 763 2178 817 όδου
2210 763 2307 814 καὶ
2334 761 2426 815 τοῦ
2452 760 2597 831 ίεροῦ
2635 760 2806 830 τόμου
2833 761 2998 829 χωρεί
3026 761 3118 812 καὶ
3152 760 3411 828 πειρᾶται
3453 758 3652 825 λόγοις

2055 853 2500 923 ἀντιῤῥητικοίς.
2556 849 2632 912 ὡς
2682 853 2889 911 ἐκεῖνος
2949 849 3244 916 ὑπέλαϐεν,
3305 850 3650 918 ἀνατρέπειν

2057 945 2262 997 ὲκεῖνα.
2320 943 2708 1011 Συγγράφεται
2770 940 2951 994 τοίνυν
3007 940 3198 1008 λόγους
3250 940 3282 1009 ἢ
3348 939 3649 1006 διαλόγους

2057 1035 2213 1100 Gisia“,
2244 1032 2337 1096 οὒς
2374 1035 2625 1101 κατέχων
2655 1027 2722 1101 ἦν
2751 1032 2880 1100 παρ’
2907 1031 3108 1099 ἑαυτῷ,
3141 1033 3371 1092 καὶτοῖς
3392 1031 3649 1099 ὁμότρο-

2060 1142 2146 1179 σιν
2175 1125 2369 1179 ἑαυτοῦ
2406 1125 2585 1190 μόνοις
2620 1122 2742 1175 κατ’
2773 1117 2924 1175 οἷκον
2958 1121 3419 1188 ἐπιδεικνύμενος,
3444 1130 3555 1175 etc.

2133 1217 2462 1286 Nicephorus
2498 1215 2762 1286 Cregoras
2795 1215 3073 1269 Barlaami
3110 1225 3157 1269 et
3209 1217 3471 1285 Acindyni
3516 1217 3651 1284 api-

2061 1307 2301 1360 nionibus
2334 1305 2590 1375 perversis
2614 1306 2733 1375 jam
2764 1306 2890 1359 olim
2927 1307 3332 1370 adhazrescebat,
3358 1319 3516 1377 atque
3548 1309 3650 1362 id-

2060 1399 2196 1452 circo
2252 1397 2595 1450 orthodoxam
2650 1396 2747 1450 Dei
2780 1396 3069 1449 Ecclesiam
3113 1396 3456 1459 obtrectabat,
3512 1398 3646 1451 licet

2061 1490 2361 1544 clanculum
2389 1499 2437 1543 et
2463 1490 2605 1557 apud
2626 1505 2825 1556 paucos
2857 1488 2925 1540 ad
2954 1505 3006 1541 se
3036 1490 3285 1543 adeuntes
3315 1490 3370 1542 id
3397 1490 3603 1556 faceret
3622 1507 3648 1554 ,-

2061 1581 2281 1650 denique
2310 1596 2433 1649 erga
2467 1578 2696 1632 sanioris
2737 1578 2990 1631 doctrina:
3017 1579 3312 1644 defensores
3342 1580 3478 1633 male
3519 1597 3647 1633 om-

2063 1674 2185 1727 nino
2230 1684 2343 1725 erat
2392 1671 2635 1739 affectus.
2695 1669 2915 1724 Demum
2968 1679 3149 1723 coacta
3204 1672 3481 1725 novissima
3532 1672 3643 1725 illa

2062 1760 2283 1828 synodo,
2333 1760 2418 1811 cui
2467 1759 2823 1826 praesidebant
2875 1758 3295 1830 religiosissimus
3343 1769 3391 1813 et
3443 1776 3646 1815 amans

2062 1851 2258 1905 Christi
2283 1851 2572 1917 imperator
2606 1850 2758 1904 Dom.
2793 1848 3030 1906 Joannes
3055 1852 3453 1906 Cantacuzenus
3493 1861 3544 1907 et
3588 1853 3642 1907 is

2063 1944 2153 2012 qui
2187 1952 2296 1995 tum
2333 1942 2643 2007 patriarcha
2687 1951 2799 1996 erat
2842 1942 2997 1996 Dom.
3032 1942 3308 2006 Callistus,
3354 1952 3464 1997 tum
3508 1960 3644 1997 vero

2062 2032 2321 2101 Gregoras
2350 2042 2398 2085 et
2434 2033 2531 2085 alii
2559 2049 2678 2086 cum
2715 2049 2775 2085 eo
2808 2033 3109 2096 sentientes,
3142 2034 3196 2085 in
3235 2032 3385 2086 illam
3416 2049 3643 2086 sacram

2062 2125 2316 2191 synodum
2344 2123 2585 2192 ingressi,
2615 2123 2836 2176 convicti
2866 2132 2988 2175 sunt
3016 2139 3254 2176 errorum
3283 2122 3565 2176 Barlaami
3586 2134 3643 2177 et

2062 2214 2365 2298 Acindyni:
2398 2230 2576 2284 nempe
2612 2217 2664 2267 in
2697 2215 3025 2268 divinitatem
3063 2217 3317 2286 unigeniti
3355 2213 3484 2269 Filii
3512 2215 3644 2280 Dei,

2062 2315 2113 2358 et
2139 2306 2191 2358 in
2219 2305 2522 2359 naturalem
2546 2304 2820 2358 Trinitatis
2847 2307 3201 2374 Operationem
3223 2307 3557 2377 gratiamque
3587 2315 3645 2360 et

2064 2396 2390 2463 splendorem
2418 2399 2641 2466 pessime
2672 2396 3113 2463 blasphemantes,
3149 2412 3213 2449 ac
3242 2414 3342 2451 non
3373 2398 3525 2451 modo
3550 2411 3648 2450 ue-

2067 2500 2235 2543 terum
2282 2488 2391 2557 [ere
2439 2489 2671 2540 omnium
2721 2488 3105 2548 htereticorum,
3150 2487 3241 2540 sed
3271 2501 3316 2540 et
3356 2489 3644 2559 gentilium

2066 2581 2328 2633 erroribus
2360 2578 2789 2647 opinionibusque
2818 2586 3008 2630 temere
3045 2578 3252 2646 abrepti
3284 2588 3331 2632 et
3359 2579 3493 2632 velut
3522 2580 3642 2631 cir-

2065 2672 2311 2725 cumacti.
2344 2671 2697 2736 Quamobrem
2726 2686 2881 2724 sacra
2911 2672 3138 2740 synodus
3166 2672 3337 2733 ipsum
3369 2673 3640 2742 et-socios,

2064 2764 2208 2817 haud
2253 2764 2577 2830 pae'nitentcs,
2629 2762 2692 2815 ab
2744 2762 2982 2815 universo
3033 2761 3451 2816 Orthodoxorum
3499 2775 3640 2819 etetu

2059 2856 2186 2924 jure
2209 2870 2272 2907 ac
2303 2855 2485 2907 merito
2511 2854 2772 2905 abscissos
2797 2859 3076 2906 anathema
3107 2869 3215 2906 esse
3253 2853 3434 2923 jussit,
3476 2867 3641 2923 prout

2067 2947 2289 3002 Patrum
2331 2944 2780 3013 Conciliorumque
2808 2944 3029 2996 decretis
3061 2952 3278 2997 cautum
3306 2955 3457 2998 esset.
3488 2945 3642 2999 Tunc

2064 3047 2112 3090 et
2140 3018 2416 3106 synodicus
2452 3034 2641 3088 Tomus
2681 3032 2895 3101 prodiit,
2921 3035 3005 3085 cui
3034 3043 3083 3086 et
3125 3032 3442 3102 Imperator,
3467 3045 3515 3090 et
3546 3037 3642 3090 ille

2066 3142 2218 3197 quem
2243 3125 2354 3177 dixi
2383 3122 2708 3194 patriarcha,
2737 3133 2786 3176 et
2830 3124 3284 3177 sanctissimorum
3329 3126 3638 3194 pontiﬁcum

1988 3233 2032 3290 ο
2064 3234 2219 3272 sacra
2254 3216 2504 3286 synodus,
2548 3231 2654 3268 una
2695 3231 2871 3268 omnes
2905 3216 3345 3284 subscripserunt.
3392 3216 3460 3271 At
3506 3215 3643 3273 Cre-

2065 3325 2221 3380 goras
2242 3309 2380 3361 hanc
2402 3308 2465 3361 de
2491 3323 2545 3361 se
2570 3308 2838 3360 victoriam
2872 3316 2919 3359 et
2949 3306 3171 3360 dedecus
3201 3324 3304 3361 non
3329 3309 3517 3377 ferens,
3551 3327 3645 3364 so-

2064 3403 2157 3454 ciis
2189 3409 2441 3471 praeterea
2470 3399 2865 3469 instigantibus,
2892 3407 2951 3452 ut
2989 3399 3096 3465 ipse
3137 3399 3189 3452 in
3238 3399 3385 3465 libris
3411 3401 3511 3466 ait,
3547 3417 3644 3472 sg-

2065 3497 2260 3545 nodum
2297 3490 2458 3545 simul
2495 3499 2545 3544 et
2586 3506 2798 3544 sacrum
2826 3489 3042 3543 Tomum
3077 3489 3402 3558 aggreditur,
3431 3500 3481 3544 et
3512 3508 3643 3546 ora-

2066 3581 2294 3634 tionibus
2329 3580 2434 3647 ‘(ut
2479 3579 2577 3647 ipsi
2634 3578 2933 3646 videbatur)
2994 3577 3355 3633 antirrlteticis
3409 3589 3645 3634 conatur

2067 3676 2313 3721 evertere.
2342 3665 2630 3721 Conscribit
2658 3667 2835 3736 itaque
2870 3668 3133 3721 orationes
3154 3683 3246 3722 seu
3270 3668 3507 3740 dialogos
3540 3671 3641 3724 de-

2064 3775 2199 3823 cem,
2227 3774 2355 3827 quos
2381 3758 2523 3826 apud
2569 3773 2623 3811 se
2653 3758 2911 3822 servabat,
2943 3758 3187 3828 domique
3232 3759 3299 3814 iis
3338 3760 3508 3814 solum
3546 3761 3642 3831 qui

2066 3866 2237 3903 secum
2266 3850 2619 3902 consentirent
2647 3849 2967 3903 ostendebat.
3003 3858 3114 3904 etc.

2496 3961 2604 4017 νη.
2646 3963 2946 4034 Acindynus
2980 3965 3196 4018 iterum.

2067 4071 2137 4122 Σὺ
2173 4069 2396 4151 σίμϐλον
2426 4071 2549 4139 ἡδὺ,
2573 4070 2671 4122 καὶ
2700 4069 2858 4138 λόγου
2896 4069 3019 4151 μέλι
3049 4070 3264 4194 βρύεις,

2070 4139 2236 4194 Ἀνθη
2264 4140 2515 4194 συναξας.
2551 4155 2648 4194 etc.
2675 4148 2734 4194 ut
2763 4156 2925 4194 supra
2952 4156 3007 4193 ιη
3093 4150 3192 4194 tta.

2095 4139 2237 4209 Ανθη
2264 4140 2515 4205 συνάξας,
2551 4155 2648 4194 etc.
2675 4148 2734 4194 ut
2763 4139 2925 4208 supra
2952 4144 3007 4193 in
3049 4139 3192 4195 Vita.

2140 4233 2314 4297 Adde,

2067 4325 2183 4378 Οἴει
2216 4341 2279 4392 με
2308 4323 2425 4385 πῶς
2449 4322 2580 4393 γοῦν
2607 4325 2702 4377 x1).
2731 4323 3011 4393 κινεῖσθαι
3035 4324 3132 4378 καὶ
3159 4325 3368 4391 πνέειν,

2070 4395 2176 4449 Καὶ
2199 4394 2322 4455 τοὺς
2346 4395 2595 4458 ἀγωγοὺς
2623 4395 2721 4462 τῆς
2752 4393 2931 4463 ψυχῆς
2969 4394 3290 4462 διευθύνειν,

2071 4465 2179 4541 Ea.)
2205 4463 2570 4541 τῇίᾶνὰγκης
2598 4463 2697 4541 τάς
2731 4465 2967 4541 στροφὰς
2992 4465 3346 4541 άποπλέ-κειν,

2004 4554 2044 4609 ο
2072 4532 2174 4615 Eoo
2206 4532 2279 4615 μῂ
2310 4531 2702 4615 λαλούσηςντῇς
2733 4531 2901 4615 πνοιῇς
2933 4550 3034 4601 μου
3064 4533 3172 4615 τεέν
3191 4534 3414 4615 ’λόγωνς

2074 4602 2158 4670 Νὴ
2186 4600 2315 4672 ντφίὺς
2338 4601 2554 4672 λόγους.
2586 4600 2791 4671 ἄψυχον
2821 4600 3078 4669 ἄντικρυς
3109 4600 3304 4672 βρέτας

2075 4671 2205 4740 Εἰμὶ
2235 4670 2513 4733 Βυζαντιδι
2538 4670 2727 4731 κακῶς
2753 4670 3127 4740 πεπηγμένον,

2070 4741 2187 4792 Κάν
2214 4741 2323 4801 τοῖς
2356 4740 2604 4806 θεάτροις
2634 4740 2844 4802 ἀκλεῶς
2872 4740 3195 4810 ἀνηρμένον.

2070 4810 2168 4860 Ἂν
2206 4810 2335 4879 γοῦν
2363 4810 2584 4879 ἀνοίξῃς
2619 4810 2946 4879 πνευμάτων
2980 4826 3073 4861 σου
3104 4810 3228 4870 τοὺς
3256 4810 3465 4875 τόνους,

2069 4878 2179 4949 Καὶ
2211 4878 2425 4946 πνεῦμα
2454 4878 2687 4947 πνεύσῃς
2714 4878 2961 4941 ζωτικῶν
2993 4879 3051 4943 ἐξ
3080 4880 3348 4949 ὀργάνων,

2071 4947 2180 5001 Τοῦ
2216 4949 2480 5017 θεσόίτου
2503 4963 2618 5017 πως
2654 4949 2975 5015 ἐμφανίσεις
3004 4947 3314 5017 τὴνήχάριν,
3418 4948 3421 4951 ’

2074 5017 2183 5070 Καὶ
2208 5016 2387 5087 ζῶντα
2415 5016 2611 5087 δείξεις
2637 5020 2712 5079 ὼς
2744 5019 2950 5078 ἐκεῖνος
2976 5016 3036 5068 τὸ
3061 5016 3278 5087 βρέφος,

2074 5087 2182 5139 Καὶ
2215 5085 2880 5157 προσλαλοῦντανφιλικοῖς
2912 5085 3289 5157 προσρήμασι,

2073 5156 2184 5207 Καὶ
2215 5155 2486 5224 μακαρίαν
2518 5156 2817 5225 ᾁναδείξεις
2848 5157 2946 5225 τὴν
2981 5155 3158 5218 πόλιν,

2076 5226 2177 5277 Ἦν
2208 5226 2486 5292 δυστυχῶν
2526 5223 2702 5292 ἔγωγε
2733 5223 2969 5295 δυστυχῆ
3010 5228 3201 5294 κρίνω.

2072 5314 2344 5390 Quomodo
2377 5315 2541 5390 igizur
2572 5328 2729 5390 putas
2763 5332 2841 5370 me
2879 5330 2928 5372 et
2966 5320 3158 5372 moveri
3192 5329 3239 5373 et
3271 5322 3497 5390 spirare,

2070 5385 2137 5439 Et
2170 5395 2368 5438 meatus
2396 5388 2516 5436 tlilltt
2541 5401 2585 5438 αδ
2614 5387 2858 5453 dirigere,

2071 5456 2137 5525 ls‘t
2165 5464 2486 5507 necessitatis
2515 5457 2674 5509 nodos
2706 5462 2972 5525 expedire,

2073 5524 2140 5577 Te
2175 5540 2275 5577 non
2307 5525 2562 5593 loquente,
2598 5526 2688 5593 qui
2718 5524 2931 5594 spiritus
2956 5548 3008 5584 es
3036 5546 3265 5586 meorum
3295 5531 3640 5588 sermonum?

2136 5644 2225 5734 (7)
2266 5666 2582 5735 Josephum.

2078 5822 2121 5861 SI
2144 5741 2225 5876 l()8)
2267 5735 2383 5791 Non
2426 5736 2606 5790 minus
2645 5737 2854 5795 scilicet
2891 5757 3058 5813 quam
3090 5745 3396 5813 Balsamon,
3428 5746 3496 5801 de
3530 5759 3637 5817 quo

2126 5824 2138 5858 Ι
2186 5824 2261 5859 ra.

2126 5824 2261 5859 IDFH.

2148 5878 2219 5945 (9)
2260 5877 2388 5932 Cod.
2428 5878 2560 5948 Reg.
2596 5879 2749 5946 i936,
2783 5880 2877 5937 fol.
2907 5883 2954 5937 1.
