3990 6466
471 387 542 450 95
1566 399 1614 456 Ii
1631 399 1886 492 lEiiUN.
1933 401 2042 460 ΧΗ]

2157 405 2206 462 il
2261 405 2592 466 ΙἪᾸΞΕΑἸἸ
2607 406 2668 466 0.
3669 408 3736 472 96

471 499 527 554 in
561 501 718 572 cujus
749 513 924 558 morte
955 504 1208 560 desinere
1234 522 1356 560 eum
1390 508 1649 571 diximus,
1687 511 1866 564 minus
1897 513 2056 565 ﬁdem
2091 525 2130 576 Α
2171 515 2425 573 Thomas.
2456 518 2812 590 Denpstcrus,
2841 519 2992 590 initio
3031 520 3267 572 ductarii
3298 515 3522 572 Roman.
3557 519 3736 588 Antiq.

470 603 736 646 meretur.
773 595 916 648 Sane
964 594 1381 653 Cantacuzenus
1437 600 1676 654 historia.-
1722 619 1831 656 sua:
1862 604 1954 658 lib.
1979 621 2050 670 ιν,

469 696 590 752 cap.
613 684 684 738 24
709 694 764 740 et
791 685 862 741 23
887 688 1040 743 valde
1062 705 1182 742 eum
1215 689 1473 759 exagitat,
1502 701 1757 760 tanquam
1798 695 1972 749 levem
2001 707 2055 750 et

471 777 882 831 mendaciorum
936 780 1306 835 manifestum.
1359 781 1566 853 Nempe
1608 785 1952 854 Nicephorus
1998 786 2051 841 in

467 865 589 919 aula
645 869 776 920 vixit
827 869 1125 925 Andronici
1188 872 1309 934 avi;
1370 888 1610 927 nec.res
1672 875 1888 941 nepotis
1943 887 2050 930 tam

467 969 657 1009 exacte
715 961 890 1025 potuit
946 976 1128 1024 nosse,
1180 977 1339 1030 quam
1385 963 1822 1018 Cantacuzenus.
1880 967 2051 1022 Simul

467 1053 632 1104 etiam
680 1052 879 1106 alit-ctu
929 1053 1343 1124 abripiebatur,
1402 1073 1510 1126 quo
1569 1059 1754 1113 minus
1802 1075 2048 1116 cerneret

466 1157 677 1196 verum.
705 1142 958 1213 Impense
1008 1147 1152 1198 enim
1198 1147 1407 1201 ﬂorebat
1438 1165 1541 1200 avo
1580 1150 1848 1204 adver~us
1880 1167 2052 1220 nepo.

465 1241 598 1290 tem.
626 1234 770 1288 inter
800 1250 939 1304 quos
987 1237 1055 1289 de
1103 1237 1334 1304 imperio
1383 1239 1718 1295 certabatur.
1760 1243 1947 1310 Neque
1980 1243 2048 1296 de

463 1325 775 1378 Andronico
805 1327 1017 1390 solum,
1051 1327 1146 1380 sed
1183 1328 1249 1380 de
1292 1328 1676 1383 Cantacuzeuo
1704 1332 1868 1384 etiam
1897 1347 2050 1384 men-

470 1415 628 1468 titur.
659 1415 766 1468 Sed
801 1415 908 1480 illa,
952 1430 1073 1484 qua:
1101 1415 1167 1468 de
1202 1415 1366 1483 hujus
1397 1417 1564 1484 gestis
1593 1417 1852 1486 prodidit.
1883 1417 1964 1470 vel
1993 1417 2046 1470 in

467 1504 799 1560 bibliotheca
831 1508 1064 1575 quadam
1096 1522 1218 1560 eum
1249 1507 1432 1562 blattis
1461 1508 1732 1579 lineisque
1765 1509 2045 1577 rixantur,

462 1597 549 1649 vel
579 1597 798 1664 penitus
825 1597 1253 1664 interciderunt,
1281 1599 1426 1666 quod
1460 1601 1647 1653 verius
1683 1612 1840 1669 puto,
1865 1611 1975 1655 etc.

465 1711 570 1781 Leo
597 1711 848 1779 Allatius,
880 1715 1260 1768 exercitatione
1281 1703 1360 1795 1.5:
1361 1715 1417 1765 in
1456 1713 1782 1784 Prwfatione
1819 1709 2049 1784 Crcygh-

1192 1794 1326 1838 lout.

2864 588 3068 644 Rusfm'.

2231 717 2577 788 Niecplrorus
2621 719 2931 792 Gregoras,
2980 718 3377 773 llistoricorum
3445 717 3586 772 illius
3635 719 3734 772 teri

2157 811 2497 866 utilissimus.

2331 943 2478 1000 Gnil.
2508 944 2668 1010 Care,
2704 945 2904 1000 Histor.
2933 945 3158 997 litterar.
3185 949 3335 1013 parte
3368 941 3560 994 altera.

2226 1077 2571 1147 Nicephorus
2628 1079 2920 1149 Gregoras,
2972 1076 3322 1150 Byzantinus,
3372 1075 3737 1145 philosophus

2153 1184 2203 1225 et
2236 1173 2528 1226 historicus
2581 1173 2830 1243 insignis,
2857 1172 2989 1225 artis
3010 1170 3203 1249 _etiam
3233 1169 3488 1223 oratoria:
3517 1167 3736 1236 peritis-
3761 1225 3768 1234 ,

2152 1263 2343 1323 simus,
2372 1261 2683 1315 Andronico
2729 1277 2830 1315 avo
2867 1259 3180 1330 imperatori
3215 1257 3360 1311 inter
3382 1272 3584 1326 paucos
3607 1256 3736 1311 cha-

2152 1369 2264 1415 rus,
2291 1353 2487 1408 claruit
2513 1370 2661 1407 anno
2683 1353 2836 1417 1545,
2857 1362 2966 1407 etc.

2226 1465 2320 1520 llis
2366 1467 2634 1521 addantur
2676 1466 2884 1519 cardiu.
2923 1464 3096 1527 Bona,
3123 1465 3177 1518 in
3216 1463 3417 1518 Notitia
3455 1470 3738 1516 auctorum

2153 1555 2373 1622 prn'ﬁxa
2431 1555 2562 1607 libro
2610 1555 2674 1608 de
2715 1553 2888 1608 Divin.
2921 1552 3192 1606 Psalmod.
3232 1551 3475 1615 Bzovius,
3508 1560 3556 1604 et
3587 1550 3737 1619 Rag-

2152 1642 2368 1704 nuldus,
2401 1643 2452 1695 in
2489 1643 2685 1695 Annal.
2718 1638 3012 1694 Eccles.ad
3045 1643 3110 1693 Α.
3135 1639 3196 1693 C.
3225 1639 3400 1704 1555;
3435 1638 3631 1691 Franc.
3675 1637 3740 1690 de

2155 1730 2438 1794 Moncudu,
2495 1731 2885 1786 Catalanorum
2935 1740 2983 1783 et
3035 1731 3338 1798 Aragonum
3375 1727 3738 1797 Expeditionis

2153 1839 2277 1893 cap.
2308 1825 2357 1883 7,
2401 1825 2481 1886 l0,
2506 1825 2595 1889 Ἡ,
2621 1825 2710 1887 (ii,
2740 1833 2846 1878 etc.
2898 1821 3282 1892 Creyghtonus,
3323 1823 3379 1873 in
3415 1819 3740 1890 Prwfntione

537 1895 594 1948 In
627 1896 735 1950 iilis
789 1895 999 1967 [Niceta
1049 1908 1103 1952 et
1158 1897 1420 1968 Gregorii]
1473 1907 1600 1954 sunt
1632 1908 1685 1954 et
1715 1899 2042 1966 eloquentne

2157 1881 2400 1970 (listoriie
2437 1881 2644 1972 concilii
2673 1881 2981 1971 Florentini.
3005 1881 3122 1970 ’ίεο
3154 1881 3410 1979 Αιιανιὶαδ,
3440 1914 3515 1968 De
3536 1881 3724 1967 Ἐπιε-

461 1986 692 2052 lumina,
717 1999 768 2044 et
813 1989 1068 2043 dictionis
1101 1992 1322 2060 antiqua
1379 1992 1626 2046 facundia
1651 2033 1665 2056 ,
1701 2002 1754 2045 et
1784 1991 1940 2060 χνοῦέ
1969 1991 2051 2059 (ut

461 2096 578 2135 rem
607 2083 770 2134 verbo
795 2083 1100 2148 expediam)
1135 2085 1383 2152 ἀρχαῖος.

460 2192 604 2248 Idem
633 2195 841 2258 ibidem,
867 2205 982 2264 post
1025 2196 1248 2276 allatum
1299 2197 1466 2250 l'ossii
1499 2204 1561 2250 de
1601 2195 1788 2248 Nicrm
1814 2200 2045 2248 ιιδιίυεοο

1166 2283 1253 2320 mu
1263 2285 1332 2320 ιιι.

529 2377 642 2434 Nec
692 2379 798 2436 alia
853 2381 957 2436 dici
1015 2392 1247 2452 possunt
1305 2384 1374 2436 de
1422 2384 1684 2453 Grcgnra,
1721 2382 1810 2450 qui
1862 2391 2041 2434 tamen

459 2467 700 2528 dictione
731 2490 828 2530 sua
859 2475 1120 2545 placidior
1151 2476 1288 2535 ﬂuit.

2156 2008 2250 2059 site
2286 2007 2556 2062 Occidcnt.
2585 2017 2635 2061 et
2679 2007 2883 2062 Orient.
2913 2023 3060 2076 perp.
3106 2022 3249 2059 cons.
3278 2023 3331 2074 ρ.
3365 2003 3504 2068 800,
3547 2004 3742 2058 Petrus

2158 2097 2426 2161 Pessinus,
2477 2100 2531 2151 in
2570 2098 2781 2158 Litteris
2824 2097 2892 2150 ad
2941 2097 3232 2160 Leotorcm,
3261 2095 3496 2166 praeﬁxis
3553 2099 3738 2150 Histo-

2156 2179 2248 2243 νέω
2279 2190 2710 2260 I’ac/tymeriana:
2731 2189 3020 2243 Andronici
3035 2188 3158 2243 Sen.
3182 2187 3516 2250 Passerinus,
3543 2185 3736 2241 Gesne-
3757 2192 3772 2197 ’

2155 2299 2264 2336 rus.
2302 2280 2542 2349 Miratus,
2592 2280 2857 2345 Hankitts,
2918 2280 3264 2336 Whartonus.
3315 2279 3448 2332 Lnd.
3505 2283 3591 2332 Et.
3656 2277 3736 2331 Du

2153 2371 2299 2434 I’in.,
2325 2385 2436 2429 etc.

1273 2821 1378 2879 AD
1433 2820 1944 2882 MAGNIFICUM
2001 2822 2099 2882 ET
2139 2819 2616 2883 GENEROSUM
2667 2823 2940 2890 VlliUU.

1558 2973 1632 3030 D.
1695 2969 2125 3032 ANTONIUM
2175 2970 2634 3044 FUGGERUM,

699 3134 1118 3177 KlﬂCilPEliGE
1159 3134 1234 3177 ET
1282 3133 1775 3179 “’ElSSENHORNI
1825 3133 2155 3192 DOMINUM,
2193 3134 2510 3179 CESAREE
2535 3132 2871 3178 MAJESTATI
2914 3136 2946 3176 Α
2989 3134 3308 3190 CONSILIIS,
3352 3135 3487 3178 ETC.

2047 3302 2122 3331 τ..

531 3435 646 3490 Νοη
681 3437 930 3504 equidem
966 3437 1084 3490 sine
1119 3445 1324 3501 mente,
1353 3449 1497 3502 reor,
1528 3435 1648 3491 sine
1685 3439 1911 3494 nomine
1940 3439 2024 3494 di-
2057 3447 2102 3508 ο
2135 3443 2359 3502 Latinos
2403 3447 2787 3509 nominarunt,
2822 3461 2852 3498 a
2908 3444 3109 3514 quibus
3152 3443 3256 3514 ipsi
3315 3451 3504 3497 contra
3552 3442 3731 3499 (ΙΙ-δὀἱ

458 3543 586 3581 vum
621 3527 703 3599 (ut
727 3525 935 3596 Virgilii
967 3527 1148 3582 verbis
1170 3530 1316 3590 utar)
1335 3531 1415 3582 sic
1444 3530 1663 3595 accidit,
1691 3531 1782 3585 Vir
1808 3533 2042 3602 Amplis—

456 3620 614 3683 sime,
673 3629 732 3674 ut
795 3632 883 3674 tua
945 3621 1222 3690 przestanti
1281 3621 1627 3687 liberalitate,
1681 3632 1735 3678 et
1781 3625 2041 3696 singulari

453 3711 682 3766 Joannis
708 3715 1144 3766 l)orcnschw.nui
1175 3714 1464 3780 itthStria,
1487 3715 1838 3784 Byzantinam
1867 3717 2040 3770 histo-

455 3805 593 3858 riam
630 3822 656 3857 a
689 3797 1050 3859 Censtantiuo
1085 3804 1272 3875 Magno
1307 3821 1478 3875 usque
1509 3811 1574 3860 ad
1613 3807 2037 3862 Constantinum

455 3906 814 3966 postremum,
858 3913 889 3948 a
919 3895 1124 3950 Graecis
1163 3896 1492 3965 descriptam
1530 3897 1862 3961 hominibus,
1904 3898 2044 3954 inte-

456 4003 607 4056 gram
641 3998 695 4040 et
719 3988 1014 4056 perfectam
1048 3988 1397 4043 haberemus.
1443 3989 1553 4043 Etsi
1580 3991 1724 4044 enim
1751 3991 1897 4045 illius
1922 3991 2041 4061 Opi-

460 4087 618 4131 tomze
655 4082 900 4146 qumdam
945 4088 1184 4144 exstant,
1221 4084 1416 4150 partim
1451 4098 1480 4134 a
1514 4079 1724 4136 Latinis
1751 4082 2043 4152 scriptoriv

456 4171 560 4224 ltus
582 4171 762 4234 editae,
789 4173 986 4240 partim
1013 4189 1077 4227 ex
1113 4173 1197 4228 his
1245 4172 1447 4228 nostris
1501 4175 1816 4229 auctoribus
1851 4175 2040 4229 (heer-

460 4271 563 4331 pta:
594 4279 607 4314 :
639 4271 816 4315 tamen
866 4263 1038 4318 Gra'ci
1090 4264 1296 4318 certius
1343 4274 1399 4318 et
1447 4263 1625 4318 fusius
1675 4265 1933 4334 pleraque
1985 4265 2038 4318 in

457 4351 682 4408 Oriente
717 4364 863 4425 gesta
896 4355 1326 4423 descripserunt.
1352 4371 1472 4422 quae
1500 4356 1572 4410 illi
1602 4357 1684 4409 vix
1703 4358 2038 4426 attigerunt:

458 4443 735 4513 multaque
767 4443 1032 4510 referunt,
1069 4444 1280 4498 Latinis
1306 4445 1413 4498 illis
1457 4446 1541 4498 vel
1570 4447 1728 4513 plane
1767 4444 2040 4515 incOgnita

458 4537 540 4589 vel
573 4537 638 4590 de
691 4538 957 4592 industria
1015 4539 1283 4610 neglecta,
1333 4538 1478 4608 quod
1525 4555 1588 4593 ea
1631 4539 1810 4593 minus
1859 4541 1925 4593 ad
1981 4558 2040 4594 se

460 4629 732 4696 pertinere
765 4641 1023 4700 putarent
1075 4646 1088 4684 :
1147 4631 1292 4684 sicut
1329 4639 1384 4682 et
1435 4629 1608 4684 Grari
1662 4629 1900 4685 vicissim
1954 4648 2040 4686 res

457 4719 513 4772 in
566 4717 862 4774 Occidente
909 4730 1090 4791 gestas
1138 4725 1332 4790 parum
1390 4730 1676 4776 curarunt.
1735 4721 1868 4776 Nam
1914 4740 2034 4777 cuin

457 4807 717 4878 princeps
745 4809 958 4878 imperii
983 4809 1142 4863 sedes
1173 4808 1506 4879 Byzantium,
1537 4826 1656 4878 qua:
1693 4829 1719 4864 a
1752 4813 2036 4866 conditore
2069 4815 2112 4868 lt

457 4896 638 4962 potius
686 4911 846 4964 quam
904 4897 1295 4961 iustauratore,
1335 4913 1440 4951 non
1487 4910 1694 4954 tantum
1731 4903 2041 4957 Constanti-

459 4987 692 5054 nopolis.
754 4987 849 5042 sed
891 4998 944 5041 et
986 5005 1123 5041 nova
1188 4990 1360 5043 Iloina
1401 4989 1544 5045 dicta
1601 4992 1720 5059 fuit,
1781 4996 2038 5049 translata

457 5091 600 5134 e-set
632 5097 646 5130 :
684 5081 945 5148 paulatim
981 5091 1136 5137 vetus
1166 5081 1336 5136 Itonia
1369 5099 1491 5138 cum
1529 5085 1776 5140 tinitimis
1814 5089 2035 5152 irovin-

457 5171 556 5223 ciis
587 5187 615 5224 a
651 5173 816 5225 totius
867 5173 1078 5241 imperii
1113 5175 1270 5242 quasi
1317 5191 1547 5246 corpore
1578 5178 1786 5237 avulsa,
1842 5179 2034 5248 partim

459 5262 832 5330 pontiliciling
875 5266 1072 5332 partim
1115 5267 1322 5322 exteris
1356 5270 1667 5324 nationibus
1703 5275 1899 5340 [.arn‘t.
1938 5273 2040 5325 Se-

456 5367 582 5408 cuta
616 5367 744 5407 sunt
785 5356 983 5412 deinde
1016 5357 1181 5412 etiam
1218 5361 1499 5430 religionis
1530 5363 1776 5425 dissidia,
1810 5374 2040 5418 conten-

459 5447 656 5512 tiones,
695 5449 925 5513 iusidinz,
954 5465 1140 5520 aperta
1172 5452 1332 5516 bella,
1364 5463 1416 5506 et
1438 5455 1668 5509 diversa)
1689 5456 1850 5510 etiam
1885 5473 1914 5509 υ
1947 5473 2036 5509 ro-

457 5553 686 5607 remque
730 5541 1053 5608 populorum
1109 5545 1520 5612 appellationes.
1576 5546 1704 5598 Nan
1758 5547 2033 5617 Byzantini

457 5642 514 5680 se
554 5627 848 5695 Romanos,
904 5641 957 5686 et
1013 5650 1142 5687 suos
1197 5637 1474 5705 principes
1545 5637 1831 5707 Ῥωμαίων
1884 5642 2035 5708 sart-

458 5719 602 5782 ὶέεις,
639 5731 864 5776 «teter-os
910 5735 1092 5780 autem
1130 5726 1477 5782 Christianos
1509 5731 1742 5798 populos
1767 5739 1820 5783 et
1857 5747 2032 5799 roges,

456 5813 550 5881 qui
601 5808 901 5871 lienm'nunt
951 5818 1259 5889 pontiﬁcem
1301 5823 1686 5890 agnoscebant,
1727 5825 2034 5894 pronﬁsene

2143 3533 2492 3592 dicebantur.
2524 3535 2598 3590 Ut
2628 3535 2790 3604 igitur
2822 3551 2908 3587 res
2948 3535 3002 3587 in
3037 3533 3332 3588 Occidente
3357 3524 3542 3604 gestat.
3569 3547 3599 3587 e
3631 3532 3735 3586 La-

2146 3619 2277 3674 tinis
2323 3637 2339 3674 z
2395 3622 2475 3675 sic
2528 3636 2649 3692 quae
2683 3622 2738 3675 in
2791 3622 3017 3676 Uricnte
3051 3623 3414 3692 contigerunt,
3455 3637 3486 3677 c
3524 3621 3732 3676 Grarcis

2145 3713 2347 3766 rectius
2392 3721 2670 3781 petuntur.

2214 3799 2411 3858 Fateor
2437 3803 2710 3872 equidem,
2739 3805 2806 3858 ad
2840 3803 3106 3858 Zonaram
3133 3803 3564 3858 convertendum
3590 3820 3732 3873 prie-

2146 3894 2291 3959 miis,
2321 3911 2351 3948 a
2387 3905 2439 3948 te
2473 3895 2796 3965 propositis,
2841 3911 3017 3966 eoque
3051 3905 3296 3964 tempore
3346 3895 3479 3950 mihi
3525 3911 3726 3966 perop-

2146 3987 2418 4053 portunis,
2459 3987 2617 4040 initio
2648 3989 2943 4042 excitatum
2995 4004 3080 4040 me
3113 3987 3280 4042 fuisse
3322 3989 3524 4056 potius,
3561 4005 3725 4056 quam

2143 4089 2358 4148 meapte
2394 4079 2673 4133 voluntate
2714 4081 3013 4133 accessisse
3045 4097 3056 4132 :
3096 4095 3203 4134 non
3249 4089 3358 4134 tam
3391 4080 3636 4133 laborum
3675 4093 3729 4134 et

2145 4171 2518 4224 molestiarum
2554 4171 2698 4242 fuga,
2725 4171 2922 4240 quibus
2957 4171 3028 4223 ita
3075 4180 3188 4223 tum
3225 4186 3444 4240 quoque
3470 4186 3727 4226 assueve-

2144 4279 2278 4324 ram,
2334 4273 2390 4316 ut
2438 4264 2630 4334 ignavo
2682 4268 2793 4318 otio
2849 4264 2985 4318 nihil
3039 4265 3170 4319 mihi
3226 4274 3373 4319 esset
3415 4267 3721 4330 molestius,

2142 4373 2302 4426 quam
2339 4357 2562 4426 privatis
2618 4359 2752 4411 meis
2805 4357 3021 4420 studiis,
3070 4357 3112 4410 si
3160 4356 3286 4426 quid
3335 4357 3558 4412 daretur
3601 4359 3722 4421 otii,

2145 4448 2360 4504 fruendi
2395 4460 2449 4504 et
2495 4450 2810 4504 diuturnam
2848 4453 3003 4518 quasi
3057 4449 3203 4503 sitim
3256 4449 3420 4503 varia:
3472 4449 3724 4504 lectionis

2145 4543 2513 4612 restinguendi
2565 4543 2884 4610 cupiditate.
2919 4539 3026 4595 Sed
3056 4557 3178 4594 eum
3217 4557 3246 4594 e
3292 4540 3520 4595 Zonara:
3575 4544 3723 4596 velut

2143 4633 2372 4688 salebris
2422 4634 2716 4696 eluctatus,
2766 4635 2818 4685 in
2854 4631 3052 4687 Nieeta:
3097 4634 3402 4689 Acominati
3442 4634 3742 4689 (Zhoniatte-

2146 4717 2422 4786 plmitiein
2475 4730 2529 4773 et
2558 4722 2712 4790 quasi
2748 4721 2914 4775 Variis
2954 4722 3194 4776 ﬂosculis
3245 4723 3526 4777 vernantia
3569 4735 3723 4791 prata
3753 4725 3766 4732 ’

2141 4810 2506 4878 pervenissent
2549 4831 2560 4864 :
2602 4811 2880 4880 jucundus
2927 4813 3058 4867 mihi
3107 4813 3291 4883 potius
3333 4831 3494 4883 quam
3537 4816 3719 4885 gravis

2140 4921 2260 4959 esse
2288 4907 2438 4959 labor
2461 4906 2927 4976 interpretationis
2948 4907 3035 4961 ille
3061 4908 3247 4978 C(Bpil,
3274 4923 3396 4962 cum
3424 4909 3494 4963 ob
3525 4909 3723 4962 dictio-

2141 5011 2265 5049 nem
2299 4995 2559 5051 fusiorem
2592 5007 2644 5052 et
2675 4999 3002 5068 planiorem,
3037 5009 3092 5054 et
3123 5017 3267 5072 smpe
3296 5017 3403 5054 non
3429 5001 3724 5057 infeliciter

2140 5087 2508 5142 luxuriantem
2545 5107 2558 5142 :
2589 5099 2702 5142 tum
2734 5105 2865 5145 vero
2888 5101 3113 5162 propter
3141 5109 3328 5146 earum
3365 5093 3721 5148 historiarmn

2143 5181 2534 5248 cognitionem,
2563 5196 2700 5250 quas
2736 5181 2933 5251 partim
2985 5199 3091 5237 non
3121 5185 3258 5240 satis
3295 5193 3562 5249 tenerem,
3595 5201 3722 5256 par-

2141 5270 2234 5323 tim
2266 5270 2420 5337 plane
2449 5270 2778 5340 ignorarem.

2214 5362 2332 5428 Quo
2363 5380 2528 5432 opere
2553 5367 2829 5425 absoluto.
2860 5381 2982 5420 cum
3015 5383 3124 5421 non
3164 5377 3270 5423 tam
3309 5370 3602 5441 gauderem
3636 5387 3723 5426 mc

2145 5453 2293 5525 gravi
2330 5471 2497 5510 onere
2539 5457 2798 5520 levatum,
2833 5473 2992 5527 quam
3038 5461 3092 5513 in
3133 5464 3308 5515 n-edio
3354 5461 3520 5515 veluti
3557 5477 3718 5516 cursu
3786 5485 3800 5494 -

2144 5549 2466 5604 destitutum
2519 5550 2782 5610 doli-rent.
2832 5568 2942 5622 quo
2994 5554 3175 5606 minus
3207 5563 3503 5609 extremam
3557 5557 3724 5609 totius

2146 5639 2392 5694 historiae
2437 5652 2636 5695 metam
2691 5644 3016 5712 attingerem
3063 5661 3076 5698 :
3113 5659 3241 5697 ecce
3274 5655 3472 5712 praeter
3505 5665 3573 5698 nn
3598 5663 3720 5699 nem

2144 5732 2609 5800 exspectationem
2641 5749 2673 5800 _a
2704 5745 2754 5786 te
2802 5734 3028 5788 otiertur
3065 5735 3405 5804 Nicephorus
3431 5735 3720 5808 Gregoras,

2143 5826 2232 5896 qui
2271 5826 2336 5879 ab
2370 5827 2501 5879 urbe
2544 5842 2571 5880 a
2625 5825 2844 5882 Venetis
2899 5837 2951 5881 et
2981 5827 3244 5884 Balduino
3287 5827 3521 5885 Flandro
3567 5841 3725 5900 capta
