3990 6470
287 345 347 402 ω
1371 342 1692 403 lllERUN.
1740 341 2027 402 \‘v'OLFiI
2073 342 2496 404 PREFATIO.
3494 344 3565 404 {=8

289 465 508 503 uxorius
538 449 820 503 hTst-ziriam
851 465 1115 506 annorum
1141 453 1374 524 145(38)
1403 457 1468 509 ad
1505 473 1656 510 suam
1687 473 1858 526 usque
1893 462 1931 514 Α
1965 469 2064 507 nec
2120 454 2281 510 citius
2338 469 2657 524 oppressmn
2695 469 2839 538 esse,
2893 455 3128 509 mirarer
3169 455 3350 526 potius
3396 473 3563 526 quam

287 555 515 607 :etatem,
552 553 604 596 et
660 543 950 598 Andronici
1005 542 1294 618 Palaiologi
1331 550 1572 616 junioris
1622 551 1853 614 cintum,

287 635 512 701 eleganti
549 635 684 706 stylo
723 637 1048 708 descriptam
1087 639 1242 692 nobis
1271 639 1424 694 dedit
1463 657 1474 693 :
1515 641 1694 708 itaque
1729 658 1858 710 sup-

283 727 446 800 plevit
470 741 534 781 ea
563 744 684 796 qua:
719 727 1013 798 reliquerat
1043 729 1366 798 Chouiates,
1415 743 1473 787 ut
1509 732 1600 788 hic
1631 733 1858 788 Zonaras

281 836 430 876 suam
465 819 834 874 narrationem
864 829 1188 876 attexuerat.

341 913 614 967 Cmterum
645 921 700 966 et
757 913 844 968 hic
897 913 1036 968 idem
1090 915 1238 986 quod
1292 915 1348 970 in
1401 915 1670 974 Choniate
1715 917 1853 972 mihi

282 1023 395 1060 cum
435 1005 744 1069 accidisset,
783 1020 884 1060 nec
915 1005 1094 1061 vicina
1132 1009 1476 1080 temporibus
1509 1009 1722 1065 noatris
1753 1009 1858 1082 By-

285 1098 586 1154 zantiorum
637 1105 754 1151 acta
796 1107 989 1152 auctor
1036 1099 1129 1153 ille
1181 1099 1500 1171 attigisset:
1533 1103 1860 1173 nullumque

283 1192 524 1246 tlrzecum
559 1189 880 1259 scriptorem
928 1199 1172 1255 exstare,
1221 1201 1317 1245 aut
1371 1203 1520 1247 certe
1570 1194 1704 1249 mihi
1736 1212 1859 1252 esse

280 1284 555 1353 cognitum
592 1283 856 1347 dolerem,
889 1281 981 1353 qui
1012 1290 1214 1338 caetera
1250 1299 1422 1354 usque
1475 1287 1542 1342 ad
1589 1287 1862 1343 Constan-

283 1377 546 1446 tinopolin
579 1393 608 1431 a
645 1375 837 1432 Turcis
883 1385 1228 1448 occupatam,
1279 1389 1335 1434 et
1382 1380 1676 1452 imperium
1711 1384 1862 1440 Grai-

279 1487 464 1525 corum
499 1489 528 1524 a
574 1471 876 1526 Mahomete
931 1487 1154 1540 prorsus
1195 1489 1449 1529 eversum
1499 1492 1859 1548 persequere-

279 1571 363 1614 tur
399 1577 414 1615 :
448 1562 733 1616 commode
777 1577 808 1615 a
838 1562 1138 1618 clarissimo
1173 1563 1292 1620 viro
1329 1565 1397 1620 D.
1429 1558 1682 1638 Philippo
1706 1567 1862 1624 Gun-

277 1651 438 1718 delio,
475 1649 771 1706 Viennensi
813 1653 1231 1722 jurisconsulto,
1281 1657 1347 1711 ad
1401 1673 1488 1712 me
1527 1659 1728 1714 missus
1775 1670 1862 1716 est

278 1743 549 1800 Laonicus
578 1743 1058 1818 Chalcacondyles,
1087 1763 1220 1818 quo,
1252 1757 1308 1804 ut
1331 1765 1358 1803 a
1381 1751 1700 1822 fatigatione
1730 1770 1861 1808 con-

274 1836 546 1891 versionis
576 1837 826 1892 nonnihil
876 1839 1308 1908 acquiescerem,
1360 1843 1518 1898 avide
1568 1841 1852 1913 percurso,

273 1932 436 2000 plane
459 1931 590 1984 mihi
618 1929 956 1996 satisfactum
982 1947 1104 1988 esse
1133 1935 1366 2004 cognovi
1404 1953 1416 1989 :
1451 1945 1613 2005 atque
1640 1938 1692 1990 in
1728 1953 1850 1992 eam

277 2021 610 2075 sententiam
641 2036 760 2076 sum
808 2019 1102 2088 adductus,
1147 2033 1208 2079 ut
1256 2024 1372 2080 fato
1404 2027 1664 2096 quodam,
1705 2031 1851 2098 quod

279 2113 432 2165 initio
473 2111 609 2176 dixi,
641 2112 842 2166 factum
876 2129 996 2168 esse
1026 2114 1422 2178 existimarem.
1464 2129 1524 2173 ut
1557 2129 1612 2174 et
1651 2120 1852 2190 libera-

277 2203 428 2258 litate
472 2212 583 2268 tua,
642 2213 696 2258 et
741 2203 1176 2278 Dorenschy'ami
1213 2207 1509 2279 Byzantina
1547 2221 1600 2266 et
1651 2213 1852 2267 Asiana

279 2295 744 2366 peregrinatione,
799 2307 856 2350 et
894 2311 1018 2352 meo
1061 2299 1433 2370 qualicunque
1466 2301 1672 2368 labore,
1707 2289 1854 2359 inte-

281 2401 433 2458 grum
462 2386 628 2442 totius
651 2386 954 2458 Byzantina)
981 2389 1234 2447 Historia:
1262 2407 1482 2463 corpus,
1509 2402 1564 2448 et
1596 2395 1852 2452 omnibus

279 2494 447 2549 prope
487 2481 732 2536 numeris
768 2481 884 2536 suis
923 2482 1252 2552 absolutum,
1289 2487 1498 2542 nostris
1535 2489 1851 2546 hominibus

281 2581 676 2639 proponeretur
705 2589 720 2626 :
753 2572 908 2642 cujus
937 2574 1098 2630 lectio
1126 2591 1235 2630 non
1263 2584 1372 2631 tam
1402 2578 1668 2650 jucunda,
1689 2596 1850 2650 quam

279 2659 533 2716 salutaris
555 2672 718 2730 esset,
763 2664 807 2719 si
835 2665 872 2719 ii
903 2666 994 2735 qui
1027 2683 1210 2723 rerum
1256 2670 1566 2740 potiuntur,
1619 2687 1690 2728 ex
1722 2655 1856 2728 alie-

283 2753 366 2808 nis
397 2755 640 2823 peccatis
675 2772 773 2812 sua
811 2761 1105 2816 emendare
1133 2773 1486 2821 conarentur.
1527 2763 1672 2820 Idem
1703 2766 1851 2820 enim

282 2845 474 2912 hostis,
509 2847 601 2917 qui
634 2849 822 2906 beatas
853 2851 980 2905 olim
1014 2853 1159 2908 Asiae
1197 2862 1253 2908 et
1283 2854 1505 2910 Gracche
1537 2857 1853 2926 provincias

281 2940 566 3006 oppressit,
603 2943 851 3002 vastavit,
885 2947 1101 3009 evertit,
1127 2948 1328 3002 nostris
1357 2947 1520 3002 etiam
1545 2949 1856 3004 cervicibus

285 3024 566 3084 imminet:
613 3043 668 3086 et
711 3042 953 3090 extrema
1007 3051 1238 3107 quaeque
1287 3039 1402 3093 orbi
1435 3039 1768 3106 Christiano,
1799 3050 1856 3096 et

285 3119 708 3178 intrraeionem
741 3127 1012 3198 religioni,
1048 3128 1248 3186 frustra
1283 3131 1360 3185 illi
1385 3131 1605 3200 quidem
1653 3139 1857 3203 (neque

1966 534 2297 602 iniscrarer.
2342 545 2453 600 Etsi
2511 547 2577 600 ad
2639 534 3179 601 connniserationem
3229 547 3412 603 clades
3457 549 3566 604 illae

1963 646 2015 692 et
2065 637 2441 692 florentissimi
2482 639 2964 708 potentissimique
3019 639 3292 706 quondam
3351 641 3562 708 imperii

1963 731 2142 796 ruina,
2192 741 2246 784 et
2297 731 2630 785 Christianae
2681 731 2959 800 religionis
3007 746 3038 785 e
3078 737 3160 785 tot
3211 731 3564 796 amplissimis

1959 821 2260 892 provinciis
2294 821 2621 891 protligatio,
2653 821 2733 874 vel
2758 837 2884 874 saxa
2911 837 3265 875 commovere
3295 822 3512 890 possint
3543 840 3557 874 :

1962 921 2184 968 nostros
2229 923 2415 967 autem
2461 913 2735 974 homines,
2789 913 2954 966 simili
2999 921 3146 968 statu
3198 929 3401 978 rerum,
3460 929 3564 968 nec

1963 1005 2180 1060 illorum
2231 1004 2638 1066 misericordia,
2674 1021 2776 1058 nec
2809 1004 3004 1058 similis
3041 1004 3194 1058 exitii
3229 1015 3377 1060 metu
3410 1023 3561 1060 rom-

1963 1097 2168 1152 mmcri
2217 1098 2289 1153 sit
2341 1096 2650 1151 miraculum
2683 1114 2698 1150 :
2735 1111 2836 1150 nec
2891 1095 3295 1164 desperandum
3345 1108 3558 1162 tamen,

1961 1190 2080 1245 fore
2113 1189 2336 1250 multos,
2367 1187 2460 1257 qui
2494 1187 2578 1242 bis
2615 1203 2725 1240 non
2758 1187 2921 1240 modo
2952 1187 3017 1240 ad
3054 1187 3411 1256 voluptatem,
3459 1191 3559 1246 sed

1963 1281 2221 1336 etiamad
2250 1281 2521 1350 publicam
2557 1280 2845 1334 dtilitatem
2882 1280 3149 1350 legendis,
3190 1291 3342 1336 tuum
3378 1285 3560 1338 consi-

1967 1375 2096 1428 lium
2123 1357 2419 1434 laudaturi,
2438 1381 2494 1426 ct
2516 1373 2660 1426 inter
2679 1383 2872 1428 eastern
2899 1382 3225 1427 ornamenta
3249 1389 3409 1442 quam
3441 1375 3562 1442 plu-

1963 1464 2101 1517 rima
2118 1463 2461 1517 numeraturi
2481 1463 2612 1528 sint,
2639 1462 2728 1530 qui
2749 1460 2944 1517 illustri
2963 1474 3318 1516 momimento
3332 1467 3562 1533 posteris

1963 1557 2129 1610 etiam
2163 1555 2474 1610 consultum
2507 1555 2744 1610 volucris
2768 1572 2780 1608 2
2801 1568 2858 1610 et
2889 1555 3185 1610 multorum
3215 1559 3452 1623 animos,
3474 1558 3562 1614 his

1963 1645 2228 1715 operibus
2275 1645 2334 1700 in
2379 1645 2664 1714 publicum
2695 1645 2876 1708 editis,
2932 1646 2996 1697 ad
3046 1645 3234 1714 patria:
3285 1643 3563 1698 defensio-

1965 1754 2089 1794 nem
2136 1739 2348 1808 majore
2387 1739 2568 1792 studio
2604 1737 3004 1806 suscipiendam
3037 1738 3317 1792 excitaris.

1891 1835 1933 1890 B
2031 1831 2212 1900 Atque
2248 1830 2362 1884 lucc
2401 1831 2471 1886 de
2519 1832 2776 1886 historia.
2834 1829 2912 1885 De
2957 1840 3185 1884 auctore
3229 1846 3338 1886 non
3373 1831 3559 1886 mult's

1963 1931 2048 1976 est
2091 1937 2252 1992 opus.
2307 1921 2444 1976 Nam
2491 1939 2600 1992 quo
2653 1922 2893 1994 ingenio,
2943 1923 3213 1982 doetrina,
3280 1923 3556 1986 facundia,

1964 2016 2296 2069 auctoritate
2323 2015 2467 2085 apud
2497 2031 2626 2070 suos
2656 2015 2840 2078 fuerit,
2879 2016 2996 2086 ipse
3035 2015 3252 2069 abunde
3291 2015 3556 2070 declarat.

1964 2103 2137 2170 Quem
2188 2122 2315 2160 cum
2369 2123 2430 2162 ea
2464 2124 2588 2178 qua:
2621 2107 2690 2162 de
2723 2106 2989 2162 Bliehaele
3029 2100 3336 2177 Palmologo
3384 2123 3560 2176 usque

1963 2199 2029 2250 ad
2063 2196 2452 2254 Catelanorum
2489 2201 2558 2254 ab
2589 2201 2909 2255 Andronico
2938 2200 3153 2254 seniore
3191 2199 3559 2254 defectionem

1962 2287 2174 2352 scribit,
2233 2307 2260 2342 a
2321 2292 2558 2362 Georgio
2611 2289 2972 2361 Pachymerio
3029 2299 3336 2343 mutuatum
3392 2305 3558 2357 esse,

1963 2383 2214 2450 atquein
2253 2381 2641 2452 compendium
2691 2383 2972 2450 redegisse
3019 2381 3400 2452 cognovissent
3443 2396 3560 2436 εει

1963 2471 2284 2544 Augustana
2337 2474 2668 2530 bibliotheca
2729 2473 2864 2528 illud
2914 2489 3054 2544 Opus
3098 2483 3384 2543 acceptum
3434 2489 3562 2544 per-

1959 2562 2067 2634 legi
2119 2583 2134 2620 :
2195 2573 2250 2620 et
2297 2581 2418 2636 quze
2469 2581 2578 2620 non
2635 2565 2853 2620 inutilia
2900 2565 3246 2630 videbantur,
3298 2576 3559 2636 excerpta

1968 2658 2226 2730 Gregorae
2273 2659 2451 2730 adjcci
2485 2677 2500 2714 :
2535 2675 2627 2723 ne,
2661 2661 2838 2730 quoad
2880 2673 3098 2729 possem
3129 2669 3183 2714 et
3215 2659 3425 2725 liceret,
3463 2674 3558 2714 vo—

1965 2748 2161 2804 luntati
2225 2762 2330 2806 tum
2363 2759 2530 2820 atque
2581 2749 2766 2806 ofﬁcio
2795 2767 2919 2806 meo
2963 2751 3236 2806 deessem.
3283 2752 3360 2806 Ac
3400 2738 3570 2822 plura'

1969 2859 2104 2898 sane
2132 2843 2499 2914 collegissem,
2540 2843 2644 2898 nisi
2677 2844 2726 2898 is
2759 2845 2930 2898 Codex
2973 2855 3030 2897 et
3056 2844 3326 2913 principio
3357 2855 3412 2898 et
3453 2848 3560 2901 line

1969 2936 2214 2998 mutilus,
2255 2935 2310 2990 in
2341 2935 2525 2992 medio
2561 2936 2725 2990 etiam
2773 2935 2980 3008 aliquot
3023 2935 3167 2989 foliis
3214 2937 3410 3004 partim
3463 2951 3562 2990 cx-

1967 3029 2152 3090 strctis,
2187 3030 2384 3097 partim
2423 3029 2650 3082 marinis
2683 3028 2938 3084 ﬂuctibus
2987 3029 3069 3099 (ut
3099 3027 3318 3099 opinor)
3369 3033 3556 3083 made-

1967 3123 2148 3187 Factis,
2199 3131 2254 3177 et
2307 3123 2505 3177 litteris
2555 3131 2826 3177 vetustate
2879 3122 3341 3186 evinlescentibus,
3375 3124 3562 3178 studio

287 3215 429 3270 enim
475 3216 679 3272 Christi
731 3194 1036 3276 servatoris
1085 3221 1258 3276 nostri
1317 3194 1564 3293 poi-entia
1599 3194 1856 3280 humanis
1881 3194 1928 3254 ο
1963 3231 2084 3270 meo
2116 3227 2172 3270 et
2192 3217 2366 3272 oculis
2397 3215 2657 3272 diuturna
2691 3215 2808 3270 fere
2840 3225 2896 3270 et
2925 3222 3191 3285 perpctua
3214 3215 3454 3270 lectione
3492 3232 3558 3270 ac

287 3308 447 3360 annis
473 3309 614 3364 vinci
648 3320 867 3382 potest),
895 3313 990 3368 sed
1025 3313 1184 3370 nobis
1213 3329 1324 3370 nou
1355 3315 1475 3370 sine
1499 3316 1724 3386 capitali
1757 3333 1856 3388 pe-

289 3398 458 3453 riculo
490 3401 724 3456 minatur
755 3419 770 3456 :
803 3411 858 3460 et
897 3404 972 3460 ita
1001 3405 1262 3471 minatur,
1299 3415 1359 3462 ut
1394 3407 1860 3464 hoe'Christianze

291 3497 599 3565 reipublicae
641 3504 782 3551 statu
809 3499 992 3566 (quem
1021 3497 1107 3553 vel
1155 3498 1516 3555 mali‘ominis
1563 3514 1728 3555 causa
1774 3501 1857 3553 vi-

291 3586 461 3652 tandi,
484 3589 568 3645 vel
597 3606 664 3644 ne
689 3590 781 3660 qui
813 3604 872 3644 se
907 3590 1202 3662 perstringi
1232 3599 1448 3661 putent,
1483 3582 1612 3647 cum
1643 3593 1856 3664 Byzan-

291 3683 402 3736 tino
451 3683 588 3736 haud
635 3682 880 3752 confero)
915 3673 1086 3738 minae.
1131 3684 1251 3753 eius
1295 3700 1324 3734 ιι
1378 3676 1599 3740 nemine
1629 3687 1855 3740 conlato

289 3773 556 3827 contemni
604 3786 824 3842 queant.
874 3773 970 3828 Sin
1019 3776 1186 3845 aliqui
1234 3776 1308 3830 ita
1341 3785 1586 3846 stupent,
1631 3786 1687 3831 ut
1740 3778 1860 3832 haec

289 3873 382 3915 aut
409 3878 514 3916 non
543 3863 844 3933 intelligant
872 3872 1022 3927 :aut,
1049 3865 1093 3919 si
1117 3866 1452 3938 intelligunt,
1485 3883 1594 3932 non
1619 3877 1814 3922 curent
1839 3885 1852 3921 :

289 3965 400 4016 aut,
421 3955 464 4010 si
491 3967 700 4018 curant,
723 3971 832 4010 non
862 3957 918 4011 in
949 3972 1016 4012 eo
1046 3973 1146 4029 pro
1170 3959 1314 4014 virili
1343 3962 1646 4028 elaborent,
1674 3964 1857 4016 omni-

289 4047 390 4102 bus
419 4049 640 4118 privatis
679 4051 1124 4106 contentionibus
1158 4051 1401 4115 omissis,
1451 4063 1512 4107 ut
1558 4054 1856 4108 incolumi-

289 4141 380 4194 tati
433 4150 625 4194 nostrae
671 4133 1038 4196 consulatur:
1075 4143 1300 4198 evidens
1353 4145 1746 4214 indignationis
1776 4147 1858 4200 ifi-

287 4231 424 4284 vina:
451 4241 635 4286 contra
652 4248 771 4296 nos,
803 4241 860 4287 et
879 4235 1119 4304 urgentis
1149 4235 1355 4290 scelera
1371 4247 1556 4292 nostra
1577 4240 1852 4303 vindictae,

287 4321 424 4390 quod
455 4333 642 4376 auctor
676 4325 763 4378 hic
792 4332 979 4377 noster
1011 4326 1204 4380 crebro
1238 4327 1510 4396 queritur,
1558 4344 1855 4400 argumen-

288 4425 396 4466 tum
423 4413 474 4467 id
508 4429 626 4468 esse
655 4415 926 4470 videatur.

1959 3309 2260 3378 scriptione
2291 3308 2451 3363 fessis
2483 3319 2541 3363 et
2588 3307 2862 3363 hebetatis
2911 3309 3270 3362 vehementer
3305 3307 3561 3364 adversa-

1961 3408 2048 3452 tus
2095 3407 2263 3460 esset,
2307 3407 2474 3470 atque
2525 3399 3019 3480 incpmmodasset.
3052 3399 3553 3469 Chalcocondylem

1959 3503 2140 3547 autem
2169 3508 2302 3548 suus
2338 3493 2632 3561 interpres,
2669 3510 2775 3564 qua
2805 3503 2888 3548 est
2924 3492 3174 3548 doctrina
3202 3499 3258 3546 et
3282 3492 3552 3560 eloquen-

1959 3583 2055 3646 tia,
2097 3583 2169 3636 ita
2200 3583 2628 3644 commendabit,
2663 3593 2724 3638 ut
2777 3582 2909 3636 mihi
2946 3583 3078 3637 satis
3105 3595 3255 3636 nunc
3297 3597 3420 3638 esse
3450 3582 3552 3638 de-

1959 3677 2107 3743 beat,
2141 3677 2186 3732 si
2221 3677 2440 3733 labores
2483 3677 2541 3732 hi
2590 3679 2698 3733 mei
2730 3678 2976 3748 arquitati
3013 3686 3068 3730 et
3101 3676 3413 3732 liberalitati
3447 3685 3553 3732 tua:

1959 3771 2332 3825 commendati
2364 3769 2593 3834 fuerint,
2631 3779 2686 3826 et
2727 3771 2968 3840 probati.
3017 3770 3274 3840 Augusta:
3306 3768 3554 3823 Vindeli-

1959 3876 2175 3928 cornm,
2209 3864 2472 3933 postridie
2502 3861 2622 3918 Kal.
2660 3861 2928 3928 Januarii,
2967 3861 3098 3916 armi
3131 3879 3161 3915 a
3191 3859 3396 3916 Christi
3423 3861 3557 3914 Ser-

1959 3962 2162 4019 vatoris
2210 3961 2550 4015 humanitate
2584 3960 2744 4024 1559,
2773 3973 2936 4029 quem
2980 3959 3076 4013 tibi
3108 3960 3327 4028 tuisque
3358 3965 3415 4011 et
3443 3957 3550 4012 toti

1963 4065 2232 4110 terrarum
2277 4059 2557 4122 pacatum,
2595 4051 2808 4104 felicem
2851 4065 2916 4104 ac
2961 4049 3224 4109 faustum.
3265 4064 3328 4102 ex
3365 4048 3550 4103 animo

1961 4163 2178 4220 precor.
2201 4147 2359 4202 Faxit
2394 4145 2537 4200 Deus
2565 4145 2692 4216 Opt.
2730 4144 2896 4210 Max.,
2925 4155 2983 4198 ut
3009 4143 3341 4198 Ferdinanili
3381 4131 3547 4212 primi

1961 4241 2210 4311 Augusti,
2241 4239 2588 4310 imperatoris
2631 4255 2696 4292 ac
2747 4237 2955 4293 domini
3008 4236 3186 4290 nostri
3233 4235 3550 4290 clementis-

1961 4331 2108 4396 simi,
2161 4332 2216 4384 in
2271 4331 2464 4384 urbem
2506 4331 2670 4393 hanc,
2709 4329 2780 4384 ob
2823 4327 3175 4400 gravissimas
3225 4325 3292 4380 de
3333 4325 3548 4395 imperii

1962 4424 2126 4478 rebus
2153 4422 2604 4484 deliberationes,
2641 4423 2922 4494 ingressus
2955 4421 3080 4490 (sub
3109 4418 3161 4472 id
3192 4426 3408 4490 tempus
3437 4435 3547 4488 quo

353 4509 609 4578 Equidem
634 4509 774 4564 inter
803 4513 1228 4566 convertendum
1257 4515 1354 4568 hos
1381 4515 1702 4584 scriptorcs,
1724 4531 1848 4569 cum
1885 4547 1928 4599 υ
1962 4509 2130 4585 pacis,
2175 4515 2484 4570 concordia:
2511 4525 2567 4570 et
2603 4515 2776 4571 mutui
2809 4515 3015 4568 amoris
3047 4513 3241 4568 doctor
3269 4521 3326 4566 et
3361 4527 3550 4566 extun-

283 4603 345 4654 ad
375 4601 761 4670 imperatorum
799 4603 851 4656 iu
888 4603 1162 4674 fungendo
1203 4621 1434 4660 niunere
1483 4606 1848 4669 oscitantiam,

285 4691 623 4748 t--nac't.atem
653 4695 707 4748 in
737 4697 1082 4758 necessariis,
1115 4697 1464 4767 profusiones
1491 4697 1544 4752 in
1589 4715 1851 4770 superru-

281 4787 418 4850 ruis,
449 4797 503 4840 et
537 4787 787 4841 intestina
821 4788 993 4855 bella;
1053 4795 1336 4858 procerum
1378 4806 1510 4845 vero
1554 4800 1608 4844 et
1652 4793 1855 4848 ducum

279 4880 558 4948 perﬁdiam
589 4895 652 4934 ac
706 4880 1088 4945 temeritatem,
1126 4881 1506 4949 religiosorum
1552 4885 1852 4950 inscitiam,

276 4984 326 5023 et
363 4972 430 5024 de
477 4972 596 5024 Lina
627 4973 845 5041 caprina
879 4971 1038 5036 rixas,
1065 4952 1361 5042 populique
1405 4975 1760 5044 petulantiam
1795 4987 1850 5032 et

275 5066 566 5135 ignaviain,
586 5067 827 5118 euntium
849 5065 1082 5134 denique
1097 5065 1356 5121 ordinum
1375 5078 1619 5122 extrema
1656 5071 1854 5138 probra

279 5157 643 5215 pervenis-seni
674 5175 686 5210 :
717 5167 1016 5225 contraque
1037 5155 1343 5213 Turcorum
1377 5163 1639 5226 majorem
1665 5161 1848 5226 Iidem,

276 5244 532 5310 majorem
575 5247 964 5317 integritatem,
1022 5247 1423 5312 fortitudinem,
1479 5235 1849 5317 clenmntiam,

281 5341 343 5390 vii
361 5349 502 5393 tates
519 5339 760 5410 ipsorum
782 5341 1014 5396 hostium
1031 5343 1219 5414 elogiis
1231 5343 1332 5397 ρει(
1352 5345 1554 5410 bratas,
1571 5345 1848 5414 legissent:

279 5434 343 5483 ita
374 5447 492 5485 sum
524 5433 708 5486 animo
748 5443 1076 5498 commotus,
1113 5444 1171 5489 ut
1194 5435 1402 5490 Turcos
1428 5438 1657 5506 imperio
1694 5439 1852 5508 longe

275 5523 306 5574 d
331 5522 543 5592 gniores
568 5523 871 5592 judicarem
909 5541 922 5576 :
955 5535 1007 5580 et
1039 5526 1226 5580 faccem
1270 5543 1331 5580 ac
1379 5531 1652 5582 sentinam
1703 5529 1847 5585 illam

275 5614 598 5668 ιεοιιιιὶυτιιιιι
658 5604 943 5669 hominum
987 5625 1093 5671 tam
1142 5617 1236 5701 diu
1283 5617 1450 5674 fu'ssc
1490 5619 1842 5688 incolumem,

236 5826 260 5834 ι
339 5803 448 5869 (tu?)
488 5801 596 5854 .‘Cui:
640 5801 760 5864 iiii,
799 5799 894 5855 sed
930 5799 1039 5854 157.

1957 4610 2106 4676 plum
2138 4609 2390 4664 Christus
2417 4597 2599 4673 Jesus,
2625 4620 2848 4678 propter
2877 4608 3108 4662 salutem
3136 4605 3356 4660 humani
3383 4621 3551 4676 geni:—

1954 4700 2052 4764 ris,
2086 4682 2432 4754 diSsimulata
2480 4701 2768 4756 divinitate
2800 4715 2918 4767 sua,
2951 4701 3114 4754 homo
3147 4697 3298 4754 nasci
3327 4695 3546 4764 voluit),
3571 4689 3592 4702 Χ

1955 4793 2198 4846 omnium
2250 4793 2582 4862 principum,
2622 4793 2868 4848 omnium
2920 4793 3212 4847 lmminum
3263 4791 3480 4844 animos
3512 4805 3543 4843 a

1955 4870 2184 4950 privatis
2216 4883 2616 4952 cupiditatibus
2653 4885 2717 4938 ad
2750 4901 2936 4940 curam
2977 4884 3208 4954 publica:
3258 4883 3476 4944 salutis,
3515 4873 3546 4935 ἐι

1957 4973 2088 5026 luxu
2125 4985 2177 5028 et
2211 4975 2521 5044 corruptela
2555 4991 2766 5028 morum
2823 4979 2890 5029 ad
2938 4974 3294 5029 sobrietatem
3330 4983 3385 5027 ct
3418 4970 3544 5026 vitae

1958 5065 2350 5136 integritatem,
2387 5066 2454 5121 ab
2487 5067 2628 5120 odiis
2678 5077 2733 5121 et
2783 5065 3157 5120 simultatibus
3202 5064 3266 5118 ad
3317 5078 3548 5117 concor-

1955 5156 2099 5210 diam
2135 5167 2190 5212 ct
2221 5173 2488 5222 amorem,
2536 5159 2746 5220 arixis
2781 5169 2834 5213 et
2868 5158 3328 5226 disputationibus
3358 5159 3422 5209 ad
3455 5172 3547 5209 ur-

1959 5266 2078 5310 rum
2111 5252 2318 5306 cultum
2353 5253 2649 5322 religionis,
2687 5269 2716 5307 a
2749 5253 2910 5308 bellis
2945 5263 2994 5306 et
3029 5251 3195 5306 armis
3225 5249 3292 5304 ad
3330 5248 3536 5302 lli-mam

1955 5351 2008 5396 cl
2041 5353 2386 5398 constantem
2429 5361 2616 5414 pacein
2657 5355 2966 5399 conuertat.

2028 5438 2200 5509 Cujus
2229 5439 2337 5493 voti
2371 5439 2416 5492 si
2450 5453 2551 5494 nos
2577 5438 2762 5494 divina
2795 5439 3092 5493 liberalitas
3131 5433 3340 5508 (merita
3387 5431 3534 5495 enim

1914 5593 1918 5597 μ
1955 5545 2140 5586 nostra
2169 5531 2316 5586 nulla
2355 5533 2602 5602 profecto
2637 5533 2838 5605 jactare
2865 5545 3178 5602 possumus,
3218 5538 3319 5580 nec
3355 5523 3538 5578 minus

1954 5623 2160 5694 indigni
2192 5640 2380 5680 sumus
2404 5625 2590 5680 divino
2612 5625 2816 5680 auxdio
2849 5641 3010 5694 quam
3045 5623 3232 5691 indigi)
3257 5629 3541 5688 compotes
