3990 6468
294 366 382 435 illi
1439 359 1750 419 NOTITIA
1794 358 1871 419 El

1978 358 2327 423 'ABRICIO.

3440 362 3545 428 με

295 486 417 550 rint,
474 491 529 534 ut
570 479 890 533 narrationis
930 486 1199 533 contextus
1224 475 1368 531 nullo
1408 477 1561 531 hiatu
1595 481 1852 544 abruptus
1883 484 1924 538 Α
1957 475 2384 542 υιῖδριιιαιὶοηεηι
2417 478 2665 552 ϐνεῃονίυ
2706 496 2826 559 cum
2866 479 2989 535 Nic.
3026 479 3275 543 Cabasila
3332 492 3382 539 et
3413 502 3545 540 ano-

291 575 377 635 sit,
404 572 494 625 sed
526 569 764 624 omnibus
799 570 1040 639 partibus
1085 580 1201 638 apte
1236 567 1615 622 cohwrentibus
1654 568 1856 636 integer

290 674 337 718 et
359 664 638 718 continuus
654 662 925 731 procedat.
955 660 1020 714 ld
1039 661 1285 731 Gregora:
1306 660 1473 730 ipsius
1494 659 1703 729 judicio
1735 663 1855 727 [ac-

289 768 397 809 tum
428 755 579 810 velim
612 767 631 806 :
662 769 823 824 neque
850 770 891 825 ¹α
923 769 1042 807 vero
1072 752 1345 815 abhorret,
1374 767 1493 804 eum
1524 751 1697 819 primo
1749 751 1859 805 edi-

287 847 448 901 tionis
481 861 662 900 amore
688 845 1001 915 refrigerato
1031 859 1187 899 suum
1211 859 1340 913 opus
1369 842 1750 911 recognovisse,
1795 858 1858 895 ac

286 956 367 1002 ea,
397 955 516 1007 gnte
540 937 839 992 ostentandi
863 936 1056 1006 ingenii
1083 951 1244 988 causa
1267 942 1533 997 assuerat,
1561 933 1857 1000 monodias,

286 1031 575 1093 orationes,
596 1029 807 1099 aliaque
841 1027 895 1081 id
916 1043 1076 1098 genus
1106 1029 1407 1080 resecuisse.
1446 1024 1637 1079 Vereor
1657 1036 1855 1090 tamen,

289 1135 350 1171 nc
397 1133 448 1172 et
502 1120 685 1188 gloria:
730 1118 891 1187 paulo
929 1119 1131 1171 avidior
1175 1134 1263 1171 eos
1311 1133 1537 1188 pannos,
1573 1118 1629 1171 in
1682 1118 1861 1188 prima

286 1209 573 1277 scriptione
597 1208 835 1270 omissos,
865 1205 1079 1277 repetito
1096 1207 1278 1262 deinde
1295 1222 1448 1277 opere
1470 1208 1858 1264 intertexuerit.

288 1302 433 1357 idem
462 1311 723 1371 praeterea
756 1315 885 1355 usus
911 1298 1102 1355 codice
1121 1298 1292 1367 Regio
1321 1297 1483 1361 2078,
1511 1314 1672 1368 quem
1696 1297 1863 1353 libros

288 1394 494 1464 primos
522 1402 753 1461 quatuor
777 1391 1123 1461 complexum
1149 1391 1225 1444 ait
1256 1406 1448 1461 parum
1475 1391 1542 1446 ab
1571 1391 1735 1446 editis
1759 1390 1863 1445 dil-

286 1484 449 1549 ferre,
489 1484 599 1537 nisi
648 1483 790 1551 quod
823 1483 874 1537 in
909 1484 1173 1537 librorum
1234 1491 1289 1537 et
1327 1482 1563 1551 capitum
1595 1480 1864 1536 divisione

286 1564 584 1647 discrepet.
621 1573 901 1630 Monodias
938 1575 1062 1628 libri
1115 1573 1316 1629 decimi
1348 1573 1526 1638 initio,
1581 1574 1888 1644 castigavit.

288 1684 354 1722 ex
384 1667 577 1722 codice
608 1666 921 1722 Colbertino
954 1667 1115 1731 4950,
1150 1667 1324 1734 cuius,
1356 1667 1551 1737 inquit.
1597 1669 1744 1720 nobis
1778 1683 1865 1720 co-
1912 1712 1924 1719 .

288 1764 433 1831 piam
467 1761 593 1827 [ccil
619 1762 697 1814 vir
726 1776 886 1830 quam
908 1760 1092 1813 doctus
1122 1768 1233 1813 tam
1257 1759 1529 1823 amabilis,
1556 1756 1861 1827 Stephanus

287 1821 571 1906 heinsius.
614 1821 923 1921 Lectiones,
958 1864 988 1904 e
1018 1850 1205 1905 codice
1245 1821 1862 1919 Vaticanoidescriptas,
1893 1821 1937 1877 Β

287 1945 499 2012 accepit
532 1954 563 1995 a
598 1939 748 1995 Frid.
775 1940 1133 2012 Rostgaardo.
1192 1939 1422 1994 Exstant
1470 1955 1687 2009 quoque
1722 1942 1865 1997 inter

290 2049 427 2088 mss.
488 2032 707 2087 Graecos
750 2033 967 2087 codices
1016 2032 1148 2086 bibl.
1193 2030 1560 2107 Seguierianse
1626 2031 1743 2086 libri
1796 2031 1865 2086 XI

296 2126 564 2195 primores
595 2139 657 2179 ex
686 2123 977 2194 Nicephori
1011 2121 1236 2195 Syntaxi
1299 2125 1547 2180 historia:
1578 2123 1861 2178 Romanis.

294 2215 398 2271 Sed
434 2225 595 2286 negat
643 2214 936 2281 Boivinus,
975 2215 1078 2271 sibi
1110 2226 1241 2271 tunc
1282 2216 1489 2271 aditum
1525 2215 1770 2286 patuisse
1798 2215 1864 2271 ad

296 2309 439 2363 illam
471 2308 882 2373 bibliothecam,
939 2323 1058 2378 qua:
1093 2316 1281 2379 postea
1330 2316 1452 2363 erat
1506 2308 1865 2364 illustrissimi

296 2398 448 2453 ducis
469 2397 716 2465 Coislini,
743 2397 985 2470 episcOpi
1016 2398 1296 2464 Metensis,
1327 2408 1383 2455 et
1408 2398 1637 2454 liberius
1683 2400 1865 2455 aditur

298 2506 477 2561 neque
526 2491 760 2561 amplius
804 2507 907 2561 pro
949 2492 1207 2548 thesauro
1255 2492 1579 2548 abscondito
1608 2493 1754 2563 jacet
1783 2507 1870 2549 oc-

301 2584 445 2639 clusa
507 2582 695 2639 usibus
746 2594 802 2639 et
853 2584 1140 2641 desideriis
1199 2585 1563 2640 eruditorum.
1618 2584 1866 2641 Latinam

303 2672 483 2730 Wolﬁi
511 2674 810 2733 versionem
838 2677 1041 2749 passim
1100 2677 1413 2733 emendavit
1456 2686 1511 2733 et
1559 2679 1627 2733 ad
1679 2677 1867 2735 Grates

304 2766 615 2840 diligentius
644 2768 713 2840 (e)
749 2769 950 2842 exegit,
982 2769 1153 2826 libros
1182 2770 1454 2840 capitibus
1482 2778 1539 2825 et
1566 2771 1871 2828 minoribus

303 2862 633 2920 sectionibus
663 2862 871 2927 divisit,
915 2862 1187 2932 capitibus
1239 2861 1472 2932 praﬁxit
1528 2875 1868 2935 argumenta,

306 2958 525 3012 nomina
565 2957 958 3024 imperatorum
988 2955 1055 3011 de
1083 2971 1317 3027 quorum
1351 2956 1513 3017 rebus
1540 2972 1723 3011 sermo
1759 2965 1869 3040 est,

302 3058 356 3103 et
390 3062 562 3104 annos
592 3048 911 3104 Christi-in
960 3063 1055 3103 ora
1102 3049 1223 3104 libri
1272 3048 1354 3103 vel
1396 3049 1630 3105 summis
1655 3049 1871 3119 paginis

1958 582 2116 636 nymo
2161 572 2225 621 de
2256 568 2500 625 Palama:
2540 572 2834 637 erroribus,
2888 588 3008 639 qua:
3038 588 3090 628 ει.
3129 576 3195 627 C.
3232 574 3390 641 1551,
3421 584 3544 643 post

1959 660 2227 731 synodum
2264 660 2635 718 Palamiticam
2673 664 2853 720 habita
2891 673 2997 728 est,
3053 674 3109 719 et
3149 665 3204 718 in
3238 665 3341 720 hoc
3377 681 3544 736 Opere

1960 752 2030 807 ab
2058 751 2213 808 initio
2245 740 2553 810 libri'XXll
2608 772 2778 826 usque
2834 757 2898 811 ad
2930 757 3096 812 XXIV
3132 758 3249 813 fere
3300 758 3544 812 medium

1958 849 2159 905 exstat,
2185 844 2406 898 mltibrl
2432 862 2556 899 cum
2585 848 2840 903 versione
2870 847 3060 902 Latina
3085 857 3139 904 et
3162 848 3307 905 notis
3330 848 3544 905 Claudii

1960 931 2378 1003 Capperonerii,
2434 937 2701 993 Iiceutiati
2738 940 2973 1010 theologi
3017 941 3365 996 Parisiensis.
3402 943 3547 997 Prie-

1963 1035 2043 1080 ter
2071 1028 2459 1084 adnotationes
2490 1046 2656 1100 porro
2679 1049 2828 1094 suas,
2850 1033 2902 1086 in
2928 1034 3122 1102 quibus
3143 1035 3347 1091 inedita
3369 1036 3543 1103 varia,

1963 1113 2226 1172 Boivinus
2259 1119 2425 1173 etiam
2458 1117 2648 1192 Cangii
2681 1134 2840 1177 notas
2881 1126 3204 1193 posthamas
3240 1126 3446 1181 addidit
3476 1126 3544 1180 ad
3622 1138 3631 1145 ‘

1967 1205 2139 1261 libros
2160 1204 2415 1280 Gregorze
2454 1213 2872 1281 septemdecim.

2038 1294 2266 1351 Librum
2295 1296 2391 1352 XII
2431 1307 2487 1352 et
2524 1300 2771 1369 quinque
2798 1302 3061 1372 deinceps
3091 1305 3410 1370 coittinuos,
3441 1322 3545 1362 sae-

1963 1384 2149 1439 viente
2179 1383 2235 1438 in
2261 1386 2670 1458 Aeindynianos
2698 1389 3108 1458 persecutione,
3149 1392 3374 1462 scripsit
3408 1393 3584 1449 διε-κ

1963 1490 2148 1547 goras,
2177 1478 2420 1534 nondum
2457 1482 2632 1535 ta‘men
2670 1483 2835 1536 domo
2864 1480 3132 1549 inclusus,
3165 1483 3299 1549 imo,
3353 1493 3411 1540 ut
3435 1485 3551 1539 edi.

1969 1566 2074 1619 tori
2166 1567 2426 1631 videtur,
2522 1579 2650 1625 ante
2727 1570 2967 1626 habitam
3009 1589 3060 1628 a.
3116 1575 3243 1628 1551
3284 1576 3551 1644 synodum

1966 1657 2363 1714 Palamiticam.
2427 1659 2654 1716 Librum
2713 1664 2877 1719 XVIII
2939 1674 2995 1719 et
3052 1682 3249 1720 novem
3287 1667 3554 1736 deinceps

1967 1758 2264 1805 continuos
2293 1752 2405 1820 jam
2453 1753 2600 1808 domi
2651 1770 2875 1810 manere
2918 1756 3108 1825 jussus
3162 1766 3216 1811 ct
3271 1760 3556 1813 monachis

1967 1841 2291 1896 cnstodibus
2353 1845 2616 1901 obsessus
2648 1849 2957 1917 composuit
3007 1846 3153 1903 Julio
3205 1860 3258 1904 et
3305 1853 3560 1921 Augusto

1966 1934 2253 1987 mensibus
2281 1935 2753 1992 annill’sb‘ﬁtanta
2816 1941 3119 2005 celi-ritate,
3173 1952 3233 1998 ut
3288 1945 3372 1996 vix
3434 1943 3581 1998 dics

1966 2025 2324 2096 quadraginta
2381 2029 2429 2082 ei
2464 2029 2751 2098 scriptioni
2796 2032 3149 2101 impenderit,
3193 2034 3553 2104 quemadmo-

1967 2113 2098 2170 dum
2132 2117 2185 2171 in
2212 2118 2358 2173 illius
2390 2122 2500 2176 vita
2536 2112 2799 2178 Boivinus
2823 2124 3103 2191 observat,
3154 2127 3247 2196 qui
3280 2138 3553 2197 praetena

1967 2208 2240 2277 pollicitus
2299 2220 2415 2265 erat
2474 2216 2629 2267 tertio
2664 2226 2803 2268 tanto
2836 2215 2902 2285 (l)
2938 2217 3103 2272 edere
3152 2217 3323 2274 libros
3368 2221 3555 2289 operis

1970 2299 2642 2371 reliquosquatuordecim
2676 2322 2704 2359 a
2738 2305 2884 2361 XXV
2923 2323 3095 2379 usque
3125 2309 3193 2365 ad
3226 2309 3494 2365 XXXVIII
3525 2327 3540 2375 ;

1969 2391 2267 2455 historicos
2306 2396 2529 2466 quidem
2566 2382 2711 2462 octo,
2767 2397 2822 2453 in
2853 2400 3000 2455 anno
3034 2401 3174 2456 1557
3206 2403 3428 2457 ineunte
3461 2405 3560 2459 de-

1969 2488 2239 2553 sinentes,
2283 2497 2339 2542 et
2371 2489 2708 2561 dogmaticos
2738 2506 2855 2558 sex,
2908 2509 2973 2549 ex
3001 2494 3318 2564 apOgI'apllo
3345 2496 3557 2553 codicis

1972 2577 2243 2646 Vaticani,
2275 2597 2437 2652 quos,
2481 2592 2709 2653 recepta,
2746 2585 2857 2656 jam
2898 2586 3173 2651 libertate,
3220 2588 3386 2643 variis
3421 2599 3560 2644 tem-

1975 2668 2202 2740 poribus
2235 2669 2452 2725 videtur
2471 2672 2806 2740 condidisse,
2845 2684 2901 2728 ut
2939 2674 3115 2731 eidem
3151 2672 3376 2730 Βοίνὶυο
3439 2692 3560 2735 mo-

1974 2762 2153 2816 nitum
2186 2763 2240 2816 in
2265 2764 2430 2832 notis,
2462 2779 2515 2833 p.
2545 2765 2670 2821 785.

2046 2853 2219 2908 Fuere
2251 2863 2306 2909 et
2336 2857 2598 2910 nonnulla
2631 2857 2769 2912 falso
2810 2859 3043 2928 ascripta
3077 2858 3383 2930 Nicephoro
3415 2859 3559 2916 Gre-

1974 2962 2141 3019 gora3,
2178 2957 2237 3001 ut
2273 2949 2542 3003 somnium
2570 2951 2954 3020 propheticum,
2986 2952 3280 3016 Philothei,
3329 2956 3560 3023 patriar-

1973 3038 2113 3103 cha‘,
2138 3038 2511 3095 Antirrltctico
2532 3058 2629 3107 xu,
2655 3041 2778 3097 cod.
2799 3043 2934 3112 Reg.
2962 3043 3120 3109 l996,
3143 3044 3235 3099 fol.
3261 3045 3385 3110 279,
3411 3048 3559 3115 quod

301 3140 599 3205 adnotavit.
628 3150 889 3212 notasque
922 3141 1138 3205 breves,
1181 3139 1274 3195 ubi
1307 3139 1608 3221 opug’fuit,
1643 3140 1864 3209 adjecit,
1895 3164 1942 3229 c
1974 3126 2162 3229 Graece
2210 3143 2267 3185 et
2306 3130 2503 3229 Latine
2527 3132 2788 3188 Iioivinus
2821 3135 2943 3189 vita:
2972 3133 3266 3206 Nicephori
3305 3136 3557 3191 inseruit.

306 3230 643 3285 uberioribus
670 3228 737 3284 ad
769 3230 974 3285 calcem
1001 3231 1127 3284 tomi
1161 3229 1385 3284 secundi
1417 3228 1751 3299 subjunctis.

274 3326 281 3333 ‘
367 3320 546 3376 Libris
574 3321 685 3375 sive
712 3319 892 3391 λόγοις
921 3321 1022 3375 illis
1062 3321 1317 3376 undecim
1354 3321 1658 3377 absolvitur
1691 3323 1865 3393 prima

306 3428 449 3483 pars,
481 3413 616 3477 sive,
674 3425 732 3470 ut
769 3414 822 3467 in
855 3413 1187 3469 cndice~tns.
1223 3413 1484 3469 Vaticano
1524 3415 1826 3484 appellatur
1849 3456 1864 3483 ,

305 3506 517 3575 πρῶτον
546 3506 781 3575 βιϐλία-ιε
820 3520 941 3559 nam
974 3505 1028 3560 in
1051 3505 1143 3560 illo
1166 3506 1576 3562 habenturlihri
1594 3505 1662 3562 ab
1680 3505 1865 3573 XVIII,

307 3614 475 3669 usque
508 3600 573 3653 ad
598 3598 884 3666 XXXVIII,
936 3611 990 3654 ct
1012 3599 1152 3654 liber
1173 3598 1338 3654 XVIII
1388 3600 1714 3656 inscribitur
1740 3604 1863 3654 Asu-

305 3692 462 3762 tépou
494 3689 696 3761 βιϐλίου
737 3692 894 3762 λόγος
925 3691 988 3754 ζ’.
1048 3692 1230 3747 Libros
1265 3709 1387 3747 vero
1434 3693 1705 3759 tredecim,
1762 3695 1867 3750 hoc

307 3794 408 3845 est,
439 3781 558 3838 XII
591 3800 750 3856 usque
779 3785 848 3839 ad
878 3783 1013 3839 ΧΧΙ
1030 3783 1091 3849 ν,
1117 3785 1183 3839 de
1218 3786 1384 3841 rebus
1415 3801 1514 3856 per
1547 3785 1738 3845 decem
1764 3804 1868 3842 an-

308 3889 409 3929 nos
439 3893 466 3926 a
502 3875 632 3929 1341
675 3875 742 3930 ad
782 3876 939 3941 I35I,
974 3879 1076 3931 sub
1108 3876 1340 3946 imperio
1373 3877 1608 3931 duorum
1661 3877 1869 3947 princi-

309 3981 433 4036 pum
464 3965 743 4039 Palseologi
777 3977 832 4024 et
851 3967 1234 4032 Cautacu’zeni,
1267 3968 1463 4038 gestis,
1491 3968 1700 4039 primus
1724 3969 1867 4026 idem
1896 4030 1909 4039 ⁴

308 4058 647 4116 doctissimus
669 4061 852 4115 Boiviu
882 4059 1065 4117 Graece
1095 4076 1219 4115 cum
1253 4062 1505 4116 versione
1532 4077 1633 4117 sua
1685 4061 1870 4133 vulga-

311 4150 387 4205 vit
416 4168 445 4207 e
473 4152 673 4223 duplici
701 4150 1012 4222 apographo
1042 4151 1291 4207 codicum
1326 4150 1733 4218 Vaticanorum,
1759 4167 1869 4205 uno

310 4243 442 4298 bibl.
497 4243 676 4313 Regiis
730 4241 871 4296 2097
920 4242 1271 4297 emendatius
1326 4242 1548 4313 scripto,
1625 4243 1721 4313 qui
1775 4259 1868 4299 sex

312 4320 475 4389 libros
506 4334 623 4405 (XII
653 4349 847 4405 nempe
876 4348 1045 4404 caque
1080 4335 1146 4390 ad
1179 4332 1368 4405 XVIII)
1403 4335 1736 4400 continebat,
1790 4336 1869 4389 al—

312 4438 428 4482 tero
480 4436 682 4496 ερρινιη
737 4435 1056 4481 canterorum
1114 4427 1385 4482 librorum
1439 4444 1467 4481 a
1498 4426 1583 4482 ΙΙο.
1615 4427 1870 4482 Vivaotio

2049 3219 2297 3292 Gregorae
2322 3220 2667 3293 vitia,inquit
2692 3225 2834 3279 idem
2869 3226 2953 3280 vir
2968 3226 3341 3305 d/oclissimus,
3373 3230 3561 3301 (neque

1976 3317 2117 3369 enim
2151 3319 2263 3386 ejus
2284 3316 2556 3389 scriptoris
2584 3325 2696 3371 tant
2736 3319 2909 3385 inepte
2933 3337 3050 3374 sum
3083 3321 3285 3390 fautor,
3320 3332 3374 3375 ut
3408 3325 3559 3376 nulla

1974 3406 2222 3461 habuisse
2269 3422 2387 3460 cum
2421 3408 2801 3478 contendam),
2839 3411 3070 3465 maxime
3115 3418 3397 3483 conspicua
3453 3415 3563 3468 huic

1976 3499 2187 3571 fuerunt
2217 3517 2229 3554 :
2258 3500 2448 3569 Asper,
2479 3510 2748 3563 austerus,
2797 3505 3042 3573 pertinax
3066 3545 3081 3568 ,
3109 3508 3371 3577 principes
3417 3525 3564 3579 atque

1976 3607 2040 3644 ac
2068 3594 2304 3661 privatos
2337 3591 2531 3663 lingua:
2562 3592 2858 3663 petulantia
2907 3596 3150 3667 offendit.
3185 3598 3561 3670 Philosophus,

1976 3684 2156 3737 animo
2189 3682 2331 3738 haud
2363 3685 2665 3753 imperavit.
2709 3685 3002 3741 liistoricus
3054 3692 3284 3758 partium
3320 3694 3564 3762 aﬁ‘ertnnt

1976 3793 2081 3829 non
2106 3777 2296 3830 exuit:
2329 3774 2516 3847 gloria:
2550 3776 2778 3846 denique
2824 3778 3112 3848 cupiditate
3158 3792 3208 3834 et
3255 3799 3437 3837 amore
3480 3786 3566 3837 sui

1975 3869 2141 3940 ipsius
2175 3870 2337 3922 nimio
2355 3866 2635 3924 laboravit.
2662 3869 2829 3924 Plura
2855 3866 2912 3925 in
2940 3873 3078 3943 stylo
3111 3876 3568 3942 reprehendenda:

1973 3963 2030 4017 in
2070 3962 2253 4032 primis
2269 3961 2593 4031 κακοζηλία,
2624 3977 2716 4016 seu
2740 3963 3016 4017 ambitiosa
3039 3966 3315 4036 elegantiw
3346 3970 3566 4037 affecta-

1978 4056 2050 4108 tio
2072 4071 2099 4119 ι
2153 4052 2356 4124 poetica
2406 4052 2679 4106 verborum
2712 4053 2947 4110 luxuries
2968 4106 2981 4122 ,
3035 4058 3221 4127 ﬁgura:
3256 4059 3566 4125 insolentes,

1977 4145 2306 4216 hyperbata;
2365 4142 2563 4198 crebra:
2593 4160 2697 4198 non
2733 4146 2887 4198 modo
2921 4146 3213 4213 verborum,
3238 4150 3328 4200 sed
3357 4158 3405 4202 et
3443 4167 3567 4202 sen—

1977 4239 2264 4292 tentiarum
2300 4237 2650 4306 rcpetitiones.
2691 4233 2842 4301 Quod
2871 4236 2919 4289 si
2964 4238 3339 4305 conferendum
3386 4258 3567 4295 exem-

1975 4334 2124 4403 plum
2156 4339 2252 4396 est,
2281 4330 2336 4382 in
2365 4328 2510 4382 libris
2535 4329 2765 4397 ejusdem
2798 4332 3095 4399 argumenti
3125 4333 3387 4387 historicis
3421 4333 3569 4387 (Ian-

1981 4432 2268 4476 tacuaenus
2304 4419 2457 4492 longe
2486 4431 2731 4491 pra’stat.
2759 4418 2823 4475 In
2865 4423 3210 4494 chronologia
3241 4436 3414 4479 tamen
3442 4427 3571 4481 Cre-
3594 4415 3614 4431 ’

313 4514 480 4573 Roma
510 4518 778 4574 Lutetiam
813 4519 998 4574 adlato
1024 4519 1286 4589 valdeque
1315 4520 1600 4586 mendoso,
1654 4521 1749 4574 sed
1801 4520 1869 4575 de
1898 4526 1951 4586 Ι)
1976 4536 2135 4589 goras
2157 4518 2483 4588 diligentior,
2504 4518 2609 4571 imo
2642 4517 2784 4584 apud
2806 4517 3233 4572 Cuntacuzenum
3257 4524 3420 4587 [erme
3442 4522 3567 4574 nul-

311 4611 465 4682 cujus
496 4610 628 4667 locis
685 4611 955 4683 plerisque
1008 4612 1191 4667 dubiis
1248 4611 1468 4667 codices
1519 4611 1810 4668 Vaticanos
1842 4628 1873 4667 a

314 4702 444 4757 viris
473 4702 666 4770 doctis,
696 4702 992 4773 Zaccagnio
1018 4712 1075 4758 et
1099 4704 1354 4769 Dehuiro,
1404 4706 1615 4759 consuli
1642 4704 1872 4760 curmit.

384 4887 453 4954 le)
490 4885 749 4941 Boivinus
776 4886 831 4941 in
869 4887 1078 4955 pra-lat.
1132 4882 1395 4955 Cregoras
1435 4884 1731 4953 multijuga'
1759 4900 1874 4937 eru-

309 4958 527 5015 ditionis
556 4967 602 5010 et
636 4958 767 5011 artis
795 4958 1076 5010 rhetorica:
1118 4966 1437 5016 ostentator,
1493 4970 1627 5023 δαέρα
1662 4955 1878 5008 aberrat

310 5048 341 5083 a
375 5027 665 5097 proposito,
695 5039 743 5080 ct
782 5028 851 5080 ad
879 5043 941 5079 ea
974 5043 1091 5097 aute
1124 5042 1315 5094 parum
1350 5037 1441 5097 aut
1497 5023 1728 5097 nihilad
1770 5041 1877 5078 rem

312 5095 594 5168 pertinent,
643 5098 1003 5168 digreditur._
1030 5096 1545 5168 In__iisssaplp10t;
1579 5095 1776 5168 mirum
1801 5108 1877 5148 est

312 5165 471 5241 quam
523 5168 591 5241 sit
640 5172 903 5241 carbasus.
937 5165 1035 5241 ΔΕα
1071 5165 1295 5241 Wolﬁus
1334 5165 1689 5241 rebus-ntagis
1716 5182 1877 5234 quam

316 5235 483 5293 rerbis
532 5238 756 5292 intentus
806 5238 1043 5291 breviora
1101 5238 1277 5306 facere
1307 5238 1553 5291 instituit.
1594 5235 1799 5303 itaque
1827 5250 1875 5289 et

320 5309 646 5362 luxuriantia
679 5308 1018 5377 compescuit,
1034 5316 1084 5361 et
1108 5323 1226 5377 qut:
1244 5309 1457 5360 omnino
1482 5306 1877 5369 redundabant,

318 5380 630 5447 suppressit.
695 5376 809 5445 Ego
842 5392 962 5431 vero
1007 5376 1271 5447 [acturum
1308 5393 1388 5429 me
1440 5392 1611 5443 operte
1648 5379 1879 5445 pretium

320 5449 517 5519 putari,
540 5449 584 5501 si
616 5448 852 5519 auctoris
886 5447 1054 5501 Graeci
1082 5450 1310 5518 restigiis
1344 5448 1673 5509 inhaererent,
1721 5460 1880 5516 atque

323 5518 435 5589 ejus
461 5519 611 5573 verba
642 5518 922 5573 lectoribus
946 5520 990 5571 si
1022 5519 1195 5572 minus
1234 5519 1874 5581 adnumerarem,sattem

323 5590 558 5659 religiose
609 5600 656 5643 et
702 5589 931 5659 ﬁdeliter
963 5590 1328 5659 adpenderent,
1385 5603 1522 5659 quae,
1558 5595 1614 5659 ut
1667 5590 1875 5658 opinor,

324 5656 513 5727 optima
545 5672 617 5714 est
652 5656 791 5714 ratio
820 5659 1226 5727 interpretandi.
1275 5656 1340 5711 lu
1370 5656 1877 5727 quibusdam'cttant

326 5725 362 5783 ι’
388 5748 502 5785 vero
524 5748 675 5785 sensu
715 5730 998 5799 deﬂexisse
1026 5725 1153 5783 mihi
1183 5731 1324 5783 risus
1353 5725 1427 5781 est
1468 5731 1720 5796 interpres
1750 5729 1875 5781 doc-

328 5803 683 5866 tissituus,ttut
716 5801 1035 5854 sententiam
1060 5802 1290 5855 auctoris
1322 5799 1538 5852 obscure
1562 5810 1609 5852 et
1638 5808 1875 5852 contorta

392 5882 413 5929 Χ

1984 4614 2059 4666 la.
2092 4611 2493 4666 Cantacuzenus
2527 4613 2771 4680 quautam
2805 4613 3014 4665 videtur
3043 4613 3284 4666 consulto
3311 4616 3568 4676 cmis'ssc,

1983 4720 2103 4775 qua:
2158 4702 2418 4772 Grcgoras
2473 4701 2618 4757 haud
2672 4706 3029 4771 prwtermisit.
3063 4733 3131 4744 -ν
3165 4705 3574 4759 (ἱαηιιιιηακηειθι

1980 4886 2316 4958 expressisse.
2363 4881 2519 4936 Nihil
2558 4884 2674 4935 dico
2704 4884 2768 4958 de
2804 4883 3126 4958 minoribus
3155 4887 3311 4952 vitiis,
3381 4888 3575 4958 quibus

1983 4956 2186 5007 nullum
2224 4969 2373 5024 opus,
2410 4954 2745 5024 quantumvis
2780 4965 2978 5009 tersum
3011 4968 3060 5008 et
3089 4955 3356 5023 limatum,
3391 4954 3579 5013 carere

1982 5027 2197 5078 omnino
2236 5033 2406 5089 potest
2438 5038 2456 5096 .j
2483 5040 2600 5094 quat
2635 5025 2846 5096 quidem
2889 5025 3020 5078 vitia
3055 5037 3111 5079 ut
3147 5031 3611 5096 plerumqnenosi

1980 5098 2035 5146 in
2078 5093 2755 5167 lucubrationibusnostris
2794 5096 3013 5167 fallunt,
3045 5098 3119 5149 ita
3147 5093 3216 5150 Vin
3254 5093 3444 5152 alienis
3487 5106 3578 5155 vix

1985 5167 2476 5241 unguunt/apium:
2512 5165 2771 5241 Equidem
2795 5165 2884 5221 eos
2915 5172 3308 5241 nwtsospcorpori
3332 5171 3577 5241 alioquin

1987 5237 2193 5305 egregio
2217 5238 2500 5309 inspersos,
2528 5247 2584 5289 ut
2612 5237 2925 5309 eximerent,
2946 5239 3127 5292 sedulo
3168 5256 3380 5309 operam
3410 5237 3531 5294 dedi
3552 5258 3576 5295 :

1990 5322 2082 5360 nec
2104 5322 2185 5359 me
2218 5323 2279 5359 ea
2313 5323 2367 5360 re
2398 5306 2651 5375 injuriam
2678 5306 2871 5375 Wolﬁo
2900 5308 3079 5376 fecisse
3108 5306 3364 5372 arbitror,
3395 5312 3487 5363 sed
3509 5313 3582 5364 de

1988 5392 2048 5449 eo
2077 5378 2204 5449 bene
2228 5378 2478 5449 uternisse
2500 5378 2587 5431 aio
2623 5388 2672 5431 et
2699 5381 2974 5433 contendo.
3017 5379 3129 5433 Nec
3158 5382 3317 5443 enim,
3357 5384 3482 5449 quia
3507 5383 3573 5434 il-

1991 5446 2103 5500 lum
2132 5448 2415 5500 identidem
2435 5448 2642 5517 lapsum
2681 5451 2909 5518 corrigo,
2939 5451 3137 5504 idcirco
3165 5467 3244 5504 me
3260 5450 3343 5505 vel
3369 5446 3576 5505 doctio-

1990 5533 2103 5591 rem
2140 5529 2341 5591 statuo,
2378 5519 2455 5591 vel
2500 5519 2776 5591 diligentia
2810 5537 2958 5585 rem;
3006 5537 3167 5591 neque
3210 5521 3259 5574 ei
3280 5532 3565 5590 propterea

1985 5588 2283 5643 detrahere
2316 5590 2489 5643 ausim
2521 5588 2829 5656 Haerentem
2866 5592 3029 5660 (alllll
3059 5588 3227 5645 multa
3250 5588 3372 5646 cum
3415 5593 3579 5650 laude

1984 5672 2270 5712 coronam.

1984 5729 2263 5860 (“gzLS)ed
2320 5740 2428 5785 tom
2501 5729 2566 5786 Ill
2619 5740 2674 5787 et
2707 5731 2773 5787 ιν
2816 5732 3162 5810 Iucem_n:;n
3215 5744 3579 5803 aspexeruut.

2058 5815 2155 5853 ,λιιι
