3990 6464
300 449 396 514 117
1652 491 1679 519 ο
1705 453 1873 514 ΡΒ.Ε

1974 453 2125 513 ἸῚΟ.
3448 448 3547 513 118

372 572 644 633 Alterum
685 569 976 633 codicem
1000 542 1420 633 Parisiensem
1452 572 1646 647 priori
1678 572 2048 652 supplendo
2080 570 2517 651 comperimus
2549 587 2583 633 a
2620 568 2948 632 Friderico
3004 569 3422 648 Roslgaardio
3472 588 3550 634 ex

293 676 587 738 Vaticano
606 675 1014 755 exscriptum,
1063 675 1456 755 missumque
1482 675 1758 739 Parisios
1786 676 1894 739 tali
1925 675 2377 757 propemptico
2410 692 2423 736 :
2572 683 2579 691 '

1069 859 1137 898 AD
1176 858 1375 901 ιιΒιιυιί
1411 859 1620 899 υυνιεχ
1660 857 2092 924 οουεειετιεῌοκ
2126 858 2397 900 ηιυειιιοι
2433 860 2764 902 ΙὶοδτῦΛΑΜ).

289 1004 457 1057 Ρπνε
487 999 647 1064 liber,
665 1016 896 1070 propera
918 1000 1193 1057 dominam
1210 1002 1527 1073 pertingere
1548 1000 1614 1057 ad
1630 1000 1851 1068 urbem,
1956 1001 2170 1069 Nempe
2192 1001 2427 1075 iubente
2453 999 2548 1059 illo
2574 1002 2765 1072 cuncti
2796 1012 3025 1070 patuere
3061 1014 3315 1054 recessus

353 1079 528 1147 Quam
560 1095 651 1133 rex
679 1079 909 1149 Europae
938 1087 1119 1134 terror
1142 1093 1408 1150 amorque
1431 1079 1605 1137 fovet.
2031 1084 2168 1138 Dum
2196 1090 2286 1136 tua
2316 1097 2427 1144 me,
2459 1081 2616 1138 dives
2641 1082 2917 1152 Sequana,
2954 1082 3071 1151 ripa
3102 1089 3275 1146 tonet,

288 1154 790 1214 lude‘verecundus
821 1168 872 1213 te
902 1162 1087 1214 sacras
1117 1159 1309 1214 confer
1336 1161 1389 1215 in
1425 1161 1571 1216 ardes
1756 1194 1772 1217 κ
1962 1160 2278 1232 Utiliusque
2313 1162 2501 1218 datum
2526 1170 2610 1217 est
2646 1160 2849 1233 regalia
2881 1170 3022 1215 tecta
3051 1161 3242 1215 subire

354 1240 506 1307 Quas
530 1240 637 1304 late
669 1237 892 1309 Augusti
927 1237 1263 1294 bibliotheca
1305 1241 1501 1310 replet.
2034 1241 2393 1313 Millenosque
2426 1241 2580 1297 libris
2616 1240 2929 1311 invigilasse
2967 1240 3107 1294 dies.

288 1324 392 1377 Par
423 1320 520 1374 tibi
552 1320 812 1373 continuo
844 1326 1042 1386 praesto
1067 1326 1152 1377 est
1180 1320 1394 1390 insigne
1427 1324 1691 1388 virorum,
1963 1324 2059 1380 Dic
2113 1338 2211 1393 pro
2247 1330 2325 1378 tot
2358 1321 2569 1377 meritis
2595 1333 2703 1389 qua
2738 1319 2846 1374 late
2870 1321 3187 1375 extenditur
3217 1320 3391 1382 orbis.

358 1402 454 1456 Ille
480 1414 636 1454 meus
668 1397 921 1454 Clemens
950 1398 1326 1469 Boivinusque
1361 1416 1540 1457 meus.
1963 1413 1969 1416 '
2035 1403 2258 1459 Tellerii
2294 1403 2488 1457 laudes
2516 1417 2602 1456 me
2631 1409 2914 1478 praeeunte
2943 1405 3089 1467 cani,

291 1482 569 1536 Alteruter
599 1491 651 1534 te
675 1479 940 1546 deducet;
977 1480 1063 1535 vel
1088 1479 1271 1536 forsan
1299 1490 1535 1554 uterque
1568 1499 1583 1537 :
1963 1485 2208 1555 Quaeque
2244 1499 2378 1539 mea:
2405 1490 2647 1538 renuunt
2674 1491 2867 1536 tenues
2895 1484 3209 1553 persolvere
3239 1484 3408 1545 vires,

357 1560 541 1615 Comis
567 1561 712 1614 enim
744 1568 856 1614 tota
887 1569 977 1615 est
1004 1559 1152 1615 natio
1189 1560 1590 1633 Francigenum
1619 1581 1635 1621 :
2043 1565 2147 1621 Pro
2174 1580 2262 1621 me
2301 1563 2581 1619 Musarum
2617 1558 2852 1616 reddere
2884 1561 3025 1617 velle
3061 1564 3322 1618 chorum.

294 1642 357 1695 Et
388 1649 440 1695 te
469 1640 702 1696 Tellerio
731 1642 887 1697 sistet
905 1654 931 1706 ς’
964 1650 1022 1697 tu
1060 1649 1306 1713 tempore
1336 1642 1487 1699 fandi
1970 1647 2154 1703 Unum
2189 1645 2294 1701 hoc
2320 1643 2482 1709 adde,
2505 1642 2667 1708 liber,
2700 1653 2816 1699 non
2847 1649 2899 1697 te
2930 1658 3030 1714 pro
3054 1658 3283 1699 munere
3314 1641 3481 1707 mitti,

1848 1714 1877 1739 δ

363 1721 650 1789 Exspecta,
683 1729 739 1776 et
772 1720 927 1775 venia
951 1720 1160 1777 dissere
1191 1738 1363 1792 pauca
1395 1723 1544 1779 data.
1848 1720 1877 1739 ‘
2043 1726 2151 1783 Sed
2188 1723 2281 1780 lidi
2314 1723 2515 1794 pignus
2534 1725 2720 1781 cordis
2746 1736 2802 1781 et
2833 1724 3112 1792 obsequii.

294 1798 389 1853 Dic
442 1814 472 1851 a
531 1815 640 1869 quo
685 1800 885 1855 missus
913 1801 1126 1861 venias,
1155 1811 1211 1856 et
1234 1817 1401 1872 quam
1436 1819 1648 1859 memor
1681 1817 1859 1875 usque
1962 1805 2029 1860 Et
2062 1804 2285 1859 dabitur
2316 1802 2525 1868 forsan,
2561 1802 2606 1858 si
2641 1803 2890 1860 crederis
2919 1804 3075 1859 utilis
3102 1802 3222 1867 ulli,

366 1879 582 1936 Mittens
613 1880 832 1937 Tellerii
869 1880 1089 1937 nomina
1120 1892 1310 1940 sancta
1338 1884 1505 1939 colat.
2034 1883 2266 1953 Augusti
2298 1881 2355 1937 in
2389 1881 2587 1938 forulis
2619 1890 2681 1937 nt
2705 1882 2920 1955 potiare
2955 1885 3101 1939 loco.

1715 1998 1973 2062 Scriptum
2000 1997 2168 2050 Romae
2195 2013 2240 2050 a.
2274 1997 2324 2050 d.
2360 1997 2492 2049 XXII
2516 1997 2629 2049 Maii
2652 1996 2947 2051 MDCXCIX.

372 2170 736 2235 Versionem
768 2169 1050 2235 Latinam
1080 2168 1251 2232 inter
1277 2186 1347 2232 se
1369 2169 1580 2250 partiti
1615 2172 1765 2231 sunt
1799 2169 2246 2232 adolescentes
2297 2175 2451 2240 tres,
2494 2167 2981 2232 seminariorum
3034 2168 3466 2231 Berolinensis
3498 2177 3560 2231 et

298 2276 646 2340 Bonnensis
672 2275 932 2339 alumni.
970 2277 1190 2356 Itaque
1226 2275 1427 2339 libros
1457 2274 1557 2349 24,
1584 2273 1692 2364 25,
1740 2274 1815 2337 26
1847 2277 2307 2356 interpretatus
2339 2281 2435 2338 est
2479 2274 2841 2339 Guilelmus
2871 2274 3117 2349 Kundt,
3159 2273 3557 2346 Marchicus;

297 2385 371 2447 27
420 2385 497 2445 ad
538 2380 609 2444 37
661 2382 792 2444 sive
850 2381 949 2459 38,
985 2381 1306 2463 Iosephus
1343 2382 1714 2452 Reisacker.
1774 2381 2391 2462 Dusseldorpiensis,
2457 2388 2519 2444 et
2578 2381 2820 2444 Nathan
2872 2381 3275 2453 Rosenstein,
3339 2380 3555 2441 Danti-

303 2505 551 2552 $03805.
