3990 6478
146 419 240 483 125

1173 421 1619 485 ΒΥΖΑΝΤΙΝιΕ
1660 424 2053 497 HlSTOliI/E
2096 429 2246 490 LIB.
2290 431 2338 494 ῐ.

3334 439 3434 504 126

146 536 493 611 βλασφημίας
524 537 712 592 αὐτῶν
735 538 847 593 οὐκ
899 538 1139 593 ὀκνοῦσι.
1167 541 1279 604 Τὰς
1300 542 1411 613 γὰρ
1432 542 1542 595 ἀπὸ
1574 543 1732 614 μόνης

1850 544 2055 600 buntur
2096 557 2154 601 et
2198 546 2350 603 libris
2396 546 2811 619 imprimuntur,
2858 548 3069 606 diutius
3112 561 3169 607 et
3212 555 3445 624 gravius

144 636 238 701 τῆς
256 632 516 703 γλώττης
543 632 855 704 προϊούσας
881 633 1146 705 λοιδορίας
1175 634 1344 707 αὖραι
1387 635 1656 690 λαϐοῦσαι
1683 636 1741 699 ἐς

154 725 353 794 αἰθέρος
382 723 669 788 ἀϐύσσους
689 724 1154 791 δωσκεδάζουσιν.
1189 727 1256 781 Δί
1289 726 1347 780 δὲ
1380 730 1621 798 γραφαῖς
1647 729 1741 782 καὶ

156 817 339 888 βίϐλοις
377 817 795 887 δντυπούμεναι
821 817 1192 890 μονιμώτερον
1218 821 1315 874 καὶ
1342 819 1742 890 τυραννικώτε-

157 928 237 978 ρον
264 910 407 962 κατά
434 909 555 961 τῶν
586 909 966 980 ὕϐριζομὲνων
992 911 1055 965 τὸ
1079 911 1281 982 κράτος
1312 914 1603 983 ἐσχήκασι,
1639 914 1740 982 τὴν

159 1003 440 1071 ἡγεμονίαν
474 1003 583 1073 τῆς
615 1003 840 1072 γραφῆς
867 1003 1249 1074 λαμϐανούσης
1278 1006 1372 1075 καὶ
1397 1005 1487 1059 διὰ
1520 1005 1739 1076 μακροῦ

165 1094 545 1165 mansuetis-qr;
577 1094 675 1149 τοῦ
706 1094 922 1167 χρόνου.
967 1096 1081 1151 Ούκ
1109 1093 1226 1150 οἶδα
1259 1095 1304 1149 δ’
1328 1098 1589 1167 ὁπότερον
1617 1097 1738 1151 οὐδ’

165 1186 467 1256 fluitabit»;
495 1187 921 1255 ἐπιγιγνώσκειν
947 1179 1007 1241 οὗ
1034 1189 1196 1259 χάριν
1231 1187 1403 1243 ταῦτα
1427 1188 1740 1258 ἐπείγονται

160 1279 296 1349 δρᾷ»,
326 1279 429 1331 καὶ
476 1279 629 1343 τίνος
672 1280 840 1335 ἕνεκα
885 1280 1112 1350 κέρδους
1149 1283 1215 1344 ις·
1237 1282 1517 1344 τοιούτους
1559 1286 1740 1351 κρημ-

156 1369 271 1428 νοὺς
313 1369 556 1433 ἑαυτοὺς
599 1369 950 1426 συνωθοῦσιν.
977 1370 1046 1425 Et
1086 1389 1146 1426 τε
1185 1373 1297 1443 γάρ
1326 1372 1565 1442 ἰδιότητά
1614 1389 1737 1426 τινα

154 1463 345 1526 κακίας
390 1464 852 1532 ἀποπιμπλάντες
882 1448 1087 1519 ἑαυτῶν
1102 1465 1197 1519 hci.
1224 1467 1325 1530 τὰς
1354 1465 1498 1520 οὕτω
1516 1465 1736 1535 ψευδεῖς

157 1552 501 1622 βλασφημίας
545 1554 810 1624 χωροῦσι,
866 1556 1046 1619 κακῶς
1076 1555 1234 1611 τοῦτο
1272 1555 1444 1625 δρῶσι
1485 1555 1582 1609 καὶ
1613 1555 1738 1608 λίαν

156 1643 388 1713 αἰσχρῶς
413 1645 515 1697 καὶ
548 1646 691 1697 κατὰ
720 1644 818 1713 τῆς
854 1645 1084 1712 ἑαυτῶν,
1138 1645 1214 1711 ὡς
1240 1648 1434 1711 είπεῑν,
1467 1647 1733 1717 κεφαλῆς.

155 1733 358 1803 Στήλην
387 1748 455 1787 τε
494 1734 608 1804 γὰρ
635 1736 740 1805 τῆς
785 1736 935 1804 σφῶν
976 1736 1177 1800 κακίας
1218 1735 1301 1808 τῷ
1332 1737 1517 1808 χρόνῳ
1558 1738 1735 1807 παρέ-

152 1842 356 1894 χουσιν,
393 1825 487 1899 [Ρ.
542 1826 601 1900 6]
648 1828 731 1881 δτι
778 1827 898 1894 ἐξὸν
929 1829 989 1882 ὲκ
1023 1828 1119 1883 τοῦ
1169 1829 1352 1898 λέγειν
1385 1827 1610 1901 εὔφημα
1637 1830 1736 1883 καὶ

159 1917 492 1989 πρεσϐεύειν
540 1919 821 1990 ἀλήθειαν,
852 1920 1221 1991 γνωρίζεσθαι
1253 1924 1366 1985 τοῖς
1392 1921 1687 1975 ἀκούουσιν
1715 1937 1730 1954 ο

150 2014 199 2065 οι
223 2012 270 2065 δ’
300 2016 367 2065 ἐκ
416 2012 516 2066 τοῦ
549 2012 771 2066 πλύνειν
832 2013 1070 2083 ἀμάξαις
1117 2012 1331 2081 ὕϐρεων
1384 2014 1511 2078 τοὺς
1563 2015 1734 2086 μηδὲν

148 2104 542 2174 ἀδικήσαντας,
592 2104 939 2175 δημοσιεύειν
993 2104 1199 2161 εἴλοντο
1246 2107 1494 2175 ἑαυτοὺς,
1555 2123 1736 2176 παρα-

152 2195 396 2265 πλησίως
428 2197 623 2264 ὥσπερ
672 2197 739 2249 ἂν
775 2194 830 2249 tt
877 2212 980 2262 τις,
1031 2194 1158 2262 tam
1191 2194 1508 2268 ἠπειρώτης
1564 2196 1731 2262 εῖναι,

150 2290 243 2340 καὶ
275 2287 394 2357 βίον
426 2288 880 2358 ὲπικερδέστερον
933 2289 1026 2341 καὶ
1054 2288 1344 2343 ἀκίνδυνον
1375 2291 1500 2361 ζῇν,
1528 2293 1557 2346 ό
1605 2291 1653 2345 δ’
1675 2295 1734 2357 ἐς

161 2382 516 2437 ’Δτλαντικοῦ
555 2384 822 2450 πελάγους
869 2383 1145 2453 χειμῶνας
1198 2384 1295 2440 καὶ
1324 2385 1605 2450 κλύδωνας
1633 2388 1730 2456 φέ-

154 2490 262 2543 ρων
307 2474 653 2546 ἐμϐέϐληκεν
706 2474 918 2531 ἑαυτόν.
981 2474 1055 2529 Τὸ
1100 2476 1158 2529 δὲ
1189 2477 1283 2530 καὶ
1312 2478 1505 2553 κακῷν
1562 2480 1732 2551 ἀρχέ-

152 2578 295 2616 τυπα
325 2563 440 2635 (ιο)
476 2564 592 2626 τοῖς
637 2564 832 2633 ἐφεξῆς
885 2564 967 2627 είς
1038 2565 1271 2636 μίμησιν
1305 2566 1624 2636 προτιθέναι
1658 2569 1743 2638 τᾶι⁵

151 2656 488 2723 γράμματα,
525 2656 620 2709 καὶ
643 2655 769 2726 εἰκῆ
818 2655 1081 2728 καθιστᾷν
1117 2657 1350 2722 ἑαυτοὺς
1379 2658 1589 2722 αἰτίους
1621 2661 1725 2729 τῆς

155 2748 382 2798 ἐκεινων
431 2746 732 2811 ἀπωλείας,
784 2746 945 2801 τοῦτο
998 2747 1055 2801 δὲ
1119 2748 1290 2802 ποίων
1317 2752 1584 2820 κρημνῶν
1628 2735 1737 2805 οὐκ

159 2837 402 2903 ἐπάξιον,
434 2838 632 2909 δίδυμα
661 2840 756 2893 καὶ
782 2842 987 2911 τριπλᾶ
1012 2843 1298 2911 προτεῖνον
1322 2843 1531 2912 τάγκλή
1542 2861 1726 2913 ματα;

167 2930 228 2984 ’Δ
264 2932 377 3000 γάρ
409 2930 488 2991 ὥς
522 2931 663 3001 ἀήθη
694 2934 812 2995 ταις
837 2932 1132 2998 πολιτείαις
1174 2935 1270 2989 καὶ
1301 2935 1428 2987 νόθα
1484 2935 1731 2999 ἐλαύνειν

160 3026 228 3087 ὥς
253 3024 600 3097 πορρωτάτω
636 3027 737 3079 καὶ
768 3026 1177 3097 ἀποτρέπεσθαι
1210 3026 1460 3098 ἔμελλον,
1493 3028 1725 3093 δεδιότες

161 3110 236 3176 οἷς
264 3117 338 3169 τά
359 3115 588 3170 τοιαῦτα
617 3118 909 3188 πρόχειρον
939 3119 1225 3185 λοιδορεῖν,
1249 3120 1347 3174 καὶ
1377 3122 1488 3175 τῶν
1511 3122 1724 3179 πόλεων

1847 652 1948 693 eos
1979 653 2118 706 quos
2142 638 2334 695 laesere
2364 639 2562 710 injuria
2605 650 2864 711 premunt
2892 660 2906 697 :
2944 644 3212 713 scriptura
3238 654 3430 699 aucto-

1846 729 2062 785 ritatem
2092 741 2272 796 nacta,
2314 740 2372 788 et
2405 731 2568 803 longo
2601 742 2844 800 tempore
2887 742 3179 789 ostentata.
3227 736 3426 806 Ignoro

1804 872 1809 875 _
1845 831 2027 878 autem
2056 837 2168 893 quo
2191 823 2444 888 consilio,
2471 838 2574 881 nec
2602 825 2718 881 scio
2753 840 2857 892 qua
2882 825 3058 895 gratia
3094 826 3209 883 haec
3242 827 3424 883 facere

1843 913 2122 981 studeant,
2147 923 2244 970 aut
2272 916 2430 986 cujus
2462 915 2599 970 lucri
2635 931 2733 985 spe
2766 916 2824 971 in
2857 917 2983 972 talia
3018 918 3314 987 praecipitia
3341 920 3427 974 in-

1841 1015 2086 1062 currant.
2117 1006 2244 1063 Sive
2271 1008 2443 1072 enim,
2474 1018 2537 1064 ut
2585 1007 2915 1079 singularem
2966 1025 3120 1063 suam
3152 1011 3421 1081 improbi-

1840 1108 2008 1154 tatem
2054 1101 2330 1170 expleant,
2375 1102 2512 1157 adeo
2560 1101 2697 1158 falsa
2757 1094 3061 1175 maledicta”
3092 1112 3419 1172 congerunt,

1842 1192 1985 1246 male
2022 1190 2235 1248 faciunt
2279 1209 2345 1248 ac
2388 1193 2620 1264 turpiter
2665 1194 2981 1258 admodum,
3015 1209 3243 1265 suoque,
3270 1196 3417 1264 quod

1839 1281 2015 1352 aiunt,
2047 1283 2210 1354 capiti
2238 1282 2463 1342 nocent.
2506 1286 2641 1341 Nam
2670 1287 3039 1358 improbitatis
3076 1301 3189 1342 suae
3221 1302 3417 1342 monu-

1840 1386 2087 1433 mentum
2137 1379 2376 1448 produnt
2425 1379 2684 1449 posteris,
2724 1379 2870 1449 quod
2898 1379 3105 1450 ﬁcum
3151 1379 3293 1434 bene
3342 1378 3423 1433 di-

1839 1469 2017 1524 cendo
2054 1479 2108 1524 et
2148 1469 2477 1526 celebranda
2514 1470 2746 1526 veritate
2775 1471 3121 1526 innotescere
3147 1470 3418 1525 auditori-
3494 1472 3509 1481 '

1836 1560 1944 1617 bus
1974 1560 2246 1629 licuisset,
2292 1562 2551 1632 plaustris
2576 1563 2961 1621 ;convitiorum
3008 1563 3064 1617 in
3099 1565 3423 1618 innocentes

1838 1652 2191 1709 effundendis
2238 1652 2566 1722 semetipsos
2617 1653 2904 1710 traducere
2949 1654 3171 1725 publice
3214 1654 3423 1708 malue-

1838 1755 1967 1801 runt
1996 1763 2011 1801 :
2045 1745 2191 1801 haud
2217 1760 2378 1801 secus
2404 1761 2470 1800 ac
2494 1745 2543 1799 si
2573 1745 2642 1811 is,
2679 1746 2769 1802 cui
2802 1745 2998 1802 liceret
3038 1746 3092 1800 in
3122 1756 3263 1801 terra
3288 1761 3421 1800 con-

1838 1838 2050 1892 tinente
2084 1836 2246 1892 beate
2279 1851 2582 1907 secureqne
2614 1837 2823 1901 vivere,
2858 1837 2914 1892 in
2958 1837 3215 1893 Atlantici
3248 1837 3420 1890 maris

1837 1933 2194 1994 tempestates
2219 1940 2284 1981 ac
2308 1924 2510 1981 ﬂuctus
2539 1925 2682 1982 ultro
2703 1941 2765 1983 se
2785 1927 3106 1998 conjiceret.
3134 1927 3418 1983 Scelerum
3472 1964 3477 1973 .

1837 2028 2001 2084 porro
2030 2016 2278 2086 exempla
2309 2016 2531 2087 scriptis
2568 2016 2684 2073 suis
2721 2032 3034 2087 proponere
3071 2018 3325 2087 posteris,
3362 2027 3419 2072 et

1835 2103 2095 2160 interitus
2129 2120 2320 2160 eorum
2376 2114 2574 2176 sponte
2620 2119 2774 2160 reum
2821 2103 2960 2167 ﬁeri,
3015 2103 3073 2159 id
3122 2119 3250 2159 vero
3298 2119 3421 2173 qua:

1835 2196 2138 2266 praecipitia
2165 2213 2276 2253 non
2310 2208 2574 2263 meretur,
2602 2212 2733 2252 cum
2771 2196 3080 2266 duplicibus
3110 2204 3206 2250 aut
3247 2195 3422 2264 tripli-

1837 2288 1993 2345 cibus
2022 2288 2346 2345 criminibus
2387 2304 2509 2345 sese
2554 2288 2929 2360 obstringunt?
2963 2288 3111 2356 Quas
3147 2287 3295 2343 enim
3327 2301 3418 2342 res

1836 2391 1898 2436 ut
1929 2381 2183 2438 insolitas
2213 2380 2530 2438 civitatibus
2563 2391 2618 2436 et
2646 2382 2999 2452 improbatus.
3015 2397 3179 2451 quam
3211 2379 3419 2449 longis-

1833 2475 1974 2530 sime
2013 2474 2429 2530 exterminaturi
2478 2484 2536 2531 et
2582 2473 2952 2530 abominaturi
2998 2483 3176 2536 erant,
3220 2486 3448 2526 eorum.

1832 2574 1982 2622 metu
2022 2567 2223 2637 quibus
2267 2575 2323 2645 et
2368 2566 2631 2622 insectari
2678 2575 2735 2622 et
2784 2567 3013 2622 urbibus
3057 2580 3152 2620 eas
3196 2564 3417 2635 exigere

1832 2668 2144 2728 promptum
2185 2665 2354 2720 esset,
2387 2657 2848 2727 quemadmodum
2889 2656 3020 2713 olim
3065 2656 3297 2711 Athenis
3344 2670 3412 2710 ex

1831 2748 1957 2804 albo
1981 2747 2225 2817 iudicum
2246 2747 2507 2805 delebant
2533 2764 2631 2818 per
2658 2748 2905 2804 fraudein
2931 2748 3227 2818 inscriptos
3251 2755 3308 2801 et
3330 2762 3416 2800 re-

1831 2839 2049 2910 publica
2077 2838 2333 2909 iudignos
2362 2859 2375 2894 :
2410 2839 2510 2894 has
2532 2841 2645 2910 jam
2679 2839 3327 2910 cupide-amplectentur,
3358 2848 3419 2893 ut

1832 2940 1889 2985 et
1917 2930 1986 2985 ab
2018 2929 2140 2986 aliis
2170 2942 2298 2986 ante
2337 2929 2508 2986 factas
2540 2947 2606 2988 ac
2646 2933 2926 3002 probatas,
2962 2938 3018 2985 et
3049 2945 3078 2984 a
3110 2938 3413 2985 consuetu-

1831 3023 1960 3078 dine
1992 3039 2103 3078 non
2135 3023 2516 3079 abhorrentes.
2564 3023 2758 3079 Solent
2806 3025 2953 3077 enim
2989 3021 3241 3077 homines
3283 3037 3416 3091 quo-

1830 3111 2040 3166 rumvis
2073 3112 2369 3168 criminum
2401 3112 2503 3179 rei,
2532 3127 2687 3168 suam
2730 3113 3093 3167 imitationem
3123 3111 3192 3166 ad
3233 3126 3417 3165 exem-

162 3206 395 3273 ιξωθείν,
422 3208 499 3269 ὡς
527 3209 656 3280 πρὶν
707 3207 814 3263 τῶν
874 3209 1207 3264 δικαπικῶν
1251 3210 1529 3281 Ἀθηναῖοι
1566 3213 1729 3267 πινά-

1837 3203 1924 3273 pla
1948 3211 2197 3259 veterum
2223 3203 2452 3270 referre,
2491 3213 2553 3259 ut
2586 3218 2809 3260 causam
2842 3203 3081 3259 habeant
3117 3202 3415 3258 invehendi

163 3316 267 3353 tum
284 3303 409 3389 τοὺς
436 3302 553 3354 ὅσοι
576 3302 991 3373 παρέγγραπτοι
1015 3304 1108 3357 καὶ
1130 3304 1233 3375 τῆς
1264 3304 1418 3374 σφῶν
1442 3304 1727 3371 πολιτείας
1750 3366 1757 3371 δ

164 3390 397 3456 ἀνάξιον
442 3392 617 3447 ταῦτα
653 3393 906 3464 ἀσμένως
953 3394 1056 3466 ἤδη
1101 3395 1332 3463 δέξαιντ’
1361 3396 1429 3450 ἂν
1460 3398 1724 3468 πράττειν

166 3478 332 3544 αὐτοὶ,
361 3482 437 3545 ὥς
458 3485 555 3537 καὶ
575 3483 754 3547 ἄλλοις
774 3484 875 3556 ήδη
897 3488 1263 3558 πεπραγμένα
1291 3489 1385 3541 καὶ
1403 3489 1723 3559 δεδογμένα,

168 3572 256 3624 καὶ
283 3572 392 3626 τῶν
419 3574 562 3644 ὅρων
583 3575 712 3629 ὄντα
730 3575 831 3646 τῆς
858 3576 1146 3647 συνηθείας
1179 3577 1352 3641 ἐντός.
1379 3576 1595 3632 Φιλοῦσι
1619 3579 1727 3649 γὰρ

167 3663 238 3726 ὡς
282 3666 351 3718 τά
399 3664 570 3719 πολλὰ
618 3669 725 3719 τῶν
754 3667 1056 3738 ἀνθρώπιον
1097 3670 1148 3722 ol
1177 3671 1293 3732 τοῖς
1322 3670 1730 3741 οίοισδηποτοῦν

172 3757 507 3827 ἀτοπήμασιν
558 3758 924 3829 ἁλισκόμενοι,
981 3762 1040 3824 ἐς
1099 3762 1463 3834 ἀρχαιοτέρας
1509 3764 1726 3827 εἰκόνας

174 3848 383 3916 ἀνάγειν
412 3849 512 3921 τῂν
562 3849 811 3920 μίμησιν,
851 3851 917 3904 ἵν’
944 3852 1152 3906 ικείθεν
1180 3852 1256 3917 ὡς
1288 3853 1349 3919 ἐξ
1381 3855 1724 3926 όρμητηρίου

173 3939 581 4011 κατατρέχωσιν,
614 3941 669 3994 εἰ
711 3942 853 4005 τινές
886 3942 1003 3997 ποτ’
1051 3942 1141 4012 ἄρ’
1165 3938 1278 3997 εἷεν
1323 3943 1374 3996 οι
1411 3944 1549 4015 πρὸς
1578 3945 1733 4015 ἐλέγ-

169 4048 285 4099 nu;
330 4033 706 4100 ἀποδυόμενοι.
751 4033 863 4087 Εἶτ’
899 4031 994 4086 οὖν
1077 4034 1167 4089 διὰ
1211 4033 1373 4089 τοῦτο
1423 4034 1731 4107 λοιδοροῦσι

175 4120 260 4172 καὶ
309 4119 616 4187 ψεύδονται,
643 4122 840 4176 οὑτωσί
867 4138 981 4186 πως
1014 4123 1353 4194 ἑκατέρωθεν
1383 4126 1733 4195 ἁμαρτάνου-

176 4226 284 4262 σιν⁹
319 4213 415 4266 εἶτ’
437 4211 505 4267 αὖ
543 4214 803 4284 διαμονῆς
834 4213 998 4269 ἕνεκα
1026 4217 1123 4286 τῆς
1170 4216 1353 4271 αὐτῶν
1376 4220 1729 4289 συγγραφῆς,

176 4305 261 4355 καὶ
301 4303 443 4357 οῦτω
483 4304 671 4377 πόρρω
704 4304 892 4359 θέουσι
915 4306 1019 4360 ’τοῦ
1073 4307 1301 4377 σκοποῦ,
1336 4309 1435 4372 τὰς
1462 4311 1731 4382 κρηπῖδας

175 4396 273 4446 τῶν
292 4395 481 4448 αἰτιῶν
524 4396 585 4449 οὐ
622 4395 763 4451 πάνυ
809 4415 885 4451 τοι
913 4399 1118 4469 σφόδρα
1143 4400 1527 4470 ὑποτιθέμενοι
1552 4403 1735 4472 ἀσφα-

174 4486 292 4551 λεῖς.
332 4489 495 4541 Αὐτοὶ
547 4488 645 4559 μὶν
697 4489 804 4561 γὰρ
840 4490 969 4554 ἴσως
1016 4492 1216 4556 εἰδότες
1257 4492 1357 4556 τὰς
1384 4492 1494 4546 τῶν
1519 4494 1731 4553 πολλῶν

1837 3291 1896 3346 in
1926 3307 2021 3348 eos
2046 3293 2140 3362 qui
2180 3293 2270 3349 illa
2303 3308 2535 3364 arguere
2564 3294 2925 3350 instituerint.
2953 3293 3082 3349 Sive
3114 3292 3284 3364 igitur
3314 3293 3418 3347 hac

1834 3385 1905 3440 de
1941 3401 2107 3443 causa
2137 3386 2211 3441 ita
2257 3387 2630 3442 convitiantur
2675 3396 2732 3441 et
2775 3385 3136 3451 mentiuntur,
3189 3394 3421 3455 utroque

1836 3488 2102 3546 peccant:
2124 3478 2241 3533 sive
2269 3478 2339 3532 ob
2367 3478 2786 3533 diuturnitatem
2813 3478 3145 3547 scriptorum
3171 3491 3422 3542 suorum,

1835 3569 2001 3626 etiam
2030 3564 2111 3624 sic
2143 3568 2337 3640 procul
2371 3583 2399 3622 a
2429 3584 2600 3639 scopo
2646 3560 2923 3631 aberrant;
2973 3566 3204 3622 inﬁrmis
3241 3566 3415 3621 crimi-

1836 3662 2121 3715 nationum
2185 3675 2408 3716 suarum
2453 3659 2620 3730 jnclis
2671 3658 3065 3715 fundamentis.
3111 3658 3307 3713 Sciunt
3344 3657 3421 3712 illi

1836 3754 2057 3822 quidem
2102 3752 2353 3816 forsitan,
2388 3752 2535 3823 vulgi
2587 3767 2749 3807 aures
2784 3751 3149 3806 insectatione
3184 3749 3420 3805 aliorum

1837 3861 2001 3915 quam
2034 3846 2435 3901 collaudatione
2463 3845 2520 3916 9
2554 3846 2725 3914 magis
2755 3846 3039 3911 delectari,
3080 3860 3144 3898 ac
3192 3845 3426 3914 injurias

1837 3952 2001 4006 quam
2034 3946 2183 3993 recte
2221 3937 2364 3992 facta
2406 3937 2672 3993 libentius
2710 3936 2841 4008 legi,
2871 3937 3118 4005 quamvis
3149 3935 3274 3989 illas
3301 3951 3425 4005 pro-

1836 4029 1943 4083 lixa
1975 4027 2255 4083 mendacia
2296 4028 2602 4092 vcnditent,
2640 4028 2756 4082 haec
2797 4042 2929 4081 vero
2967 4026 3145 4080 lucem
3178 4025 3426 4080 veritatis

1838 4118 2095 4190 pmviam
2124 4118 2362 4174 habeant
2391 4135 2405 4172 :
2438 4133 2615 4187 eoque
2647 4118 2727 4173 sic
2754 4117 3016 4172 hiswrias
3043 4133 3172 4175 suas
3203 4132 3427 4188 compo-

1838 4217 2001 4277 nunt,
2032 4223 2092 4265 ut
2119 4209 2157 4264 ii
2188 4209 2280 4279 qui
2326 4209 2516 4265 multis
2543 4209 2759 4265 saeculis
2787 4219 2911 4279 post
2940 4208 3108 4265 futuri
3154 4216 3306 4275 sunt,
3333 4225 3427 4265 eas

1839 4299 2161 4371 longissimo
2193 4307 2443 4369 tempore
2477 4313 2602 4354 cum
2637 4298 2914 4367 voluptate
2954 4299 3157 4373 legant.
3206 4298 3322 4353 Nec
3370 4299 3425 4353 in

1840 4393 1948 4448 hoc
1977 4391 2066 4447 vel
2109 4391 2342 4463 iustitiae
2386 4391 2679 4461 praesidem
2726 4392 2928 4445 animis
2982 4389 3292 4454 intuentur,
3344 4390 3429 4442 \el

1841 4501 1995 4555 aequa
2021 4495 2078 4542 et
2101 4495 2249 4541 recta
2272 4474 2480 4556 judicia
2505 4486 2781 4540 bonorum
2804 4485 3044 4538 virorum
3077 4491 3427 4538 reverentur.

175 4579 352 4641 ἀκοὰς,
385 4583 504 4643 ταῖς
539 4580 656 4634 -τῶν
697 4580 873 4635 ἄλλων
918 4581 1110 4653 ὕϐρεσι
1139 4583 1341 4652 μᾶλλον
1361 4585 1665 4656 χαιρούσας
1694 4587 1726 4657 ἢ

1835 4579 1967 4646 Quae
1993 4594 2082 4635 res
2108 4594 2217 4634 non
2250 4579 2388 4634 adeo
2421 4576 2528 4633 illis
2549 4577 2702 4632 obest
2731 4591 2870 4647 quos
2898 4574 3240 4645 vituperant,
3265 4588 3436 4644 quam

174 4671 275 4729 τοίς
305 4669 567 4732 ἐπαίνοις,
594 4672 688 4723 καὶ
715 4669 790 4733 ὡς
824 4670 1001 4741 πολλῷ
1025 4689 1085 4739 γε
1118 4671 1267 4741 ἥδιον
1314 4673 1364 4722 οἱ
1407 4672 1594 4725 πολλοὶ
1622 4675 1723 4736 τὰς

176 4763 499 4816 ὡντινωνοῦν
531 4762 849 4828 διεξέλθοιεν
901 4763 1088 4833 ὕϐρεις
1137 4765 1169 4835 ἢ
1220 4764 1456 4833 τάγαθὰ,
1492 4764 1597 4819 κᾶν
1629 4766 1728 4829 τὰς

183 4856 267 4921 μὲν
290 4855 461 4925 ψεύδη
506 4858 689 4926 μακρὰ
742 4856 1114 4927 καπηλεύωσι,
1149 4856 1219 4910 τὰ
1240 4856 1298 4911 δὲ
1329 4858 1447 4927 φῶς
1470 4858 1732 4929 ἀληθείας

180 4948 262 5018 ἔχῃ
292 4946 790 5019 προπορευόμενον,
823 4947 964 5002 οὕτω
996 4949 1093 5018 τὴν
1134 4949 1378 5022 ἱστορίαν
1409 4949 1590 5003 αὐτῶν
1616 4951 1733 5005 δια-

178 5040 425 5105 τίθενται,
461 5041 605 5102 ίνζές
649 5042 895 5111 μακροὺς
923 5040 1082 5110 δῆθεν
1108 5043 1237 5103 τοὺς
1260 5043 1486 5111 χρόνους
1508 5044 1733 5113 χαίρον-

180 5148 255 5193 τες
278 5131 525 5194 διεξίοιεν
558 5132 727 5201 αὐτὴν
756 5132 805 5182 oi
828 5131 919 5183 τὸν
950 5129 1120 5184 αἰῶνα
1137 5132 1279 5185 κατὰ
1300 5132 1550 5204 διαδοχὴν
1575 5135 1733 5203 ἀμεί-

182 5224 349 5284 ξοντες
383 5221 660 5291 ἅνθρωποι
682 5238 696 5252 ’
734 5220 831 5273 καὶ
857 5218 980 5273 οὕτε
1008 5220 1163 5290 δίκης
1211 5221 1457 5292 ὲπὸπτην
1487 5224 1593 5294 πρὸ
1636 5225 1735 5290 ὀμ-

184 5314 348 5365 εδάτων
370 5314 610 5376 διανοίας
644 5310 1041 5379 λαμϐάνουσιν,
1071 5311 1184 5366 οὔτ’
1210 5313 1344 5366 αἰδῶ
1391 5301 1515 5367 tibi;
1550 5314 1733 5377 καλῶς

182 5407 259 5455 καὶ
284 5404 501 5466 δικαίως
533 5404 742 5474 κρίνειν
775 5401 992 5455 εἰδότων
1020 5401 1249 5473 ἀνδρῶν.
1279 5402 1451 5456 Τοῦτο
1478 5404 1523 5456 δ’
1542 5406 1603 5457 οὐ
1639 5422 1731 5458 το-

183 5493 349 5549 cautor
393 5492 485 5558 οὓς
533 5491 840 5563 λοιδοροῦσι
875 5493 1218 5563 λυμαίνεται,
1267 5492 1300 5565 ἢ
1349 5495 1546 5558 αὐτούς
1574 5513 1639 5566 γε
1664 5496 1730 5568 δὴ

1834 4672 1978 4744 ipsis
2032 4671 2524 4733 obtrectatoribus,
2579 4670 2724 4740 quod
2790 4682 2845 4724 et
2906 4668 3162 4723 homines
3220 4669 3439 4723 cordati

1835 4764 1998 4820 malis
2043 4763 2450 4834 suspicionibus
2492 4762 2758 4818 adversus
2789 4761 2915 4817 illus
2963 4759 3274 4830 conceptis,
3312 4774 3441 4829 quae.

1837 4860 1985 4914 mille
2028 4857 2250 4929 probris
2282 4867 2519 4924 scatent,
2555 4855 2659 4912 eos
2682 4858 2826 4912 inter
2854 4856 3135 4926 improbos
3158 4866 3439 4928 perpetuo

1839 4950 2215 5004 numerabunt
2270 4969 2283 5006 :
2355 4959 2412 5005 et
2472 4950 2616 5005 Deus
2669 4948 2899 5019 justitize
2958 4963 3163 5020 praeses
3200 4948 3437 5020 linguas

1834 5056 2025 5097 eorum
2050 5042 2399 5112 gravioribus
2431 5041 2609 5111 pinnis
2633 5050 3023 5112 persequetur.
3054 5041 3234 5111 Atque
3263 5043 3431 5097 etiam

1802 5131 2113 5186 interdum
2152 5147 2219 5186 ex
2247 5132 2594 5203 ignoratione
2631 5133 2768 5198 veri,
2795 5141 2853 5186 et
2897 5126 3173 5202 imperitia
3215 5146 3428 5196 rerum,

1833 5239 1956 5291 qua:
1972 5239 2003 5277 a
2023 5224 2221 5292 quovis
2243 5222 2538 5299 audierint,
2553 5218 2869 5293 priusquam
2890 5223 3225 5292 expendunt,
3243 5226 3434 5279 sintne

1833 5314 2136 5385 probabilia
2161 5326 2220 5371 et
2247 5315 2465 5370 veritati
2489 5324 2885 5379 consentanea,
2915 5330 2984 5369 an
3015 5330 3144 5369 vero
3169 5316 3433 5377 absurda,

1835 5416 1885 5461 et
1918 5408 1987 5462 ab
2016 5422 2080 5462 ea
2111 5422 2341 5478 prorsus
2377 5408 2731 5471 abhorreant,
2775 5408 2857 5462 sic
2890 5405 2984 5461 illa
3061 5405 3271 5460 chartis
3319 5404 3426 5459 illi-

1832 5507 1995 5565 nunt,
2037 5513 2100 5555 ac
2129 5499 2407 5555 memoriae
2460 5499 2742 5564 mandant,
2796 5512 2973 5570 eaque
3005 5498 3238 5555 crimina
3290 5496 3434 5569 objis

1490 5614 1831 5677 Variorum
1865 5625 2058 5681 noue.

239 5719 340 5791 (l0)
372 5718 632 5791 Maximus
658 5716 878 5791 Tyrius,
913 5730 1078 5791 serm.
1112 5717 1200 5791 l2,
1234 5716 1337 5791 ubi
1358 5716 1424 5791 de
1446 5716 1720 5791 historia;

186 5787 277 5843 Νῦν
306 5789 588 5862 ὁδόναμὶξ
620 5787 948 5862 εί-σιρύρεται
972 5788 1147 5842 πάντα
1170 5790 1236 5862 ’ὲν
1261 5790 1370 5862 τοῖς
1400 5787 1723 5862 λόγοιςηκαλ

188 5860 459 5923 πὶειονάζέὶ
491 5858 560 5915 τὰ
596 5859 792 5931 χείρω,
825 5860 919 5912 καὶ
954 5861 1147 5930 κρατεῖ
1180 5858 1251 5913 τά
1284 5858 1511 5934 αἰσχρὰ,
1542 5858 1633 5916 καὶ
1664 5859 1723 5913 τὸ

1831 5719 1969 5773 πολὺ
1999 5720 2099 5791 τῆς
2146 5718 2391 5791 ἱστορίας
2423 5719 2772 5788 πλεονέκται,
2807 5720 3086 5789 τύραννοι,
3126 5713 3219 5768 ml.
3248 5711 3424 5773 πολΓ

1834 5806 1946 5860 μιοι
1974 5789 2174 5858 ἄδικοι,
2201 5789 2308 5847 etc.
2341 5789 2576 5851 Ducena.
