3990 6466
473 382 575 448 139
720 379 796 451 [Α.
842 394 901 435 ι.
934 379 1079 436 6712
1117 395 1185 434 AD
1225 379 1395 453 0750]

1716 384 2137 448 NICEPHORI
2177 386 2559 449 GllEGOR.‘E

2879 377 3009 453 [ιιιρ.
3047 389 3242 436 rasos.
3275 378 3452 453 uno]

3635 382 3734 449 140

470 499 626 562 sitas,
672 497 800 552 inde
842 497 1143 568 digressus,
1173 497 1264 553 die
1305 497 1594 554 undecimo
1624 499 1909 571 Caystrum
1938 511 2048 555 tra-

2155 500 2372 569 ἀληθῶς
2432 500 2714 560 πνέοντας.
2741 497 2848 550 Καὶ
2903 498 3140 567 τριταῖος
3194 494 3292 564 μὲν
3319 495 3417 556 τὰς
3467 496 3594 565 περὶ
3641 497 3734 550 τὸν

465 586 604 655 jicit.
632 585 813 653 Quare
844 587 1112 642 adventus
1143 586 1263 655 ejus
1291 587 1516 643 minime
1550 598 1898 659 exSpectatus
1923 589 2054 644 Bar-

472 681 662 732 barum
725 680 962 733 maxime
1011 679 1245 748 perculit
1307 679 1733 750 ambiguumque
1797 681 2049 740 reddidit.

471 769 913 850 somnians_l9
950 786 1016 823 an
1071 770 1304 839 vigilans
1357 770 1474 827 haec
1528 771 1762 826 audiret.
1816 771 2053 828 Perinde

471 866 616 917 enim
649 873 784 927 erat,
813 879 877 916 ac
905 865 950 918 si
978 863 1064 918 leo
1091 864 1364 934 unguibus
1409 872 1464 918 et
1507 865 1764 920 dentibus
1803 880 2051 918 exarma-

474 967 558 1009 tus
589 963 778 1022 suopte
813 953 1015 1024 impetu
1048 954 1102 1007 in
1137 954 1346 1008 turbam
1391 969 1644 1007 ursorum
1695 964 1752 1007 et
1799 953 2050 1017 luporum

471 1048 725 1102 irrueret.
753 1047 926 1100 Norat
945 1046 1156 1100 scilicet
1181 1046 1370 1111 Persa,
1401 1044 1646 1101 Romano
1684 1045 1915 1116 imperio
1945 1061 2050 1099 non

471 1137 540 1190 ita
572 1139 782 1206 pridem
832 1138 884 1190 in
925 1146 1180 1192 sexcenta
1247 1135 1423 1190 frusta
1483 1136 1777 1206 discerpto,
1823 1136 2053 1205 aliisque

471 1230 771 1297 dissipatis,
815 1229 937 1283 aliis
963 1245 991 1282 a
1025 1228 1239 1283 Latinis
1274 1229 1449 1295 caesis,
1478 1228 1738 1298 reliquias
1774 1237 1868 1283 aut
1898 1244 2052 1298 pror-

467 1337 566 1376 sus
613 1336 738 1375 esse
777 1320 977 1384 nullas,
1013 1328 1109 1374 aut
1164 1311 1505 1392 perexiguas,
1556 1337 1680 1391 qua:
1725 1320 1814 1374 vix
1859 1321 2055 1374 cohor-

473 1422 580 1464 tem
621 1426 786 1464 unam
841 1411 1200 1479 complerent.
1247 1411 1405 1466 Unde
1462 1411 1688 1476 factum,
1741 1422 1800 1466 ut
1853 1426 2054 1481 anceps

471 1504 636 1556 animi
693 1503 1060 1572 expeditionis
1116 1504 1477 1573 Imperatoriae
1519 1505 1712 1557 famam
1764 1520 1911 1559 nunc
1956 1519 2053 1572 [-ro

472 1594 686 1658 somnio
726 1593 976 1657 haberet,
1021 1609 1169 1648 nunc
1213 1594 1454 1648 audacia:
1501 1595 1662 1649 simul
1715 1593 1771 1649 dt
1815 1595 2053 1664 impetus

471 1686 811 1762 celeritatem
857 1685 1067 1741 levitati
1097 1702 1163 1742 ac
1192 1687 1478 1742 dementiae
1527 1688 1810 1741 tribueret.
1847 1685 2052 1742 Tamen

473 1795 560 1834 res
594 1794 703 1832 non
744 1779 1065 1849 negligenda
1101 1779 1215 1834 visa
1263 1789 1366 1844 est,
1407 1778 1552 1848 quod
1586 1779 1842 1845 exiguum
1883 1780 2054 1834 inter-

2162 594 2442 663 Ὄλυμπον
2475 591 2688 662 ὀρεινὰς
2713 589 3019 659 δυσχωρίας
3049 587 3290 659 ἀμείϐει,
3325 586 3381 640 αἶ
3411 586 3544 660 πρὸς
3597 589 3732 640 πολὺ

2155 686 2582 757 παρατείνουσαι
2646 684 2839 754 μῆκος,
2883 682 3134 736 Βιθυνίαν
3172 679 3412 750 ὁρίζουσι
3452 679 3542 732 καὶ
3569 679 3736 748 ἄμφω

2155 780 2253 842 τὰς
2285 780 2544 846 Φρυγίας,
2577 777 2676 847 τὴν
2725 775 2823 845 μὲν
2851 774 3264 844 ἀρκτικωτέραν
3322 771 3595 835 ποιοῦσαι,
3633 772 3734 834 τάς

2153 873 2211 926 δὲ
2235 871 2368 942 πρὸς
2405 869 2756 940 μεσημϐρίαν
2790 869 2884 922 καὶ
2913 869 3062 921 νότον
3091 868 3291 936 ἄνεμον
3342 866 3559 936 βλέπειν
3589 881 3734 932 παρ-

2156 962 2411 1030 έχουσαιο
2443 959 2782 1022 ὲνδεκαταϊος
2814 959 3086 1012 δ’ὲκεῖθεν
3142 947 3333 1020 ὲλθῶν,
3389 954 3738 1024 διαπεραιοῦ-

2153 1073 2244 1109 ται
2271 1057 2362 1107 τὸν
2389 1053 2689 1124 Κάῦστρον,
2723 1053 2862 1107 ὥστε
2891 1053 2950 1106 τὸ
2982 1051 3388 1122 ἀπροσδόκητον
3415 1048 3514 1117 τῆς
3543 1046 3734 1116 ἐφόδου

2156 1143 2550 1212 καταπλήξεως
2576 1145 2746 1214 γέμον
2775 1144 2852 1214 τῷ
2886 1144 3146 1214 βαρϐάρῳ
3174 1142 3406 1210 φανῆναι
3439 1144 3533 1191 καὶ
3591 1137 3734 1190 πάνυ

2156 1234 2530 1296 δυσείκαστον,
2559 1232 2656 1284 οὐκ
2682 1231 2858 1302 ἔχοντι
2921 1231 3217 1300 συμϐαλεῖν
3253 1229 3483 1298 πότερον
3539 1223 3738 1278 καθεύ-

2153 1327 2294 1378 δοντι
2313 1325 2380 1378 τά
2411 1325 2632 1378 τοιαῦτα
2663 1322 2948 1392 συμϐαίνει
3000 1321 3220 1374 ἀκούειν
3249 1321 3284 1391 ἧ
3351 1316 3736 1388 γρηγοροῦντι.

2155 1413 2382 1482 Ὅμοιον
2410 1412 2518 1482 γάρ
2543 1407 2610 1483 ἦν
2638 1410 2825 1481 ὥσπερ
2853 1410 2920 1464 ἂν
2973 1409 3026 1462 εί
3053 1427 3137 1472 τις
3193 1408 3332 1460 λέων
3384 1405 3736 1476 ἀφῃρημένος

2156 1503 2364 1573 ὀνύχων
2400 1520 2457 1555 τε
2487 1505 2580 1555 καὶ
2609 1501 2858 1565 ὀδόντων,
2911 1501 3100 1554 ἔπειτα
3160 1499 3454 1570 προθύμως
3509 1497 3734 1566 ἐφέρετο

2153 1596 2296 1647 κατὰ
2330 1595 2566 1664 πλήθους
2597 1594 2817 1663 ἄρκτων
2844 1594 2939 1646 καὶ
2966 1592 3166 1645 λύκων.
3199 1591 3354 1662 ’ᾘδει
3381 1589 3489 1658 γὰρ
3516 1590 3544 1640 ὀ
3598 1587 3738 1657 Πέρ-

2156 1703 2277 1756 σης,
2342 1687 2426 1740 ὅτι
2479 1686 2579 1753 τῆς
2641 1684 2926 1753 Ῥωμαίων
2974 1684 3150 1752 ἀρχῆς
3184 1680 3339 1734 οὔπω
3376 1680 3610 1749 πέρυσιν
3653 1679 3732 1738 είς

2161 1776 2327 1848 μυρία
2385 1775 2792 1845 διασχισθείσης
2851 1774 3018 1846 μέρη,
3066 1774 3160 1826 καὶ
3218 1772 3328 1824 τῶν
3395 1770 3494 1840 μὲν
3562 1768 3734 1843 ἄλλων

469 1871 600 1922 dum
643 1844 843 1923 malum
887 1844 1194 1940 neglectum
1231 1844 1440 1940 ingens-
1464 1844 1767 1939 periculum
1807 1871 2048 1940 peperis-

2159 1844 2340 1923 ἄλλοθι
2367 1844 2797 1936 διασπαρέντων,
2828 1844 2936 1917 τῶν
2967 1865 3022 1918 δὲ
3050 1865 3235 1931 ξίφους
3261 1863 3420 1932 ἔργον
3440 1855 3732 1914 Λατινικοῢ

473 1971 579 2024 set,
606 1971 661 2016 et
704 1977 887 2032 parvae
917 1963 1086 2031 copia:
1113 1962 1393 2017 celeritate
1430 1970 1486 2015 et
1523 1960 1868 2016 festinatione
1907 1976 2048 2032 saepe

2158 1963 2482 2031 γενομένων,
2504 1962 2565 2014 τὸ
2592 1961 2911 2030 λειπόμενόν
2933 1963 3079 2013 ἐστιν
3112 1961 3144 2029 ἢ
3177 1958 3236 2012 τὸ
3275 1956 3537 2025 παράπαν
3559 1951 3732 2017 οὐδὲν,

471 2070 698 2123 magnos
740 2065 796 2109 et
852 2057 1025 2110 multo
1079 2055 1484 2110 numerosiores
1525 2055 1821 2122 exercitus,
1864 2057 1934 2111 ob
1963 2071 2048 2110 so-

2158 2055 2336 2126 ἢλίαν
2369 2053 2565 2124 βραχὺ,
2602 2054 2695 2107 καὶ
2747 2055 2869 2106 ὅσον
2930 2052 3081 2121 μόλις
3136 2052 3216 2112 είς
3269 2051 3383 2110 ἐνὸς
3436 2047 3733 2115 ταξιάρχου

472 2145 716 2200 cordiam
759 2143 1028 2216 olliciique
1070 2146 1399 2216 neglectum,
1441 2154 1815 2214 superassent.

2160 2147 2414 2217 σύστημα
2471 2145 2964 2217 συμπεραίνεσθαι.
3016 2143 3327 2196 Κάντεῦθεν
3372 2140 3574 2194 οὑτωσί
3622 2155 3735 2201 πως

472 2242 842 2311 γνωσιμαχεῖν
891 2240 1053 2294 αύτδν
1107 2239 1193 2309 ἐφ’
1223 2237 1420 2295 ἑαυτοῦ
1481 2238 1788 2304 συνέϐαινε,
1857 2239 1951 2292 καὶ¹
1989 2237 2083 2292 νῦν
2125 2241 2224 2310 μὲν
2257 2243 2335 2305 είς
2365 2233 2640 2312 ὀνείρατος
2671 2243 2827 2310 λόγον
2857 2240 3094 2305 ἀπάγειν
3123 2239 3224 2309 τὴν
3279 2238 3378 2305 τῆς
3445 2235 3734 2307 βασιλικῆς

471 2335 811 2396 ὲπελεύσεως
838 2335 1046 2404 φήμην,
1077 2333 1172 2386 νῦν
1188 2333 1232 2386 δ’
1262 2336 1341 2397 είς
1374 2333 1562 2396 ἀνοίας
1630 2335 1723 2386 καὶ
1786 2336 2118 2403 κουφότητος
2160 2335 2442 2405 ὑποθήκην
2473 2338 2572 2406 τῆς
2609 2335 2810 2405 τόλμης
2851 2336 2968 2405 ἅμα
3009 2332 3100 2388 καὶ
3129 2333 3229 2403 τῆς
3260 2331 3437 2402 ὁρμῆς
3469 2331 3572 2402 τὴν
3607 2328 3734 2393 ὀξύ-

469 2445 630 2498 τητα.
693 2428 883 2498 Ὅμως
933 2428 1034 2482 οὐκ
1091 2427 1393 2496 ἀμελητέον
1444 2426 1623 2490 ἔδοξεν
1685 2424 1824 2478 εἷναί
1886 2429 1934 2479 οἱ
1992 2428 2052 2480 τὸ
2089 2430 2340 2498 πρᾶγμα.
2371 2429 2580 2499 Ἔφησε
2648 2430 2781 2499 γὰρ,
2831 2426 2906 2491 ὡς
2962 2427 3112 2480 ἔστιν
3175 2425 3264 2479 ὅτε
3315 2424 3500 2478 καὶτὸ
3563 2422 3733 2494 βραχὺ

469 2525 644 2577 δεινὸν
683 2522 1082 2595 παρορώμενον
1157 2524 1332 2596 μέγαν
1391 2523 1631 2576 ἀπέτεκε
1695 2524 1964 2590 κίνδυνον,
2035 2530 2127 2578 καὶ
2167 2525 2418 2596 βραχεῖαι
2463 2525 2717 2594 δυνάμεις
2781 2522 3041 2586 πολλάκις
3099 2521 3319 2590 ὀξύτητι
3374 2519 3468 2573 καὶ
3532 2515 3732 2585 σπουδῇ

469 2616 821 2686 χρησάμεναι
847 2617 1088 2686 μεγάλας
1109 2615 1245 2687 ὁμοῦ
1276 2617 1368 2670 καὶ
1398 2614 1840 2680 πολλαπλασίους
1875 2619 2047 2689 ῥᾷστα
2088 2619 2551 2689 κατηγωνίσαντο,
2617 2616 2706 2671 διὰ
2748 2616 3030 2688 ῥᾳστώνην
3098 2618 3187 2670 καὶ
3221 2614 3612 2686 περιφρόνησιν
3641 2607 3733 2664 τοῦ

470 2711 826 2784 καθήκοντος.

1921 2845 2152 2917 οΑΡυΤ
2193 2844 2282 2900 tv.

469 2965 667 3021 Tui-cur
705 2952 883 3041 aciem
934 2969 1174 3041 instruit.
1209 2967 1513 3041 Pugnatur.
1539 2969 1853 3041 Latinorum
1886 2973 2120 3041 equitum
2166 2967 2352 3041 infelix
2393 2965 2919 3041 virtus.__JathatiLies
2971 2981 3002 3041 ᾳ
3025 2963 3276 3041 ,ζιαξεανε
3306 2965 3528 3041 occisus.
3572 2962 3730 3018 Victis

825 3037 1009 3092 Turcis
1046 3055 1154 3109 pax
1181 3033 1446 3096 concessa.
1478 3040 1700 3095 Alexin
1736 3033 1943 3111 captus;
1992 3033 2534 3094 Victoris'clementia.
2585 3035 2785 3090 Uxores
2819 3035 3072 3089 Theodori
3109 3033 3375 3088 Lascaris.

541 3153 583 3208 Ι.
610 3151 797 3225 Itaque
857 3171 981 3210 cum
1033 3172 1321 3213 universos
1359 3158 1558 3213 milites
1616 3175 1711 3214 seu
1766 3159 1949 3213 fundis
1980 3173 2043 3213 ac

2223 3159 2308 3231 [Ρ.
2345 3156 2457 3229 11].
2496 3155 2577 3212 A'.
2623 3155 2732 3210 Καὶ
2773 3153 2871 3224 μὲν
2922 3153 2986 3224 δὴ
3032 3154 3132 3207 ὅσα
3183 3155 3239 3206 ὲν
3275 3152 3593 3221 σφενδόναις
3639 3153 3730 3205 καὶ

469 3248 771 3303 missilibus
803 3249 948 3315 telis,
975 3265 1069 3304 seu
1100 3251 1311 3306 idoneis
1337 3253 1401 3306 ad
1437 3256 1689 3308 cominus
1739 3254 2045 3308 feriendum

2155 3253 2358 3324 βέλεσι,
2399 3251 2489 3304 καὶ
2523 3252 2624 3304 ὅσα
2655 3251 2713 3301 ἐν
2738 3248 3076 3318 ἀγχεμάχοις
3098 3247 3288 3314 δόρασι
3320 3264 3376 3299 τε
3415 3247 3509 3302 κα).
3544 3247 3720 3315 ξίφεσι

472 3340 644 3394 hastis
689 3349 745 3394 et
799 3340 993 3411 gladiis
1052 3352 1330 3409 armatos,
1372 3358 1483 3397 non
1537 3345 1708 3398 multo
1762 3344 2048 3412 pauciores

2153 3343 2536 3416 στρατεύματα
2597 3344 2777 3394 πάντα
2834 3337 3206 3410 συνηθροικὼς
3263 3339 3406 3391 δυοῖν
3451 3337 3729 3408 μυριάδων

469 3431 664 3499 viginti
701 3431 942 3486 millibus
989 3433 1314 3504 collegisset,
1347 3433 1610 3488 instructa
1659 3433 1778 3488 acie
1810 3433 2048 3502 impera-

2153 3438 2209 3491 ού
2242 3437 2390 3507 μάλα
2422 3434 2651 3500 ἐλάττω,
2691 3435 2786 3486 καὶ
2811 3432 2953 3484 οὕτω
2991 3429 3472 3501 παραταξάμενος,
3505 3431 3723 3498 ἐδέχετο

470 3521 606 3575 toris
633 3523 1038 3594 aggressionem
1097 3523 1450 3592 exspectabat
1485 3543 1498 3578 ε
1534 3537 1678 3594 τίθετε
1713 3523 1933 3593 quidem
1960 3523 2048 3578 ille

2153 3531 2247 3600 τὴν
2278 3530 2370 3584 τοῦ
2411 3528 2677 3600 βασιλέως
2708 3527 2904 3596 ὁρμὴν,
2934 3525 3232 3595 ἀχθόμενος
3271 3524 3368 3593 μὲν
3415 3525 3478 3591 τῇ
3539 3523 3729 3588 ξυντυ-

471 3612 654 3667 ferens
680 3614 754 3668 ita
779 3612 1065 3680 cecidisse,
1093 3625 1152 3668 ut
1187 3626 1450 3685 angustus
1479 3625 1535 3670 et
1560 3616 1716 3684 equis
1745 3612 2048 3670 incommo-

2153 3623 2269 3694 χία,
2298 3623 2378 3676 ὅτι
2411 3621 2596 3686 στενός
2629 3637 2686 3673 τε
2720 3620 2814 3673 καὶ
2862 3618 3128 3680 δύσιππος
3173 3613 3238 3686 ἦν
3288 3617 3316 3669 ό
3356 3615 3563 3686 χῶρος,
3599 3616 3724 3669 ἔνθα

471 3706 576 3759 dus
638 3716 784 3760 esset
841 3707 1012 3776 pnelii
1069 3708 1448 3762 committendi
1503 3707 1697 3771 locus,
1747 3721 2048 3778 magnoque

2155 3712 2563 3787 συῤῥήγνυσθαι
2607 3713 2704 3784 τὴν
2759 3711 2936 3782 μάχην
2973 3708 3289 3775 ξυνέπιπτε,
3323 3708 3416 3761 καὶ
3463 3706 3725 3761 τοσοῦτον

471 3799 732 3852 exercitui
781 3808 890 3852 tam
942 3798 1195 3863 infestus,
1231 3813 1396 3869 quam
1451 3801 1638 3868 paucis
1674 3809 2050 3870 opportunus,

471 3895 827 3958 exspectabat
877 3900 1079 3946 tamen.
1113 3893 1191 3946 Ac
1247 3891 1546 3963 octingenti
1600 3893 1818 3960 quidem
1849 3883 2050 3958 Latini,

470 3982 562 4052 qui
617 3998 740 4037 cum
804 3978 1136 4053 imperatore
1196 3992 1373 4049 erant,
1435 3985 1764 4056 conglobati,
1818 3987 2049 4041 mediam

471 4076 710 4127 hostium
741 4074 1064 4144 phalangem
1091 4075 1199 4144 20
1230 4076 1428 4153 insigni
1465 4075 1784 4131 fortitudine
1817 4079 2049 4147 primum

470 4179 856 4237 perruperunt,
892 4168 1156 4235 caesisque
1211 4169 1592 4224 resistentibus
1646 4167 1714 4223 ad
1742 4179 2050 4223 extremum

471 4274 866 4331 usquenagmen
948 4268 1308 4328 penetrarunt
1359 4277 1373 4314 :
1432 4275 1731 4330 rursusque
1797 4259 2052 4315 conversi

471 4351 608 4405 adeo
637 4359 861 4404 strenuo
911 4365 1025 4404 rem
1063 4361 1370 4422 gesserunt,
1419 4362 1472 4403 ut
1500 4351 1610 4420 jam
1644 4361 1698 4404 et
1746 4348 2053 4406 funditores

469 4451 528 4497 et
555 4441 818 4513 sagittarii
872 4441 1187 4508 Persarum,
1217 4442 1364 4511 quod
1407 4442 1658 4496 cominus
1689 4442 2049 4511 pugnabatur,

470 4533 698 4586 inutiles
751 4540 958 4603 essent.
990 4531 1099 4584 Sed
1131 4545 1232 4584 nec
1267 4529 1601 4598 imperatorii
1637 4531 1840 4585 milites
1872 4546 2053 4608 cessa-

473 4625 646 4680 bant:
695 4624 823 4692 quiti
878 4633 932 4675 et
971 4621 1071 4692 ipsi
1113 4622 1343 4677 hostiles
1396 4620 1643 4692 legiones
1693 4625 1922 4677 seorsim
1953 4638 2070 4684 atra.

471 4717 642 4786 gressi
678 4716 836 4770 fortia
879 4715 1119 4770 facinora
1153 4715 1386 4769 edebant
1421 4731 1437 4768 :
1469 4715 1644 4769 donec
1685 4716 1872 4770 hostes
1907 4731 2045 4771 una-

470 4809 604 4863 nimi
634 4823 930 4872 consensu,
964 4807 1203 4862 clamore
1236 4805 1473 4872 sublato,
1509 4806 1770 4877 impetum
1801 4807 1855 4860 in
1893 4808 2042 4862 Lati-

471 4915 573 4954 nos
627 4903 896 4962 fecerunt,
929 4909 1091 4969 atque
1142 4898 1199 4952 in
1236 4898 1413 4952 medio
1451 4900 1876 4963 circumventos,
1907 4901 2048 4954 mul-

473 4992 711 5047 titudine
779 4989 937 5054 Ireti,
999 5005 1106 5043 non
1154 4990 1272 5043 sine
1338 5005 1533 5060 magna
1579 4999 1759 5060 strage
1820 5005 2044 5045 suorum

473 5086 808 5139 ceciderunt.
839 5081 1046 5135 Deinde
1096 5093 1312 5135 nostros
1343 5082 1604 5152 aggressi,
1642 5083 1779 5136 alios
1826 5084 2045 5139 occide-

473 5186 622 5241 runt,
661 5177 792 5230 alios
829 5176 882 5228 in
917 5173 1096 5245 fugam
1129 5184 1436 5228 verterunt.

2077 4666 2126 4726 D

2153 3805 2384 3875 πλήθεσι
2413 3803 2644 3870 στρατοῦ
2685 3802 2965 3871 πολέμιος,
3005 3800 3128 3852 ὅσον
3149 3799 3358 3865 ὀλίγοις
3389 3797 3681 3868 σύμμαχος
3706 3812 3721 3827 ⁶

2153 3897 2365 3966 ἐδέχετο
2398 3896 2442 3948 δ’
2468 3894 2561 3948 οὖν
2589 3896 2757 3962 ὅμως.
2791 3893 2972 3946 Καὶ-οἱ
3003 3893 3102 3962 μὲν
3153 3892 3465 3946 ὀκτακόσιοι
3498 3891 3598 3946 τοῦ
3629 3891 3724 3961 βα-

2155 3989 2348 4052 σιλέως
2394 3988 2616 4041 Λατῖνοι
2657 3983 3038 4053 συνασπισμὸν
3085 3985 3470 4052 ποιησάμενοι,
3508 3981 3722 4052 πρῶτον

2152 4081 2213 4135 τὸ
2250 4080 2413 4151 μέσον
2454 4078 2746 4150 διέρρηξαν
2799 4076 2898 4145 τῆς
2945 4074 3054 4127 τῶν
3105 4073 3387 4143 πολεμίων
3422 4071 3719 4140 φάλαγγος,

2152 4173 2272 4229 λίαν
2333 4171 2622 4242 εὐρώστως
2675 4167 3070 4238 ἀγωνιζόμενοι
3130 4166 3228 4219 καὶ
3287 4167 3721 4225 κατακόπτοντες

2151 4265 2277 4328 τοὺς
2300 4263 2750 4333 ἀνθισταμένους,
2782 4261 2886 4324 ἓως
2923 4259 3183 4328 διήλασαν
3214 4257 3310 4310 καὶ
3334 4257 3393 4319 ἐς
3425 4257 3596 4328 αὐτὴν
3627 4255 3722 4325 τὴν

2152 4355 2259 4409 τῶν
2292 4354 2572 4424 πολεμίων
2617 4352 2915 4422 οὐραγίαν·
2948 4350 3043 4404 aut
3094 4347 3505 4420 συστρέψαντες
3547 4346 3719 4408 αὖθις,

2153 4444 2309 4498 πάντ’
2347 4445 2520 4514 ἔδρων
2553 4444 2622 4496 τὰ
2656 4442 2948 4514 κράτιστα,
2979 4441 3056 4503 ὡς
3110 4440 3429 4509 ἀπράκτους
3463 4439 3565 4510 ήδη
3604 4438 3724 4507 φαί-

2152 4535 2340 4589 νεσθαι
2387 4536 2481 4589 καὶ
2523 4533 2651 4598 τοὺς
2688 4532 2796 4586 τῶν
2848 4532 3074 4602 Περσῶν
3121 4529 3486 4600 σφενδονήτας
3528 4546 3588 4583 τε
3632 4527 3723 4582 καὶ

2151 4629 2375 4693 τοξότας
2422 4627 2511 4680 διὰ
2539 4626 2640 4695 τήν
2673 4625 2780 4680 ἀπὸ
2808 4625 3012 4694 χειρῶν
3045 4621 3392 4693 συμπλοκήν.
3423 4621 3488 4674 Οἱ
3515 4621 3570 4674 δὲ
3597 4617 3722 4688 περὶ

2151 4720 2243 4772 τὸν
2277 4717 2500 4788 βασιλέα
2531 4714 2648 4770 ἀλλ’
2682 4715 2804 4769 οὐδὲ
2855 4713 3007 4768 αὐτοί
3053 4729 3116 4781 γε
3167 4711 3427 4783 ἠμέλουν,
3454 4714 3588 4767 ἀλλὰ
3633 4713 3724 4764 καὶ

2154 4810 2308 4866 αὐτοί
2340 4827 2404 4878 γε
2440 4809 2582 4862 κατά
2617 4809 2760 4879 μέρη
2791 4810 2908 4868 ταῖς
2939 4806 3048 4859 τῶν
3088 4805 3366 4874 πολεμίων
3413 4803 3722 4875 συμπλεκόο

2157 4917 2310 4970 μενοι
2369 4899 2610 4965 τάξεσιν,
2661 4899 2801 4970 ἔργα
2859 4899 3085 4968 γενναῖα
3146 4897 3241 4950 καὶ
3299 4897 3537 4967 ἀνδρικά
3599 4900 3721 4950 ἑπε-

2152 4991 2430 5046 δείκνυντο
2449 5007 2464 5023 ⁶
2494 4992 2599 5052 ἕως
2628 4993 2678 5044 οἱ
2711 4991 2959 5060 πολέμιοι
3005 4991 3519 5062 συμφρονήσαντες,
3557 4991 3721 5043 αὑτοο

2153 5084 2268 5136 ϐοεί
2307 5102 2366 5137 τε
2423 5085 2565 5137 κατά
2603 5084 2714 5136 τῶν
2760 5085 3010 5154 Λατίνων
3057 5085 3410 5154 ὁρμήσαντες
3453 5085 3549 5136 acati.
3585 5083 3720 5136 κατά

2153 5173 2351 5226 κύκλον
2407 5174 2820 5245 περιελθόντες,
2884 5174 2985 5226 οὐκ
3044 5174 3171 5226 ἄνευ
3231 5173 3450 5227 οἰκείων
3509 5170 3719 5227 πολλῶν

1806 5317 2146 5380 Variorum
2184 5327 2370 5381 notae.

469 5465 760 5537 Enimvero
793 5465 1062 5537 incertum
1099 5483 1166 5521 an
1206 5467 1292 5522 illa
1329 5476 1650 5537 tempestate
1680 5467 1898 5522 Lascari
1932 5467 2037 5537 mi-

466 5533 676 5607 litarint
710 5534 886 5590 Latini
920 5552 1016 5590 seu
1063 5538 1222 5599 Galli,
1258 5531 1602 5607 pactis-forte
1634 5548 1746 5591 tum
1781 5531 2032 5601 induciis,

463 5606 767 5670 cujusmodi
799 5620 922 5659 cum
947 5609 1137 5662 eodem
1169 5606 1390 5662 LaScari
1417 5607 1580 5661 initas
1607 5619 1875 5662 memorat
1911 5607 2038 5662 Vill-

473 5674 794 5747 liarduinns,
835 5693 888 5731 ιι.
921 5676 1048 5741 249,
1079 5679 1162 5731 vel
1197 5686 1318 5747 post
1349 5677 1528 5732 imdus
1559 5680 1700 5731 inter
1735 5677 2030 5732 Robertum

465 5744 598 5812 imp.
629 5744 1291 5816 Constanttinopolitanitm
1322 5759 1377 5802 et
1400 5747 1674 5801 Lascarim
1720 5748 1937 5812 initum,
1965 5749 2032 5802 de

467 5831 577 5882 quo
619 5817 830 5888 egimus
859 5819 915 5873 in
948 5815 1188 5873 Historia
1229 5815 1788 5886 France—Byzantina,
1818 5818 1912 5873 lib.
1951 5834 2031 5883 ιιι,

2148 5485 2206 5524 n.
2236 5470 2292 5537 5,
2345 5485 2469 5524 cum
2520 5471 2730 5526 scilicet
2769 5467 2993 5522 Roberti
3027 5482 3269 5522 sororem
3303 5465 3524 5521 Mariam
3575 5465 3714 5519 idem

2145 5540 2395 5594 Lascaris
2426 5542 2478 5593 in
2506 5556 2728 5594 uxorem
2753 5539 2986 5607 accepit,
3026 5540 3102 5592 uti
3131 5553 3253 5591 mox
3288 5553 3410 5606 cap.
3445 5555 3557 5605 seq.
3593 5550 3714 5607 nar-

2144 5623 2224 5666 rat
2261 5609 2548 5680 Gregoras,
2573 5610 2714 5665 Petri
2743 5604 3185 5680 scilicetcomitis
3215 5604 3712 5680 gittissiidorcnsis

2141 5690 2198 5735 et
2227 5675 2980 5750 imp.'ConstanlinOpolitaui
3008 5679 3196 5734 liliant.
3222 5675 3358 5735 Vide
3383 5676 3583 5735 lt'amt'l.
3606 5675 3712 5745 Bg-

2143 5759 2288 5807 zant.
2326 5767 2446 5824 pag.
2474 5754 2602 5809 219.
2638 5752 2871 5806 Ducasc.
