3990 6472
281 399 374 465 tu
505 471 512 478 ,
551 393 628 469 [Α.
669 411 718 451 c.
760 394 905 451 teet
944 403 1012 450 AD
1046 391 1208 467 me]

1356 392 1807 457 BYZANTINIE
1845 391 2232 454 HISTORIIE
2274 391 2415 456 LIB.
2463 396 2511 457 Ι.

276 510 519 581 αιμάτων
547 512 697 578 μόλις
728 509 1199 581 κατέκυψανῷξ),
1273 507 1635 582 βοηθούμενοι
1706 509 1776 577 τῇ
1845 504 2189 577 πολυχειρίᾳ.
2230 503 2363 560 Εἶτα
2424 508 2537 570 τοῖς
2593 508 2898 580 ἡμετέροις³
2953 507 3348 580 συμμίξαντες,

3388 347 3533 459 ίιιε

3404 523 3531 572 τοὺς

2645 389 2778 464 [μιν.
2825 405 3024 448 τηεοι).
3065 389 3245 464 usc.]

277 609 371 678 μὲν
434 607 592 676 ἔργον
643 605 944 672 ἀπέφαινον
999 603 1228 672 ξίφους,
1286 603 1413 666 τοὺς
1465 603 1523 655 δὲ
1583 601 1830 671 φυγάδας
1871 600 2112 654 ἐποίουν.

341 698 415 757 B’.
458 699 518 754 Ὀ
546 699 603 752 δὲ
634 698 746 751 τῶν
777 697 1039 767 Τούρκων
1066 695 1312 768 ἀρχηγὸς
1341 697 1368 749 ὁ
1391 695 1618 749 σουλτάν
1663 693 1837 749 Ἰαθα-

2021 694 2090 748 ll.
2122 693 2194 749 At
2223 691 2531 750 Turcorum
2565 695 2677 750 dux
2713 694 2961 750 sultanus
3007 694 3332 774 latbatines,
3358 697 3540 750 omni-

269 793 442 864 τίνης,
470 792 679 856 πάντας
700 791 860 860 ἀφεὶς
890 791 986 844 καὶ
1019 790 1422 864 παραδραμὼν,
1458 788 1624 842 αὐτὸν
1651 788 1839 858 ἐζήτει

269 886 359 938 τὸν
418 883 686 954 βασιλέαο
738 883 832 936 καὶ
887 880 1175 951 ὠσάμενος
1229 881 1394 951 ὁμόσε
1448 880 1570 934 κατ’
1628 880 1841 933 ἐκείνου

272 980 456 1048 χωρεῖ,
490 973 646 1046 μέγα
685 974 898 1046 φρονῶν
926 975 1019 1027 ἐπί
1043 991 1103 1026 τε
1151 971 1374 1045 μεγέθει
1406 971 1502 1026 καὶ
1541 973 1703 1042 ῥώμῃ
1739 970 1844 1023 σώ-

278 1086 442 1140 ματος
464 1083 480 1098 ·
515 1069 613 1121 καὶ
634 1067 698 1139 δὴ
735 1066 967 1136 φοϐερὸς
1011 1065 1207 1134 ἐκείνῳ
1240 1065 1539 1136 ῥαϐδοῦχος
1585 1064 1842 1137 ἐπιστὰς,

276 1163 498 1232 βαρεῖαν
538 1162 873 1232 κατήνεγκεν
916 1159 1010 1212 επὶ
1061 1159 1313 1229 κεφαλῆς
1346 1158 1447 1229 τὴν
1495 1157 1738 1228 πληγήν.
1782 1155 1842 1223 Ὀ

273 1253 325 1305 δὲ
357 1252 616 1319 βασιλεὺς
643 1253 742 1321 τὴν
786 1249 1015 1322 πρώτην
1046 1250 1147 1303 οὐκ
1175 1235 1440 1318 ὲνεγκὼνξ
1467 1249 1612 1303 ἀλλὰ
1657 1264 1844 1300 σκοτο-

271 1351 442 1408 amici;
477 1345 672 1414 μεστὸς
712 1341 1008 1408 καταστὰς,
1037 1341 1225 1395 πίπτει
1269 1340 1364 1394 τοῦ
1399 1342 1594 1396 ἵππου.
1631 1339 1755 1410 Θεῷ
1786 1339 1844 1392 δὲ

283 1437 490 1488 anew
539 1435 638 1487 οὐκ
672 1429 759 1504 ἦν.
787 1432 935 1497 ἅπαξ
976 1432 1281 1502 ἀναστῆσαι
1326 1430 1698 1502 νεκρωθεῖσαν
1743 1431 1844 1499 τὴν

281 1527 572 1595 Ῥιι)μαίυ›ν
633 1526 932 1597 ἠγεμονίαν
989 1525 1399 1597 βεϐουλημένῳ.
1454 1525 1546 1578 Διὸ
1608 1525 1676 1595 δὴ
1749 1527 1845 1580 καὶ

274 1619 550 1688 ἀνήγαγεν
605 1619 766 1673 αὑτὸν
810 1621 873 1672 ὲκ
922 1619 1129 1672 λάκκου
1183 1616 1565 1689 ταλαιπωρίας
1597 1619 1694 1670 καὶ
1733 1617 1844 1670 ἀπὸ

272 1710 452 1780 πηλοῦ
505 1710 665 1776 ίλύος,
696 1712 790 1764 καὶ
843 1703 1073 1781 ἔστησεν
1126 1710 1222 1764 ἐπὶ
1269 1711 1484 1781 πέτραν
1507 1709 1636 1772 τοὺς
1673 1709 1844 1772 πόδας

267 1802 440 1856 αὑτοῦ
468 1819 483 1835 ·
515 1806 608 1857 καὶ
634 1805 663 1855 ὁ
694 1801 889 1872 νεκροῦ
915 1803 1070 1873 δίκην
1091 1801 1186 1856 τοῦ
1220 1801 1393 1856 ίππου
1416 1801 1622 1866 πεσὼν,
1655 1803 1839 1868 αίφνι-

1946 789 2049 844 bus
2085 787 2306 843 omissis
2334 799 2391 843 et
2419 789 2736 858 praeteritis,
2763 789 2943 858 ipsum
2975 789 3258 859 quaerebat
3301 790 3539 860 impera-

1946 890 2168 936 torem:
2225 880 2512 950 illumque,
2571 879 2623 932 vi
2677 879 2946 950 patefacta
2996 883 3107 946 via,
3157 881 3540 951 magnitudine

1945 982 2002 1027 et
2034 974 2234 1028 robore
2260 973 2510 1042 corporis
2543 974 2814 1042 superbus
2845 974 3071 1038 invadit,
3099 985 3172 1038 et,
3203 975 3351 1030 velut
3379 975 3541 1029 lictor

1949 1065 2174 1136 quidam
2227 1066 2558 1121 metuendus
2593 1065 2908 1130 imminens,
2943 1082 3162 1136 gravem
3195 1068 3315 1137 ejus
3371 1070 3538 1137 capiti

1952 1160 2120 1214 ictum
2182 1158 2394 1228 inﬂigit.
2454 1157 2761 1227 Imperator
2819 1167 3000 1213 autem
3053 1161 3234 1230 primo
3289 1160 3400 1212 ictu
3429 1175 3538 1213 non

1947 1251 2200 1312 tolerato.
2260 1251 2354 1304 sed
2391 1251 2658 1321 vertigine
2711 1251 2922 1314 oborta,
2958 1266 3022 1306 ex
3061 1266 3202 1320 equo
3238 1251 3538 1306 delabitur.

1947 1328 2135 1412 Neque
2169 1357 2300 1395 vero
2355 1341 2522 1407 Deus,
2557 1344 2730 1398 semel
2769 1344 3064 1398 restituere
3121 1356 3398 1399 mortuum
3434 1344 3543 1398 llo-

1949 1450 2240 1492 manorum
2285 1436 2578 1506 imperium
2611 1438 2819 1502 volens,
2851 1439 3098 1494 cunctari
3130 1448 3364 1508 poterat.
3397 1437 3541 1505 Qua-

1949 1545 2008 1584 re
2067 1530 2218 1584 illum
2273 1544 2304 1584 e
2358 1530 2482 1584 lacu
2536 1531 2770 1586 miseriae
2819 1541 2874 1585 et
2926 1545 2958 1586 e
2990 1532 3104 1586 luto
3153 1531 3298 1585 caeni
3330 1532 3542 1594 eduxit,

1950 1621 2230 1692 pedesque
2279 1621 2400 1692 ejus
2459 1623 2512 1677 in
2571 1637 2710 1689 rupe
2765 1623 3073 1687 collocavit,
3115 1631 3177 1678 ut
3224 1623 3314 1693 qui
3372 1624 3546 1678 instar

1947 1715 2149 1770 mortui
2184 1731 2250 1771 ex
2303 1729 2447 1786 equo
2489 1714 2792 1780 deciderat,
2845 1715 2987 1770 idem
3024 1716 3204 1770 statim
3237 1724 3452 1770 erectus
3481 1730 3546 1770 ac

1948 1807 2121 1862 veluti
2149 1806 2336 1864 furore
2368 1808 2606 1878 quodam
2651 1808 2946 1878 divinoque
2971 1807 3177 1876 impetu
3212 1808 3544 1872 concitatus,

265 1896 400 1958 δῖως
457 1895 718 1962 ἀναστὰς,
776 1895 973 1966 μεστὸς
1029 1893 1261 1965 μανικοῦ
1312 1910 1462 1957 τινος
1509 1894 1605 1948 καὶ
1661 1891 1847 1946 ἐνθου-

1951 1911 2146 1970 praeter
2169 1915 2391 1956 omnem
2427 1901 2746 1970 Opinionem
2783 1901 3014 1956 exitium
3045 1899 3099 1954 in
3125 1900 3349 1955 Barbari
3384 1911 3547 1970 caput

271 1983 501 2050 σιώδους
556 1988 911 2058 όρμήματος,
973 1984 1298 2058 παραδόξως
1355 1986 1685 2057 περιτρέπει
1739 1982 1843 2054 τὴν

1949 1983 2314 2050 converteret.
2333 1992 2540 2048 Stricto
2561 1994 2709 2048 enim
2728 1994 2832 2063 21
2855 2009 2989 2049 ense
3006 1993 3280 2049 barbarici
3301 1993 3427 2064 equi
3453 2009 3548 2064 pe-

269 2079 548 2132 ἀπώλειαν
574 2079 650 2149 τῷ
683 2079 964 2150 βαρϐάρῳ.
996 2079 1070 2132 Τὸ
1097 2077 1294 2132 ἑαυτοῦ
1325 2079 1436 2156 ¹γὰρ
1460 2078 1663 2132 αὐτίκα
1688 2078 1844 2147 ξίφος

1952 2086 2047 2142 des
2079 2084 2392 2141 anteriores
2434 2085 2593 2140 facile
2637 2087 2892 2151 demetit,
2915 2095 3298 2156 prostratoque
3329 2087 3548 2142 sultano

267 2172 568 2240 γυμνώσας
610 2171 695 2243 [Ρ.
724 2171 832 2244 12],
872 2171 1146 2243 ὲκθερίζει
1197 2173 1403 2244 ῥᾳδίως
1444 2174 1572 2235 τοὺς
1627 2174 1842 2244 ἐμπρο-

1952 2187 2117 2249 caput
2163 2185 2429 2248 amputat,
2473 2185 2637 2248 atque
2685 2178 2825 2234 illud
2869 2179 3026 2235 hasta
3077 2194 3294 2234 sursum
3341 2185 3547 2234 elatum

271 2263 458 2326 σθίους
505 2264 674 2327 πόδας
706 2265 800 2316 τοῦ
834 2264 1172 2335 βαρϐαρικοῦ
1207 2265 1396 2333 ἵππου,
1425 2267 1521 2319 καὶ
1552 2266 1715 2338 ῥίψας
1753 2267 1846 2319 τὸν

1955 2269 2209 2327 Barbaris
2238 2272 2579 2327 exercitibus
2626 2283 2890 2328 ostentat.
2926 2270 3014 2325 Ea‘
3029 2287 3119 2328 res
3144 2272 3409 2328 Romanis
3436 2275 3549 2343 pri-

267 2355 538 2424 ἐπιϐάτην
580 2357 831 2421 σουλτάν,
884 2357 1141 2427 ἐκτέμνει
1196 2357 1295 2427 τὴν
1349 2359 1517 2412 αὑτοῦ
1570 2357 1840 2426 κεφαλὴν,

268 2449 365 2500 καὶ
389 2445 685 2516 κατάδηλον
713 2446 789 2516 τῷ
813 2445 1000 2516 δόριτι
1033 2449 1375 2517 μετεωρίσας
1408 2451 1554 2502 ποιεῖ
1586 2451 1701 2512 τοῖς
1731 2451 1841 2504 τῶν

271 2538 562 2608 βαρϐάρων
609 2537 1003 2608 στρατεύμασι.
1047 2540 1217 2593 Τοῦτο
1265 2541 1365 2610 τῆς
1396 2542 1508 2616 τῷν
1552 2540 1842 2611 Ῥωμαίων

271 2633 546 2701 σωτηρίας
574 2647 632 2683 τε
677 2632 771 2684 καὶ
804 2632 1120 2695 συστάσεως
1162 2635 1304 2702 ἀρχὴ
1349 2633 1447 2687 καὶ
1494 2636 1841 2699 κατάστασις

269 2724 488 2792 γίνεται
538 2723 751 2794 πρώτη,
811 2723 904 2788 ξύν
961 2741 1022 2794 γε
1074 2724 1194 2796 Θεῷ
1245 2725 1324 2796 τῷ
1377 2729 1599 2780 πάντων
1647 2729 1842 2798 ταμίᾳ,

269 2817 444 2868 ὁπόσα
495 2815 591 2886 τὴν
639 2813 987 2888 ἀνθρωπίνην
1041 2817 1425 2889 ὑπερπέπαικε
1486 2817 1748 2888 δύναμιν.
1780 2822 1845 2873 υἱ

273 2905 376 2976 μὲν
409 2907 519 2975 γὰρ
571 2907 834 2978 βάρϐαροι
878 2910 1084 2981 τρόμου
1126 2909 1218 2962 καὶ
1263 2891 1848 2981 δέουςῖιληρώσαντες
1899 2903 1902 2906 ’

270 3000 524 3066 ἑαυτοὺς,
556 3001 937 3072 προτροπάδην
963 3003 1218 3072 ἔφευγον,
1244 3003 1344 3075 τὴν
1373 3003 1643 3074 ταχίστην
1671 3003 1847 3057 ὀπίσω

1956 2379 2042 2417 ma
2099 2363 2294 2419 salutis
2347 2364 2566 2419 occasio
2618 2372 2675 2419 et
2721 2365 3062 2420 consistendi
3107 2379 3273 2420 causa
3313 2367 3545 2429 exstitit.

1955 2455 2252 2524 adiuvante
2305 2456 2518 2512 scilicet
2571 2456 2706 2520 Deo,
2757 2471 2946 2510 rerum
2996 2459 3418 2530 omnium,quae
3450 2459 3553 2513 hn-

1949 2561 2143 2603 manas
2194 2547 2338 2603 vires
2369 2544 2652 2618 sup'erant,
2695 2549 3065 2606 moderatore.
3114 2550 3251 2605 Nam
3324 2551 3548 2607 Barbati

1949 2650 2098 2696 metu
2132 2649 2188 2694 et
2222 2649 2463 2696 tremore
2513 2645 2782 2712 correpti,
2827 2642 3003 2699 ell‘use
3041 2644 3326 2716 fugiebant
3363 2658 3418 2699 et
3451 2661 3548 2702 ce~

1959 2732 2184 2786 lerrime
2211 2743 2362 2786 retro
2379 2746 2450 2786 se
2493 2733 2851 2803 recipiebant.
2893 2736 3196 2804 imperator
3223 2750 3356 2792 vero
3385 2737 3554 2791 mira-

1951 2822 2138 2877 biliter
2192 2824 2407 2894 magnis
2461 2823 2569 2879 illis
2622 2825 2884 2894 periculis
2933 2838 3180 2898 ereptus,
3229 2830 3548 2899 majorequo

1953 2915 2220 2970 miraculo
2262 2915 2492 2971 victoria
2544 2917 2779 2987 potitus,
2813 2919 3165 2990 triumphans
3195 2920 3548 2978 Antiochiam

1951 3007 2278 3079 ingreditur,
2306 3024 2376 3067 ex
2408 3009 2605 3064 intimo
2635 3020 2860 3081 pectore
2884 3012 3088 3084 gratias
3111 3023 3279 3084 agens
3305 3012 3437 3069 Deo.

267 3093 752 3164 ἀπαλλαττόμενοι.
791 3096 850 3150 '0
878 3095 935 3148 δὲ
963 3093 1221 3166 βασιλεὺς
1254 3095 1575 3166 παραδόξως
1643 3095 1746 3167 μὲν
1807 3098 1918 3153 τῶν
1959 3103 2216 3172 μεγάλων
2279 3102 2490 3157 τούτων
2540 3101 2810 3158 κινδύνων
2857 3104 3308 3178 ἀπηλλαγμένος,
3363 3124 3549 3180 παρα-

269 3188 550 3261 δοξότερον
583 3189 628 3245 δ’
652 3187 808 3256 αὖθις
839 3191 1167 3264 νενικηκὼς,
1191 3191 1561 3264 τροπαιοῦχος
1592 3193 1692 3263 τὴν
1734 3194 2069 3269 Ἀντιόχειαν
2099 3199 2324 3268 εἴσεισι,
2391 3200 2600 3265 πολλὰς
2644 3201 2944 3274 ἀπονέμων
3009 3205 3073 3258 ὲκ
3126 3204 3300 3276 μέσης
3365 3203 3552 3276 ψιχῆς

275 3284 351 3354 τῷ
374 3285 494 3355 Θεῷ
519 3285 614 3349 τάς
645 3288 1021 3358 εὐχαριστίας.
3585 3292 3595 3298 ⁵

343 3381 419 3434 Γ¹.
452 3383 517 3435 Οἱ
547 3384 600 3436 δὲ
625 3371 889 3456 βάρϐαροι
922 3385 1318 3458 πρεσϐεύονται
1340 3386 1480 3460 πρὸς
1503 3387 1596 3443 τδν
1629 3388 1852 3460 βασιλέα

2031 3387 2126 3443 Ill.
2157 3389 2380 3446 Barbari
2429 3401 2616 3448 autem
2658 3391 2840 3449 statim
2871 3392 3058 3450 missis
3089 3395 3157 3450 ad
3189 3410 3315 3450 eum
3353 3396 3548 3470 legatis

283 3476 441 3539 εὐθὺς
472 3479 569 3532 καὶ
614 3479 844 3542 σπονδὰς
875 3480 1154 3535 αίτοῦνται
1193 3482 1288 3536 καὶ
1325 3481 1723 3554 λαμϐάνουστν,
1753 3485 1851 3558 οὐχ

1955 3495 2147 3555 pacem
2206 3491 2401 3552 petunt
2433 3491 2600 3554 atque
2650 3483 2968 3554 impetrant,
3021 3499 3131 3539 non
3173 3485 3393 3556 qualem
3441 3485 3548 3558 ipsi

281 3564 388 3622 οἷαι
425 3569 774 3638 βουλομένοις
802 3573 1031 3636 ἐκείνοις
1075 3569 1240 3646 ἦσαν,
1273 3575 1390 3628 ἀλλ’
1423 3571 1536 3631 οἷαι
1577 3579 1674 3631 καὶ
1705 3581 1851 3650 μάλα

1952 3576 2276 3649 cupiebant,
2312 3575 2408 3630 sed
2465 3591 2589 3644 quae
2643 3575 2963 3647 imperatori
2995 3579 3338 3648 Optatissima
3373 3593 3542 3650 esset,

283 3659 502 3729 ἀσμένῳ
550 3659 626 3730 τῷ
677 3661 931 3732 βασιλεῖ’
962 3664 1254 3736 συνείληφε
1306 3667 1498 3736 μέντοι
1525 3670 1555 3723 ὁ
1591 3669 1852 3740 βασιλεὺς

1951 3669 2133 3740 quiet
2187 3680 2444 3726 socerum
2505 3683 2664 3724 suum
2730 3670 3120 3741 imperatorem
3181 3672 3455 3739 Alexium,
3491 3675 3548 3731 in

280 3755 392 3815 τοῖς
446 3754 728 3825 πολεμίοις
787 3757 1018 3812 συνόντα
1051 3761 1146 3814 καὶ
1188 3759 1283 3813 τὸν
1324 3761 1519 3816 ἑαυτοῦ
1563 3763 1850 3836 πενθερὸν,

1949 3763 2139 3819 hostili
2189 3765 2434 3820 exercitu
2488 3763 2958 3833 comprehensum
3018 3762 3368 3836 Nicaeamque
3415 3781 3548 3838 per-

296 3844 534 3909 ’Δλέξιον
580 3849 668 3899 τὸν
717 3848 940 3917 βασιλέα
963 3868 978 3884 ο
1033 3853 1130 3906 καὶ
1185 3857 1524 3926 καταγαγὼν
1579 3858 1745 3913 αὐτὸν
1791 3859 1852 3924 ἐς

1951 3854 2200 3922 ductum,
2231 3849 2557 3913 monastico‘
2603 3855 2797 3912 habitu
2847 3857 3071 3914 induit:
3105 3858 3306 3914 deinde
3357 3859 3544 3916 omnia

284 3928 519 3989 Νίκαιαν
564 3937 738 4006 πόλιν,
795 3941 1082 4011 μοναδικὺν
1136 3937 1428 4015 περιέϐαλε
1478 3948 1705 4020 σχῆμα·
1751 3950 1850 4006 κά-

1951 3949 2263 4005 necessaria
2290 3948 2530 4020 benigne
2580 3949 2639 4006 ei
2676 3949 3012 4020 suppeditat.
3055 3950 3278 4006 Interim
3310 3952 3546 4024 conjuge

283 4044 443 4085 πειτα
475 4032 747 4102 ἐπιμελῶς
793 4036 971 4091 πάντα
1001 4038 1176 4093 ὁπόσα
1208 4041 1444 4114 χρειώδη
1474 4043 1626 4114 αὐτῷ
1659 4043 1852 4109 ἐξεπό-

1953 4049 2188 4107 mortua,
2216 4041 2515 4112 imperator
2577 4041 2969 4099 consobrinam
3017 4042 3267 4108 Roberti,
3305 4045 3398 4115 qui
3427 4055 3545 4103 tum

285 4120 451 4192 ριζεν.
500 4123 588 4178 Ἐν
615 4127 823 4192 τούτοις
868 4146 934 4197 γε
983 4131 1088 4200 μὴν
1126 4132 1156 4186 ό
1193 4133 1476 4204 βασιλεὺς,
1513 4136 1851 4208 τελευτησά-

1953 4136 2197 4209 Byzantii
2259 4137 2610 4207 imperabat,
2674 4151 2901 4191 uxorem
2962 4137 3264 4192 secundam
3322 4137 3478 4192 ducit
3509 4156 3543 4194 οι

284 4231 381 4285 σης
409 4216 510 4285 τῆς
544 4217 774 4287 συζύγου
807 4221 963 4294 (32‘).
982 4222 1180 4292 ἄγεται
1209 4228 1290 4289 είς
1323 4227 1586 4298 δευτέραν
1615 4233 1851 4297 γυναῖκα

1951 4245 2114 4300 quam
2144 4236 2200 4284 et
2229 4227 2405 4299 ipsam
2432 4243 2542 4284 non
2572 4229 2669 4285 diu
2709 4229 2764 4284 in
2801 4227 3156 4284 inatrimonio
3193 4229 3406 4292 habuit,
3440 4243 3561 4287 nee

1951 4339 2021 4378 ex
2071 4338 2136 4378 ea
2171 4321 2374 4379 liberos
2419 4323 2684 4394 suscepit,
2733 4320 2850 4377 sive
2901 4321 3048 4392 quod
3081 4330 3280 4376 natura
3335 4323 3546 4378 sterilis

283 4398 528 4466 λεύοντος
571 4399 953 4478 Ῥομπέρτου-
1086 4412 1184 4464 καὶ
1239 4411 1302 4464 οὐ
1357 4413 1569 4484 μακρὸν
1616 4416 1851 4470 συνεϐίω

1953 4427 2119 4480 esset,
2152 4417 2269 4472 sive
2299 4415 2448 4487 quod
2490 4415 2841 4487 imperatoris
2871 4413 3060 4469 obitus
3086 4415 3239 4470 brevi
3275 4417 3543 4471 subsecu-

231 4555 244 4558 _
284 4495 494 4563 χρόνον,
527 4496 648 4551 οὐδὲ
701 4498 899 4565 παῖδας
949 4500 1136 4556 ἔτεκεν
1177 4502 1238 4567 ἐξ
1280 4504 1471 4576 αὐτῆς,
1508 4505 1607 4560 εἴτ’
1643 4509 1710 4561 ὲκ
1749 4509 1850 4578 qia-

1955 4514 2040 4560 tus
2089 4505 2140 4560 ei
2187 4505 2439 4576 pariendi
2500 4513 2720 4578 tempus
2748 4505 2987 4579 negavit.
3021 4503 3154 4562 Nam
3211 4507 3256 4562 is
3308 4522 3432 4563 cum
3479 4521 3542 4563 ea

284 4603 419 4658 cem;
450 4590 668 4660 στείρας
695 4593 864 4662 αὐτῆς
901 4592 1094 4665 οὔσης,
1129 4595 1242 4649 εἴτε
1274 4598 1494 4668 καὶτῆς
1526 4600 1846 4673 μεταϐραχὺ

1954 4596 2128 4654 tribus
2161 4597 2326 4656 annis»
2349 4597 2474 4655 fuit.

285 4679 371 4732 τοῦ
399 4679 661 4750 βασιλέως
689 4683 969 4757 τελευτῆς,
1003 4686 1154 4759 ὥραν
1192 4690 1542 4756 παιδοτοκίας
1568 4693 1628 4748 οὐ
1663 4711 1848 4764 παρα·-

285 4771 515 4844 σχούσης
541 4775 705 4848 αὐτῇ.
737 4777 878 4849 Τρία
914 4781 1022 4852 γὰρ
1061 4781 1156 4852 ἐτη
1196 4780 1488 4855 συνῴκησε
1523 4788 1721 4859 ταύτῃ.
1884 4771 1930 4827 D

284 4307 376 4377 τὴν
408 4309 644 4382 ἀδελφὴν
673 4313 768 4366 τοῦ
821 4315 1124 4384 τηνικαῦτα
1172 4318 1273 4390 τῆς
1321 4318 1648 4385 Βυζαντίδος
1691 4321 1848 4392 βασι-

1613 4925 1958 4989 Variorum
1991 4938 2178 5012 nolis.

518 5037 1034 5118 [)eefssemviiletur,
1100 5043 1226 5107 τοὺς
1283 5042 1570 5110 Λατίνους.
1639 5043 1919 5103 Ἦοιῖιυε.

344 5108 476 5180 (δι’)
513 5110 579 5164 Α.
615 5109 678 5165 C.
717 5108 878 5166 1219.
