3990 6500
481 388 583 461 155
761 393 814 465 [Α
880 410 937 449 ιι.
980 394 1121 451 6750
1161 410 1223 449 AD
1265 339 1429 470 ϐτίὶὸ]

1716 402 2135 463 NICEPUOBI
2175 400 2562 462 GREGDll/E

2873 395 3008 467 [ινιτ.
3052 410 3199 450 ιολιι.
3242 393 3430 467 unus]

3634 398 3741 462 156

476 513 571 567 sed
602 525 781 567 tamen
810 514 1055 568 nominat
1077 515 1225 569 velut
1256 514 1538 586 ambigens
1568 530 1634 569 ac
1662 514 1780 585 ipse
1812 516 1912 569 sibi
1942 515 2043 570 dif-

2156 517 2256 569 ούκ
2286 515 2501 570 οἴκοθεν
2553 514 2675 584 μὲν,
2704 514 2964 582 ὀνομάζει
3006 514 3053 566 δ’
3081 513 3197 577 οὖν,
3232 514 3424 584 ὥσπερ
3453 515 3741 583 ἀμφιϐάλ-

428 606 433 609 ’
474 606 669 659 fidens.
700 603 834 659 Nam
870 606 1143 675 propriam
1176 621 1330 660 suam
1361 607 1778 676 appellationem
1810 608 1912 678 ipsi
1938 608 2045 661 uti—

472 712 579 766 que
608 713 702 752 sua
747 697 925 766 lingua
970 707 1193 753 norunt.
1270 699 1374 765 Qui
1409 716 1537 753 vero
1575 699 1778 755 Grmcis
1808 700 2050 754 nomini-

473 786 575 841 bus
603 803 698 842 eos
725 788 1024 857 appellant,
1058 789 1189 842 alias
1222 789 1384 843 aliter
1413 804 1513 843 suo
1541 790 1746 857 quique
1780 790 2045 845 arbitratu

473 877 595 931 illos
626 888 843 943 vorant,
887 879 1202 949 quicunque
1242 881 1498 935 torrentis
1523 881 1699 935 instar
1746 883 1798 935 in
1834 891 2047 937 nostras

472 969 782 1038 provincias
830 971 1104 1025 irruentes
1151 971 1283 1026 alias
1335 972 1438 1027 alia
1492 973 1615 1028 loco
1649 984 1937 1042 occupant.
1974 972 2048 1028 Ut

470 1061 614 1114 enim
652 1071 887 1115 terrores
919 1077 1065 1131 smpe
1115 1063 1428 1119 hominibus
1474 1081 1504 1117 a
1540 1066 1650 1119 Deo
1678 1065 2043 1135 incutiuutnr,

466 1152 539 1209 de
567 1152 705 1207 cmlo
735 1152 982 1222 quidem,
1016 1162 1076 1208 ut
1101 1153 1348 1221 fulmina,
1377 1156 1629 1211 incendia
1659 1166 1713 1211 et
1735 1156 1914 1212 crebri
1939 1157 2045 1210 im-

469 1243 631 1309 bres;
685 1258 716 1297 e
746 1252 891 1298 terra
920 1254 1127 1313 autem,
1179 1254 1241 1300 ut
1271 1247 1480 1303 telluris
1525 1248 1706 1302 hiatus
1739 1257 1792 1302 et
1817 1263 2045 1315 quassa-

470 1334 685 1401 tiones;
716 1335 845 1390 item
879 1351 946 1391 ex
976 1350 1129 1400 aere,
1174 1345 1234 1392 ut
1268 1341 1537 1409 typhones
1566 1349 1619 1394 et
1648 1340 1851 1395 nimbi:
1882 1340 1955 1394 ita
1990 1340 2044 1393 hi

467 1442 500 1480 a
532 1428 644 1491 Deo
691 1437 1045 1483 asservantur
1085 1428 1558 1499 Septentrionales
1606 1440 1663 1485 et
1708 1424 2045 1502 llyperbOrei

466 1519 872 1589 quodammodo
893 1529 1152 1585 terrores,
1175 1522 1353 1592 ut33
1370 1536 1466 1593 pro
1490 1523 1595 1577 alia
1620 1522 1800 1593 plaga,
1823 1523 2045 1592 quando

464 1610 603 1665 etin
636 1626 773 1681 quos
815 1611 1179 1667 Providentiae
1207 1614 1385 1667 visum
1425 1612 1608 1678 fuerit,
1651 1614 2044 1671 immittantur.

468 1700 676 1757 Horum
708 1703 876 1773 aliqui
926 1705 1119 1774 patriis
1147 1706 1370 1762 sedibus
1396 1707 1626 1772 relictis,
1678 1707 1879 1763 multas
1909 1720 2041 1779 pro-

466 1793 679 1848 vincias
706 1802 991 1850 vastarunt
1017 1796 1390 1867 plurimasque
1420 1808 1611 1870 gentes
1634 1798 1767 1870 iugo
1795 1800 2034 1854 servitu-

2151 610 2259 661 λων
2278 612 2372 662 καλ⁹
2406 608 2657 662 ἀπιστῶν
2686 607 2846 669 αὐτὸς
2874 607 3078 676 ἐαυτῷ.
3119 607 3232 677 Τὴν
3262 607 3360 676 μὲν
3396 607 3499 678 γάρ
3529 612 3737 678 κυρῐαν
3765 592 3774 601 ’

2152 700 2333 754 αὐτῶν
2375 698 2756 769 προσηγορίαν
2784 698 2942 751 αὐτοὶ¹
2969 698 3036 752 ἂν
3066 699 3209 752 κατά
3248 699 3346 771 τὴν
3375 700 3527 770 σφῶν
3548 701 3739 756 αὐτῶν

2148 794 2341 845 εἰδεῖεν
2385 792 2806 846 διάλεκτον.Ὀὶ
2859 791 2906 845 δ’
2945 792 3282 860 Ἑλληνικοῖς
3330 791 3591 862 ὀνόμασιν
3643 792 3740 848 ἐπ’

2147 884 2325 937 αὐτῶν
2362 882 2639 953 χρώμενοι
2707 882 2898 937 ἄλλοτε
2948 883 3148 947 ἄλλως,
3197 883 3273 947 ὼς
3328 884 3548 938 ἔκαστοι
3600 884 3737 954 βού-

2148 976 2347 1040 λοιντο,
2384 974 2610 1038 τούτους
2662 975 3217 1046 προσαγορεύουσιν,
3272 977 3462 1031 ὀπόσοι
3515 980 3739 1033 ἐκεῖθεν

2148 1064 2454 1136 χειμάρρου
2478 1063 2635 1132 δίκην
2664 1062 2718 1126 ἐς
2756 1063 2854 1131 τὴν
2884 1061 3007 1116 καθ’
3037 1062 3186 1131 ἡμᾶς
3215 1062 3547 1135 οἰκουμένην
3566 1064 3736 1135 ἐπιρ-

2149 1158 2367 1228 ρέοντις
2399 1198 2416 1223 ,
2466 1155 2656 1210 ἄλλοτε
2732 1153 2935 1217 ἄλλους
3003 1151 3440 1223 ἐπιλαμσάνουσι
3495 1154 3732 1231 τόπους,

2151 1250 2364 1320 Ὠσπερ
2398 1248 2506 1316 γάρ
2533 1248 2672 1300 εἰσιν
2719 1247 2948 1316 οὐράνια
2993 1244 3091 1314 μὲν
3115 1244 3353 1314 δείματα
3392 1245 3507 1317 (64)
3537 1245 3735 1297 θεόθεν

2145 1344 2262 1404 τοῖς
2312 1339 2626 1409 ἀνθρώποις
2666 1338 3025 1408 ἐπισειόμενα
3097 1336 3368 1401 πολλάκις
3397 1378 3413 1400 ,
3469 1337 3736 1407 κεραυνοὶ

2147 1433 2246 1487 καὶ
2307 1434 2625 1504 πρηστῆρες
2693 1432 2788 1484 καὶ
2846 1430 3021 1485 ὑετῶν
3075 1429 3322 1500 πλῆθος,
3373 1430 3601 1496 ἐπίγεια
3649 1429 3733 1494 δὲ,

2149 1525 2363 1594 σεισμοὶ
2405 1527 2498 1578 καὶ
2537 1523 2795 1593 ῥήγματα
2850 1522 2980 1591 γῆς,
3015 1522 3179 1592 άέρια
3208 1521 3290 1586 δέ,
3342 1519 3597 1589 τυφῶνες
3637 1523 3738 1576 καὶ

2142 1614 2444 1677 λαίλαπεςο
2482 1611 2629 1667 οὕτω
2682 1614 2778 1666 και⁵
2836 1606 2985 1665 οὗτοι
3043 1596 3405 1681 ταμιεύονται
3456 1612 3537 1681 τῷ
3587 1611 3735 1680 Θεῷ,

2146 1707 2387 1778 άρκτικά
2432 1722 2580 1771 τινα,
2618 1704 2696 1769 ὡς
2730 1705 2930 1769 εἰπεῖν,
2962 1705 3058 1757 καὶ
3096 1704 3439 1774 ὑπερδόρεια
3471 1704 3735 1772 δείματα,

2146 1797 2278 1852 ὥστ’
2317 1798 2435 1851 ἀνθ’
2470 1798 2665 1868 ἐτέρας
2707 1795 2976 1866 μάστιγος
3012 1795 3335 1849 στέλλεσθαι
3371 1793 3500 1848 καθ’
3542 1789 3623 1847 ὢν
3669 1794 3744 1847 ἂν·

466 1883 537 1938 tis
573 1883 974 1940 subdiderunt:
1023 1902 1133 1941 non
1162 1901 1321 1942 secus
1348 1903 1415 1943 ac
1445 1890 1623 1959 magni
1672 1889 1840 1945 maris
1892 1890 2043 1948 sinus

2148 1892 2243 1944 καὶ
2273 1889 2437 1944 ὁπότε
2489 1889 2523 1958 ἡ
2575 1888 2810 1959 Πρόνοια
2843 1886 3107 1958 βούλοιτο.
3151 1884 3372 1939 Τούτων
3411 1884 3561 1947 τινὲς
3596 1883 3733 1937 πολ-

467 1991 570 2047 per
594 1974 826 2032 declivia
857 1977 1083 2043 en‘usus,
1129 1979 1314 2034 omnia
1358 1994 1459 2036 suo
1486 1983 1671 2037 cursui
1701 1982 1860 2039 obvia
1883 1984 2049 2039 inun-

468 2068 627 2124 daret
651 2084 716 2125 ae
744 2079 1138 2139 prosterneret.

2146 1983 2305 2046 λάκις
2335 1983 2550 2036 ἐκεῖθεν
2582 1979 3063 2043 ἀποσπασθέντες,
3112 1976 3351 2041 πολλοὺς
3385 1975 3736 2051 ἐλυμήναντο

2142 2075 2375 2147 χώρους,
2433 2075 2530 2129 καὶ
2583 2074 2864 2136 πλείστοις
2917 2070 3098 2147 ἔθνεσι
3148 2070 3316 2138 ζυγδν
3342 2067 3599 2132 δουλείας
3632 2071 3734 2119 ἐπ-

465 2162 725 2233 ήνεγκαν·
765 2162 958 2234 ὥσπερ
1001 2163 1068 2218 ἂν
1106 2167 1156 2218 εί
1221 2167 1463 2237 μεγάλου
1534 2165 1809 2236 πελάγους
1844 2167 2099 2240 ἀποτομὴ
2140 2144 2369 2249 iubetet;
2421 2167 2568 2224 κατὰ
2601 2168 2846 2240 πρανοῦς
2895 2144 3058 2221 πάντ’
3094 2163 3382 2229 ἐπικλύςοι
3423 2163 3520 2216 καὶ
3554 2178 3738 2233 παρα-

468 2256 623 2328 σύροι
653 2258 871 2320 ὁπόσοις
897 2258 962 2315 ἂν
988 2262 1303 2333 ιπιδράμοι.

538 2345 629 2401 ιν.
653 2347 921 2404 ϐαιιρτυιῐι
940 2366 1065 2406 cum
1088 2352 1215 2407 inde
1235 2352 1368 2407 nudi
1393 2361 1556 2422 atque
1579 2352 1767 2422 inopes
1781 2352 2040 2418 exierint,

469 2447 672 2493 mutata
698 2441 872 2496 victus
905 2442 1119 2497 ratione
1140 2458 1322 2499 mores
1337 2458 1528 2498 eorum
1557 2444 1860 2508 imitantur,
1894 2442 2039 2513 apud

465 2547 604 2601 quos
634 2533 1004 2589 consederint.
1029 2534 1498 2601 Quemadmodum
1525 2548 1709 2590 tamen
1734 2552 1766 2591 e
1789 2534 2041 2590 maximis

469 2624 752 2680 montibus
802 2626 1213 2696 prornmpentia
1250 2626 1496 2694 ﬂumina,
1554 2638 1608 2684 et
1660 2628 1717 2683 in
1755 2642 1905 2684 mare
1953 2629 2043 2682 in-

468 2711 711 2778 ﬂuentia,
743 2716 1036 2785 potabilem
1072 2732 1227 2773 suam
1255 2733 1452 2788 aquam
1486 2734 1596 2773 non
1629 2718 1685 2772 in
1720 2721 1833 2789 ipsa
1858 2719 2040 2773 statim

466 2819 639 2860 arena
686 2806 881 2861 littoris
929 2806 985 2860 in
1024 2808 1353 2879 salsuginem
1388 2819 1738 2873 convertunt,
1780 2812 1873 2866 sed
1906 2824 2041 2880 pura

466 2906 524 2953 et
554 2897 718 2952 maris
746 2898 988 2981 expertia
1037 2900 1196 2972 longe
1228 2899 1526 2970 proﬂuunt,
1580 2903 1780 2958 deinde
1819 2903 2041 2957 socian-

469 2998 581 3055 tur,
635 3000 692 3045 et
731 2992 799 3046 ab
828 2992 985 3062 aquis
1017 2992 1419 3062 c0piosioribus
1449 2994 1594 3049 vinci
1623 3010 1682 3049 se
1711 2995 1994 3066 patiuntur
2024 3036 2040 3062 ,

467 3082 551 3136 sic
579 3083 612 3136 ii
650 3083 745 3154 qui
776 3085 1022 3154 proxime
1060 3096 1303 3140 veterem
1345 3084 1646 3158 Scythiam,
1679 3104 1745 3143 ex
1775 3102 1881 3161 qua
1928 3087 2043 3158 pri-

468 3189 620 3227 mum
653 3174 856 3244 egressi
886 3183 1063 3241 erant,
1096 3178 1480 3245 consederunt,
1515 3195 1718 3235 nomen
1751 3178 2041 3250 pristinum

468 3264 744 3335 integrum
777 3275 1019 3322 servant.
1053 3267 1186 3323 Nam
1213 3279 1267 3325 et
1295 3271 1401 3340 ipsi
1429 3270 1643 3343 Scythae
1673 3272 2039 3341 appellantur,

468 3363 527 3410 et
557 3365 701 3410 terra
731 3371 850 3426 qua:
869 3372 964 3413 eos
982 3359 1078 3414 alit
1106 3359 1325 3431 Scythia
1358 3361 1576 3419 dicitur.
1610 3361 1884 3431 Ejusmodi
1913 3372 2041 3415 sunt

468 3447 505 3503 ii
545 3449 637 3518 qui
696 3450 835 3505 ultra
872 3450 1131 3509 Tanaidis
1166 3452 1365 3517 rentes,
1401 3463 1456 3509 et
1487 3454 1553 3509 ad
1601 3457 1775 3518 ipsum
1814 3453 2039 3509 Tanaim

469 3540 596 3594 olim
619 3541 969 3609 habitarunt;
996 3554 1183 3612 postea
1204 3560 1272 3616 eo
1295 3544 1520 3599 ﬂumine
1542 3547 1772 3614 trajectu
1792 3546 1844 3599 in
1865 3545 2044 3599 Euro-

471 3647 595 3700 pam
629 3631 809 3699 effusi,
842 3633 1105 3691 Mteotidis
1132 3639 1380 3692 maximae
1407 3637 1620 3705 paludis
1647 3637 1814 3692 latera
1843 3637 1908 3692 ad
1943 3654 2042 3693 oc-

470 3737 657 3775 casum
693 3725 991 3793 spectantia
1024 3737 1379 3796 oceuparunt.
1467 3708 1475 3715 ’

2212 2351 2286 2411 Δ⁹.
2337 2351 2481 2407 Ἀλλ’
2516 2352 2730 2406 ἐκεῖθεν
2791 2348 2891 2421 μέν
2931 2345 3212 2419 γυμνῆταί
3247 2363 3307 2400 τε
3360 2345 3459 2400 καὶ
3493 2344 3730 2400 άσκευοι

2142 2449 2407 2515 ἐξιόντες.
2438 2442 2560 2499 εἶτα
2603 2443 2900 2514 ἀμείϐουσι
2938 2443 3039 2510 τὴν
3083 2441 3322 2503 δίαιταν,
3364 2438 3733 2510 μεταλαμϐά-

2140 2554 2329 2599 νοντες
2371 2536 2472 2606 τὴν
2520 2536 2630 2587 τῶν
2680 2533 2862 2586 τόπων
2910 2531 3162 2593 ἐκείνων,
3225 2531 3285 2581 ἐν
3318 2522 3403 2591 οἷς
3447 2527 3733 2597 ἱδρύουσιν

2142 2622 2394 2686 ἑαυτούς.
2430 2623 2644 2691 Ὠσπερ
2684 2637 2747 2689 γε
2783 2621 2893 2689 μὴν
2933 2619 2983 2673 οἱ
3032 2617 3091 2685 ἐξ
3124 2618 3268 2686 ὀρῶν
3302 2618 3411 2670 τῶν
3454 2616 3732 2686 μεγίστοιν

2148 2713 2629 2787 ἀναρρηγνύμενοι
2664 2712 2917 2782 ποταμοὶ,
2952 2712 3049 2764 καὶ
3105 2710 3167 2762 τὸ
3222 2710 3442 2780 ῥεῐυρον
3498 2708 3582 2771 εἰς
3635 2706 3731 2776 τὴν

2150 2808 2426 2863 θάλασσαν
2465 2804 2864 2867 ἀποπτύοντες,
2896 2805 3000 2856 οὐκ
3025 2801 3192 2865 εὐθὺς
3224 2800 3378 2872 παρὰ
3406 2801 3507 2871 τὴν
3543 2802 3730 2869 αἰγια-

2149 2903 2325 2955 λίτιδα
2356 2901 2586 2973 ψάμμον
2633 2904 2691 2965 ἐς
2732 2899 2913 2971 ἅλμην
2959 2900 3021 2953 τὸ
3078 2899 3314 2969 πότιμον
3359 2898 3546 2951 αὐτῶν
3580 2894 3730 2962 ἐξαλ-

2149 2994 2461 3060 λάττουσιν,
2493 2993 2633 3048 ἀλλὰ
2660 2993 2824 3063 μέχρι
2859 2992 3056 3047 πολλοῦ
3077 2994 3175 3062 τῆς
3206 2992 3476 3060 Θαλάττης
3512 2991 3606 3063 [Ρ.
3638 2987 3726 3061 l9]

2150 3089 2457 3157 είσρέοντες
2482 3087 2859 3156 ἀκοινώνητοι,
2886 3086 3075 3139 ἔπειτα
3113 3087 3459 3153 ἐσπείσαντο,
3494 3087 3598 3139 καὶ
3629 3083 3718 3137 τοῦ

2150 3176 2387 3245 κράτους
2430 3179 2542 3239 τοῖς
2575 3175 2997 3246 πλουσιωτέροις
3053 3176 3459 3246 -παρεχιῖλρησαν
3508 3172 3724 3226 ὖδασινο

2149 3266 2292 3318 οὕτω
2321 3266 2413 3319 καὶ
2449 3263 2656 3320 τούτων
2697 3268 2746 3319 οἱ
2771 3266 2871 3335 τὴν
2921 3266 3150 3334 ἔγγιστα
3182 3265 3280 3334 τῆς
3313 3266 3536 3335 πρώτης
3574 3266 3728 3330 οἰκή-

2151 3373 2349 3419 σαντες
2380 3356 2679 3425 Σκυοικῆς,
2705 3357 2798 3423 ἀφ’
2825 3351 2892 3429 ἧς
2946 3358 3008 3409 τὸ
3042 3357 3262 3426 πρῶτον
3293 3355 3603 3427 ἐρρύησαν,
3637 3338 3730 3420 τὴν

2148 3448 2427 3517 προτέραν
2473 3448 2848 3518 προσηγορίαν
2899 3447 3180 3517 ἐφύλαξαν
3240 3447 3322 3500 ἐτι
3393 3446 3679 3515 ἀκήρατον
3712 3482 3727 3504 ,

2146 3542 2304 3595 αὐτοί
2350 3558 2413 3610 γε
2447 3540 2847 3611 ὀνομαζόμενοι
2878 3541 3110 3604 Σκύθαι,
3143 3542 3241 3594 καὶ
3272 3541 3305 3609 ἡ
3347 3540 3573 3599 τούτους
3606 3541 3729 3607 τρέ-

2145 3650 2324 3703 φουσα
2373 3636 2449 3703 γῆ
2487 3632 2754 3703 Σκυθική.
2818 3625 2978 3686 Οὗτοι
3043 3633 3089 3687 δ’
3148 3632 3311 3711 είσὶν,
3353 3631 3472 3685 ὅσοι
3523 3648 3587 3683 τε
3634 3629 3729 3697 τὴν

2143 3726 2286 3795 ὑπὲρ
2325 3724 2420 3788 τὰς
2451 3724 2634 3795 πηγάς
2683 3722 2779 3776 τοῦ
2834 3724 3097 3787 Τανάϊδος
3158 3723 3384 3794 ᾤκησαν
3430 3723 3555 3788 γῆν,
3627 3720 3725 3774 xli.

469 3813 587 3866 ὅσοι
617 3814 708 3867 τὸν
738 3815 962 3869 Τάναῖνο
1006 3816 1198 3870 ἔπειτα
1231 3817 1535 3880 διαϐάντες
1569 3819 1800 3880 ἐκεῖθεν,
1851 3819 2183 3891 ἐξεχύθησαν
2225 3818 2280 3881 ἐς
2350 3816 2643 3888 Εὐρώπην,
2680 3816 2750 3886 τά
2814 3818 2872 3881 ἐς
2939 3817 3174 3886 ζέφυρον
3221 3817 3426 3887 ἄνεμον
3459 3814 3729 3886 βλέποντι

470 3910 686 3977 πλευρά
714 3909 815 3976 τῆς
861 3911 1126 3981 μεγίστης
1174 3912 1482 3975 Μαιώτιδος
1525 3912 1963 3983 διανεμηθέντες.

544 4002 603 4056 ν.
628 4002 756 4058 Post
785 4006 956 4061 multa
977 4004 1177 4061 deinde
1208 4006 1407 4060 saecula
1435 4006 1529 4060 alii
1557 4022 1587 4061 e
1619 4007 1791 4078 prima
1821 4005 2045 4078 Scythia

470 4092 635 4147 veluti
672 4109 739 4148 ex
772 4110 966 4165 magno
996 4094 1149 4150 fonte
1182 4106 1555 4166 erumpentes,
1600 4098 1654 4152 in
1686 4100 1823 4153 duas
1864 4107 2045 4167 partes

469 4193 599 4239 sunt
631 4184 827 4241 divisi:
852 4203 1081 4256 quarum
1114 4204 1240 4249 una,
1273 4186 1539 4243 Sarmatis
1568 4189 1786 4246 Asianis
1812 4187 2044 4250 eversis,

467 4275 538 4330 ad
589 4274 847 4345 Caepium
902 4291 1069 4346 usque
1110 4292 1260 4331 mare
1292 4277 1569 4331 excurrit:
1605 4278 1700 4346 qui
1740 4277 1900 4347 patrii
1943 4290 2043 4328 no-

469 4366 633 4421 minis
660 4368 823 4422 etiam
847 4367 1022 4431 obliti,
1056 4367 1417 4431 Sauromatae,
1444 4368 1775 4438 Massagetm,
1801 4366 1911 4438 34
1933 4368 2045 4421 Me-

470 4457 752 4513 laneblaaui
777 4467 832 4513 et
860 4459 1162 4513 Amazones
1193 4460 1560 4511 vocabantur:
1595 4468 1651 4510 et
1676 4471 1797 4523 quae
1819 4455 2045 4526 singula:

468 4546 536 4600 ab
565 4547 647 4602 eis
694 4547 913 4602 domita:
940 4557 1130 4619 gentes
1166 4548 1388 4601 nomina
1421 4546 1627 4601 sortitae
1663 4545 1909 4608 fuerant,
1942 4562 2042 4600 ea-

467 4630 591 4694 dem
625 4647 681 4694 et
707 4639 810 4708 ipsi
841 4647 1279 4707 assumpserunt,
1305 4652 1407 4692 suo
1434 4639 1559 4691 vitae
1585 4651 1785 4707 genere
1815 4638 1882 4690 ad
1916 4637 2043 4691 illa-

470 4746 590 4785 rum
623 4747 800 4785 mores
834 4731 1116 4793 translato,
1145 4730 1297 4799 quasi
1333 4731 1505 4784 tinctu
1532 4729 1768 4799 quodam
1802 4730 2040 4799 profun-

2230 3998 2308 4059 E'.
2342 3999 2497 4055 Μετὰ
2526 4000 2583 4054 δέ
2625 4000 2846 4071 μακράν
2876 4001 3105 4072 μακρῶν
3136 4000 3296 4064 αὖθις
3323 4003 3593 4055 ἐνιαυτῶν
3636 4020 3726 4053 πε-

2149 4094 2324 4167 ρίοδον
2373 4094 2575 4161 ἕτεροι,
2634 4091 2890 4162 καθάπερ
2959 4094 3024 4146 ἐκ
3075 4094 3326 4163 μεγάλης
3387 4099 3576 4165 πηγῆς
3632 4097 3727 4163 τῆς

2147 4186 2373 4256 πρώτης
2402 4183 2810 4255 ἀπορραγέντες
2861 4184 3157 4251 Σκυθικῆς.
3206 4187 3264 4245 ἐς
3297 4186 3392 4238 δύο
3445 4186 3725 4256 σχίζονται

2150 4276 2370 4345 μοίρας⁹
2399 4275 2492 4329 καὶ
2524 4277 2556 4340 ἠ
2599 4275 2720 4343 μὲν,
2753 4277 2879 4340 τοὺς
2908 4275 3046 4344 πρὸς
3074 4278 3140 4347 τῇ
3181 4276 3337 4345 Ἀσία
3369 4273 3726 4346 Σαυρομάτας

2146 4367 2574 4438 καταστρέψασα
2595 4406 2611 4432 ,
2637 4367 2847 4436 ἔδραμε
2886 4368 3049 4438 μέχρι
3081 4370 3179 4423 καὶ
3216 4370 3274 4433 ἐς
3317 4369 3601 4423 Θάλασσαν
3633 4368 3725 4435 τὴν

2124 4460 2423 4525 Κασπίαν,
2472 4459 2523 4512 οἳ
2552 4461 2649 4513 καὶ
2669 4461 2769 4528 τὴν
2796 4462 3024 4529 πάτριον
3054 4462 3154 4532 ἥδη
3196 4461 3560 4529 ἐκλαθόμενοι
3588 4462 3720 4528 κλῆ-

2147 4567 2231 4602 σιν
2279 4551 2629 4620 Σαυρομάται
2699 4552 2795 4604 καὶ
2861 4553 3221 4620 Μασσαγέτιι
3279 4553 3577 4606 ἐκαλοῦντο
3634 4553 3717 4605 κ.)

2145 4641 2543 4711 Μελάγχλαινοι
2580 4647 2676 4696 καὶ
2716 4643 3036 4713 Ἀμαζόνες·
3080 4649 3176 4700 καὶ
3212 4646 3314 4699 ὅσα
3356 4647 3411 4699 αἱ
3440 4646 3725 4705 δουὶωἹεῑ-

2146 4746 2237 4781 σαι
2269 4729 2434 4797 φυλαὶ
2461 4733 2598 4783 κατὰ
2631 4731 2898 4799 διαίρεσιν
2920 4728 3067 4800 εἶχον
3096 4735 3358 4811 ὀνόματα,
3386 4736 3605 4809 πάντων
3634 4731 3722 4785 καὶ

468 4824 539 4878 do
569 4823 917 4878 etiudelebili
948 4838 1259 4893 expressos.
1282 4822 1451 4876 Alteri
1479 4838 1605 4876 vero
1643 4837 1831 4877 versus
1865 4823 2043 4877 Euro-

2148 4815 2294 4876 οὗτοι
2320 4825 2756 4894 κεκοινωνήκασι
2787 4824 3020 4888 τούτοις,
3061 4825 3151 4879 διὰ
3185 4827 3286 4897 τὴν
3314 4829 3373 4888 ἐς
3404 4828 3474 4878 τὰ
3498 4828 3722 4879 ἐκείνων

470 4922 593 4985 pam
625 4915 871 4986 proiecti,
927 4926 983 4970 et
1026 4930 1246 4968 omnem
1296 4914 1500 4983 Oceani
1551 4930 1703 4970 oram
1737 4915 2039 4986 pervagati,

470 5009 838 5062 Sarmatarum
887 5015 943 5060 et
992 5005 1387 5062 Germanorum
1424 5007 1644 5061 nomina
1697 5008 1798 5062 sibi
1856 5008 2041 5061 vindi-

470 5108 688 5155 cmnnt.
743 5099 984 5168 Denique
1031 5100 1092 5153 in
1124 5096 1349 5154 Galliam
1406 5115 1625 5169 quoque
1675 5099 2043 5170 impressione

474 5192 637 5255 lat-ta,
686 5206 859 5260 eaque
891 5192 1139 5257 subacta,
1172 5191 1336 5246 Cella:
1364 5202 1418 5248 et
1447 5191 1653 5247 Galatae
1693 5202 1823 5247 sunt
1852 5191 2042 5261 appel-

475 5281 607 5334 lati:
655 5289 715 5334 ut
746 5279 998 5336 Cimbros
1030 5290 1087 5335 et
1130 5278 1405 5336 Teutones
1450 5290 1678 5344 taceam,
1729 5281 2045 5349 quintulto

442 5384 599 5444 ‘pust
631 5373 862 5444 Alpibus
907 5374 1176 5443 superatis
1209 5390 1334 5428 eum
1378 5374 1767 5429 innumerabili
1801 5373 2047 5428 multitu-

470 5464 623 5530 dine,
680 5465 943 5521 uxoribus
970 5475 1025 5521 et
1078 5465 1265 5521 liberis
1298 5466 1463 5521 etiam
1514 5466 1785 5532 adductis,
1840 5465 2048 5518 Italiam

477 5558 730 5628 ingrcssi,
756 5558 845 5613 vix
871 5557 947 5613 illi
970 5558 1211 5628 quidem,
1243 5558 1338 5613 sed
1372 5570 1552 5614 tamen
1577 5557 1701 5614 cat-si
1729 5566 1908 5613 sunta
1941 5558 2051 5611 lto-

2148 4914 2254 4985 ήΟη
2285 4915 2603 4969 δευσοποιὸν
2658 4933 2717 4968 τε
2757 4917 2850 4969 καὶ
2888 4918 3258 4971 ἁναπόνιπτον
3291 4919 3722 4988 μεταδιαίτησινο

2148 5008 2212 5058 Οἱ
2242 5007 2289 5059 δ’
2332 5010 2388 5070 ἐς
2419 5009 2516 5075 τὴν
2542 5009 2812 5079 Εὐρώπην
2845 5010 3262 5073 άποκλίναντες,
3290 5012 3388 5079 τὴν
3432 5010 3725 5077 παρωκεά-

2148 5117 2290 5153 νειον
2318 5103 2500 5154 πᾶσαν
2539 5101 2984 5171 καταδραμόντες
3026 5103 3285 5173 ἣπειρον,
3319 5102 3377 5166 ες
3407 5120 3470 5156 τε
3503 5103 3724 5173 Σαρμά-

2145 5208 2246 5250 τας
2294 5193 2386 5244 καὶ
2417 5191 2731 5262 Γερμανοὺς
2770 5195 2837 5246 τὰ
2867 5193 3111 5264 ὀνόματα
3144 5195 3391 5265 ἧμειᾷαν
3419 5196 3513 5248 καὶ
3548 5190 3717 5247 αὐτοί.

2150 5280 2345 5353 Χρόνῳ
2380 5282 2437 5335 δὲ
2466 5282 2694 5353 ὕστερον
2723 5285 2816 5337 καὶ
2862 5285 2918 5348 ἐς
2968 5285 3067 5357 τὴν
3097 5287 3369 5357 Κελτικὴν
3398 5288 3723 5357 ἐμϐαλόντες

2152 5374 2245 5425 καὶ
2282 5372 2485 5442 ταύτην
2526 5375 2966 5444 οἰκειωσάμενοι,
3006 5374 3203 5430 Κελτοί
3239 5394 3297 5430 τε
3347 5378 3449 5448 ήδη
3501 5380 3593 5430 aui.
3624 5375 3724 5428 Γα-

2153 5464 2316 5517 λάται
2357 5465 2690 5537 ἐκλήθησαν.
2741 5467 2845 5521 Ἐὦ
2874 5467 3058 5538 λέγειν
3102 5470 3230 5534 τοὺς
3260 5471 3358 5541 ὀψὲ
3400 5470 3495 5524 τοῦ
3530 5471 3722 5541 χρόνον

2151 5558 2251 5617 τάς
2284 5556 2529 5625 ⁵’Ἄλπεις
2570 5557 2979 5630 ὑπερὸαλόντας
3026 5560 3121 5616 καὶ
3169 5542 3314 5617 κατα
3343 5560 3446 5632 τῆς
3495 5559 3724 5620 Ἰταλίας

1818 5690 2163 5751 Variorum
2202 5696 2387 5753 noue.

553 5812 663 5888 (64)
690 5813 827 5874 Vide
852 5826 1035 5875 notata
1061 5819 1129 5876 ad
1154 5819 1461 5877 (Shronicon
1487 5816 1745 5876 Paschale
1769 5834 1890 5891 pag.
1917 5818 2022 5873 5H)
2060 5816 2121 5873 Β.
2152 5818 2385 5876 Ουοιιδε.
