3990 6468
241 396 323 467 ιω
495 390 568 466 [Α.
605 407 652 446 c.
698 388 837 446 me
877 407 942 444 AD
985 388 1144 462 testi

1289 392 1734 456 ΒῩΖΛΝΊἹΝΑΞ
1777 396 2167 457 lllSTORl.‘E
2211 398 2354 462 LIB.
2404 398 2486 459 Il.

2617 389 2749 464 [mra
2796 406 2942 449 πολιν.
2986 393 3176 466 necas]

3362 394 3466 462 162

237 519 376 581 ἄλλας
403 516 811 586 διανειμάμενος
840 516 920 579 είς
951 515 1292 584 κατοίκησιν,
1367 515 1480 577 τοῖς
1529 513 1632 585 μὲν
1699 519 1843 569 κατά
1883 512 2112 585 Θρᾴκην
2173 512 2268 568 καλ
2325 513 2690 580 Μακεδονίαν,
2746 517 2861 580 τοῖς
2919 516 2964 568 δ’
3009 517 3068 570 ὲν
3111 515 3267 587 Ἀσίᾳ
3322 515 3465 569 κατὰ

235 609 511 679 Μαίανδρον
541 610 626 662 καὶ
651 609 914 679 Φρυγίαν.

291 703 324 756 Γ
324 709 354 759 ’.
398 701 536 755 Ἀλλ’
572 702 662 754 ἐπὶ
697 701 795 773 τὴν
823 702 898 755 ἔω
942 701 1103 757 πάλιν
1131 703 1282 774 ἡμᾶς
1323 701 1351 754 δ
1381 701 1540 770 λόγος
1589 699 1766 756 διαϐι-

1945 695 2038 752 lli.
2080 699 2281 754 Verum
2321 699 2432 766 jam
2466 698 2521 753 in
2568 697 2850 753 Orientem
2905 709 2987 754 est
3038 695 3465 765 transeundum,

233 795 390 857 δείξειν
417 793 715 862 ἐπείγεται,
749 795 844 848 καὶ
880 795 1005 858 τοὺς
1045 793 1467 866 ’Υπερδορείους
1523 795 1784 857 ἐκείνους

233 885 414 948 Σκύθας
443 885 579 952 (75),
610 886 661 940 οἶ
696 885 839 940 κατά
866 886 964 954 τῆς
1010 885 1200 948 Ἀσίας
1237 885 1395 954 δίκην
1421 885 1645 953 ἀκρίδος
1676 883 1773 954 βα-

236 978 359 1046 ρείας
387 978 640 1048 χτιθέντες
693 978 840 1048 μάλα
876 977 1119 1049 σφοδρῶς
1153 977 1351 1048 μικροῦ
1385 978 1570 1030 πᾶσαν
1611 993 1771 1029 συνε-

237 1071 446 1140 κύκησάν
487 1087 548 1123 τε
581 1072 674 1123 καὶ
709 1069 1095 1126 ἐδουλώσαντο.
1149 1067 1306 1126 Οὗτοι
1337 1070 1447 1142 γάρ
1483 1069 1669 1139 ἐπειδὴ
1705 1069 1774 1122 τά

239 1165 336 1229 περὶ
387 1161 485 1231 τὴν
546 1160 801 1214 Κασπίαν
847 1162 1009 1214 στενά
1068 1161 1346 1232 διέόησαν,
1404 1163 1547 1215 κατὰ
1599 1160 1772 1214 νῶτον

236 1253 430 1320 ᾶςέντες
475 1253 795 1320 Σογδιανούς
828 1271 885 1308 τε
922 1255 1017 1308 καὶ
1060 1255 1433 1324 Βακτριανοὺς
1487 1253 1583 1308 καὶ
1609 1250 1773 1320 Ὦξον

236 1345 308 1397 τὸν
338 1345 528 1413 Σόγδον
559 1346 674 1416 (76)
729 1347 992 1416 ποταμὸν,
1027 1347 1086 1399 ὃν
1118 1345 1351 1417 μεγάλαι
1389 1362 1449 1399 τε
1477 1347 1574 1399 καὶ
1619 1346 1774 1399 πλεῖ-

235 1455 332 1491 σται
377 1445 634 1509 τρέφουσι
693 1441 888 1510 πηγαὶ,
953 1438 1107 1512 παρά
1151 1439 1277 1502 τοὺς
1331 1439 1609 1510 πρόποδας
1665 1439 1776 1492 τῶν

235 1532 394 1600 πρόσω
441 1532 697 1602 μεγάλων
748 1533 889 1602 ὀρῶν
920 1531 1295 1603 διεχείμασαν,
1331 1532 1439 1586 τῶν
1469 1532 1649 1584 ἐκεῖσε
1677 1531 1776 1596 τῆς

235 1625 385 1694 χώρας
410 1625 630 1696 ἐκείνης
669 1625 892 1692 ἀγαθῶν
923 1623 1319 1690 ἀπολαύοντες,
1350 1623 1452 1677 ὅσα
1499 1622 1601 1692 τῆς
1635 1622 1779 1676 ἀνω-

234 1719 307 1769 θεν
334 1718 474 1779 λείας
503 1716 735 1773 ῶναντο.
773 1718 916 1788 Ὀρη
947 1718 1005 1771 δὲ
1050 1717 1223 1770 ταῦτά
1271 1717 1380 1770 είσι
1416 1716 1650 1770 πλεῖστα
1681 1715 1776 1769 καὶ

235 1810 455 1876 μέγιστα,
489 1806 526 1860 ἃ.
555 1808 735 1860 πάντα
781 1808 922 1862 κατά
951 1807 1241 1878 συνέχειαν
1263 1805 1509 1878 ἀλλήλων
1543 1805 1776 1876 ἐχόμενα

231 1901 394 1970 ὥσπερ
430 1899 484 1952 ἓν
518 1899 736 1954 ᾶπαντα
789 1900 1034 1970 γίνονται
1083 1900 1232 1971 ὅρος,
1277 1898 1494 1970 Ταῦρος
1547 1898 1777 1968 ὀνόματι

1875 799 1930 846 et
1962 790 2030 846 ad
2063 790 2184 846 illos
2214 789 2597 862 llyberboreos
2630 789 2864 862 Scythas
2901 793 3258 861 veniendum,
3290 796 3382 866 qui
3411 797 3470 852 in‘

1874 883 2059 938 Asiam
2092 883 2240 937 velut
2289 897 2482 953 magna
2524 881 2608 937 vis
2643 882 2986 939 locustarum
3033 886 3214 953 effusi,
3264 904 3472 958 prope-I

1876 976 2098 1030 modum
2133 977 2442 1031 universam
2485 977 2884 1031 conturbarunt
2938 985 2994 1032 et
3047 993 3468 1047 oppresserunt.

1877 1067 2012 1122 Nam
2059 1067 2278 1138 CaSpiis
2307 1069 2574 1139 angustiis
2606 1070 2905 1138 superatis,
2941 1069 3216 1143 Sogdiana
3258 1088 3286 1126 a
3319 1084 3471 1143 tergo

1881 1160 2088 1226 relicta,
2125 1170 2180 1215 ct
2228 1161 2540 1215 Bactrianis
2569 1169 2627 1215 et
2680 1159 2800 1216 Oxo
2849 1149 3317 1229 Sogdo'ﬂumine,
3376 1164 3472 1233 qui

1878 1254 2131 1322 plurimis
2163 1254 2343 1324 iisque
2373 1255 2586 1324 magnis
2636 1253 2884 1308 fontibus
2918 1260 3169 1320 augetur.
3208 1255 3273 1308 ad
3329 1255 3474 1308 radi-

1878 1360 1971 1401 ces
2028 1361 2354 1417 magnorum
2421 1346 2695 1400 montium
2753 1341 3470 1416 progressihibernarunt,

1879 1438 2131 1493 ubertate
2155 1439 2299 1494 illius
2321 1439 2557 1509 regionis
2581 1447 2638 1492 et
2659 1437 2838 1508 praeda
2862 1447 2992 1491 ante
3014 1447 3168 1506 parta
3201 1436 3471 1494 fruentes.

1879 1529 2098 1586 Montes
2130 1540 2312 1586 autem
2343 1531 2420 1586 illi
2453 1541 2506 1586 et
2544 1531 2769 1602 plurimi
2805 1540 2935 1586 sunt
2970 1539 3026 1586 et
3066 1530 3293 1586 maximi
3327 1547 3340 1583 :
3377 1531 3471 1598 qui

1879 1623 2027 1695 quod
2080 1639 2187 1678 una
2238 1622 2472 1692 quadam
2529 1623 2842 1677 continenti
2891 1622 3036 1677 serie
3083 1621 3380 1686 cobzerent,
3411 1620 3469 1675 in

1881 1729 2050 1769 unum
2082 1714 2246 1769 veluti
2281 1723 2521 1768 montem
2548 1715 2886 1780 conﬂantur,
2920 1717 3014 1784 qui
3047 1712 3276 1768 nomine
3314 1728 3471 1768 com.

1880 1807 2030 1860 muni
2085 1803 2302 1860 Taurus
2355 1805 2557 1869 dictus,
2615 1805 2800 1860 Asiam
2856 1805 3175 1860 universam
3227 1803 3479 1874 perfecte

1880 1900 2118 1956 mediam
2169 1898 2335 1970 cingit
2363 1913 2426 1954 ac
2461 1896 2676 1954 dividit.
2711 1897 2988 1968 Incipiunt
3027 1896 3104 1950 illi
3144 1896 3214 1950 ah
3244 1909 3465 1960 occasu,

233 1992 535 2062 καλούμενον
576 1991 806 2063 γενικῷ,
840 1985 885 2061 ᾧ
917 1992 1060 2048 κατὰ
1091 1994 1256 2062 μέσον
1301 1991 1544 2062 ἀκριϐῶς
1587 1989 1779 2054 διέζω-

1893 1991 2132 2061 proxime
2181 1987 2422 2061 Egaeum
2469 2004 2657 2054 mare;
2695 1988 2827 2044 inde
2878 2004 3011 2045 vero
3057 1987 3238 2043 exorsi
3303 1994 3476 2042 totam

237 2099 336 2135 σται
361 2085 501 2137 πᾶσα
548 2085 728 2139 Ἀσία.
773 2085 938 2157 Ἀρχὴ
972 2085 1071 2154 μὲν
1096 2085 1206 2155 γάρ
1233 2084 1414 2139 αὐτῶν
1445 2083 1582 2155 πρὸς
1613 2081 1780 2153 ζέφυ-

1893 2085 2065 2140 Asiam
2095 2085 2152 2138 in
2181 2083 2316 2138 duas
2349 2091 2532 2152 partes
2565 2089 2776 2146 secant,
2809 2081 2985 2137 donec
3005 2081 3074 2137 ad
3107 2080 3477 2137 Subsolanum

236 2192 310 2244 ρον
336 2175 523 2248 ἄνεμον
551 2177 627 2230 τά
663 2178 894 2248 ἔγγιστα
921 2179 1013 2233 τοῦ
1052 2178 1282 2248 Αἰγαίου
1308 2178 1580 2247 πελάγους
1611 2192 1631 2210 ο
1655 2175 1777 2246 σχί-

1893 2187 2110 2233 ventum
2136 2179 2289 2250 juxta
2316 2177 2428 2249 38
2463 2178 2642 2248 ipsum
2669 2176 2948 2232 Oceanum
2984 2178 3370 2232 terminentur.

234 2271 361 2334 ζουσι
384 2272 436 2323 δὲ
475 2272 692 2326 ἐκεῖθεν
725 2272 936 2338 ἐξιόντα
977 2275 1034 2338 ἐς
1069 2274 1336 2346 τμήματα
1381 2271 1476 2326 δύο
1503 2272 1605 2343 τὴν
1653 2270 1784 2342 δλην
1835 2269 2050 2341 Ἀσίαν,
2122 2273 2282 2343 άχρις
2313 2271 2380 2326 ἂν
2419 2273 2476 2336 ὲς
2545 2269 2868 2342 ἀπηλιώτην
2915 2271 3120 2341 ἄνεμον
3149 2268 3279 2340 παρ’
3310 2267 3476 2323 αὗτδν
3549 2331 3553 2334 λ

233 2364 569 2435 τελευτήσωσι
606 2365 700 2418 τδν
735 2364 1010 2422 Ὠκεανόν.

293 2459 356 2510 Δ’.
397 2458 556 2510 Ἀλλά
616 2457 728 2528 γὰρ
780 2455 914 2530 ἦρος
972 2460 1390 2532 ἐπιγενομένου,
1430 2461 1520 2514 ὅτε
1573 2461 1684 2515 πᾶν
1721 2459 1784 2513 τὸ

236 2549 494 2618 πρόσωπον
518 2551 626 2619 τῆς
655 2552 758 2621 γῆς
781 2552 880 2622 τὴν
907 2552 1070 2624 χλόην
1109 2554 1209 2625 τῆς
1233 2554 1369 2618 πόας
1409 2554 1676 2620 ἐνδύεται,
1713 2555 1781 2607 τά

240 2641 365 2712 παρὰ
387 2643 510 2705 τοὺς
541 2643 820 2713 πρόποδας
849 2644 958 2699 τῶν
981 2644 1124 2716 ὀρῶν
1161 2646 1426 2716 χειμάδια
1455 2645 1782 2701 καταλιπόν-

237 2750 310 2794 τες
335 2735 379 2786 oi
409 2735 654 2799 Σκύθαι,
678 2735 930 2808 καθάπερ
957 2737 1180 2791 αἰπόλια
1207 2738 1303 2792 καὶ
1335 2737 1613 2808 βουκόλια,
1637 2739 1783 2792 κατὰ

237 2825 410 2895 πλῆθος
434 2829 529 2891 τὰς
564 2831 812 2900 κορυφάς
839 2829 948 2882 τῶν
973 2828 1116 2902 ὀρῶν
1143 2830 1569 2903 ὑπερϐάλλουσι,
1598 2831 1784 2904 ρέουσί

237 2932 284 2967 τε
327 2919 458 2970 κατά
513 2919 629 2972 τῶν
664 2921 1041 2990 ὑποκειμένων
1095 2920 1267 2976 ἐθνῶν
1321 2925 1416 2976 καὶ
1465 2924 1672 2984 πάντας
1725 2925 1784 2976 ὲν

238 3004 353 3078 λόγῳ
378 3009 519 3072 λείας
557 3009 904 3080 ποιούμενοι,
947 3010 1034 3084 [Ρ.
1069 3011 1162 3086 22]
1199 3014 1544 3068 καταντῶσιν
1576 3018 1633 3081 ἐς
1679 3015 1782 3067 Ἰν-

238 3097 382 3169 δικην,
419 3102 592 3172 ὁπόση
633 3101 719 3169 ἐφ’
751 3103 986 3173 ἑκάτερα
1019 3107 1199 3158 κεῖται
1241 3104 1338 3158 τοῦ
1381 3106 1642 3176 μεγίστου
1669 3107 1779 3159 τῶν

242 3191 467 3256 ποταμῶν
531 3191 727 3247 Ἰνδοῦ.
772 3193 884 3246 Καὶ
929 3193 1104 3266 ταύτῃ
1143 3192 1308 3263 ζυγὸν
1348 3196 1631 3260 ἐπιθέντες
1663 3197 1783 3250 δου-

240 3278 380 3344 Ling,
410 3283 598 3337 οὐκέτι
640 3283 776 3354 πρὸς
807 3284 882 3337 ἕω
913 3285 1116 3355 ταύτης
1162 3286 1424 3341 ἐπέκεινα
1463 3286 1664 3342 ὥδευον
1693 3288 1782 3356 διὰ

1959 2455 2048 2511 lV.
2093 2453 2236 2510 Vere
2267 2454 2454 2527 igitur,
2480 2468 2604 2509 cum
2646 2452 2825 2508 omnis
2859 2463 3005 2507 terra
3041 2451 3310 2522 graminis
3343 2454 3477 2508 viri-

1885 2549 2059 2605 ditate
2087 2549 2342 2612 vestitur,
2375 2545 2587 2601 relictis
2613 2545 2680 2600 ad
2723 2545 2996 2598 montium
3035 2545 3252 2600 radices
3295 2545 3478 2602 hiber-

1885 2641 1994 2704 nis,
2054 2639 2270 2710 Scythaa
2321 2638 2473 2692 velut
2524 2637 2802 2691 haedorum
2851 2651 3046 2707 greges
3096 2638 3330 2692 boumve
3387 2655 3478 2693 ar-

1886 2741 2096 2798 menta,
2128 2731 2394 2787 montium
2427 2728 2716 2784 cacumina
2748 2737 3034 2798 superant,
3073 2739 3128 2784 et
3155 2730 3208 2783 in
3245 2731 3483 2800 populos

1886 2828 2166 2895 subjectos
2218 2825 2477 2889 irruunt;
2512 2839 2720 2892 eosque
2748 2837 2942 2876 omnes
2982 2822 3230 2893 praedati,
3281 2823 3336 2877 in
3383 2825 3475 2877 ln-

1887 2921 2030 2975 diam
2059 2928 2365 2989 penetrant,
2405 2926 2610 2988 quanta
2643 2917 2698 2971 in
2721 2926 3015 2986 utramque
3043 2917 3218 2986 ripam
3250 2898 3473 2970 maximi

1887 3013 2178 3067 ﬂuviorum
2211 3010 2327 3066 Indi
2360 3019 2527 3080 patet.
2567 3009 2685 3075 Qua
2714 3008 2817 3063 sub
2846 3008 3034 3080 iugum
3068 3008 3260 3070 missa,
3284 3021 3484 3062 versus

1890 3116 2073 3161 ortum
2127 3103 2264 3158 ultra
2322 3103 2575 3173 progredi
2629 3101 2982 3166 destiterunt,
3024 3101 3094 3153 ob
3124 3099 3485 3170 asperitatem

1887 3203 2167 3252 ct'zestum
2197 3193 2298 3250 loci
2335 3209 2350 3248 :
2385 3194 2480 3248 sed
2509 3193 2709 3247 itinere
2757 3190 2812 3244 in
2861 3191 3216 3246 Arachosiam
3250 3199 3304 3243 et
3347 3189 3480 3244 Car-

1892 3289 2126 3343 maniam
2159 3302 2449 3350 converso,
2477 3285 2731 3356 gentibus
2765 3284 2872 3338 illis
2922 3283 3081 3338 facile
3112 3282 3376 3346 subactis,
3411 3283 3487 3337 ad

240 3370 288 3421 τὸ
314 3373 467 3444 τραχύ
516 3390 585 3426 τε
615 3374 711 3426 καὶ
761 3373 1119 3444 καυματῶδες
1165 3373 1259 3427 τοῦ
1310 3375 1510 3428 τόπουο
1548 3375 1664 3430 ἀλλ’
1695 3375 1782 3427 ἐπ’

1893 3378 2172 3434 Chaldaeos
2220 3386 2274 3433 et
2320 3377 2536 3451 Arabes
2584 3384 2976 3447 pervenerunt.
3017 3374 3223 3430 Deinde
3272 3375 3339 3429 ad
3381 3375 3483 3426 Ba-

249 3464 565 3535 Ἀραχωσίαν
620 3485 677 3523 τε
725 3471 818 3522 καὶ
865 3469 1193 3539 Καρμανίαν
1237 3468 1336 3539 τὴν
1366 3471 1544 3540 ὁρμὴν
1591 3471 1783 3540 ἐποιή-

246 3571 374 3609 σαντο
392 3574 403 3587 ·
428 3561 519 3612 καὶ
561 3561 776 3612 πάντων
805 3561 1003 3632 ῥαδίως
1031 3561 1480 3630 ὑποκυπτόντων,
1513 3563 1604 3614 ἐπὶ
1636 3563 1782 3616 Χαλ-

244 3645 394 3711 δαίους
423 3651 689 3720 ἀφίκοντό
735 3669 794 3705 τε
827 3657 920 3706 καὶ
970 3655 1242 3727 Ἄραϐας.
1280 3656 1518 3708 Ἔπειτα
1573 3656 1630 3716 ἐς
1682 3655 1788 3706 Βα-

244 3738 505 3810 ϐυλωνίους
541 3746 639 3799 καὶ
689 3747 1012 3822 Ἀσσυρίους
1043 3749 1356 3818 διαϐάντες,
1395 3749 1492 3804 καὶ
1532 3751 1788 3805 Μεσοπο-

244 3837 414 3900 ταμίαν
465 3839 879 3907 κατειληφότες,
927 3840 1021 3910 καὶ
1068 3842 1192 3903 ταῖς
1219 3839 1314 3894 τοῦ
1355 3841 1524 3894 τόπου
1571 3841 1792 3912 χάρισιν

1891 3471 2142 3542 bylonios
2211 3481 2266 3526 ct
2335 3471 2590 3541 Assyrios
2669 3468 3038 3539 transgressi,
3105 3476 3493 3537 occupataqne‘

1897 3563 2306 3634 Mesopotamia,
2337 3563 2654 3617 amoenitate
2687 3553 2795 3617 loci
2824 3561 3003 3616 allecti
3047 3561 3241 3631 longos
3279 3560 3351 3613 ibi
3388 3573 3486 3614 er-

1894 3672 2048 3711 roies
2079 3655 2298 3718 liniunt,
2360 3655 2524 3708 tertio
2581 3669 2728 3708 anno
2762 3661 3049 3722 postquam
3081 3649 3341 3706 .laxarten
3378 3649 3489 3703 ﬂu-

1897 3753 2056 3824 vium,
2116 3751 2448 3819 trajecerant
2508 3761 2564 3804 et
2618 3765 2646 3802 a
2701 3748 3060 3819 pepularibus
3125 3746 3241 3802 suis
3307 3744 3492 3800 avulsi-

1898 3843 2083 3900 Asiam
2112 3841 2426 3897 inferiorem
2455 3841 2557 3896 sibi
2596 3839 2961 3896 viudicarant.
3273 3835 3280 3852 '

246 3927 564 3996 ὰρεσθέντες,
608 3933 726 3984 ἐκεῖ
767 3933 866 4004 τὴν
903 3935 1117 4005 μακρὰν
1166 3936 1502 3992 καταλύουσι
1552 3940 1784 4009 πλάνην,
1827 3937 1948 4004 ἔτος
2015 3958 2119 3993 που
2155 3941 2258 4011 ἠδη
2300 3938 2503 4009 ’τρίτον
2539 3939 2821 4001 ἀνύοντες,
2850 3939 2943 4008 ἀφ’
2973 3933 3033 3992 οὗ
3059 3939 3148 3992 τόν
3174 3955 3233 3990 τε
3277 3935 3497 4004 Ἰαξάρ·’

247 4036 327 4088 την
373 4024 844 4095 διεπεραιώθησαν
893 4029 1140 4098 ποταμὸν
1217 4032 1314 4084 καλ⁸
1386 4029 1494 4084 τῶν
1572 4031 1746 4086 ἄλλων
1796 4032 2092 4104 διέστησαν
2153 4031 2466 4102 ὁμοφύλων,
2518 4032 2616 4102 τῆς
2680 4031 2834 4084 κάτω
2900 4032 3090 4093 Ἀσίας
3148 4030 3493 4101 κληρούχους

249 4117 478 4182 τάξαντες
510 4119 762 4184 ἑαυτούς.

307 4212 373 4270 E'.
407 4217 620 4286 Ὠσπερ
647 4217 704 4270 δὲ
735 4217 846 4290 πῦρ
873 4221 927 4282 ές
955 4219 1088 4292 ὓλην
1130 4219 1356 4292 βαθεῖαν
1404 4222 1704 4294 ὲνσκῆψαν,
1730 4223 1792 4276 οὐ

254 4307 388 4374 μόνον
437 4304 500 4381 ἧς
528 4309 594 4363 τὸ
625 4310 842 4382 πρῶτον
875 4312 1158 4384 ἐδράξατο,
1209 4314 1417 4386 ταύτην
1468 4317 1793 4387 λυμαίνεται

253 4400 414 4469 μόνην,
445 4403 563 4455 ἀλλ’
619 4405 667 4456 εί
696 4405 861 4476 ὁμοία
909 4409 1006 4461 καὶ
1033 4407 1188 4480 πάσῃ
1223 4410 1292 4479 τῇ
1346 4407 1508 4480 πέριξ
1552 4409 1790 4481 ἐντύχοι,

250 4489 332 4561 ήδη
375 4495 462 4547 καὶ
491 4495 676 4548 πᾶσαν
722 4497 942 4566 ἐκείνην
992 4500 1166 4569 ῥᾷστα
1209 4501 1562 4555 ὲπιόόσκεται
1587 4518 1600 4532 ·
1649 4502 1793 4554 οὕτω

1970 4220 2035 4274 ν.
2081 4216 2186 4274 Sed
2226 4215 2702 4290 quemadmodum
2730 4215 2874 4286 ignis
2925 4215 2979 4269 in
3026 4216 3248 4270 densam
3287 4219 3494 4274 silvam"

1897 4314 2122 4377 delatus
2164 4329 2273 4367 non
2308 4328 2431 4367 eam
2466 4310 2668 4376 solum,
2703 4326 2863 4379 quam
2911 4311 3146 4382 primam
3196 4314 3482 4384 corripuit,

1897 4407 2195 4472 consumit,
2225 4405 2319 4476 sed
2351 4413 2407 4460 et
2435 4404 2845 4473 circnmjectam
2878 4418 3119 4470 omnem,
3158 4405 3204 4460 si
3245 4407 3294 4460 ei
3345 4409 3489 4477 pari-

1896 4511 1983 4558 ter
2018 4501 2175 4557 obvia
2202 4500 2390 4564 fuerit,
2423 4497 2682 4553 facillime
2713 4497 3026 4567 depascitur
3067 4517 3084 4558 :
3121 4498 3201 4554 sic
3232 4501 3338 4556 dux
3369 4503 3489 4556 Ηιυ-

251 4584 374 4692 καὶὸ
403 4588 504 4640 τῶν
568 4587 791 4642 Σκυθῶν
818 4589 1063 4660 ἀρχηγὸς
1109 4593 1342 4646 τουτωνὶ
1396 4596 1496 4666 τὴν
1521 4597 1622 4664 τῆς
1665 4595 1784 4664 ὅλης

1900 4611 2019 4650 rum
2051 4594 2399 4664 Scytharum,
2449 4593 2618 4647 totius
2651 4592 2792 4646 Asia.-
2826 4592 2890 4646 ad
2923 4608 3142 4646 omnem
3186 4594 3485 4652 humanam

259 4673 421 4740 ’Δςίις
447 4679 720 4750 ἐξαίρετον
765 4681 899 4752 πρὸς
933 4683 1148 4736 ἃπασαν
1181 4685 1528 4758 ἀνθρωπίνην
1559 4687 1797 4742 ἀπόλαυ-

255 4783 324 4819 σιν
357 4772 408 4835 ἐς
457 4776 673 4842 οἱκησιν
720 4773 986 4840 ἀπολέξας
1019 4776 1222 4847 ἑαυτῷ,
1261 4779 1361 4831 οὐκ
1407 4779 1656 4850 ἠρέμησε
1699 4779 1793 4833 τοῦ

253 4857 433 4927 λοιποῦ,
486 4866 613 4919 οὐδὲ
653 4867 764 4920 τῶν
797 4870 959 4940 πέριξ
1007 4870 1311 4940 άπέσχετο’
1349 4871 1485 4924 ἀλλὰ
1538 4873 1664 4935 τοὺς
1702 4873 1793 4925 ὑπ’

254 4957 377 5026 αὐτῷ
431 4961 716 5031 σατράπας
777 4961 873 5014 καὶ
929 4963 1251 5034 χιλιάρχους
1317 4963 1789 5034 διαπεμπόμενος.

256 5045 438 5116 Πέρσας
472 5054 573 5123 μὲν
604 5054 821 5125 πρῶτον
865 5057 955 5109 καὶ
992 5056 1244 5127 Πάρθους
1289 5057 1384 5110 καὶ
1421 5056 1638 5127 Μήδους
1687 5076 1790 5110 πα-

257 5144 512 5208 ρεστήσαο·
550 5144 740 5197 ἔπειτα
761 5145 848 5199 διὰ
877 5149 975 5216 τῆς
1009 5149 1255 5218 μεγάλης
1275 5147 1441 5203 ἀνιὼν
1475 5150 1791 5220 Ἀρμενίας,

257 5225 396 5294 ipse
422 5235 550 5303 πρὸς
576 5238 674 5307 μὲν
697 5237 900 5309 ἄρκτον
924 5239 1051 5310 ἄχρι
1079 5240 1335 5310 Κολχίδος
1362 5239 1458 5294 καὶ
1493 5240 1588 5310 τῆς
1613 5241 1793 5293 ἐκεῖσε

1899 4689 2347 4744 commoditatem
2407 4685 2869 4755 Opportunissima
2920 4686 3052 4741 sede
3112 4687 3214 4742 sibi
3255 4688 3488 4756 delecta,

1899 4789 2085 4851 postea
2127 4794 2236 4832 non
2268 4777 2502 4848 quievit,
2547 4793 2726 4847 neque
2758 4777 3003 4832 ﬁnitimis
3027 4778 3291 4834 abstinuit
3340 4800 3353 4837 :
3391 4785 3487 4840 sed

1899 4871 2133 4926 tribunis
2163 4871 2280 4925 suis
2303 4879 2358 4925 et
2389 4871 2626 4940 satrapis
2651 4868 2759 4923 alio
2785 4880 2947 4940 atque
2983 4871 3090 4925 alio
3120 4872 3325 4939 missis,
3359 4873 3488 4930 Per-

1898 4978 1987 5018 sas
2007 4965 2244 5034 primum
2277 4969 2332 5015 et
2353 4960 2586 5014 Parthos
2613 4969 2664 5014 cl
2695 4959 2882 5015 Medos
2899 4945 3098 5033 subigit
3123 4981 3137 5028 ;
3160 4963 3272 5034 39
3293 4965 3490 5022 deinde

1897 5071 1992 5126 per
2029 5052 2350 5108 Armeniam
2404 5051 2665 5121 majorem
2726 5052 3076 5108 ascendendo
3127 5071 3317 5110 versus
3365 5074 3492 5129 sep-

1905 5147 2234 5201 tentrionem
2267 5145 2332 5199 ad
2374 5144 2691 5199 Colchidem
2729 5154 2786 5199 et
2819 5144 3109 5202 ﬁnitimam
3147 5148 3220 5203 illi
3256 5148 3488 5206 lberiam

1903 5244 2169 5295 excurrit.
2206 5237 2453 5294 Habebat
2483 5253 2648 5308 porro
2681 5237 2736 5293 in
2769 5238 2975 5307 animo,
3005 5242 3363 5312 sequentibus
3393 5262 3490 5298 au-

1553 5398 1895 5461 Variorum
1941 5408 2128 5461 noue.

263 5537 642 5659 sDeLdmliJerunt,
672 5543 922 5602 meminit
945 5542 1386 5608 Cantacuzenus,
1408 5545 1502 5600 lib.
1526 5561 1568 5610 ι,
1592 5559 1715 5616 cap.
1735 5545 1790 5600 2.

317 5621 458 5659 ἐλκῦ.
638 5635 648 5643 ·

317 5621 458 5663 ιελκς.
638 5635 648 5643 ·

451 5684 564 5757 Quo
587 5685 849 5740 vocabulo
880 5681 1136 5757 Tdrtaros
1169 5685 1440 5757 Asiaticos
1476 5686 1683 5754 pariter
1716 5689 1798 5743 in-

271 5745 446 5827 telligit.
475 5745 568 5821 qui
592 5759 682 5810 dui
703 5757 826 5808 ibus
861 5745 1266 5824 Cbingisehanﬁ
1302 5754 1434 5814 ﬁliis
1464 5745 1650 5814 Asiam
1681 5760 1798 5814 fere

271 5828 532 5877 universam
591 5837 961 5896 pervaserant,
1009 5841 1134 5880 cum
1216 5827 1309 5895 qui
1365 5843 1556 5885 versus
1618 5831 1802 5885 Danu-

1899 5547 2048 5669 iﬁium
2077 5545 2399 5601 habitabant
2446 5545 2742 5620 Europaeos
2793 5559 2971 5616 vocat,
3013 5549 3106 5606 lib.
3147 5561 3222 5612 iv,
3279 5562 3402 5619 cap.
3433 5550 3487 5606 7.

1951 5633 2136 5669 UCANG.

1951 5633 2136 5672 ucasc.

1977 5683 2099 5760 (7b)
2125 5689 2196 5764 De
2229 5687 2344 5764 Oxo
2375 5689 2542 5745 ﬂuvio
2574 5691 2781 5762 egimus
2805 5687 2889 5754 ,πεί
2922 5691 3012 5744 lib.
3051 5707 3065 5744 I
3117 5689 3396 5764 Brjennii,
3429 5701 3490 5749 n.‘

1907 5762 1961 5824 '7,
1996 5777 2047 5829 p.
2077 5761 2203 5816 illi.
2231 5763 2461 5815 Ilscsac.
