3990 6490
524 384 630 449 163
810 378 887 453 [Α.
931 394 990 436 ιι.
1033 377 1175 434 6750
1212 393 1282 433 AD
1321 376 1490 451 6765]
1778 379 2100 455 NlCEi’HC

2238 380 2287 441 Θ
2300 380 2626 441 ἶὶΕΟΟΗΙΕ
2924 377 3061 451 [ιιιέδ.
3105 395 3256 436 ιοιιΝ.
3300 378 3481 451 Ducas]
3668 382 3758 449 1M

529 497 618 571 niis
646 495 969 555 interiorem
1003 510 1222 565 quoque
1248 494 1428 549 Asiam
1478 493 1764 566 pervagari
1798 503 1854 548 et
1895 493 2100 565 imperii

2229 494 2336 561 ’16η
2345 496 2468 564 ρίας
2498 511 2512 525 ⁸
2544 494 2739 563 ἔμελλε
2770 494 2827 549 δὲ
2857 497 2958 566 ήδη
2982 497 3043 560 ἐς
3071 499 3199 559 τοὶς
3227 496 3476 559 ἐπιόντας
3506 498 3759 561 ἐνιαυτοὺς

519 587 605 642 sui
659 586 857 642 limites
915 587 1103 644 arenis
1156 586 1428 649 littorum,
1484 602 1591 656 qua
1645 600 1796 640 mare
1849 595 1904 639 et
1962 598 2100 639 terra

2216 589 2311 640 καὶ
2335 586 2427 639 διὰ
2468 587 2569 656 τῆς
2599 587 2884 658 ἐνδοτέρας
2932 589 3123 642 ἐλάσαι
3169 588 3353 650 Ἀσίας
3382 589 3475 640 καὶ
3501 589 3651 658 ὂρ-ιυς
3674 590 3762 659 τῆς

518 687 738 740 coeunt,
772 679 1069 733 terminare
1114 695 1128 731 :
1161 693 1338 748 neque
1372 677 1518 733 enim
1557 676 1839 732 ferendum
1872 691 2014 738 esse,
2050 683 2100 729 ul

2213 680 2424 742 οἰκείας
2454 680 2629 750 ἀρχῆς
2660 679 3001 750 ποιήσασθαι
3030 681 3128 746 τὰς
3177 681 3470 748 παραλίους
3496 680 3760 747 ψάμμους,

520 771 630 824 ulla
659 784 794 839 gens
816 771 936 840 ejus
964 771 1158 826 ditioni
1194 787 1302 826 non
1350 771 1625 833 subesset,
1660 785 1782 840 qua:
1806 784 1904 839 pcr
1935 779 2104 822 totam

518 860 659 915 Asiae
693 861 1063 917 continentem
1094 863 1160 916 ad
1195 862 1410 916 marina
1452 876 1627 931 usque
1669 861 1960 915 habitaret.
1994 841 2126 915 Sed.

518 959 632 1005 tum
660 952 843 1021 quiete
876 952 952 1007 ibi
1004 953 1293 1008 considere
1344 953 1727 1016 decreverunt,
1776 952 2096 1022 provinciis,

520 1042 773 1107 urbibus,
809 1043 1267 1113 habitationibus,
1299 1043 1642 1112 aliarumque
1672 1059 1854 1097 rerum
1880 1058 2102 1113 pOsses-

521 1132 771 1187 sionibus
824 1132 1151 1203 prmdiisque
1208 1133 1525 1203 voluptariis
1584 1143 1641 1188 et
1711 1134 2103 1189 amantissimis

2210 774 2346 825 ὅπου
2382 771 2629 828 θάλασσά
2654 789 2712 825 τε
2741 773 2836 824 καὶ
2870 773 3097 844 ήπειρος
3131 771 3448 825 σπένδονται
3467 786 3483 803 ο
3513 770 3641 838 μηδὲ
3663 772 3762 840 γὰρ

2211 857 2356 914 εἶναι
2389 863 2499 913 τῶν
2544 859 2810 923 ἀνεκτῶν,
2851 859 2958 924 ἔξω
2992 876 3048 941 τι
3087 858 3187 928 τῆς
3220 857 3404 912 αὐτῶν
3439 856 3763 925 ἐλλελεῖφθαι

2210 951 2417 1020 χειρὸς,
2455 952 2626 1004 ὁπόσα
2649 950 2749 1020 τὴν
2784 950 2885 1019 τῆς
2923 950 3110 1014 Ἀσίας
3143 950 3372 1021 ήπειρον
3405 944 3618 1002 ἃπασαν
3645 951 3764 1018 ἀχρι

2209 1038 2506 1092 θαλασεῶν
2521 1037 2766 1091 οἰκοῦσιν
2811 1037 3013 1092 αὐτῶν.
3045 1037 3196 1100 Τέως
3239 1035 3285 1089 δ’
3323 1035 3510 1089 αὐτόθι
3541 1036 3765 1105 καταμέ-

2209 1148 2321 1185 νειν
2356 1129 2693 1200 ἠρεμοῦντες
2742 1129 3107 1196 ὲγνὼκεισαν,
3139 1128 3373 1199 κλήρους
3424 1128 3631 1190 ἑαυτοῖς
3659 1126 3764 1178 δια-

452 1274 466 1290 ,
517 1222 660 1279 inter
692 1240 751 1279 se
780 1225 1109 1281 distributis.

2209 1220 2500 1290 νείμαντες
2547 1218 2741 1289 χωρῶν
2770 1220 2867 1272 καὶ
2914 1218 3144 1285 πόλεων,
3181 1217 3455 1287 διαφόρων
3495 1233 3555 1268 τε
3593 1216 3765 1270 οἰκιῶν

458 1288 484 1390 ξ
523 1321 619 1372 καὶ
674 1322 973 1390 κτημάτων
1030 1321 1253 1390 κτήσεις
1308 1320 1405 1374 καὶ
1465 1317 1840 1386 καταγωγὰς,
1897 1315 2098 1386 πολλὴν
2137 1288 2595 1386 ὲμπαρεχομένας
2726 1308 2945 1379 σώματι
2973 1308 3245 1380 θυμηδίαν
3275 1310 3369 1362 καὶ
3396 1310 3625 1378 τρυφήν.

469 1377 486 1480 ξ
596 1408 684 1464 Vl.
726 1412 933 1463 Aurum
966 1424 1121 1474 vero,
1149 1418 1461 1480 argentum,
1497 1409 1678 1463 varias
1704 1409 1952 1478 pecuniae
1978 1424 2100 1479 spe-

2280 1377 2620 1477 ἀῖὶξρυσδς
2655 1377 2713 1456 δὲ
2739 1377 2836 1457 καλ
2881 1377 3122 1473 ἄργυρος
3172 1402 3267 1455 καὶ
3323 1405 3616 1473 χρημάτων
3660 1419 3769 1456 ποι-

473 1475 481 1495 ’
516 1501 649 1567 cies,
678 1510 1134 1571 sumptuosasque
1158 1501 1402 1567 divitias,
1426 1500 1629 1571 quibus
1662 1501 1776 1554 loca
1810 1501 1898 1553 illa
1929 1502 2100 1554 abun-

2208 1500 2357 1554 κιλία
2389 1475 2484 1553 καλ
2520 1498 2843 1552 πολυτέλεια
2894 1497 3092 1569 (πολλά
3116 1498 3175 1551 δὲ
3202 1498 3379 1552 ταῦτα
3422 1499 3765 1568 ἐπιχωριάζει

458 1611 491 1629 ι
514 1594 667 1658 dant,
708 1593 796 1649 cui
838 1592 963 1647 usui
996 1601 1184 1648 essent
1219 1608 1347 1648 cum
1396 1594 1578 1648 adhuc
1617 1593 1955 1662 ignorarent,
1992 1607 2099 1646 non

2208 1591 2342 1669 aut"
2384 1591 2630 1654 ἐκείνους
2672 1590 2799 1654 τοὺς
2843 1589 3079 1661 χώρους)
3118 1588 3271 1644 οὔπω
3309 1588 3633 1658 ἐγινώσκετο
3657 1592 3768 1644 τού-

513 1699 675 1740 secus
715 1700 780 1739 ac
822 1684 998 1739 lutum
1046 1700 1112 1739 ac
1160 1684 1330 1740 veluti
1371 1700 1457 1739 res
1491 1684 1735 1754 abiectas
1773 1693 1828 1739 et
1880 1683 2100 1738 inutiles

2208 1702 2326 1747 τοις
2357 1686 2436 1745 είς
2464 1685 2493 1737 ὃ
2517 1701 2568 1737 τι
2600 1683 2849 1755 χρήσιμα
2877 1682 2964 1753 εἴη
2995 1684 3110 1746 τοῖς
3131 1681 3315 1752 έχουσι
3339 1700 3353 1713 ·
3387 1682 3468 1735 διδ
3496 1683 3589 1737 καὶ
3621 1684 3768 1752 παρέ-

470 1782 479 1856 ξ
511 1774 878 1845 negligubant.
913 1772 1117 1828 Natura
1148 1773 1293 1837 enim
1325 1789 1411 1828 res
1444 1774 1787 1828 necessarias
1821 1774 1877 1826 in
1910 1773 2100 1844 primis

2207 1793 2401 1849 τρεχον
2432 1776 2573 1830 αὐτὰ
2621 1775 2714 1827 ῐσα
2745 1773 2844 1828 καὶ
2873 1774 3046 1838 κόνιν,
3071 1775 3170 1828 καὶ
3198 1774 3302 1828 ὅσα
3345 1774 3401 1837 ἐς
3432 1773 3563 1845 ὕλην
3593 1774 3768 1842 ἀνόνη-

511 1873 802 1929 monstrat,
840 1879 961 1934 quae
990 1864 1035 1918 si
1084 1874 1309 1934 propter
1356 1865 1644 1935 penuriam
1693 1875 1944 1934 angusta:
1994 1879 2104 1919 non

510 1960 641 2017 sint.
671 1959 764 2013 sed
797 1956 1130 2028 benignitate
1157 1956 1387 2011 fortunae
1409 1958 1707 2029 supersint,
1731 1966 1846 2012 tum
1899 1967 2107 2011 natura:

511 2049 848 2121 providentia
885 2049 1051 2104 veluti
1083 2064 1183 2120 per
1209 2050 1612 2106 aemulationem
1678 2064 1871 2105 rursus
1903 2050 2107 2104 excita-

516 2152 603 2196 tur
628 2152 901 2213 quatenus
942 2151 1122 2212 potest
1151 2142 1220 2197 ad
1251 2157 1317 2198 ea
1349 2142 1650 2213 diligenda,
1684 2157 1809 2212 quae
1838 2141 2099 2196 sensibus

515 2234 688 2304 magis
716 2233 1085 2288 blandiantur.
1119 2232 1363 2299 Quorum
1385 2234 1612 2288 satietas
1639 2234 1683 2286 si
1717 2232 2103 2302 subsequatur,

510 2327 698 2378 statim
726 2340 790 2378 ea
821 2324 1202 2394 patrocinatur
1227 2326 1392 2379 rebus
1419 2327 1750 2395 superfluis;
1784 2321 1839 2380 et
1871 2324 2104 2394 primum

508 2416 811 2485 quamdam
837 2416 1005 2472 veluti
1041 2416 1288 2472 fraudem
1321 2418 1689 2484 machinatur,
1737 2432 1805 2470 ac
1847 2427 2103 2486 tanquam

510 2521 701 2563 escam
742 2509 1064 2561 varietatem
1092 2520 1277 2561 earum
1330 2522 1515 2562 rerum
1553 2516 1610 2562 et
1644 2508 2103 2576 compositionem

512 2598 866 2668 multiplicem
920 2598 1145 2668 objicit;
1188 2598 1389 2654 deinde
1438 2614 1691 2653 arcanam
1771 2599 2101 2668 voluptatem

512 2689 667 2759 quasi
716 2705 813 2758 per
857 2690 1096 2761 magicas
1141 2690 1448 2760 praestigias
1494 2690 1758 2756 insinuat,
1812 2705 1882 2745 ne
1935 2692 2104 2747 nimia

512 2795 696 2834 rerum
748 2780 1150 2849 superﬂuarum
1185 2782 1344 2852 copia
1377 2781 1559 2852 gravis
1595 2791 1652 2836 et
1698 2781 1929 2837 molesta
1985 2782 2099 2837 ﬁat.

510 2872 590 2927 Ita
622 2872 674 2926 hi
705 2871 817 2944 ω
838 2887 1056 2942 quoque
1085 2874 1357 2943 principio
1390 2874 1522 2928 solis
1541 2873 1891 2937 necessariis,
1924 2873 2103 2943 iisque

511 2963 762 3033 angustis
812 2962 1019 3018 assueti
1055 2981 1069 3017 :
1099 2961 1297 3017 deinde
1348 2962 1404 3016 in
1445 2969 1525 3015 tot
1579 2977 1767 3016 earum
1819 2961 2100 3030 regionum

513 3050 928 3106 arnmnitatibus
962 3052 1185 3118 versati,
1218 3062 1353 3122 quot
1389 3049 1813 3123 Babyloniorum
1846 3060 1902 3105 et
1929 3051 2097 3122 Assy-

2208 1885 2301 1922 τον
2325 1868 2608 1939 ἔρριπται.
2654 1868 2721 1921 Ἠ
2746 1867 2856 1938 γὰρ
2883 1867 3045 1934 φύσις
3081 1867 3193 1921 τῶν
3230 1866 3546 1937 ἀναγκαίων
3576 1868 3766 1935 γίνεται

2210 1961 2429 2031 πρῶτον
2453 1959 2776 2023 διδάσκαλος
2798 1975 2811 1990 ο
2853 1960 2920 2014 ἂν
2948 1957 3080 2027 γοῦν
3106 1957 3284 2012 ταῦτα
3337 1958 3413 2030 μὴ
3443 1958 3633 2021 σπάνις
3659 1974 3768 2009 στε-

2209 2055 2424 2125 νοχωρῇ
2457 2069 2563 2117 τις,
2593 2051 2710 2104 ἀλλ’
2742 2053 2797 2115 ἐς
2848 2051 3055 2121 πλῆθος
3079 2054 3113 2122 ή
3145 2052 3285 2122 τύχη
3322 2052 3539 2123 παρέχῃ
3567 2054 3769 2121 προκεῖ-

2210 2143 2360 2207 σθαι,
2389 2142 2699 2213 τηνικαῦτα
2737 2144 2813 2208 ὡς
2839 2145 2905 2196 ἐκ
2939 2143 3282 2213 συγκρίσεως
3314 2143 3595 2216 προμηθὴς
3626 2138 3767 2203 αὖθις

2207 2234 2430 2307 ῄφύσις
2466 2235 2816 2302 καθίσταται,
2851 2222 2975 2290 κατ’
3022 2233 3276 2300 ἐξουσίαν
3314 2234 3375 2289 τὸ
3414 2233 3767 2304 προσηνέστε-
3821 2304 3827 2309 .

2211 2341 2302 2396 ρον
2369 2325 2713 2394 ὲκλεγομένη
2769 2326 2958 2394 σαφῶς
3007 2328 3129 2389 ταῖς
3182 2325 3528 2397 αἰσθήσεσιν.
3571 2326 3666 2381 “Av
3716 2322 3767 2376 δὲ

2207 2417 2370 2486 κόρος
2405 2418 2500 2469 ἐπὶ
2535 2417 2750 2481 τούτοις
2780 2418 3031 2490 γένηται,
3068 2419 3373 2490 συνήγορος
3403 2413 3557 2484 οὗτος
3589 2416 3766 2471 αὐτίκα

2206 2507 2423 2574 καθίζει
2466 2511 2581 2573 τοῖς
2616 2512 2919 2581 περιττοῖς,
2971 2509 3232 2582 καθάπερ
3276 2512 3407 2566 τινὰ
3449 2505 3651 2582 πλάνην
3681 2509 3767 2562 καὶ

2204 2597 2397 2669 δέλεαρ
2430 2599 2828 2670 μηχανώμενος
2863 2601 3083 2671 πρῶτον
3112 2600 3211 2672 τὴν
3246 2601 3436 2655 αὐτῶν
3468 2603 3526 2666 ἐς
3558 2601 3768 2669 διάφορα

2205 2689 2321 2760 εῐδη
2354 2691 2633 2745 ποικιλίαν
2670 2693 2767 2745 καὶ
2814 2691 3107 2746 σύνθεσιν²
3153 2692 3396 2748 κᾶπειτα
3444 2692 3765 2763 ὲγγοητεύων

2203 2778 2411 2832 οὑτωσί
2458 2796 2575 2843 πως
2605 2780 2923 2852 ἀπόρρητον
2955 2779 3174 2852 ἡδονὴν,
3207 2781 3300 2836 ἵνα
3336 2783 3415 2854 μή
3447 2783 3508 2835 τὸ
3551 2783 3644 2851 τῆς
3674 2796 3762 2833 πε-

2205 2868 2526 2938 ριττότητος
2554 2868 2818 2940 ἐμϐριθὲς
2849 2870 3089 2942 ἐπαχθὲς
3116 2870 3377 2941 φαίνηται
3410 2870 3526 2942 ἅμα
3555 2873 3643 2923 καὶ
3684 2869 3765 2919 λυ-

2202 2955 2404 3026 πηρόν.
2435 2952 2523 3027 [Ρ.
2563 2954 2658 3027 25]
2699 2956 2787 3021 Ὦς
2844 2958 2942 3011 νῦν
2986 2975 3052 3028 γε
3103 2961 3196 3012 καὶ
3249 2952 3399 3014 οὗτοι
3433 2961 3610 3031 μόνοις
3662 2961 3762 3021 τοῖς

2204 3046 2531 3113 ἀναγκαίοις
2569 3046 2723 3111 ὄντες
2758 3048 2969 3115 ἐθάδες,
2998 3049 3093 3103 καὶ
3116 3049 3337 3127 τούτοις
3368 3034 3758 3118 ἐστενωμένοις,

512 3144 719 3197 riorum
750 3143 986 3197 confinia
1013 3144 1385 3214 suppeditant.
1414 3159 1510 3199 eas
1534 3159 1642 3199 non
1671 3159 1795 3198 esse
1818 3142 2084 3198 deseren-

2205 3135 2393 3191 ἔπειτα
2426 3137 2725 3202 τοσαύταις
2755 3140 2865 3193 τῶν
2893 3141 3080 3196 τόπων
3113 3142 3345 3197 ἐκείνων
3374 3142 3588 3214 χάρισιν
3625 3143 3765 3192 ἐντυ-

512 3233 611 3285 das
659 3232 976 3303 iudicarunt
1027 3233 1179 3288 :sed
1229 3234 1500 3295 diuturnis
1557 3234 1665 3289 illis
1713 3234 1997 3289 laboribus
2040 3242 2098 3288 et

512 3324 663 3395 vagis
726 3327 978 3380 cursibus
1036 3326 1367 3396 repddiatis,
1430 3328 1503 3381 ibi
1564 3328 1961 3383 considendum
2040 3336 2096 3382 et

512 3416 772 3484 deinceps
810 3419 1104 3471 vivendum
1139 3432 1280 3472 esse.
1316 3418 1475 3474 Unde.
1527 3419 1595 3475 iis
1639 3421 1923 3490 gentibus,
1958 3436 2095 3495 quas

514 3504 856 3573 inraserunt,
885 3522 1067 3562 annua
1107 3508 1311 3563 tributa
1349 3508 1755 3577 imposuerunt,
1787 3524 1890 3563 nec
1928 3525 1992 3563 ex
2029 3523 2097 3564 eo

514 3598 790 3652 desistunt.
815 3613 909 3652 eas
942 3599 1321 3654 exactionibus
1351 3607 1408 3653 et
1438 3599 1637 3654 edictis
1684 3613 1782 3670 pro
1813 3600 2097 3670 mancipiis

512 3694 811 3763 quotannis
862 3693 1157 3765 exagitare,
1209 3702 1265 3748 et
1300 3696 1454 3748 veiut
1503 3708 1572 3748 ex
1632 3707 1830 3765 magno
1884 3694 2096 3764 tripode

511 3782 732 3838 oracula
791 3783 1041 3852 reddere,
1081 3799 1145 3840 ac
1191 3799 1294 3855 pro
1343 3799 1442 3840 sua
1487 3785 1719 3841 libidine
1779 3786 1995 3857 quidvis
2038 3785 2095 3840 in

514 3875 636 3931 illas
658 3873 980 3931 decernere.

582 4146 696 4202 VII.
737 4145 981 4201 Tandem
1021 4139 1348 4201 cultioribus
1390 4141 1764 4216 Assyriorum,
1808 4142 2095 4200 Persarum

511 4252 570 4296 et
620 4239 997 4295 Chaldaeorum
1050 4238 1299 4293 moribus
1359 4236 1740 4301 mansuefacti,
1790 4235 1863 4291 ad.
1906 4250 2096 4291 eorum

2202 3230 2410 3298 χόντες,
2453 3232 2656 3295 ὁπόσας
2692 3231 2724 3301 ἡ
2760 3231 3120 3285 Βαϐυλωνίων
3153 3234 3252 3287 καὶ
3289 3233 3590 3305 Ἀσσυρίων
3616 3232 3759 3301 φέρει

2202 3324 2531 3393 περίχωρος,
2585 3324 2774 3377 οὐκέτι
2824 3323 3032 3377 τούτων
3082 3324 3524 3380 ἀπαλλάττεσθαι
3558 3326 3761 3393 ἔκριναν

2199 3410 2336 3479 δεῖν,
2376 3411 2513 3465 ἀλλὰ
2546 3411 2761 3483 χαίρειν
2792 3413 3044 3476 εἰπόντες
3074 3413 3201 3475 τοὺς
3248 3414 3496 3482 μακροὺς
3533 3412 3762 3469 ἐκείνους

2202 3507 2401 3567 πόνους
2446 3507 2542 3559 καὶ
2579 3504 2967 3576 περιδρόμους,
3011 3506 3194 3558 ἐκεῖσε
3237 3504 3336 3560 τοῦ
3369 3505 3551 3559 λοιποῦ
3598 3500 3762 3553 ποιεῖ-

2202 3595 2326 3649 σθαι
2358 3595 2706 3667 καθημένους
2756 3598 2856 3667 τὴν
2892 3596 3127 3652 δίαιταν.
3178 3596 3425 3652 Ἐκεῖθεν
3469 3596 3515 3652 δ’
3560 3597 3762 3650 ὁπόσοις

2201 3687 2438 3759 ἐπῆλθον
2490 3688 2694 3754 ἔθνεσι,
2741 3691 2941 3760 φόρους
2994 3689 3362 3758 συντάξαντες
3406 3690 3627 3752 ἀπασιν,
3671 3686 3763 3760 cve

2202 3783 2313 3835 πᾶν
2340 3782 2401 3835 οὐ
2442 3781 2819 3835 διαλείπουσιν
2858 3781 2977 3846 ἔτος
3020 3781 3486 3852 δασμολογοῦντες
3514 3782 3607 3835 καὶ
3656 3782 3761 3831 ἐπ-

2198 3873 2490 3937 τάττοντες
2513 3874 2616 3927 ὅσα
2653 3874 2750 3927 καὶ
2779 3875 2875 3927 καὶ
2890 3873 3120 3939 δούλοις,
3155 3874 3586 3945 χρηματίζοντες
3617 3872 3684 3933 ὡς
3705 3871 3762 3920 ὲκ

2202 3960 2444 4037 μεγάλου
2496 3965 2768 4037 τρίποδος,
2798 3965 2895 4020 καὶ
2934 3965 3362 4037 ,θεμιστεύοντες
3410 3970 3577 4022 ὁπόσα
3625 3962 3761 4033 σφίσι

2198 4059 2383 4131 δοκοίη
2412 4061 2473 4122 ἐς
2501 4058 2745 4123 ἐκείνους
2777 4060 3066 4133 καθήκειν.
3308 4129 3313 4133 _

2273 4151 2352 4207 Z'.
2385 4152 2478 4220 Τῷ
2530 4150 2588 4204 δὲ
2624 4153 2802 4224 χρόνῳ
2840 4155 2956 4217 τοῖς
3005 4152 3119 4208 τῶν
3163 4152 3470 4227 Ἀσσυρίων
3517 4153 3611 4210 καὶ
3637 4149 3764 4221 Πιρ-

2205 4241 2316 4294 σῶν
2342 4241 2438 4296 καὶ
2467 4239 2754 4298 Χαλδαίων
2783 4243 3146 4314 ὁμιλήσαντες
3171 4246 3628 4316 πεπαιδευμένοις
3652 4240 3767 4311 7105-

516 4333 837 4405 religionem
870 4331 1231 4398 inclinarunt,
1276 4330 1456 4401 patrio
1502 4329 1749 4384 numinis
1782 4337 2100 4399 contemptu

2205 4345 2310 4396 σιν,
2353 4331 2412 4394 ἐς
2460 4347 2519 4384 τε
2568 4330 2631 4385 τὸ
2665 4331 2848 4387 αὐτῶν
2893 4332 3113 4388 ἔκλιναν
3161 4333 3352 4401 σέϐας,
3400 4335 3500 4405 τὴν
3551 4332 3763 4399 πάτριον

520 4427 735 4492 relicto,
765 4424 1089 4493 illorumque
1137 4436 1318 4477 mores
1360 4430 1417 4475 et
1450 4421 1701 4476 instituta
1735 4420 1791 4474 in
1825 4419 2095 4485 vestibus,

2205 4422 2397 4478 ἀθεταν
2455 4423 2710 4493 ἀφέντες,
2758 4424 2855 4477 καὶ
2913 4426 3028 4489 τοῖς
3095 4425 3282 4479 αὐτῶν
3347 4424 3763 4493 κεκοινωνήκασι

516 4518 572 4571 in
607 4524 931 4587 sumptuoso
962 4514 1133 4577 victu,
1166 4509 1492 4581 exterisque
1525 4511 1652 4565 vita;
1703 4510 1917 4564 deliciis
1945 4526 2100 4566 rece-

2207 4517 2399 4585 νόμοις
2436 4484 2533 4569 καλ
2560 4484 2760 4583 ἔθεσιν,
2804 4517 2978 4571 ὁπόσα
3002 4484 3063 4570 τε
3102 4517 3159 4580 ἐς
3191 4517 3401 4588 ἐσθῆτα
3445 4517 3539 4571 καὶ
3574 4484 3768 4587 τράπε-

513 4619 736 4681 perunt,
772 4617 923 4663 tanta
954 4604 1260 4660 mutatione
1299 4602 1461 4667 facta,
1498 4611 1558 4657 ut
1596 4617 1719 4657 cum
1749 4602 1900 4672 prius
1931 4612 2098 4674 caput

2205 4607 2308 4673 ζαν
2339 4608 2467 4675 ἀγει
2498 4608 2794 4679 πολυτελῆ,
2827 4610 2925 4661 καὶ
2957 4610 3130 4675 ὁπόσα
3172 4609 3276 4681 τήν
3314 4609 3416 4679 τῆς
3450 4608 3612 4679 ἄλλης
3635 4603 3764 4663 διαί-

517 4717 706 4757 crasso
736 4709 791 4755 et
823 4696 1093 4770 promisso
1132 4695 1272 4765 pileo
1315 4702 1582 4764 tegerent,
1619 4702 1674 4749 et
1708 4693 1903 4764 reliqui
1931 4696 2100 4751 vestio

2205 4715 2300 4770 της
2355 4700 2689 4770 ὐπαγοοεύει
2749 4703 2987 4774 τρυφήν.
3047 4701 3139 4766 Ἐς
3200 4703 3475 4773 τοσαύτην
3523 4703 3628 4773 γὰρ
3674 4698 3765 4770 τήν

514 4805 604 4850 tus
655 4793 836 4848 omnis
867 4791 1097 4845 felicitas
1132 4789 1185 4843 in
1219 4786 1453 4859 pellibus
1487 4786 1805 4842 animalium
1835 4797 1892 4843 et
1934 4788 2100 4845 coriis

2205 4792 2623 4862 μεταδιαίτησιν
2648 4792 2749 4864 ἤδη
2781 4790 3158 4865 παρήλλαξαν,
3190 4794 3336 4848 ὥστε
3385 4796 3645 4866 πρότερον
3675 4790 3764 4862 τήν

514 4884 824 4941 illaboratis
881 4880 1022 4951 apud
1071 4895 1166 4936 eos
1216 4879 1564 4945 consisteret,
1630 4894 1781 4934 arma
1836 4896 1967 4937 vero
2019 4881 2100 4937 eis

2208 4884 2308 4952 μὲν
2333 4883 2581 4955 κεφαλὴν
2620 4885 2789 4955 παχεῖ
2815 4899 2924 4938 τινι
2954 4885 3099 4953 πίλῳ
3134 4887 3229 4939 καὶ
3249 4886 3522 4958 ἀνειμένῳ
3551 4883 3765 4939 σκέπον⁸

514 4987 702 5049 essent
733 4977 920 5041 clavae,
954 4970 1156 5041 fundae,
1207 4975 1399 5035 hastas,
1435 4973 1646 5041 sagittae
1677 4983 1733 5027 et
1759 4988 1942 5038 arcus,
1978 4988 2097 5027 om-

514 5071 606 5125 nia
660 5085 727 5124 ex
785 5077 1030 5137 tempore
1080 5069 1304 5138 quernis
1342 5075 1399 5123 et
1445 5066 1566 5121 aliis
1614 5064 1889 5121 similibus
1937 5065 2096 5137 lignis

515 5161 803 5225 fabricata,
837 5157 1019 5228 qualia
1055 5164 1269 5213 montes
1315 5166 1371 5211 et
1404 5159 1574 5227 sylvm
1612 5154 1777 5211 certis
1805 5166 2098 5227 tempesta-

518 5252 663 5306 tibus
713 5259 911 5325 Sponte
957 5246 1240 5303 nascentia
1298 5249 1634 5318 producunt,
1690 5247 1857 5303 iidem
1911 5258 2098 5318 postea

515 5352 697 5398 vestes
727 5343 964 5412 integras
993 5341 1195 5395 sericas
1220 5351 1277 5395 et
1306 5356 1440 5395 auro
1490 5340 1815 5395 intertextas
1870 5355 2099 5411 usurpa-

519 5441 674 5498 rent;
730 5445 906 5500 usque
954 5428 1092 5484 adeo
1140 5430 1269 5482 luxu
1319 5427 1616 5482 immodico
1649 5427 1892 5483 difﬂuere
1917 5444 2102 5499 caepe-

2202 4989 2314 5039 τες,
2346 4975 2445 5045 τῆς
2497 4962 2543 5028 δ’
2577 4975 2746 5044 ἄλλης
2802 4978 2985 5048 πάσης
3038 4979 3267 5049 ἐσθῆτος
3311 4981 3374 5034 τὸ
3407 4980 3659 5049 εὔδαιμον
3690 4977 3763 5036 εἰς

2201 5064 2449 5134 δέρματα
2487 5066 2642 5132 ζώων
2693 5067 2901 5139 ἀγρίων
2952 5069 3317 5139 ἐγκλείοντες,
3368 5073 3463 5126 καὶ
3517 5068 3765 5139 διφθέρας

2204 5159 2691 5228 ἀνεπιτηδεύτους,
2737 5161 2925 5225 ὅπλοις
2976 5162 3023 5216 δ’
3060 5164 3267 5234 ὁμοίως
3296 5165 3571 5235 χρώμενοι
3601 5158 3763 5233 ῥοπά-

2206 5249 2319 5314 λοις
2342 5252 2476 5319 τισὶ,
2516 5250 2984 5323 καὶσφενδόναις,
3018 5255 3221 5326 δόρασί’
3256 5274 3317 5311 τε
3348 5259 3444 5311 καὶ
3478 5256 3655 5327 βέλεσι
3678 5250 3762 5303 καὶ

2206 5343 2382 5409 τόξοις
2435 5345 2803 5415 αὐτοσχεδίοις
2862 5349 3067 5402 ἅπασιν
3102 5349 3167 5404 ἔκ
3207 5366 3267 5403 τε
3308 5351 3485 5421 δρυῶν
3522 5350 3616 5402 καὶ
3664 5341 3763 5397 τῶν

2204 5435 2409 5509 ὁμοίων
2434 5436 2697 5506 δένδρων,
2721 5438 2823 5491 ὅσα
2849 5439 2950 5509 ὅρη
2983 5439 3079 5493 καὶ⁵
3101 5440 3302 5511 λόχμαι
3329 5443 3450 5504 ταῖς
3470 5439 3636 5510 ὥραις
3657 5433 3767 5485 δου-

520 5534 667 5589 rnnt,
699 5522 933 5594 pristina
977 5522 1103 5576 vitae
1152 5521 1363 5576 ratione
1393 5535 1620 5591 prorsus
1660 5520 1714 5575 in
1762 5522 2098 5577 contrarium

2209 5526 2437 5581 λεύοντα
2476 5531 2736 5597 φέρουσιν
2790 5532 3040 5603 αὐτοφυῆ
3095 5532 3475 5604 βλαστήματα,
3530 5530 3764 5598 σηρικοῐς

519 5627 750 5673 lunata.
1022 5658 1025 5661 -
2014 5626 2017 5629 ’
2212 5619 2309 5673 καὶ
2344 5621 2712 5691 χρυσοῦφέσιν
2759 5620 2986 5692 ὕστερον
3037 5610 3344 5695 ἐχρήσαντο
3387 5625 3498 5685 τοῖς
3525 5619 3663 5678 ὅλοις
3690 5614 3766 5665 ἔν’

522 5713 582 5766 δύ
592 5729 755 5783 μασιν
775 5729 789 5747 ο
819 5716 877 5777 ὲς
903 5710 1159 5766 τοσοῦτον
1200 5711 1472 5782 ἀμετρίας
1533 5712 1840 5785 ἐξήνεγκαν
1905 5711 2003 5784 τὴν
2032 5780 2039 5783 ι
2068 5710 2347 5786 ἁϐρότητα
2374 5715 2472 5787 τῆς
2495 5717 2728 5787 τρυφῆς,
2765 5720 2830 5773 ὲκ
2859 5719 3159 5791 διαμέτρου
3195 5718 3451 5786 καθάπαξ
3485 5717 3771 5799 στήσαντες

522 5808 749 5870 ἑαυτοὺς
782 5807 878 5877 τῆς
911 5807 1178 5879 προτέρας
1211 5804 1448 5876 διαίτης.

2168 5914 2195 5923 ..η
2234 5916 2244 5923 .
2270 5908 2287 5921 γι
2302 5902 2457 5919 ικβαΑ-οςι
2474 5888 2491 5916 ο.
2516 5883 2535 5917 j
