3984 6464
415 374 513 441 191
692 368 771 443 [Α.
812 385 872 428 ιι.
912 367 1054 425 6767
1096 384 1161 421 Αι)
1204 365 1367 439 6768]

1656 367 2080 432 NICEPHORI
2125 367 2516 431 GREGORIE

2824 359 3140 431 [iuriioam
3178 361 3354 434 usa]

3563 364 3675 431 ιρε

412 496 607 538 socero
654 481 846 536 titulus
903 480 1140 551 despotae
1186 480 1407 535 additus
1463 480 1638 534 fuerat
1682 496 1698 533 :
1756 480 1982 533 alteram

2102 478 2165 541 :b;
2199 480 2227 530 6
2276 478 2434 543 λόγος
2468 475 2680 545 φθάσας
2714 474 3001 546 ἐδήλωσεν,
3056 468 3338 548 εἶχεν’ἦδη
3372 474 3553 529 λαϐὼν
3585 480 3666 543 είς

413 573 757 628 Theodoram
836 574 1189 641 Bnlgarorum
1273 575 1523 642 princeps
1588 571 1988 626 Constantinus

415 664 654 720 Tmehus
702 679 925 720 uxorem
976 665 1179 733 pariter
1222 664 1476 726 habebat.
1531 663 1674 733 quod
1716 672 1771 717 et
1808 662 1985 731 ipsum

409 757 527 825 jam
560 756 817 812 diximus.
863 755 1168 811 Restabant
1209 756 1327 810 aliae
1360 755 1499 817 duae,
1536 756 1679 809 idem
1737 745 2004 808 orbitatis

406 849 601 920 jugum
633 851 936 913 trahentes,
962 865 1085 904 cum
1113 864 1281 918 puero
1331 848 1435 903 hoc
1462 846 1670 902 Joanne
1697 855 1830 901 natu
1882 844 1986 898 mi-

412 939 565 991 nimo
604 947 827 1008 prripter
855 953 1017 1007 quem
1050 938 1394 1006 imperatoris
1431 942 1815 992 testamentum
1849 932 1987 989 scri-

414 1038 569 1098 ptum
597 1030 866 1096 exstabat,
895 1045 1004 1099 quo
1038 1039 1190 1084 tutor
1218 1029 1293 1084 illi
1323 1029 1535 1084 Muzalo
1559 1029 1811 1087 dabatur,
1840 1040 1984 1096 prte-

412 1128 673 1188 tereaque
730 1121 1140 1175 sanctissimum
1185 1120 1565 1190 jusjurandum
1616 1134 1645 1172 a
1676 1117 1902 1172 summis
1934 1125 1990 1173 et

412 1208 618 1263 inlimis
663 1220 915 1266 exactum
967 1221 1082 1266 erat
1118 1229 1132 1267 :
1166 1227 1269 1267 nec
1323 1212 1376 1267 id
1409 1210 1600 1273 semel,
1625 1211 1719 1265 sed
1752 1209 1987 1280 primum

416 1296 749 1367 imperatore
809 1301 1120 1367 moriente,
1182 1301 1382 1356 deinde
1433 1301 1613 1356 statim
1690 1309 1810 1369 post
1868 1298 1991 1369 ejus

412 1389 647 1445 obitum.
1192 1382 1205 1389 ’

2092 572 2330 639 γυναῖκα
2353 570 2586 638 νόμιμον
2612 570 2641 621 6
2666 569 2905 630 Αἰτωλὸς
2930 569 3269 639 Νικηφόρος,
3303 570 3332 621 6
3360 571 3452 643 καὶ
3477 571 3669 622 δεσπό-

2091 679 2191 731 της
2235 662 2324 715 διὰ
2348 661 2410 714 τὸ
2443 661 2606 730 κῆδος
2639 660 2792 731 παρὰ
2819 660 2913 714 τοῦ
2956 661 3219 731 πενθεροῦ
3253 662 3347 715 καὶ
3402 660 3662 731 βασιλέως

2090 751 2475 821 τετιμημένος.
2508 751 2620 821 Τὴν
2646 751 2701 804 δέ
2732 768 2794 820 γε
2822 750 3083 817 δευτέραν
3113 750 3211 818 τὴν
3238 750 3520 820 Θεοδὼραν
3552 752 3662 819 (25)

2093 840 2238 914 εἶχεν
2262 841 2462 912 ὁμοίως
2493 845 2520 896 6
2549 843 2656 895 τῶν
2685 843 3010 914 Βουλγάρων
3040 844 3225 912 ἄρχων
3256 843 3665 907 Κωνσταντϊνος

2092 936 2122 988 6
2171 935 2384 1005 Ἰόῖχος.
2422 932 2505 1003 IP.
2549 933 2640 1005 '57]
2687 935 2762 997 ὡς
2817 935 2927 998 ἄρα
2961 934 3024 1003 δὴ
3082 937 3177 988 καὶ
3240 933 3386 987 τοῦτ’
3422 934 3666 1004 ἐφθημεν

2093 1026 2396 1096 εἰρηκότες.
2421 1024 2732 1078 Ἐλείποντο
2750 1025 2806 1078 δὲ
2834 1026 2933 1096 ἥδη
2963 1028 3054 1079 τὸν
3081 1026 3243 1080 αὐτὸν
3272 1025 3372 1095 τῆς
3400 1026 3665 1095 ὀρφανίας

2091 1114 2350 1169 ἕλκουσαι
2378 1115 2538 1184 ζυγὸν
2567 1114 2755 1184 ἕτεραι
2776 1115 3077 1184 θυγατέρες
3107 1114 3242 1182 δύω,
3275 1116 3373 1170 καὶ
3406 1119 3434 1170 6
3466 1116 3668 1170 νεώτα-

2094 1225 2188 1271 τος
2221 1201 2376 1269 οὗτος
2409 1210 2539 1270 παῖς
2587 1206 2839 1275 Ἰωάννης
2863 1224 2878 1237 ·
2909 1206 2974 1259 δι’
3003 1206 3064 1260 ὃν
3093 1206 3154 1260 αϊ
3182 1223 3244 1259 τε
3272 1203 3368 1259 τοῦ
3403 1207 3665 1276 βασιλέως

2097 1293 2686 1371 ἔγγραφοιὲξετίθεντο
2711 1299 2969 1369 διαθῆκαι
2999 1300 3296 1370 ἐπίτροπον
3321 1300 3415 1353 τὸν
3444 1297 3667 1363 Μουζᾶ-

2097 1390 2242 1444 λωνα
2273 1389 2608 1443 καθιστῶσαι
2650 1390 2745 1442 καὶ
2778 1391 2915 1459 πρός
2958 1407 3022 1459 γε
3056 1390 3121 1461 δὴ
3161 1388 3453 1458 φρικώδεις
3485 1390 3666 1459 ὅρκων

414 1483 604 1548 μοσίαι
639 1484 789 1550 παρὰ
821 1484 1037 1539 πάντων
1082 1485 1216 1553 ὁμοῦ
1254 1486 1507 1555 μεγάλων
1550 1502 1606 1537 τε
1640 1487 1737 1537 καῖ
1777 1482 1990 1554 μικρῶν
2030 1481 2406 1552 ὲτελέσθησαν.
2452 1481 2843 1550 Ἐτελὲσθησαν
2904 1481 2961 1535 δὲ
3020 1481 3120 1552 οὐχ
3152 1480 3321 1546 ἅπαξ,
3348 1480 3486 1534 ἀλλὰ
3515 1479 3666 1549 πρῶο

411 1589 506 1627 τον
531 1575 628 1641 μὲν
648 1577 1005 1641 τελευτῶντος
1027 1579 1119 1631 τοῦ
1142 1578 1413 1648 βασιλέως
1432 1596 1447 1611 °
1472 1578 1643 1631 ἔπειτ’
1661 1578 1824 1640 εὐθὺς
1853 1577 1991 1645 μετὰ
2023 1578 2123 1645 τὴν
2149 1574 2314 1629 αὐτοῦ
2343 1576 2622 1645 τελευτήν.

488 1669 578 1725 lll.
610 1669 741 1725 Nam
797 1673 1050 1728 homines
1098 1674 1317 1744 quidam
1378 1674 1642 1744 dignitate
1693 1685 1748 1728 et
1783 1671 1999 1744 generis

2171 1672 2244 1725 1".
2274 1672 2395 1724 Τῶν
2424 1672 2532 1738 γὰρ
2553 1674 2610 1722 ὲν
2631 1668 2908 1755 ἀξιώμασί
2929 1685 3073 1732 τινες
3097 1668 3235 1721 κάπὶ
3254 1667 3444 1734 γένους
3474 1681 3672 1734 σεμνυ-

412 1761 705 1829 εριοιιιιοτο
738 1763 998 1829 illustres,
1024 1781 1147 1820 cum
1201 1765 1501 1821 Muzalonis
1528 1766 1802 1820 fortunam
1835 1770 1993 1821 novi-

416 1862 529 1906 tate
561 1863 667 1907 tam
701 1854 879 1910 Subita
912 1865 1172 1910 mutatam
1225 1866 1539 1924 cernerent,
1574 1858 1716 1913 inter
1756 1873 1817 1913 se
1841 1873 1993 1914 mus-

414 1944 677 2010 sitabant,
710 1961 855 2016 aegre
885 1948 1122 2005 ferentes
1148 1949 1383 2004 delatum
1423 1950 1474 2004 ei
1528 1949 1793 2005 honorem
1819 1951 1995 2019 ipsius

415 2036 735 2091 conditione
784 2028 1090 2106 majorem;
1152 2057 1275 2097 eum
1338 2043 1492 2096 multi
1529 2042 1734 2106 essent,
1759 2044 1825 2097 ad
1856 2058 1997 2113 quos

422 2128 589 2182 simul
639 2138 691 2183 et
734 2130 898 2184 tutela
957 2132 1106 2199 pueri
1161 2133 1532 2203 imperatoris,
1566 2144 1623 2189 et
1682 2135 1995 2205 reipublicae

414 2221 817 2284 administratio
849 2224 1024 2294 magis
1060 2225 1365 2295 pertineret
1393 2244 1405 2290 ;
1441 2235 1554 2279 tum
1587 2226 1732 2295 quod
1769 2226 1997 2296 propin-

413 2321 522 2373 qua
583 2312 911 2375 cegnatione
989 2312 1369 2381 imperatorem
1438 2313 1822 2384 attingerent,
1870 2323 1994 2369 tum

414 2395 560 2460 quod
591 2395 656 2450 ad
691 2396 1005 2467 huiusmodi
1042 2401 1223 2453 munia
1278 2401 1532 2456 obeunda
1558 2403 1784 2456 multum
1816 2405 1995 2471 aptio-

416 2500 505 2539 res
540 2496 728 2541 essent
760 2503 926 2557 quam
972 2481 1200 2555 Muzalo,
1240 2491 1307 2544 ad
1339 2506 1501 2560 quem
1532 2493 1994 2547 contemnendum

416 2584 473 2628 et
517 2577 644 2631 odio
685 2581 1153 2647 prosequendum,
1197 2590 1257 2635 ut
1283 2581 1382 2649 ipsi
1417 2583 1818 2655 dicebant,“
1851 2586 1995 2638 mul-

426 2669 498 2716 tae
549 2679 728 2719 causae
782 2668 1039 2722 omnibus
1094 2674 1483 2740 suppetebant.
1530 2669 1663 2727 Nam
1719 2675 1865 2744 quod
1897 2690 1997 2730 nec

422 2770 622 2825 genere
656 2758 825 2813 nobili
856 2769 1007 2816 ortus
1057 2770 1224 2828 esset,
1245 2776 1299 2819 et
1329 2772 1385 2818 ut
1417 2765 1669 2821 homines
1702 2766 1857 2820 multi
1888 2764 1994 2837 pu-

421 2846 677 2901 nirentur
723 2865 944 2920 operam
980 2868 1134 2909 suam
1171 2869 1316 2926 saepe
1353 2856 1669 2924 imperatori
1733 2858 1997 2913 contulis-

421 2945 526 2998 set.
565 2939 645 2992 ha:
667 2934 775 2994 res~
797 2940 866 2995 ad
893 2944 1014 3011 ejus
1047 2945 1232 2999 odium
1262 2946 1463 3001 animis
1489 2947 1631 3018 vulgi
1663 2949 1993 3019 ingeneran-

423 3029 554 3084 dum
577 3031 706 3087 satis
739 3032 985 3089 eliicaees
1015 3038 1191 3093 e'rant.
1220 3037 1375 3104 Quod
1406 3040 1450 3094 si
1492 3040 1786 3110 imperium
1829 3041 1993 3095 etiam
2026 3023 2068 3080 δ

420 3122 835 3192 concupisceret
868 3142 930 3179 ae
984 3129 1303 3195 somniaret,
1331 3139 1387 3185 ut
1418 3132 1635 3200 quidam
1690 3132 1994 3187 calumnia.

422 3209 648 3275 bantur,
689 3215 741 3269 id
777 3232 910 3271 vero
949 3232 1085 3288 quas
1120 3236 1228 3275 non
1285 3222 1505 3278 sceleris
1555 3222 1700 3278 faces
1740 3223 1795 3276 in
1836 3232 1999 3293 caput

424 3301 545 3368 ejus
594 3306 966 3364 accenderet?
1034 3308 1156 3366 Haec
1207 3311 1547 3367 Muzalonrm
1589 3329 1697 3368 non
1734 3313 1995 3369 latebant.

2094 1764 2334 1832 νομένων
2350 1760 2699 1831 λαμπρότητι
2721 1759 3117 1829 νεωτερίσασαν
3135 1758 3279 1810 οὕτω
3302 1755 3510 1825 ταχέως
3536 1756 3673 1808 [66‘1-

2092 1871 2183 1915 τες
2228 1853 2326 1923 τὴν
2366 1850 2459 1906 τοῦ
2504 1850 2860 1914 Μουξάλωνος
2905 1848 3077 1917 τύχην
3111 1846 3478 1916 διεψιθύριζον
3532 1838 3674 1915 πρδς

2094 1945 2396 2013 ἀλλήλους,
2449 1943 2743 2013 ἀχθόμενοι
2791 1943 2857 2011 τῇ
2909 1942 3053 2010 πέρα
3101 1940 3294 1992 τούτου
3341 1942 3477 2009 τιμῇ
3532 1938 3673 2008 (26).

2088 2038 2310 2091 πολλῶν
2341 2038 2510 2091 ὄντων
2543 2036 2747 2107 ἑτέρων
2778 2036 2829 2089 el
2864 2035 3063 2104 μᾶλλον
3086 2034 3298 2087 ἐκείνου
3329 2032 3675 2102 προσήκουσι

2096 2133 2196 2196 τήν
2222 2147 2282 2183 τε
2319 2126 2746 2205 ὲπιτροπὴνετοῦ
2784 2125 3064 2198 βασιλικοῦ
3102 2127 3291 2190 παιδὸς
3314 2124 3675 2195 ἀναδέχεσθαι

2095 2226 2190 2278 καὶ
2221 2223 2337 2293 ἅμα
2364 2223 2464 2291 τὴν
2494 2222 2600 2275 τῶν
2628 2222 2824 2277 κοινῶν
2852 2221 3190 2292 πραγμάτων
3220 2218 3485 2288 διοίκησιν
3512 2216 3579 2269 ἐκ
3619 2232 3680 2269 τε

2094 2316 2188 2369 τοῦ
2222 2315 2507 2385 προσεχῶς
2537 2314 2594 2375 ἐς
2623 2312 2848 2382 βασιλέα
2875 2311 2938 2365 τὸ
2964 2314 3119 2379 γένος
3150 2309 3449 2376 ἀναφέρειν
3477 2307 3575 2359 καὶ
3610 2298 3678 2359 αὖ

2096 2408 2160 2462 ἐκ
2182 2424 2243 2475 γε
2264 2406 2359 2460 τοῦ
2381 2404 2595 2469 δεξιωτέ
2605 2422 2731 2473 ρους
2754 2402 2932 2473 πολλῷ
2957 2401 3258 2471 πεφυκέναι
3278 2402 3338 2464 ἐς
3364 2397 3433 2451 τὰ
3448 2396 3681 2451 τοιαῦτα

2096 2498 2129 2565 ἢ
2158 2497 2297 2559 κατὰ
2321 2495 2408 2547 τὸν
2430 2493 2787 2556 Μουζάλωνα.
2807 2494 2975 2564 ἄνδρα
3002 2491 3203 2555 πολλὰς
3222 2506 3389 2556 κεκτη
3399 2491 3559 2559 μένον
3582 2489 3681 2549 τὰς

2097 2589 2350 2658 ἀφορμὰς
2374 2589 2430 2649 ὲς
2452 2587 2511 2639 τὸ
2538 2584 2987 2655 περιφρονεῖσθαί
3008 2602 3066 2638 τε
3090 2585 3183 2636 καὶ⁹
3215 2581 3493 2647 μισεῖσθαι
3523 2580 3683 2649 παρὰ

2098 2679 2337 2738 πάντων.
2368 2677 2443 2740 ὡς
2463 2676 2619 2729 αὐτοὶ
2644 2676 2986 2730 διετείνοντο.
3018 2674 3092 2729 T6
3142 2691 3201 2727 τε
3235 2678 3345 2742 γαρ
3380 2673 3454 2743 μὴ
3481 2673 3681 2739 γένους

2099 2773 2261 2840 φησὶν
2291 2769 2545 2824 εὔκλειαν
2570 2769 2756 2823 ἕλκειν
2780 2767 2888 2821 ἀπὸ
2911 2768 3020 2821 τῶν
3053 2766 3291 2834 φύντων,
3347 2765 3409 2818 τό
3437 2781 3497 2819 τε
3545 2781 3682 2817 συν-

2099 2862 2259 2930 εργδν
2285 2859 2539 2928 γενέσθαι
2569 2858 2644 2930 τῷ
2669 2850 2877 2930 βασιλεί
2910 2858 3169 2920 πολλάκις
3198 2859 3256 2920 ὲς
3289 2860 3388 2920 τὰς
3417 2856 3526 2910 τῶν
3546 2858 3686 2909 πολ-

2096 2953 2203 3006 λῶν
2254 2953 2544 3023 τιμωρίας,
2593 2951 2755 3006 ἱκανὰ
2788 2951 2962 3006 ταῦτα
3007 2954 3163 3020 μῖσος
3209 2951 3381 3004 δεινὸν
3433 2951 3691 3003 ἐντεκεῖν

2098 3046 2218 3107 ταῖς
2250 3043 2449 3116 ψυχαῖς
2479 3044 2589 3098 τῶν
2616 3042 2826 3098 πολλῶν
2852 3043 2975 3097 κατ’
3003 3040 3193 3097 αὑτοῦ.
3230 3043 3291 3096 Εἰ
3315 3041 3374 3095 δὲ
3403 3043 3497 3096 καὶ
3522 3042 3688 3112 βασι-

2097 3141 2245 3203 λείας
2268 3139 2377 3211 ἦρα
2403 3139 2499 3192 καὶ
2530 3139 2734 3208 ταύτην
2767 3138 3141 3208 ὠνειροπόλει,
3175 3137 3355 3200 καθώς
3381 3153 3525 3200 τινες
3557 3137 3683 3191 δια-

2070 3292 2077 3298 .
2099 3231 2388 3295 ϐάλλοντες
2416 3230 2748 3301 προῦφερον,
2769 3232 2926 3283 τοῦτο
2948 3228 3006 3282 δὲ
3028 3229 3213 3293 ποίους
3236 3229 3339 3283 οὐκ
3367 3229 3434 3284 ἂν
3467 3229 3570 3299 ανῆ
3585 3246 3683 3282 me

2098 3323 2296 3384 κακίας
2324 3322 2570 3392 πυρσοὺς
2601 3319 2742 3375 κατὰ
2771 3320 2871 3388 τῆς
2907 3319 3074 3374 αὑτοῦ
3112 3320 3391 3389 κεφαλῆςς
3420 3317 3610 3373 Ταῦτα
3637 3320 3685 3372 δ’

425 3385 645 3442 Etenim
708 3392 792 3445 vir
836 3394 929 3450 ille
987 3412 1111 3474 cum
1165 3410 1325 3455 antea
1380 3401 1445 3454 ad
1493 3401 1618 3454 talia
1652 3401 1999 3473 intelligenda

2102 3415 2200 3465 οὐκ
2228 3385 2470 3480 ἐλελήθει
2490 3385 2855 3474 Μουζάλωνα.
2883 3408 3063 3472 Δεινδς
3096 3385 3328 3477 μιν’γάῥ
3353 3407 3381 3459 6
3409 3406 3553 3476 ἀνὴρ
3588 3407 3688 3461 κσι

426 3489 619 3533 acutus
646 3480 844 3550 fuerat,
882 3495 993 3542 tum
1027 3488 1131 3544 hoc
1165 3492 1505 3562 negotiorum
1565 3502 1702 3548 aestu
1756 3491 2002 3550 fervente

2103 3502 2367 3573 πρότερον
2399 3496 2466 3572 ἦν
2494 3501 2551 3563 ἐς
2579 3500 2638 3554 τὸ
2667 3501 2911 3553 συνιέναι
2934 3499 3192 3553 τοιαῦτα*
3218 3497 3339 3551 τότε
3365 3498 3420 3550 δὲ
3451 3499 3545 3551 καὶ
3573 3499 3692 3550 τῶν

425 3578 481 3621 et
515 3574 800 3631 maximam
836 3580 885 3632 ei
915 3581 1084 3637 animi
1116 3584 1445 3639 anxietatem
1475 3585 1760 3653 afferente,
1791 3604 1851 3644 se
1882 3590 2002 3659 ipso

2104 3593 2448 3664 πραγμάτιον
2487 3591 2720 3657 ζεόντων
2750 3592 2846 3646 καὶ
2882 3590 3120 3658 ἀγωνίαν
3154 3589 3421 3661 μεγίστην
3456 3591 3522 3660 τῇ
3555 3590 3688 3665 τού-

427 3662 590 3730 longe
624 3667 944 3735 prudentior
984 3673 1294 3732 videbatur.
1334 3677 1506 3747 Igitur
1543 3680 1860 3747 proceribus
1890 3698 2005 3737 om-

428 3752 591 3807 nibus
645 3756 930 3816 celerrime
988 3761 1042 3816 in
1080 3766 1290 3821 curiam
1355 3769 1691 3832 convocatis,
1724 3772 2002 3827 dexteram

433 3846 702 3902 universis
752 3851 1022 3923 porrigit:
1058 3870 1123 3909 ae
1187 3865 1446 3926 tanquam
1500 3857 1730 3913 inferior
1771 3876 1894 3914 eum
1926 3863 2007 3916 eis

430 3936 759 4007 collocutus,
803 3943 945 3998 haud
998 3946 1235 4002 obscure
1282 3948 1410 4013 fert,
1459 3963 1521 4005 se
1559 3951 1796 4009 libenter
1832 3954 2008 4012 cuivis

430 4039 545 4083 tum
602 4034 1078 4094 administratione
1143 4040 1380 4109 imperii,
1447 4052 1561 4099 tum
1622 4047 1787 4101 tutela
1852 4049 2008 4118 pueri

433 4128 784 4192 imperatoris
811 4145 1092 4185 cessurum
1119 4145 1267 4187 esse.

506 4305 593 4361 ιν.
624 4306 894 4374 Quoniam
926 4328 1055 4368 vero
1082 4329 1274 4370 omnes
1321 4318 1487 4373 simul
1511 4322 1656 4376 velut
1682 4339 1748 4379 ex
1784 4340 2008 4396 compo-

433 4397 540 4453 sito
570 4403 919 4471 recusabant,
947 4413 1003 4459 et
1032 4421 1158 4461 eum
1191 4409 1594 4479 praeferendum
1627 4430 1748 4471 esse
1778 4423 2007 4476 confite-

442 4488 663 4557 bantur,
724 4510 888 4563 quem
931 4497 1165 4567 ipsemet
1222 4516 1405 4557 rerum
1441 4515 1497 4560 et
1546 4508 1702 4575 pueri
1759 4512 2009 4570 dominus

435 4597 834 4656 supremusque
896 4588 1100 4644 arbiter
1165 4591 1462 4663 imperator
1517 4582 1819 4665 digniorem
1856 4603 2008 4673 judi-

434 4690 616 4731 ca-set
650 4696 663 4732 :
701 4680 907 4735 Muzalo
962 4692 1143 4737 autem
1192 4687 1342 4742 nullo
1400 4690 1560 4745 modo
1610 4693 1857 4757 cedebat,
1912 4698 2007 4753 sed

438 4770 652 4825 fortiter
705 4774 1013 4841 resistebat,
1046 4778 1219 4833 Otium
1279 4780 1594 4850 praeferens,
1627 4795 1682 4840 et
1714 4792 2005 4859 negotium

338 4901 345 4907 .
437 4864 567 4915 tntis
606 4863 773 4917 animi
827 4866 1034 4921 viribus
1072 4883 1136 4923 ac
1186 4870 1532 4929 facultatibus
1587 4890 1617 4929 a
1650 4891 1708 4931 se
1741 4879 2007 4936 amoliens

438 4960 662 5021 propter
717 4954 1070 5024 obrvpeutem
1133 4961 1413 5029 invidiam,
1462 4980 1526 5020 ac
1579 4966 1634 5020 in
1695 4970 1884 5037 primis
1939 4972 2009 5026 ob

442 5044 773 5114 periculum,
828 5049 971 5115 quod
1028 5051 1364 5109 subobscure
1429 5056 1552 5112 inde
1595 5062 1893 5129 apparebat
1955 5072 2013 5118 et

440 5131 815 5200 conﬂabatur;
869 5135 1072 5192 idcirco
1129 5138 1502 5209 jusjurandum
1539 5145 1724 5214 priore
1769 5147 2011 5215 sanctius

440 5240 506 5279 a3
558 5226 732 5296 magis
786 5231 1128 5285 tremendum
1175 5232 1354 5288 datur.
1411 5234 1519 5306 65
1569 5233 1766 5291 Jurant
1819 5254 2014 5294 omnes

445 5326 554 5371 tam
605 5320 813 5375 nobiles
868 5337 1027 5392 quam
1077 5339 1140 5379 ex
1188 5325 1343 5395 plebe
1413 5328 1653 5394 militari,
1703 5330 1914 5399 sibique
1960 5340 2016 5385 et

444 5410 542 5464 toti
601 5410 821 5467 familiae
880 5430 992 5469 sua:
1043 5417 1266 5486 quilibet
1312 5418 1708 5487 imprecantur,
1749 5420 1803 5475 ni
1872 5421 2014 5491 quod

438 5493 738 5573 j'urassent,
765 5506 1016 5578 religiose
1041 5518 1345 5573 servarent,
1367 5525 1432 5565 ac
1468 5510 1733 5567 Muzaloni
1768 5513 2015 5578 tutelam,

2102 3703 2199 3739 του
2243 3683 2389 3755 ψυχῇ
2430 3682 2857 3753 προξενούντων,
2893 3682 3261 3752 συνετώτερος
3304 3682 3467 3746 αὐτὸς
3506 3678 3691 3737 ἐδόκει

2106 3776 2285 3847 πολλῷ
2319 3775 2534 3831 ἑαυτοῦ.
2567 3776 2679 3830 Καὶ
2704 3775 2768 3846 δὴ
2800 3774 2901 3845 τὴν
2922 3774 3189 3845 ταχίστην
3217 3776 3274 3839 ἐς
3301 3774 3692 3845 βουλευτήριον

2106 3867 2355 3931 ἅπαντας
2405 3868 2742 3936 μεγιστᾶνας
2790 3865 3160 3937 συνηθροικὼς
3198 3866 3382 3933 δεξιάν
3420 3883 3479 3919 τε
3510 3865 3690 3921 ἐδίδου

2105 3962 2221 4022 τοῖς
2250 3958 2393 4020 ὅλοις
2425 3959 2522 4011 καὶ
2553 3957 2662 4012 ἀπὸ
2697 3956 2791 4010 τοῦ
2826 3956 3050 4028 ἥττονος
3099 3953 3381 4024 προῦφερε
3432 3955 3529 4026 τὴν
3558 3958 3693 4026 ὀμιι-

2110 4052 2235 4105 λίαν
2258 4067 2274 4083 ·
2306 4051 2401 4104 xai.
2428 4050 2584 4120 δῆλος
2611 4044 2680 4120 ἦν
2715 4048 3135 4120 παραχωρήσων
3166 4045 3419 4116 ἁσμένως
3447 4046 3525 4116 τῷ
3559 4047 3659 4117 βου

2110 4142 2317 4212 λομένῳ
2338 4145 2436 4210 τὴν
2453 4140 2754 4213 ἐπιτροπὴν
2770 4141 2879 4193 τῶν
2904 4156 2965 4193 τε
3006 4138 3202 4193 κοινῶν
3227 4139 3571 4208 πραγμάτων
3595 4140 3696 4193 καὶ

2111 4233 2276 4289 αὐτοῦ
2306 4233 2371 4305 δὴ
2404 4233 2499 4287 τοῦ
2530 4233 2722 4295 παιδὸς
2742 4230 2844 4305 ετοῦ
2882 4230 3170 4301 βασιλέως.

2183 4332 2256 4382 Δ’.
2301 4328 2454 4380 Ἐπεὶ
2483 4326 2540 4380 δὲ
2587 4324 2787 4388 πάντες
2827 4323 2926 4392 μὲν
2965 4322 3155 4392 ὥσπερ
3187 4323 3294 4378 ἀπὸ
3339 4322 3694 4392 συνθήματος

2114 4416 2250 4486 ὁμοῦ
2306 4415 2667 4486 παρῃτοῦντο,
2720 4413 2885 4467 αὐτὸν
2923 4412 3294 4482 προτιμᾶσθαι
3339 4413 3447 4464 τῶν
3510 4412 3696 4466 ἄλλων

2112 4506 2522 4576 ὁμολογοῦντες,
2556 4505 2616 4558 δν
2644 4506 2737 4557 καὶ
2771 4504 3025 4574 βασιλεὺς
3053 4505 3215 4567 αὐτὸς
3235 4505 3263 4555 ὀ
3292 4504 3401 4556 τῶν
3430 4503 3698 4572 πραγμά-

2109 4615 2226 4650 των
2248 4601 2347 4651 καὶ
2375 4598 2470 4651 τοῦ
2492 4596 2677 4659 παιδὸς
2699 4594 2986 4648 ἐδικαίωσε
3010 4594 3196 4663 κύριός
3218 4612 3276 4648 τε
3304 4595 3397 4648 καὶ
3420 4594 3700 4664 αὐτοκρά-

2114 4707 2249 4758 τωρ,
2284 4692 2312 4743 ὁ
2353 4690 2409 4743 δὲ
2441 4688 2744 4753 Μουζὰλων
2794 4688 2904 4741 οὐδ’
2949 4687 3201 4740 ὁπωσοῦν
3246 4686 3514 4752 ἐνεδίδου,
3550 4685 3697 4739 ἀλλὰ

2115 4781 2380 4850 γενναίως
2409 4779 2722 4844 ἀνθίστατο,
2752 4780 2851 4848 τήν
2881 4795 2939 4831 τε
2968 4778 3202 4847 ἡσυχίαν
3233 4774 3561 4846 αἱρούμενος
3597 4776 3697 4829 καὶ

2114 4874 2175 4928 τὸ
2210 4874 2443 4943 πρᾶγμα
2470 4874 2859 4941 ἀποσειόμενος
2892 4870 3042 4933 ὅλαις
3078 4870 3278 4939 ὁρμαῖς
3310 4869 3407 4922 καὶ
3440 4868 3698 4937 κινήσεσι

2113 4964 2210 5032 τῆς
2240 4963 2414 5033 ψυχῆς
2437 4964 2527 5016 διά
2553 4980 2612 5014 τε
2643 4963 2734 5018 τὸν
2755 4963 3060 5031 ὑφέρποντα
3078 4959 3271 5029 φθόνον
3301 4956 3696 5028 τῷκπρὰγματι

2115 5057 2211 5109 καὶ
2245 5058 2480 5125 μάλιστα
2510 5055 2600 5107 διὰ
2627 5053 2722 5107 τὸν
2757 5053 3008 5107 ἐντεῦθεν
3043 5051 3476 5121 ὑποφαινόμενόν
3507 5065 3567 5102 τε
3596 5049 3697 5101 καὶ

2117 5148 2423 5218 πλαστουργ
2438 5149 2669 5216 σύμενον
2687 5146 2930 5199 κίνδυνον
2946 5164 2959 5177 ο
2979 5143 3408 5214 φρικωδέστεροι
3429 5140 3539 5194 τῶν
3558 5156 3699 5211 προ-

2109 5238 2282 5308 τέρων
2312 5239 2464 5306 ὅρκοι
2503 5238 2667 5291 πάλιν
2717 5239 2999 5305 ἐγίγνοντο
3022 5253 3036 5267 ο
3078 5236 3172 5290 καὶ
3206 5234 3425 5304 ὤμνυον
3449 5234 3695 5299 ἅπαντες

2111 5330 2227 5382 ὅσοι
2256 5330 2364 5381 τῶν
2395 5329 2452 5381 ἐν
2481 5328 2756 5399 ἀξιώματι
2795 5328 2889 5382 καὶ
2917 5328 3032 5381 ὅσοι
3058 5328 3153 5381 τοῦ
3183 5327 3361 5397 δήμου
3390 5325 3487 5380 τοῦ
3520 5341 3695 5397 στρα-

2113 5419 2389 5474 τιωτικοῦο
2419 5422 2512 5473 καὶ
2533 5422 2686 5489 σφίσι
2708 5436 2767 5473 τε
2798 5421 2981 5484 αὐτοῖς
3008 5417 3152 5492 ἦσαν
3179 5420 3523 5492 ὲπαρώμενοι
3555 5436 3698 5472 παν-

2115 5512 2379 5583 ωλεθρίαν
2424 5516 2517 5568 καὶ
2557 5514 2760 5568 ἅπαντι
2791 5512 2870 5583 τῷ
2900 5513 3045 5583 γένει
3075 5514 3224 5584 σφῶν
3248 5515 3501 5579 ἕκαστος,
3537 5515 3587 5566 εἰ
3615 5511 3699 5582 μὴ

1796 5628 2123 5689 Variorum
2161 5637 2343 5693 notae.

518 5722 634 5793 (291')
673 5725 878 5796 Irenen.
913 5726 1047 5781 Vide
1077 5742 1238 5795 Supra
1265 5743 1384 5796 cap.
1410 5727 1464 5793 9.,
1502 5743 1655 5783 num.
1688 5727 1739 5781 5.
1769 5729 1970 5783 Bon-In.

520 5797 632 5866 (‘26)
676 5795 849 5852 Verba
883 5808 1157 5865 suspecta,
1195 5800 1288 5853 sed
1332 5795 1471 5852 elarn
1515 5801 1803 5855 sententia.
1848 5799 2120 5855 Wi-Lrius.
