3984 6450
267 318 355 381 2m
523 314 600 386 [ι.
638 330 689 369 c.
730 314 866 369 1253
908 332 973 369 in
1021 310 1175 389 1259]

1325 319 1774 381 BYZ:\NTIN£
1816 318 2204 381 HISTORII‘E
2242 316 2391 379 LIB.
2433 318 2542 378 III.

2659 310 2788 384 [tua
2833 327 2977 367 πολε.
3025 311 3197 385 use]
3389 320 3499 383 202

270 432 497 498 ἀσμένως
523 432 808 500 δεξάμενοι
833 436 1064 503 τάχιστα
1095 436 1321 504 ἥκουσιν
1367 437 1394 488 ὃ
1418 422 1485 488 ’τε
1540 437 1813 488 Πελοπον-

1920 434 2201 503 princeps,
2237 436 2358 502 ejus
2386 449 2553 503 gener
2589 433 2732 500 (nam
2769 431 2942 499 ipsius
2988 431 3152 486 tiliam
3196 434 3404 487 Annam
3438 438 3492 491 in

271 529 413 593 νήσου
442 523 531 575 καὶ
571 524 792 593 Ἀχαΐας
819 526 1055 595 πρίγκιψ
1081 525 1194 596 (58)
1224 526 1475 596 γαμϐρὸς
1515 527 1608 578 ἐπὶ
1643 529 1810 597 ’Λννῃ

268 618 327 688 τῇ
358 616 578 684 θυγατρὶ
598 617 881 686 τυγχάνων
912 619 1079 671 αὐτοῦ
1108 618 1203 672 καλ⁵
1222 618 1250 670 ὁ
1280 621 1379 686 τῆς
1412 618 1661 682 Σικελίας
1689 620 1812 671 τότε

268 709 463 777 κρατῶν
499 709 718 779 Μαφρὲ,
768 709 1019 779 γαμϐρὸς
1070 712 1162 764 καὶ
1201 711 1363 774 αὐτὸς
1405 713 1498 763 ἐπὶ
1535 712 1723 782 Ἑλένῃ
1744 713 1810 780 τῇ

269 800 483 870 Θυγατρὶ
502 801 784 871 τυγχάνων
817 801 1010 868 αὐτοῦ,
1041 801 1248 872 πλῆθος
1274 803 1612 870 ἐπαγόμενοι
1642 822 1810 874 στρα-

269 893 375 954 τιᾶς
394 892 450 944 οὐ
483 892 620 947 πάνυ
666 909 749 946 τοι
782 895 955 965 ῥᾷστα
1000 894 1220 964 ἀριθμῷ
1266 894 1590 947 ὑποπίπτειν
1642 896 1813 961 ἐπαγ-

270 981 592 1049 γελλόμενον.
618 982 693 1035 Οὐ
724 985 833 1053 γάρ
875 983 1128 1036 τοσοῦτον
1171 984 1625 1053 συμμαχήσοντες
1679 979 1814 1054 ἧκον

267 1073 335 1142 τῷ
382 1072 617 1141 Μιχαὴλ,
682 1073 804 1126 ὅσον
853 1071 1034 1139 σφίσιν
1088 1071 1273 1134 αὐτοῖς
1330 1076 1813 1141 περιποιησόμενοι

268 1164 454 1228 πλάτος
500 1164 675 1235 ἀρχῆς
713 1164 806 1217 καὶ
849 1164 1033 1226 πόλεις
1070 1163 1379 1234 ἀλλοτρίας.
1418 1164 1526 1218 Καὶ
1576 1164 1685 1235 γὰρ
1713 1165 1814 1237 τὴν

269 1258 390 1325 μετᾶ
425 1254 517 1306 τὸν
553 1255 735 1308 Ἰόνιον
768 1254 965 1308 κόλπον
1014 1254 1174 1318 εὐθὺς
1202 1256 1331 1327 ἄχρι
1380 1252 1677 1320 Βυζαντίου
1704 1260 1814 1309 πᾶ-

267 1364 354 1399 σαν
385 1346 670 1415 Ῥωμαίων
722 1347 897 1415 ἀρχὴν
930 1346 1164 1417 ἤλπισαν
1205 1347 1346 1415 ἕξειν
1400 1349 1669 1420 άπονητίυ
1721 1352 1816 1404 καὶ

264 1438 328 1501 ὡς
356 1437 451 1506 ήδη
488 1437 720 1506 βεϐαίως
758 1437 971 1508 ἔχοντες
1016 1438 1204 1509 κλήρῳ
1251 1438 1458 1509 ταύτην
1493 1443 1632 1494 κατὰ
1672 1442 1816 1510 σφᾶς

264 1528 444 1589 αὐτοὺς
482 1527 855 1598 διελάγχανον,
889 1531 1019 1600 πρὶν
1057 1522 1301 1597 ἅψασθαί
1334 1531 1527 1602 ἔργου.

325 1620 393 1674 B'.
421 1621 534 1689 Τῆς
601 1621 655 1673 δὲ
684 1621 945 1692 λαμπρᾶς
975 1622 1179 1693 ταύτης
1228 1625 1325 1676 καὶ
1355 1625 1666 1696 θαυμασίας
1716 1644 1814 1679 πα-

1917 527 2266 581 matrimonio
2294 524 2568 589 habebat),
2593 534 2648 579 et
2667 523 2757 593 qui
2789 532 2902 579 tum
2927 522 2981 577 in
3010 523 3192 579 Sicilia
3233 528 3496 596 regnabat

1918 614 2249 681 Manl‘ret'us,
2284 632 2452 686 gener
2479 616 2593 686 ipse
2618 631 2858 685 quoque,
2890 613 3095 670 Helena
3122 612 3228 686 '72
3249 615 3494 686 ejusdem

1917 708 2021 761 ﬁlia
2055 723 2223 761 uxore
2250 708 2412 761 ducta
2441 724 2455 761 :
2488 718 2720 777 uterque
2741 706 2929 777 copias
2958 722 3144 763 secum
3171 707 3447 788 adducens
3475 749 3492 775 ,

1916 809 1973 852 ut
2009 798 2305 859 ferebatur,
2350 814 2518 869 prope
2549 795 3002 855 innumerabiles.
3049 796 3162 855 Nec
3204 798 3351 855 enim
3385 809 3492 855 tam

1915 888 2204 959 adjuvantli
2264 886 2547 944 Michaelis
2596 905 2760 960 quam
2801 903 2931 945 suas
2971 890 3207 946 ditiones
3257 891 3495 961 ampliﬁ-

1915 982 2073 1034 candi
2106 995 2291 1045 causa,
2326 990 2380 1034 et
2420 981 2629 1036 alienas
2663 982 2829 1035 urbes
2863 981 3203 1050 occupandi,
3241 983 3491 1037 aderant.

1919 1069 2223 1139 Sperabam
2251 1068 2461 1125 scilicet
2493 1070 2770 1124 Romanas
2816 1069 3132 1140 provincias
3158 1085 3352 1125 omnes
3378 1110 3393 1135 ,
3428 1071 3497 1125 ab

1917 1158 2070 1211 Ionio
2119 1159 2243 1213 sinu
2291 1159 2603 1229 Byzantium
2637 1172 2830 1229 usque,
2864 1174 2922 1214 se
2950 1160 3131 1214 statim
3162 1162 3365 1229 absque
3415 1160 3497 1214 la-

1914 1249 2049 1305 bore
2080 1262 2447 1320 occupaturos
2477 1268 2490 1303 :
2525 1261 2580 1306 et
2619 1252 2761 1304 haud
2799 1261 2958 1305 secus
2991 1266 3052 1303 ac
3077 1251 3123 1305 si
3165 1250 3276 1317 jam
3306 1267 3496 1306 earum

1914 1342 2317 1410 possessionem
2350 1341 2561 1396 ﬁrmam
2589 1343 2890 1404 haberent.
2926 1351 3076 1398 sorte
3111 1343 3230 1398 illas
3254 1382 3269 1411 ,
3313 1344 3496 1414 prius-

1915 1448 2076 1502 quam
2113 1433 2311 1487 bellum
2348 1433 2722 1500 inchoassent,
2748 1433 3175 1489 tiistribttebant.

1987 1622 2050 1678 ll.
2096 1622 2210 1680 lloc
2238 1624 2439 1679 illustri
2480 1632 2536 1679 et
2575 1624 2919 1680 memorabili
2965 1634 3229 1695 apparatu
3267 1625 3498 1683 Michael

246 1716 523 1784 ρισκευῆς
587 1715 644 1767 ἐν
692 1714 829 1783 ἀκοῇ
888 1713 1165 1778 καταστὰς
1198 1713 1286 1786 [Ρ.
1316 1713 1408 1788 45]
1448 1718 1477 1769 ὁ
1528 1717 1812 1787 Κομνηνὸς

1917 1714 2231 1771 Comneuus
2284 1716 2623 1786 PalmOIOgus
2669 1716 2892 1781 audito,
2948 1718 3112 1771 modo
3155 1718 3497 1787 despoticum

266 1783 485 1874 Μιχαὴλ
513 1807 541 1858 ὁ
588 1803 969 1874 Παλαιολόγος,
1005 1807 1132 1877 ἄρτι
1266 1783 1585 1861 δεσποτικὸν
1616 1783 1813 1878 ⁷περιε-

1920 1807 2134 1861 titulum
2170 1807 2427 1876 adeptus,
2462 1783 2818 1877 etipotestate
2852 1823 2948 1863 sua
2979 1806 3099 1879 ipso
3144 1783 3498 1865 administra-

265 1892 525 1960 ζωσμένος
553 1891 767 1962 ἀξίωμα
783 1896 879 1947 καὶ
909 1893 1264 1962 βεϐαιοτέραν
1291 1896 1348 1947 ἐν
1378 1897 1490 1957 τοῖς
1523 1896 1815 1968 πράγμασι

244 1980 351 2054 ’τὴν
376 1983 477 2053 τῆς
528 1984 775 2050 ἐξουσίας
813 1987 1324 2056 περιπεποιημένος
1353 1988 1555 2058 ἀρχὴν,
1606 1991 1816 2060 πέμπει

269 2075 414 2144 μηδὲν
460 2075 735 2146 μελλήσας
795 2076 889 2130 τὸν
939 2078 1109 2131 αὑτοῦ
1142 2077 1374 2149 ἀδελφὸν
1417 2080 1691 2150 Ἰωάννην,
1729 2100 1816 2135 σε-

268 2169 658 2239 εαστοκράτορα
673 2170 825 2233 ὄντα,
857 2172 1013 2240 χεῖρα
1043 2169 1245 2241 συχνὴν
1272 2172 1632 2240 ἐπαγόμενον.
1670 2175 1816 2243 Πέμ-

272 2262 415 2315 πειδέ
441 2264 542 2314 σὺν
571 2260 717 2331 αὐτῷ
775 2259 870 2315 καὶ
896 2260 1004 2315 τῶν
1036 2262 1138 2331 τῆς
1189 2261 1497 2334 συγκλήτου
1544 2265 1815 2334 λαμπρῶν

268 2352 352 2406 οὐκ
405 2353 626 2422 ὀλίγους
675 2354 973 2423 συνεργοὺς
1020 2355 1117 2407 καὶ
1177 2355 1586 2428 συλλήπτορας,
1625 2359 1814 2411 ὁπόσοι

267 2448 620 2516 στρατηγικῆς
672 2444 969 2517 ἐμπειρίας
1016 2446 1077 2499 οὐ
1128 2446 1270 2501 πάνυ
1305 2465 1388 2501 τοι
1436 2450 1619 2515 ἀδαεῖς
1663 2449 1814 2514 ὄντες

262 2536 576 2610 ἐτύγχανον·
608 2539 663 2591 ἐν
702 2531 782 2600 οἷς
827 2533 896 2605 ἧν
934 2537 1030 2591 καὶ
1080 2539 1299 2611 Καῖσαρ
1347 2540 1377 2593 ὁ
1430 2541 1815 2613 ἀμφιμήτριος

261 2631 471 2700 ἁδελφὸς
504 2628 670 2686 αὑτοῦ
721 2631 1129 2695 Κωνσταντῖνος
1159 2631 1252 2684 καὶ
1285 2630 1523 2700 Ἀλέξιος
1574 2635 1605 2687 ὁ
1641 2635 1815 2706 Στρα-

259 2725 584 2793 τηγὸττουλος
615 2725 785 2793 μέγας
814 2723 1141 2793 δομέστικος
1169 2723 1245 2776 ὥν
1270 2739 1285 2755 σ
1317 2726 1412 2778 καὶ
1461 2725 1600 2798 πρός
1630 2742 1695 2793 γε
1733 2725 1815 2779 ἔτι

257 2818 655 2881 Κωνσταντίνος
687 2819 716 2871 ό
763 2819 1062 2889 Τορνίκιος,
1096 2820 1124 2872 ὁ
1155 2816 1249 2870 τοῦ
1311 2817 1814 2891 σεδαστοκράτορος

258 2907 529 2979 πενθερὸς,
563 2910 734 2978 μέγας
758 2908 832 2962 ὣν
853 2905 1399 2981 πριμμικήριοςῘΗν
1430 2910 1488 2962 δὲ
1511 2909 1814 2980 τηνικαῦτα

254 3002 485 3070 ὁχρόνος
519 3004 627 3072 {'59)
665 3005 858 3075 μικρὸν
892 3008 1029 3075 μετὰ
1053 3004 1265 3074 τροπὰς
1301 3003 1518 3074 θερινὰς
1547 3002 1670 3057 κατ’
1712 3005 1814 3057 σύ-

1922 1897 2086 1953 tionis
2111 1898 2266 1953 initio
2294 1900 2557 1963 stabilita,
2592 1899 2732 1953 nihil
2764 1910 3009 1955 moratus
3034 1940 3048 1965 ,
3068 1901 3307 1955 fratrem
3334 1917 3498 1957 suum

1915 1989 2178 2044 Joannem
2222 1990 2713 2045 sebastocratorem
2733 2007 2858 2045 cum
2885 1994 3091 2064 magnis
3114 1993 3288 2063 copiis
3308 1994 3496 2051 mittit.

1917 2081 2077 2149 eique
2129 2080 2309 2134 socios
2362 2089 2418 2134 et
2448 2080 2730 2148 adjutores
2771 2081 3022 2151 adjuuglt
3052 2082 3201 2137 viros
3235 2083 3502 2137 senatorii

1918 2171 2130 2225 ordinis
2163 2170 2403 2224 illustres
2435 2185 2543 2225 non
2597 2186 2801 2241 paucos
2823 2209 2838 2234 ,
2863 2174 2956 2241 qui
2988 2171 3225 2242 aliquem
3250 2174 3329 2228 rei
3355 2174 3499 2227 mili-

1919 2261 2054 2316 taris
2085 2277 2242 2316 usum
2288 2260 2555 2317 haberent
2600 2282 2613 2317 :
2647 2264 2698 2317 in
2730 2265 2932 2333 quibus
2971 2266 3135 2319 etiam
3170 2263 3355 2321 Caesar
3379 2274 3504 2324 erat

1917 2351 2314 2408 Constantinus
2348 2394 2363 2418 ,
2419 2354 2672 2409 uterinus
2732 2355 2853 2423 ejus
2919 2354 3113 2423 frater,
3173 2366 3229 2412 et
3280 2358 3504 2413 Alexius

1916 2444 2357 2518 Strategopulus,
2390 2461 2623 2517 magnus
2685 2446 3019 2501 domesticus
3069 2465 3082 2501 :
3131 2459 3505 2521 prmtereaque

1915 2538 2303 2595 Constantinus
2328 2538 2636 2603 Tornicius,
2664 2538 3119 2595 sebastocratoris
3180 2556 3356 2606 socer,
3389 2558 3506 2596 ma-

1918 2648 2058 2704 gnus
2108 2632 2476 2702 primicerius.
2519 2632 2743 2687 Factum
2797 2632 2901 2686 hoc
2951 2640 3037 2687 cst
3068 2642 3193 2704 post
3254 2638 3501 2690 a-stivum

1918 2724 2237 2789 solstitium,
2276 2724 2377 2779 sub
2441 2724 2623 2794 ipsum
2660 2722 2884 2778 Orionis
2939 2732 2994 2778 et
3036 2724 3313 2780 Canicuhe
3347 2741 3505 2781 exor-

1919 2819 2057 2865 tum.
2116 2812 2289 2882 Igitur
2342 2809 2697 2879 Hellesponto
2752 2811 3042 2867 celerrime
3113 2815 3344 2882 trajectu
3405 2832 3505 2885 per

1917 2901 2215 2960 Thraciam
2249 2912 2307 2959 et
2339 2902 2716 2958 Macedoniam
2756 2903 3190 2974 proﬁciscentes,
3228 2908 3503 2963 Romanas

1918 3011 2109 3051 eorum
2162 2997 2408 3051 locorum
2445 2998 2690 3069 legiones
2733 3014 2840 3053 una
2874 3013 3060 3053 secum
3092 3016 3284 3056 omnes
3329 3004 3504 3057 addu-

253 3098 343 3158 τὰς
369 3095 429 3165 δὴ
459 3096 558 3158 τάς
602 3097 852 3166 Ὠρίωνος
884 3097 975 3150 καὶ
1016 3096 1195 3161 Κυνὸς
1236 3096 1498 3160 πλατείας
1531 3096 1808 3158 ἐπιτολάς.

1920 3098 2073 3154 eunt,
2107 3105 2229 3159 quae
2277 3089 2510 3159 sparsim
2549 3090 2603 3144 in
2646 3090 2896 3156 urbibus,
2939 3093 3092 3163 pagis
3128 3103 3184 3148 et
3220 3096 3365 3168 agris
3392 3097 3500 3166 73

256 3182 355 3236 Καὶ
381 3184 444 3256 δὴ
469 3186 570 3255 τὴν
597 3185 860 3256 ταλίστην
889 3184 1432 3257 διαπεραιωσάμενοι
1454 3188 1545 3240 τὸν
1586 3187 1818 3255 Ἑλλήσ-

256 3288 439 3349 ποντον
486 3272 658 3343 ᾔεσαν
699 3273 786 3326 διὰ
811 3274 1033 3349 Θρᾴκης
1061 3276 1155 3327 καὶ
1178 3275 1523 3339 Μακεδονίας
1552 3277 1690 3347 ὁμοῦ
1722 3277 1818 3331 καὶ

255 3365 316 3417 τὰ
346 3348 557 3418 ἐκεῖθεν
596 3348 1049 3436 συνεφελκόμενοι
1086 3368 1264 3421 πάντα
1306 3365 1597 3439 Ῥωμαϊκὰ
1648 3385 1818 3439 στρα-

254 3457 513 3527 τεύματα,
550 3459 723 3512 ὁπόσα
757 3459 1035 3530 σποράδην
1071 3459 1215 3518 κατὰ
1247 3460 1434 3523 πόλεις
1486 3462 1583 3513 καὶ
1622 3461 1818 3531 κώμας

255 3550 339 3600 καὶ
368 3548 576 3616 ἀγροὺς
631 3549 961 3619 ἔσχολακότα
1018 3551 1155 3614 τέως
1189 3549 1398 3619 διῆγον.
1434 3550 1741 3615 Μέλλοντος
1771 3552 1815 3605 δ’
1858 3616 1861 3619 _

257 3640 369 3692 ὅσον
397 3643 617 3695 οὐδέπω
648 3642 742 3696 τοῦ
771 3643 921 3712 ήλίου
957 3643 1054 3705 τὰς
1085 3643 1493 3712 φθινοπωρινὰς
1523 3644 1820 3713 ἰσημερίας

255 3734 535 3799 ἐπιτελεῖν,
568 3733 830 3800 φθάνουσι
860 3734 990 3804 περὶ
1028 3733 1284 3805 Ἀχρῖδαν
1312 3751 1370 3787 τε
1402 3735 1501 3788 καὶ
1533 3734 1813 3788 Δεάδολιν.

254 3825 486 3897 Φρούρια
518 3824 695 3880 ταῦτα
744 3825 1109 3891 Μακεδονίας,
1157 3825 1360 3896 πολλὴν
1418 3826 1815 3897 παρασχόμενα

253 3918 344 3984 τὴν
382 3918 686 3986 ἀσφάλειαν
717 3919 830 3981 τοῖς
862 3918 1169 3988 χρωμένοις
1213 3918 1418 3980 αὐτοῖς.
1453 3916 1676 3971 Τούτων
1715 3936 1815 3988 με-

1918 3180 2091 3235 Otium
2138 3189 2253 3235 tum
2287 3180 2547 3252 agebant.
2596 3178 2734 3236 Cum
2780 3196 2909 3236 vero
2937 3182 3159 3253 jamjam
3188 3189 3505 3244 autumnale

1919 3272 2313 3342 aequinoctium
2346 3272 2613 3334 instaret.
2650 3272 2719 3327 ad
2767 3273 3063 3328 Achridam
3120 3284 3176 3330 et
3221 3275 3501 3332 Deabolim

1919 3366 2275 3438 perveniunt.
2332 3363 2475 3422 Sunt
2532 3374 2715 3421 autem
2765 3380 2828 3421 ea
2888 3365 3220 3423 Macedoniae
3255 3370 3504 3438 pmsidia

1921 3459 1994 3512 ita
2027 3457 2236 3513 munita
2263 3499 2277 3524 ,
2331 3467 2390 3512 ut
2449 3472 2547 3514 eos
2578 3472 2607 3512 a
2638 3459 2839 3529 quibus
2871 3467 3145 3523 tenentur
3195 3463 3504 3518 tutissimos

1923 3559 2205 3620 praesmnt.
2238 3547 2391 3603 Inter
2449 3558 2748 3620 utrumque
2778 3551 2977 3607 castris
3012 3551 3209 3623 positis
3241 3554 3500 3623 audiunt,

1928 3638 2120 3691 hostes
2169 3636 2321 3706 ipsos
2368 3636 2425 3691 in
2474 3637 2705 3693 Aulonis
2741 3640 2972 3710 planitie
3001 3644 3414 3706 castrametari,
3445 3654 3504 3700 ut

1922 3728 2087 3782 ambo
2122 3727 2398 3784 exercitus
2430 3728 2718 3799 interiecto
2748 3740 2935 3787 monte
2965 3732 3365 3802 dividerentur,
3391 3735 3502 3791 Ro-

1920 3834 2118 3875 manus
2176 3835 2368 3877 versus
2418 3823 2895 3892 septentrionem,
2942 3823 3160 3882 bosﬁlis
3213 3837 3396 3884 autem
3429 3829 3502 3885 ad

1921 3916 2208 3973 meridiem
2236 3929 2489 3984 vergens.

252 4007 377 4072 ταξίι
421 4011 484 4062 τὺ
533 4008 744 4061 ἑαυτῶν
788 4010 1093 4077 πηξάμενοι
1143 4007 1509 4076 στρατόπεδον
1547 4007 1807 4061 ἀκούουσι
1847 4011 1943 4061 καὶ
2007 4008 2134 4068 τοὺς
2202 4005 2492 4074 πολεμίους
2543 4008 3071 4076 στρατοπεδεύοντας
3097 4012 3155 4072 ἐς
3181 4013 3248 4065 τὰ
3278 4015 3371 4065 τοῦ
3392 4015 3503 4065 Αὐ-

252 4102 409 4164 λῶνος
434 4101 734 4172 ἱππήλατα,
753 4102 827 4163 ὡς
852 4098 1178 4171 διαιρεῖσθαι
1208 4100 1275 4152 τά
1292 4097 1621 4168 ἀμφοτέρων
1647 4098 1986 4167 στρατόπεδα
2045 4097 2133 4148 διὰ
2199 4094 2293 4147 τοῦ
2364 4094 2570 4162 μεταξῦ
2638 4095 3061 4164 παρατείνοντος
3105 4099 3265 4167 ὅρους
3294 4102 3389 4154 καὶ
3411 4105 3499 4170 γε-

253 4192 433 4247 νεσθαι
463 4195 589 4256 τοὺς
633 4193 731 4263 μὲν
765 4192 1070 4259 Ῥωμαίους
1104 4190 1567 4261 ὰρκτικωτέρους,
1597 4189 1725 4250 τοὺς
1754 4189 1814 4241 δὲ
1850 4188 2145 4258 πολεμίους
2168 4185 2544 4255 νοτιωτέρους.

212 4278 225 4285 ’
316 4286 391 4341 Γ.
433 4289 498 4341 Oi
534 4288 716 4356 μέντοι
765 4287 1015 4355 πολέμιοι
1056 4284 1512 4356 περικαθίσαντες
1556 4285 1814 4354 ἐπολιόρ-

216 4372 223 4375 ’
256 4396 378 4434 κουν
409 4380 472 4435 τδ
525 4380 633 4433 τῶν
682 4379 1067 4451 Βελλεγράδων
1115 4377 1322 4448 ὑψηλόν
1374 4393 1436 4429 τι
1479 4377 1593 4442 καὶ,
1625 4376 1700 4439 ὡς
1739 4376 1815 4428 εί-

1995 4282 2085 4339 lll.
2142 4282 2221 4337 Ac
2280 4283 2463 4338 hostes
2493 4282 2714 4351 quidem
2767 4282 3140 4356 Beliegradum
3167 4329 3181 4353 ,
3215 4290 3498 4346 castellum

1921 4374 2251 4428 altissimum
2277 4383 2515 4443 etsupra
2538 4375 2719 4430 nubes
2745 4373 2858 4431 fere
2894 4378 3166 4445 eminens,
3195 4381 3500 4439 circumse-

214 4476 219 4479 “
255 4472 393 4536 πεῖν,
423 4469 792 4540 ὑπερνέφελον
823 4467 1109 4537 φρούριον,
1149 4464 1386 4535 μελέτην
1410 4464 1629 4536 ἔχοντες
1670 4463 1812 4533 μετὰ

1921 4468 2117 4523 dentes
2149 4467 2542 4538 oppugnabant
2576 4484 2590 4522 :
2632 4482 2699 4523 eo
2735 4468 2965 4524 consilio
2998 4480 3080 4536 ut,
3114 4481 3400 4543 postquam
3433 4476 3498 4529 il-

214 4554 223 4567 “
256 4561 354 4631 την
389 4563 604 4615 ἐκείνου
634 4560 1042 4631 καταστροφὴν,
1078 4558 1152 4621 ὡς
1187 4557 1249 4623 ἐξ
1275 4558 1620 4629 όρμητηρίου
1669 4557 1813 4627 λαμ-

214 4660 219 4669 ·
255 4652 386 4724 προΰ
411 4670 558 4714 τινος
606 4650 871 4721 κεχύσθαι
917 4652 1012 4705 καὶ
1056 4649 1200 4703 κατὰ
1236 4650 1335 4719 τῆς
1378 4650 1546 4719 ἄλλης
1596 4649 1819 4718 ἀπάσης

214 4744 469 4815 ’δυτικῆς
522 4743 631 4797 τῶν
677 4742 966 4811 Ῥωμαίων
1017 4741 1401 4808 ἐπικρατείας,
1441 4739 1699 4811 καθάπερ
1732 4757 1817 4803 τις

214 4848 219 4856 ·
256 4833 507 4897 πλούσιος
538 4834 784 4904 ποταμὸς
831 4831 888 4889 ἒξ
922 4832 1326 4903 δρουςλὺψηλοῦ
1374 4848 1522 4901 τινος
1550 4834 1610 4896 ὲς
1630 4833 1692 4886 τὸ
1720 4833 1820 4887 κά-

254 4943 440 4989 ταντες
474 4926 749 4997 ῥαγδαίως
808 4925 1201 4996 καταρραγείς·
1248 4925 1468 4995 μάταιοι
1516 4924 1619 4993 τῆς
1679 4927 1819 4978 ἀπο-

253 5018 608 5086 νοίας,ταῦτα
633 5017 944 5083 ἐλπίζοντες
977 5017 1013 5071 ἃ
1051 5018 1115 5088 δὴ
1146 5017 1208 5070 οὑ
1230 5016 1515 5072 τελέεσθαι
1553 5017 1814 5089 ἤμελλεν.

256 5111 324 5161 Οὐ
364 5110 475 5181 γὰρ
504 5109 701 5173 ἴσασιν,
732 5109 806 5172 ὡς
837 5110 987 5162 πᾶσα
1019 5108 1178 5179 ῥώμη
1203 5108 1456 5177 σώματος
1486 5111 1578 5163 καὶ
1607 5108 1817 5178 πλῆθος

257 5202 418 5256 ἵππου
465 5203 559 5253 καὶ
588 5202 767 5254 ὃπλων
790 5201 1059 5270 ἐπισκευὴ
1098 5202 1407 5271 μυρμήκων
1439 5201 1638 5269 ἀγέλης
1666 5202 1823 5254 οὐδὲν

1927 4559 2018 4615 Iud
2050 4566 2478 4629 expugnassent,
2509 4559 2633 4614 inde
2658 4561 2806 4616 velut
2834 4576 2899 4616 ex
2927 4575 3234 4633 opportuna
3263 4567 3500 4636 quadam

1926 4650 2164 4705 statione
2208 4651 2261 4705 in
2300 4666 2492 4706 omnes
2528 4651 2662 4705 alias
2711 4652 3081 4708 Romanarum
3133 4656 3500 4715 occidentales

1928 4742 2241 4811 provincias
2279 4750 2673 4804 excurrerent,
2714 4743 2889 4796 instar
2940 4744 3119 4816 magni
3155 4744 3397 4802 ﬂuminis
3434 4765 3501 4804 ex

1923 4834 2034 4888 alto
2066 4842 2251 4889 monte
2299 4834 2352 4885 in
2385 4832 2684 4901 subjectam
2714 4835 2906 4890 vallem
2939 4851 3063 4891 eum
3099 4837 3302 4907 impetu
3332 4854 3498 4894 ruen-

1925 4927 1992 4980 tis
2027 4944 2040 4980 :
2083 4925 2205 4978 vani
2241 4925 2461 4993 quidem
2496 4924 2571 4978 illi
2619 4935 2674 4980 et
2708 4927 3025 4993 dementes,
3056 4945 3178 4984 cum
3209 4946 3270 4985 ea
3300 4933 3500 4988 animis

1923 5017 2214 5087 agitarent,
2247 5032 2368 5086 quae
2400 5032 2509 5069 non
2545 5031 2869 5073 successura
2902 5032 3053 5075 erant
3092 5040 3106 5075 :
3136 5024 3311 5093 ignari
3341 5025 3502 5079 nitui-

1925 5124 2086 5172 rum,
2120 5124 2286 5162 omne
2337 5122 2630 5178 corporum
2671 5112 2861 5177 robur,
2919 5127 3137 5167 omnem
3194 5117 3501 5184 equitatum

1925 5215 2203 5255 armorum
2226 5214 2313 5270 jue
2364 5209 2684 5270 apparatum
2715 5241 2730 5266 ,
2761 5201 2872 5258 Deo
2910 5219 3019 5259 non
3055 5206 3336 5278 adjutante
3362 5249 3377 5273 ,
3433 5212 3502 5266 ab

1584 5342 1912 5403 'Variorum
1957 5350 2145 5403 noue.
3106 5359 3133 5370 υ

321 5470 429 5535 (38)
470 5468 788 5538 Pachymer.
834 5467 930 5521 lib.
962 5483 998 5529 I.
1036 5484 1155 5538 cap.
1187 5468 1275 5538 5i).
1306 5468 1394 5522 5i.
1449 5468 1497 5524 Is
1539 5468 1641 5523 fuit
1674 5469 1813 5529 \Gui-

258 5539 445 5593 lelmus
485 5540 550 5591 de
598 5536 738 5592 Villa
786 5538 1065 5595 llarduini.
1094 5536 1348 5593 Gau'fredi
1396 5538 1561 5593 Primi
1591 5540 1812 5594 Achaia:

258 5621 307 5661 et
338 5609 531 5661 Merrae
564 5609 822 5677 principis
848 5608 1011 5662 ﬁlius.
1052 5607 1190 5663 Vide
1215 5619 1441 5663 stemma
1476 5611 1631 5664 istius
1656 5612 1810 5663 lami-

259 5679 339 5734 lite
372 5685 643 5747 put-intum
678 5678 821 5731 notis
855 5678 1102 5734 Historia:
1132 5679 1376 5733 Gaul'ridi
1416 5679 1484 5735 de
1517 5677 1650 5733 Villa
1675 5679 1811 5734 l‘lar-

612 5772 879 5832 Ριτιιοι..
917 5773 1033 5834 (in.
1079 5772 1369 5835 CXLVIII
1437 5842 1440 5844 γ

1921 5468 2076 5543 duini
2111 5475 2167 5521 et
2199 5466 2492 5522 Historiam
2511 5469 3104 5543 France-Byzantina":
3131 5473 3225 5528 lib.
3253 5488 3303 5539 v,
3333 5472 3500 5531 n.16.
3580 5487 3585 5493 ’

1923 5542 2154 5594 llucsxo.

1993 5611 2104 5680 (59)
2145 5613 2303 5663 Anno
2334 5609 2489 5667 1259.
2522 5611 2757 5668 Ducam.
