3984 6468
462 353 572 418 203
755 348 835 423 [Α.
863 362 939 405 -u.-
977 347 1116 406 6767
1153 363 1222 405 AD
1263 347 1428 422 6768]

1731 348 2156 413 NICEPHORI
2211 300 2598 414 esseom

2907 344 3041 420 [ηερ.
3081 359 3232 403 toan.
3272 364 3353 404 LA‘
3367 347 3450 421 c.]
3622 356 3720 423 204

463 471 680 545 agmine
714 470 1069 526 formicarum
1119 488 1346 542 prorsus
1395 470 1533 527 nihil
1583 470 1828 528 dilferre.
1860 471 2050 540 Itaque

2158 471 2367 542 οὐδαμῆ
2397 472 2712 542 διενήνοχε,
2756 470 2833 542 μὴ
2873 473 3266 543 συναιρομένου
3306 472 3465 529 Θεοῦ.
3517 476 3604 530 Διὸ
3633 482 3723 534 καὶ

464 565 792 636 arrogantiae
822 575 876 621 et
906 565 1162 637 superbis
1193 566 1393 620 animis
1421 574 1530 620 tota
1560 582 1618 621 re
1646 566 1914 635 permissa
1940 563 2052 619 Ro—

468 672 664 711 manos
698 656 990 722 invadunt,
1029 669 1195 727 atque
1235 658 1371 713 adeo
1424 657 1847 730 cogitationibus
1895 655 2052 712 vanis

467 750 888 805 convenientem
922 749 1127 804 exitum
1163 751 1491 805 sortiuntur.
1525 747 1760 804 Romani
1784 763 1932 814 vero,
1959 747 2050 817 qui

467 854 592 895 sese
624 841 830 908 absque
862 841 1043 895 divina
1077 858 1182 912 ope
1215 841 1351 896 nihil
1373 857 1494 897 esse
1524 841 1913 913 intelligerent,
1943 841 2052 894 Deo

461 944 516 988 et
551 934 762 988 caelesti
797 934 1034 1002 auxilio,
1068 934 1335 1005 quidquid
1387 937 1843 1005 aggrederentur,
1889 933 2050 988 unice

461 1022 680 1090 confisi,
715 1023 980 1078 dimicare
1016 1041 1138 1078 cum
1171 1025 1331 1098 longe
1382 1025 1633 1096 pluribus
1675 1042 1784 1080 non
1829 1026 2047 1080 dubita-

463 1124 613 1182 runt,
650 1125 705 1170 ct
745 1117 1011 1170 illustrem
1067 1117 1356 1172 victoriam
1403 1119 1644 1188 propitio
1675 1117 1785 1190 74
1815 1117 2047 1172 Numine

465 1217 842 1283 reportarunt,
873 1218 933 1264 ut
959 1211 1145 1264 statim
1177 1209 1375 1265 dicturi
1411 1226 1622 1266 sumus.

536 1387 626 1441 1V.
659 1389 795 1444 Nam
824 1405 948 1445 cum
980 1390 1205 1461 propius
1244 1391 1452 1447 hostem
1503 1400 1681 1446 castra
1708 1392 2043 1462 posuissent,

462 1480 754 1550 quemdam
786 1480 1008 1535 mittunt
1035 1481 1308 1536 hominem
1342 1481 1496 1536 valde
1526 1481 1781 1536 idoneum
1807 1483 1874 1536 ad
1899 1499 2047 1536 com-

461 1571 762 1632 mittendas
797 1573 941 1627 inter
979 1589 1040 1628 se
1069 1581 1125 1627 et
1156 1574 1362 1629 mutuis
1388 1574 1679 1629 discordiis
1714 1577 2048 1629 conturban-

460 1665 559 1719 dos
587 1665 812 1719 hostiles
837 1666 1131 1720 exercitus.
1158 1665 1346 1736 Neque
1391 1667 1537 1721 enim
1574 1667 1627 1723 id
1659 1667 1794 1722 adeo
1825 1667 2044 1723 diﬂicile

460 1766 594 1820 erat,
636 1766 693 1810 ut
725 1757 838 1811 fieri
875 1772 984 1811 non
1033 1767 1254 1828 posset,
1286 1773 1409 1812 cum
1453 1758 1674 1812 Achaia:
1700 1759 1956 1829 princeps
1987 1770 2044 1814 et

457 1849 661 1906 Sicilia:
716 1865 806 1904 rex
863 1851 1136 1922 peregrini
1169 1861 1377 1917 essent,
1414 1865 1524 1906 non
1579 1851 1826 1922 ejusdem
1863 1855 2042 1923 gentis

456 1944 616 2014 cujus
646 1944 887 2016 Angelus
917 1945 1171 1999 Michael.
1214 1945 1397 2015 Surgit
1430 1945 1615 2016 itaque
1652 1945 1698 2001 is
1727 1937 2043 2010 confestim,

458 2055 521 2096 ac
550 2054 650 2110 per
689 2038 928 2110 speciem
957 2037 1251 2108 transfuga:
1282 2037 1348 2093 ad
1385 2038 1571 2092 hostes
1603 2049 1772 2093 noctu
1810 2039 2040 2103 transit,

456 2142 513 2198 et
543 2133 682 2187 clam
708 2148 832 2188 cum
856 2129 1064 2200 Augelo
1095 2129 1362 2186 Michaele
1393 2130 1642 2200 principe
1661 2129 1877 2185 Etoliaa
1909 2145 2044 2183 Cott-

456 2239 715 2295 grcssus,
755 2241 775 2274 ι
815 2222 986 2288 Scito,
1047 2222 1246 2292 inquit,
1307 2221 1468 2277 hodie
1508 2222 1605 2276 tibi
1644 2231 1699 2276 et
1732 2221 1840 2275 tuis
1863 2221 2043 2275 omni-

455 2316 561 2371 bus
623 2330 881 2386 magnum
930 2315 1238 2392 periculum
1287 2313 1629 2384 impendere.
1675 2313 1852 2366 Ambo
1897 2313 2042 2368 enim

457 2407 648 2480 generi
711 2408 788 2462 tui
842 2407 1119 2476 iidemque
1171 2405 1343 2471 socii,
1421 2416 1528 2460 tam
1578 2403 1939 2476 Peloponnesi
1991 2414 2046 2460 et

456 2499 680 2555 Achaiae
720 2499 980 2571 princeps
1007 2515 1170 2570 quam
1204 2497 1404 2553 Siciliae
1438 2513 1553 2562 rex,
1591 2496 1730 2554 clam
1762 2513 1859 2566 per
1893 2497 2045 2567 lega-

461 2601 546 2648 tos
576 2607 769 2661 pacem
795 2590 1062 2646 Romanis
1088 2590 1357 2655 oﬂ'erunt,
1386 2589 1434 2644 si
1476 2589 1580 2644 sibi
1609 2601 1773 2645 certae
1801 2589 2043 2662 largitio-

460 2699 562 2740 nes
593 2685 814 2739 dentur.
843 2682 900 2737 Si
941 2699 1071 2754 ergo
1105 2683 1254 2737 salus
1293 2691 1384 2737 tua
1419 2698 1564 2738 cura:
1595 2682 1692 2736 tibi
1741 2691 1847 2745 cst,
1882 2695 2042 2750 quam

458 2778 697 2849 primum
749 2776 844 2830 tibi
876 2777 1196 2848 prospicito,
1236 2776 1555 2846 priusquam
1594 2775 1808 2832 illorum
1841 2773 2044 2830 foedera

459 2879 513 2926 ct
546 2879 703 2940 pacta
733 2869 803 2924 ad
829 2870 1036 2924 exitum
1069 2868 1459 2939 perducantur.
1497 2887 1515 2919 ι
1554 2866 1739 2945 Credit
1763 2865 1992 2920 Michael
2026 2881 2042 2919 :

458 2974 515 3016 et
547 2977 604 3017 re
635 2961 818 3033 paucis
857 2976 1108 3029 suorum,
1135 2962 1338 3032 quibus
1371 2969 1588 3031 poterat
1629 2968 1685 3015 et
1715 2970 1932 3029 tempus
1973 2958 2046 3012 si-

460 3055 668 3121 nebat,
697 3056 836 3110 clam
867 3055 1130 3122 indicata,
1158 3066 1288 3108 ante
1317 3054 1448 3109 solis
1484 3062 1662 3108 ortum
1695 3051 1853 3124 fugit,
1885 3065 2043 3106 eum-

2153 564 2447 636 ἀλαζονείᾳ
2477 565 2539 618 τὺ
2585 565 2695 618 πᾶν
2747 563 3148 634 ἐπιτρέψαντες
3208 566 3304 619 καὶ
3337 567 3515 636 οίήσει
3560 568 3726 634 οὕτως
3772 547 3781 556 ’

2154 654 2399 726 ἐχώρουν
2449 656 2592 708 κατὰ
2638 654 2950 724 Ῥωμαίων.
2993 653 3160 710 Ταῦτ’
3191 655 3300 726 ἄρα
3354 659 3447 711 καὶ
3481 661 3590 722 τοῖς
3632 679 3723 729 μαι

2151 746 2323 810 ταίοις
2377 748 2662 817 λογισμοῖς
2710 748 2975 816 ἀνάλογον
3036 748 3402 819 ἐπηκολούθει
3450 751 3512 804 τὸ
3554 752 3722 818 τέλος.

2153 841 2216 894 Oi
2275 840 2333 893 δὲ
2388 839 2654 909 Ῥωμαῖοι
2716 839 2871 893 οὐδὲν
2922 840 3152 902 ἑαυτοὺς
3187 839 3535 911 λογιζόμενοι
3592 843 3725 916 πλὴν

2150 933 2248 1002 τῆς
2281 931 2467 985 Θεόθεν
2509 933 2836 1002 ἐπικουρίας
2877 932 2996 1000 Θεῷ
3048 934 3141 985 καὶ
3171 935 3238 1001 τῇ
3290 933 3505 986 ἐκεῖθεν
3539 935 3722 1004 ἀρωγῇ

2152 1027 2333 1078 πᾶσαν
2355 1024 2453 1093 τὴν
2481 1025 2629 1094 σφῶν
2659 1025 2842 1082 αὐτῶν
2868 1025 3266 1094 ἐπιτρέψαντες
3298 1025 3515 1096 κίνησιν
3537 1027 3728 1093 διαγω-

2151 1118 2395 1182 νίζεσθαι
2419 1119 2558 1184 πρὸς
2583 1116 3022 1178 πολλαπλασίους
3054 1116 3394 1188 ἐθάρρησαν·
3430 1117 3524 1170 καὶ
3553 1119 3727 1188 μέντοι

2152 1209 2249 1264 καὶ
2302 1209 2565 1279 λαμπρὰν
2619 1209 3018 1280 συναιρομένου
3046 1207 3181 1261 Θεοῦ
3211 1209 3310 1280 τὴν
3342 1209 3503 1281 νίκην
3538 1210 3724 1280 εἰργά-

2153 1320 2338 1367 σαντο,
2385 1303 2459 1365 ὡς
2495 1303 2697 1354 αὐτίκα
2736 1303 3040 1372 εἰρήσεται.

2221 1394 2296 1450 A'.
2347 1393 2506 1448 Ἐπεὶ
2534 1397 2641 1465 γὰρ
2684 1396 2850 1464 ἐγγυς
2898 1396 2998 1466 ἤδη
3047 1396 3156 1449 τῶν
3207 1395 3487 1465 πολεμίων
3519 1397 3568 1450 οἱ
3610 1397 3729 1450 Ῥω-

2153 1490 2304 1559 μαῖοι
2338 1487 2614 1557 ἐπήξαντο
2647 1489 2715 1540 τὰ
2758 1487 3129 1557 στρατόπεδα,
3181 1489 3465 1557 πέμπουσι
3501 1488 3565 1559 δή
3610 1505 3726 1542 τινα

2145 1579 2255 1631 τῶν
2292 1578 2438 1648 μάλα
2477 1577 2800 1646 ἐπιτηδείων
2830 1577 3215 1647 ἐκπολεμῶσαι
3251 1579 3344 1630 καὶ
3398 1575 3727 1647 συνταράξαι

2147 1672 2272 1725 κατ’
2344 1671 2591 1740 ἀλλήλων
2686 1673 2755 1724 τὰ
2815 1671 2924 1724 τῶν
2993 1671 3266 1740 πολεμίων
3324 1669 3726 1740 στρατεύματα.

2146 1765 2222 1820 Οὐ
2253 1765 2361 1835 γὰρ
2403 1765 2464 1818 ἓν
2493 1781 2546 1817 τι
2577 1765 2685 1817 τῶν
2738 1765 3019 1817 ἀδυνάτων
3053 1765 3140 1835 [Ρ.
3176 1761 3265 1834 44]
3319 1763 3479 1815 τοῦτό
3535 1778 3597 1830 γε
3640 1757 3726 1832 ἦν,

2144 1856 2240 1914 τοῦ
2311 1876 2372 1913 τε
2429 1857 2528 1928 τῆς
2607 1857 2829 1930 Ἀχαΐας
2888 1857 3187 1927 πρίγκιπος
3256 1856 3352 1909 καὶ
3410 1853 3510 1908 τοῦ
3567 1853 3728 1924 pm;

2144 1955 2391 2018 Σικελίας
2440 1953 2782 2023 ὲτεροφύλων
2849 1952 3018 2006 ὄντων
3093 1955 3188 2007 καὶ
3262 1953 3362 2022 ούχ
3450 1949 3728 2021 ὁμογενῶν

2143 2048 2222 2120 τῷ
2267 2046 2511 2117 Ἀγγέλῳ
2541 2047 2784 2116 Μιχαὴλ.
2823 2044 3127 2107 Διαναστὰς
3171 2041 3264 2096 οὖν
3316 2045 3526 2106 ἐκεῖνος
3561 2042 3711 2097 αὐτό-

2146 2140 2239 2192 θεν
2270 2139 2570 2208 αὐτόμολος
2599 2136 2762 2206 δῆθεν
2807 2135 2977 2206 ἀπῄει
3024 2136 3244 2206 νύκτωρ
3293 2135 3349 2197 ἐς
3392 2135 3523 2196 τοὺς
3578 2133 3728 2187 πολε-

2147 2231 2306 2302 μίους
2367 2232 2464 2284 καὶ
2512 2224 2832 2298 προσελθὼν
2871 2224 3048 2296 λάθρα
3082 2223 3158 2294 τῷ
3197 2223 3296 2294 τῆς
3325 2224 3599 2286 Αἰτωλίας
3627 2223 3724 2294 ἄρα

2144 2341 2293 2394 χοντι
2341 2320 2565 2392 Μιχαὴλ
2599 2320 2675 2389 τῷ
2721 2318 2964 2389 Ἀγγέλῳ
2992 2359 3007 2384 ,
3049 2336 3066 2369 ι
3105 2317 3274 2384 "lcet,
3319 2335 3338 2370 ι
3369 2317 3558 2388 φησὶν,
3603 2337 3621 2370 ι
3657 2316 3729 2378 ὼς

2149 2416 2234 2469 σοί
2269 2431 2328 2468 τε
2361 2416 2456 2468 καὶ
2488 2414 2625 2466 πᾶσι
2656 2413 2770 2474 τοῖς
2810 2411 2918 2465 ὑπό
2969 2427 3028 2464 σε
3069 2410 3247 2480 μέγας
3277 2410 3590 2479 ἐπήρτηται
3616 2408 3730 2463 κίν-

2145 2508 2302 2570 δυνος
2352 2507 2614 2576 σήμερον
2648 2505 2817 2573 ἄμφω
2864 2502 2975 2574 γὰρ
3037 2505 3088 2556 oi
3125 2501 3224 2555 σοὶ
3276 2503 3522 2574 γαμϐροί
3554 2520 3611 2556 τε
3643 2501 3732 2555 καὶ

2148 2597 2456 2668 σύμμαχοι,
2492 2597 2520 2648 ὅ
2561 2611 2622 2647 τε
2651 2593 2891 2666 πρίγκιψ
2917 2593 3346 2664 ,Πελοποννήσου
3377 2594 3474 2648 καὶ
3515 2594 3733 2664 Ἀχαΐας

2147 2689 2244 2743 καὶ
2268 2689 2296 2741 ό
2319 2687 2420 2757 τῆς
2447 2686 2703 2750 Σικελίας
2731 2685 2833 2756 ῥὴξ
2862 2685 3042 2754 λάθρα
3070 2685 3569 2754 διαπρεσϐεύονται
3599 2682 3731 2754 πρὸς

2158 2777 2470 2849 Ῥωμαίους
2508 2777 2635 2848 περὶ
2695 2774 2942 2832 σπονδῶν
2990 2775 3083 2827 ἐπὶ
3137 2775 3330 2845 δώροις
3390 2775 3635 2837 τακτοῖς.
3669 2769 3739 2826 El

2149 2891 2232 2928 σοι
2281 2871 2464 2926 τοίνυν
2520 2870 2669 2939 ζωῆς
2725 2868 2903 2938 μέλει,
2959 2866 3302 2936 προνοήθητι
3337 2865 3439 2931 τὴν
3473 2865 3736 2935 ταχίστην

2151 2967 2378 3029 σαυτοῦ,
2411 2966 2542 3035 πρὶν
2583 2965 2665 3026 είς
2706 2965 2879 3034 πέρας
2913 2963 3088 3015 ἐλθεῖν
3114 2962 3211 3023 τὰς
3237 2959 3468 3011 ἐκείνων
3507 2955 3738 3017 σπονδάς

2145 3079 2207 3116 τε
2234 3063 2329 3116 καὶ
2355 3059 2698 3129 συμφωνίας.
2748 3074 2766 3106 ι
2797 3054 3056 3107 Πείθεται
3082 3054 3110 3104 ὁ
3138 3051 3363 3121 Μιχαὴλ
3406 3051 3495 3102 καὶ
3527 3050 3731 3116 διαμη-

461 3163 571 3217 que
601 3147 697 3207 alii
727 3155 892 3218 atque
923 3145 1038 3213 alii,
1074 3162 1200 3204 cum
1216 3148 1284 3204 de
1307 3147 1428 3217 ejus
1447 3146 1572 3216 fuga
1605 3145 1810 3216 aliquid
1845 3159 2037 3199 susur-

2158 3155 2446 3223 θυσάμενος
2498 3149 2676 3220 ἡσυχῆ
2739 3147 2849 3200 τῶν
2900 3144 3124 3199 οἰκείων
3171 3143 3404 3206 ὁπόσους
3459 3140 3628 3203 αὑτός
3681 3153 3739 3190 τε

465 3239 578 3295 rari
606 3239 882 3305 audirent,
906 3249 1250 3309 sequuntur:
1275 3249 1442 3308 atque
1489 3239 1564 3298 ita
1588 3237 1822 3307 sparsim
1851 3251 2050 3292 omnes

465 3333 583 3403 ejus
617 3333 822 3388 milites
845 3331 936 3386 alii
996 3331 1138 3396 alios
1166 3331 1294 3402 fuga
1339 3339 1688 3396 antevenere
1743 3329 2068 3393 studentes,

469 3431 528 3486 in
562 3431 730 3501 pedes
754 3442 878 3488 sese
917 3429 1304 3500 coniecerunt.

537 3717 603 3774 Ἴ.
637 3715 794 3770 Mane
834 3731 967 3771 vero
1019 3715 1153 3772 socii
1200 3713 1548 3785 experrecti,
1594 3711 1722 3784 fuga
1773 3710 2058 3769 Michaelis

468 3810 688 3882 cognita
717 3808 1040 3880 (cujusque
1082 3821 1250 3863 causa
1289 3813 1436 3862 esset
1461 3843 1479 3872 ,
1529 3805 1677 3860 nulla
1732 3806 2058 3876 conjectura

471 3905 737 3974 consequi
768 3903 1069 3973 poterant),
1097 3915 1212 3971 pra:
1239 3910 1468 3970 stupore
1507 3900 1922 3963 obmutuerunt,
1951 3896 2057 3968 75

469 4006 527 4052 et
562 3995 842 4050 Romanos
870 3994 1042 4050 armis
1076 3993 1352 4049 lacessere
1385 3991 1544 4048 veriti
1573 4000 1739 4057 sunt,
1769 3999 1888 4046 tum
1913 3991 2058 4061 quod

471 4090 604 4161 quid
631 4097 891 4161 ageretur
951 4088 1292 4158 ignorarent,
1317 4096 1432 4141 tum
1458 4085 1607 4156 quod
1633 4083 1739 4154 ipsi
1770 4084 2062 4154 pauciores

469 4184 580 4254 jam
614 4192 820 4242 essent.
851 4181 944 4251 qui
977 4178 1420 4235 numerosissimi
1471 4187 1633 4233 antea
1667 4175 1911 4233 fuerant.
1947 4165 2061 4230 lia-

473 4293 582 4348 que
615 4277 668 4331 in
725 4274 910 4344 fugam
966 4284 1281 4340 vertuntur,
1317 4289 1379 4329 se
1428 4289 1460 4328 a
1502 4271 1772 4327 Michaele
1815 4268 2062 4341 proditos

474 4370 605 4425 rati.
655 4371 762 4424 Eos
791 4370 960 4440 igitur
994 4369 1070 4424 ita
1113 4368 1363 4423 turbatos
1405 4366 1636 4421 Romani
1685 4362 1832 4419 facto
1870 4362 2059 4418 statim

473 4461 680 4531 impetu
717 4460 892 4516 adorti
933 4461 1226 4516 maximam
1285 4468 1498 4528 partem
1543 4457 1909 4512 ceciderunt:
1950 4470 2061 4510 ca:-

475 4564 646 4618 tcros,
683 4554 874 4624 paucis
900 4553 1176 4623 exceptis,
1200 4551 1361 4606 vivos
1402 4556 1696 4618 ceperunt,
1730 4547 1874 4604 inter
1921 4561 2060 4618 quos

478 4650 596 4720 ipse
620 4647 987 4719 Peloponnesi
1035 4656 1092 4701 et
1121 4645 1341 4700 Achaia:
1384 4643 1643 4715 princeps
1687 4641 1810 4696 fuit.
1859 4640 2063 4698 Siciliae

475 4757 612 4798 vero
642 4756 738 4796 rex
779 4755 904 4796 cum
947 4739 1234 4812 perpaucis
1267 4753 1493 4795 suorum
1535 4737 1677 4792 clam
1703 4735 1914 4808 eﬂ‘ugit.

2161 3245 2386 3301 ἐδύνατο
2427 3243 2520 3295 καὶ
2557 3243 2584 3294 ὁ
2611 3242 2807 3311 καιρὸς
2838 3237 3117 3309 ἐχορήγει,
3155 3233 3373 3305 φεύγων
3401 3233 3580 3304 ᾡχετο
3615 3229 3742 3300 πρὶν

2159 3334 2498 3408 ἥάνατεῖλαι
2543 3335 2634 3385 τὸν
2680 3332 2855 3402 ἣλιον.
2911 3329 3022 3382 Καὶ
3076 3327 3267 3382 τούτου
3320 3325 3561 3378 κατόπιν
3589 3321 3742 3380 ἄλλος

2162 3404 2222 3494 ἐξ
2255 3425 2415 3478 ἄλλου
2453 3423 2550 3494 τὴν
2608 3419 2788 3491 φυγὴν
2845 3416 3280 3488 ψιθυριζομένην
3317 3413 3614 3475 ἀκούοντες
3651 3404 3742 3462 τοῦ

2163 3519 2382 3591 Μιχαὴλ
2418 3516 2686 3587 σποράδες
2725 3513 2877 3568 ἔθεον
2928 3510 3174 3572 ἅπαντες
3208 3509 3259 3561 οί
3291 3505 3651 3578 στρατιῶται,
3675 3500 3740 3569 τῇ

2163 3615 2312 3683 φυγῇ
2341 3611 2749 3682 προλαμϐάνειν
2775 3606 2964 3676 ἕτερος
2989 3604 3079 3656 ’έτε
3091 3619 3182 3674 ρον
3217 3598 3567 3660 σπεύδοντες.

2236 3707 2310 3764 Ε’.
2352 3705 2506 3770 ’Ἅμα
2529 3702 2572 3755 δ’
2612 3701 2687 3771 ’ἐῳ
2715 3698 3089 3769 διεγερθέντες
3125 3694 3177 3746 οἱ
3210 3691 3490 3768 σύμμαχοι
3515 3689 3615 3743 καὶ
3651 3685 3746 3756 τὴν

2169 3800 2267 3874 μὲν
2291 3802 2470 3869 φυγὴν
2499 3795 2764 3867 μαθόντες
2795 3791 2889 3844 τοῦ
2921 3786 3164 3858 Μιχαὴλ,
3207 3786 3310 3854 τὴν
3337 3785 3395 3874 δὲ
3432 3783 3532 3852 τῆς
3569 3779 3744 3874 φυγῆς

2164 3869 2344 3949 αἰτίαν
2367 3891 2468 3944 οὐκ
2491 3888 2704 3960 ἔχοντες
2736 3883 3057 3953 συμϐαλεῖν,
3095 3880 3315 3950 ἀχανεῖς
3350 3870 3512 3946 ἦσαν.
3555 3873 3666 3928 Καὶ
3687 3869 3747 3922 τδ

2167 3988 2267 4058 μὲν
2288 3984 2430 4039 ὅπλα
2472 3981 2617 4037 κατὰ
2657 3975 2950 4047 Ῥωμαίων
2982 3975 3156 4032 κινεῖν
3178 3963 3750 4058 ἀπηγόρεμονητοῦτο

2166 4047 2267 4145 μὲν
2300 4073 2398 4128 καὶ
2434 4071 2510 4135 ὡς
2552 4065 2879 4138 ἀγνοοῦντες
2924 4062 2991 4116 τὰ
3037 4058 3318 4133 δρώμενα,
3351 4054 3515 4108 τοῦτο
3557 4053 3616 4107 δὲ
3653 4047 3748 4104 καὶ

2162 4169 2238 4232 ὡς
2274 4164 2603 4238 βραχύτεροι
2630 4158 2725 4212 τὸν
2754 4154 2988 4225 ἀριθμὸν
3036 4153 3100 4204 ὲκ
3142 4153 3284 4203 πάνυ
3327 4145 3542 4200 πολλῶν
3577 4157 3747 4198 κατα-

2165 4261 2416 4321 στάντες.
2442 4253 2609 4309 Ὅθεν
2640 4249 2737 4303 κα)⁵
2781 4248 2920 4318 πρὸς
2946 4243 3126 4314 φυγὴν
3151 4241 3255 4312 ἤδη
3281 4238 3579 4309 ἐτρέποντο
3619 4249 3749 4304 προ-

2161 4351 2480 4420 δεδομένους
2509 4343 2737 4405 ἑαυτοὺς
2777 4340 2884 4394 ὑπὸ
2915 4335 3140 4409 Μιχαὴλ
3194 4331 3574 4401 λογισάμενοι.
3611 4324 3749 4420 Τού-

2163 4418 2296 4508 τοις-
2335 4442 2478 4497 οὕτω
2535 4435 2974 4506 τεταραγμένοις
3025 4429 3310 4499 αἰφνιδίως
3363 4426 3416 4478 οἱ
3485 4418 3748 4488 Ῥωμαῖοι

2165 4534 2589 4596 ἐπεισπεσόντες
2629 4529 2756 4591 τοὺς
2798 4529 2898 4598 μὲν
2943 4523 3231 4584 πλείστους
3269 4516 3430 4588 ἔργον
3459 4515 3750 4582 ἀπέφηναν

2167 4631 2397 4698 ξίφους,
2438 4625 2568 4687 τοὺς
2607 4620 2652 4676 δ’
2696 4619 2894 4681 ἄλλους
2953 4615 3094 4684 πλὴν
3142 4611 3341 4674 ὀλίγων
3400 4605 3750 4698 ἐξῴγρησαν,

2169 4692 2291 4796 μεθ’
2317 4713 2394 4775 ὧν
2416 4714 2486 4789 ἢν
2511 4719 2604 4770 καὶ
2626 4716 2653 4768 ὁ
2685 4707 2924 4783 πρίγκιψ
2947 4703 3359 4796 Πελοποννήσου
3387 4698 3484 4796 καλ
3499 4692 3753 4796 Ἀχαΐας.

2178 4786 2241 4870 ³ο
2298 4813 2358 4869 δι
2407 4786 2505 4882 τῆς
2540 4806 2797 4867 Σικελίας
2833 4799 2938 4874 pip:
2985 4796 3171 4869 διέδρα
3202 4793 3384 4850 λαθὼν
3419 4789 3520 4844 σὺν
3548 4786 3754 4854 ὀλίγοις

2166 4910 2311 4966 πάνυ
2340 4907 2448 4963 τῶν
2471 4901 2691 4959 ἑαυτοῦ.
