3984 6456
301 400 397 462 213

532 395 582 466 [Α
646 410 694 450 c.
745 395 884 451 ηεξ)
925 411 990 449 τι)
1032 369 1192 468 mea}
1309 397 2165 462 BYZAXTINEIlleQBuE
2189 399 2461 469 LIB.IV.

2577 393 2713 467 [ιιιρ.
2753 408 2902 451 mea.
2940 393 3283 469 ιιριιιεοιοο]

3426 398 3562 466 ειερ

294 517 493 573 ουτικδν
511 516 602 569 καλ
621 514 947 568 Θετταλικὸν
969 514 1176 568 ἔπαυσε
1201 514 1349 586 δόρυ,
1375 533 1472 585 την
1498 516 1680 587 μάχην
1703 516 1849 585 φημὶ

1973 499 2290 584 'epresserart
2317 514 2404 585 (dc
2449 531 2630 586 pugna
2661 517 3009 572 Acarnanum
3043 527 3098 573 et
3123 515 3430 573 Etolorum
3466 519 3548 575 lo-

295 609 392 664 τῶν
416 624 472 660 τε
507 605 855 678 Ἀκαρνάνων
893 607 988 661 καὶ
1026 607 1304 674 Αἰτωλῶν,
1341 609 1438 662 καὶ
1478 609 1574 678 τῆς
1607 611 1855 679 πονηρᾶς

292 702 494 769 ἐκείνης
531 699 686 771 ῥίζης
729 700 894 754 πάλιν
935 699 1240 768 ύπεφύοντο
1289 703 1503 773 πονηρά
1554 708 1648 758 καὶ
1689 705 1855 758 ἀκαν-

294 795 425 864 θώδη
457 793 832 862 βλαστήματα,
876 793 970 846 καὶ
1000 793 1163 846 πάλιν
1193 793 1373 863 ὅρκων
1419 793 1729 864 ἀνατροπαὶ
1758 796 1854 848 καὶ

297 890 458 960 μάχαι
504 887 800 957 πολεμικαὶ
844 886 938 939 τοῦ
985 885 1294 940 ἀποστάτου
1338 886 1581 958 Μιχαήλ.
1636 887 1854 956 Πέμπει

292 980 570 1050 τοιγαροῦν
587 979 726 1034 κατὰ
743 979 908 1050 τάχος
931 977 1020 1034 ἐπ’
1040 981 1248 1033 ἐκεῖνον
1271 981 1298 1032 ὁ
1321 977 1578 1050 βασιλεὺς
1597 979 1856 1051 Καίσαρα

293 1075 378 1128 τὸν
415 1071 913 1143 Στρατηγόπουλον,
961 1070 1088 1136 δοὺς
1127 1070 1278 1141 αύτῷ
1322 1070 1418 1125 καὶ
1455 1070 1717 1134 Βιθυνοὺς
1757 1072 1856 1143 μὲν

293 1163 508 1228 ὁπλίτας
529 1163 722 1233 μικρὸν
740 1161 882 1233 ὑπὲρ
903 1163 1028 1226 τοὺς
1048 1162 1427 1230 ὀκτακοσίους,
1447 1163 1574 1228 τοὺς
1599 1163 1643 1216 δ’
1661 1161 1856 1228 ἀλλους

293 1255 512 1316 ὁπόσους
540 1255 573 1324 ἡ
596 1251 751 1322 χρεία
775 1251 987 1324 ζητοίη,
1013 1254 1476 1324 στρατολογήσειν
1509 1255 1673 1308 αὐτὸν
1701 1254 1766 1308 ἐκ
1794 1271 1855 1308 τε

294 1347 504 1417 Θρᾴκης
527 1348 617 1398 καὶ
633 1345 996 1410 Μακεδονίας.
1020 1346 1353 1416 Προστάττει
1370 1347 1415 1400 δ’
1438 1347 1588 1418 αὐτῷ
1604 1348 1696 1400 καὶ
1718 1347 1860 1417 πάρ-

295 1454 444 1508 εργον
475 1437 594 1490 ὁδοῦ
625 1437 954 1506 ποιήσασθαι
986 1437 1107 1508 μεθ’
1139 1431 1213 1491 ὧν
1253 1437 1583 1510 ἐπιφέρεται
1612 1438 1859 1492 Βιθυνῶν

295 1526 524 1579 ὁπλιτῶν
545 1527 641 1594 τὴν
671 1526 756 1580 διὰ
783 1527 893 1580 τῶν
913 1527 1007 1580 τοῦ
1036 1528 1334 1592 Βυζαντίου
1365 1531 1712 1598 προαστείων
1745 1531 1860 1586 διά·-

296 1620 468 1686 6ασιν,
505 1619 734 1690 θορύϐου
767 1621 910 1684 τινὸς
943 1620 1108 1677 ἕνεκα
1136 1622 1247 1676 τῶν
1287 1623 1346 1676 ἐν
1381 1621 1662 1694 Βυζαντίῳ
1695 1624 1862 1678 Λατί-

297 1731 394 1774 νων
423 1713 635 1768 καὶτοῦ
663 1715 738 1785 μὴ
767 1714 908 1768 πάνυ
936 1715 1218 1784 σχολάζειν
1263 1717 1465 1780 αὐτοὺς
1521 1717 1615 1772 καὶ
1657 1719 1862 1772 ἀναπε-

303 1807 572 1862 πτωκέναι
602 1810 1053 1880 συγκεχωρῆσθαι
1077 1811 1212 1865 κάπὶ
1238 1811 1491 1864 πλεῖστον
1516 1812 1625 1865 τῶν
1663 1811 1862 1882 τειχῶν

295 1894 604 1966 παρεξιέναι
627 1898 786 1950 δπὸτε
826 1899 1123 1967 βούλοιντο,
1167 1899 1281 1952 ἀλλ’
1309 1896 1450 1956 εἶναι
1477 1901 1746 1972 περιδεεῖς
1775 1902 1862 1956 ἀεὶ

297 1989 382 2042 καὶ
409 1986 523 2043 οἷον
549 1991 610 2042 ἐν
635 1991 824 2061 είρκτῇ
861 1994 1330 2063 φρουρουμένους.

360 2081 430 2136 B'.
469 2082 577 2136 Kal.
603 2082 701 2151 μὲν
726 2081 792 2153 δὴ
816 2082 1360 2155 διαπεραιωσάμενος
1395 2087 1496 2160 τὴν
1524 2090 1866 2165 Προποντίδα

301 2175 326 2229 ὁ
359 2175 574 2246 Καῖσαρ
605 2174 1026 2244 στρατοπεδεύει
1062 2176 1192 2246 περὶ
1219 2177 1281 2231 τὸ
1319 2177 1542 2248 Ῥήγιον
1568 2196 1582 2211 '
1616 2181 1745 2235 ἔνθα
1767 2199 1866 2236 πε-

308 2266 604 2337 ριτυγχάνει
629 2267 772 2321 τισὶν
801 2268 1082 2340 ἀγοραίοις
1111 2269 1338 2341 ἀνδράσι
1371 2271 1504 2344 (61),
1541 2272 1720 2342 λόγοις
1765 2291 1865 2345 μεο

307 2359 474 2426 γάλοις
491 2359 587 2413 καὶ
603 2360 933 2432 ἀπορρήτοις
947 2365 1047 2434 τῆς
1060 2363 1238 2417 πάντα
1253 2363 1562 2436 διοικούσης
1582 2367 1860 2437 προνοίας,

304 2455 334 2523 ἢ
357 2453 546 2524 πλήθει
577 2455 676 2525 μὲν
699 2456 867 2512 ἵππου
893 2461 989 2510 καὶ
1017 2459 1278 2529 στρατιᾶς
1310 2461 1408 2530 οὐχ
1440 2460 1708 2533 ὑπηρετεῖ
1736 2462 1866 2516 πολ-

302 2544 466 2613 λάκις,
501 2547 728 2619 βραχείᾳ
745 2549 801 2601 δέ
818 2567 925 2603 τινι
947 2549 1173 2621 δυνάμει
1195 2553 1290 2606 καὶ
1313 2551 1515 2624 πολλὴν
1534 2556 1653 2617 ταῖς
1677 2556 1865 2610 ὲλπίσι

301 2637 502 2707 τρυφὴν
529 2641 785 2709 χορηγεῖν
821 2641 920 2694 οὐκ
948 2642 1146 2714 ἐχούσῃ
1174 2644 1490 2716 συναίρεται
1522 2647 1726 2715 μᾶλλον
1768 2647 1866 2702 καὶ

299 2730 446 2793 νίκας
474 2731 740 2800 μεγίστας
776 2735 1098 2804 παρέχεται.
1133 2737 1257 2791 Τῶν
1289 2737 1389 2808 μὲν
1413 2739 1523 2810 γὰρ
1547 2739 1650 2809 τὴν
1674 2741 1866 2796 ἐλπίδα

299 2821 599 2889 κιδδηλεύει
628 2823 698 2877 τά
742 2820 884 2878 ὅπλα
922 2823 1184 2891 πολλάκις
1213 2831 1308 2883 καὶ
1337 2831 1370 2901 ἡ
1409 2831 1511 2901 τῆς
1537 2831 1704 2902 ἀλλης
1733 2831 1866 2900 ἴσως

299 2913 652 2984 παρασκευῆς
675 2914 930 2986 ἀφθονία,
958 2917 1149 2990 [Ρ.49]
1177 2923 1274 2974 καὶ
1295 2924 1396 2977 οὐκ
1425 2925 1490 2994 ἐᾷ
1518 2925 1719 2996 ῥᾳδίως
1751 2927 1866 2982 άνω

298 3005 558 3074 φέρεσθαι
610 3007 748 3078 πρὸς
775 3008 866 3062 τὸν
895 3010 1041 3081 ζωῆς
1072 3011 1169 3066 καὶ
1211 3013 1444 3070 θανάτου
1467 3016 1696 3087 Κύριον,
1728 3019 1866 3073 ἀλλά

297 3095 552 3164 κατασπᾷ
581 3097 678 3150 καὶ
703 3095 926 3166 βαρύνει
954 3100 1201 3172 καὶπερὶ
1229 3101 1330 3171 τὴν
1357 3107 1461 3174 γῆν
1489 3106 1566 3170 ὡς
1592 3108 1660 3160 τὰ
1695 3107 1864 3163 πολλά

1957 607 2140 674 quor),
2173 621 2296 658 cum
2333 605 2489 660 malae
2532 605 2676 660 illius
2703 606 2900 662 radicis
2925 607 3063 662 mala
3089 617 3147 662 et
3176 609 3396 679 spinosa
3423 625 3545 681 ger-

1959 697 2107 749 mina
2145 696 2572 766 repullularunt.
2618 697 2838 754 violatis
2879 713 3095 754 rursum
3130 699 3448 762 lmderilius.
3477 709 3534 755 et

1960 787 2100 842 bello
2129 787 2413 843 Michaelis
2469 788 2814 844 rebellatoris
2861 790 3086 860 perlidia
3117 791 3404 847 suscitato.
3434 792 3547 846 lem-

1958 890 2180 949 perator
2212 880 2372 952 igitur
2399 882 2652 937 celeriter
2699 883 2964 939 adversus
3011 884 3164 939 illum
3219 886 3389 940 mittit
3429 885 3547 939 Cae-

1958 989 2138 1029 sarem
2195 975 2935 1049 Strategopulum,Bithynis
2971 977 3048 1034 illi
3112 979 3333 1048 paulurn
3379 994 3542 1051 supra

1958 1081 2088 1120 nccc
2113 1065 2262 1122 datis
2294 1083 2311 1124 :
2339 1067 2580 1139 reliquos
2614 1069 2818 1126 milites
2841 1108 2859 1135 .
2887 1079 3153 1142 quotquot
3182 1086 3272 1128 res
3302 1073 3547 1144 postula-

1961 1166 2068 1224 rct,
2106 1173 2137 1212 e
2187 1157 2419 1213 Thracia
2450 1169 2506 1214 et
2549 1159 2865 1216 Macedonia
2897 1175 3096 1233 cogere
3119 1163 3297 1234 jubet.
3325 1163 3547 1220 Mandat

1961 1250 2154 1314 etiam,
2179 1260 2241 1306 ut
2271 1265 2395 1305 cum
2426 1250 2678 1322 Bithynis
2719 1253 2990 1310 militibus
3019 1254 3201 1310 obiter
3230 1271 3329 1327 per
3355 1257 3548 1312 subur-

1960 1336 2049 1395 bia
2094 1341 2339 1412 Byzantii
2370 1343 2651 1412 transiret,
2705 1345 2772 1400 ad
2805 1345 3032 1402 Latinos
3079 1345 3173 1418 qui
3206 1347 3265 1401 in
3295 1348 3430 1403 urbe
3460 1363 3550 1402 es-

1959 1441 2083 1489 sent
2142 1433 2490 1505 aliquatenus
2542 1439 2972 1508 perturbandos,
3007 1455 3082 1496 ne
3108 1455 3334 1510 prorsus
3375 1442 3546 1497 otium

1961 1537 2122 1596 agere
2157 1536 2214 1581 et
2243 1526 2454 1584 resides
2483 1542 2610 1584 esse
2637 1531 2981 1598 sinerentur,
3023 1542 3121 1588 aut.
3145 1533 3362 1604 longius
3395 1542 3548 1589 extra

1963 1614 2168 1670 muenia
2216 1615 2433 1685 quoties
2492 1618 2708 1675 libitum
2758 1629 2908 1676 esset
2935 1631 3324 1693 evagarentur;
3355 1623 3450 1678 sed
3490 1622 3548 1676 in

1964 1717 2233 1778 perpetuo
2279 1715 2430 1765 metu
2473 1723 2695 1778 essent,
2734 1721 2791 1769 et
2825 1722 3085 1779 tanquam
3129 1714 3183 1769 in
3215 1729 3438 1771 carcere
3468 1714 3551 1768 in-

1964 1801 2124 1858 clusi.

2040 2076 2107 2132 ll.
2140 2076 2329 2147 itaque
2361 2078 2547 2133 Caesar
2575 2077 2913 2149 Propontide
2939 2083 3192 2149 trajecta,
3243 2083 3554 2154 castrisque
3651 2073 3661 2084 ’

1967 2170 2117 2226 circa
2147 2169 2420 2240 Rhegium
2451 2173 2645 2240 positis
2664 2213 2680 2237 ,
2705 2172 2761 2226 in
2791 2171 3261 2229 circumforaneos
3278 2175 3545 2243 quosdam

1967 2258 2219 2315 homines
2261 2258 2451 2313 incidit
2475 2298 2489 2320 .
2520 2274 2719 2328 magno
2768 2274 3079 2330 arcanaque
3117 2270 3316 2316 cuncta
3348 2263 3551 2332 guberh

1965 2351 2152 2408 nantis
2173 2351 2536 2407 Providentiae
2565 2351 2801 2407 consilio
2823 2390 2840 2414 ,
2872 2367 2996 2422 quae
3028 2367 3174 2423 saepe
3208 2354 3546 2410 multitudini

1966 2461 2234 2517 equorum
2259 2454 2311 2501 et
2341 2444 2685 2500 exercituum
2711 2461 2821 2501 non
2851 2445 3130 2502 subservit
3154 2463 3170 2514 ;
3209 2447 3424 2519 exiguis
3449 2464 3550 2502 au.

1969 2547 2080 2595 tem
2135 2537 2368 2601 viribus,
2429 2552 2550 2608 qua:
2582 2552 2737 2608 spem
2791 2551 2900 2592 non
2949 2537 3246 2594 admodum
3289 2538 3550 2596 blandam

1966 2639 2270 2703 suggerunt
2294 2671 2307 2695 ,
2339 2631 2515 2702 magis
2553 2630 2709 2687 adest
2743 2630 3114 2701 maximasque
3145 2633 3403 2690 victorias
3440 2633 3552 2688 lar-

1964 2726 2134 2798 gitur.
2165 2723 2300 2778 Nam
2339 2722 2556 2778 illorum
2589 2720 2810 2792 quidem
2851 2736 3004 2792 spem
3035 2737 3186 2778 arma
3214 2739 3358 2794 saepe
3381 2731 3438 2780 et
3466 2739 3554 2779 re-

1966 2819 2098 2889 liqui
2128 2827 2426 2889 apparatus
2472 2815 2794 2888 magnitudo
2829 2815 3176 2881 adulterant,
3214 2815 3328 2887 ει.
3350 2825 3406 2870 et
3428 2831 3553 2870 sur-

1967 2926 2088 2966 sum
2119 2910 2248 2966 ferri
2280 2925 2392 2965 non
2423 2910 2615 2964 sinunt
2644 2910 2709 2964 ad
2758 2908 2881 2964 vita
2903 2908 3168 2979 necisque
3213 2909 3550 2974 Dominum,

1966 3005 2061 3062 sed
2097 3005 2247 3076 gravi
2267 3003 2502 3072 quodam
2525 3002 2770 3074 pondere
2794 3002 3054 3058 deorsum
3078 3018 3324 3074 pressam
3345 3003 3549 3058 versari

1968 3097 2116 3153 humi
2172 3097 2494 3167 plerumque
2541 3103 2765 3166 cogunt.
2810 3095 3016 3152 Contra
3063 3096 3256 3151 borum
3293 3095 3549 3151 ﬁduciam

298 3185 661 3279 καλινδεῖσθαι
706 3186 980 3258 βιάζεται·
1010 3191 1122 3245 τῶν
1152 3191 1209 3246 δὲ
1257 3195 1569 3251 τούναντίον
1599 3199 1632 3268 ὴ
1665 3199 1862 3264 σπάνις

1973 3189 2198 3262 penuria
2250 3204 2434 3244 rerum
2470 3187 2912 3244 necessariarum
2943 3188 3339 3260 expeditiorem
3393 3189 3548 3255 facit,

296 3267 400 3330 τῶν
417 3277 735 3346 ἀναγκαίων
753 3283 1119 3353 κουφοτέρους
1143 3288 1290 3338 ποιεῖ
1315 3289 1408 3342 καὶ
1427 3284 1539 3343 οἷον
1559 3267 1676 3345 αἱθε
1687 3293 1868 3363 ροδρο-

302 3372 417 3440 μεῖν
439 3389 500 3424 τε
536 3371 835 3440 ἀναγκάζει
865 3375 958 3428 καὶ
981 3374 1312 3448 θερμότερον
1341 3380 1440 3451 τὴν
1466 3382 1671 3438 ἄνωθεν
1703 3387 1868 3438 ἔκκα-

297 3461 502 3516 λείσθαι
527 3463 727 3529 δεξιάν.
752 3465 831 3518 Δι’
853 3466 986 3520 αύτό
1013 3469 1077 3535 γε
1110 3469 1218 3539 μὴν
1244 3471 1402 3525 τοῦτο
1427 3475 1524 3528 καὶ
1551 3475 1740 3532 πολλοὶ
1765 3495 1866 3548 με·

298 3554 435 3620 γάλα
480 3555 806 3620 ἐλπίσαντες
852 3559 1166 3614 τούναντίον
1213 3563 1246 3630 ἢ
1300 3563 1444 3618 κατά
1489 3567 1589 3631 τὰς
1646 3568 1868 3636 ἐλπίδας

298 3646 638 3717 ἀπήλλαξαν.
680 3651 895 3722 Ἔτεροι
932 3652 987 3706 δὲ
1013 3653 1083 3706 δι’
1108 3655 1342 3725 ἀπορίαν
1372 3658 1467 3712 καὶ
1489 3658 1700 3714 ἑαυτῶν
1728 3665 1869 3718 ἀπο-

297 3740 516 3806 γνόντες
550 3744 826 3812 τροπαίων
856 3744 1126 3812 μεγίστων
1154 3747 1436 3820 ἐπέτυχον.
1477 3751 1608 3806 Ἴδοὺ
1633 3753 1740 3826 γὰρ
1767 3757 1868 3810 κάν

297 3829 370 3899 τῷ
421 3831 652 3902 παρόντι
698 3832 935 3901 βασιλεῖς
967 3835 1076 3889 τῶν
1103 3837 1274 3905 τριῶν
1305 3839 1406 3892 οὑκ
1442 3839 1702 3906 ἐλάττους
1743 3845 1871 3901 πολ-

297 3919 413 3982 λαῖς
474 3925 732 3988 πολλάκις
787 3927 994 3996 χιλιάσι
1047 3928 1282 4000 στρατοῦ
1335 3933 1738 4002 προσϐαλόντες
1797 3941 1865 4010 τῇ

299 4013 706 4070 Κωνσταντίνου
735 4018 1006 4084 ἄπρακτοι
1034 4021 1329 4093 ἐπανῆκον,
1361 4025 1485 4080 οὐδὲ
1513 4030 1628 4092 τοϊς
1663 4029 1868 4101 τείχεσι

299 4107 555 4176 καθαρῶς
591 4109 908 4179 δυνηθέντες
940 4114 1185 4182 ἐγγίσαι.
1234 4116 1398 4170 Ἀλλά
1428 4118 1632 4192 ταύτην
1662 4121 1691 4174 ὁ
1727 4123 1870 4177 Καῖ-

301 4214 401 4269 σαρ
430 4194 573 4253 εἷλεν
601 4201 970 4275 αίχμάλωτον,
1003 4203 1127 4275 μηδ’
1159 4205 1286 4276 ἄχρι
1319 4206 1553 4278 χιλιάδος
1589 4211 1718 4281 μιᾶς
1755 4211 1868 4283 (62)

298 4291 638 4362 ἐπαγόμενος
667 4295 1002 4365 στράτευμα,
1034 4296 1170 4367 μηδὲ
1191 4299 1390 4370 τειχῶν
1411 4301 1750 4372 ἀμυντήριον
1779 4303 1872 4375 ὅρ-

299 4396 462 4448 γανον
485 4384 653 4446 οὐδὲν.
687 4385 820 4455 μηδὲ
845 4387 1252 4458 μηχανημάτων
1271 4389 1427 4462 ὄχλον
1444 4393 1707 4460 ὁντινοῦν,
1732 4395 1869 4450 ἀλλὰ

304 4476 435 4546 μόνῃ
469 4480 536 4547 τῇ
570 4477 691 4550 θείᾳ
731 4480 1019 4553 ἐπικουρίᾳ
1047 4483 1107 4536 τὸ
1150 4485 1259 4538 πᾶν
1285 4486 1616 4558 ἀναρτήσας.
1649 4485 1775 4543 Είλε
1812 4490 1869 4545 δὲ

303 4565 494 4630 οὕτως.

369 4659 443 4714 Γ.
494 4659 645 4714 Ἐπεὶ
665 4661 773 4732 γὰρ
796 4664 905 4727 τοῖς
935 4664 1193 4735 ἀνδράσιν
1225 4668 1455 4734 ἐκείνοις
1483 4671 1511 4724 ὅ
1545 4671 1756 4744 Καῖσαρ
1779 4676 1869 4731 ἐν-

303 4749 481 4823 έτυχε,
527 4751 815 4822 Ῥωμαίοις
864 4753 964 4824 μὲν
1011 4751 1128 4810 οὖσι
1172 4758 1234 4810 τὸ
1274 4760 1455 4827 γένος,
1493 4762 1784 4834 αὐτόχθοσι
1809 4767 1869 4821 δὲ

301 4846 937 4916 Κωνσταντινουπόλεως,
985 4852 1127 4905 κατά
1180 4853 1236 4906 δὲ
1286 4855 1476 4923 χρείαν
1520 4858 1727 4923 ἅλωνος
1775 4860 1871 4914 καὶ

303 4939 529 5010 καρπῶν
550 4938 810 5009 συλλογῆς
827 4940 930 5006 ἔξω
951 4941 1326 5012 διαιτωμένοις
1340 4946 1437 5014 τῆς
1457 4947 1682 5014 πόλεως,
1708 4949 1874 5020 ἤρετο

309 5032 434 5103 περί
465 5051 522 5085 τε
546 5033 644 5103 τῆς
668 5033 776 5087 τῶν
806 5035 1051 5088 Λατίνων
1081 5034 1362 5104 δυνάμεως
1397 5038 1494 5106 ὅση
1531 5040 1623 5092 καὶ
1645 5040 1752 5104 οἵα,
1781 5041 1876 5096 καὶ

312 5124 437 5189 περὶ
465 5123 603 5175 ὅσων
628 5122 803 5178 ἄλλων
825 5125 970 5186 είκὸς
991 5119 1058 5193 ἦν
1077 5125 1542 5194 περιεργάζεσθαι
1567 5129 1877 5201 στρατηγὸν

309 5213 472 5284 ἀνδρα
516 5213 609 5268 καὶ
642 5213 850 5268 πολλῶν
885 5214 1230 5286 ὀλυμπιάδων
1262 5220 1522 5275 τοιούτων
1555 5223 1771 5292 μεστόν.
1813 5225 1878 5278 Ol

1970 3297 2037 3336 ac
2061 3281 2457 3352 propemodum
2485 3281 2551 3335 ad
2585 3281 3015 3349 percurrendum
3047 3282 3249 3338 cmlum
3277 3281 3508 3352 impellit
3532 3321 3549 3346 ,

1969 3383 2024 3428 et
2055 3373 2124 3428 ad
2153 3387 2447 3443 supernam
2497 3371 2775 3428 dexteram
2823 3373 2966 3428 votis
2993 3373 3396 3429 ardentioribus
3422 3389 3554 3429 evo-

1971 3465 2223 3521 candam.
2250 3461 2391 3518 llinc
2421 3473 2506 3520 est
2543 3463 2688 3533 quod
2731 3463 2884 3518 multi
2928 3478 3124 3534 magna
3153 3478 3251 3532 spe
3281 3473 3549 3533 concepta

1969 3557 2306 3614 contrarium
2362 3571 2428 3611 ac
2456 3565 2818 3627 speraverant
2848 3557 3214 3626 experiuntur
3245 3573 3260 3610 :
3299 3555 3392 3611 alii
3417 3571 3550 3613 vero

1967 3667 2034 3708 ex
2062 3651 2292 3706 summis
2314 3649 2600 3728 angustiis,
2627 3666 2751 3704 cum
2773 3649 2842 3704 de
2867 3665 2929 3705 se
2961 3648 3094 3720 ipsis
3119 3649 3508 3720 desperassent
3534 3689 3552 3717 ,

1969 3743 2236 3800 maximos
2261 3741 2571 3813 triumphos
2601 3751 2733 3798 sunt
2752 3741 2959 3812 adepti.
2989 3741 3128 3798 Ecce
3157 3743 3305 3798 enim
3341 3741 3394 3798 in
3413 3757 3552 3812 prae—

1970 3835 2116 3892 senti
2157 3834 2380 3906 negotio
2435 3850 2545 3890 non
2592 3835 2778 3891 minus
2811 3849 2974 3905 quam
3026 3843 3139 3892 tres
3188 3837 3550 3906 imperatores

1970 3941 2096 3981 cum
2132 3924 2317 3980 multis
2336 3939 2478 3993 saepe
2510 3924 2792 3978 hominum
2821 3923 3063 3979 millibus
3085 3922 3555 3992 Constantinum-

1971 4017 2067 4072 lim
2110 4015 2352 4086 aggressi
2400 4030 2460 4070 re
2512 4013 2713 4069 infecta
2748 4014 3146 4078 discesserunt,
3185 4030 3313 4071 cum
3346 4029 3450 4068 nec
3483 4013 3551 4068 ad

1972 4109 2089 4178 ipsa
2147 4107 2350 4163 moenia
2407 4106 2636 4178 propius
2666 4105 2928 4160 accedere
2968 4106 3235 4162 licuisset.
3269 4105 3340 4159 At
3369 4103 3553 4170 Caesar

1970 4200 2220 4258 eamdem
2281 4199 2449 4270 cepit,
2484 4213 2606 4254 cum
2664 4213 2733 4252 ne
2789 4197 2940 4252 mille
2991 4197 3214 4268 quidem
3262 4197 3548 4252 hominum

1971 4293 2273 4354 exercitum
2305 4292 2621 4356 adduceret,
2636 4307 2737 4347 nec
2764 4291 2932 4346 ullum
2961 4300 3292 4346 tormentum
3315 4291 3550 4357 murale,

1973 4399 2074 4440 nec
2129 4383 2500 4439 machinarum
2535 4383 2747 4454 copiam
2792 4391 3038 4453 paratam
3075 4383 3324 4446 haberet,
3366 4383 3462 4438 sed
3484 4383 3551 4438 ad

1973 4477 2144 4532 solam
2163 4476 2404 4531 divinam
2436 4489 2596 4546 opem
2623 4476 2804 4532 omnia
2833 4475 3131 4532 retulisset.
3177 4473 3337 4543 Cepit
3364 4484 3554 4532 autem
3579 4503 3584 4505 -

1905 4571 1948 4627 D
1977 4569 2081 4624 hoc
2121 4571 2302 4624 modo.

2049 4660 2136 4715 lll.
2163 4661 2298 4717 Cum
2331 4662 2386 4718 in
2423 4661 2543 4716 illos
2577 4661 2727 4715 viros
2757 4659 3064 4723 incidisset,
3105 4675 3314 4730 genere
3348 4661 3556 4716 Roma-

1979 4769 2100 4820 nos,
2129 4753 2606 4822 Constantinopoli
2638 4768 2766 4807 vero
2817 4761 2994 4815 natos,
3031 4752 3120 4821 qui
3171 4755 3242 4805 ob
3277 4766 3392 4807 rem
3441 4752 3558 4808 fru-

1975 4849 2300 4904 mentariam
2342 4858 2398 4903 et
2439 4847 2865 4917 colligendorum
2912 4846 3192 4902 fructuum
3222 4859 3389 4903 causa
3421 4845 3556 4901 foris

1975 4949 2223 5014 agerent,
2263 4941 2474 5012 rogavit
2499 4955 2619 5003 eos,
2647 4940 2838 5008 quales
2869 4949 2924 4994 ct
2957 4948 3177 5009 quantae
3199 4949 3386 4996 essent
3408 4939 3560 4994 Lati-

1979 5050 2170 5090 norum
2201 5033 2368 5098 vires,
2405 5043 2460 5088 et
2491 5031 2594 5087 alia
2623 5047 2742 5102 quae
2779 5048 2876 5102 par
2911 5042 3029 5088 crat
3060 5033 3334 5089 curiosius
3370 5034 3558 5089 scisci-

1980 5127 2079 5184 tari
2109 5126 2450 5181 exercituum
2493 5124 2710 5190 ducem,
2745 5125 2936 5180 harum
2973 5141 3155 5180 rerum
3204 5139 3304 5181 usu
3356 5126 3561 5181 instru-

1980 5219 2314 5277 ctissimum.
2351 5217 2416 5272 lli
2453 5232 2578 5271 vero
2627 5232 2751 5273 cum
2790 5216 3111 5274 Latinorum
3164 5217 3351 5290 iugum
3399 5219 3559 5290 longo

1669 5362 2001 5428 Variorum
2040 5369 2232 5424 notae.

363 5489 493 5567 ‘(6l_)
529 5489 631 5567 Qui
691 5507 750 5548 sc
793 5493 1247 5567 Qaknpaeapiou;
1301 5494 1670 5565 appellabant,
1726 5499 1872 5567 quod

314 5572 413 5638 nec
445 5560 664 5638 Francis
692 5578 791 5617 nec
809 5560 1010 5638 Grai-cis
1037 5560 1262 5638 φίιὶιηίηο
1284 5560 1561 5638 parerent,
1592 5567 1685 5621 sed
1716 5560 1874 5638 gente

317 5626 483 5705 Gnaei
520 5648 584 5686 ac
611 5631 1081 5705 Constantitmpuli
1112 5638 1246 5700 nati,
1287 5626 1422 5690 'ruri
1455 5626 1745 5705 degentcsv
1772 5654 1871 5694 sua

317 5699 548 5776 colerent
569 5703 793 5776 praedia,
823 5708 896 5758 ttti
930 5699 1108 5760 in'uuit
1134 5699 1594 5776 idemGregoraS:
1623 5707 1702 5761 sic
1723 5708 1870 5762 enim

320 5770 650 5844 appellantur
677 5789 705 5826 a
747 5775 1075 5843 l’acltymcrc
1109 5777 1200 5830 lib.
1256 5792 1318 5839 ll,
1361 5770 1482 5844 cap.
1518 5775 1604 5839 M,
1666 5777 1752 5841 16,
1783 5781 1870 5834 l7.

319 5836 625 5912 Attonyntus
648 5859 752 5898 ms.
781 5845 852 5898 Dc
873 5836 1017 5902 b'cllis
1047 5836 1375 5902 Francorum
1400 5836 1452 5900 in
1468 5836 1647 5902 Marsa
1663 5863 1682 5900 :
1705 5836 1870 5913 Ἕνας

1983 5497 2442 5569 λαὸςάκέφαλος,
2471 5495 2566 5569 ὅλη
2603 5497 3004 5569 θεληματάρος.
3039 5496 3271 5569 Ducam.

2057 5567 2170 5637 (62)
2209 5564 2565 5637 octingentos
2588 5564 2853 5624 duntaxat
2880 5564 3044 5623 fuisse
3074 5568 3210 5622 infra
3233 5566 3330 5621 ait.
3350 5564 3559 5621 Pbrana

1983 5655 2076 5695 zcs
2118 5639 2210 5693 lib.
2244 5655 2281 5704 I,
2316 5653 2436 5708 cap.
2469 5640 2526 5703 4,
2551 5640 2766 5709 equites
2800 5637 3023 5694 circiter
3053 5637 3403 5709 octingentos
3429 5650 3572 5709 cum.

2018 5711 2142 5764 lubo
2169 5706 2689 5779 peditutnihaltuisse
2716 5706 3396 5779 Stratcgopulttm‘scribit.
3428 5706 3574 5762 Vide.

2039 5782 2125 5836 εει.
2152 5776 2643 5852 Franco-Byzant.,
2675 5779 2771 5836 lib.
2799 5797 2853 5845 ν,
2883 5776 3003 5851 cap.
3041 5778 3131 5833 24.
3167 5776 3400 5834 Ducam.
