3984 6448
306 392 314 398 ’
388 397 490 463 217
630 396 710 469 [Α.
753 410 801 451 c.
847 395 984 453 l259
1021 409 1090 451 an
1133 391 1296 467 1282]

1408 396 1858 458 BYZANTINIE
1885 398 2274 459 HISTORLE
2306 401 2455 462 LIB.
2480 402 2577 464 IV.

2696 394 2832 468 [ιιιρ.
2881 413 3028 454 mea.
3074 398 3403 473 mammam]

3547 406 3658 472 218

388 530 550 586 ματος
574 514 955 586 ἐλαυνόμενον,
979 515 1174 586 πρῶτα
1206 514 1305 584 μὲν
1332 512 1412 576 εἰς
1442 512 1582 566 ὅπλα
1608 513 1703 565 καὶ
1727 511 1956 580 πόλεμον

2072 522 2262 567 uatum
2313 530 2476 569 suum
2509 533 2521 569 :
2554 524 2611 570 et
2639 514 2874 585 insignia
2917 515 3133 584 imperii
3165 528 3221 571 et
3268 517 3451 586 ipsum
3481 517 3645 589 impe-

383 607 595 677 ιωεψε,
615 607 987 679 συνηθροικὼς
1014 608 1068 661 εἴ
1086 608 1140 659 τί
1165 623 1267 659 που
1293 606 1681 674 τῶνΛατίνων
1712 605 1956 673 ὑπῆρχεν

391 703 686 756 ὁπλιτικόν.
713 704 951 774 Τάχιστα
976 701 1022 755 δ’
1049 702 1206 766 αὖθις
1234 700 1488 766 ἐγνωκὼς
1521 700 1806 771 ἀνηνύτοις
1836 700 1958 752 ἑπι-

2069 604 2211 656 rium
2245 604 2428 658 valere
2448 605 2630 672 jubet,
2656 620 2719 659 ac
2748 607 2926 659 nudus
2950 605 3138 676 cymba
3172 606 3404 676 quadam
3435 618 3654 678 arrepta

2064 695 2188 766 fuga
2221 695 2453 750 salutem
2481 696 2698 766 quaerit.

379 797 594 866 χειρῶν,
622 795 832 865 χαίρειν
865 796 1066 849 ἀπεῖπε
1104 797 1200 850 καὶ
1240 794 1484 864 σύμϐολα
1520 793 1796 865 βασιλείας
1844 790 1957 865 (66)
1994 790 2092 846 καὶ
2121 787 2403 858 βασιλείαν
2426 791 2618 860 αὐτήν.
2659 789 2717 842 Ὀ
2738 787 2783 842 δ’
2812 787 2991 845 ἅλιάδι
3049 792 3158 844 τινὶ
3220 790 3428 861 γυμνὸν
3460 791 3654 846 ἑαυτὸν

382 889 634 958 ἐμϐαλὼν
670 890 819 960 φυγῇ
859 888 958 959 τὴν
993 886 1270 958 σωτηρίαν
1298 885 1605 956 πορίζεται.

450 981 525 1036 E'.
560 982 784 1037 Ῥέουσα
807 979 852 1035 δ’
881 983 914 1051 ἠ
951 980 1110 1050 φήμη
1144 979 1257 1051 (67)
1294 981 1486 1048 φθάνει
1519 978 1838 1049 αὐθήμερον
1864 976 1959 1030 καὶ

378 1074 438 1135 ὲς
486 1073 613 1134 τοὺς
661 1071 759 1140 τὴν
788 1073 1129 1140 Δαφνουσίαν
1174 1069 1624 1141 πολιορκοῦντας.
1658 1069 1721 1123 Οἳ
1767 1068 1832 1138 δὴ
1869 1068 1963 1121 καὶ

376 1160 608 1229 ἄραντες
631 1161 844 1215 ἐκεῖθεν
871 1160 1300 1231 ταχυναυτοῢσιν
1317 1159 1475 1230 εἰπερ
1494 1161 1647 1223 ποτὲ,
1669 1161 1764 1213 καὶ
1794 1160 1964 1229 ὁρῶν-

376 1269 471 1304 ται
500 1255 566 1322 τῇ
594 1252 856 1322 ὑστεραίᾳ
887 1252 958 1304 τὰ
992 1253 1149 1322 τείχη
1179 1253 1277 1321 τῆς
1305 1252 1517 1315 πόλεως
1549 1251 1962 1321 παραπλέοντες

376 1361 439 1396 τε
469 1345 563 1398 καὶ
591 1342 982 1415 περιπλέοντες
1016 1345 1112 1396 καὶ
1141 1343 1269 1407 τοὺς
1301 1343 1670 1406 ἐκπίπτοντας
1702 1343 1813 1397 τῶν
1847 1345 1961 1397 Λα-

375 1435 539 1488 τίνων
566 1437 894 1506 σωρεύοντες
920 1437 1046 1489 δσον
1073 1437 1316 1505 ἐφικτόν.
1345 1437 1457 1489 Καὶ
1476 1434 1621 1489 τοῦτ’
1645 1435 1705 1499 ἐξ
1722 1435 1963 1504 ἑσπέρας

376 1528 467 1591 εἰς¹
489 1525 684 1597 ὄρθρον
711 1526 992 1589 ποιοῦντες
1011 1526 1490 1583 διετετελέκεισαν.
1527 1525 1684 1596 Ἅμα
1712 1527 1757 1580 δ’
1791 1525 1866 1596 ἕῳ
1894 1527 1962 1579 τὰ

376 1618 968 1682 ίστίαδιαπετάσαντες
994 1618 1125 1672 εύθὺ
1152 1621 1250 1688 τῆς
1285 1617 1518 1683 Ἰταλίας
1548 1618 1661 1690 (68)
1694 1618 1787 1672 τὸν
1820 1619 1960 1671 ἀπό-

2133 971 2199 1026 ν.
2238 972 2371 1043 Ejus
2425 972 2503 1026 rei
2559 970 2703 1026 fama
2742 972 2939 1026 eodem
2989 973 3080 1028 die
3108 983 3292 1029 manat
3323 978 3387 1030 ad
3424 992 3520 1031 eos
3552 977 3647 1045 qui

2066 1064 2445 1137 Dapbn‘usiam
2486 1064 2834 1120 obsidebant.
2860 1065 3050 1134 Itaque
3084 1066 3159 1119 illi
3194 1067 3423 1122 sublatis
3450 1070 3653 1123 ancho-

2062 1157 2139 1212 ris
2176 1157 2488 1223 celerrime,
2513 1156 2558 1212 si
2583 1173 2845 1227 unquam.
2882 1158 2937 1211 in
2965 1159 3136 1212 altum
3170 1161 3412 1227 provecti
3447 1163 3651 1230 postri-

2018 1275 2026 1285 -
2063 1250 2151 1305 die
2182 1260 2380 1319 praeter
2417 1258 2472 1305 et
2505 1250 2714 1305 circum
2749 1250 2902 1303 urbis
2933 1251 3132 1303 moenia
3164 1252 3483 1319 navigantes
3519 1270 3650 1309 con-

2064 1340 2395 1412 spiciuntur,
2422 1350 2478 1396 et
2503 1339 2826 1395 Latinorum
2865 1340 3203 1395 elabentium
3239 1343 3449 1397 tuabam
3477 1361 3652 1412 quan~

2063 1441 2172 1488 tam
2237 1440 2494 1505 poterant
2553 1433 2906 1501 recipientes.
2944 1429 3112 1501 quue
3151 1448 3179 1486 a
3214 1448 3440 1502 vespere
3474 1452 3649 1505 usque

2061 1527 2131 1582 ad
2182 1527 2483 1582 diluculum
2536 1525 2888 1581 continenter
2924 1524 3195 1582 fecerunt.
3256 1525 3411 1580 Mane
3462 1537 3646 1583 autem

2046 1620 2243 1681 statim
2276 1618 2545 1682 expansis
2575 1616 2712 1672 velis
2757 1625 2902 1669 recta
2945 1631 3134 1671 versus
3181 1617 3393 1670 Italiam
3423 1633 3646 1672 cursum

376 1708 548 1762 πλουν
566 1709 800 1771 ἐποίουν,
821 1710 1008 1779 μακρὰ
1028 1711 1124 1763 καὶ
1148 1710 1303 1764 αὐτοὶ
1333 1709 1547 1780 χαίρειν
1574 1710 1825 1773 εἰπόντες
1858 1709 1956 1780 τὴν

2064 1710 2444 1773 intenderunt,
2478 1710 2711 1765 multum
2739 1720 2794 1766 et
2818 1710 2923 1781 ipsi
2958 1711 3186 1781 patriam
3213 1726 3320 1764 non
3349 1711 3644 1781 legitimam

375 1800 530 1854 νόθον
577 1801 830 1871 πατρίδα.
879 1802 993 1873 Τὴν
1030 1801 1095 1871 δὴ
1146 1801 1408 1872 ταχίστην
1452 1802 1649 1870 φθάνει
1703 1804 1813 1856 τῶν
1863 1821 1949 1858 πε-

376 1897 711 1963 πραγμένων
746 1893 815 1947 τὰ
855 1895 1151 1962 εὐαγγέλια
1181 1895 1278 1948 καὶ
1320 1896 1380 1958 ἐς
1429 1893 1659 1965 βασιλέα
1697 1897 1826 1966 περὶ
1857 1897 1958 1968 τὴν

374 1984 633 2040 Νίκαιαν.
667 1987 727 2039 '0
753 1985 810 2039 δὲ
845 1985 1122 2041 πιστεύειν
1144 1986 1245 2040 οὐκ
1269 1986 1383 2058 εἶχε
1413 1990 1483 2041 τὰ
1514 1989 1711 2059 πρῶτα
1733 1990 1955 2061 ῥᾳδίως,

376 2076 575 2129 ἐννοῶν
607 2076 683 2139 ὼς
712 2076 818 2146 πρὸ
847 2075 1078 2148 βραχέος
1116 2077 1280 2140 αὐτὸς
1316 2079 1417 2149 μὲν
1443 2074 1549 2149 ἦκε
1584 2080 1787 2150 μυρίαν
1818 2081 1958 2134 ἐπα-

375 2171 604 2238 γόμενος
643 2171 867 2239 αἰχμὴν,
896 2172 994 2226 καὶ
1016 2171 1218 2241 μυρίαν
1258 2172 1670 2245 ἐπιδειξάμενος
1709 2174 1956 2245 μηχανὴν

376 2260 519 2313 ἑλεῖν
545 2260 756 2315 οὐδὲτὸ
785 2262 1150 2331 σμικρότατον
1173 2262 1415 2333 ἠδυνήθη
1447 2265 1544 2316 τού
1575 2265 1818 2320 Γαλάτου
1852 2282 1954 2319 πο-

374 2347 577 2420 λίχνιον
599 2365 613 2381 ο
641 2350 875 2405 κᾶπειτα
905 2351 1225 2421 παραδόξως
1261 2353 1452 2406 ἀκούοι
1485 2353 1582 2425 τὴν
1612 2355 1957 2409 Κωνσταντί-

373 2451 491 2501 νου,
520 2434 584 2488 τὺ
611 2435 756 2505 μέγα
773 2435 959 2508 θαῦμα
981 2437 1080 2507 τῆς
1112 2441 1461 2511 οἰκουμένης,
1495 2441 1733 2497 ἁλοῦσαν
1754 2443 1970 2515 ῥᾳδίως*

375 2526 479 2582 ὕπ’
502 2529 838 2584 ὀκτακοσίων
864 2531 1096 2601 ἀνδρῶν.
1129 2528 1265 2586 Εἶτα
1289 2537 1410 2589 καθ’
1441 2537 1634 2592 ἑαυτὸν
1659 2537 1956 2608 γενόμενος

374 2624 475 2677 καὶ
502 2623 704 2686 συνιεὶς
728 2625 804 2688 ὡς
829 2624 925 2678 τοῦ
959 2623 1108 2680 θείου
1140 2628 1175 2697 η
1202 2628 1432 2700 πρόνοια
1462 2630 1689 2685 δύναται
1718 2631 1814 2686 καὶ
1838 2633 1954 2697 τοῖς

376 2711 565 2782 ξηροῖς
600 2713 801 2769 διδόναι
833 2715 1071 2787 βλάστην
1109 2719 1341 2783 καὶτοῖς
1366 2720 1567 2791 πένησι
1595 2721 1827 2777 πλοῦτον
1859 2725 1954 2778 καὶ

377 2803 573 2875 ῥώμην
602 2808 715 2869 τοίς
744 2807 996 2861 ἀσθενέσι
1028 2809 1121 2862 καὶ
1156 2809 1390 2879 μέγεθος
1418 2812 1531 2875 τοῖς
1571 2816 1812 2882 μικροῖς,
1846 2814 1953 2868 ὥσ·

374 2910 486 2963 περ
510 2896 603 2948 καὶ
629 2896 958 2959 τούναντίον,
986 2898 1146 2951 ὁπότε
1185 2899 1214 2951 ό
1248 2898 1502 2965 πλούσιος
1543 2903 1603 2954 ὲν
1630 2902 1708 2972 τῷ
1737 2901 1954 2975 πλούτῳ

376 2986 631 3056 καυχῷτο
657 2989 736 3059 τῷ
763 2989 954 3043 ἑαυτοῦ
985 2992 1080 3044 καὶ
1106 2993 1134 3044 ό
1163 2992 1388 3056 δυνατὸς
1417 2994 1476 3044 ὲν
1505 2995 1571 3061 τῇ
1593 2993 1822 3063 δυνάμει
1855 2997 1953 3048 αὑο

2065 1803 2246 1858 \alere
2278 1803 2561 1870 iubentes.
2583 1801 2770 1858 Laetus
2798 1817 2925 1857 vero
2949 1802 3090 1857 bene
3113 1809 3277 1872 gestae
3309 1801 3387 1856 rei
3416 1802 3646 1858 nuntius

2062 1909 2186 1949 cum
2215 1894 2453 1949 Nicaeam
2484 1892 2553 1947 ad
2577 1893 2966 1964 imperatorem
2996 1906 3161 1961 quam
3196 1891 3429 1961 primum
3466 1892 3647 1961 perla-

2063 1996 2149 2043 tus
2170 1994 2337 2053 esset,
2370 1986 2417 2042 is
2443 1986 2606 2042 initio
2643 2000 2751 2040 non
2805 1985 2963 2040 facile
2993 1984 3275 2047 credebat,
3312 1985 3556 2055 cogitans
3583 2001 3644 2040 se

2059 2074 2223 2149 paulo
2259 2088 2387 2134 ante
2418 2079 2654 2133 maximo
2685 2092 2812 2133 cum
2848 2077 3094 2131 exercitu
3146 2077 3493 2146 maximoque
3527 2094 3642 2131 mn-

2059 2172 2350 2228 cbinarum
2384 2172 2494 2242 8'7
2516 2180 2803 2242 apparatu,
2839 2185 2911 2225 ne
2936 2168 3158 2240 quidem
3184 2168 3439 2239 exiguum
3479 2168 3641 2224 Gala-

2058 2273 2126 2318 ιω
2174 2263 2493 2333 Oppidulum
2551 2278 2869 2334 expugnare
2921 2262 3168 2332 potuisse
3199 2277 3215 2317 :
3250 2276 3399 2316 nunc
3451 2271 3635 2316 autem

2058 2362 2259 2424 praeter
2289 2355 2606 2425 opinionem
2640 2354 2851 2415 audire,
2870 2351 3406 2422 Constantinopolin,
3435 2351 3641 2422 grande

2057 2447 2209 2502 orbis
2245 2455 2509 2502 terrarum
2543 2444 2892 2511 miraculum,
2924 2444 2993 2500 ab
3023 2444 3358 2514 octingentis
3389 2444 3525 2499 viris
3558 2443 3641 2498 Ia-

2057 2540 2162 2595 cile
2196 2550 2434 2609 captam.
2469 2537 2675 2592 Deinde
2697 2553 2823 2592 cum
2856 2550 2918 2592 se
2945 2535 3281 2605 collegisset,
3307 2550 3370 2589 ac
3417 2544 3641 2604 reputa-

2059 2639 2144 2688 ret
2174 2630 2586 2688 Providentiam
2638 2629 2881 2683 divinam
2936 2627 3117 2684 l‘acere
3168 2642 3331 2698 posse
3378 2627 3639 2681 utetiam

2055 2725 2207 2779 arida
2243 2722 2660 2792 repullularent,
2690 2732 2747 2776 et
2771 2731 2829 2773 ut
2855 2720 3187 2791 pauperibus
3211 2717 3438 2781 divitiai,
3474 2717 3642 2772 robur

2056 2815 2312 2881 inﬁrmis,
2368 2813 2551 2885 parvis
2585 2812 2902 2883 magnitudo
2933 2811 3221 2866 adcederet
3254 2827 3269 2865 :
3301 2810 3639 2865 contrarium

2062 2919 2245 2963 autem
2279 2907 2531 2963 accidere
2561 2944 2578 2971 ,
2621 2921 2745 2961 cum
2777 2905 2933 2960 dives
2977 2905 3091 2958 suis
3130 2904 3325 2974 opibus
3354 2903 3636 2973 gloriatur,

2056 3009 2112 3057 et
2144 3009 2340 3071 potens
2370 3001 2484 3055 suis
2516 3000 2725 3055 viribus
2782 2997 3139 3052 intumescit:
3177 2988 3406 3051 sublatis
3433 2996 3499 3049 ad
3527 3010 3642 3050 ca!-

374 3077 494 3144 τοῦ,
534 3080 989 3148 εὐχαριστηρίους
1014 3082 1316 3135 ἀνεπέτασε
1340 3084 1539 3153 ,χεῖρας
1572 3083 1710 3153 πρὸς
1750 3084 1954 3155 Κύριον

2064 3094 2171 3148 lum
2221 3093 2474 3148 manibus
2522 3091 2725 3162 gratias
2755 3089 2866 3146 Deo
2894 3090 3040 3160 egit,
3071 3097 3129 3144 et
3163 3088 3364 3143 multos
3404 3087 3636 3158 hymno;

377 3171 474 3224 καὶ
507 3169 709 3240 ὕμνους
752 3170 979 3234 πολλοὺς
1025 3172 1394 3243 διεξεληλύθει
1433 3176 1500 3245 τῇ
1533 3174 1773 3247 γλώττῃ,
1804 3175 1952 3247 μάλα

373 3264 442 3333 τῇ
471 3262 728 3316 ὑποθέσει
757 3265 1158 3333 προσήκοντας.
1198 3265 1258 3320 Ὀ
1295 3266 1394 3335 μὲν
1422 3266 1487 3335 δὴ
1528 3266 1779 3335 βασιλεὺς
1810 3268 1952 3322 οὕτω

375 3354 510 3420 περὶ
530 3353 627 3424 τὴν
644 3355 811 3424 ἀκοὴν
839 3355 1087 3427 διέθηκεν
1107 3357 1319 3412 ἑαυτόν.
1348 3358 1439 3428 Τῷ
1461 3359 1517 3411 δὲ
1544 3354 1612 3429 ἦν
1637 3359 1799 3430 ἔργον
1829 3362 1954 3413 ἑπι-

377 3446 542 3515 μελὲς
567 3448 771 3514 λοιπὸν,
798 3448 1017 3503 πάντων
1047 3451 1309 3522 ἀφεμὲνῳ
1334 3451 1444 3504 τῶν
1479 3452 1656 3507 ἄλλων
1692 3455 1956 3523 πραγμά-

373 3554 523 3603 των,
551 3540 686 3591 ἰέναι
730 3540 867 3609 πρὸς
904 3541 1002 3609 τὴν
1029 3539 1279 3610 βασιλίδα
1320 3541 1431 3595 τῶν
1463 3543 1671 3596 πόλεων
1719 3543 1835 3611 ἅμα
1883 3547 1951 3616 τῇ

377 3630 600 3702 συζύγῳ
628 3632 883 3704 δεσποίνῃ
912 3632 996 3704 [Ρ.
1023 3632 1113 3705 5i]
1148 3634 1245 3686 καὶ
1269 3633 1345 3705 τῷ
1375 3635 1480 3705 υίῷ
1521 3634 1845 3707 Ἀνδρονίκῳ
1875 3636 1955 3707 τῷ

374 3722 487 3793 νέῳ
520 3722 748 3792 βασιλεῖ,
785 3724 1034 3795 δεύτερον
1062 3725 1182 3789 ἔτος
1211 3726 1399 3794 ἄγοντι
1430 3726 1531 3797 τῆς
1570 3726 1786 3798 ἡλικίας
1819 3728 1955 3798 (69).

452 3818 509 3883 ς
510 3823 542 3870 ⁸.
576 3817 773 3888 Συχναὶ
803 3817 1079 3889 παρῆλθον
1103 3818 1312 3891 ἡμέραι
1332 3821 1429 3875 καὶ
1462 3815 1580 3890 εἷχε
1608 3820 1701 3872 τὸν
1731 3819 1956 3889 βασιλέα

379 3913 413 3978 ἡ
447 3909 554 3962 τῶν
586 3910 795 3962 πόλεων
823 3910 1189 3978 βασιλεύουσα
1220 3910 1332 3982 (70)
1353 3927 1368 3944 ο
1410 3912 1553 3982 πλὴν
1594 3913 1656 3967 οὐ
1688 3915 1956 3984 πρότερον

378 4002 694 4055 εἰσελθόντα
762 4002 954 4073 αὐτὴν,
988 4003 1121 4074 πρὶν
1179 4003 1213 4074 ἦ
1265 4003 1367 4068 τὴν
1409 4004 1558 4058 θείαν
1616 4007 1806 4061 εἰκόνα
1855 4007 1957 4070 τῆς

383 4097 707 4165 ὑπεράγνου
763 4095 1106 4167 Θεομήτορος
1156 4097 1257 4166 τῆς
1295 4096 1661 4169 Ὀδηγητρίας
1717 4099 1830 4170 (71)
1896 4101 1956 4162 ἐς

377 4189 482 4260 τὴν
506 4187 649 4242 οὕτω
680 4204 792 4252 πως
820 4186 1235 4259 ὀνομαζομένην
1260 4189 1491 4262 Χρυσῆν
1512 4190 1701 4261 ,πύλην
1736 4192 1953 4262 εἰσελη-

2061 3187 2190 3241 huic
2220 3195 2545 3256 argumento
2587 3183 2984 3239 convenientes
3018 3182 3199 3253 lingua
3230 3180 3521 3250 percurrit.
3556 3180 3637 3233 Ad

2063 3281 2210 3335 hunc
2247 3293 2377 3349 ergo
2435 3279 2656 3333 modum
2718 3277 3020 3347 imperator
3061 3289 3128 3330 eo
3159 3274 3356 3329 nuntio
3410 3274 3639 3328 allectus

2062 3384 2167 3428 est.
2209 3373 2268 3426 In
2300 3387 2419 3426 eam
2449 3379 2630 3424 autem
2654 3383 2840 3424 curam
2866 3368 3063 3423 deinde
3091 3366 3360 3430 incubuit,
3387 3374 3446 3421 ut
3469 3366 3637 3419 omis-

2063 3465 2141 3520 sis
2171 3463 2301 3519 aliis-
2326 3463 2493 3518 rebus
2521 3461 2777 3517 omnibus
2808 3476 2931 3516 cum
2965 3477 3137 3516 uxore
3176 3462 3420 3530 Augusta
3451 3467 3503 3512 ct
3528 3460 3639 3511 An-

2060 3556 2289 3611 dronico
2335 3554 2487 3620 lilio,
2535 3553 2756 3624 juniore
2820 3553 3169 3623 imperatore,
3227 3563 3341 3608 tum
3390 3550 3637 3615 bimulo,

2062 3645 2368 3717 principem
2397 3645 2588 3700 urbem
2616 3644 3016 3715 ingrederetur.

2128 3802 2216 3883 iii.
2253 3825 2376 3882 Dies
2401 3825 2708 3896 complures
2726 3840 2793 3881 ex
2824 3841 2891 3881 eo
2918 3824 3265 3891 elliuxerant,
3297 3840 3421 3879 cum
3450 3834 3507 3880 et
3534 3825 3605 3879 im
3626 3854 3639 3865 -

2055 3928 2362 3990 peratorom
2381 3918 2599 3986 excepit
2649 3917 2838 3987 regina
2866 3918 3105 3974 urbium.
3138 3916 3255 3971 Non
3279 3917 3432 3986 prius
3456 3925 3638 3972 tamen

2057 4025 2180 4065 eam
2215 4008 2463 4073 intravit,
2523 4023 2689 4077 quam
2727 4008 3054 4065 castissimae
3102 4007 3195 4062 Dei
3235 4007 3423 4062 Matris
3465 4008 3642 4066 llode—

2055 4100 2246 4172 getriae
2270 4100 2450 4170 imago
2491 4108 2727 4167 portam,
2760 4115 2924 4167 quam
2950 4100 3187 4153 Auream
3215 4108 3441 4163 vocant,
3468 4099 3643 4156 intro-

2055 4192 2217 4247 ducta
2245 4199 2410 4246 esset.
2442 4190 2579 4245 Cum
2611 4197 2794 4244 autem
2832 4190 2904 4244 ibi
2932 4189 3146 4261 hymnis
3169 4190 3405 4245 cantatis
3438 4191 3641 4261 gratias

1728 4286 2055 4350 Variorum
2098 4292 2291 4348 notua.

454 4387 735 4461 (66)_Quae
763 4388 854 4461 illa
881 4390 1110 4461 iuerint,
1141 4402 1332 4445 narrat
1361 4390 1677 4461 Acropolita
1711 4406 1833 4460 cap.
1859 4392 1949 4446 87.

2056 4392 2211 4462 ponit
2267 4390 2596 4460 Acropolita.
2671 4390 2737 4445 ad
2790 4405 2879 4462 an.
2927 4388 3100 4462 6840»
3144 4389 3449 4451 ineuntem,
3527 4404 3640 4458 quo

383 4435 494 4511 Nos
523 4435 686 4513 e'tiain
714 4472 778 4514 ev
808 4460 899 4515 illo
928 4471 984 4515 et
1003 4435 1125 4515 aliis
1148 4461 1202 4514 in
1226 4462 1415 4517 eadem
1443 4435 1584 4516 Ili'st.
1616 4477 1674 4515 n.
1697 4462 1764 4515 28
1781 4435 1950 4518 22:29.
1986 4435 2028 4488 θ
2060 4435 2441 4517 Ἀηᾱτοιιὶοιιιιῗ
2474 4435 2690 4517 constat
2720 4461 2944 4521 abiisse,
2975 4460 3104 4514 auni
3137 4435 3496 4513 numerantur
3530 4435 3637 4514 rion

383 4528 706 4599 Pachymer.
728 4530 822 4585 lib.
857 4546 1055 4599 tt,cap.
1085 4532 1155 4585 27
1187 4541 1326 4586 extr.
1362 4532 1555 4584 scribit
1589 4533 1641 4585 in
1666 4548 1957 4597 argumen-

385 4606 500 4652 tum
536 4608 704 4668 capta:
735 4601 881 4654 urbis
911 4601 1127 4654 allatam
1160 4600 1407 4655 Michaeli
1430 4603 1682 4655 sarissam
1706 4601 1953 4657 Balduini

383 4684 758 4741 purpuream:
797 4671 1032 4741 Σημεῖον
1080 4671 1137 4724 δὲ
1187 4672 1451 4741 ἀληθείας
1485 4672 1596 4723 τῶν
1645 4671 1956 4740 λεγομένων

380 4734 693 4811 ἑκείεζοιςῗῆν
716 4734 1067 4811 κοκκοόαφὴς
1090 4734 1327 4811 σάρισσα
1345 4741 1693 4811 δεικνυμένη.
1720 4734 1954 4797 Ducam}.

454 4807 566 4876 (67)
601 4810 927 4878 Pacbymer.
965 4807 1097 4864 ibid.
1139 4807 1372 4867 IIUCANG.
1660 4807 1673 4811 ⁷
1876 4848 1879 4851 η

457 4878 568 4945 (68)
598 4880 710 4932 lmo
735 4892 877 4934 recta
906 4882 959 4934 iu
992 4881 1253 4935 Euboeam
1280 4882 1512 4935 insulam
1538 4881 1960 4936 contenditBal-

371 4949 605 5020 duilius,
657 4965 781 5002 cum
812 4949 994 5005 Marco
1041 4951 1378 5020 Gradeuigo,
1412 4952 1741 5006 Pantaleone
1788 4951 1959 5006 Justi-

384 5019 563 5091 nianog
583 5021 886 5085 patriarcha
917 5019 1548 5091 Caustantinopolitano,
1580 5030 1637 5076 et
1661 5024 1954 5090 compluri-

385 5091 486 5141 bu‘s
519 5089 658 5153 aliis,
699 5105 931 5157 quorum
967 5092 1235 5161 plerique,
1276 5089 1568 5161 antequam
1609 5089 1842 5146 insulam
1878 5103 1958 5147 at-

384 5161 680 5229 tingerent,
714 5162 854 5213 futile
886 5173 1185 5229 perierunt,
1220 5171 1280 5216 ut
1310 5172 1495 5215 narrat
1524 5161 1822 5216 Monachus
1856 5164 1957 5217 Pa-

385 5229 618 5303 duanus.
652 5230 949 5303 Β.ιΙ(1υἱιιυε
985 5246 1117 5286 vero
1143 5242 1195 5285 et
1229 5233 1409 5287 esrteri
1432 5232 1519 5303 ab
1549 5231 1769 5286 Euboea
1801 5234 1957 5303 prin-

385 5299 603 5374 eipibus
628 5312 677 5354 et
718 5315 749 5353 a
795 5300 1096 5356 Laurentio
1142 5303 1368 5374 'I‘iepolo
1403 5302 1734 5358 Venetorum
1780 5299 1959 5374 baiulo

388 5369 698 5440 humaniter
723 5374 933 5440 excepti
974 5381 1122 5426 sunt.
1160 5369 1389 5427 Ducam.

459 5439 566 5514 (69)
603 5440 742 5514 Hinc
792 5439 1066 5514 colligitur
1103 5442 1476 5514 Andronicum
1510 5443 1789 5514 seniorem
1841 5442 1958 5514 (qui

389 5507 491 5563 hoc
529 5511 798 5583 luco_vs'o;
826 5507 1071 5582 vocatur)
1109 5529 1216 5565 non
1250 5512 1452 5567 vixisse
1486 5530 1658 5568 annos
1689 5512 1825 5583 πο),
1849 5507 1957 5569 sed

390 5586 597 5659 tantum
660 5581 746 5643 75,
800 5584 898 5635 nisi
951 5581 1220 5653 Gregoras
1264 5583 1711 5659 C0115tan_tmop_._
1744 5581 1960 5659 ac”-

388 5655 468 5722 cis
546 5662 918 5719 recuperatam
973 5665 1136 5722 ponat
1190 5671 1282 5708 an.
1342 5656 1526 5708 mundi
1609 5655 1769 5709 6768.
1827 5655 1955 5707 Nam

387 5717 454 5773 ab
510 5735 603 5775 an.
659 5717 797 5776 6769
864 5717 1119 5786 exeunte,
1176 5739 1285 5795 quo
1342 5734 1713 5795 recuperatam
1771 5723 1955 5780 urbem

449 5813 466 5831 '
492 5811 619 5886 Quot
649 5811 966 5886 vixisseeum
989 5816 1236 5886 Gregorius
1259 5817 1328 5865 ait
1354 5815 1438 5867 lib.
1466 5830 1511 5875 v,
1541 5830 1646 5881 cap.
1682 5818 1853 5886 ἤδει-ι.
1890 5809 1959 5872 9ῗ

385 5874 499 5924 item
519 5874 606 5925 lib.
629 5889 673 5938 x,
696 5889 799 5938 cap.
830 5876 873 5939 1,
899 5884 1021 5928 sect.
1052 5874 1118 5927 ίῗ
1134 5878 1316 5929 Doms.

2009 5139 2019 5151 .
2066 5103 2175 5147 tam
2209 5092 2517 5162 ingressum
2552 5106 2671 5146 esse
2702 5092 2790 5145 die
2828 5093 2849 5145 l

2061 4534 2160 4587 toti
2211 4532 2299 4594 7I,
2336 4532 2537 4599 quibus
2569 4532 2611 4584 si
2662 4532 2814 4600 pueri
2864 4529 3051 4584 bimuli
3085 4539 3301 4585 aatatem
3348 4545 3444 4584 seu
3500 4529 3639 4586 duos

2058 4617 2234 4657 annos
2267 4603 2455 4667 addas,
2507 4602 2747 4656 conlient
2777 4617 2868 4655 an.
2903 4602 2969 4653 7‘5
3014 4616 3122 4653 non
3161 4599 3279 4654 toti.
3321 4601 3499 4666 Atque
3534 4601 3640 4655 hoc

2058 4680 2163 4738 est,
2195 4673 2342 4743 quod
2365 4687 2527 4743 supra
2550 4672 2888 4730 dicebamus,
2905 4669 3210 4743 _Grego_ram
3241 4679 3492 4743 secutum
3505 4684 3642 4743 esse

2058 4737 2290 4797 fortasse
2314 4737 2629 4811 opinionem
2659 4756 2849 4795 eorum
2870 4741 3357 4811 cbronologorum.
3383 4740 3474 4806 qui
3495 4737 3639 4794 Cun-

2061 4811 2455 4881 stantinopolin
2491 4825 2864 4881 recupera'am
2914 4819 3227 4881 statuerunt
3273 4825 3421 4863 anno
3450 4811 3636 4881 mundi

2061 4882 2222 4946 6768,
2260 4878 2369 4935 non
2403 4889 2584 4934 autem
2614 4878 2703 4933 au.
2738 4880 2896 4935 6769.
2929 4880 3032 4936 Sed
3066 4880 3152 4933 hie
3193 4890 3379 4934 noster
3414 4878 3637 4933 histori—

2059 4968 2159 5008 cus
2190 4968 2297 5006 non
2333 4966 2550 5021 semper
2582 4965 2766 5005 secum
2797 4953 3095 5005 consentit.
3132 4950 3340 5004 Bonvuv.

2132 5023 2247 5092 (70)
2285 5020 2603 5076 Michaelem
2635 5022 2998 5092 Palrologum
3041 5022 3092 5075 in
3127 5023 3315 5076 urbem
3348 5035 3641 5092 recupera-

2210 5090 2517 5160 ingressum
2552 5106 2671 5146 esse
2702 5092 2790 5145 die
2828 5090 2894 5145 15
2931 5091 3135 5146 mensis
3170 5092 3412 5159 Augusti,
3442 5090 3639 5160 colligo

2061 5179 2125 5217 ex
2161 5164 2246 5216 liis
2275 5160 2413 5232 'qua-
2442 5163 2690 5232 leguntur
2718 5163 2875 5216 initio
2924 5162 3128 5215 codicis
3172 5161 3324 5230 Regii
3376 5160 3515 5215 185?.

2061 5235 2207 5283 Μηνὶ
2223 5232 2520 5283 Αὐγούστω
2536 5229 2599 5283 ε’.
2635 5232 2969 5283 ἰνδικτιώκος
2998 5228 3085 5283 δι’.
3115 5231 3208 5283 τοῦ
3241 5235 3395 5283 ἔτους
3419 5230 3563 5283 stibi
3599 5237 3635 5283 '.

2059 5235 2207 5303 Μηνὶ
2223 5228 2520 5301 ΑύῨούστῷ
2536 5229 2599 5284 ε’.
2624 5232 2969 5303 Αἰνδικτιώως
2998 5228 3085 5285 δι’.
3115 5231 3208 5285 τοῦ
3241 5228 3395 5294 ἔτους
3413 5228 3635 5303 ,στψξθπ

2061 5301 2456 5373 ὲσίχθημεν“”)
2487 5303 2583 5373 σὺν
2762 5305 2816 5363 ἐς
2854 5301 3446 5354 Κωνσταντινούπολιν.
3495 5301 3637 5373 Men-

2060 5371 2395 5443 sis’Augusti
2442 5373 2529 5426 die
2564 5371 2651 5443 l5,
2677 5389 2769 5426 an.
2806 5374 2967 5437 67I9,
3005 5374 3285 5426 introducti
3315 5388 3495 5424 sumus
3530 5372 3637 5425 Deo

2052 5442 2278 5514 juvante
2300 5444 2357 5497 in
2386 5445 2567 5496 urbem
2596 5442 3114 5514 Constantinopolin.
3153 5443 3356 5498 Bomu.

2134 5514 2247 5583 (7i)
2282 5514 2538 5585 Acropol.
2560 5527 2682 5581 cap.
2712 5512 2814 5577 88;
2840 5513 3156 5584 I'acuyme--.
3186 5516 3371 5585 ljb.ru.
3391 5527 3519 5585 cap.
3544 5513 3634 5565 5|.

2061 5581 2227 5639 Istius
2257 5584 2406 5643 aedis,
2431 5581 2518 5637 'de
2556 5598 2661 5650 qua
2695 5585 2862 5636 multa
2891 5581 3263 5650 congessimus
3288 5584 3341 5637 in
3375 5581 3513 5637 Cons
3537 5600 3638 5634 an-

2063 5654 2280 5721 tinopoli
2313 5653 2502 5707 Christ.
2550 5653 2646 5706 lib.
2704 5667 2774 5709 IV.
2818 5663 2953 5707 sect.
2993 5653 3047 5717 ‘2,
3086 5672 3142 5709 u.
3178 5655 3268 5715 24.
3320 5653 3446 5708 alibi
3491 5666 3635 5723 smpe

2063 5723 2315 5781 meminit
2343 5724 2635 5793 Gregoras.
2673 5723 2902 5777 “uulso.

2132 5817 2171 5834 "
2197 5818 2304 5874 Quo
2329 5818 2611 5866 continetur
2632 5820 2784 5875 prima
2809 5830 2917 5876 pars
2944 5820 3107 5874 chici
3136 5819 3297 5873 Suidae
3344 5817 3530 5869 Ilomx.

2134 5880 2201 5905 "’
2232 5880 2327 5929 I'ro
2354 5880 2856 5941 sisﬁzﬂnpstloivm.
