3984 6460
415 407 507 470 εξτι
650 402 722 476 [Α.
749 419 799 460 c.
846 403 982 460 1°259
1008 421 1074 460 AD
1107 403 1267 476 l28‘2]

1407 411 1856 474 ΒΥΖΑΝΤΙΝἈΕ
1889 411 2281 473 HlSTORl/E
2319 409 2461 470 LIB.
2509 407 2606 470 ιν.

2753 401 2891 475 [ηιμ.
2925 418 3078 462 lucu.
3108 422 3194 461 PA!
3209 408 3442 483 $01.00.]
3564 418 3671 481 E22

1860 496 2090 551 CAPUT
2127 497 2218 550 111.

431 589 1064 666 De_huntanq_{elicitate_,
1098 609 1265 666 quant
1289 594 1435 662 ﬂuxa
1467 603 1515 649 et
1550 595 1758 666 caduca
1807 595 1897 646 sit.
1931 587 2198 666 ΔΡΙιίΙὶρρί
2249 589 2553 666 Macedonis
2595 593 3002 666 apOpltthegnta.
3038 593 3241 666 Caesari
3287 595 3458 651 malus
3493 599 3672 666 genius

496 663 708 732 invidet.
738 659 964 718 Michael
993 659 1199 716 Aftolus
1227 659 1493 717 Romanos
1525 665 1655 732 ﬁnes
1687 672 1882 717 vastat.
1920 661 2186 732 Cw_s_arent
2219 659 2380 732 vincit
2407 675 2468 732 ac
2491 659 2664 713 vivum
2690 659 2871 730 capitf
2908 665 3104 717 lterum
3137 659 3670 722 humanarumvuiccs.

499 729 685 803 Cyrus.
718 732 1012 803 Hannibal.
1053 733 1354 798 Pompeius.
1387 726 1565 788 Cresar
1596 751 1714 787 cum
1758 747 1938 784 sorore
1994 726 2271 795 Μαντίνεάί
2320 727 2522 784 Sicilia:
2561 732 2698 800 regis
2754 726 3111 800 permittatur.
3166 733 3485 803 Byzantium
3514 738 3670 793 redit.

496 801 722 856 Michael
753 802 960 857 /Etolus
991 804 1296 872 affinitatem
1323 804 1504 874 jungit
1532 819 1649 857 cum
1679 804 2021 871 imperatore.

497 914 574 971 A'.
632 919 739 969 Kal
804 917 872 969 τὰ
940 916 1038 984 μὲν
1108 915 1203 969 τοῦ
1273 917 1553 986 Καίσαρος
1639 915 1989 984 εὐτυχήματα

2167 911 2207 965 1.
2246 913 2322 967 Ac
2355 913 2586 969 Castris
2615 915 2833 984 quidem
2860 915 3144 972 felicitates
3171 917 3254 972 hae
3288 917 3530 974 fuerunt.
3582 919 3673 974 ln-

424 1007 667 1061 τοιαῦτα.
719 1008 882 1072 Ἐθος
911 1009 968 1061 δὲ
997 1007 1074 1078 τῷ
1108 1007 1412 1077 βασκανίας
1467 1007 1754 1078 ἀρχηγέτῃ
1811 1006 1989 1075 κῆράς

426 1114 570 1159 τινας
596 1099 904 1160 ἑπωδὲνους
938 1098 1031 1151 καὶ
1065 1097 1392 1160 ἀντιπάλους
1421 1101 1534 1160 τοῖς
1559 1097 1787 1164 ἀγαθοῖς
1818 1099 1988 1150 εὐτυ-

423 1189 662 1255 χήμασιν
689 1189 1052 1258 ἐπισπείρειν,
1093 1190 1347 1258 καθάπερ
1374 1192 1430 1241 ἐν
1465 1191 1616 1241 σίτου
1655 1191 1842 1260 χωρίῳ
1899 1189 1986 1256 ζι-

423 1278 602 1342 ζάνια.
637 1283 726 1332 καὶ
752 1281 849 1332 οὐκ
881 1281 1118 1351 ἄκρατον
1149 1283 1204 1347 ἐς
1230 1282 1381 1346 τέλος
1414 1281 1474 1333 τὸ
1507 1282 1606 1350 τῆς
1646 1283 1987 1352 εὐφροσύνης

422 1369 585 1422 καλὸν
615 1370 669 1422 ὲν
723 1369 799 1436 τῷ
853 1369 971 1439 βίῳ·
1005 1373 1310 1440 συγχωρεῖν
1367 1374 1482 1434 τοῖς
1533 1371 1748 1440 ἔχουσιν
1791 1371 1867 1434 ὡς
1919 1371 1989 1424 τὰ

421 1459 591 1511 πολλά
638 1460 1070 1530 περιγίγνεσθαι.
1149 1463 1250 1514 Διὰ
1300 1462 1460 1515 τοῦτο
1506 1463 1600 1516 καὶ
1650 1463 1913 1527 Φίλιππος
1958 1465 1988 1516 ὁ

419 1549 760 1614 Μακεδονίας
804 1551 1085 1620 τύραννος,
1120 1553 1290 1621 τριῶν
1342 1552 1490 1624 αὑτῷ
1525 1571 1657 1606 ποτε
1702 1571 1989 1624 περιγενο-

422 1641 602 1709 μένων
626 1643 1019 1712 εὐτυχημάτων
1069 1645 1282 1715 ήμέρας
1341 1646 1830 1716 μιᾶς,-ὑπερήσθη
1885 1646 1988 1715 μὲν

417 1733 488 1800 τῇ
513 1731 606 1796 τῆς
638 1731 814 1801 ψυχῆς
843 1732 1105 1798 διαθέσει,
1137 1735 1391 1803 γλῶσσαν
1422 1737 1480 1790 δὲ
1526 1738 1987 1810 μεγαλορρήμονα

416 1823 528 1884 τοῖς
558 1825 872 1890 παρεστῶσι
906 1825 1090 1880 δοῦναι
1117 1829 1216 1893 οὐκ
1253 1831 1548 1897 ἐξετράπη,
1589 1832 1700 1884 οὐδ’
1721 1833 1814 1884 ἐπὶ
1838 1832 1987 1901 μέγα

414 1908 521 1982 ἦρε
554 1916 651 1984 τήν
682 1915 876 1986 ὀφρύν·
905 1917 1022 1971 ἀλλ’
1056 1919 1209 1980 εἰδὼς
1237 1919 1312 1982 ὡς
1355 1921 1477 1984 ταῖς
1511 1922 1844 1993 ὑπερϐολαῖς
1876 1923 1986 1976 τῶν

416 2007 808 2076 εὐτυχημάτων
859 2009 1338 2079 ὐπερϐολικὼτερα
1394 2013 1717 2079 ἐπιφύονται
1791 2015 1860 2068 τὰ
1895 2016 1985 2069 λυ-

417 2093 642 2158 ποῦντα,
676 2094 1046 2166 μετριώτερον
1080 2097 1178 2165 μὲν
1203 2097 1416 2165 διετέθη
1454 2101 1590 2165 πρὸς
1642 2103 1709 2153 τὰ
1745 2113 1986 2173 γεγενη-

416 2186 578 2256 μένα,
615 2187 779 2252 φόϐον
808 2188 852 2239 δ’
881 2188 1006 2259 ἔσχε
1035 2207 1098 2242 πε
1111 2195 1160 2256 ρ“ι
1189 2189 1282 2240 τοῦ
1348 2191 1634 2257 μέλλοντος
1663 2194 1892 2262 μείζονα
1948 2187 1981 2265 ἢ

2098 1005 2258 1060 vidis:
2280 1016 2463 1060 autem
2501 1007 2738 1076 maligno
2770 1008 2980 1062 auctori
3035 1007 3091 1061 in
3128 1022 3279 1062 more
3320 1011 3560 1079 positum
3589 1020 3674 1065 est

2098 1107 2149 1148 ut
2181 1099 2406 1152 acerbas
2429 1106 2482 1152 et
2507 1098 2738 1152 infestas
2769 1099 2981 1168 aliquas
3028 1100 3368 1154 calamitates
3397 1103 3676 1169 proslteris

2095 1191 2441 1244 successibus
2475 1198 2744 1260 aspergat,
2807 1200 3065 1258 tanquam
3103 1190 3274 1258 segeti
3323 1191 3534 1252 lolium,
3569 1206 3674 1247 nec

2096 1281 2267 1333 ullum
2303 1279 2416 1334 fere
2446 1281 2699 1335 humana:
2725 1282 2847 1335 vitae
2878 1281 3137 1350 gaudium
3187 1280 3418 1333 solidum
3451 1297 3513 1335 ac
3545 1296 3674 1349 per—

2094 1382 2318 1441 petuum
2349 1386 2470 1426 esse
2503 1373 2762 1442 patiatur.
2809 1370 2998 1441 Itaque
3025 1369 3306 1440 Philippus
3335 1371 3671 1426 Macedoniae

2095 1473 2209 1526 res,
2232 1477 2354 1516 cum
2382 1463 2430 1516 ei
2459 1472 2570 1516 tres
2599 1477 2707 1516 uno
2739 1462 2828 1516 die
2861 1473 3150 1515 successus
3189 1458 3535 1526 obtigissent,
3580 1459 3671 1514 la:-

2096 1552 2214 1609 titia
2247 1553 2467 1621 quidem
2523 1552 2686 1606 tacite
2717 1567 2902 1606 secum
2935 1549 3227 1604 exsultavit
3268 1566 3281 1602 :
3331 1564 3441 1602 non
3491 1559 3671 1604 tamen

2093 1640 2168 1694 ita
2203 1651 2570 1694 transversum
2603 1654 2664 1694 se
2687 1638 2858 1709 abripi
2888 1654 3083 1706 passus
3111 1648 3218 1703 est,
3247 1647 3307 1690 ut
3336 1637 3406 1690 ob
3431 1653 3675 1705 praesen-

2097 1743 2204 1790 tem
2245 1733 2518 1787 fortunam
2553 1731 2839 1802 magniﬁt-e
2865 1730 3216 1801 gloriaretur,
3250 1728 3676 1793 superciliumve

2093 1825 2371 1882 attolleret
2402 1841 2416 1878 :
2453 1823 2550 1878 sed
2585 1839 2709 1877 cum
2761 1823 2933 1877 sciret
2955 1837 3022 1875 ex
3053 1821 3364 1874 immodicis
3399 1821 3677 1890 prosperi-

2096 1919 2298 1972 tatibus
2331 1916 2515 1970 clades
2545 1915 2708 1984 longo
2737 1915 2972 1983 majores
2997 1913 3106 1982 9o
3128 1915 3416 1976 exsistere,
3441 1922 3675 1966 eventus

2092 2011 2218 2064 illos
2246 2007 2580 2062 moderatius
2607 2005 2726 2059 tulit
2748 2020 2763 2057 :
2783 2013 2839 2058 et
2861 2003 3034 2074 magis
3062 2003 3131 2058 de
3157 2002 3361 2058 futuris
3381 2001 3673 2069 sollicitus,

2092 2116 2252 2170 quam
2290 2098 2654 2169 praesentibus
2693 2097 2850 2150 laetus
2882 2112 2898 2148 :
2954 2114 2973 2147 ι
3006 2093 3049 2150 Ο
3084 2094 3230 2150 Deus
3261 2095 3460 2164 (inquit
3488 2109 3676 2149 assur-

2093 2197 2271 2261 gens),
2307 2189 2579 2244 mediocre
2611 2188 2773 2243 bonis
2824 2186 2971 2241 hisce
3033 2185 3238 2240 malum
3299 2185 3562 2249 admisce,
3603 2199 3675 2239 ne

413 2279 556 2330 κττᾶ
601 2280 660 2330 τὸ
713 2279 908 2348 μέτρον
971 2281 1069 2349 τῆς
1126 2283 1509 2352 εὐφροσύνηςο
1568 2285 1663 2337 καὶ
1721 2287 1982 2352 ἀναστὰς,

2095 2291 2373 2338 tantorum
2401 2281 2672 2336 bonorum
2705 2279 2976 2333 illecebris
3020 2277 3201 2332 elatus
3247 2277 3300 2330 in
3350 2291 3673 2347 magnorum

417 2385 436 2416 ι
467 2364 537 2418 Ὤ
571 2367 688 2430 Θεὲ,
734 2386 751 2418 ›
797 2365 938 2435 εἷπε,
972 2387 990 2420 ι
1028 2370 1180 2438 μίξον
1204 2389 1256 2423 τι
1283 2372 1395 2436 τοῖς
1451 2373 1675 2440 ἀγαθοῖς
1726 2377 1822 2429 καὶ
1855 2377 1984 2429 δυσ-

410 2457 636 2527 τύχημα
669 2458 909 2529 μέτριον,
969 2461 1154 2531 μήπου
1189 2465 1312 2527 ταῖς
1365 2465 1581 2534 ήδοναῖς
1625 2469 1987 2537 συνεπαρθεὶς

411 2549 524 2603 τῶν
559 2550 806 2626 μεγάλων
855 2553 1039 2605 καλῶν
1092 2555 1174 2616 είς
1234 2555 1510 2624 μεγάλους
1556 2559 1985 2631 ἀπροσδοκήτως

412 2640 640 2709 ἐμπέσω
670 2643 946 2712 κρημνοὺς
972 2639 1081 2695 τῶν
1111 2645 1321 2699 κακῶν.
1360 2658 1382 2698 i
1439 2646 1540 2700 Διὰ
1572 2647 1639 2718 δή
1675 2650 1852 2704 ταῦτα
1888 2653 1983 2704 καὶ

412 2734 529 2795 τοῖς
557 2731 648 2788 τοῦ
703 2731 980 2805 Καίσαρος
1025 2737 1369 2808 εὐτυχήμασι
1429 2735 1706 2810 βάσκανον
1763 2743 1984 2815 ἐπιρρι-

411 2823 615 2892 ψαντες
639 2825 914 2896 ὀφθαλμὸν
945 2829 994 2880 οἱ
1038 2829 1172 2896 πρὸς
1221 2829 1395 2884 ταῦτα
1444 2833 1813 2903 ὲνησκημένοι
1846 2836 1982 2890 Τελ-

412 2918 558 2986 χῖνες
589 2916 790 2971 ἄλυπον
811 2920 920 2973 οὐδ’
971 2921 1136 2974 αὐτὸν
1187 2922 1406 2991 ἀφῆκαν
1439 2924 1520 2986 είς
1545 2926 1720 2996 πέρας
1753 2927 1984 2999 ἀφῖχθαι

411 3005 512 3058 τοῦ
544 3006 694 3076 βίου·
736 3009 966 3080 δηλώσει
997 3011 1054 3064 δὲ
1087 3011 1296 3082 προῖὼν
1326 3015 1354 3066 6
1387 3012 1568 3083 λόγος.

490 3097 568 3154 Βί
615 3099 768 3154 Μετὰ
835 3104 944 3174 γὰρ
997 3104 1066 3158 τὰ
1134 3106 1342 3174 μεγάλα
1388 3109 1624 3176 τρόπαια
1672 3111 1830 3164 ταυτὶ
1889 3114 1984 3166 καὶ

413 3191 541 3254 τοὺς
570 3192 872 3256 ἐπινικίους
902 3194 1211 3266 θριάμϐους
1247 3201 1533 3270 πέμπεται
1568 3203 1733 3258 πάλιν
1765 3207 1793 3257 6
1846 3207 2008 3260 Καῖ‹’

415 3299 527 3353 σαρ
547 3285 698 3354 παρά
734 3285 828 3338 τοῦ
855 3286 1118 3355 βασιλέως
1157 3292 1252 3344 ἐπὶ
1281 3292 1379 3363 τὴν
1415 3296 1792 3367 προκειμένην
1837 3298 1978 3365 ὁδὸν,

416 3377 748 3446 πολεμήσων
782 3379 861 3448 τῷ
887 3381 988 3450 τῆς
1035 3383 1296 3454 Ἠπείρου
1347 3387 1444 3439 καὶ
1468 3387 1733 3450 Αἰτωλίας
1755 3391 1982 3459 ἄρχοντι

415 3467 640 3538 Μ·χαήλ
668 3469 746 3538 τῷ
779 3471 1034 3544 δεσπότῃ,
1059 3477 1183 3539 τοὺς
1209 3477 1442 3542 οίκείους
1471 3480 1634 3549 ὅρους
1667 3483 1983 3550 παρεξιόντι

415 3563 514 3612 καὶ
564 3560 749 3624 κακῶς
805 3561 874 3616 τὰ
912 3563 1196 3634 Ῥωμαίων
1248 3567 1606 3640 διατιθεμένῳ
1657 3572 1981 3643 πράγματα,

410 3650 490 3714 ὡς
519 3654 547 3705 6
569 3652 724 3720 λόγος
754 3652 965 3724 φθάσας
992 3657 1280 3725 ἐδήλωσεν.
1321 3658 1382 3714 Ὁ
1413 3660 1467 3714 δὲ
1514 3661 1888 3731 συνηθροικὼς
1919 3666 1988 3719 τά

410 3758 472 3795 τε
499 3744 749 3814 Θρᾳκικὶ
787 3747 878 3800 καὶ
925 3745 1274 3804 Μακεδονικά
1305 3751 1691 3823 στρατεύματα
1720 3755 1814 3810 καὶ
1833 3760 1990 3827 χεῖρα

413 3834 732 3906 πεποιηκὼς
765 3837 950 3910 ἱκανὴν
977 3841 1070 3894 ἐπὶ
1090 3841 1180 3894 τὸν
1199 3842 1498 3896 ἀντίπαλον
1517 3845 1758 3916 ἔρχεται.
1776 3847 1865 3919 [Ρ.
1891 3847 1985 3919 55]

415 3928 528 3980 Καὶ
563 3930 701 3997 μετά
731 3930 930 3994 πολλὰς
958 3933 1054 3995 τὰς
1078 3933 1170 3985 τοῦ
1207 3933 1445 4004 πολέμου
1466 3943 1710 4006 στροφὰς
1737 3942 1833 3994 καὶ
1861 3943 1989 4004 τοὺς

415 4020 515 4089 τῆς
545 4019 713 4090 τύχης
745 4021 944 4085 κύϐους
1003 4024 1071 4077 τὰ
1114 4025 1399 4096 Ῥωμαίων
1453 4033 1671 4086 νικᾶται
1722 4035 1990 4104 στρατεύ-

418 4128 588 4181 ματασ
618 4113 711 4166 καὶ
738 4117 764 4167 6
795 4114 1005 4187 Καῖσαρ
1035 4117 1316 4174 ἁλίσκεται
1353 4121 1461 4188 ζῶν
1493 4122 1633 4194 (78),
1673 4126 1702 4178 6
1727 4128 1792 4196 τῇ
1827 4129 1988 4198 φήμῃ

412 4203 524 4259 τῶν
575 4206 704 4275 χθὲς
756 4210 1033 4276 τροπαίων
1055 4213 1148 4264 καὶ
1181 4212 1468 4283 θριάμϐων
1493 4217 1718 4270 ἐκείνων
1783 4217 1985 4288 βορέαν

418 4298 512 4351 καὶ
557 4298 708 4354 νότον
736 4301 956 4372 ἐγείρας
1008 4306 1089 4366 εἰς
1123 4304 1406 4375 ἔκπληξιν.
1472 4307 1664 4373 ὒῦτως
1719 4309 1872 4364 οὐδὲν
1931 4312 1989 4365 ὲν

413 4389 725 4458 ἀνθρώποις
759 4391 978 4461 ἀληθὲς,
1019 4395 1140 4449 οὐδὲ
1203 4398 1439 4468 βέϐαιονο
1497 4401 1611 4454 ἀλλ’
1664 4402 1721 4455 ὲν
1772 4402 1989 4471 ἀδήλοις

416 4483 610 4552 ῶσπερ
635 4483 898 4551 πελάγεσι
953 4483 1064 4555 (79)
1115 4491 1458 4557 συγκυκᾶται
1506 4494 1601 4546 καὶ
1648 4497 1875 4563 ναυαγεῖ
1920 4493 1991 4548 τὰ

415 4572 754 4644 ἀνθρώπινα,
802 4577 895 4630 καὶ
926 4576 1093 4647 βαθύς
1116 4596 1200 4643 τις
1247 4580 1449 4647 πλάνος
1497 4585 1860 4656 καταχορεύει
1888 4589 1988 4658 τῆς

416 4663 767 4736 ἀνθρωπίνης
815 4667 1107 4737 ἐμπειρίας
1138 4671 1234 4723 καὶ
1260 4671 1533 4740 γνώσεως,
1567 4676 1680 4729 ἄνω
1713 4680 1804 4730 καὶ
1839 4679 1990 4733 κάτω
2025 4726 2036 4743 ,

417 4756 595 4808 σοϐῶν
627 4761 721 4810 καὶ
752 4759 1036 4828 ταράττων
1081 4765 1260 4816 πᾶσαν
1310 4764 1712 4837 βουλευτηρίων
1753 4773 1992 4842 σπουδὴν

417 4851 512 4901 καὶ
541 4852 695 4920 δίκην
747 4851 934 4904 κύϐων
961 4854 1284 4926 ἀνατρέπων
1330 4859 1397 4911 τὰ
1444 4859 1709 4928 δόγμασιν
1751 4864 1990 4932 ἰσχυροῖς

2095 2375 2361 2430 malorum
2413 2373 2735 2427 barathrum
2794 2379 2989 2440 prmter
3054 2367 3364 2438 opinionem
3427 2381 3677 2437 prmceps

2093 2467 2364 2522 deferar.»
2396 2465 2474 2519 0b
2509 2479 2630 2517 eam
2667 2462 2840 2531 ipsam
2868 2475 3088 2516 causam
3127 2459 3213 2513 his
3261 2458 3496 2513 nocendi
3534 2459 3673 2511 arti—

2093 2561 2199 2617 bus
2237 2559 2517 2614 exercitati
2546 2557 2841 2612 Telchines
2871 2569 2969 2610 seu
3005 2555 3137 2608 mali
3168 2553 3340 2624 genii,
3396 2553 3450 2606 in
3505 2551 3677 2622 ipsius

2091 2667 2306 2720 quoque
2334 2649 2568 2706 Czesaris
2620 2647 2890 2703 secundas
2947 2661 3032 2700 res
3089 2644 3289 2699 invidis
3339 2645 3512 2698 oculis
3546 2659 3678 2696 con-

2085 2745 2268 2815 jectis,
2294 2744 2433 2798 citra
2472 2740 2774 2795 molestiam
2807 2739 3078 2807 reliquum
3101 2748 3318 2806 tempus
3343 2737 3521 2791 artatis
3549 2751 3675 2791 eum

2092 2839 2287 2908 degere
2323 2851 2434 2891 non
2465 2834 2713 2890 siverunt
2739 2871 2755 2898 ,
2786 2842 2848 2886 ut
2877 2847 3002 2886 mox
3039 2829 3410 2885 declarabitur

2163 3100 2228 3159 ll.
2261 3101 2388 3155 Post
2414 3113 2638 3170 magnas
2670 3097 2816 3154 enim
2845 3097 3105 3152 victorias
3128 3095 3262 3152 istas
3284 3104 3340 3152 et
3359 3095 3673 3166 triumphos

2091 3192 2272 3248 Caesar
2304 3193 2499 3246 iterum
2530 3190 2733 3245 missus
2769 3190 2836 3245 ab
2869 3189 3199 3260 imperatore
3229 3187 3539 3243 institutum
3568 3191 3676 3244 iter

2089 3285 2292 3354 pergit,
2328 3283 2528 3339 bellum
2564 3283 2823 3338 illaturus
2847 3281 3101 3336 Michaeli
3137 3283 3402 3350 despotte,
3434 3279 3581 3349 Epiri
3617 3289 3674 3334 et

2092 3375 2310 3433 Etolias
2357 3375 2608 3446 principi.
2638 3373 2774 3429 Nam
2803 3374 2894 3430 hic
2921 3374 3125 3430 limites
3149 3388 3280 3430 suos
3303 3383 3674 3444 transgressus

2091 3470 2370 3524 Romanos
2402 3469 2541 3524 lines
2577 3468 2850 3532 vastabat,
2911 3476 2970 3521 ut
2999 3475 3127 3521 ante
3162 3465 3422 3519 diximus.
3491 3463 3674 3519 Caesar

2091 3577 2222 3617 vero
2258 3560 2544 3616 Thracicis
2604 3567 2660 3616 et
2688 3558 3058 3614 Macedonicis
3105 3556 3438 3613 exercitibus
3467 3554 3675 3611 coactis

2013 3620 2056 3679 ο
2088 3653 2343 3724 iustaque
2395 3667 2565 3708 manu
2629 3650 2862 3707 collecta
2927 3650 3193 3704 adversus
3222 3647 3436 3703 hostem
3467 3655 3672 3702 movet.

2091 3747 2198 3802 Sed
2242 3753 2364 3816 post
2403 3743 2599 3800 multas
2633 3743 2759 3799 belli
2797 3741 3202 3798 vicissitudines
3233 3756 3296 3796 ac
3318 3741 3526 3796 variam
3559 3739 3674 3794 for-

2093 3847 2238 3894 tunae
2275 3837 2452 3892 aleam
2506 3836 2740 3891 Romani
2800 3835 3140 3897 vincuntur,
3189 3834 3481 3903 Caesarque
3516 3834 3681 3888 vivus

2093 3930 2330 3999 capitur,
2388 3928 2490 3997 qui-
2541 3927 2899 3982 victoriarum
2955 3935 3012 3980 et
3060 3924 3468 3994 triumphorum
3531 3923 3676 3978 fama

2091 4020 2418 4090 Aquilonem
2443 4029 2497 4074 et
2525 4019 2786 4074 Austrum
2823 4017 3122 4072 novissime
3166 4018 3222 4070 in
3251 4016 3677 4072 admirationem

2092 4121 2459 4170 converterat.
2494 4111 2590 4167 Sic
2615 4110 2754 4164 nihil
2789 4109 3016 4164 humani
3038 4109 3316 4164 sincerum
3349 4107 3680 4179 ﬁrmumque

2092 4219 2198 4275 est,
2227 4211 2324 4266 sed
2344 4207 2530 4263 omnia
2554 4207 2766 4263 incerto
2795 4215 2998 4262 eventu
3033 4206 3184 4260 velut
3213 4205 3266 4259 in
3289 4203 3422 4258 mari
3439 4214 3674 4260 aestuant

2093 4310 2148 4357 et
2180 4301 2332 4370 quasi
2367 4298 2708 4370 naufragium
2749 4299 3056 4369 patiuntur.
3108 4295 3421 4352 Profundus
3449 4297 3676 4367 quidam

2095 4408 2250 4448 error
2285 4394 2581 4448 humanam
2615 4391 2868 4463 peritiam
2917 4388 3399 4460 cognitionemque
3440 4389 3578 4443 ludit
3620 4400 3675 4444 et

2096 4485 2346 4549 insultat,
2378 4499 2597 4540 sursum
2621 4481 2985 4551 deorsumque
3021 4480 3306 4550 impellens
3355 4496 3420 4536 ac
3470 4481 3675 4536 distur-

2097 4577 2235 4632 bans
2261 4591 2482 4631 omnem
2517 4575 2877 4630 consiliorum
2925 4572 3189 4638 laborem,
3224 4580 3280 4627 et
3319 4572 3467 4627 velut
3505 4582 3676 4628 tesse-

2096 4679 2188 4724 ras
2219 4648 2472 4724 evertetfs
2517 4668 2690 4722 ﬁrmis
2739 4665 2974 4721 decretis
3025 4665 3178 4720 nixas
3232 4664 3674 4720 deliberationes.

2094 4763 2289 4834 Cyrus,
2313 4759 2417 4832 91
2461 4760 2550 4830 qui
2575 4761 2712 4815 'olim
2749 4761 2952 4825 Persis,
2978 4758 3149 4814 Medis
3187 4767 3241 4813 et
3269 4757 3541 4812 Chaldaeis
3571 4759 3679 4812 im-
3751 4787 3754 4793 -

2097 4855 2330 4926 peravit,
2352 4870 2475 4910 cum
2501 4854 2642 4908 Asia:
2673 4855 2961 4908 maximam
2984 4862 3190 4922 partem
3215 4853 3596 4922 percurrisset,
3621 4863 3676 4908 et

416 4942 736 5039 xupoup‘eva
766 4944 1080 5015 σκέμματα.
1145 4950 1325 5018 Κῦρος
1365 4951 1392 5003 ὀ
1419 4951 1645 5022 Περσῶν
1673 4952 1767 5006 καὶ
1793 4955 1989 5023 Μήδων

2097 4946 2426 5018 Babylonem
2463 4945 2607 5000 Asirc
2644 4946 2812 5001 decus
2848 4936 3106 5000 facillime
3143 4953 3535 5015 expugnasset,
3557 4946 3676 5002 acie

415 5031 513 5082 καὶ
546 5029 828 5086 Χαλδαίων
881 5035 1052 5104 ἄρξας
1082 5037 1210 5091 ποτὲ
1269 5040 1408 5106 μετά
1447 5041 1508 5092 τὸ
1555 5040 1657 5107 τῆς
1697 5042 1883 5105 Ἀσίας
1928 5044 1989 5095 τὸ

2097 5056 2220 5095 cum
2251 5039 2604 5110 Massagetica
2635 5041 2861 5093 muliere
2894 5054 3224 5107 congressus
3254 5054 3283 5092 a
3315 5038 3528 5092 fortuna
3555 5047 3671 5091 tur-

415 5123 670 5176 πλεῖστον
693 5125 1065 5197 καταδραμεῖν
1113 5129 1208 5181 καὶ
1235 5128 1528 5184 Βαϐυλῶνα
1553 5131 1614 5184 τὸ
1662 5131 1760 5200 τῆς
1805 5133 1988 5197 Ἀσίας

416 5215 568 5278 κλέος
601 5217 775 5286 ῥᾷστα
821 5219 1305 5289 καταστρέψασθαι
1338 5223 1558 5291 γυναικὶ
1613 5224 1989 5293 Μασσαγέτιδι

2098 5134 2243 5204 piter
2291 5131 2630 5188 destituitur.
2714 5129 2986 5186 Hannibal
3032 5121 3522 5201 Carthaginiensis,
3579 5129 3672 5200 qui

2098 5227 2324 5298 Libyam
2358 5236 2415 5280 et
2440 5225 2675 5281 Africam
2708 5240 2926 5280 omnem
2982 5225 3212 5288 domuit,
3254 5234 3381 5295 post
3440 5223 3674 5278 lbet‘icas

1775 5361 2106 5424 Variorum
2141 5372 2330 5425 notua.

421 5483 584 5539 rlnsia
646 5487 948 5554 praesertim
1014 5486 1126 5542 fieri
1185 5498 1607 5554 consueverant,
1668 5500 1744 5546 utt
1806 5493 1998 5548 scribit

419 5554 692 5631 Phrangcs
719 5552 814 5631 lib.
841 5571 883 5631 _t,
916 5573 1038 5631 cap.
1079 5560 1132 5623 5,
1163 5560 1231 5614 de
1265 5564 1462 5630 quibus
1488 5552 1700 5631 agimus
1733 5563 1786 5616 in
1810 5561 1990 5618 Gloss.

420 5626 565 5680 med.
594 5624 808 5701 chit.
840 5628 893 5681 in
928 5624 1195 5701 εὗφημία,
1232 5624 1297 5685 δι’
1327 5633 1379 5683 in
1419 5624 1796 5701 πολυχρόνιον.
1833 5634 1993 5688 istius

418 5694 1261 5774 porro._S_trategopuliebur}pta,
1287 5701 1538 5756 meminit
1561 5694 1764 5771 pariter
1787 5703 1993 5774 Pachy-

412 5781 548 5821 mcr.
581 5766 674 5822 lib.
707 5766 943 5842 utfcap.
967 5771 1002 5824 2
1035 5766 1177 5826 extr.
1214 5771 1423 5828 L‘ucm;

2175 5496 2634 5584 Pachymer.
2664 5496 2762 5552 lib.
2796 5510 2835 5562 ι,
2865 5510 2985 5565 cap.
3019 5494 3118 5562 32,
3147 5493 3240 5550 lib.
3264 5509 3346 5558 tu,
3383 5507 3501 5584 cap.
3531 5492 3584 5559 7,
3614 5492 3668 5548 8.

2101 5564 2547 5707 Digi‘SISGOSumpta
2590 5637 2707 5690 h:rc
2752 5652 2819 5690 ex
2847 5636 3060 5708 dialogo
3092 5637 3177 5692 cui
3209 5633 3672 5708 titulustl’lwpév-

2096 5723 2234 5768 τιος,
2270 5702 2380 5762 ’ςοιι
2425 5702 2559 5774 Περὶ
2607 5708 2818 5776 σοφίας.
2856 5702 3142 5764 Vide'cod.
3176 5708 3309 5778 Reg.
3361 5704 3521 5770 5284,
3572 5702 3668 5761 fol.

2097 5778 2224 5842 257,
2263 5776 2320 5830 ν.
2362 5777 2570 5832 ΒυινίΝ.
