3984 6464
363 337 463 406 931
613 331 688 405 [ι.
732 344 790 384 ιι.
829 327 970 384 6768
1008 342 1075 382 Αο
1114 326 1281 399 679i]

1540 332 1958 393 NICEPHORI
2001 333 2389 395 GREGORJZ

2670 326 2800 401 [ιιιῐι.
2844 341 2988 381 sucu.
3029 321 3368 397 rutatos.)
3412 341 3420 347 ·
3500 329 3607 392 222

364 445 419 499 in
448 444 585 499 solio
615 440 988 497 considentem
1020 447 1381 508 senatumque
1399 453 1617 493 omnem
1650 439 1936 510 splendido

2043 442 2219 510 χρεὼν
2257 443 2347 495 καὶ
2409 439 2535 495 ἰδὼν
2596 442 2759 494 αὐτὸν
2791 441 2889 510 μὲν
2923 439 3146 510 βασιλέα
3178 437 3485 508 καθήμενον
3518 438 3610 490 ἐπὶ

368 547 424 593 et
451 536 666 592 decenti
704 535 890 588 habitu
927 533 1389 595 circnmstantem,
1416 531 1643 586 Icarium
1675 546 1804 585 vero
1828 546 1935 583 non

370 629 442 682 ita
499 629 703 698 pridem
752 641 992 691 servum,
1027 639 1177 680 nunc
1216 621 1497 694 splendida
1534 630 1684 676 veste
1725 630 1780 675 et
1812 635 1935 676 eum

372 723 637 793 gravitate
687 720 1054 773 introeuntem
1103 727 1156 772 et
1196 725 1508 781 exeuntem,
1551 725 1608 769 et
1660 715 1717 770 in
1747 729 1934 768 aurem

366 812 711 882 imperatoris
744 809 1088 864 familiariter
1127 808 1567 862 insusurrantem
1613 806 1936 875 conspexis-

366 913 471 965 set,
499 904 726 972 abrupta
759 902 940 956 statim
969 900 1076 953 vita
1109 914 1316 969 pronus
1347 898 1498 951 humi
1528 897 1786 959 concidit,
1812 896 1937 966 quia

365 996 596 1051 fortunae
629 997 901 1051 saevientis
941 994 1286 1049 insolentiam
1317 993 1462 1047 ferre
1492 1009 1603 1047 non
1645 994 1840 1063 potuit.

437 1257 527 1312 IV.
567 1256 837 1312 Caeterum
868 1256 1037 1325 pulsis
1072 1256 1207 1311 urbe
1235 1254 1447 1311 Latinis
1483 1257 1637 1311 turba
1682 1257 1935 1326 Opiﬁcum

369 1356 425 1402 et
454 1346 1014 1401 circnmt‘oraneorum
1054 1346 1333 1399 hominum
1359 1344 1641 1408 remansit,
1663 1359 1728 1399 ex
1761 1346 1938 1401 Vene‘

372 1441 445 1495 tis
471 1447 521 1494 et
548 1438 761 1492 Pisanis
794 1437 1074 1504 permista.
1108 1434 1289 1500 Quare
1318 1450 1428 1489 non
1459 1443 1636 1489 tutum
1693 1450 1796 1489 nec
1821 1436 1936 1505 paci

367 1529 839 1583 accommodatum
872 1539 993 1579 esse
1036 1524 1215 1579 visum
1265 1532 1370 1587 est,
1416 1524 1580 1578 etiam
1620 1523 1937 1580 Genuenses

369 1622 428 1675 in
457 1619 645 1675 urbem
694 1619 936 1687 recipere
980 1633 995 1670 :
1039 1630 1211 1685 eaque
1245 1615 1313 1670 de
1355 1631 1516 1671 causa
1558 1630 1588 1671 e
1622 1617 1845 1686 regione
1884 1618 1936 1671 in

368 1712 572 1767 Galatae
607 1709 882 1765 territorio
913 1709 1093 1763 locum
1127 1708 1207 1763 eis
1230 1706 1526 1778 assignavit
1547 1706 1843 1776 imperator
1870 1710 1934 1763 ad

372 1804 749 1867 habitandum,
782 1801 943 1855 etiam
979 1800 1239 1855 mercium
1273 1800 1671 1854 immunitatem
1700 1801 1936 1869 promis-

368 1912 483 1950 sam
519 1897 709 1950 iisdem
750 1894 1099 1965 gratilicatus.
1153 1893 1285 1948 Nam
1333 1901 1623 1963 antequam
1673 1893 1802 1949 urbs
1847 1911 1937 1948 re-

371 1988 495 2058 gina
526 1995 834 2055 caperetur,
878 1986 1201 2055 promiserat
1243 1985 1538 2054 imperator
1575 1985 1829 2039 daturum
1880 2000 1937 2040 se

368 2080 458 2146 iis,
490 2079 536 2133 si
570 2078 672 2132 sibi
717 2078 1037 2146 adiumento
1082 2088 1264 2130 essent
1308 2077 1570 2130 adversus
1606 2076 1758 2130 urbis
1809 2092 1937 2147 pos-

370 2183 612 2223 sessores
646 2167 888 2231 Latinos,
921 2166 1192 2235 ejusmodi
1238 2167 1672 2232 immunitatem;
1703 2167 1756 2221 id
1794 2169 1937 2237 quod

369 2275 428 2314 re
459 2261 573 2328 ipsa
605 2259 901 2313 novissime
931 2258 1207 2329 praestitit,
1241 2272 1548 2327 quanquam
1579 2259 1783 2327 absque
1818 2261 1937 2316 illo-

367 2366 489 2404 rum
531 2366 634 2420 ope
681 2351 869 2404 urbem
924 2349 1183 2418 cepisset.
1234 2348 1580 2419 Magistratus
1629 2368 1768 2407 vero
1810 2354 1939 2409 illuc

367 2443 526 2494 statis
563 2440 901 2509 temporibus
934 2439 1251 2502 mittuntur,
1283 2437 1550 2507 Venetiis,
1581 2440 1628 2496 is
1652 2443 1743 2511 qui
1775 2444 1937 2512 baju-

367 2531 456 2585 Ius
486 2539 743 2596 vocatur;
781 2531 942 2595 Pisis,
975 2530 1206 2595 consul;
1246 2529 1456 2595 Genua,
1505 2539 1763 2601 potestas.
1805 2536 1937 2598 Qui-

369 2622 475 2676 bus
515 2623 825 2677 nominibus
891 2622 944 2675 iu
1008 2621 1252 2676 Graecum
1311 2635 1619 2676 sermonem
1663 2627 1938 2681 translatis

372 2714 725 2781 respondi-nt,
770 2713 951 2782 bajulo
993 2711 1300 2783 ἐπίτροπος.
1340 2714 1547 2769 consuli
1587 2714 1798 2786 ἔφορος,
1836 2734 1935 2788 po-

373 2806 556 2861 testati
731 2804 1110 2874 ἐξουσιαστής.

442 2980 507 3037 ν.
573 2982 635 3036 At
697 2981 992 3035 Balduinus
1039 2978 1284 3046 periculo
1333 2977 1976 3049 Constantinopolitano;

368 3075 589 3144 elapsus
622 3072 677 3126 in
706 3071 912 3126 Italiam
943 3070 1240 3141 navigavit,
1292 3069 1382 3124 ubi
1427 3085 1553 3125 cum
1602 3087 1729 3143 rege
1773 3058 1936 3128 Italia:

366 3166 566 3223 Carolo
591 3164 904 3218 aliinitatem
930 3164 1131 3231 junxit,
1157 3163 1276 3233 ejus
1297 3161 1407 3217 lilia
1438 3175 1538 3217 suo
1565 3162 1674 3218 lilio
1701 3163 1937 3233 despon-

369 3274 470 3323 sa;
501 3269 730 3326 sperans
758 3269 817 3309 se
844 3253 988 3306 illius
1016 3252 1214 3322 opibus
1240 3250 1745 3322 Constantinopolin
1782 3268 1939 3308 recu-

371 3360 712 3420 peraturum,
747 3345 893 3399 inani
939 3345 1128 3414 utique
1171 3358 1267 3413 spe
1314 3353 1369 3398 et
1403 3343 1721 3413 cupiditate.
1757 3343 1937 3414 Impe-

371 3451 517 3495 rator
545 3439 689 3493 enim
728 3437 1013 3490 maximam
1050 3434 1273 3490 classem
1299 3433 1578 3498 instruxit,
1604 3443 1658 3489 et
1688 3435 1936 3491 triremes

373 3535 497 3604 plus
529 3532 805 3598 sexaginta
834 3529 1125 3597 complevit
1160 3537 1272 3581 tum
1301 3527 1422 3580 aliis
1454 3527 1787 3592 hominibus,
1822 3540 1935 3583 tum

368 3633 530 3695 gente
557 3623 888 3679 Gasmulica.
925 3621 1090 3673 Erant
1121 3627 1302 3673 autent
1350 3619 1403 3672 hi
1449 3618 1708 3673 Romanis
1738 3621 1939 3689 pariter

372 3724 426 3771 et
459 3715 669 3771 Latinis
701 3715 944 3768 moribus
974 3710 1222 3765 innutriti
1248 3728 1261 3774 ;
1291 3709 1536 3778 adeoque
1566 3711 1634 3764 ali
1666 3711 1768 3765 illis
1803 3728 1936 3781 pru-

372 3809 611 3864 dentiam
639 3808 691 3860 in
718 3804 1085 3873 suscipiendo,
1117 3802 1186 3856 ab
1227 3800 1311 3854 his
1340 3800 1620 3856 audaciam
1654 3803 1706 3855 in
1740 3819 1935 3872 geren-

368 3900 441 3955 do
478 3900 618 3953 bello
647 3904 1013 3967 sumpserant.
1044 3894 1178 3948 Cum
1229 3892 1313 3947 his
1344 3901 1463 3946 erat
1490 3893 1651 3947 etiam
1696 3905 1938 3951 armatus

373 3991 580 4044 navalis
609 3987 885 4045 exercitus
933 3984 1235 4047 Laeonum,
1285 3997 1423 4051 quos
1472 3983 1708 4053 vulgaris
1758 3986 1936 4058 lingua

369 4090 630 4149 corrupto
662 4079 885 4133 nomine
911 4074 1188 4128 'I‘zacones
1216 4081 1405 4135 vocat,
1439 4073 1531 4141 qui
1563 4089 1621 4129 se
1646 4091 1836 4132 recens
1871 4078 1937 4132 ad

368 4171 752 4240 imperatorem
802 4182 867 4220 ex
921 4163 1297 4232 Peloponneso
1351 4163 1715 4220 comulerant.
1767 4166 1939 4237 Igitur

367 4259 561 4311 classis
589 4254 937 4323 imperatoria
973 4253 1111 4307 adeo
1152 4251 1437 4320 splendide
1481 4253 1742 4311 instructa
1779 4258 1934 4326 jussu

2039 535 2131 587 τοῦ
2162 533 2436 602 βασιλείου
2470 531 2684 603 θρόνου,
2717 531 2846 600 περὶ
2871 531 2918 582 δ’
2943 530 3106 582 αὑτὸν
3134 532 3320 582 πᾶσαν
3352 529 3448 597 τὴν
3480 526 3611 593 σύγ-

2039 625 2235 693 κλητον
2268 622 2405 693 μετά
2452 621 2711 693 λαμπροῦ
2749 621 2846 672 καὶ
2900 619 3133 687 κοσμίου
3167 617 3262 670 τοῦ
3329 618 3607 685 σχήματος

2042 717 2355 786 ἱσταμένην,
2382 717 2472 769 τὸν
2521 715 2566 768 δ’
2623 714 2877 782 Ἰκάριον.
2924 712 3014 764 τὸν
3040 709 3167 781 χθὲς
3218 711 3313 762 καὶ
3343 708 3610 778 πρότριτα

2038 808 2243 871 δοῦλον,
2272 806 2365 859 νῦν
2395 806 2533 876 μετᾶ
2551 806 2815 874 λαμπρᾶς
2841 804 2940 873 μὲν
2963 803 3063 870 τῆς
3087 801 3340 869 ἐσθῆτος,
3374 797 3607 868 σοϐαροῦ

2038 901 2093 953 δὲ
2126 899 2219 952 τοῦ
2268 899 2432 969 ἦθους
2461 899 2698 951 εἰσιόντα
2725 898 2818 950 καὶ
2847 895 3060 960 ἐξιόντα
3110 894 3203 945 καὶ
3246 892 3382 961 πρὸς
3408 888 3498 947 οὖς
3529 890 3606 959 τῷ

2041 994 2250 1063 βασιλεῖ
2301 991 2803 1059 κοινολογούμενον,
2859 987 3279 1057 ἀπορῤήγνυσιν
3324 984 3485 1046 εὐθὺς
3512 984 3610 1052 τὴν

2036 1084 2213 1153 ψαχὴν
2254 1085 2347 1136 καλ⁵
2373 1084 2558 1136 πίπτει
2589 1081 2799 1152 πρηνὴς
2832 1082 2918 1134 ἐπ’
2938 1081 3170 1148 ἐδάφους
3199 1078 3455 1146 ἐξαίφνης
3475 1075 3608 1140 (99‘,

2043 1174 2115 1242 μὴ
2137 1175 2385 1243 δυνηθεὶς
2412 1175 2653 1241 ἐνεγκεῖν
2672 1173 2729 1223 τὸ
2757 1173 2852 1240 τῆς
2880 1170 3062 1242 βιαίας
3083 1170 3251 1241 τύχης
3273 1170 3609 1237 παράλογον.

2110 1264 2183 1318 Δ’.
2215 1266 2369 1319 Μετά
2400 1266 2585 1334 μέντοι
2619 1265 2695 1335 (ι)
2715 1265 2773 1317 τὸ
2792 1261 3097 1330 ἐξωσθῆναι
3126 1263 3225 1330 τῆς
3255 1260 3459 1322 πόλεως
3482 1262 3609 1322 τοὺς

2039 1356 2303 1418 Λατίνους
2350 1352 2714 1425 ἐναπελείφθη
2773 1352 3203 1424 χειρωνακτικὸν
3259 1352 3353 1404 καὶ
3379 1352 3609 1419 ἀγοραῖς

2038 1446 2437 1517 ἀσχολούμενον
2492 1445 2721 1515 πλῆθος,
2778 1442 3088 1513 σύμμικτον
3118 1441 3182 1493 ἐκ
3212 1458 3272 1493 τε
3305 1437 3608 1493 Βενετικῶν

2038 1538 2134 1590 καὶ
2170 1534 2468 1589 Πισσαίων.
2502 1532 2665 1588 Ὅθεν
2694 1531 2795 1586 οὐκ
2818 1531 3058 1599 ἀσφαλὲς
3081 1530 3201 1583 οὐδὲ
3229 1527 3367 1597 πρὸς
3388 1527 3611 1597 εἰρήνην
3696 1524 3709 1539 ⁸

2040 1630 2258 1699 βλέψειν
2292 1629 2468 1682 ἐδόκει
2496 1626 2558 1681 τὸ
2588 1627 2684 1682 καὶ
2718 1626 2847 1689 τοὺς
2876 1626 2941 1679 ἐκ
2973 1623 3240 1685 Γεννούας
3271 1622 3420 1676 ἔνδον
3441 1623 3611 1675 είσοι-

2039 1721 2214 1786 κίζειν
2242 1720 2339 1789 τῆς
2373 1719 2600 1781 πόλεως.
2649 1718 2749 1770 Διά
2779 1716 2939 1770 τοῦτο
2970 1715 3065 1768 καί
3090 1731 3275 1782 σφισιν
3307 1713 3610 1782 ἀντιπέραν

2042 1815 2173 1881 περὶ
2222 1813 2312 1864 τὸν
2365 1811 2459 1864 τοῦ
2507 1808 2749 1863 Γαλάτου
2800 1808 2965 1861 τόπον
3012 1805 3279 1875 ἀπονέμει
3302 1804 3502 1874 χωρίον
3528 1803 3613 1869 είς

2038 1902 2279 1971 οἴκησιν,
2327 1898 2697 1968 χαρισάμενος
2722 1896 2930 1967 ἶαύτοῖς
2963 1895 3059 1948 καὶ
3083 1895 3181 1963 τὴν
3211 1894 3310 1962 τῆς
3337 1893 3612 1965 ἐμπορίας

2040 1992 2429 2063 ὑπεσχημένην
2471 1989 2743 2043 ἀτέλειαν.
2779 1989 2916 2058 Πρὶν
2944 1990 3053 2057 γὰρ
3097 1986 3301 2040 ἁλῶναι
3326 1987 3424 2055 τὴν
3458 1986 3613 2056 βασι-

2036 2083 2298 2137 λεύουσαν
2323 2079 2673 2151 συνεφώνησε
2699 2079 2798 2150 τήν
2819 2077 3081 2146 τοιαύτην
3118 2078 3303 2139 αὐτοῖς
3339 2076 3608 2146 παρέχειν

2038 2175 2285 2229 ἀτέλειαν
2324 2177 2351 2227 ό
2384 2172 2659 2244 βασιλεὺς,
2713 2172 2764 2223 εί
2803 2170 3048 2240 βοηθοῖεν
3102 2168 3251 2236 αύτῷ
3317 2170 3461 2220 κατὰ
3495 2168 3607 2221 τῶν

2038 2266 2384 2337 κρατούντων
2411 2266 2509 2333 τῆς
2541 2264 2745 2324 πόλεως
2772 2263 3037 2316 Λατίνων.
3071 2261 3137 2312 Ὃ
3163 2258 3227 2328 δή
3262 2258 3356 2311 καὶ
3390 2259 3608 2328 πεπλήο

2019 2418 2023 2423 ,
2040 2376 2185 2429 ρωκε
2210 2358 2327 2423 νῦν,
2356 2356 2450 2409 καὶ
2474 2355 2648 2408 ταῦτα
2676 2355 2800 2423 δίχα
2839 2353 2942 2421 τῆς
2971 2352 3123 2418 σφῶν
3173 2349 3424 2420 βοηθείας
3448 2351 3610 2417 γενότ

2041 2467 2199 2520 μενος
2226 2451 2395 2517 αὐτῆς
2452 2448 2745 2517 ἐγκρατής.
2805 2445 2874 2498 Οῐ
2922 2460 2986 2512 γε
3024 2445 3131 2513 μὴν
3186 2441 3329 2494 κατά
3379 2442 3612 2510 χρόνους

2036 2542 2266 2603 τακτοὺς
2294 2540 2486 2610 άρχειν
2514 2536 2975 2606 ἀποστελλόμενοι
3037 2537 3244 2586 τούτων
3290 2532 3318 2583 ό
3379 2531 3481 2599 μέν
3542 2531 3612 2582 ἐκ

2037 2630 2291 2693 Βενετίας
2321 2631 2564 2683 καλεῖται
2603 2628 2923 2695 μπαῖουλος,
2954 2627 2981 2677 ὁ
3013 2625 3058 2676 δ’
3093 2628 3156 2676 ἐκ
3207 2624 3414 2690 [ῐίσσης
3444 2620 3614 2674 κούν-

2039 2720 2248 2782 σουλος,
2280 2720 2309 2771 ὁ
2337 2718 2384 2771 δ’
2419 2722 2481 2769 ἐκ
2511 2716 2778 2778 Γεννούας
2809 2717 3142 2774 ποτεστάτος
3163 2727 3179 2742 ⁸
3227 2714 3371 2781 άπερ
3401 2713 3480 2773 είς
3508 2709 3614 2780 τὴν

2045 2809 2278 2862 Ἐλλάδα
2344 2806 2530 2878 φωνὴν
2582 2806 2931 2876 μεταγόμενα
2969 2805 3027 2856 τὸ
3064 2803 3163 2873 μὲν
3188 2802 3296 2855 τῶν
3325 2801 3615 2868 ὀνομάτων

2036 2902 2285 2952 καλεῖται
2313 2900 2630 2969 ἐπίτροπος,
2655 2898 2714 2949 τὸ
2737 2897 2796 2949 δὲ
2827 2897 3045 2968 ἔφορος,
3064 2896 3123 2949 τὸ
3147 2896 3203 2947 δὲ
3228 2893 3615 2961 ἐξουσιαστής.

2110 2991 2187 3045 E'.
2238 2993 2301 3043 '0
2331 2992 2387 3043 δὲ
2419 2991 2733 3053 Βαλδουῖνος
2763 2990 2985 3060 διαδρὰς
3011 2992 3105 3042 τὸν
3135 2991 3232 3057 τῆς
3255 2990 3549 3042 Κωνσταντ
3563 3004 3616 3039 ι-

2037 3082 2338 3143 νουπόλεως
2391 3082 2637 3135 κίνδυνον
2697 3082 2791 3134 καὶ
2846 3080 3196 3141 ἀποπλεύσας
3255 3081 3332 3141 εὶς
3377 3076 3615 3130 Ἰταλίαν

2037 3170 2297 3242 ικήδευσε
2327 3168 2407 3239 τῷ
2450 3169 2580 3240 ῥηγὶ
2604 3170 2705 3237 τῆς
2750 3168 2985 3229 Ἰταλίας
3036 3166 3304 3236 Καρούλῳ
3333 3164 3433 3235 (2),
3464 3165 3611 3234 νύμ-

2038 3277 2146 3330 φην
2169 3261 2433 3330 ἀγόμενος
2461 3260 2535 3328 τῷ
2571 3258 2675 3329 υίῷ
2699 3260 2799 3327 τὴν
2849 3257 3124 3326 θυγατέρα
3155 3256 3364 3309 ἐκείνου
3381 3255 3405 3285 ”
3450 3255 3604 3307 ἐλπί-

2038 3350 2148 3414 ζων
2171 3351 2368 3421 ἐκείνῳ
2388 3350 2665 3420 συμμάχῳ
2685 3349 3026 3419 χρησάμενος
3046 3347 3145 3417 τὴν
3167 3346 3614 3400 Κωνσταντινού-

2038 3445 2193 3495 πολιν
2220 3442 2613 3511 ἀναλήψεσθαι,
2648 3443 2877 3511 μάταιος
2897 3439 2999 3507 τῆς
3021 3456 3080 3491 τε
3113 3439 3353 3506 ἐφέσεως
3379 3439 3471 3491 καὶ
3497 3440 3613 3492 τῶν

2038 3533 2289 3587 ἐλπίδων.
2334 3532 2396 3587 'O
2427 3533 2535 3601 γὰρ
2565 3532 2822 3602 βασιλεὺς
2851 3531 3106 3583 πλειστον
3130 3530 3398 3601 ἐξήρτυσε
3424 3545 3612 3582 ναυτι-

2037 3626 2155 3691 κὸν,
2202 3625 2492 3693 ἐμπλήσας
2541 3626 2790 3694 τριήρεις
2839 3623 2978 3691 ὑπὲρ
3009 3622 3108 3683 τὰς
3164 3621 3427 3691 ἐξήκοντα
3458 3620 3523 3673 ἐκ
3549 3638 3611 3674 τε

2039 3718 2214 3771 ἄλλων
2241 3719 2332 3770 καὶ
2358 3715 2550 3782 γένους
2570 3714 2665 3767 τοῦ
2686 3712 3065 3783 Γασμουλικοῦ
3086 3712 3183 3782 (5).
3214 3713 3298 3785 [Ρ.
3319 3711 3410 3783 58]
3429 3708 3612 3767 Ἦσαν

2036 3806 2095 3859 δὲ
2142 3801 2288 3858 οὗτοι
2337 3804 2815 3886 συντεθραμμένοι
2870 3807 2987 3866 τοῖς
3042 3821 3102 3856 τε
3150 3804 3482 3873 Ῥωμαϊκοῖς
3510 3803 3611 3854 καὶ

2038 3892 2353 3956 Λατινικοῖς
2391 3897 2590 3962 ῑθεσιν,
2629 3895 2706 3959 ὡς
2760 3896 2907 3966 ἐχειν
2961 3897 3025 3948 ἐκ
3077 3896 3177 3963 μὲν
3237 3893 3519 3964 Ῥωμαίων
3552 3894 3614 3946 τὴ

2039 3987 2394 4055 ἐσκεμμένως
2428 3989 2483 4047 ἐς
2542 3987 2641 4048 τὰς
2672 3985 2851 4054 μάχας
2887 3985 3047 4050 ἰέναι,
3093 3985 3156 4035 ἐκ
3185 3982 3241 4035 δὲ
3276 3982 3523 4035 Λατίνων
3550 3985 3611 4036 τ’)

2038 4076 2319 4145 εὔτολμον.
2378 4077 2550 4144 Συνῆν
2588 4075 2645 4128 δὲ
2692 4075 2907 4138 τούτοις
2968 4076 3063 4128 καὶ
3120 4074 3351 4142 στρατὸς
3404 4075 3461 4125 ὲν
3495 4076 3612 4135 τοῖς

2036 4156 2223 4229 ὅπλοις
2267 4166 2578 4232 θαλάττιος,
2630 4167 2889 4230 Λάκωνες
2942 4165 3065 4236 ἄρτι
3110 4165 3503 4235 προσελθόντες
3547 4168 3612 4217 ἐκ

2041 4259 2453 4327 Πελοποννήσου
2477 4259 2553 4329 τῷ
2573 4257 2804 4328 βασιλεῖ,
2829 4256 2924 4321 οὒς
2948 4259 2981 4329 ἡ
3004 4257 3159 4327 κοινὴ
3181 4257 3613 4327 παραφθείρασα

365 4347 715 4415 imperatoris
744 4345 1048 4414 navigabat,
1084 4351 1141 4397 et
1186 4343 1480 4398 maximum
1527 4343 1732 4400 Latinis
1762 4358 1932 4403 terro-

2043 4352 2260 4421 γλῶσσα
2290 4349 2588 4413 Τξάκωνας
2621 4350 2694 4420 (4)
2741 4351 3153 4420 μετωνόμασεν.
3199 4351 3259 4403 '0
3298 4349 3427 4418 γοῦν
3458 4351 3613 4418 βασι-

368 4454 483 4492 rem
517 4452 578 4491 ac
612 4436 906 4491 tumultum
948 4432 1245 4501 injiciebat.
1283 4433 1507 4503 Recepit
1550 4436 1715 4491 etiam
1766 4437 1934 4510 ΔΞεωί

2043 4444 2190 4507 λικδς
2241 4442 2423 4505 στόλος
2483 4443 2561 4511 (5)
2620 4439 2763 4493 οὕτω
2793 4441 3059 4512 λαμπρῶς
3096 4443 3613 4511 συγκεκροτημένος

368 4528 537 4583 maris
583 4527 786 4581 insulas
829 4523 944 4578 fere
981 4537 1193 4583 omnes,
1224 4522 1505 4591 Lemnum,
1535 4526 1754 4596 Chium,
1785 4530 1936 4586 Rbo-

2043 4532 2191 4585 Επλει
2217 4530 2463 4584 κελεύσει
2502 4531 2598 4583 τοῦ
2629 4531 2896 4601 βασιλέως
2950 4532 3045 4583 καὶ
3077 4531 3329 4584 πλεῖστον
3376 4530 3613 4585 ἐνεποίει

370 4620 521 4682 dum,
550 4626 605 4671 et
633 4625 856 4671 caeteras
884 4628 1007 4681 quae.
1037 4611 1246 4665 Latinis
1275 4613 1598 4669 servierant.

2047 4624 2213 4694 φόϐον
2234 4625 2326 4675 καὶ
2358 4622 2588 4692 θόρυϐον
2608 4624 2722 4685 τοῖς
2742 4621 3012 4684 Λατίνοις.
3042 4623 3084 4674 Π
3093 4623 3402 4693 ροσειλήφει
3431 4621 3491 4674 δὲ
3516 4619 3613 4674 καὶ

370 4710 469 4771 τὰς
506 4710 566 4760 ἐν
632 4704 841 4773 Αἰγαίῳ
890 4706 1088 4794 νήσουᾉς
1125 4701 1326 4770 μικροῦ
1380 4704 1579 4772 πάσας,
1634 4708 1851 4779 Λῆμνον
1882 4716 1977 4768 καὶ
2015 4715 2147 4768 Χίον
2178 4712 2272 4766 καὶ
2312 4711 2493 4766 Ῥόδον
2524 4712 2619 4794 καὶ
2649 4712 2768 4765 ὅσαι
2795 4711 3048 4776 Λατίνοις
3083 4712 3386 4767 ἐδούλευον.

443 4801 530 4854 VI.
584 4798 831 4859 Interim,
891 4795 1019 4847 dum
1052 4792 1166 4846 haec
1223 4794 1356 4846 mari
1407 4806 1694 4864 geruntur,
1757 4802 1939 4857 denuo

368 4892 529 4947 ﬁdem
581 4888 741 4957 fregit
808 4889 865 4937 et
918 4881 1201 4935 ﬁnitimam
1256 4882 1619 4940 Romanorum
1664 4888 1926 4945 ditionem

2121 4804 2215 4871 ς’.
2252 4803 2472 4855 Τούτων
2497 4802 2667 4863 οὕτως
2688 4804 3104 4881 ἀσχολουμένων
3129 4806 3257 4873 περὶ
3288 4804 3385 4875 τὴν
3415 4805 3611 4860 θάλασ-

2039 4909 2160 4959 σαν,
2222 4894 2427 4963 ἤρξατο
2474 4893 2635 4944 πάλιν
2692 4891 3094 4961 παρασπονδεῖν
3149 4893 3245 4944 καὶ
3274 4895 3373 4963 τὴν
3399 4894 3611 4965 ὅμορον

1699 5003 2025 5067 Vat-iurum
2067 5015 2257 5070 noue.

447 5123 558 5191 (99}
580 5120 722 5176 Mera
761 5119 937 5173 fabula
956 5120 1023 5174 de
1044 5123 1270 5197 Joannis
1298 5126 1476 5197 subita
1503 5127 1555 5179 in
1584 5127 1927 5197 imperatoris

369 5206 663 5269 conspectu
716 5193 1128 5269 mortekexhiis
1169 5210 1289 5262 quae
1322 5196 1612 5250 traduntur
1656 5193 1686 5250 ἐι
1717 5195 1926 5269 Pachy-

370 5261 522 5319 mere
553 5264 643 5315 lib.
671 5277 722 5321 v,
752 5276 871 5328 cap.
903 5261 990 5316 27.
1025 5261 1254 5316 Ducam.

447 5335 521 5405 (ι)
554 5335 622 5405 tit
660 5329 918 5405 Peraean
966 5331 1149 5405 Gnluta
1184 5333 1423 5405 Venetis,
1457 5334 1687 5397 Pisanis,
1736 5346 1784 5392 et
1816 5337 1927 5393 Ce-

374 5401 674 5458 nuensilius
703 5401 768 5453 ad
800 5401 1148 5471 habitandum
1194 5417 1223 5455 a
1253 5402 1510 5458 Micliaele
1542 5421 1800 5459 concessa
1831 5410 1923 5471 sit,

371 5474 555 5526 multis
611 5472 820 5537 egimus
875 5470 966 5525 liii.
1018 5486 1033 5522 ι
1080 5472 1558 5541 Constantinopolis
1614 5470 1930 5531 Christiani?

372 5552 506 5595 sect.
537 5542 641 5606 2'2;
675 5542 741 5594 de
770 5540 1279 5611 singularumvero
1314 5540 1581 5609 pra-lectis
1620 5546 1707 5597 hic
1741 5561 1927 5600 recen-

372 5610 516 5683 sitis.
571 5607 880 5683 eorumque
924 5607 1261 5683 nominibus,
1312 5607 1424 5683 tum
1477 5630 1540 5666 ex
1598 5612 1929 5683 Pachymere

374 5678 469 5731 lib.
485 5669 545 5744 II,
562 5695 680 5749 cap.
811 5690 864 5733 et
888 5677 1028 5741 aliis,
1061 5677 1113 5729 in
1134 5669 1287 5733 Gloss
1306 5681 1443 5734 med.
1471 5669 1948 5743 Crmcitﬁucaac.‘

2108 5130 2183 5200 (‘2)
2244 5129 2377 5186 Vide
2416 5130 2663 5184 Historia:
2722 5128 3313 5199 France-Byzantium
3396 5132 3491 5187 lib.
3538 5150 3591 5198 v,

2037 5216 2091 5253 n.
2126 5201 2218 5266 48,
2258 5203 2348 5255 49.
2392 5202 2623 5254 ῡυοΑκο.

2108 5272 2180 5338 (5)
2211 5273 2523 5341 Pacltymer.
2556 5271 2645 5323 lib.
2679 5287 2748 5334 tv,
2774 5284 2895 5338 cap.
2925 5268 3015 5324 26.
3044 5268 3180 5326 Vide
3204 5270 3439 5328 Glossar.
3464 5274 3603 5329 med.

2037 5339 2250 5393 Gm’cil.
2284 5344 2337 5393 in
2358 5339 2474 5393 liae
2500 5356 2652 5393 voce.
2698 5341 2929 5394 Ducum.

2108 5411 2182 5469 (4)
2204 5409 2423 5484 -ΙΙως-ιιηι
2454 5410 2737 5484 [ιοςοηυιιι
2754 5410 2997 5484 meminit
3016 5410 3378 5484 Pacliymeres
3401 5412 3495 5468 lib.
3520 5428 3601 5477 ιιι,

2035 5495 2156 5601 Bap.
2196 5482 2249 5533 9.
2306 5480 2435 5533 \‘iJe
2469 5489 2674 5548 pariter
2728 5482 2868 5535 idem
2918 5480 3247 5557 Glossarain
3306 5485 3405 5536 hac
3453 5498 3602 5537 voce.

2084 5563 2272 5601 cusuc.

2084 5563 2272 5604 L‘CANG.

2107 5619 2184 5690 (ὅ)
2218 5617 2532 5688 Pachymer.
2569 5620 2665 5675 lib.
2699 5636 2784 5686 ιιι,
2817 5636 2937 5691 cap.
2975 5622 3061 5677 15.
3104 5622 3334 5676 Ducam.
