3984 6458
230 324 332 388 265
468 316 542 388 [Α-
581 332 633 372 C-
684 315 820 373 "939
859 334 924 372 ιι)
970 314 1127 371 128⁸2⁸
1241 318 1691 380 BYZANTIN/E
1734 319 1787 379 H

1900 316 2121 378 ‘ORI/E
2163 318 2304 379 LIB.
2334 320 2402 382 V.
2521 314 2653 387 [ιιιιι.
2699 330 2846 369 ιιιοιι.
2889 314 3227 388 ptumam]
3368 318 3476 383 £60

228 437 634 496 ἀποσπασθέντα
672 450 767 490 τον
803 436 1027 506 βασιλέα
1068 436 1247 490 πᾶσαν
1299 433 1446 490 έν“ον
1478 436 1576 503 τὴν
1620 450 1787 488 σπου-

1900 432 2151 486 intestina
2187 432 2428 502 pericula
2476 433 2637 489 bellis
2669 435 2917 489 externis
2957 435 3210 506 graviora
3239 438 3476 493 arbitra-

152 526 155 527 ν
226 535 318 603 δὴν
360 530 684 602 μεταθεῖναι,
745 530 969 601 μείζους
1025 529 1155 591 τοὺς
1204 527 1420 583 ἔνδοθεν
1469 526 1791 604 ἡγούμενον.

1900 534 1998 578 tus.
2031 523 2203 578 Erant
2231 523 2379 577 enim
2427 540 2535 579 non
2582 530 2743 595 pauci
2776 543 2808 582 e
2839 528 3250 598 magistratibus
3285 530 3475 597 etiam,

226 625 489 684 κινδύνους
515 622 621 676 τῶν
644 621 848 686 ἔξωθεν
877 620 1172 687 πολεμίων.
1205 616 1387 672 Ἦσαν
1427 616 1516 690 [Ρ.
1547 616 1637 691 76]
1667 617 1777 688 γὰρ

1900 614 1981 684 qui
2015 629 2169 668 suam
2205 617 2538 671 sententiam
2572 616 2941 687 imperatoriis
2979 620 3176 676 edictis
3220 621 3479 677 alacriter

225 716 319 789 οῷκ
349 714 513 781 ὀλίγοι
535 712 628 766 καὶ
650 711 761 764 τῶν
792 711 850 762 ὲν
875 709 1018 763 τέλει
1043 708 1144 779 τῆς
1176 707 1403 777 γνώμης
1429 707 1498 760 τὰ
1530 707 1782 775 δόγματα

1900 717 2250 778 ψιιοιιοιειιι.
2286 709 2344 763 In
2390 726 2485 765 eas
2519 710 2688 779 igitur
2718 713 2971 769 redactus
3018 718 3298 786 angustias
3333 716 3475 770 viam

230 806 360 860 κατά
383 803 489 858 τῶν
520 801 818 873 βασιλικῶν
858 799 1300 873 προσταγμάτων
1335 798 1654 862 ὁπλίζοντες
1681 798 1785 868 μά-

1900 797 2029 853 :nire
2076 800 2271 854 statuit
2304 798 2540 855 duarum
2591 802 2846 868 alteram,
2894 820 3108 860 summa
3149 807 3478 862 necesdtate

225 899 287 970 λα
319 894 625 951 ἐθελονταί·
659 895 717 947 ὲν
763 872 937 960 στενῷ
976 892 1161 962 μέντοι
1196 890 1310 963 (48)
1362 890 1562 961 κομιδῇ
1606 907 1781 944 κατα-

1900 891 2054 945 alium
2090 892 2296 946 exitum
2330 908 2442 948 non
2470 893 2794 952 admittente
2818 896 2873 951 in
2902 900 3197 967 prmsentia
3227 918 3240 953 :
3275 902 3481 970 quippe

228 962 347 1052 στὰς
398 988 425 1041 ὁ
462 985 718 1057 βασιλεὺς
759 984 959 1063 οὕτως).
989 982 1130 1051 ἔγνω
1176 962 1321 1035 δυοῖν
1369 981 1597 1049 θάτερον
1638 975 1783 1033 εἶναι

1900 991 1982 1038 aut
2003 999 2196 1039 omnes
2222 986 2325 1041 sibi
2349 1003 2694 1053 assensurus,
2720 999 2814 1045 aut
2842 1005 3035 1057 omnes
3057 1006 3210 1063 mque
3235 994 3476 1048 hostium

229 1084 381 1148 ίτέον,
410 1080 511 1149 τῆς
534 1079 644 1132 τῶν
687 1058 1029 1148 πραγμᾶτων
1064 1074 1246 1145 βιαίας
1297 1072 1547 1143 ἀνάγκης
1595 1073 1784 1143 ἕτερον

1900 1076 2011 1133 loco
2043 1077 2361 1135 habendos..

225 1178 315 1229 οὐκ
338 1170 724 1241 ἐπιδεχομένης
751 1169 924 1239 πέρας
954 1169 1013 1221 ὲν
1044 1165 1124 1237 τῷ
1169 1167 1435 1248 παρόντιο
1500 1164 1537 1234 ἢ
1565 1166 1674 1235 γὰρ
1712 1167 1925 1231 πάντας
1958 1169 2110 1242 αὐτῷ
2156 1173 2511 1243 συμφρονεῖν,
2580 1172 2613 1244 ἢ
2678 1173 2962 1243 πολεμίοις
3014 1178 3105 1231 ἴσα
3134 1179 3347 1244 τούτοις
3381 1182 3481 1235 κεέ

226 1265 468 1338 χρῆσθαι.

287 1357 357 1412 I".
392 1357 556 1411 Ταῦτ’
581 1357 689 1426 ἄρα
710 1357 808 1409 καὶ
832 1353 1124 1424 μειλιχίοις
1152 1352 1222 1407 τὰ
1253 1352 1449 1424 πρῶτα
1479 1351 1660 1419 λόγοις
1688 1351 1785 1404 καὶ

1956 1348 2048 1405 Ill.
2102 1350 2470 1417 Quamobrem
2528 1353 2888 1413 factiosorum
2939 1360 3155 1419 animos
3202 1365 3475 1436 principio
3550 1375 3562 1385 ‘

227 1452 401 1524 ἧθεσιν
449 1451 656 1519 ἱλαροῖς
715 1447 1209 1517 καταδημαγωγεῖν
1257 1445 1350 1498 καὶ
1397 1441 1783 1497 ὑποποιεῖσθαι

1900 1442 2165 1499 ιιιιιιάίιὶἱε
2193 1446 2484 1501 verborum
2513 1458 2569 1502 et
2602 1450 2865 1506 comitate
2915 1467 3128 1508 mormn
3177 1458 3481 1515 conciliare

223 1545 311 1604 τάς
340 1541 446 1596 τῶν
472 1540 872 1605 στασιαζόντων
895 1538 1154 1608 ἐπειρᾶτο
1179 1536 1427 1606 γνώμας,
1462 1534 1783 1603 οἰκονομίαν

1900 1536 1985 1590 tibi
2016 1546 2074 1591 et
2104 1538 2427 1615 mancipare
2451 1540 2772 1608 conabatur,
2809 1560 3041 1615 eamque
3067 1561 3178 1602 rem
3224 1565 3334 1604 non
3379 1567 3481 1606 no-

224 1629 354 1689 εἶναι
382 1634 555 1701 λέγων
581 1632 642 1686 τὸ
662 1632 896 1707 πρᾶγμα
927 1630 1024 1685 καὶ
1055 1630 1117 1684 οὒ
1142 1631 1501 1699 καινοτομίαν
1537 1648 1550 1660 ·
1589 1629 1782 1699 φρονί-

1900 1628 2075 1685 vitatis
2113 1613 2319 1697 studio,
2355 1624 2470 1688 'sed
2502 1635 2755 1703 prudenti
2805 1613 3039 1694 consilio
3073 1651 3310 1711 emptam
3354 1659 3481 1700 ossi:

2521 312 2653 387 [ιιιιι.
2699 330 2846 369 ιιιοιι.
2889 314 3227 391 ptumam]

228 1746 333 1797 μων
359 1726 403 1779 δ’
422 1721 584 1792 εἶναι,
618 1725 748 1794 πρὶν
775 1723 1031 1792 γενέσθαι
1058 1724 1127 1778 τὰ
1155 1723 1415 1793 δυσχερῆ,
1439 1723 1785 1792 προνοεῖσθαι

223 1820 360 1882 ὅπως
410 1818 486 1889 μὴ
525 1817 751 1887 γένηται
782 1832 798 1848 ο
846 1815 1050 1882 κᾶνντι
1094 1816 1188 1887 δέῃ
1251 1816 1600 1884 καινοτομεῖν
1645 1815 1788 1884 ὑπὲρ

225 1912 308 1965 τοῦ
339 1912 410 1982 μὴ
455 1909 671 1981 μείζοσι
695 1908 965 1972 κινδύνοις
1007 1910 1357 1978 περιπεσεῖν,
1415 1907 1553 1978 μηδὲ
1580 1905 1780 1960 τούτου

230 2004 506 2075 φείδεσθαι.
549 2002 678 2058 Ἐὰν
705 2004 815 2073 γὰρ
848 2001 1075 2055 ἐπίωσιν
1122 2002 1172 2055 οί
1208 2000 1488 2070 πολέμιοι,
1535 1999 1782 2071 πολλαχῆ

229 2097 316 2167 τῆς
340 2094 966 2158 Κωνσταντινουπόλεως
1009 2092 1093 2147 ἔτι
1122 2093 1527 2164 διερρηγμένης
1556 2093 1648 2146 καὶ
1682 2093 1787 2161 ἀρ-

231 2207 281 2242 τι
305 2187 711 2259 ἀνοικιζομένης
744 2188 839 2241 καὶ
867 2182 983 2241 οἷον
1009 2187 1193 2241 εἰπεῖν
1219 2184 1680 2253 ἀναόηιωσκούσης
1717 2186 1783 2238 ἐκ

239 2281 336 2332 τῶν
360 2281 453 2349 πρὸ
484 2278 725 2349 βραχέος
776 2277 1043 2341 θανάτων,
1094 2275 1317 2347 χείρονα
1356 2273 1466 2327 τῶν
1496 2274 1786 2344 προτέρων

237 2372 370 2426 ἔσται
389 2372 451 2424 τὰ
492 2373 744 2440 παρόντα
780 2357 952 2434 δεινὰ,
989 2369 1085 2421 καὶ
1138 2360 1323 2437 κύριοι
1354 2365 1787 2431 καθεστήξουσιν

229 2466 273 2516 οἱ
305 2464 548 2533 πολέμιοι
577 2462 638 2515 οὐ
672 2463 831 2530 μόνον
864 2461 971 2513 τῶν
1029 2459 1214 2529 ἱερῶν,
1243 2458 1382 2512 ἀλλὰ
1415 2459 1509 2512 καὶ
1563 2459 1787 2511 πάντων

223 2554 346 2623 ἅμα,
368 2553 581 2607 παίδων
633 2553 728 2604 καὶ
757 2548 1035 2620 γυναικῶν
1065 2550 1159 2602 καὶ
1201 2550 1551 2621 πραγμάτων
1578 2562 1592 2577 ·
1614 2573 1621 2586 ι
1646 2549 1696 2601 οί
1730 2547 1786 2601 δὲ

221 2643 414 2695 τούτων
445 2641 719 2695 δεσπόται
773 2640 1115 2709 ἀνάρπαστοι
1162 2641 1257 2691 καὶ
1286 2636 1464 2690 δοῦλοι
1491 2636 1608 2691 ἀντ’
1638 2637 1784 2690 ἐλευ·

227 2735 387 2806 θέρων
430 2733 503 2787 οὐ
536 2733 695 2803 μόνον
732 2734 799 2785 τὰ
824 2729 1072 2802 σώματα,
1092 2729 1185 2789 ,ὅτι
1215 2730 1291 2799 μὴ
1316 2729 1531 2792 καὶτὰς
1562 2727 1787 2799 γνώμας

216 2828 399 2892 αὐτὰς,
432 2828 654 2898 ἀνάγκη
705 2825 858 2898 βιαίᾳ
934 2825 1072 2892 πρὸς
1126 2825 1274 2894 ἆπερ
1307 2823 1374 2877 ἂν
1428 2823 1479 2877 οἱ
1536 2823 1787 2890 πολέμιοι

220 2916 510 2987 βούλοιντο,
556 2916 833 2985 ἑπόμενοι.
885 2916 998 2970 Καὶ
1036 2913 1161 2968 τότε
1211 2913 1548 2984 λελείψεται,
1578 2913 1785 2985 μηδένα

218 3009 301 3063 τὸν
330 3010 786 3080 προστησόμενον
809 3001 951 3061 εἶναι
976 3007 1084 3060 τῶν
1120 3005 1367 3077 πατρίων
1402 3005 1544 3058 ὲθῶν
1576 3009 1670 3059 καὶ
1704 3021 1790 3059 νο·-
1816 2993 1859 3052 C

219 3100 411 3171 μίμων,
442 3102 545 3154 καὶ
577 3101 710 3170 πρός
736 3117 800 3169 γε
841 3098 920 3153 ἔτι
956 3100 1065 3153 τῶν
1094 3099 1258 3169 ἱερῶν
1298 3096 1515 3168 θεσμῶν
1544 3098 1639 3151 καὶ
1671 3097 1795 3166 δογ-

220 3195 391 3259 μάτων
422 3209 435 3222 ·
466 3191 611 3246 ἀλλὰ
642 3190 858 3244 πάντων
890 3186 1042 3243 έσιῖαι
1097 3190 1259 3262 ῥᾳδία
1314 3189 1647 3261 παρατροπὴ
1697 3189 1793 3244 καὶ

219 3267 529 3346 κατάλυσις.
568 3284 633 3336 Ἀ
656 3282 751 3336 νῦν
784 3282 895 3351 ἐγὼ
925 3281 1310 3357 προορώμενος
1349 3282 1597 3337 διάκονον
1650 3281 1788 3354 πρό-

221 3376 378 3447 θυμον
412 3376 665 3447 ἐμαυτὸν
690 3375 927 3445 ταυτησὶ
955 3376 1057 3448 τῆς
1085 3360 1406 3445 οίκονομίας
1443 3374 1791 3443 κατεστησά-

224 3486 339 3542 μην.
366 3469 702 3538 Οίκονομίας
765 3469 810 3522 δ’
841 3468 989 3523 ἐστιν
1037 3468 1331 3538 ἔμφρονος,
1374 3469 1621 3537 ἀνάγκης
1661 3484 1794 3522 κατ-

225 3564 547 3633 επειγούσης
581 3561 925 3633 ζημιωθῆναι
967 3562 1163 3632 μικρὸν
1202 3560 1428 3631 κέρδους
1456 3559 1640 3614 εἵνεκα
1671 3561 1806 3631 μεί-.

224 3657 357 3720 ζονος
384 3698 400 3720 ,
427 3657 532 3709 καὶ
562 3657 915 3726 συγχωρῆσαι
943 3654 1011 3707 τά
1040 3654 1190 3725 1Ιιττω
1215 3654 1332 3717 τοῖς
1372 3652 1627 3707 ἓλκουσ.ν
1654 3655 1795 3725 ὑπὲρ

220 3745 303 3798 τοῦ
329 3746 397 3798 τὰ
424 3743 606 3813 μείζω
635 3743 833 3813 ῥᾳδίως
858 3742 1223 3812 καρποῦσθαι.

281 3834 349 3891 Δ’.
391 3837 584 3890 Ταῦτα
618 3835 796 3903 λέγων
848 3834 875 3887 ὁ
915 3834 1173 3905 βασιλεὺς
1223 3836 1348 3900 τοὺς
1398 3836 1499 3906 μὲν
1576 3837 1793 3902 ἔπειθε,

221 3929 333 3992 τοὺς
358 3929 404 3982 δ’
433 3926 721 3998 οὐδαμῶς.
754 3927 938 3989 ,Ὅθεν
973 3929 1038 3981 τὸ
1082 3927 1294 3981 πείθειν
1343 3928 1507 3997 ἀφεὶς
1538 3928 1638 4000 τὴν
1673 3929 1795 3983 ἐτέ-

223 4037 314 4090 ραν
339 4020 564 4075 ἑὸἀδισε
598 4034 613 4049 ⁶
651 4020 859 4089 ταύτην
910 4019 954 4074 δ’
988 4015 1130 4074 εἶναι
1171 4018 1272 4091 τὴν
1314 4019 1407 4074 τοῦ
1461 4020 1749 4090 βιάζεσθαι
1775 4036 1792 4053 θ

219 4106 279 4182 ἧς
310 4112 440 4182 πρὸς
465 4109 642 4164 πολλὰ
676 4111 769 4163 καὶ
799 4111 1032 4179 διάφορα
1057 4111 1426 4182 μεριζομένης
1452 4112 1593 4183 εἴδη,
1618 4113 1796 4166 πάντα

220 4198 347 4274 ἦσαν
378 4206 588 4276 ἐνεργά
619 4199 695 4274 τῷ
754 4204 985 4274 βασιλεῖ,
1036 4203 1356 4274 δημεύσεις,
1401 4205 1611 4277 ἐξορίαι
1656 4205 1794 4276 (49),

1891 1721 2115 1780 aiebat:
2146 1738 2268 1778 esse
2307 1737 2492 1780 autem
2538 1727 2868 1796 prudentim,
2909 1731 3293 1802 impendentes
3339 1753 3481 1808 pm—

1890 1825 2087 1867 cavere
2134 1815 2492 1882 calamitates,
2535 1826 2593 1872 et
2643 1820 2691 1873 si
2738 1821 2869 1890 quid
2920 1824 2989 1877 ad
3039 1826 3293 1894 graviora
3337 1829 3480 1884 mala

1890 1904 2185 1959 avertenda
2218 1906 2530 1963 novandum
2562 1909 2654 1973 sit,
2688 1927 2797 1965 non
2832 1927 2955 1968 esse
2986 1918 3384 1973 cunctandum.
3418 1919 3478 1974 Si

1889 1992 2039 2049 enim
2066 1996 2253 2057 hostes
2277 1998 2659 2068 adventarent,
2683 2005 2820 2057 urbe
2847 2005 3035 2059 multis
3059 2006 3114 2061 in
3138 2009 3273 2064 locis
3298 2011 3481 2066 adhuc

1893 2100 1991 2154 per
2025 2087 2215 2145 ruinas
2251 2099 2473 2160 patente
2500 2108 2563 2147 ac
2594 2095 2896 2152 novissime
2934 2100 3236 2156 instaurata
3269 2112 3326 2158 et
3364 2106 3481 2160 vel-

1891 2190 1950 2234 ut
1994 2180 2353 2239 reviviscentc
2397 2195 2521 2255 post
2584 2186 2703 2240 illas
2739 2200 2945 2245 mortes
2973 2207 3108 2261 quas
3158 2197 3320 2263 paulo
3351 2207 3481 2253 ante

1891 2277 2226 2344 pertulisset,
2250 2280 2539 2348 praesentia
2582 2282 2718 2335 mala
2749 2286 2997 2353 graviora
3029 2285 3214 2342 futura
3247 2300 3481 2358 praeter-

1891 2369 2026 2424 itis:
2065 2386 2131 2424 ac
2174 2370 2428 2441 dominos
2502 2372 2616 2429 fore
2665 2373 2854 2429 hostes
2893 2377 3054 2447 127
3106 2394 3212 2433 non
3265 2390 3477 2437 tantum

1890 2476 2197 2528 sacrorum,
2219 2465 2311 2519 sed
2327 2466 2575 2520 omnium
2607 2465 2796 2533 simul,
2825 2468 3147 2537 liberorum,
3181 2473 3478 2545 conjngnm

1890 2564 1945 2611 et
1984 2570 2168 2610 rerum
2206 2574 2220 2610 :
2273 2572 2508 2627 quorum
2542 2573 2676 2613 vero
2723 2561 2961 2629 propriae
2995 2562 3079 2617 ba;
3129 2577 3217 2619 res
3267 2576 3477 2633 essent,

1889 2662 1986 2702 eos
2019 2648 2068 2702 vi
2107 2648 2384 2717 abreptos,
2419 2650 2688 2716 {libertate
2730 2652 2954 2714 amissa.
3000 2668 3116 2708 non
3150 2656 3479 2725 corporibus

1891 2749 2129 2804 tantum,
2180 2741 2275 2795 sed
2324 2741 2525 2795 animis
2573 2741 2738 2796 etiam
2791 2734 3116 2813 servituros,
3150 2756 3205 2802 et
3241 2748 3482 2807 hostium

1893 2828 2046 2896 sequi
2083 2830 2396 2884 voluntates
2446 2829 2685 2885 violenta
2734 2834 3065 2905 necessitate
3097 2847 3350 2892 coactum
3387 2840 3480 2896 iri.

1893 2918 1950 2974 Id
1981 2920 2172 2984 etiam,
2204 2919 2509 2988 inquiebat,
2542 2921 2819 2988 reliquum
2859 2924 2986 2988 erit.
3021 2939 3092 2979 ne
3121 2930 3245 2996 quis
3278 2931 3484 2996 patrio-

1896 3027 2015 3065 rum
2049 3011 2253 3065 rituum
2301 3021 2355 3067 et
2410 3013 2809 3078 institutorum,
2847 3024 2944 3071 aut
2981 3017 3143 3072 etiam
3190 3019 3369 3091 legum
3419 3037 3484 3078 ac

1896 3090 2211 3170 dogmatum
2267 3120 2547 3160 sacrorum
2608 3108 2975 3176 patrocinium
3027 3090 3316 3182 suscipiat.
3373 3111 3482 3170 Snd

1896 3211 2087 3252 eorum
2120 3197 2366 3251 omnium
2407 3198 2725 3268 depravatio
2770 3210 2827 3256 et
2872 3201 3154 3273 abrogatio
3203 3205 3484 3260 liberrima

1896 3286 2079 3343 futura
2113 3300 2218 3342 est.
2252 3288 2386 3354 Quae
2420 3304 2523 3360 ego
2552 3305 2702 3345 nunc
2731 3290 3072 3362 prospiciens
3114 3295 3169 3348 in
3212 3295 3355 3352 hanc
3385 3299 3484 3352 ad-

1899 3380 2359 3453 ministrationem
2400 3382 2599 3451 cupide
2643 3398 2732 3437 me
2780 3383 2961 3453 ipsum
3011 3384 3337 3455 interposui.
3390 3390 3488 3445 Est

1896 3482 2080 3528 autem
2114 3475 2378 3545 sapientis
2425 3475 2894 3533 administratoris
2944 3477 3208 3544 ofﬁcium,
3241 3485 3489 3539 necessi-

1898 3573 2009 3620 tate
2041 3566 2336 3637 subigente
2371 3566 2492 3623 leve
2521 3567 2783 3623 damnum
2817 3569 3052 3626 suﬂerre
3082 3574 3366 3645 amplioris
3399 3576 3489 3630 lu-

1898 3656 1976 3710 cri
2011 3656 2217 3726 gratia;
2249 3664 2306 3711 et
2332 3657 2441 3712 vim
2476 3657 2805 3716 facientibus
2832 3661 3048 3719 minora
3076 3666 3402 3736 concedere,
3428 3677 3490 3724 ut

1900 3748 2100 3819 majora
2140 3749 2260 3818 ipse
2294 3748 2454 3805 facile
2484 3752 2772 3821 percipiat.
3183 3766 3190 3772 ’

1971 3837 2061 3893 ιν.
2112 3836 2225 3893 Hac
2294 3841 2545 3896 oratione
2602 3842 2742 3899 alios
2803 3845 3104 3902 commovit
3168 3848 3488 3919 imperator,

1899 3929 2037 3986 alios
2067 3946 2179 3986 non
2210 3931 2364 3990 item.
2391 3932 2546 3989 Unde
2573 3937 2831 3993 suasione
2856 3941 3062 3996 omissa
3091 3942 3234 3997 viam
3260 3944 3487 4000 alteram

1900 4023 2181 4095 ingressus
2225 4034 2329 4090 est,
2375 4042 2497 4096 quae
2546 4037 2667 4083 erat
2724 4030 2808 4084 vis
2853 4043 3095 4100 aperta:
3152 4039 3310 4103 cujus
3360 4052 3488 4092 eum

1901 4115 2089 4170 multa:
2118 4115 2227 4170 sint
2250 4132 2316 4172 ac
2346 4117 2505 4172 varia:
2537 4120 2768 4188 species,
2803 4135 2996 4178 omnes
3041 4125 3112 4181 ab
3154 4126 3492 4197 imperatore

1901 4205 2159 4265 adhibita:
2185 4215 2315 4262 sunt
2345 4227 2360 4263 :
2394 4209 2792 4279 publicationes
2821 4212 3119 4282 bonorum,
3151 4218 3365 4287 exsilia,
3392 4236 3493 4276 cu-

224 4297 473 4365 φυλακαὶ,
538 4297 832 4367 ὀφθαλμῶν
859 4296 1206 4366 ἀφαιρέσεις,
1256 4297 1542 4368 μάστιγες,
1592 4298 1794 4369 χειρῶν

1903 4300 2116 4366 stodiae,
2160 4300 2583 4369 excaecationes,
2622 4300 2813 4375 ﬂagra,
2854 4318 3119 4361 manuum
3157 4311 3494 4378 amputatio-

223 4390 463 4460 ἐπιτομαὶ,
538 4390 719 4442 πάντα
761 4385 841 4451 οἷς
873 4390 930 4442 αἱ
991 4388 1208 4459 γνῶμαι
1246 4388 1353 4442 τῶν
1390 4389 1664 4458 ἀνδρικῶν
1694 4392 1792 4444 καὶ

227 4485 294 4552 μὴ
320 4483 744 4553 δοκιμάζονται.
797 4481 986 4545 Ὅσοις
1016 4481 1118 4551 μὲν
1153 4476 1252 4534 οὖν
1283 4480 1407 4532 κατ’
1437 4483 1739 4549 ἐπίγνωσιν
1766 4480 1795 4533 ό

226 4574 370 4644 ζῆλος
418 4572 487 4646 ἧν
522 4575 765 4643 (σπάνιοι
798 4573 841 4626 δ’
886 4566 1033 4626 οὗτοι
1073 4572 1416 4645 ἐτύγχανον),
1446 4567 1597 4626 οὗτοι
1631 4574 1796 4645 στερ-

228 4669 318 4737 ρἁ
366 4686 425 4721 τε
482 4667 583 4720 καὶ
646 4666 909 4736 ἀνδρικὴν
968 4667 1071 4735 τὴν
1118 4664 1376 4717 ἔνστασιν
1425 4664 1793 4733 ὲνδειξάμενοι

227 4761 390 4815 πάντα
428 4760 687 4831 ἁσμένως
723 4760 1037 4828 ὑπήνεγκαν
1091 4760 1186 4812 καὶ
1234 4757 1593 4823 πεπόνθασιν,
1620 4758 1794 4810 ὁπόσα

229 4851 259 4919 ἡ
286 4850 376 4905 τοῦ
408 4850 682 4921 βασιλέως
713 4851 989 4917 ἐπήνεγκε
1030 4849 1173 4920 χείρ,
1214 4850 1278 4901 Ut
1324 4848 1381 4901 δὲ
1417 4849 1662 4900 πλεῖστοι
1693 4865 1800 4918 μη-

219 4943 309 5010 ἶδὲν
366 4946 523 5013 ὑγιὲς
566 4943 792 5009 εἰδότες,
824 4942 958 4995 ἀλλά
996 4943 1167 5013 δῆμος
1200 4942 1352 5006 ὄντες
1402 4946 1497 4995 καὶ
1532 4944 1791 5014 ἀγοραῖος

230 5035 370 5109 ὄχλος
394 5038 491 5091 καὶ
530 5035 814 5106 χαίροντες
849 5037 932 5088 ἀεὶ
966 5034 1052 5108 [Ρ.
1079 5016 1169 5107 Ἱτῖ]
1202 5037 1320 5098 ταῖς
1365 5035 1648 5096 τοιαύταις
1678 5038 1803 5087 καί·

231 5130 520 5199 νοτομίαις,
541 5132 757 5199 τρίχινα
788 5126 1041 5201 καθάπερ
1072 5126 1467 5198 ἄλληνξσκηνὴν
1485 5123 1809 5179 ὑποδεδυκό-

229 5238 309 5284 τες
341 5222 627 5293 τριϐώνια,
668 5220 921 5291 πανταχῆ
974 5220 1074 5289 τῆς
1106 5218 1441 5288 οἰκουμένης
1480 5218 1805 5288 ὲξήπλωσαν

230 5316 466 5379 ἑαυτοὺς,
499 5315 609 5385 ὅπη
644 5314 789 5384 φῦλα
827 5312 1178 5384 Χριστιανῶν
1208 5308 1352 5364 εἶναι
1387 5312 1653 5365 ἐπύθοντο
1680 5329 1694 5343 υ
1742 5312 1801 5363 ἐν

230 5424 280 5461 τε
315 5408 711 5481 Πελοποννήσῳ
736 5409 880 5478 φημὶ
915 5406 1011 5461 καὶ
1064 5406 1264 5477 Ἀχαίᾳ
1292 5405 1387 5475 καί
1432 5404 1709 5476 Θεσσαλίᾳ
1745 5404 1802 5457 έν

1902 4405 2023 4456 nes,
2060 4393 2244 4446 omnia
2302 4391 2542 4462 denique
2592 4393 2795 4464 quibus
2853 4395 3099 4452 virorum
3161 4397 3383 4455 fortium
3436 4410 3495 4458 et

1902 4483 2148 4538 mollium
2179 4483 2349 4539 animi
2377 4485 2757 4556 explorantur.
2800 4489 2879 4542 Ac
2918 4480 3154 4559 quorum
3190 4492 3346 4547 zelus
3374 4504 3495 4550 erat

1905 4575 2209 4632 secundum
2247 4576 2535 4632 scientiam
2577 4578 2693 4648 (qui
2728 4581 2950 4650 quidem
3005 4582 3160 4652 pauci
3210 4586 3411 4656 erant),
3455 4586 3493 4642 ii

1903 4662 2117 4716 firmam
2164 4671 2219 4717 et
2264 4665 2478 4721 virilem
2510 4670 2880 4724 constantiam
2913 4670 3268 4740 praeferentes
3306 4678 3494 4731 omnia

1903 4756 2141 4813 libenter
2170 4758 2478 4815 tolerabant
2503 4771 2557 4816 et
2585 4765 3052 4834 perpetiebantur,
3082 4784 3205 4839 qua:
3229 4771 3495 4842 principis

1908 4865 2105 4904 manus
2131 4851 2424 4908 inferebat.
2456 4852 2685 4910 Maxima
2719 4871 2852 4913 vero
2877 4873 3004 4928 pars
3030 4860 3146 4915 reri
3166 4861 3360 4931 judicii
3395 4879 3496 4918 ex-

1908 4958 2059 5013 pers,
2107 4942 2209 4998 faex
2246 4944 2421 5013 plebis
2465 4954 2521 5001 et
2567 4947 3003 5008 circumforanea
3057 4953 3240 5017 turba,
3275 4970 3496 5027 semper

1908 5034 2219 5090 istiusmodi
2265 5036 2432 5092 rebus
2483 5039 2645 5093 novis
2693 5042 2961 5111 gaudens,
3017 5045 3245 5100 hirsutis
3295 5048 3494 5118 pannis

1909 5127 2079 5181 veluti
2111 5127 2336 5183 scenico
2378 5129 2583 5184 amictu
2623 5147 2766 5189 novo
2809 5134 2985 5189 induti
3022 5136 3184 5207 128
3214 5148 3328 5193 toto
3360 5143 3496 5194 orbe

1908 5218 2149 5289 dispersi
2180 5234 2313 5277 sunt
2358 5222 2449 5277 ubi
2485 5221 2832 5281 Christianos
2862 5241 2987 5283 esse
3015 5230 3350 5285 audiverunt
3385 5248 3401 5285 :
3438 5233 3495 5293 in

1909 5312 2370 5382 Peloponnesum,
2419 5314 2661 5383 inquam,
2713 5315 3002 5381 Achaiam,
3041 5317 3385 5372 Thessaliam
3434 5326 3497 5374 et

1908 5406 2233 5464 Colchidem
2260 5417 2313 5463 et
2343 5422 2674 5480 quacunque
2707 5409 3060 5479 imperatoris
3093 5410 3227 5467 ditio
3261 5426 3367 5466 non
3397 5427 3497 5484 pa-

1574 5522 1913 5613 Variorum
1948 5532 2140 5589 noue.

294 5627 400 5700 (48)
426 5626 632 5686 Ibidem
671 5627 987 5698 Pacbymer.
1038 5644 1161 5701 cap.
1198 5628 1302 5698 1‘2,
1338 5627 1546 5696 18,49,
1573 5625 1664 5683 20.
1694 5625 1801 5683 Du-

235 5712 405 5844 ωῗῗθ)
439 5770 758 5842 Pacbymer.
793 5773 983 5827 eodem
1018 5772 1162 5828 libro
1193 5789 1315 5844 cap.
1339 5772 1427 5838 19,
1450 5769 1553 5828 2οι
1592 5770 1690 5826 lib.
1720 5785 1797 5838 vn,

547 5873 816 5935 Ρηιιοι..
862 5875 979 5935 Gn.
1006 5873 1303 5937 CXLVI“

1913 5612 2037 5701 cap.
2074 5631 2162 5696 16,
2197 5631 2290 5686 9.4.
2316 5630 2450 5687 Vide
2488 5641 2748 5702 praeterea
2781 5630 3037 5686 Allatium
3070 5630 3140 5685 de
3196 5628 3495 5689 concordia

1914 5704 2202 5774 utriusque
2224 5703 2503 5769 Ecclesiw,
2540 5719 2663 5776 cap.
2701 5703 2789 5772 15,
2824 5719 2880 5758 n.
2924 5704 2974 5756 7.
3004 5703 3236 5758 Dousa.

3046 5867 3084 5927 9
