3984 6460
396 313 497 375 367
683 310 760 382 [ι.
804 325 861 363 ιι.
904 309 1035 363 6791
1088 323 1153 362 .tn
1196 305 1359 374 6856|

1621 307 2044 369 NICEPIIORI
2088 305 2480 370 GREGOR/E

2736 299 2870 375 [ιιιιι.
2918 318 3205 359 Ακυιιοιιιε.
3249 302 3392 375 sex]

3571 309 3670 370 368

467 424 532 480 ll.
579 425 694 491 Qua
722 427 788 480 de
814 440 974 480 causa
1024 433 1289 494 sequente
1313 434 1500 478 aestate
1531 438 1656 478 eum
1685 423 1988 479 octodecim

2166 424 2242 477 B’.
2299 421 2436 476 Δι’ἀ
2465 419 2530 492 δὴ
2569 421 2659 474 καὶ
2709 423 2767 486 ἐς
2821 422 3046 476 τούπιὸν
3091 423 3247 492 θέρος
3301 423 3672 478 ὀκτωκαίδεκα

394 519 620 572 armatis
683 517 997 572 triremibus
1045 513 1239 570 Veneti
1301 515 1670 579 advenerunt,
1726 513 1989 569 damnum

394 612 582 666 datum
633 610 852 680 pensari
893 611 961 664 ab
1016 608 1349 680 imperatore
1402 607 1764 678 postulantes.
1798 607 1991 676 Neque

393 705 541 761 enim
587 705 716 760 illul
753 704 1008 760 amicitia:
1051 704 1141 776 jus
1170 717 1312 771 esse,
1346 715 1404 758 ut
1440 717 1691 773 magnam
1729 700 1987 771 injuriam

394 797 674 852 moderate
723 795 820 850 ulti
865 796 1084 850 tandem
1113 805 1360 850 extremo
1390 793 1659 864 supplicio
1708 791 1993 846 alliceren-

395 901 504 946 tur.
543 890 818 944 ltmuanos
847 889 1062 958 priores
1094 887 1307 957 rupisse
1340 886 1524 942 {indas
1559 904 1572 940 :
1603 885 1744 956 quod
1791 885 1842 938 in
1873 885 1992 955 ipso

393 983 520 1039 belli
555 984 871 1038 discr‘mine
919 982 1158 1036 ltosnum
1210 982 1496 1044 uxoribus,
1555 979 1765 1044 liberis,
1825 993 1987 1048 pecu-

393 1075 501 1129 niis
532 1083 705 1129 tutum
741 1073 948 1145 asylum
982 1071 1349 1142 aperuissent.
1400 1071 1506 1126 Sed
1538 1087 1664 1126 cum
1693 1071 1992 1141 imperator

394 1167 818 1238 postulationem
870 1166 1020 1220 illam
1073 1179 1284 1234 aequam
1341 1180 1463 1219 esse
1510 1174 1756 1234 negaret,
1810 1178 1991 1232 neque

392 1259 558 1312 etiam
599 1273 699 1328 pro
744 1257 1028 1327 majestate
1072 1255 1421 1327 imperatoria
1460 1255 1830 1326 impudentem
1865 1255 1991 1309 illo-

396 1368 515 1406 rum
563 1352 848 1406 audaciam
909 1350 1178 1423 eastigare
1226 1351 1476 1417 auderet,
1531 1350 1677 1420 quod
1738 1349 1994 1405 triremes

394 1459 533 1513 quas
559 1453 858 1513 opponeret
891 1459 997 1496 non
1039 1443 1275 1497 habebat
1324 1442 1472 1513 (nam
1522 1457 1660 1510 quas
1697 1439 1991 1506 habuerat,

395 1557 473 1593 ese
505 1549 565 1594 nt
590 1539 831 1593 diximus
862 1535 1200 1606 perierant);
1229 1549 1295 1588 eo
1319 1532 1671 1589 conﬁdentiae
1702 1541 1991 1595 venerunt,

395 1649 520 1686 eum
545 1630 794 1685 inﬁrmas
834 1629 1206 1682 Romanorum
1243 1629 1389 1680 vires
1416 1625 1645 1680 omnino
1674 1635 1994 1680 contemne-

396 1734 541 1788 rent,
579 1734 638 1777 ut
670 1723 722 1777 id
754 1722 993 1776 dedecus
1023 1720 1274 1786 Romano
1307 1718 1538 1789 imperio
1587 1717 1992 1786 impresserint,

2091 517 2342 589 τριήρεις
2371 514 2530 577 αὖθις
2562 514 2887 578 ὁπλίσαντες
2912 517 2960 568 οἰ
2983 515 3262 570 Βενετικοί
3291 510 3430 587 ἦκον
3461 516 3560 585 τὴν
3586 536 3672 587 γε·

2093 613 2328 681 νομένην
2376 608 2582 680 ζημίαν
2637 607 3003 669 ἀπαιτοῦντες
3052 609 3209 678 παρά
3255 609 3350 662 τοῦ
3390 609 3672 680 βασιλέως,

2092 702 2243 772 Μηδὲ
2275 701 2384 772 γὰρ
2415 697 2556 754 εἷναί
2589 719 2724 770 φασι
2758 704 2894 770 πρὸς
2923 703 3024 772 τῆς
3066 704 3467 773 νενομισμένης
3503 704 3677 772 φιλίας

2091 794 2170 865 τῷ
2200 794 2640 865 προπεπονθέναι
2669 795 2882 863 μεγάλα
2905 796 3285 866 ἀμυνομένους
3310 798 3510 865 μέτρια
3531 797 3676 860 τέλςς

2093 889 2188 940 καὶ
2219 887 2316 957 τήν
2361 888 2596 957 ἐσχάτην
2649 886 2954 956 ὑποστῆναι
3008 887 3248 956 ζημίανο
3303 889 3677 960 προκατάρξαι

2094 981 2206 1050 γὰρ
2240 981 2336 1050 τῆς
2368 979 2877 1051 παρασπονδήσεως
2920 979 3254 1049 Ῥωμαίους,
3287 984 3408 1045 ταῖς
3445 983 3551 1036 τῶν
3588 985 3678 1036 ἀν-

2093 1075 2337 1127 τιπάλων
2377 1073 2596 1141 γυναιξὶ
2641 1072 2738 1127 καὶ
2767 1073 2926 1126 παισὶ
2965 1074 3104 1144 μετὰ
3149 1075 3260 1126 τῶν
3295 1077 3596 1145 χρημάτων
3625 1078 3678 1128 έν

2095 1165 2159 1232 τῇ
2193 1162 2295 1230 τῆς
2326 1163 2509 1233 μάχης
2533 1164 2687 1235 ἀκμῇ
2723 1165 2906 1217 πᾶσαν
2937 1170 3033 1217 καὶ
3082 1165 3344 1219 παντοίαν
3395 1182 3678 1236 περιποιηο

2100 1255 2372 1324 σαμένους
2421 1255 2746 1324 ἀσφάλειαν.
2801 1255 2910 1310 Τοῦ
2941 1257 2998 1310 δὲ
3033 1259 3299 1328 βασιλέως
3336 1261 3478 1330 μήτε
3529 1260 3681 1330 λόγον

2097 1347 2321 1415 εὔλογον
2353 1348 2498 1418 ἔχειν
2537 1348 2636 1420 τὴν
2685 1349 2984 1421 ἀπαίτησιν
3033 1351 3498 1422 ἀποκρινομένου,
3551 1354 3683 1422 μήτε

2096 1441 2480 1510 ἁρμόττουσαν
2506 1441 2644 1512 τύχῃ
2670 1443 2927 1514 βασιλικῇ
2952 1444 3051 1514 τὴν
3073 1444 3400 1515 ἐπιτίμησιν
3429 1445 3568 1499 κατὰ
3591 1447 3682 1514 τῆς

2098 1532 2279 1587 αὐτῶν
2319 1532 2570 1597 ἀναιδοῦς
2627 1538 2944 1604 ἐπενεγκεῖν
2998 1536 3215 1606 ἔχοντος
3249 1537 3460 1607 τόλμης
3506 1536 3582 1607 τῷ
3617 1539 3686 1607 μή

2099 1625 2402 1695 κεκτῆσθαι
2431 1627 2687 1698 τριήρεις
2731 1630 3307 1699 ἀντιστρατευομένας
3342 1630 3684 1702 (προαπολω-

2098 1711 2262 1771 λεσαν
2291 1720 2425 1788 γὰρ,
2453 1719 2527 1782 ὡς
2559 1720 2927 1791 εἰρήκειμεν),
2954 1722 3012 1783 ἐς
3041 1721 3298 1776 τοσοῦτον
3323 1721 3684 1793 ὲξηνέχθησαν

395 1816 539 1885 quod
573 1831 660 1869 me
692 1815 773 1869 vel
810 1813 1018 1868 referre
1048 1813 1272 1880 pudeat.
1302 1810 1437 1864 Nam
1464 1824 1588 1863 cum
1619 1809 1784 1864 alicui
1822 1808 1996 1863 invito

2106 1777 2342 1881 θράσους
2465 1777 2626 1880 μάλα.
2639 1777 3122 1880 περιφρονεῖν-τῶν
3147 1777 3442 1882 Ῥωμαίων
3458 1777 3520 1866 τῦ
3537 1777 3686 1869 ditav-

394 1915 450 1960 et.
496 1917 690 1960 coacto
739 1905 1006 1959 malorum
1067 1919 1247 1958 causa:
1300 1903 1596 1968 exsistunt,
1640 1899 1827 1955 dolere
1878 1901 2000 1970 qui-

395 1999 522 2053 dem
559 1997 640 2054 l'as
671 2007 772 2062 est,
813 1997 908 2052 sed
942 1996 1247 2059 moderate,
1271 1995 1534 2065 quoniam
1560 1993 1673 2048 illic
1701 1991 1997 2048 conscien-

399 2091 473 2146 tia
505 2091 656 2145 nullo
690 2087 1027 2160 paenitentia:
1074 2085 1302 2141 verbere
1332 2083 1660 2157 flagellatur,
1707 2084 1806 2138 sed
1843 2077 2000 2138 divi-

397 2201 529 2240 num
579 2173 711 2237 illud
751 2180 1023 2252 judicium
1063 2179 1265 2242 .credit,
1321 2179 1491 2248 cujus
1520 2177 1731 2231 ideirco
1758 2175 2000 2232 rationes

397 2279 627 2335 occultae
655 2285 712 2331 et
737 2289 956 2331 arcana:
1000 2275 1134 2327 sint.
1169 2269 1270 2326 Hic
1305 2281 1490 2326 autem
1522 2269 1757 2326 Romani
1808 2269 1876 2324 de
1919 2268 2002 2322 in-

397 2370 612 2428 dustria
643 2380 700 2424 et
727 2371 853 2422 data
889 2362 1298 2436 quodammodo
1348 2375 1518 2431 opera
1567 2360 1714 2414 ultro
1760 2359 2000 2429 dignita-

401 2477 511 2522 tem
546 2461 713 2534 209
742 2461 958 2532 imperii
986 2459 1127 2527 intra
1157 2447 1812 2511 servilem'conditiunem
1846 2453 2001 2523 atje-

399 2569 617 2622 cet-unt,
657 2554 976 2610 triremibus
1007 2567 1039 2607 e
1070 2551 1204 2606 mari
1258 2550 1488 2605 sublatis
1523 2549 1593 2602 ob
1634 2563 1787 2618 spem
1825 2548 2000 2612 lucri;

399 2659 546 2726 quod
575 2665 700 2706 cum
734 2649 1092 2720 perexiguum
1126 2645 1348 2710 luisset,
1381 2644 1642 2699 diuturna
1668 2653 1724 2696 et
1764 2644 2002 2698 maxima

401 2749 734 2804 detrimenta
787 2739 1024 2812 peperit,
1073 2753 1201 2793 eum
1249 2736 1550 2807 ignominia
1583 2735 1757 2790 multo
1794 2734 2003 2804 majore

402 2846 719 2913 ecajuueta.
771 2839 964 2908 Neque
1006 2837 1155 2892 enim
1201 2833 1287 2888 vel
1339 2833 1546 2888 Latinis
1595 2831 1872 2886 Romanos
1925 2830 2003 2884 ita

402 2939 663 2992 audacter
697 2933 1004 3002 deSpicere,
1051 2926 1140 2982 vel
1186 2924 1387 2981 Turcis
1433 2940 1658 2980 arenam
1701 2924 1870 2977 maris
1921 2923 2005 2974 in-

405 3031 544 3088 tueri
576 3026 874 3098 aiijuando
902 3022 1179 3085 licuisset,
1206 3020 1254 3074 si
1289 3017 1534 3074 Romana
1563 3017 1756 3072 classis
1784 3027 1844 3070 ut
1871 3017 2001 3071 olim

2098 1902 2225 1972 δρον
2246 1902 2341 1956 καὶ
2367 1902 2451 1974 [Ρ.
2475 1901 2598 1976 129]
2617 1904 2889 1976 τοσαύτην
2918 1905 3300 1978 προύξένησαν
3316 1909 3384 1975 τῇ
3409 1906 3687 1976 Ῥωμαίων

2097 1994 2370 2066 ἡγεμονίᾳ⁵
2393 1995 2492 2064 τὴν
2528 1995 2816 2066 αἰσχύνην,
2850 1997 2908 2059 ἐς
2935 1997 3062 2049 ὅσον
3094 1998 3463 2068 αἰσχυνοίμην
3499 1999 3565 2053 ἂν
3599 2001 3687 2051 αὑ-

2098 2089 2188 2150 τὸς
2219 2088 2622 2158 ἀφηγούμενος.
2669 2087 2844 2142 Ὅπου
2892 2091 3002 2161 γάρ
3047 2095 3558 2165 κατηναγκασμένα
3584 2093 3688 2147 τῶν

2101 2179 2476 2249 ἀτυχημάτων
2517 2179 2699 2233 ἔπεισι
2726 2181 2796 2235 τά
2831 2181 3004 2250 αἰτια,
3036 2181 3239 2246 λύπαις
3269 2185 3376 2255 μὲν
3409 2185 3501 2240 καὶ
3527 2185 3688 2251 οὕτως

2101 2269 2282 2336 ἔξεστι
2305 2272 2405 2343 τὴν
2422 2271 2604 2342 ψυχὴν
2630 2274 3000 2345 κατατρύχειν
3021 2290 3036 2305 '
3068 2277 3328 2348 μετρίαις
3351 2273 3504 2334 δὀῦν
3527 2280 3689 2349 ὅμως,

2105 2365 2228 2454 έκεῖ
2258 2362 2356 2416 τοῦ
2389 2364 2689 2427 συνειδότος
2726 2365 2919 2419 οὐδένα
2954 2367 3372 2440 μαστιγοφόρον
3400 2372 3696 2443 μετάμελον

2105 2459 2344 2528 ἔχοντος,
2394 2457 2531 2512 ἀλλὰ
2589 2457 2743 2513 Θείαν
2780 2461 2903 2513 τινὰ
2957 2461 3141 2530 κρίσιν
3192 2462 3548 2534 ἀπορρήτους
3577 2465 3692 2526 τοὺς

2104 2551 2296 2618 λόγους
2329 2549 2686 2620 κρύπτουσαν
2717 2551 3030 2621 ἡγουμένου
3058 2553 3118 2605 τὸ
3145 2555 3409 2624 πρᾶγμα.
3443 2555 3692 2609 Ἐνταῦθα

2105 2643 2151 2696 δ’
2182 2643 2502 2712 ἐξεπίτηδες
2534 2645 2630 2697 καί
2650 2639 2762 2697 οἷον
2795 2647 2972 2706 εἰπεῖν
3007 2645 3145 2717 μετά
3170 2647 3374 2718 τέχνης
3399 2649 3480 2713 εἰς
3505 2651 3691 2719 ἀνδρα-

2107 2737 2287 2790 πόδων
2349 2739 2546 2810 μοῖραν
2599 2739 2822 2802 ἑκόντες
2883 2739 3117 2811 ἔρριψαν
3163 2741 3432 2813 Ῥωμαῖοι
3479 2743 3540 2796 τὸ
3602 2745 3691 2811 τῆς

2116 2829 2411 2901 Ῥωμαίων
2441 2832 2746 2903 ἡγεμονίας
2785 2831 3028 2904 ἀξίωμα,
3062 2835 3163 2896 τὰς
3201 2835 3414 2896 οἰκείας
3455 2837 3691 2907 τριήρεις

2106 2925 2205 2993 τῆς
2235 2926 2509 2997 θαλάττης
2543 2926 2936 2998 γυμνώσαντες
2984 2929 3198 2993 ἐλπίδος
3252 2930 3420 2984 ἕνεκα
3454 2931 3688 3002 κέρδους,

2105 3019 2135 3072 ὃ
2179 3019 2322 3089 μάλα
2356 3020 2699 3092 βραχύτατον
2729 3021 2790 3075 δν
2827 3023 2978 3092 μάλα
3009 3025 3229 3094 μακράν
3260 3041 3318 3077 τε
3347 3027 3442 3078 καὶ
3473 3024 3694 3078 πολυτά-

407 3140 559 3182 mare
593 3126 865 3176 tenuisset
890 3135 904 3172 :
932 3130 1113 3185 neque
1143 3128 1383 3183 unquam
1433 3112 1490 3166 in
1517 3111 1569 3166 id
1593 3110 1888 3166 discrimen
1915 3125 1999 3165 res

2106 3112 2300 3167 λαντον
2347 3115 2669 3186 έγεώργησε
2698 3115 2798 3187 τὴν
2852 3115 3060 3187 ζημίαν
3113 3117 3208 3170 καὶ
3253 3117 3466 3188 ταύτην
3518 3117 3691 3184 πολλῷ

407 3220 660 3276 adductae
694 3218 952 3276 fuissent,
988 3219 1047 3263 ιιι
1081 3208 1342 3263 Romanis
1366 3221 1477 3261 non
1515 3213 1730 3259 tantum
1759 3205 1999 3258 ﬁnitimae

2115 3206 2460 3278 μακρότερον
2491 3207 2724 3278 ἔχουσαν
2753 3209 2816 3262 τὸ
2836 3209 2934 3280 τῆς
2957 3209 3220 3280 αἰσχύνης
3254 3210 3537 3282 ἔγκλημα.
3565 3210 3692 3264 Οὐδὲ

405 3323 618 3386 gentes.
655 3307 749 3362 sed
783 3308 948 3361 etiam
971 3301 1370 3367 remotissimae,
1424 3300 1599 3355 instar
1631 3299 1876 3354 Tantalei
1910 3314 1999 3352 eu‘

2111 3301 2222 3369 γάρ
2256 3296 2324 3372 ἦν
2357 3299 2424 3353 ἂν
2453 3299 2579 3353 οὔτε
2608 3302 2875 3365 Λατίνους
2898 3301 3042 3356 οὕτω
3071 3302 3215 3356 κατά
3251 3302 3541 3375 Ῥωμαίων
3567 3303 3691 3373 θρα-

403 3404 620 3476 jusdam
655 3401 769 3454 sati
803 3401 1006 3466 exiguo
1036 3395 1127 3448 [ilo
1159 3408 1324 3462 supra
1360 3401 1526 3462 caput
1570 3391 1852 3460 suspensi,
1901 3390 1999 3443 for-

2115 3395 2393 3461 σύνεσθαι,
2435 3393 2560 3447 οὕτε
2589 3395 2822 3465 ψάμμον
2855 3395 3134 3468 Θαλάσσης
3166 3398 3476 3452 θεάσασθαι
3524 3396 3691 3465 Τούρ-

412 3494 682 3552 midandte
721 3501 928 3551 essent.
967 3498 1024 3542 et
1068 3488 1330 3542 omnibus
1381 3499 1563 3537 annua
1619 3486 1822 3536 tributa
1874 3498 1999 3552 pen-

2112 3503 2239 3550 κους
2271 3487 2421 3551 ποτὲ,
2460 3488 2561 3557 τῆς
2609 3490 2876 3560 ναυτικῆς
2911 3489 3019 3542 τῶν
3073 3488 3366 3560 Ῥωμαίων
3420 3492 3692 3562 δυνάμεως

408 3590 542 3644 dere
579 3593 930 3655 (οδω-ωηατ,
980 3578 1446 3649 quemadmodum
1478 3574 1758 3646 Lysandro
1791 3585 1848 3628 et
1879 3575 1999 3628 Der-

2109 3578 2666 3650 θαλαττοκρατούσης
2733 3583 2812 3644 ὡς
2878 3581 3181 3652 πρότερον
3255 3583 3370 3638 οὐδ’
3432 3585 3490 3648 ές
3562 3582 3696 3636 τοῦτ’

407 3681 620 3752 cyllidze
653 3689 710 3732 et
740 3675 1028 3731 Laconicis
1060 3671 1358 3743 praefectis,
1387 3683 1527 3738 quos
1563 3667 1878 3723 Harmostas
1918 3683 1999 3721 vo-

2106 3672 2359 3742 ἀνάγκης
2419 3672 2782 3745 συνελαθῆναι
2829 3673 3161 3744 Ῥωμαίους,
3199 3672 3348 3728 ὥστε
3411 3676 3485 3744 μὴ
3544 3674 3693 3743 μόνον

409 3785 558 3839 cant,
590 3771 720 3826 olim
751 3767 1119 3824 Athenienses
1149 3774 1205 3818 et
1233 3761 1409 3817 Beasti
1439 3760 1590 3816 clade
1623 3771 1844 3830 accepta
1878 3777 1999 3830 prr-

2106 3766 2278 3818 ὁπόσα
2307 3767 2417 3819 τῶν
2465 3766 2640 3821 ἐθνῶν
2689 3767 3000 3838 ὁμοροῦντα
3034 3767 3375 3837 πεφύκασιν,
3433 3765 3567 3838 ἀλλὰ
3607 3765 3694 3818 καὶ

409 3868 714 3921 solverunt.
2107 3859 2208 3913 ὅσα
2237 3858 2310 3923 ὡς
2350 3861 2698 3932 πορρωτάτω
2745 3861 2845 3930 τὴν
2893 3860 3108 3913 δίαιταν
3145 3859 3561 3931 ἐκληρώσαντο,
3611 3850 3693 3911 οἷά

409 3975 534 4009 τινα
604 3955 752 4007 λίθον
793 3951 1086 4023 φοϐεῖσθαι
1139 3948 1471 4003 Ταντάλειον
1537 3947 1647 4001 ἀπὸ
1701 3947 1902 4001 λεπτοῦ
1933 3965 2078 4011 τινος
2125 3953 2282 4020 μίτον
2349 3952 2821 4023 μετεωριζόμενον
2875 3953 2966 4005 ἐπὶ
3024 3952 3312 4023 κεφαλῆς,
3388 3957 3482 4009 καὶ
3538 3954 3693 4006 πᾶσυδ

408 4048 820 4118 α·.·αγκάζεσθαι
877 4045 1044 4115 φόρον
1099 4045 1382 4113 εἰσφέρειν
1440 4043 1682 4112 ἐτήσιον,
1743 4043 1999 4113 καθάπερ
2040 4044 2340 4116 Λυσάνδρῳ
2409 4048 2503 4099 καὶ
2569 4046 2901 4118 Δερκυλλίδᾳ
2929 4045 3024 4100 καὶ
3057 4049 3168 4110 τοῖς
3197 4049 3263 4102 ἐκ
3298 4048 3692 4117 Λακεδαίμονος

408 4145 710 4214 ἁρμοσταῖς
735 4140 943 4227 δασμὸν
978 4142 1070 4193 τὸν
1119 4139 1337 4208 ἐτήσιον
1383 4137 1658 4208 Ἀθηναῖοι
1697 4137 1868 4190 πάλαι
1902 4139 2000 4191 καλ⁵
2040 4139 2264 4192 Βοιωτοί
2293 4139 2756 4212 δυστυχήσαντες.

480 4239 567 4294 ΙΙΙ.
616 4238 721 4293 Sed
749 4235 906 4291 .llluc
950 4235 1137 4291 redeo.
1171 4233 1369 4289 Veneti
1414 4248 1540 4288 cum
1569 4231 1890 4286 triremibus
1916 4247 2005 4284 ar-

412 4334 543 4387 mati
586 4335 640 4386 iu
674 4333 856 4385 sinum
887 4328 1205 4385 Ceratinutn
1237 4326 1516 4398 progreSsi
1561 4326 1626 4378 ad
1675 4325 2007 4394 septentrio-

410 4425 534 4478 nale
574 4425 732 4482 littus
783 4423 1116 4494 appulerunt
1158 4436 1189 4474 e
1228 4425 1452 4493 regione
1505 4419 1691 4488 palatii
1726 4435 1742 4472 :
1775 4427 1832 4471 et
1876 4417 2004 4470 inde

410 4519 602 4588 legatis
647 4516 830 4571 missis
869 4530 957 4569 res
1002 4514 1347 4583 repetebant,
1389 4527 1746 4581 quascunque
1780 4508 2005 4563 Venetis

413 4609 603 4662 urbem
638 4606 1008 4660 incolentibus
1038 4601 1319 4674 Byzantini
1355 4600 1504 4654 nulla
1539 4603 1608 4655 ab
1643 4601 1775 4670 ipsis
1804 4600 2002 4668 injuria

410 4699 594 4754 allecti
622 4698 1004 4758 ademissent:
1047 4709 1109 4748 se
1150 4693 1310 4764 plura
1339 4693 1525 4746 invitis
1570 4691 1830 4745 Romanis
1887 4707 2007 4745 ere-

411 4804 604 4864 pturos
635 4792 979 4855 minitantes,
1018 4789 1122 4842 nisi
1153 4799 1349 4858 Sponte
1395 4787 1540 4856 quod
1590 4803 1806 4857 αψιιιιιι
1860 4795 2007 4840 esset

410 4884 728 4940 redderent.
766 4883 872 4936 Sed
918 4896 1042 4935 cum
1073 4882 1459 4950 imperatorem
1510 4881 1652 4935 nolle
1705 4897 1795 4936 res
1844 4884 2006 4936 resti-

412 4989 572 5032 tuere
595 4976 1016 5036 iutellexissent,
1051 4973 1197 5028 illico
1229 4973 1533 5028 Romanam
1578 4975 1877 5044 potentiam
1908 4989 2007 5044 per

413 5070 714 5126 ludibrium
757 5077 1112 5125 contemnere
1143 5077 1456 5138 coeperunt,
1487 5077 1542 5120 et
1580 5082 1772 5120 omnes
1801 5067 1948 5121 aedes
1975 5081 2007 5120 e

364 5155 368 5160 ’
412 5168 638 5238 regione
665 5165 818 5220 u'r‘ais
849 5165 982 5218 sitas
1029 5163 1400 5218 incenderunt
1449 5176 1649 5214 vacuas
1682 5159 2007 5214 habitatori-

413 5264 538 5315 bus.
570 5257 705 5312 Nam
745 5259 782 5312 ii
816 5260 1053 5312 adventu
1086 5257 1302 5310 illorum
1335 5254 1504 5324 210
1553 5270 1659 5307 non
1688 5262 2007 5322 exspectato

414 5353 731 5425 migrarant.
769 5349 904 5404 Item
950 5348 1257 5418 manipulos
1303 5347 1584 5404 humani,
1641 5356 1912 5417 quotquot
1953 5346 2005 5399 in

411 5447 556 5502 areis
586 5453 766 5509 erant,
799 5441 921 5513 igne
956 5449 1424 5510 consumpserunt
1459 5459 1471 5494 :
1509 5442 1661 5508 quod
1698 5455 1805 5491 non
1859 5438 2004 5493 aliud

413 5542 515 5594 fuit
545 5541 648 5592 nisi
681 5535 978 5590 ludibrium
1027 5533 1305 5602 quoddam
1355 5543 1409 5583 et
1440 5531 1794 5584 subsantatio
1826 5530 2000 5598 impe-

411 5627 630 5686 ratoris.
670 5631 758 5685 Sic
807 5645 952 5684 etum
1000 5628 1223 5690 accidit,
1276 5638 1331 5677 ut
1373 5627 1520 5677 tenui
1554 5641 1685 5676 au;a
1730 5643 1758 5676 a
1789 5633 2008 5691 septen-

412 5729 589 5780 trione
617 5721 1139 5792 aspirantejknnma
1170 5723 1546 5780 ventilaretur,
1573 5731 1624 5771 et
1655 5720 1828 5770 multo
1855 5719 2003 5768 [unto

412 5819 556 5888 regia
591 5817 980 5885 compleretur.
1015 5812 1287 5867 Postridie
1317 5813 1547 5881 digressi
1580 5827 1632 5863 ιιι
1673 5829 1736 5864 eo
1786 5813 2004 5864 luerunt

2391 4234 2470 4255 κη’
2524 4237 2537 4255 2

2185 4235 2259 4288 Γ¹.
2326 4235 2470 4288 Ἀλλ’
2521 4237 2701 4289 ἐκεῖσε
2761 4237 3043 4306 ἐπάνειμι.
3095 4237 3473 4307 Παρελθόντες
3519 4236 3692 4307 μέντοι

2115 4329 2168 4390 ὲς
2201 4328 2260 4380 τδ
2293 4327 2478 4397 Κέρας
2505 4327 2599 4378 ἐπὶ
2638 4326 2748 4380 τῶν
2784 4328 3028 4397 τριήρων
3060 4328 3496 4396 ὁπλοφοροῦντες
3524 4330 3571 4380 οἱ
3603 4328 3692 4379 Βε-

2113 4421 2315 4473 νετικοὶ
2355 4423 2418 4492 τῇ
2449 4420 2588 4490 πρὸς
2620 4420 2822 4491 ἄρκτον
2860 4420 3166 4491 προσέσχον
3197 4423 3447 4491 παραλία
3475 4423 3690 4490 ἀντικρῦ

2111 4512 2218 4566 τῶν
2256 4512 2557 4581 βασυλικῶν
2590 4514 2783 4567 οἴκων·
2821 4513 3076 4566 κάκεῖθεν
3103 4513 3426 4582 πέμψαντες
3459 4505 3710 4585 άπῄτουν⁶

2110 4607 2178 4659 τά
2209 4607 2493 4676 χρήματα,
2534 4606 2754 4669 ὁπόσοις
2794 4607 2920 4668 τοὺς
2974 4605 3124 4658 ἔνδον
3171 4605 3273 4676 τῆς
3305 4603 3688 4674 βασιλευούσης

2110 4699 2394 4761 οἰκοῦντας
2428 4697 2749 4761 Βενετικοὺς
2796 4699 2987 4750 οὐδένα
3042 4698 3413 4769 ἀδικήσαντας
3467 4699 3694 4768 ἐζημίωο

2113 4802 2247 4840 σανο
2286 4787 2458 4839 πλείω
2506 4787 2690 4840 λαϐεῖν
2745 4789 2877 4857 παρ’
2925 4786 3172 4840 ἀκόντων
3215 4785 3511 4856 Ῥωμαίων
3552 4786 3692 4837 ἀπει-

2111 4881 2350 4945 λοῦντες,
2409 4883 2458 4934 εἰ
2517 4884 2593 4952 μὴ
2637 4880 2791 4934 αὐτοί
2843 4898 2905 4948 γε
2965 4881 3183 4942 ἑκόντες
3231 4880 3481 4934 ἀποδοῖεν
3530 4877 3689 4931 ὁπόσα

2111 4973 2314 5043 χρεών.
2360 4974 2516 5028 Ἐπεὶ
2548 4973 2594 5027 δ’
2623 4975 3020 5043 άποφάσκοντα
3048 4974 3148 5042 τὴν
3189 4974 3447 5026 ἀπόδοσιν
3491 4971 3577 5025 τὸν
3605 4967 3692 5037 βχ-

2112 5066 2266 5118 σιλέα
2332 5067 2694 5134 ἐγνώκεσαν,
2772 5066 3002 5120 αὐτόθεν
3061 5064 3558 5136 κατειρωνεύεσθαι
3598 5061 3688 5127 τὴν

2121 5155 2416 5225 Ῥωμαίων
2448 5158 2686 5227 ἤρξαντο
2716 5157 2948 5226 δύναμιν
2973 5173 2987 5186 ο
3027 5157 3122 5208 καὶ
3160 5155 3382 5226 ὑφῆψχν
3409 5150 3567 5215 εὐθὺς
3595 5149 3685 5212 τάς

2110 5267 2169 5303 τε
2206 5252 2502 5320 ἀντιπέρας
2535 5251 2718 5313 οἰκίας
2763 5250 2982 5312 ἁπάσας
3017 5249 3179 5313 κενὰς
3220 5247 3385 5311 οὔσας
3423 5245 3528 5301 τῶν
3561 5247 3690 5298 ἐνοι-

2114 5343 2392 5397 κούντωνο
2457 5343 2766 5411 φθάσαντες
2815 5344 2924 5411 γὰρ
2989 5341 3263 5413 ὲξῲκισαν
3317 5343 3514 5394 ἐκεῖνοι
3561 5337 3688 5404 σφᾶς

2113 5439 2309 5499 αὐτοὺς
2345 5437 2586 5490 ἐκεῖθεν
2618 5439 2716 5490 καὶ
2743 5438 2823 5489 ἔτι
2857 5436 3034 5489 ὁπόσα
3070 5439 3198 5508 περί
3222 5438 3320 5498 τὰς
3351 5435 3494 5497 ἄλως
3528 5433 3640 5484 ἀστ.
3665 5457 3682 5467 ο

2115 5526 2261 5596 χύιυν
2287 5526 2583 5595 δράγματα
2607 5521 2774 5594 ἦσαν·
2803 5525 2863 5577 τὸ
2893 5525 2948 5577 δὲ
2980 5523 3171 5596 ὥσπερ
3207 5525 3398 5578 παιδιὰ
3422 5521 3510 5575 καὶ
3532 5518 3687 5590 χλεύη

2111 5637 2193 5681 τις
2228 5616 2295 5690 ἦν
2326 5622 2552 5673 ἐκείνων
2581 5622 2718 5672 κατὰ
2742 5617 2834 5672 τοῦ
2867 5619 3157 5686 βασιλέως.
3192 5617 3568 5686 Ξυμπέπτωκε
3591 5611 3687 5676 γὰρ

2115 5715 2208 5766 καὶ
2245 5715 2447 5777 λεπτάς
2481 5731 2624 5775 τινας
2661 5713 2834 5783 σύρας
2869 5711 2966 5766 ἀπ’
3001 5713 3206 5782 ἄρκια)
3243 5708 3507 5768 πνεούσας
3543 5708 3603 5771 τῇ
3639 5715 3689 5750 τε

2117 5809 2275 5878 ελοιή
2321 5809 2521 5863 διδόναι
2558 5807 2730 5879 ῥοπὴν
2773 5809 2866 5861 καὶ
2903 5807 3160 5861 πλείστου
3193 5801 3401 5860 καπνοῦ
3436 5800 3499 5853 τά
3537 5792 3691 5868 βασί-
