4088 6450
810 138 827 183 Ι
1442 172 1473 195 χ

323 412 436 477 393
581 406 660 482 [Α.
689 420 745 463 ο.
789 402 927 461 me
963 420 1029 461 AD
1062 402 1223 475 1323}

1369 403 1820 466 BYZANTlN/E
1852 398 2237 462 HISTORle
2280 400 2425 461 LIB.
2469 400 2602 461 VII.

2717 393 2849 466 [min
2878 406 3162 447 axunostc.
3202 392 3347 465 sesi
3493 394 3598 459 33’s

323 531 492 595 εὐθὺς
541 528 825 582 ἐνέκλιναν
870 520 1015 581 οὗτοι
1064 526 1159 580 καὶ
1212 526 1370 597 παρὰ
1420 526 1588 598 μέρος
1643 526 1905 596 ἔστησαν,

2015 522 2229 577 hostem
2257 528 2583 593 pugnantes.
2604 519 2748 576 Idem
2776 530 2828 574 et
2850 518 3144 585 Τιιτοοιιιιὶί
3181 517 3449 581 fecerunt,
3484 518 3602 572 sive

254 658 261 665 .
327 622 472 691 μήτε
510 618 809 689 Ῥωμαίοις
855 617 1198 689 βοηθοῦντες,
1256 619 1396 688 μήτε
1445 619 1561 681 τοῖς
1619 617 1905 685 πολεμίοις

328 710 651 781 μαχόμενοι.
688 708 764 761 To
818 707 865 763 δ’
895 708 1027 762 αὐτὸ
1088 710 1184 762 καὶ
1236 710 1287 761 οῖ
1344 708 1754 778 Τουρκόπουλοι
1813 724 1912 761 πε-

325 805 653 873 ποιήκεσαν,
669 803 778 856 stes
811 802 1173 872 συγκείμενον
1200 800 1260 855 ὃν
1286 802 1628 872 ἀμφοτέροις
1654 801 1715 854 τὸ
1743 817 1912 871 πονη-

330 899 425 970 ρὸν
477 894 631 950 τουτὶ
679 878 887 965 δρᾶμα,
939 894 1050 947 εἴτε
1111 892 1209 948 τοῦ
1270 891 1467 962 καιροῦ
1522 893 1912 963 σχεδιάσαντος

326 988 527 1043 οὑτωσί
582 1002 726 1049 πως.
761 986 829 1039 '0
874 984 939 1054 δὴ
991 985 1088 1038 καὶ
1139 984 1209 1038 τά
1262 983 1467 1054 ἔσχατα
1520 982 1726 1052 ἔσφηλε
1779 984 1913 1047 τοὺς

337 1082 643 1153 Ῥωμαίους
675 1081 734 1133 ἐν
754 1081 908 1152 ἀκμῇ
937 1079 1031 1134 τοῦ
1066 1078 1334 1148 πολέμου,
1355 1079 1449 1132 καί⁵
1473 1078 1595 1131 ὅλον
1616 1078 1719 1148 τῆς
1742 1077 1914 1147 τύχης

325 1177 420 1229 τὸν
446 1176 653 1245 κλῆρον
669 1173 970 1245 ἐνεχείρισε
1015 1173 1182 1242 φέρον
1213 1171 1432 1235 ἀπόνως
1461 1173 1577 1235 τοῖς
1604 1170 1908 1238 πολεμίοις.

340 1266 772 1336 ’Λπροσδόκητον
846 1264 958 1335 γὰρ
1018 1263 1220 1316 οὑτωσὶ
1278 1261 1342 1315 τὸ
1404 1261 1662 1316 τοσοῦτον
1733 1260 1911 1314 δεινὸν

326 1354 554 1408 ἐπελθὸν
574 1353 662 1434 .τῷ
707 1353 924 1424 στρατῷ
968 1351 1244 1422 τοσαύτην
1296 1353 1416 1414 ταῖς
1473 1351 1682 1405 τούτων
1707 1350 1908 1421 ψυχαῖς

327 1448 611 1516 ἐνέσπειρε
637 1447 737 1515 τὴν
769 1444 1109 1511 δειλίαν,καὶ
1143 1443 1404 1498 τοσοῦτον
1433 1444 1705 1515 ἐπήνεγκε
1749 1443 1911 1510 θόρυ-

327 1541 423 1594 6ον
474 1540 571 1592 καὶ
612 1540 721 1593 τῶν
769 1538 977 1604 τάξεων
1016 1537 1305 1607 σύγχυσιν,
1336 1537 1471 1607 ὅσην
1522 1537 1590 1591 ἀν
1629 1536 1907 1610 ἐπενέγκῃ

327 1634 425 1686 καὶ
448 1632 621 1704 βαρὺς
669 1630 957 1701 ἐπιϐρίσας
990 1629 1309 1701 ἀπαρκτίας
1347 1629 1494 1683 κατά
1525 1628 1777 1699 φορτίδος
1808 1630 1903 1681 ἐπὶ

2006 612 2157 666 inter
2183 620 2447 680 utrosque
2470 610 2539 665 de
2573 624 2637 664 ea
2661 610 2854 665 fraude
2883 610 3258 673 convenisset,
3287 609 3403 664 sive
3437 623 3601 663 occa-

2009 704 2093 760 sio
2122 704 2238 773 ipsa
2270 703 2570 772 derepente
2612 701 2666 756 id
2706 702 2925 757 consilii
2957 703 3342 774 suggessisset.
3366 701 3424 756 1d
3453 702 3601 771 quod

2012 796 2277 852 Romanis
2328 796 2381 849 in
2437 794 2559 861 ipso
2607 795 2929 849 discrimine
2981 797 3279 851 maximum
3336 794 3600 850 damnum

2013 889 2221 955 attulit,
2259 895 2313 942 et
2365 887 2636 957 integram
2691 885 2941 942 boatibus
2993 887 3281 942 victoriam
3334 886 3487 940 nullo
3522 885 3601 940 la-

2014 980 2149 1035 bore
2204 979 2441 1049 peperit.
2492 976 2776 1047 Siquidem
2809 985 2957 1033 tanta
3010 978 3218 1045 clades,
3244 988 3443 1049 pneter
3480 994 3601 1032 om—

2012 1086 2140 1127 nem
2174 1072 2646 1141 exspectationem
2693 1072 2965 1126 exercitui
3024 1071 3201 1136 illata,
3237 1080 3447 1137 tantum
3488 1081 3601 1127 ter-

2013 1172 2193 1218 rorem
2248 1164 2450 1219 animis
2488 1164 2723 1219 militum
2769 1164 3021 1229 incussit,
3056 1174 3268 1219 tantum
3307 1164 3452 1234 apud
3501 1180 3602 1218 eos

2009 1254 2303 1309 tumultum
2334 1253 2670 1325 perturbatis
2702 1254 2991 1310 ordinibus
3020 1253 3299 1319 excitavit,
3336 1262 3600 1323 quantum

2009 1345 2190 1414 aquilo
2224 1360 2349 1400 cum
2391 1345 2697 1401 onerariam
2734 1345 2788 1398 in
2822 1344 3005 1400 medio
3031 1346 3225 1415 pelago
3255 1344 3603 1416 navigantem

2015 1437 2294 1494 violentus
2342 1438 2610 1503 adoritur,
2634 1438 3007 1508 eamdemque
3034 1438 3329 1494 confractis
3357 1437 3607 1492 rudenti-

2016 1525 2120 1582 bus
2151 1536 2209 1582 et
2232 1527 2370 1584 velis
2405 1528 2460 1582 in
2504 1528 2672 1583 imum
2708 1527 2929 1585 tandem
2971 1527 3201 1585 fundum
3244 1539 3300 1585 et
3331 1527 3605 1602 gurgitem

2012 1631 2180 1687 maris
2213 1631 2501 1705 demergit.

328 1731 568 1803 μεγάλου
596 1728 864 1799 πλεούσης
893 1728 1189 1797 πελάγους,
1216 1729 1313 1783 καὶ
1338 1728 1466 1791 τούς
1494 1744 1554 1781 τι
1581 1726 1765 1791 κάλως
1793 1727 1888 1781 καὶ
1920 1729 1989 1782 τὰ
2020 1730 2164 1784 ἱστία
2195 1730 2496 1801 συντρίψας
2558 1730 2865 1785 τελευταῖον
2922 1730 3245 1786 καταδῦναι.
3268 1732 3364 1784 καὶ
3434 1728 3605 1800 uicina

326 1827 384 1885 ἐς
419 1824 613 1893 βυθοὺς
641 1822 734 1877 καὶ
759 1821 1043 1890 πυθμένας
1076 1822 1357 1894 βιάσηται.

398 1918 485 1970 H'.
524 1918 583 1970 ὐ
609 1916 792 1986 μέντοι
833 1915 1089 1985 βασιλεὺς
1114 1917 1319 1971 οὑτωσὶ
1345 1916 1771 1987 ταραττομένας
1802 1915 1901 1978 τὰς

2081 1914 2223 1969 \‘lll.
2256 1914 2565 1984 Imperator
2603 1924 2814 1981 autem,
2867 1929 2994 1969 cum
3042 1916 3217 1971 aciem
3251 1918 3434 1974 subito
3486 1929 3605 1976 tur-

327 2008 511 2073 τάξεις
541 2008 801 2079 ἐξαίφνης
853 2007 976 2061 ίδὼν
1024 2010 1119 2062 καὶ
1168 2008 1311 2079 πρὸς
1357 2009 1537 2080 φυγὴν
1559 2009 1619 2062 τὸ
1653 2008 1908 2062 πλεῖστον

325 2102 539 2171 δρώσας
565 2102 765 2171 σπουδῇ
799 2100 1071 2171 περιθέων
1099 2102 1375 2172 ἡγεμόνας
1420 2104 1517 2155 καί⁵
1560 2102 1907 2173 στρατηγοὺς

332 2199 428 2246 καὶ
450 2192 705 2263 λοχαγοὺς
754 2193 1022 2247 ἐπεϐοᾶτο
1072 2193 1171 2246 σὺν
1219 2194 1483 2266 δάκρυσιν
1513 2196 1572 2261 ἐξ
1616 2195 1904 2264 ὀνόματος,

341 2285 530 2354 στῆναι
572 2286 907 2356 παρακαλῶν
957 2288 1051 2340 καὶ
1100 2286 1176 2358 μὴ
1220 2288 1425 2358 προῖκα
1473 2288 1582 2351 τοῖς
1623 2288 1907 2359 πολεμίοις

334 2375 531 2430 οὑτωσὶ
549 2377 850 2447 προδιδόναι
887 2378 1176 2448 Ῥωμαίων
1209 2379 1308 2451 τὴν
1332 2379 1526 2451 τύχην.
1552 2382 1613 2435 Οί
1641 2381 1698 2434 δὲ
1730 2382 1907 2452 μικρά

329 2466 441 2521 τῶν
499 2467 804 2539 λεγομένων
879 2471 1279 2540 φροντίζοντες
1325 2472 1530 2543 ᾤχοντο
1607 2473 1907 2542 φεύγοντες

323 2560 753 2632 ἀμεταστρεπτί.
805 2562 959 2617 Ἀλλά
1006 2562 1117 2634 γὰρ
1146 2565 1204 2627 ἐς
1242 2564 1516 2636 τοσαύτην
1545 2567 1907 2637 κεχωρηκότα

323 2657 425 2726 τὴν
469 2656 778 2725 ἀπόγνωσιν
829 2656 899 2710 τὰ
950 2658 1258 2727 πράγματα
1310 2656 1531 2727 βλέπων
1571 2660 1599 2711 ὁ
1630 2657 1903 2728 βασιλεὺς,

327 2748 423 2802 καὶ
453 2746 546 2801 τοῦ
577 2748 744 2813 πεζοῦ
789 2753 851 2802 τὸ
881 2747 1134 2802 πλεῖστον
1164 2748 1403 2819 ἀφειδῶς
1443 2750 1550 2803 ὑπὸ
1591 2750 1704 2804 τῶν
1748 2753 1906 2805 πολε-

330 2834 471 2907 μίων
504 2838 979 2908 κατακοπτόμενόν
1025 2855 1085 2892 τε
1120 2842 1214 2893 καὶ
1254 2841 1731 2911 συμπατούμενον,
1762 2843 1905 2912 ἔγνω

327 2928 519 2999 καιρὸν
568 2929 714 3000 ἐχειν
769 2930 912 3000 ὑπὲρ
947 2931 1058 2985 τῶν
1108 2931 1369 3003 ὑπηκόων
1421 2934 1664 3002 ἀφειδεῖν
1707 2935 1905 2990 ἐαυτοῦ

325 3020 423 3075 καὶ
446 3019 689 3075 κίνδυνον
714 3020 1069 3093 ἀναδέχεσθαι
1101 3023 1400 3097 προφανῆξ,
1433 3028 1745 3097 κατήγορον
1780 3028 1904 3080 ἐσό-

328 3127 487 3181 μενον
534 3111 630 3181 τῆς
680 3112 789 3168 τῶν
842 3096 1269 3185 στρατευμάτων
1327 3096 1747 3189 ἀγνωμοσύνης.
1796 3122 1906 3174 Καὶ

326 3200 428 3270 μέν
462 3201 526 3273 δὴ
575 3200 670 3257 καὶ
721 3204 800 3267 είς
823 3203 953 3269 τοὺς
987 3206 1126 3275 ἀμφ’
1174 3207 1338 3260 αὑτὸν
1387 3210 1726 3280 συστραφεὶς
1759 3209 1904 3281 (λίαν

2011 2007 2130 2063 bari
2185 2006 2343 2077 231
2400 2006 2646 2072 vidisset,
2704 2014 2762 2061 et
2815 2006 3109 2062 maximam
3161 2002 3602 2084 partem'fugam

2011 2098 2285 2169 spectare,
2328 2098 2584 2156 celeriter
2635 2098 3041 2156 circumvectus
3085 2101 3274 2169 duces,
3329 2104 3596 2165 tribunos.

2010 2191 2366 2247 centuriones
2416 2191 2744 2247 nominatim
2796 2208 2921 2249 cum
2984 2192 3242 2264 lacrymis
3301 2195 3598 2260 inclamat,

2011 2284 2375 2353 hortaturque
2427 2292 2487 2338 ut
2530 2293 2719 2349 stent,
2745 2300 2850 2340 nec
2904 2285 2977 2341 ita
3011 2284 3171 2342 facile
3205 2286 3459 2343 hostibus
3489 2287 3599 2344 for-

2012 2385 2174 2433 tnnas
2232 2375 2606 2431 Romanorum
2658 2378 2914 2447 prodant.
2968 2381 3039 2432 At
3093 2378 3168 2433 illi
3226 2394 3422 2450 parum
3482 2383 3600 2452 ejus

2010 2469 2177 2526 verba
2206 2469 2508 2537 curabant;
2548 2472 2660 2525 imo
2681 2470 2853 2526 effuse
2885 2471 3189 2543 fugiebant.
3219 2473 3597 2540 Quamobrem

2011 2562 2308 2632 imperator
2331 2564 2387 2617 in
2415 2570 2566 2618 tanta
2595 2578 2776 2618 rerum
2801 2564 3207 2636 desperatione,
3230 2581 3354 2621 cum
3390 2577 3598 2637 partem

2009 2655 2258 2724 peditum
2307 2655 2599 2710 maximam
2648 2656 2784 2711 cat-di
2816 2658 2887 2712 ab
2921 2657 3172 2714 hostibus
3220 2668 3277 2714 et
3305 2660 3601 2717 crudeliter

2010 2749 2322 2803 conculcari
2379 2749 2610 2813 videret,
2642 2759 2857 2820 tempus
2905 2753 3100 2808 adesse
3125 2754 3334 2813 statuit.
3365 2769 3474 2822 quo
3503 2771 3600 2823 pro

2009 2841 2465 2909 subditis,salute
2495 2857 2592 2898 sua
2621 2845 2892 2914 neglecta,
2913 2845 3265 2905 manifestum
3295 2848 3598 2918 periculum
3622 2854 3625 2863 ‘

2008 2933 2208 2997 adiret,
2257 2950 2435 3002 eoque
2467 2947 2793 3007 argumento
2823 2938 3102 3007 perfidiam
3150 2941 3385 2996 militum
3438 2942 3600 2997 refel-

2007 3024 2165 3080 leret.
2196 3028 2481 3099 lgiturille
2529 3029 2598 3083 ad
2650 3044 2781 3085 snos
2835 3045 3156 3096 conversus,
3189 3032 3280 3103 qui
3338 3039 3598 3105 perpauci

2006 3134 2166 3175 erant
2205 3140 2219 3175 :
2259 3141 2277 3174 ι
2321 3120 2499 3187 Nune,
2532 3122 2729 3193 inquit,
2768 3124 2891 3189 viri,
2926 3133 3144 3195 tempus
3192 3125 3324 3181 illud
3358 3138 3465 3190 εει,
3489 3142 3598 3196 quo

2008 3228 2160 3269 mors
2188 3213 2298 3269 vita
2329 3215 2512 3283 potior
2545 3216 2812 3271 habeatur
2849 3224 2903 3270 et
2932 3218 3041 3272 vita
3067 3224 3244 3273 morte
3273 3218 3545 3274 acerbior.
3575 3239 3592 3270 ι

320 3290 525 3364 δ’ἧσαν
549 3288 694 3349 οῦτοι
719 3294 985 3367 βραχεῖς),
1014 3317 1031 3349 ι
1067 3298 1182 3352 Νῦν
1202 3299 1415 3370 ἄνδρες,
1440 3300 1613 3374 ›,ἐφη,
1641 3321 1661 3355 ι
1692 3302 1905 3374 καιρὸς,

2011 3305 2143 3374 Qum
2164 3321 2289 3362 eum
2318 3309 2571 3376 dixisset,
2605 3318 2662 3366 et
2714 3310 2956 3365 divinam
3012 3326 3172 3379 opem
3228 3311 3596 3387 implorasset,

323 3386 424 3438 ὅτε·
442 3386 666 3455 βελτίων
694 3391 723 3442 ὁ
758 3389 985 3453 θάνατος
1013 3390 1221 3459 γίνεται
1255 3394 1358 3463 τῆς
1396 3390 1563 3464 ζωῆς,
1593 3395 1655 3448 τὸ
1700 3395 1758 3448 δὲ
1803 3394 1906 3467 ζῇν

322 3477 416 3559 τοῦ
450 3480 631 3534 θανεῖν
665 3481 1013 3553 πικρότερον.
1045 3502 1063 3535 ι
1091 3483 1279 3537 Ταῦτα
1309 3485 1481 3540 είπὼν
1514 3488 1607 3541 καὶ
1628 3486 1726 3558 τὴν
1752 3488 1905 3542 θείαν

325 3570 788 3643 ἐπικαλεσάμενος
855 3575 1175 3648 συμμαχίαν
1226 3577 1346 3648 ἀμα
1386 3580 1589 3644 ,αὐτοῖς
1640 3582 1903 3652 ἐμσάλλιι

325 3662 467 3716 κατά
490 3663 598 3717 τῶν
628 3664 903 3736 πολεμίων
942 3666 1036 3720 καὶ
1086 3667 1302 3738 φονεύει
1339 3670 1440 3739 μὲν
1475 3670 1625 3725 ἐστιν
1667 3670 1761 3736 οὓς
1792 3671 1904 3726 τῶν

327 3755 623 3826 προϐόλων,
656 3756 1015 3831 διαρῤήγνυσι
1042 3759 1101 3815 δὲ
1126 3764 1225 3833 την
1259 3761 1545 3833 φάλαγγα,
1586 3763 1819 3835 θόρυϐον
1849 3763 1910 3820 δ’

270 3880 283 3887 -
325 3841 388 3895 οὐ
431 3844 626 3915 μικρὸν
668 3847 893 3916 ἐμποιεῖ
931 3845 1014 3918 τῷ
1057 3849 1412 3922 στρατοπίδῳ
1454 3850 1565 3905 τῶν
1598 3852 1896 3924 πολεμίων.

336 3933 557 3998 Πολλοῖς
586 3953 652 4006 γε
678 3936 783 4007 μὴν
821 3939 916 3993 καὶ
942 3939 1106 4004 αὐτὸς
1134 3944 1467 4013 περιπαρεὶς
1498 3942 1615 4015 ἅμα
1636 3943 1715 4016 τῷ
1746 3944 1900 4017 ῖππῳ

321 4029 433 4088 τοῖς
480 4026 704 4097 βέλεσιν,
764 4029 925 4094 αὐτὸς
973 4032 1073 4102 μὲν
1122 4028 1372 4104 ἀτρωτοξ
1420 4034 1608 4104 ἔμεινε
1635 4052 1649 4067 ο
1709 4035 1803 4089 τοῦ
1853 4036 1898 4090 δ’

324 4113 492 4169 ῐππου
520 4120 775 4183 πεσόντος
805 4120 968 4186 αὐτὸς
997 4122 1341 4178 ἐκινδύνευσε
1366 4126 1715 4197 κυκλωθῆναι
1744 4130 1899 4199 παρὰ

321 4205 431 4259 τῶν
483 4209 774 4279 πολεμίων.
831 4214 941 4267 Καὶ
989 4214 1111 4283 τάχ’
1159 4213 1226 4268 ἂν
1269 4217 1328 4280 ἐς
1365 4216 1591 4271 τοσοῦτο
1636 4220 1804 4272 κακοῦ
1835 4220 1896 4272 τὸ

324 4301 556 4369 πρᾶγμα
586 4301 915 4373 προύχώρει,
958 4305 1009 4357 εί
1060 4306 1135 4377 μή
1187 4324 1270 4372 τις
1313 4308 1424 4361 τῶν
1475 4309 1594 4380 ἅμα
1622 4311 1770 4380 αὐτῷ
1799 4311 1899 4383 τὴν

325 4393 585 4461 βασιλέως
640 4394 784 4465 ζωὴν
837 4396 938 4466 τῆς
984 4398 1179 4452 ἐαυτοῦ
1231 4399 1629 4471 ἀλλαττόμενος
1664 4404 1757 4458 ὑπ’
1810 4408 1901 4460 εὐ-

322 4485 468 4547 νοίας
496 4483 644 4556 αὐτῷ
684 4486 784 4555 μέν
827 4488 1036 4558 βασιλεῖ
1073 4492 1168 4543 τὸν
1213 4492 1412 4548 ἑαυτοῦ
1446 4494 1661 4549 δίδωσιν
1708 4498 1900 4567 ῖππον,

2004 3415 2130 3455 cum
2161 3398 2273 3455 illis
2306 3399 2569 3472 impetum
2595 3402 2654 3456 in
2701 3401 2914 3457 hostem
2964 3402 3112 3469 facit,
3141 3410 3194 3458 et
3224 3414 3571 3477 prepugnato

2006 3506 2099 3548 res
2124 3492 2346 3563 quidem
2401 3494 2609 3565 aliquot
2661 3497 2882 3563 occidit,
2927 3513 2995 3553 ac
3022 3498 3294 3570 phalange
3334 3512 3594 3574 perrupta

2005 3598 2113 3638 non
2149 3597 2373 3654 parvam
2410 3584 2595 3640 hostili
2620 3588 2890 3645 exercitui
2920 3590 3342 3659 trepidationem
3393 3593 3594 3665 injicit.

2008 3670 2119 3729 Sed
2150 3674 2340 3730 multis
2372 3676 2491 3746 ipse
2513 3690 2735 3747 quoque
2771 3678 2937 3734 simul
2963 3695 3090 3735 cum
3124 3696 3268 3753 equo
3288 3684 3409 3740 telis
3436 3688 3567 3742 undi

2001 3780 2112 3836 que
2141 3765 2400 3834 obrutus,
2427 3783 2534 3825 nec
2568 3780 2752 3826 tamen
2799 3771 3139 3842 vulneratus,
3171 3790 3313 3846 eqno
3356 3777 3598 3851 collapsa

2000 3872 2196 3939 parum
2234 3858 2432 3929 abfuit,
2464 3859 2597 3933 quin
2648 3862 2720 3918 ab
2746 3864 2997 3937 hostibus
3034 3866 3493 3927 circumdaretur.
3515 3872 3598 3928 Ac

1999 3953 2237 4012 fortasse
2293 3971 2362 4013 eo
2396 3957 2694 4015 infelicitas
2750 3960 2899 4016 illius
2951 3976 3149 4034 pugnae
3209 3956 3589 4035 processisset,

1998 4046 2106 4101 nisi
2133 4047 2357 4118 quidam
2396 4064 2428 4105 e
2456 4051 2757 4107 comitibus
2791 4053 3060 4108 benevolo
3090 4053 3291 4112 all'ectu
3321 4056 3592 4128 impulsus

1998 4144 2097 4192 sna
2124 4138 2295 4209 ipsius
2346 4150 2525 4197 morte
2582 4140 2903 4212 imperatori
2951 4144 3122 4199 vitam
3164 4148 3509 4218 redemisset,
3538 4165 3595 4207 et

2002 4243 2161 4283 suum
2194 4245 2394 4301 equum
2426 4232 2503 4288 illi
2530 4233 2811 4298 dedisset;
2833 4250 2945 4305 quo
2969 4250 3274 4293 conscenso
3302 4241 3595 4298 incolumis

2000 4318 2223 4387 quidem
2254 4320 2346 4376 ille
2361 4323 2559 4387 evasit,
2582 4333 2638 4379 et
2666 4323 2989 4392 impendens
3021 4327 3322 4397 periculum
3357 4332 3546 4405 rlfugit
3575 4350 3594 4390 :

1996 4408 2049 4463 is
2085 4425 2214 4466 vero
2243 4411 2337 4482 qui
2388 4428 2456 4467 ex
2507 4428 2650 4485 equo
2702 4415 3017 4485 desiluerat,
3051 4420 3120 4476 ab
3149 4419 3399 4478 hostibus
3431 4423 3593 4496 232

1998 4504 2355 4561 conculcatus
2385 4508 2667 4565 occubuit.
2716 4556 2721 4561 .

321 4576 390 4689 5t;
424 4573 488 4632 οὗ
683 4579 949 4689 σέσωσται
998 4583 1220 4689 etesias;
1244 4584 1336 4638 τὸν
1385 4588 1861 4661 ἑπικρεμασθέντα
1903 4594 2148 4652 κίνδυνον
2174 4616 2192 4633 ο
2217 4601 2246 4652 ό
2280 4599 2326 4654 δ’
2358 4602 2570 4670 ἀποϐάς
2598 4614 2966 4677 συμπατεῖται
3033 4615 3210 4689 παραο
3251 4620 3361 4675 τῶν
3428 4622 3591 4673 πολε-

325 4659 462 4738 μίων
487 4672 582 4725 καὶ
616 4672 945 4727 ἀπαλλάττει
984 4674 1079 4728 τοῦ
1116 4675 1256 4745 βίου.

393 4759 471 4816 6'.
487 4763 546 4816 Ὀ
567 4764 665 4833 μὲν
693 4759 786 4817 οῦν
808 4765 1063 4834 βασιλεὺς
1086 4767 1307 4859 ἄπεισιν
1336 4770 1551 4825 ἐκεῖθεν
1590 4777 1648 4837 ἐς
1671 4774 1899 4846 Διδυμό-

2074 4779 2167 4839 IX.
2208 4780 2341 4840 Inde
2370 4785 2672 4858 imperator
2722 4790 3161 4865 Didymotichum
3198 4803 3589 4870 proficiscitur.

318 4869 528 4923 τειχον·
563 4855 786 4925 μακρὰν
814 4855 872 4909 δὲ
902 4857 1058 4926 παρά
1105 4840 1204 4912 τεῦ
1237 4862 1445 4931 πατρὸς
1488 4864 1587 4918 καὶ
1643 4840 1909 4934 βασιλέως

321 4946 512 5000 ἀκούει
540 4947 640 5017 τὴν
659 4946 891 5018 μέμψιν,
908 4948 991 5002 ὅτι
1024 4948 1278 5020 βασιλεὺς
1299 4952 1375 5008 ὢν
1409 4954 1508 5007 οὐκ
1525 4955 1654 5021 ἀξια
1679 4959 1912 5027 πράττει

278 5062 289 5071 ν
320 5041 421 5110 τῆς
474 5040 752 5111 βασιλείας
803 5043 1039 5112 ἀφειδῶν
1083 5047 1182 5118 τῆς
1227 5048 1434 5110 οἰκείας
1470 5047 1559 5119 [Ρ.
1585 5050 1710 5122 ΗΞ]
1760 5051 1907 5123 ζωῆς

320 5133 544 5199 οὑτωσὶ,
593 5134 686 5187 καὶ
715 5134 803 5187 τὸν
836 5135 946 5189 τῶν
974 5136 1260 5207 Ῥωμαίων
1294 5140 1538 5194 κίνδυνον
1567 5142 1909 5198 διακυδεύων

320 5229 417 5280 ἐπὶ
436 5226 530 5280 τοῦ
559 5225 808 5296 σώματος
837 5221 951 5280 οἷον
993 5228 1054 5292 ἐξ
1099 5230 1434 5300 αὐτομάτου.
1468 5234 1530 5286 Οί
1558 5233 1616 5287 δὲ
1649 5235 1899 5307 πολέμιοι

319 5318 633 5372 τούντεῦθεν
678 5319 733 5383 ἐς
784 5318 966 5386 δίωξιν
1018 5319 1130 5373 τῶν
1189 5321 1504 5390 φευγόντων
1556 5326 1911 5395 τραπόμενοι

317 5408 412 5473 οὓς
458 5408 559 5479 μὲν
607 5409 868 5476 ἔκτεινον,
914 5409 1007 5474 οὓς
1056 5411 1114 5465 δὲ
1168 5412 1509 5482 ζωγροῦντες
1554 5410 1737 5485 εἶχον,
1790 5420 1893 5481 ἕως
1958 5442 1963 5447 ·

318 5502 615 5574 γενομένης
670 5502 909 5574 ἑσπέρας
957 5506 1191 5559 ἀπεῖπον
1207 5508 1342 5593 χτὴν
1387 5506 1593 5574 δίωξιν.
1644 5509 1797 5579 Ἀμα
1851 5513 1898 5565 δ’

322 5595 502 5665 ἡμέρᾳ
543 5593 937 5660 σκυλεύσαντες
982 5598 1109 5661 τοὺς
1153 5601 1381 5668 νεκροὺς
1419 5601 1516 5653 καί⁸
1562 5602 1631 5655 τὰ
1675 5601 1895 5674 λάφυρα

2004 4885 2061 4930 et
2098 4875 2313 4945 prolixe
2345 4891 2376 4933 a
2415 4890 2570 4949 patre
2597 4882 3120 4957 objurgatur,‘quod
3149 4893 3449 4963 imperator
3481 4912 3591 4954 non

2004 4982 2104 5036 pro
2164 4970 2384 5039 imperii
2433 4972 2701 5043 dignitate
2761 4993 2820 5031 se
2870 4982 3125 5048 gesserit,
3160 4986 3255 5041 sed
3316 4987 3589 5047 fortunam

2005 5055 2377 5115 Romanorum
2446 5063 2501 5116 in
2568 5065 2688 5136 ejus
2752 5067 2928 5123 salute
2968 5070 3200 5141 positani
3270 5079 3591 5147 periculosa:

2001 5149 2134 5204 alea:
2198 5152 2345 5206 velut
2403 5169 2501 5209 sua
2564 5169 2760 5225 sponte
2813 5165 3170 5221 commiserit.
3204 5168 3405 5226 llostes
3460 5190 3591 5227 vero

2003 5241 2202 5297 exinde
2253 5244 2323 5298 ad
2398 5250 2813 5317 persequendos
2879 5267 2976 5309 eos
3014 5257 3105 5326 qui
3161 5260 3413 5331 fugerant
3455 5280 3592 5327 con-

2002 5333 2146 5387 versi
2178 5335 2312 5391 alios
2333 5336 2670 5404 occiderunt,
2699 5341 2838 5397 alios
2863 5344 3017 5401 vivos
3065 5362 3333 5420 ceperunt
3369 5371 3383 5408 :
3414 5357 3590 5412 donec

2003 5438 2337 5495 superventu
2394 5433 2576 5487 noctis
2605 5439 2841 5492 revocati
2887 5455 2917 5492 a
2947 5446 3326 5513 persequendo
3364 5448 3590 5517 deStite-

2002 5527 2153 5570 runt.
2176 5518 2348 5592 Mane
2405 5520 2765 5581 cadaveribus
2816 5528 3086 5597 spoliatis,
3117 5533 3419 5605 divisisque
3473 5554 3592 5593 nta-

2000 5610 2205 5677 nubiis,
2234 5611 2496 5668 Thracios
2536 5630 2703 5685 pagos
2752 5619 2977 5689 impune
3015 5623 3351 5683 incursando
3402 5641 3589 5689 vasta-

317 5685 617 5755 διελόμενιιι
664 5687 836 5750 ἀδεῶς
885 5691 984 5752 τὰς
1038 5691 1133 5743 ἐπὶ
1183 5692 1375 5764 Θρᾴκῃ
1407 5692 1598 5762 κώμας
1627 5696 1897 5765 ἐπόρθουν

2006 5700 2126 5764 bant
2187 5710 2242 5756 et
2292 5703 2676 5762 inet-ndebant.
2729 5709 2844 5765 Non
2916 5712 3104 5768 multis
3155 5730 3225 5771 ex
3268 5733 3336 5772 eo
3393 5721 3590 5778 circius

319 5777 409 5831 ut
446 5775 611 5830 ἔκαον
656 5779 1053 5849 ἐπιτρέχοντες.
1094 5782 1170 5833 Οὐ
1204 5783 1396 5835 πολλαὶ
1431 5782 1634 5852 μεταξὺ
1675 5786 1893 5853 διῆλθον

2006 5792 2193 5860 elapsis
2219 5791 2517 5864 Tttrcopuli
2593 5798 2691 5863 illi,
2716 5816 2859 5869 quos
2893 5802 3149 5866 diximus,
3194 5808 3260 5860 ad
3296 5810 3589 5865 Catalanos

318 5870 541 5942 ἡμέραι,
581 5872 672 5923 καὶ
708 5873 840 5938 «apt;
889 5875 1232 5937 Κατελάυους
1266 5862 1570 5945 αὑῖομολοῦ
1588 5896 1661 5934 xw
1701 5881 1747 5934 οἱ
1796 5884 1890 5952 ρη-

648 5964 916 6027 PnaoL.
967 5968 1080 6030 Gn.
1122 5969 1408 6033 CXLl'lll
1507 5991 1510 5995 ‘

2000 5884 2282 5954 delicium,
2334 5889 2635 5959 cupideque
2703 5894 2911 5963 accepti
2974 5896 3035 5951 in
3063 5872 3302 5956 Ctialelis
3352 5908 3590 5963 tamen:

2138 6043 2171 6065 ,
3117 5992 3188 6052 ιδ

3798 5724 3837 5753 χ
