  <div class='ocr_page' id='page_1' title='image "/cluster/home/n/w/nwhite01/storage/ocr_20150623/148:no.1/coo.31924054870534/216.png"; bbox 0 0 4088 6506; ppageno 0'>
   <div class='ocr_carea' id='block_1_1' title="bbox 238 429 1124 510">
    <p class='ocr_par' dir='ltr' id='par_1_1' title="bbox 238 429 1124 510">
     <span class='ocr_line' id='line_1_1' title="bbox 238 429 1124 510; baseline -0.008 -13"><span class='ocrx_word' id='word_1_1' title='bbox 238 433 343 499; x_wconf 59' lang='grc'><strong>417</strong></span> <span class='ocrx_word' id='word_1_2' title='bbox 509 429 588 502; x_wconf 71' lang='lat' dir='ltr'><strong>[.t.</strong></span> <span class='ocrx_word' id='word_1_3' title='bbox 624 448 672 487; x_wconf 90' lang='lat' dir='ltr'><strong>c.</strong></span> <span class='ocrx_word' id='word_1_4' title='bbox 712 432 843 486; x_wconf 71' lang='grc'><strong>128⁵2</strong></span> <span class='ocrx_word' id='word_1_5' title='bbox 870 451 932 488; x_wconf 69' lang='grc' dir='ltr'><strong>,ιη</strong></span> <span class='ocrx_word' id='word_1_6' title='bbox 967 435 1124 510; x_wconf 67' lang='grc'><strong>1528]</strong></span> 
     </span>
    </p>
   </div>
   <div class='ocr_carea' id='block_1_2' title="bbox 1272 418 2516 505">
    <p class='ocr_par' dir='ltr' id='par_1_2' title="bbox 1272 418 2516 505">
     <span class='ocr_line' id='line_1_2' title="bbox 1272 418 2516 505; baseline 0.001 -3"><span class='ocrx_word' id='word_1_7' title='bbox 1272 418 1725 505; x_wconf 62' lang='lat' dir='ltr'><strong>nYZANTtNa</strong></span> <span class='ocrx_word' id='word_1_8' title='bbox 1763 441 2152 504; x_wconf 73' lang='lat' dir='ltr'><strong>HIS&#39;I‘ORI.E</strong></span> <span class='ocrx_word' id='word_1_9' title='bbox 2188 442 2334 503; x_wconf 83' lang='lat' dir='ltr'><strong>LIB.</strong></span> <span class='ocrx_word' id='word_1_10' title='bbox 2382 443 2516 503; x_wconf 78' lang='lat' dir='ltr'><strong>vn.</strong></span> 
     </span>
    </p>
   </div>
   <div class='ocr_carea' id='block_1_3' title="bbox 2635 435 3270 511">
    <p class='ocr_par' dir='ltr' id='par_1_3' title="bbox 2635 435 3270 511">
     <span class='ocr_line' id='line_1_3' title="bbox 2635 435 3270 511; baseline 0.005 -22"><span class='ocrx_word' id='word_1_11' title='bbox 2635 438 2752 511; x_wconf 74' lang='lat' dir='ltr'><strong>[mn</strong></span> <span class='ocrx_word' id='word_1_12' title='bbox 2808 453 3095 493; x_wconf 69' lang='lat' dir='ltr'><strong>ANDROXtC.</strong></span> <span class='ocrx_word' id='word_1_13' title='bbox 3125 435 3270 508; x_wconf 51' lang='lat' dir='ltr'><strong>sero]</strong></span> 
     </span>
    </p>
   </div>
   <div class='ocr_carea' id='block_1_4' title="bbox 3414 442 3521 504">
    <p class='ocr_par' dir='ltr' id='par_1_4' title="bbox 3414 442 3521 504">
     <span class='ocr_line' id='line_1_4' title="bbox 3414 442 3521 504; baseline 0 -1"><span class='ocrx_word' id='word_1_14' title='bbox 3414 442 3521 504; x_wconf 67' lang='lat'><strong>438</strong></span> 
     </span>
    </p>
   </div>
   <div class='ocr_carea' id='block_1_5' title="bbox 241 553 1831 631">
    <p class='ocr_par' dir='ltr' id='par_1_5' title="bbox 241 553 1824 631">
     <span class='ocr_line' id='line_1_5' title="bbox 241 553 1824 631; baseline 0.003 -24"><span class='ocrx_word' id='word_1_15' title='bbox 241 553 550 607; x_wconf 76' lang='grc' dir='ltr'>Θετταλικά</span> <span class='ocrx_word' id='word_1_16' title='bbox 585 555 766 608; x_wconf 81' lang='grc' dir='ltr'>πεδία.</span> <span class='ocrx_word' id='word_1_17' title='bbox 798 555 970 609; x_wconf 79' lang='grc' dir='ltr'>Ἔνθα</span> <span class='ocrx_word' id='word_1_18' title='bbox 1003 557 1068 627; x_wconf 83' lang='grc' dir='ltr'>δὴ</span> <span class='ocrx_word' id='word_1_19' title='bbox 1099 557 1287 629; x_wconf 87' lang='grc' dir='ltr'>χώραν</span> <span class='ocrx_word' id='word_1_20' title='bbox 1316 559 1577 631; x_wconf 78' lang='grc' dir='ltr'><strong>εὑρόντες</strong></span> <span class='ocrx_word' id='word_1_21' title='bbox 1611 560 1824 628; x_wconf 82' lang='grc' dir='ltr'>ἀγαθήν</span> 
     </span>
    </p>
   </div>
   <div class='ocr_carea' id='block_1_6' title="bbox 1933 553 3526 631">
    <p class='ocr_par' dir='ltr' id='par_1_6' title="bbox 1933 556 3526 628">
     <span class='ocr_line' id='line_1_6' title="bbox 1933 556 3526 628; baseline -0.001 -16"><span class='ocrx_word' id='word_1_22' title='bbox 1933 559 2167 624; x_wconf 81' lang='lat' dir='ltr'><strong>uissent,</strong></span> <span class='ocrx_word' id='word_1_23' title='bbox 2202 566 2380 613; x_wconf 87' lang='lat' dir='ltr'><strong>totum</strong></span> <span class='ocrx_word' id='word_1_24' title='bbox 2418 573 2624 613; x_wconf 90' lang='lat' dir='ltr'><strong>annum</strong></span> <span class='ocrx_word' id='word_1_25' title='bbox 2652 568 2979 627; x_wconf 77' lang='lat' dir='ltr'><strong>exegerunt,</strong></span> <span class='ocrx_word' id='word_1_26' title='bbox 3016 556 3164 628; x_wconf 79' lang='lat' dir='ltr'><strong>agris</strong></span> <span class='ocrx_word' id='word_1_27' title='bbox 3212 556 3438 612; x_wconf 86' lang='lat' dir='ltr'><strong>urendis</strong></span> <span class='ocrx_word' id='word_1_28' title='bbox 3465 566 3526 612; x_wconf 83' lang='lat' dir='ltr'><strong>et</strong></span> 
     </span>
    </p>
   </div>
   <div class='ocr_carea' id='block_1_7' title="bbox 237 645 1830 721">
    <p class='ocr_par' dir='ltr' id='par_1_7' title="bbox 237 645 1830 721">
     <span class='ocr_line' id='line_1_7' title="bbox 237 645 1830 721; baseline 0.004 -23"><span class='ocrx_word' id='word_1_29' title='bbox 237 662 300 699; x_wconf 89' lang='grc' dir='ltr'><strong>τε</strong></span> <span class='ocrx_word' id='word_1_30' title='bbox 335 645 430 699; x_wconf 71' lang='grc' dir='ltr'>καὶ</span> <span class='ocrx_word' id='word_1_31' title='bbox 479 645 643 699; x_wconf 88' lang='grc' dir='ltr'>πίονα</span> <span class='ocrx_word' id='word_1_32' title='bbox 693 645 816 700; x_wconf 82' lang='grc' dir='ltr'>ὅλον</span> <span class='ocrx_word' id='word_1_33' title='bbox 844 650 961 700; x_wconf 85' lang='grc' dir='ltr'>ἐκεῖ</span> <span class='ocrx_word' id='word_1_34' title='bbox 1008 648 1392 721; x_wconf 80' lang='grc' dir='ltr'>διατετρίφασι</span> <span class='ocrx_word' id='word_1_35' title='bbox 1428 653 1523 706; x_wconf 81' lang='grc' dir='ltr'>τὸν</span> <span class='ocrx_word' id='word_1_36' title='bbox 1552 653 1830 718; x_wconf 69' lang='grc' dir='ltr'>ἐνιαυτὸν,</span> 
     </span>
    </p>
   </div>
   <div class='ocr_carea' id='block_1_8' title="bbox 239 738 1831 815">
    <p class='ocr_par' dir='ltr' id='par_1_8' title="bbox 239 738 1831 815">
     <span class='ocr_line' id='line_1_8' title="bbox 239 738 1831 815; baseline 0.008 -26"><span class='ocrx_word' id='word_1_37' title='bbox 239 740 342 807; x_wconf 89' lang='grc' dir='ltr'>τήν</span> <span class='ocrx_word' id='word_1_38' title='bbox 370 755 431 791; x_wconf 89' lang='grc' dir='ltr'><strong>τε</strong></span> <span class='ocrx_word' id='word_1_39' title='bbox 482 738 668 811; x_wconf 88' lang='grc' dir='ltr'>χώραν</span> <span class='ocrx_word' id='word_1_40' title='bbox 717 739 973 811; x_wconf 77' lang='grc' dir='ltr'><strong>δῃοῦντες</strong></span> <span class='ocrx_word' id='word_1_41' title='bbox 1021 742 1119 795; x_wconf 61' lang='grc' dir='ltr'>καὶ</span> <span class='ocrx_word' id='word_1_42' title='bbox 1147 743 1558 815; x_wconf 73' lang='grc' dir='ltr'><strong>διαφθείροντες</strong></span> <span class='ocrx_word' id='word_1_43' title='bbox 1607 747 1708 799; x_wconf 85' lang='grc' dir='ltr'>ὅσα</span> <span class='ocrx_word' id='word_1_44' title='bbox 1755 746 1831 815; x_wconf 83' lang='grc' dir='ltr'>μὴ</span> 
     </span>
    </p>
   </div>
   <div class='ocr_carea' id='block_1_9' title="bbox 239 823 1831 908">
    <p class='ocr_par' dir='ltr' id='par_1_9' title="bbox 239 823 1831 908">
     <span class='ocr_line' id='line_1_9' title="bbox 239 823 1831 908; baseline 0.004 -25"><span class='ocrx_word' id='word_1_45' title='bbox 239 829 394 893; x_wconf 67' lang='grc' dir='ltr'>ἐντὸς</span> <span class='ocrx_word' id='word_1_46' title='bbox 438 823 581 900; x_wconf 78' lang='grc' dir='ltr'>ἦσαν</span> <span class='ocrx_word' id='word_1_47' title='bbox 632 831 829 901; x_wconf 80' lang='grc' dir='ltr'><strong>τειχῶν</strong></span> <span class='ocrx_word' id='word_1_48' title='bbox 885 833 1114 903; x_wconf 85' lang='grc' dir='ltr'>μηδενὸς</span> <span class='ocrx_word' id='word_1_49' title='bbox 1158 834 1640 908; x_wconf 84' lang='grc' dir='ltr'>ἀντιταττομένου.</span> <span class='ocrx_word' id='word_1_50' title='bbox 1699 833 1831 907; x_wconf 78' lang='grc' dir='ltr'>Εἶχε</span> 
     </span>
    </p>
   </div>
   <div class='ocr_carea' id='block_1_10' title="bbox 240 921 1832 1002">
    <p class='ocr_par' dir='ltr' id='par_1_10' title="bbox 240 921 1832 1002">
     <span class='ocr_line' id='line_1_10' title="bbox 240 921 1832 1002; baseline -0.004 -11"><span class='ocrx_word' id='word_1_51' title='bbox 240 922 355 992; x_wconf 54' lang='grc' dir='ltr'><strong>γὰρ</strong></span> <span class='ocrx_word' id='word_1_52' title='bbox 381 921 631 986; x_wconf 77' lang='grc' dir='ltr'><strong>ἀσθενῶς</strong></span> <span class='ocrx_word' id='word_1_53' title='bbox 682 925 985 995; x_wconf 76' lang='grc' dir='ltr'>τηνικαῦτα</span> <span class='ocrx_word' id='word_1_54' title='bbox 1016 930 1087 981; x_wconf 82' lang='grc' dir='ltr'>τὰ</span> <span class='ocrx_word' id='word_1_55' title='bbox 1129 928 1264 999; x_wconf 75' lang='grc' dir='ltr'>περὶ</span> <span class='ocrx_word' id='word_1_56' title='bbox 1312 928 1614 984; x_wconf 81' lang='grc' dir='ltr'><strong>Θετταλίαν</strong></span> <span class='ocrx_word' id='word_1_57' title='bbox 1648 930 1832 1002; x_wconf 86' lang='grc' dir='ltr'>πράγ-</span> 
     </span>
    </p>
   </div>
   <div class='ocr_carea' id='block_1_11' title="bbox 243 1000 1830 1095">
    <p class='ocr_par' dir='ltr' id='par_1_11' title="bbox 243 1000 1830 1095">
     <span class='ocr_line' id='line_1_11' title="bbox 243 1000 1830 1095; baseline 0.005 -26"><span class='ocrx_word' id='word_1_58' title='bbox 243 1034 414 1086; x_wconf 85' lang='grc' dir='ltr'>ματα,</span> <span class='ocrx_word' id='word_1_59' title='bbox 441 1018 540 1070; x_wconf 80' lang='grc' dir='ltr'><strong>τοῦ</strong></span> <span class='ocrx_word' id='word_1_60' title='bbox 588 1018 869 1081; x_wconf 75' lang='grc' dir='ltr'><strong>διέποντος</strong></span> <span class='ocrx_word' id='word_1_61' title='bbox 932 1022 1052 1075; x_wconf 77' lang='grc' dir='ltr'>ἐκεῖ</span> <span class='ocrx_word' id='word_1_62' title='bbox 1091 1022 1192 1093; x_wconf 84' lang='grc' dir='ltr'>τὴν</span> <span class='ocrx_word' id='word_1_63' title='bbox 1250 1022 1430 1094; x_wconf 82' lang='grc' dir='ltr'>ἀρχὴν</span> <span class='ocrx_word' id='word_1_64' title='bbox 1467 1024 1581 1095; x_wconf 81' lang='grc'><strong>(76)</strong></span> <span class='ocrx_word' id='word_1_65' title='bbox 1614 1000 1739 1077; x_wconf 61' lang='grc' dir='ltr'>νέου</span> <span class='ocrx_word' id='word_1_66' title='bbox 1770 1041 1830 1077; x_wconf 87' lang='grc' dir='ltr'><strong>τε</strong></span> 
     </span>
    </p>
   </div>
   <div class='ocr_carea' id='block_1_12' title="bbox 238 1109 1832 1186">
    <p class='ocr_par' dir='ltr' id='par_1_12' title="bbox 238 1109 1832 1186">
     <span class='ocr_line' id='line_1_12' title="bbox 238 1109 1832 1186; baseline 0.005 -26"><span class='ocrx_word' id='word_1_67' title='bbox 238 1109 397 1172; x_wconf 72' lang='grc' dir='ltr'>ὄντος</span> <span class='ocrx_word' id='word_1_68' title='bbox 433 1111 534 1180; x_wconf 75' lang='grc' dir='ltr'>τὴν</span> <span class='ocrx_word' id='word_1_69' title='bbox 560 1110 780 1182; x_wconf 77' lang='grc' dir='ltr'>ἠλικίαν</span> <span class='ocrx_word' id='word_1_70' title='bbox 808 1112 903 1166; x_wconf 77' lang='grc' dir='ltr'><strong>καὶ</strong></span> <span class='ocrx_word' id='word_1_71' title='bbox 945 1112 1192 1184; x_wconf 75' lang='grc' dir='ltr'><strong>ἀπείρως</strong></span> <span class='ocrx_word' id='word_1_72' title='bbox 1222 1114 1440 1186; x_wconf 80' lang='grc' dir='ltr'>ἔχοντος</span> <span class='ocrx_word' id='word_1_73' title='bbox 1476 1117 1535 1179; x_wconf 80' lang='grc' dir='ltr'>ἐς</span> <span class='ocrx_word' id='word_1_74' title='bbox 1566 1114 1832 1186; x_wconf 79' lang='grc' dir='ltr'><strong>πραγμά⁴</strong></span> 
     </span>
    </p>
   </div>
   <div class='ocr_carea' id='block_1_13' title="bbox 238 1202 1830 1278">
    <p class='ocr_par' dir='ltr' id='par_1_13' title="bbox 238 1202 1830 1278">
     <span class='ocr_line' id='line_1_13' title="bbox 238 1202 1830 1278; baseline 0.004 -24"><span class='ocrx_word' id='word_1_75' title='bbox 238 1220 355 1255; x_wconf 85' lang='grc' dir='ltr'><strong>των</strong></span> <span class='ocrx_word' id='word_1_76' title='bbox 386 1202 643 1273; x_wconf 78' lang='grc' dir='ltr'><strong>μεγάλων</strong></span> <span class='ocrx_word' id='word_1_77' title='bbox 670 1204 966 1275; x_wconf 85' lang='grc' dir='ltr'>διοίκησιν,</span> <span class='ocrx_word' id='word_1_78' title='bbox 999 1207 1097 1261; x_wconf 73' lang='grc' dir='ltr'>καὶ</span> <span class='ocrx_word' id='word_1_79' title='bbox 1126 1206 1306 1271; x_wconf 82' lang='grc' dir='ltr'>ἄλλως</span> <span class='ocrx_word' id='word_1_80' title='bbox 1337 1208 1478 1278; x_wconf 82' lang='grc' dir='ltr'>νόσῳ</span> <span class='ocrx_word' id='word_1_81' title='bbox 1501 1207 1830 1276; x_wconf 84' lang='grc' dir='ltr'>δαπανωμέ-</span> 
     </span>
    </p>
   </div>
   <div class='ocr_carea' id='block_1_14' title="bbox 240 1296 1830 1369">
    <p class='ocr_par' dir='ltr' id='par_1_14' title="bbox 240 1296 1830 1369">
     <span class='ocr_line' id='line_1_14' title="bbox 240 1296 1830 1369; baseline 0.003 -21"><span class='ocrx_word' id='word_1_82' title='bbox 240 1312 339 1348; x_wconf 89' lang='grc' dir='ltr'><strong>νου</strong></span> <span class='ocrx_word' id='word_1_83' title='bbox 383 1296 572 1366; x_wconf 79' lang='grc' dir='ltr'>μακρᾷ</span> <span class='ocrx_word' id='word_1_84' title='bbox 602 1296 696 1351; x_wconf 77' lang='grc' dir='ltr'>καὶ</span> <span class='ocrx_word' id='word_1_85' title='bbox 725 1297 850 1351; x_wconf 85' lang='grc' dir='ltr'>ὅσον</span> <span class='ocrx_word' id='word_1_86' title='bbox 883 1298 1095 1352; x_wconf 74' lang='grc' dir='ltr'>οὐδέπω</span> <span class='ocrx_word' id='word_1_87' title='bbox 1137 1297 1496 1368; x_wconf 79' lang='grc' dir='ltr'>τεθνήξεσθαι</span> <span class='ocrx_word' id='word_1_88' title='bbox 1540 1298 1830 1369; x_wconf 82' lang='grc' dir='ltr'>μέλλοντος</span> 
     </span>
    </p>
   </div>
   <div class='ocr_carea' id='block_1_15' title="bbox 243 1390 1834 1464">
    <p class='ocr_par' dir='ltr' id='par_1_15' title="bbox 243 1390 1834 1464">
     <span class='ocr_line' id='line_1_15' title="bbox 243 1390 1834 1464; baseline 0.003 -22"><span class='ocrx_word' id='word_1_89' title='bbox 243 1391 344 1442; x_wconf 72' lang='grc' dir='ltr'>καὶ</span> <span class='ocrx_word' id='word_1_90' title='bbox 374 1392 495 1458; x_wconf 75' lang='grc' dir='ltr'>ἅμα</span> <span class='ocrx_word' id='word_1_91' title='bbox 525 1390 676 1460; x_wconf 81' lang='grc' dir='ltr'>αὐτῷ</span> <span class='ocrx_word' id='word_1_92' title='bbox 725 1391 1054 1445; x_wconf 79' lang='grc' dir='ltr'>καταλύσειν</span> <span class='ocrx_word' id='word_1_93' title='bbox 1080 1391 1182 1462; x_wconf 80' lang='grc' dir='ltr'>τὴν</span> <span class='ocrx_word' id='word_1_94' title='bbox 1228 1395 1426 1464; x_wconf 78' lang='grc' dir='ltr'>μέχρις</span> <span class='ocrx_word' id='word_1_95' title='bbox 1456 1393 1625 1448; x_wconf 84' lang='grc' dir='ltr'>αὐτοῦ</span> <span class='ocrx_word' id='word_1_96' title='bbox 1654 1394 1834 1447; x_wconf 86' lang='grc' dir='ltr'>διαδο-</span> 
     </span>
    </p>
   </div>
   <div class='ocr_carea' id='block_1_16' title="bbox 243 1482 1830 1558">
    <p class='ocr_par' dir='ltr' id='par_1_16' title="bbox 243 1482 1830 1558">
     <span class='ocr_line' id='line_1_16' title="bbox 243 1482 1830 1558; baseline 0.005 -24"><span class='ocrx_word' id='word_1_97' title='bbox 243 1483 350 1553; x_wconf 77' lang='grc' dir='ltr'>χὴν</span> <span class='ocrx_word' id='word_1_98' title='bbox 373 1483 471 1553; x_wconf 85' lang='grc' dir='ltr'>τῆς</span> <span class='ocrx_word' id='word_1_99' title='bbox 497 1482 603 1537; x_wconf 89' lang='grc' dir='ltr'><strong>τῶν</strong></span> <span class='ocrx_word' id='word_1_100' title='bbox 639 1484 925 1553; x_wconf 84' lang='grc' dir='ltr'>προγόνων</span> <span class='ocrx_word' id='word_1_101' title='bbox 950 1484 1045 1538; x_wconf 76' lang='grc' dir='ltr'>καὶ</span> <span class='ocrx_word' id='word_1_102' title='bbox 1075 1486 1603 1557; x_wconf 78' lang='grc' dir='ltr'>σεδαστοκρατόρων</span> <span class='ocrx_word' id='word_1_103' title='bbox 1629 1486 1830 1558; x_wconf 80' lang='grc' dir='ltr'>ἀρχῆς.</span> 
     </span>
    </p>
   </div>
   <div class='ocr_carea' id='block_1_17' title="bbox 248 1571 1833 1651">
    <p class='ocr_par' dir='ltr' id='par_1_17' title="bbox 248 1571 1833 1651">
     <span class='ocr_line' id='line_1_17' title="bbox 248 1571 1833 1651; baseline 0.003 -24"><span class='ocrx_word' id='word_1_104' title='bbox 248 1576 490 1630; x_wconf 76' lang='grc' dir='ltr'>Γυναῖκα</span> <span class='ocrx_word' id='word_1_105' title='bbox 531 1576 630 1646; x_wconf 84' lang='grc' dir='ltr'>μὲν</span> <span class='ocrx_word' id='word_1_106' title='bbox 657 1578 764 1649; x_wconf 85' lang='grc' dir='ltr'>γὰρ</span> <span class='ocrx_word' id='word_1_107' title='bbox 794 1571 952 1643; x_wconf 77' lang='grc' dir='ltr'>οὗτος</span> <span class='ocrx_word' id='word_1_108' title='bbox 984 1579 1226 1650; x_wconf 80' lang='grc' dir='ltr'><strong>ἠγάγετο</strong></span> <span class='ocrx_word' id='word_1_109' title='bbox 1257 1580 1438 1649; x_wconf 78' lang='grc' dir='ltr'>ἑαυτῷ</span> <span class='ocrx_word' id='word_1_110' title='bbox 1465 1579 1573 1650; x_wconf 83' lang='grc' dir='ltr'>πρὸ</span> <span class='ocrx_word' id='word_1_111' title='bbox 1597 1580 1833 1651; x_wconf 79' lang='grc' dir='ltr'>βραχέος</span> 
     </span>
    </p>
   </div>
   <div class='ocr_carea' id='block_1_18' title="bbox 249 1668 1834 1742">
    <p class='ocr_par' dir='ltr' id='par_1_18' title="bbox 249 1668 1834 1742">
     <span class='ocr_line' id='line_1_18' title="bbox 249 1668 1834 1742; baseline 0.001 -18"><span class='ocrx_word' id='word_1_112' title='bbox 249 1671 513 1741; x_wconf 75' lang='grc' dir='ltr'>Εἰρήνην.</span> <span class='ocrx_word' id='word_1_113' title='bbox 555 1669 653 1740; x_wconf 80' lang='grc' dir='ltr'>τὴν</span> <span class='ocrx_word' id='word_1_114' title='bbox 704 1668 869 1742; x_wconf 78' lang='grc' dir='ltr'>νόθην</span> <span class='ocrx_word' id='word_1_115' title='bbox 898 1671 993 1737; x_wconf 74' lang='grc' dir='ltr'>τρῦ</span> <span class='ocrx_word' id='word_1_116' title='bbox 1028 1670 1294 1742; x_wconf 83' lang='grc' dir='ltr'>βασιλέως</span> <span class='ocrx_word' id='word_1_117' title='bbox 1337 1670 1683 1741; x_wconf 70' lang='grc' dir='ltr'>Ἀνδρονίκου</span> <span class='ocrx_word' id='word_1_118' title='bbox 1738 1674 1834 1727; x_wconf 88' lang='grc' dir='ltr'>θυ-</span> 
     </span>
    </p>
   </div>
   <div class='ocr_carea' id='block_1_19' title="bbox 249 1762 1832 1834">
    <p class='ocr_par' dir='ltr' id='par_1_19' title="bbox 249 1762 1832 1834">
     <span class='ocr_line' id='line_1_19' title="bbox 249 1762 1832 1834; baseline 0.002 -18"><span class='ocrx_word' id='word_1_119' title='bbox 249 1762 459 1833; x_wconf 72' lang='grc' dir='ltr'>γατέρα</span> <span class='ocrx_word' id='word_1_120' title='bbox 479 1778 493 1792; x_wconf 76' lang='grc'><strong>⁸</strong></span> <span class='ocrx_word' id='word_1_121' title='bbox 526 1762 690 1816; x_wconf 86' lang='grc' dir='ltr'>παῖδα</span> <span class='ocrx_word' id='word_1_122' title='bbox 718 1763 776 1817; x_wconf 76' lang='grc' dir='ltr'>δὲ</span> <span class='ocrx_word' id='word_1_123' title='bbox 827 1764 945 1834; x_wconf 84' lang='grc' dir='ltr'>μετ’</span> <span class='ocrx_word' id='word_1_124' title='bbox 983 1763 1156 1833; x_wconf 85' lang='grc' dir='ltr'>αὐτῆς</span> <span class='ocrx_word' id='word_1_125' title='bbox 1187 1762 1246 1816; x_wconf 85' lang='grc' dir='ltr'><strong>ού</strong></span> <span class='ocrx_word' id='word_1_126' title='bbox 1293 1764 1649 1833; x_wconf 80' lang='grc' dir='ltr'><strong>γεγέννηκεν,</strong></span> <span class='ocrx_word' id='word_1_127' title='bbox 1680 1763 1738 1828; x_wconf 82' lang='grc' dir='ltr'>ὃς</span> <span class='ocrx_word' id='word_1_128' title='bbox 1764 1765 1832 1820; x_wconf 79' lang='grc' dir='ltr'>ἂν</span> 
     </span>
    </p>
   </div>
   <div class='ocr_carea' id='block_1_20' title="bbox 249 1855 1831 1927">
    <p class='ocr_par' dir='ltr' id='par_1_20' title="bbox 249 1855 1831 1927">
     <span class='ocr_line' id='line_1_20' title="bbox 249 1855 1831 1927; baseline 0.003 -19"><span class='ocrx_word' id='word_1_129' title='bbox 249 1855 401 1927; x_wconf 81' lang='grc' dir='ltr'>αὐτῷ</span> <span class='ocrx_word' id='word_1_130' title='bbox 438 1855 536 1926; x_wconf 75' lang='grc' dir='ltr'>τῆς</span> <span class='ocrx_word' id='word_1_131' title='bbox 589 1856 761 1927; x_wconf 79' lang='grc' dir='ltr'>ἀρχῆς</span> <span class='ocrx_word' id='word_1_132' title='bbox 791 1859 1037 1927; x_wconf 84' lang='grc' dir='ltr'>καταστῇ</span> <span class='ocrx_word' id='word_1_133' title='bbox 1068 1856 1332 1927; x_wconf 85' lang='grc' dir='ltr'>διάδοχος.</span> <span class='ocrx_word' id='word_1_134' title='bbox 1378 1858 1489 1911; x_wconf 80' lang='grc' dir='ltr'><strong>Καὶ</strong></span> <span class='ocrx_word' id='word_1_135' title='bbox 1517 1857 1606 1911; x_wconf 80' lang='grc' dir='ltr'><strong>διὰ</strong></span> <span class='ocrx_word' id='word_1_136' title='bbox 1653 1857 1831 1912; x_wconf 81' lang='grc' dir='ltr'>ταῦτα</span> 
     </span>
    </p>
   </div>
   <div class='ocr_carea' id='block_1_21' title="bbox 252 1941 1832 2021">
    <p class='ocr_par' dir='ltr' id='par_1_21' title="bbox 252 1941 1832 2021">
     <span class='ocr_line' id='line_1_21' title="bbox 252 1941 1832 2021; baseline 0.001 -21"><span class='ocrx_word' id='word_1_137' title='bbox 252 1948 592 2018; x_wconf 77' lang='grc' dir='ltr'>πλημμελῶς</span> <span class='ocrx_word' id='word_1_138' title='bbox 615 1949 677 2002; x_wconf 75' lang='grc' dir='ltr'>τὸ</span> <span class='ocrx_word' id='word_1_139' title='bbox 700 1951 795 2002; x_wconf 77' lang='grc' dir='ltr'><strong>ἐπὶ</strong></span> <span class='ocrx_word' id='word_1_140' title='bbox 831 1948 924 2004; x_wconf 83' lang='grc' dir='ltr'>τοῦ</span> <span class='ocrx_word' id='word_1_141' title='bbox 956 1941 1230 2021; x_wconf 68' lang='grc' dir='ltr'>παρόντος</span> <span class='ocrx_word' id='word_1_142' title='bbox 1262 1950 1331 2004; x_wconf 90' lang='grc' dir='ltr'><strong>τά</strong></span> <span class='ocrx_word' id='word_1_143' title='bbox 1357 1950 1539 2002; x_wconf 80' lang='grc' dir='ltr'><strong>ἐκεῖσε</strong></span> <span class='ocrx_word' id='word_1_144' title='bbox 1567 1950 1832 2020; x_wconf 78' lang='grc' dir='ltr'>ἐφέροντο</span> 
     </span>
    </p>
   </div>
   <div class='ocr_carea' id='block_1_22' title="bbox 255 2041 1832 2112">
    <p class='ocr_par' dir='ltr' id='par_1_22' title="bbox 255 2041 1832 2112">
     <span class='ocr_line' id='line_1_22' title="bbox 255 2041 1832 2112; baseline 0.001 -18"><span class='ocrx_word' id='word_1_145' title='bbox 255 2041 578 2112; x_wconf 79' lang='grc' dir='ltr'>πράγματα.</span> <span class='ocrx_word' id='word_1_146' title='bbox 614 2041 933 2097; x_wconf 80' lang='grc' dir='ltr'>Πλείοναδὲ</span> <span class='ocrx_word' id='word_1_147' title='bbox 957 2043 1052 2096; x_wconf 80' lang='grc' dir='ltr'>καὶ</span> <span class='ocrx_word' id='word_1_148' title='bbox 1079 2042 1180 2111; x_wconf 78' lang='grc' dir='ltr'>τὴν</span> <span class='ocrx_word' id='word_1_149' title='bbox 1205 2045 1285 2105; x_wconf 81' lang='grc' dir='ltr'><strong>εις</strong></span> <span class='ocrx_word' id='word_1_150' title='bbox 1310 2042 1374 2095; x_wconf 76' lang='grc' dir='ltr'><strong>τὸ</strong></span> <span class='ocrx_word' id='word_1_151' title='bbox 1412 2043 1608 2096; x_wconf 68' lang='grc' dir='ltr'>ἔπειτα</span> <span class='ocrx_word' id='word_1_152' title='bbox 1637 2041 1832 2096; x_wconf 82' lang='grc' dir='ltr'>ὥδινον</span> 
     </span>
    </p>
   </div>
   <div class='ocr_carea' id='block_1_23' title="bbox 250 2134 1834 2207">
    <p class='ocr_par' dir='ltr' id='par_1_23' title="bbox 250 2134 1834 2207">
     <span class='ocr_line' id='line_1_23' title="bbox 250 2134 1834 2207; baseline -0.001 -19"><span class='ocrx_word' id='word_1_153' title='bbox 250 2135 499 2205; x_wconf 77' lang='grc' dir='ltr'>ταραχήν</span> <span class='ocrx_word' id='word_1_154' title='bbox 535 2151 596 2188; x_wconf 81' lang='grc' dir='ltr'><strong>τε</strong></span> <span class='ocrx_word' id='word_1_155' title='bbox 628 2134 724 2189; x_wconf 78' lang='grc' dir='ltr'>καὶ</span> <span class='ocrx_word' id='word_1_156' title='bbox 776 2134 969 2190; x_wconf 82' lang='grc' dir='ltr'><strong>στάσιν</strong></span> <span class='ocrx_word' id='word_1_157' title='bbox 1001 2136 1163 2189; x_wconf 74' lang='grc' dir='ltr'>ἕνεκα</span> <span class='ocrx_word' id='word_1_158' title='bbox 1197 2136 1298 2205; x_wconf 79' lang='grc' dir='ltr'>τῆς</span> <span class='ocrx_word' id='word_1_159' title='bbox 1344 2136 1548 2207; x_wconf 84' lang='grc' dir='ltr'>ἀρχῆς,</span> <span class='ocrx_word' id='word_1_160' title='bbox 1602 2135 1834 2206; x_wconf 77' lang='grc' dir='ltr'>ἀδηλίας</span> 
     </span>
    </p>
   </div>
   <div class='ocr_carea' id='block_1_24' title="bbox 251 2225 1831 2300">
    <p class='ocr_par' dir='ltr' id='par_1_24' title="bbox 251 2225 1831 2300">
     <span class='ocr_line' id='line_1_24' title="bbox 251 2225 1831 2300; baseline 0.002 -20"><span class='ocrx_word' id='word_1_161' title='bbox 251 2227 337 2281; x_wconf 70' lang='grc' dir='ltr'>ἔτι</span> <span class='ocrx_word' id='word_1_162' title='bbox 372 2226 793 2299; x_wconf 83' lang='grc' dir='ltr'>κεκαλυμμένου</span> <span class='ocrx_word' id='word_1_163' title='bbox 825 2226 1008 2297; x_wconf 78' lang='grc' dir='ltr'>βυθοῖς</span> <span class='ocrx_word' id='word_1_164' title='bbox 1042 2225 1144 2282; x_wconf 88' lang='grc' dir='ltr'>τοῢ</span> <span class='ocrx_word' id='word_1_165' title='bbox 1183 2228 1393 2299; x_wconf 83' lang='grc' dir='ltr'>ταύτην</span> <span class='ocrx_word' id='word_1_166' title='bbox 1426 2228 1831 2300; x_wconf 71' lang='grc' dir='ltr'>διαδεξομένου.</span> 
     </span>
    </p>
   </div>
   <div class='ocr_carea' id='block_1_25' title="bbox 256 2319 1833 2394">
    <p class='ocr_par' dir='ltr' id='par_1_25' title="bbox 256 2319 1833 2394">
     <span class='ocr_line' id='line_1_25' title="bbox 256 2319 1833 2394; baseline 0.002 -21"><span class='ocrx_word' id='word_1_167' title='bbox 256 2321 371 2374; x_wconf 53' lang='grc' dir='ltr'><strong>Καὶ</strong></span> <span class='ocrx_word' id='word_1_168' title='bbox 406 2319 502 2389; x_wconf 78' lang='grc' dir='ltr'>μὲν</span> <span class='ocrx_word' id='word_1_169' title='bbox 524 2321 584 2390; x_wconf 78' lang='grc' dir='ltr'>δὴ</span> <span class='ocrx_word' id='word_1_170' title='bbox 609 2321 704 2374; x_wconf 84' lang='grc' dir='ltr'>τοῦ</span> <span class='ocrx_word' id='word_1_171' title='bbox 731 2338 790 2375; x_wconf 90' lang='grc' dir='ltr'><strong>τε</strong></span> <span class='ocrx_word' id='word_1_172' title='bbox 816 2321 1088 2393; x_wconf 70' lang='grc' dir='ltr'>ἡγεμόνος</span> <span class='ocrx_word' id='word_1_173' title='bbox 1114 2322 1214 2390; x_wconf 85' lang='grc' dir='ltr'>τῆς</span> <span class='ocrx_word' id='word_1_174' title='bbox 1240 2322 1426 2392; x_wconf 87' lang='grc' dir='ltr'>χώρας</span> <span class='ocrx_word' id='word_1_175' title='bbox 1456 2322 1663 2394; x_wconf 76' lang='grc' dir='ltr'>ἐσχάτῃ</span> <span class='ocrx_word' id='word_1_176' title='bbox 1690 2323 1833 2394; x_wconf 82' lang='grc' dir='ltr'>νόσῳ</span> 
     </span>
    </p>
   </div>
   <div class='ocr_carea' id='block_1_26' title="bbox 258 2411 1838 2484">
    <p class='ocr_par' dir='ltr' id='par_1_26' title="bbox 258 2411 1838 2484">
     <span class='ocr_line' id='line_1_26' title="bbox 258 2411 1838 2484; baseline 0.001 -19"><span class='ocrx_word' id='word_1_177' title='bbox 258 2411 603 2481; x_wconf 77' lang='grc' dir='ltr'>πιεζομένου,</span> <span class='ocrx_word' id='word_1_178' title='bbox 637 2413 732 2465; x_wconf 77' lang='grc' dir='ltr'>καὶ</span> <span class='ocrx_word' id='word_1_179' title='bbox 760 2414 871 2466; x_wconf 82' lang='grc' dir='ltr'><strong>τῶν</strong></span> <span class='ocrx_word' id='word_1_180' title='bbox 916 2412 1194 2483; x_wconf 85' lang='grc' dir='ltr'>πολεμίων</span> <span class='ocrx_word' id='word_1_181' title='bbox 1221 2412 1380 2484; x_wconf 85' lang='grc' dir='ltr'>δίκην</span> <span class='ocrx_word' id='word_1_182' title='bbox 1413 2414 1612 2484; x_wconf 80' lang='grc' dir='ltr'>φλογὸς</span> <span class='ocrx_word' id='word_1_183' title='bbox 1652 2413 1838 2467; x_wconf 68' lang='grc' dir='ltr'>ἐπιόν-</span> 
     </span>
    </p>
   </div>
   <div class='ocr_carea' id='block_1_27' title="bbox 248 2504 1839 2578">
    <p class='ocr_par' dir='ltr' id='par_1_27' title="bbox 248 2504 1839 2578">
     <span class='ocr_line' id='line_1_27' title="bbox 248 2504 1839 2578; baseline 0.002 -22"><span class='ocrx_word' id='word_1_184' title='bbox 248 2521 367 2558; x_wconf 86' lang='grc' dir='ltr'>των</span> <span class='ocrx_word' id='word_1_185' title='bbox 408 2506 502 2558; x_wconf 72' lang='lat' dir='ltr'><strong>ttat</strong></span> <span class='ocrx_word' id='word_1_186' title='bbox 533 2504 845 2576; x_wconf 81' lang='grc' dir='ltr'>νεμομένων</span> <span class='ocrx_word' id='word_1_187' title='bbox 874 2506 974 2577; x_wconf 75' lang='grc' dir='ltr'>τὴν</span> <span class='ocrx_word' id='word_1_188' title='bbox 1002 2505 1214 2576; x_wconf 84' lang='grc' dir='ltr'>χώραν,</span> <span class='ocrx_word' id='word_1_189' title='bbox 1247 2505 1393 2572; x_wconf 75' lang='grc' dir='ltr'>ἔδοξε</span> <span class='ocrx_word' id='word_1_190' title='bbox 1439 2508 1506 2578; x_wconf 77' lang='grc' dir='ltr'><strong>τῇ</strong></span> <span class='ocrx_word' id='word_1_191' title='bbox 1551 2505 1662 2560; x_wconf 87' lang='grc' dir='ltr'><strong>τῶν</strong></span> <span class='ocrx_word' id='word_1_192' title='bbox 1701 2523 1839 2578; x_wconf 86' lang='grc' dir='ltr'>προ-</span> 
     </span>
    </p>
   </div>
   <div class='ocr_carea' id='block_1_28' title="bbox 161 2597 1838 2672">
    <p class='ocr_par' dir='ltr' id='par_1_28' title="bbox 161 2597 1838 2672">
     <span class='ocr_line' id='line_1_28' title="bbox 161 2597 1838 2672; baseline 0.002 -22"><span class='ocrx_word' id='word_1_193' title='bbox 161 2665 165 2668; x_wconf 17' lang='grc' dir='ltr'>ν</span> <span class='ocrx_word' id='word_1_194' title='bbox 248 2599 491 2670; x_wconf 75' lang='grc' dir='ltr'>εχόντων</span> <span class='ocrx_word' id='word_1_195' title='bbox 523 2600 638 2652; x_wconf 76' lang='grc' dir='ltr'>ἐκεῖ</span> <span class='ocrx_word' id='word_1_196' title='bbox 665 2599 808 2653; x_wconf 85' lang='grc' dir='ltr'><strong>κατά</strong></span> <span class='ocrx_word' id='word_1_197' title='bbox 840 2599 996 2666; x_wconf 85' lang='grc' dir='ltr'>γένος</span> <span class='ocrx_word' id='word_1_198' title='bbox 1025 2597 1215 2670; x_wconf 79' lang='grc' dir='ltr'>βουλῇ,</span> <span class='ocrx_word' id='word_1_199' title='bbox 1239 2601 1490 2670; x_wconf 79' lang='grc' dir='ltr'>χρήμασι</span> <span class='ocrx_word' id='word_1_200' title='bbox 1528 2600 1838 2672; x_wconf 71' lang='grc' dir='ltr'>περιελθεῖν</span> 
     </span>
    </p>
   </div>
   <div class='ocr_carea' id='block_1_29' title="bbox 238 2689 1831 2765">
    <p class='ocr_par' dir='ltr' id='par_1_29' title="bbox 238 2689 1831 2765">
     <span class='ocr_line' id='line_1_29' title="bbox 238 2689 1831 2765; baseline -0.002 -18"><span class='ocrx_word' id='word_1_201' title='bbox 238 2689 372 2752; x_wconf 69' lang='grc' dir='ltr'>τοὺς</span> <span class='ocrx_word' id='word_1_202' title='bbox 402 2689 698 2760; x_wconf 85' lang='grc' dir='ltr'>πολεμίους</span> <span class='ocrx_word' id='word_1_203' title='bbox 743 2693 840 2746; x_wconf 78' lang='grc' dir='ltr'>καὶ</span> <span class='ocrx_word' id='word_1_204' title='bbox 867 2691 1090 2761; x_wconf 83' lang='grc' dir='ltr'>δωρεῶν</span> <span class='ocrx_word' id='word_1_205' title='bbox 1122 2690 1439 2762; x_wconf 77' lang='grc' dir='ltr'>ἀδροτέρων</span> <span class='ocrx_word' id='word_1_206' title='bbox 1469 2689 1631 2745; x_wconf 86' lang='grc' dir='ltr'>ῶνιον</span> <span class='ocrx_word' id='word_1_207' title='bbox 1665 2694 1831 2765; x_wconf 80' lang='grc' dir='ltr'>ἐσχη-</span> 
     </span>
    </p>
   </div>
   <div class='ocr_carea' id='block_1_30' title="bbox 243 2782 1832 2855">
    <p class='ocr_par' dir='ltr' id='par_1_30' title="bbox 243 2782 1832 2855">
     <span class='ocr_line' id='line_1_30' title="bbox 243 2782 1832 2855; baseline 0.001 -19"><span class='ocrx_word' id='word_1_208' title='bbox 243 2782 410 2836; x_wconf 72' lang='grc' dir='ltr'>κέναι</span> <span class='ocrx_word' id='word_1_209' title='bbox 448 2783 551 2854; x_wconf 85' lang='grc' dir='ltr'>τὴν</span> <span class='ocrx_word' id='word_1_210' title='bbox 578 2782 805 2854; x_wconf 80' lang='grc' dir='ltr'>γνώμην</span> <span class='ocrx_word' id='word_1_211' title='bbox 838 2784 949 2837; x_wconf 88' lang='grc' dir='ltr'><strong>τῶν</strong></span> <span class='ocrx_word' id='word_1_212' title='bbox 983 2785 1083 2853; x_wconf 82' lang='grc' dir='ltr'>ήγε</span> <span class='ocrx_word' id='word_1_213' title='bbox 1095 2784 1300 2855; x_wconf 83' lang='grc' dir='ltr'>μόνων,</span> <span class='ocrx_word' id='word_1_214' title='bbox 1342 2783 1474 2854; x_wconf 73' lang='grc' dir='ltr'>πρὶν</span> <span class='ocrx_word' id='word_1_215' title='bbox 1522 2784 1698 2840; x_wconf 82' lang='grc' dir='ltr'>ταῦτα</span> <span class='ocrx_word' id='word_1_216' title='bbox 1731 2787 1832 2838; x_wconf 77' lang='grc' dir='ltr'><strong>αὖ-</strong></span> 
     </span>
    </p>
   </div>
   <div class='ocr_carea' id='block_1_31' title="bbox 242 2875 1831 2948">
    <p class='ocr_par' dir='ltr' id='par_1_31' title="bbox 242 2875 1831 2948">
     <span class='ocr_line' id='line_1_31' title="bbox 242 2875 1831 2948; baseline 0.003 -21"><span class='ocrx_word' id='word_1_217' title='bbox 242 2875 376 2937; x_wconf 82' lang='grc' dir='ltr'>τοὺς</span> <span class='ocrx_word' id='word_1_218' title='bbox 409 2875 634 2945; x_wconf 81' lang='grc' dir='ltr'>ἀφελεῖν</span> <span class='ocrx_word' id='word_1_219' title='bbox 662 2876 900 2948; x_wconf 70' lang='grc' dir='ltr'>πολεμία</span> <span class='ocrx_word' id='word_1_220' title='bbox 935 2878 1101 2947; x_wconf 74' lang='grc' dir='ltr'>χειρὶ,</span> <span class='ocrx_word' id='word_1_221' title='bbox 1139 2876 1335 2931; x_wconf 85' lang='grc' dir='ltr'>δώσειν</span> <span class='ocrx_word' id='word_1_222' title='bbox 1379 2896 1438 2932; x_wconf 89' lang='grc' dir='ltr'><strong>τε</strong></span> <span class='ocrx_word' id='word_1_223' title='bbox 1490 2878 1831 2948; x_wconf 78' lang='grc' dir='ltr'>ὑποσχέσθαι</span> 
     </span>
    </p>
   </div>
   <div class='ocr_carea' id='block_1_32' title="bbox 243 2952 1833 3042">
    <p class='ocr_par' dir='ltr' id='par_1_32' title="bbox 243 2967 1833 3042">
     <span class='ocr_line' id='line_1_32' title="bbox 243 2967 1833 3042; baseline 0.004 -23"><span class='ocrx_word' id='word_1_224' title='bbox 243 2967 510 3038; x_wconf 77' lang='grc' dir='ltr'>πομποὺς</span> <span class='ocrx_word' id='word_1_225' title='bbox 539 2968 665 3031; x_wconf 73' lang='grc' dir='ltr'>τοὺς</span> <span class='ocrx_word' id='word_1_226' title='bbox 698 2969 1009 3034; x_wconf 82' lang='grc' dir='ltr'>ἀπάξοντας</span> <span class='ocrx_word' id='word_1_227' title='bbox 1041 2970 1137 3024; x_wconf 81' lang='grc' dir='ltr'>ἐπί</span> <span class='ocrx_word' id='word_1_228' title='bbox 1175 2988 1233 3025; x_wconf 88' lang='grc' dir='ltr'><strong>τε</strong></span> <span class='ocrx_word' id='word_1_229' title='bbox 1274 2973 1502 3042; x_wconf 79' lang='grc' dir='ltr'>Ἀχαΐαν</span> <span class='ocrx_word' id='word_1_230' title='bbox 1533 2974 1629 3027; x_wconf 75' lang='grc' dir='ltr'>καὶ</span> <span class='ocrx_word' id='word_1_231' title='bbox 1664 2974 1833 3025; x_wconf 88' lang='grc' dir='ltr'>Βοιω-</span> 
     </span>
    </p>
   </div>
   <div class='ocr_carea' id='block_1_33' title="bbox 236 3060 1832 3136">
    <p class='ocr_par' dir='ltr' id='par_1_33' title="bbox 236 3060 1832 3136">
     <span class='ocr_line' id='line_1_33' title="bbox 236 3060 1832 3136; baseline 0.009 -25"><span class='ocrx_word' id='word_1_232' title='bbox 236 3064 392 3128; x_wconf 77' lang='grc' dir='ltr'>τίαν,</span> <span class='ocrx_word' id='word_1_233' title='bbox 456 3060 645 3131; x_wconf 86' lang='grc' dir='ltr'>χώραν</span> <span class='ocrx_word' id='word_1_234' title='bbox 677 3061 850 3132; x_wconf 74' lang='grc' dir='ltr'>ἁδράν</span> <span class='ocrx_word' id='word_1_235' title='bbox 900 3079 959 3116; x_wconf 87' lang='grc' dir='ltr'><strong>τε</strong></span> <span class='ocrx_word' id='word_1_236' title='bbox 1010 3065 1104 3117; x_wconf 77' lang='grc' dir='ltr'>καὶ</span> <span class='ocrx_word' id='word_1_237' title='bbox 1155 3061 1439 3136; x_wconf 77' lang='grc' dir='ltr'>εὔκαρπον</span> <span class='ocrx_word' id='word_1_238' title='bbox 1490 3068 1586 3120; x_wconf 66' lang='grc' dir='ltr'><strong>καὶ</strong></span> <span class='ocrx_word' id='word_1_239' title='bbox 1628 3065 1832 3127; x_wconf 66' lang='grc' dir='ltr'>πολλὰς</span> 
     </span>
    </p>
   </div>
   <div class='ocr_carea' id='block_1_34' title="bbox 1933 652 3523 721">
    <p class='ocr_par' dir='ltr' id='par_1_34' title="bbox 1933 652 3523 721">
     <span class='ocr_line' id='line_1_34' title="bbox 1933 652 3523 721; baseline -0.004 -14"><span class='ocrx_word' id='word_1_240' title='bbox 1933 652 2191 707; x_wconf 87' lang='lat' dir='ltr'><strong>omnilms</strong></span> <span class='ocrx_word' id='word_1_241' title='bbox 2222 653 2289 708; x_wconf 91' lang='lat' dir='ltr'><strong>iis</strong></span> <span class='ocrx_word' id='word_1_242' title='bbox 2316 667 2439 721; x_wconf 80' lang='lat' dir='ltr'><strong>quae</strong></span> <span class='ocrx_word' id='word_1_243' title='bbox 2473 661 2628 706; x_wconf 64' lang='lat' dir='ltr'><strong>extra</strong></span> <span class='ocrx_word' id='word_1_244' title='bbox 2671 652 2874 707; x_wconf 79' lang='lat' dir='ltr'><strong>moenia</strong></span> <span class='ocrx_word' id='word_1_245' title='bbox 2908 663 3070 707; x_wconf 88' lang='lat' dir='ltr'><strong>erant</strong></span> <span class='ocrx_word' id='word_1_246' title='bbox 3099 652 3401 716; x_wconf 72' lang='lat' dir='ltr'><strong>vastandis,</strong></span> <span class='ocrx_word' id='word_1_247' title='bbox 3433 666 3523 704; x_wconf 77' lang='lat' dir='ltr'><strong>re-</strong></span> 
     </span>
    </p>
   </div>
   <div class='ocr_carea' id='block_1_35' title="bbox 1933 745 3526 802">
    <p class='ocr_par' dir='ltr' id='par_1_35' title="bbox 1933 745 3526 802">
     <span class='ocr_line' id='line_1_35' title="bbox 1933 745 3526 802; baseline -0.002 0"><span class='ocrx_word' id='word_1_248' title='bbox 1933 746 2164 802; x_wconf 87' lang='lat' dir='ltr'><strong>sistente</strong></span> <span class='ocrx_word' id='word_1_249' title='bbox 2195 745 2440 800; x_wconf 82' lang='lat' dir='ltr'><strong>nemine.</strong></span> <span class='ocrx_word' id='word_1_250' title='bbox 2469 745 2624 799; x_wconf 85' lang='lat' dir='ltr'><strong>Tunc</strong></span> <span class='ocrx_word' id='word_1_251' title='bbox 2656 746 2805 800; x_wconf 90' lang='lat' dir='ltr'><strong>enim</strong></span> <span class='ocrx_word' id='word_1_252' title='bbox 2838 762 2926 800; x_wconf 84' lang='lat' dir='ltr'><strong>res</strong></span> <span class='ocrx_word' id='word_1_253' title='bbox 2954 746 3344 802; x_wconf 81' lang='lat' dir='ltr'><strong>Thessalorum</strong></span> <span class='ocrx_word' id='word_1_254' title='bbox 3372 746 3526 801; x_wconf 83' lang='lat' dir='ltr'><strong>intir-</strong></span> 
     </span>
    </p>
   </div>
   <div class='ocr_carea' id='block_1_36' title="bbox 1933 837 3524 909">
    <p class='ocr_par' dir='ltr' id='par_1_36' title="bbox 1933 837 3524 909">
     <span class='ocr_line' id='line_1_36' title="bbox 1933 837 3524 909; baseline 0.001 -17"><span class='ocrx_word' id='word_1_255' title='bbox 1933 853 2036 892; x_wconf 80' lang='lat' dir='ltr'><strong>inae</strong></span> <span class='ocrx_word' id='word_1_256' title='bbox 2066 847 2220 893; x_wconf 90' lang='lat' dir='ltr'><strong>erant</strong></span> <span class='ocrx_word' id='word_1_257' title='bbox 2250 837 2322 893; x_wconf 89' lang='lat' dir='ltr'><strong>ob</strong></span> <span class='ocrx_word' id='word_1_258' title='bbox 2371 837 2717 892; x_wconf 75' lang='lat' dir='ltr'><strong>immaturam</strong></span> <span class='ocrx_word' id='word_1_259' title='bbox 2763 838 3027 909; x_wconf 77' lang='lat' dir='ltr'><strong>principis</strong></span> <span class='ocrx_word' id='word_1_260' title='bbox 3081 850 3322 907; x_wconf 75' lang='lat' dir='ltr'><strong>:etatem,</strong></span> <span class='ocrx_word' id='word_1_261' title='bbox 3371 842 3524 895; x_wconf 89' lang='lat' dir='ltr'><strong>nullo</strong></span> 
     </span>
    </p>
   </div>
   <div class='ocr_carea' id='block_1_37' title="bbox 1934 931 3525 1003">
    <p class='ocr_par' dir='ltr' id='par_1_37' title="bbox 1934 931 3525 1003">
     <span class='ocr_line' id='line_1_37' title="bbox 1934 931 3525 1003; baseline 0.003 -19"><span class='ocrx_word' id='word_1_262' title='bbox 1934 931 2258 999; x_wconf 62' lang='lat' dir='ltr'><strong>magnarum</strong></span> <span class='ocrx_word' id='word_1_263' title='bbox 2313 946 2497 985; x_wconf 88' lang='lat' dir='ltr'><strong>rerum</strong></span> <span class='ocrx_word' id='word_1_264' title='bbox 2555 931 2920 1003; x_wconf 81' lang='lat' dir='ltr'><strong>gerendarum</strong></span> <span class='ocrx_word' id='word_1_265' title='bbox 2966 947 3065 993; x_wconf 86' lang='lat' dir='ltr'><strong>usu</strong></span> <span class='ocrx_word' id='word_1_266' title='bbox 3132 933 3416 998; x_wconf 75' lang='lat' dir='ltr'><strong>instructi,</strong></span> <span class='ocrx_word' id='word_1_267' title='bbox 3459 951 3525 989; x_wconf 85' lang='lat' dir='ltr'><strong>ac</strong></span> 
     </span>
    </p>
   </div>
   <div class='ocr_carea' id='block_1_38' title="bbox 1933 1022 3529 1094">
    <p class='ocr_par' dir='ltr' id='par_1_38' title="bbox 1933 1022 3529 1094">
     <span class='ocr_line' id='line_1_38' title="bbox 1933 1022 3529 1094; baseline 0.004 -20"><span class='ocrx_word' id='word_1_268' title='bbox 1933 1031 2198 1092; x_wconf 84' lang='lat' dir='ltr'><strong>praetcrea</strong></span> <span class='ocrx_word' id='word_1_269' title='bbox 2221 1022 2486 1077; x_wconf 89' lang='lat' dir='ltr'><strong>diuturno</strong></span> <span class='ocrx_word' id='word_1_270' title='bbox 2519 1023 2714 1078; x_wconf 88' lang='lat' dir='ltr'><strong>morbo</strong></span> <span class='ocrx_word' id='word_1_271' title='bbox 2745 1023 3048 1079; x_wconf 81' lang='lat' dir='ltr'><strong>conﬂictati</strong></span> <span class='ocrx_word' id='word_1_272' title='bbox 3082 1035 3138 1079; x_wconf 89' lang='lat' dir='ltr'><strong>et</strong></span> <span class='ocrx_word' id='word_1_273' title='bbox 3159 1024 3383 1094; x_wconf 87' lang='lat' dir='ltr'><strong>jamjam</strong></span> <span class='ocrx_word' id='word_1_274' title='bbox 3414 1042 3529 1080; x_wconf 86' lang='lat' dir='ltr'><strong>mo-</strong></span> 
     </span>
    </p>
   </div>
   <div class='ocr_carea' id='block_1_39' title="bbox 1937 1098 3529 1187">
    <p class='ocr_par' dir='ltr' id='par_1_39' title="bbox 1937 1098 3529 1187">
     <span class='ocr_line' id='line_1_39' title="bbox 1937 1098 3529 1187; baseline 0.004 -23"><span class='ocrx_word' id='word_1_275' title='bbox 1937 1111 2117 1174; x_wconf 88' lang='lat' dir='ltr'><strong>rituri.</strong></span> <span class='ocrx_word' id='word_1_276' title='bbox 2154 1127 2339 1166; x_wconf 85' lang='lat' dir='ltr'><strong>secum</strong></span> <span class='ocrx_word' id='word_1_277' title='bbox 2374 1098 2557 1187; x_wconf 60' lang='lat' dir='ltr'><strong>autem</strong></span> <span class='ocrx_word' id='word_1_278' title='bbox 2603 1110 2974 1183; x_wconf 73' lang='lat' dir='ltr'><strong>principatum</strong></span> <span class='ocrx_word' id='word_1_279' title='bbox 3010 1130 3037 1167; x_wconf 93' lang='lat' dir='ltr'><strong>a</strong></span> <span class='ocrx_word' id='word_1_280' title='bbox 3081 1114 3385 1182; x_wconf 81' lang='lat' dir='ltr'><strong>majoribus</strong></span> <span class='ocrx_word' id='word_1_281' title='bbox 3408 1128 3529 1171; x_wconf 80' lang='lat' dir='ltr'><strong>su‘s</strong></span> 
     </span>
    </p>
   </div>
   <div class='ocr_carea' id='block_1_40' title="bbox 1933 1203 3523 1276">
    <p class='ocr_par' dir='ltr' id='par_1_40' title="bbox 1933 1203 3523 1276">
     <span class='ocr_line' id='line_1_40' title="bbox 1933 1203 3523 1276; baseline 0.002 -18"><span class='ocrx_word' id='word_1_282' title='bbox 1933 1203 2466 1260; x_wconf 87' lang='lat' dir='ltr'><strong>sebastocratoribus</strong></span> <span class='ocrx_word' id='word_1_283' title='bbox 2497 1214 2764 1276; x_wconf 87' lang='lat' dir='ltr'><strong>perpetua</strong></span> <span class='ocrx_word' id='word_1_284' title='bbox 2789 1207 3144 1261; x_wconf 81' lang='lat' dir='ltr'><strong>successione</strong></span> <span class='ocrx_word' id='word_1_285' title='bbox 3162 1207 3229 1261; x_wconf 89' lang='lat' dir='ltr'><strong>ad</strong></span> <span class='ocrx_word' id='word_1_286' title='bbox 3257 1222 3317 1261; x_wconf 92' lang='lat' dir='ltr'><strong>se</strong></span> <span class='ocrx_word' id='word_1_287' title='bbox 3351 1223 3523 1276; x_wconf 87' lang='lat' dir='ltr'><strong>usque</strong></span> 
     </span>
    </p>
   </div>
   <div class='ocr_carea' id='block_1_41' title="bbox 1934 1298 3528 1370">
    <p class='ocr_par' dir='ltr' id='par_1_41' title="bbox 1934 1298 3528 1370">
     <span class='ocr_line' id='line_1_41' title="bbox 1934 1298 3528 1370; baseline 0.003 -20"><span class='ocrx_word' id='word_1_288' title='bbox 1934 1298 2318 1354; x_wconf 86' lang='lat' dir='ltr'><strong>transmissum</strong></span> <span class='ocrx_word' id='word_1_289' title='bbox 2358 1299 2720 1353; x_wconf 77' lang='lat' dir='ltr'><strong>exstincturi.</strong></span> <span class='ocrx_word' id='word_1_290' title='bbox 2770 1298 3002 1354; x_wconf 78' lang='lat' dir='ltr'><strong>Uxorem</strong></span> <span class='ocrx_word' id='word_1_291' title='bbox 3048 1299 3138 1353; x_wconf 87' lang='lat' dir='ltr'><strong>hic</strong></span> <span class='ocrx_word' id='word_1_292' title='bbox 3190 1300 3354 1370; x_wconf 89' lang='lat' dir='ltr'><strong>paulo</strong></span> <span class='ocrx_word' id='word_1_293' title='bbox 3397 1308 3528 1354; x_wconf 85' lang='lat' dir='ltr'><strong>ante</strong></span> 
     </span>
    </p>
   </div>
   <div class='ocr_carea' id='block_1_42' title="bbox 1934 1390 3527 1463">
    <p class='ocr_par' dir='ltr' id='par_1_42' title="bbox 1934 1390 3527 1463">
     <span class='ocr_line' id='line_1_42' title="bbox 1934 1390 3527 1463; baseline 0.003 -20"><span class='ocrx_word' id='word_1_294' title='bbox 1934 1390 2166 1446; x_wconf 79' lang='lat' dir='ltr'><strong>duxerat</strong></span> <span class='ocrx_word' id='word_1_295' title='bbox 2243 1390 2481 1457; x_wconf 87' lang='lat' dir='ltr'><strong>lrencn,</strong></span> <span class='ocrx_word' id='word_1_296' title='bbox 2534 1393 2761 1447; x_wconf 88' lang='lat' dir='ltr'><strong>notham</strong></span> <span class='ocrx_word' id='word_1_297' title='bbox 2819 1391 3169 1463; x_wconf 77' lang='lat' dir='ltr'><strong>imperatoris</strong></span> <span class='ocrx_word' id='word_1_298' title='bbox 3226 1392 3527 1448; x_wconf 85' lang='lat' dir='ltr'><strong>Andronici</strong></span> 
     </span>
    </p>
   </div>
   <div class='ocr_carea' id='block_1_43' title="bbox 1937 1482 3527 1555">
    <p class='ocr_par' dir='ltr' id='par_1_43' title="bbox 1937 1482 3527 1555">
     <span class='ocr_line' id='line_1_43' title="bbox 1937 1482 3527 1555; baseline 0.003 -20"><span class='ocrx_word' id='word_1_299' title='bbox 1937 1482 2100 1537; x_wconf 86' lang='lat' dir='ltr'><strong>tiliam</strong></span> <span class='ocrx_word' id='word_1_300' title='bbox 2130 1502 2142 1535; x_wconf 87' lang='lat'><strong>:</strong></span> <span class='ocrx_word' id='word_1_301' title='bbox 2170 1493 2337 1553; x_wconf 87' lang='lat' dir='ltr'><strong>atque</strong></span> <span class='ocrx_word' id='word_1_302' title='bbox 2376 1500 2442 1540; x_wconf 77' lang='lat' dir='ltr'><strong>ex</strong></span> <span class='ocrx_word' id='word_1_303' title='bbox 2467 1500 2530 1540; x_wconf 86' lang='lat' dir='ltr'><strong>ea</strong></span> <span class='ocrx_word' id='word_1_304' title='bbox 2568 1485 2773 1540; x_wconf 90' lang='lat' dir='ltr'><strong>nullam</strong></span> <span class='ocrx_word' id='word_1_305' title='bbox 2814 1485 3021 1555; x_wconf 85' lang='lat' dir='ltr'><strong>prolem</strong></span> <span class='ocrx_word' id='word_1_306' title='bbox 3056 1494 3399 1554; x_wconf 78' lang='lat' dir='ltr'><strong>susceperat,</strong></span> <span class='ocrx_word' id='word_1_307' title='bbox 3437 1485 3527 1539; x_wconf 90' lang='lat' dir='ltr'><strong>cui</strong></span> 
     </span>
    </p>
   </div>
   <div class='ocr_carea' id='block_1_44' title="bbox 1934 1573 3526 1644">
    <p class='ocr_par' dir='ltr' id='par_1_44' title="bbox 1934 1573 3526 1644">
     <span class='ocr_line' id='line_1_44' title="bbox 1934 1573 3526 1644; baseline 0.002 -18"><span class='ocrx_word' id='word_1_308' title='bbox 1934 1573 2271 1642; x_wconf 86' lang='lat' dir='ltr'><strong>relinqueret</strong></span> <span class='ocrx_word' id='word_1_309' title='bbox 2313 1576 2702 1644; x_wconf 85' lang='lat' dir='ltr'><strong>principatum.</strong></span> <span class='ocrx_word' id='word_1_310' title='bbox 2738 1574 2821 1631; x_wconf 88' lang='lat' dir='ltr'><strong>0b</strong></span> <span class='ocrx_word' id='word_1_311' title='bbox 2871 1576 2987 1630; x_wconf 65' lang='lat' dir='ltr'><strong>hanc</strong></span> <span class='ocrx_word' id='word_1_312' title='bbox 3034 1589 3220 1631; x_wconf 87' lang='lat' dir='ltr'><strong>rerum</strong></span> <span class='ocrx_word' id='word_1_313' title='bbox 3263 1585 3438 1630; x_wconf 85' lang='lat' dir='ltr'><strong>status</strong></span> <span class='ocrx_word' id='word_1_314' title='bbox 3474 1578 3526 1629; x_wconf 90' lang='lat' dir='ltr'><strong>in</strong></span> 
     </span>
    </p>
   </div>
   <div class='ocr_carea' id='block_1_45' title="bbox 1934 1667 3529 1738">
    <p class='ocr_par' dir='ltr' id='par_1_45' title="bbox 1934 1667 3529 1738">
     <span class='ocr_line' id='line_1_45' title="bbox 1934 1667 3529 1738; baseline 0.001 -16"><span class='ocrx_word' id='word_1_315' title='bbox 1934 1681 1998 1722; x_wconf 83' lang='lat' dir='ltr'><strong>ea</strong></span> <span class='ocrx_word' id='word_1_316' title='bbox 2023 1667 2303 1734; x_wconf 78' lang='lat' dir='ltr'><strong>provincia</strong></span> <span class='ocrx_word' id='word_1_317' title='bbox 2338 1677 2470 1722; x_wconf 89' lang='lat' dir='ltr'><strong>tunc</strong></span> <span class='ocrx_word' id='word_1_318' title='bbox 2502 1668 2767 1738; x_wconf 90' lang='lat' dir='ltr'><strong>temporis</strong></span> <span class='ocrx_word' id='word_1_319' title='bbox 2812 1669 3171 1737; x_wconf 82' lang='lat' dir='ltr'><strong>perturbatus</strong></span> <span class='ocrx_word' id='word_1_320' title='bbox 3198 1668 3440 1738; x_wconf 85' lang='lat' dir='ltr'><strong>majores</strong></span> <span class='ocrx_word' id='word_1_321' title='bbox 3472 1668 3529 1723; x_wconf 85' lang='lat' dir='ltr'><strong>in</strong></span> 
     </span>
    </p>
   </div>
   <div class='ocr_carea' id='block_1_46' title="bbox 1876 1760 3530 1849">
    <p class='ocr_par' dir='ltr' id='par_1_46' title="bbox 1876 1760 3530 1849">
     <span class='ocr_line' id='line_1_46' title="bbox 1876 1760 3530 1849; baseline 0.003 -36"><span class='ocrx_word' id='word_1_322' title='bbox 1876 1833 1897 1849; x_wconf 30' lang='grc' dir='ltr'><strong>χ</strong></span> <span class='ocrx_word' id='word_1_323' title='bbox 1934 1768 2215 1828; x_wconf 85' lang='lat' dir='ltr'><strong>posterum</strong></span> <span class='ocrx_word' id='word_1_324' title='bbox 2245 1760 2434 1814; x_wconf 86' lang='lat' dir='ltr'><strong>turbas</strong></span> <span class='ocrx_word' id='word_1_325' title='bbox 2472 1775 2539 1815; x_wconf 91' lang='lat' dir='ltr'><strong>ac</strong></span> <span class='ocrx_word' id='word_1_326' title='bbox 2578 1761 2955 1817; x_wconf 79' lang='lat' dir='ltr'><strong>dissensiones</strong></span> <span class='ocrx_word' id='word_1_327' title='bbox 2993 1760 3267 1830; x_wconf 86' lang='lat' dir='ltr'><strong>parturire</strong></span> <span class='ocrx_word' id='word_1_328' title='bbox 3304 1761 3530 1818; x_wconf 81' lang='lat' dir='ltr'><strong>videba-</strong></span> 
     </span>
    </p>
   </div>
   <div class='ocr_carea' id='block_1_47' title="bbox 1935 1853 3526 1925">
    <p class='ocr_par' dir='ltr' id='par_1_47' title="bbox 1935 1853 3526 1925">
     <span class='ocr_line' id='line_1_47' title="bbox 1935 1853 3526 1925; baseline 0.002 -19"><span class='ocrx_word' id='word_1_329' title='bbox 1935 1865 2050 1915; x_wconf 85' lang='lat' dir='ltr'><strong>tur,</strong></span> <span class='ocrx_word' id='word_1_330' title='bbox 2073 1854 2224 1924; x_wconf 86' lang='lat' dir='ltr'><strong>quod</strong></span> <span class='ocrx_word' id='word_1_331' title='bbox 2248 1854 2304 1907; x_wconf 94' lang='lat' dir='ltr'><strong>in</strong></span> <span class='ocrx_word' id='word_1_332' title='bbox 2333 1854 2572 1913; x_wconf 75' lang='lat' dir='ltr'><strong>obscuro</strong></span> <span class='ocrx_word' id='word_1_333' title='bbox 2598 1855 2782 1911; x_wconf 85' lang='lat' dir='ltr'><strong>adhuc</strong></span> <span class='ocrx_word' id='word_1_334' title='bbox 2808 1853 2973 1918; x_wconf 77' lang='lat' dir='ltr'><strong>foret,</strong></span> <span class='ocrx_word' id='word_1_335' title='bbox 3000 1853 3124 1923; x_wconf 85' lang='lat' dir='ltr'><strong>quis</strong></span> <span class='ocrx_word' id='word_1_336' title='bbox 3153 1854 3526 1925; x_wconf 84' lang='lat' dir='ltr'><strong>principatum</strong></span> 
     </span>
    </p>
   </div>
   <div class='ocr_carea' id='block_1_48' title="bbox 1912 1958 3530 2030">
    <p class='ocr_par' dir='ltr' id='par_1_48' title="bbox 1912 1958 3530 2030">
     <span class='ocr_line' id='line_1_48' title="bbox 1912 1958 3530 2030; baseline 0.002 -18"><span class='ocrx_word' id='word_1_337' title='bbox 1912 1958 2091 2030; x_wconf 64' lang='lat' dir='ltr'><strong>.illum</strong></span> <span class='ocrx_word' id='word_1_338' title='bbox 2159 1967 2307 2016; x_wconf 88' lang='lat' dir='ltr'><strong>esset</strong></span> <span class='ocrx_word' id='word_1_339' title='bbox 2366 1968 2719 2029; x_wconf 83' lang='lat' dir='ltr'><strong>excepturus.</strong></span> <span class='ocrx_word' id='word_1_340' title='bbox 2777 1958 3020 2014; x_wconf 84' lang='lat' dir='ltr'><strong>Proinde</strong></span> <span class='ocrx_word' id='word_1_341' title='bbox 3074 1973 3199 2012; x_wconf 85' lang='lat' dir='ltr'><strong>cum</strong></span> <span class='ocrx_word' id='word_1_342' title='bbox 3269 1960 3530 2030; x_wconf 81' lang='lat' dir='ltr'><strong>princeps</strong></span> 
     </span>
    </p>
   </div>
   <div class='ocr_carea' id='block_1_49' title="bbox 1931 2028 3528 2124">
    <p class='ocr_par' dir='ltr' id='par_1_49' title="bbox 1931 2028 3528 2124">
     <span class='ocr_line' id='line_1_49' title="bbox 1931 2028 3528 2124; baseline 0 -17"><span class='ocrx_word' id='word_1_343' title='bbox 1931 2028 2184 2108; x_wconf 69' lang='lat' dir='ltr'><strong>extremo</strong></span> <span class='ocrx_word' id='word_1_344' title='bbox 2209 2051 2407 2108; x_wconf 68' lang='lat' dir='ltr'><strong>morbo</strong></span> <span class='ocrx_word' id='word_1_345' title='bbox 2437 2052 2602 2124; x_wconf 71' lang='lat'><strong>250</strong></span> <span class='ocrx_word' id='word_1_346' title='bbox 2646 2051 2944 2118; x_wconf 84' lang='lat' dir='ltr'><strong>laboraret,</strong></span> <span class='ocrx_word' id='word_1_347' title='bbox 2977 2059 3034 2106; x_wconf 87' lang='lat' dir='ltr'><strong>et</strong></span> <span class='ocrx_word' id='word_1_348' title='bbox 3062 2054 3247 2107; x_wconf 85' lang='lat' dir='ltr'><strong>hostes</strong></span> <span class='ocrx_word' id='word_1_349' title='bbox 3289 2028 3528 2107; x_wconf 74' lang='lat' dir='ltr'><strong>ﬂammae</strong></span> 
     </span>
    </p>
   </div>
   <div class='ocr_carea' id='block_1_50' title="bbox 1930 2144 3525 2216">
    <p class='ocr_par' dir='ltr' id='par_1_50' title="bbox 1930 2144 3525 2216">
     <span class='ocr_line' id='line_1_50' title="bbox 1930 2144 3525 2216; baseline 0 -17"><span class='ocrx_word' id='word_1_350' title='bbox 1930 2144 2107 2200; x_wconf 87' lang='lat' dir='ltr'><strong>instar</strong></span> <span class='ocrx_word' id='word_1_351' title='bbox 2126 2147 2469 2216; x_wconf 82' lang='lat' dir='ltr'><strong>provinciam</strong></span> <span class='ocrx_word' id='word_1_352' title='bbox 2497 2153 2930 2215; x_wconf 78' lang='lat' dir='ltr'><strong>pervagarentur</strong></span> <span class='ocrx_word' id='word_1_353' title='bbox 2955 2151 3124 2215; x_wconf 88' lang='lat' dir='ltr'><strong>atque</strong></span> <span class='ocrx_word' id='word_1_354' title='bbox 3145 2145 3525 2212; x_wconf 85' lang='lat' dir='ltr'><strong>absumerent,</strong></span> 
     </span>
    </p>
   </div>
   <div class='ocr_carea' id='block_1_51' title="bbox 1930 2237 3529 2308">
    <p class='ocr_par' dir='ltr' id='par_1_51' title="bbox 1930 2237 3529 2308">
     <span class='ocr_line' id='line_1_51' title="bbox 1930 2237 3529 2308; baseline -0.001 -15"><span class='ocrx_word' id='word_1_355' title='bbox 1930 2237 2117 2294; x_wconf 84' lang='lat' dir='ltr'><strong>habita</strong></span> <span class='ocrx_word' id='word_1_356' title='bbox 2153 2238 2555 2294; x_wconf 87' lang='lat' dir='ltr'><strong>deliberatione</strong></span> <span class='ocrx_word' id='word_1_357' title='bbox 2591 2238 2627 2292; x_wconf 91' lang='lat' dir='ltr'><strong>ii</strong></span> <span class='ocrx_word' id='word_1_358' title='bbox 2658 2238 2753 2308; x_wconf 87' lang='lat' dir='ltr'><strong>qui</strong></span> <span class='ocrx_word' id='word_1_359' title='bbox 2786 2252 2990 2306; x_wconf 79' lang='lat' dir='ltr'><strong>genere</strong></span> <span class='ocrx_word' id='word_1_360' title='bbox 3038 2237 3359 2293; x_wconf 86' lang='lat' dir='ltr'><strong>eminebant</strong></span> <span class='ocrx_word' id='word_1_361' title='bbox 3388 2252 3529 2293; x_wconf 78' lang='lat' dir='ltr'><strong>cen-</strong></span> 
     </span>
    </p>
   </div>
   <div class='ocr_carea' id='block_1_52' title="bbox 1929 2329 3526 2402">
    <p class='ocr_par' dir='ltr' id='par_1_52' title="bbox 1929 2329 3526 2402">
     <span class='ocr_line' id='line_1_52' title="bbox 1929 2329 3526 2402; baseline -0.002 -15"><span class='ocrx_word' id='word_1_362' title='bbox 1929 2339 2185 2395; x_wconf 87' lang='lat' dir='ltr'><strong>suerunt,</strong></span> <span class='ocrx_word' id='word_1_363' title='bbox 2232 2331 2484 2402; x_wconf 88' lang='lat' dir='ltr'><strong>pecuniis</strong></span> <span class='ocrx_word' id='word_1_364' title='bbox 2527 2329 2866 2386; x_wconf 88' lang='lat' dir='ltr'><strong>illicieudum</strong></span> <span class='ocrx_word' id='word_1_365' title='bbox 2917 2330 3172 2394; x_wconf 79' lang='lat' dir='ltr'><strong>hostem,</strong></span> <span class='ocrx_word' id='word_1_366' title='bbox 3216 2338 3272 2384; x_wconf 89' lang='lat' dir='ltr'><strong>et</strong></span> <span class='ocrx_word' id='word_1_367' title='bbox 3322 2330 3526 2385; x_wconf 68' lang='lat' dir='ltr'><strong>durum</strong></span> 
     </span>
    </p>
   </div>
   <div class='ocr_carea' id='block_1_53' title="bbox 1938 2421 3526 2493">
    <p class='ocr_par' dir='ltr' id='par_1_53' title="bbox 1938 2421 3526 2493">
     <span class='ocr_line' id='line_1_53' title="bbox 1938 2421 3526 2493; baseline -0.001 -16"><span class='ocrx_word' id='word_1_368' title='bbox 1938 2423 2255 2478; x_wconf 81' lang='lat' dir='ltr'><strong>voluntates</strong></span> <span class='ocrx_word' id='word_1_369' title='bbox 2278 2422 2610 2493; x_wconf 75' lang='lat' dir='ltr'><strong>largioribus</strong></span> <span class='ocrx_word' id='word_1_370' title='bbox 2631 2422 2792 2478; x_wconf 90' lang='lat' dir='ltr'><strong>donis</strong></span> <span class='ocrx_word' id='word_1_371' title='bbox 2814 2421 3187 2489; x_wconf 85' lang='lat' dir='ltr'><strong>rcdimendas,</strong></span> <span class='ocrx_word' id='word_1_372' title='bbox 3208 2421 3526 2492; x_wconf 83' lang='lat' dir='ltr'><strong>priusquam</strong></span> 
     </span>
    </p>
   </div>
   <div class='ocr_carea' id='block_1_54' title="bbox 1939 2512 3532 2585">
    <p class='ocr_par' dir='ltr' id='par_1_54' title="bbox 1939 2512 3532 2585">
     <span class='ocr_line' id='line_1_54' title="bbox 1939 2512 3532 2585; baseline -0.001 -17"><span class='ocrx_word' id='word_1_373' title='bbox 1939 2512 2032 2568; x_wconf 89' lang='lat' dir='ltr'><strong>illa</strong></span> <span class='ocrx_word' id='word_1_374' title='bbox 2064 2514 2133 2568; x_wconf 86' lang='lat' dir='ltr'><strong>ab</strong></span> <span class='ocrx_word' id='word_1_375' title='bbox 2161 2513 2229 2569; x_wconf 91' lang='lat' dir='ltr'><strong>iis</strong></span> <span class='ocrx_word' id='word_1_376' title='bbox 2265 2513 2392 2585; x_wconf 89' lang='lat' dir='ltr'><strong>jure</strong></span> <span class='ocrx_word' id='word_1_377' title='bbox 2426 2513 2558 2569; x_wconf 87' lang='lat' dir='ltr'><strong>belli</strong></span> <span class='ocrx_word' id='word_1_378' title='bbox 2593 2521 2966 2583; x_wconf 86' lang='lat' dir='ltr'><strong>raperentur;</strong></span> <span class='ocrx_word' id='word_1_379' title='bbox 3001 2513 3373 2582; x_wconf 86' lang='lat' dir='ltr'><strong>ductoresque</strong></span> <span class='ocrx_word' id='word_1_380' title='bbox 3404 2528 3532 2582; x_wconf 87' lang='lat' dir='ltr'><strong>pro-</strong></span> 
     </span>
    </p>
   </div>
   <div class='ocr_carea' id='block_1_55' title="bbox 1940 2604 3532 2677">
    <p class='ocr_par' dir='ltr' id='par_1_55' title="bbox 1940 2604 3532 2677">
     <span class='ocr_line' id='line_1_55' title="bbox 1940 2604 3532 2677; baseline -0.001 -17"><span class='ocrx_word' id='word_1_381' title='bbox 1940 2605 2262 2671; x_wconf 86' lang='lat' dir='ltr'><strong>mittendos,</strong></span> <span class='ocrx_word' id='word_1_382' title='bbox 2300 2606 2394 2677; x_wconf 91' lang='lat' dir='ltr'><strong>qui</strong></span> <span class='ocrx_word' id='word_1_383' title='bbox 2423 2621 2521 2662; x_wconf 89' lang='lat' dir='ltr'><strong>eos</strong></span> <span class='ocrx_word' id='word_1_384' title='bbox 2556 2606 2611 2660; x_wconf 90' lang='lat' dir='ltr'><strong>in</strong></span> <span class='ocrx_word' id='word_1_385' title='bbox 2646 2604 2913 2662; x_wconf 82' lang='lat' dir='ltr'><strong>Achaiam</strong></span> <span class='ocrx_word' id='word_1_386' title='bbox 2945 2613 3004 2660; x_wconf 91' lang='lat' dir='ltr'><strong>et</strong></span> <span class='ocrx_word' id='word_1_387' title='bbox 3030 2605 3323 2669; x_wconf 84' lang='lat' dir='ltr'><strong>Boeotiam,</strong></span> <span class='ocrx_word' id='word_1_388' title='bbox 3357 2604 3532 2675; x_wconf 80' lang='lat' dir='ltr'><strong>regio-</strong></span> 
     </span>
    </p>
   </div>
   <div class='ocr_carea' id='block_1_56' title="bbox 1939 2695 3531 2769">
    <p class='ocr_par' dir='ltr' id='par_1_56' title="bbox 1939 2695 3531 2769">
     <span class='ocr_line' id='line_1_56' title="bbox 1939 2695 3531 2769; baseline 0.001 -18"><span class='ocrx_word' id='word_1_389' title='bbox 1939 2713 2067 2752; x_wconf 90' lang='lat' dir='ltr'><strong>nem</strong></span> <span class='ocrx_word' id='word_1_390' title='bbox 2098 2698 2301 2752; x_wconf 83' lang='lat' dir='ltr'><strong>cultam</strong></span> <span class='ocrx_word' id='word_1_391' title='bbox 2332 2707 2387 2752; x_wconf 89' lang='lat' dir='ltr'><strong>et</strong></span> <span class='ocrx_word' id='word_1_392' title='bbox 2426 2697 2743 2769; x_wconf 77' lang='lat' dir='ltr'><strong>frugiferam</strong></span> <span class='ocrx_word' id='word_1_393' title='bbox 2782 2707 2837 2753; x_wconf 92' lang='lat' dir='ltr'><strong>et</strong></span> <span class='ocrx_word' id='word_1_394' title='bbox 2867 2696 3211 2752; x_wconf 74' lang='lat' dir='ltr'><strong>ammoitatis</strong></span> <span class='ocrx_word' id='word_1_395' title='bbox 3231 2695 3447 2767; x_wconf 87' lang='lat' dir='ltr'><strong>plenam</strong></span> <span class='ocrx_word' id='word_1_396' title='bbox 3475 2704 3531 2752; x_wconf 79' lang='lat' dir='ltr'><strong>et</strong></span> 
     </span>
    </p>
   </div>
   <div class='ocr_carea' id='block_1_57' title="bbox 1931 2791 3531 2861">
    <p class='ocr_par' dir='ltr' id='par_1_57' title="bbox 1931 2791 3531 2861">
     <span class='ocr_line' id='line_1_57' title="bbox 1931 2791 3531 2861; baseline 0 -17"><span class='ocrx_word' id='word_1_397' title='bbox 1931 2792 2178 2846; x_wconf 89' lang='lat' dir='ltr'><strong>omnium</strong></span> <span class='ocrx_word' id='word_1_398' title='bbox 2216 2794 2454 2849; x_wconf 82' lang='lat' dir='ltr'><strong>maxime</strong></span> <span class='ocrx_word' id='word_1_399' title='bbox 2477 2793 2825 2848; x_wconf 87' lang='lat' dir='ltr'><strong>commodam</strong></span> <span class='ocrx_word' id='word_1_400' title='bbox 2878 2792 2946 2847; x_wconf 88' lang='lat' dir='ltr'><strong>ad</strong></span> <span class='ocrx_word' id='word_1_401' title='bbox 2982 2791 3365 2857; x_wconf 85' lang='lat' dir='ltr'><strong>habitandum,</strong></span> <span class='ocrx_word' id='word_1_402' title='bbox 3405 2805 3531 2861; x_wconf 87' lang='lat' dir='ltr'><strong>per-</strong></span> 
     </span>
    </p>
   </div>
   <div class='ocr_carea' id='block_1_58' title="bbox 1932 2883 3528 2952">
    <p class='ocr_par' dir='ltr' id='par_1_58' title="bbox 1932 2883 3528 2952">
     <span class='ocr_line' id='line_1_58' title="bbox 1932 2883 3528 2952; baseline -0.003 -12"><span class='ocrx_word' id='word_1_403' title='bbox 1932 2884 2223 2940; x_wconf 89' lang='lat' dir='ltr'><strong>ducerent.</strong></span> <span class='ocrx_word' id='word_1_404' title='bbox 2267 2883 2428 2951; x_wconf 83' lang='lat' dir='ltr'><strong>Quod</strong></span> <span class='ocrx_word' id='word_1_405' title='bbox 2472 2884 2515 2940; x_wconf 88' lang='lat' dir='ltr'><strong>si</strong></span> <span class='ocrx_word' id='word_1_406' title='bbox 2559 2884 2784 2939; x_wconf 80' lang='lat' dir='ltr'><strong>auxiliis</strong></span> <span class='ocrx_word' id='word_1_407' title='bbox 2802 2893 2961 2938; x_wconf 71' lang='lat' dir='ltr'><strong>esset</strong></span> <span class='ocrx_word' id='word_1_408' title='bbox 2989 2898 3151 2952; x_wconf 81' lang='lat' dir='ltr'><strong>Opus,</strong></span> <span class='ocrx_word' id='word_1_409' title='bbox 3193 2898 3258 2938; x_wconf 89' lang='lat' dir='ltr'><strong>ea</strong></span> <span class='ocrx_word' id='word_1_410' title='bbox 3307 2897 3528 2951; x_wconf 88' lang='lat' dir='ltr'><strong>quoque</strong></span> 
     </span>
    </p>
   </div>
   <div class='ocr_carea' id='block_1_59' title="bbox 1931 2973 3528 3044">
    <p class='ocr_par' dir='ltr' id='par_1_59' title="bbox 1931 2973 3528 3044">
     <span class='ocr_line' id='line_1_59' title="bbox 1931 2973 3528 3044; baseline -0.001 -14"><span class='ocrx_word' id='word_1_411' title='bbox 1931 2976 2189 3031; x_wconf 87' lang='lat' dir='ltr'><strong>alacriter</strong></span> <span class='ocrx_word' id='word_1_412' title='bbox 2223 2974 2424 3036; x_wconf 85' lang='lat' dir='ltr'><strong>danda,</strong></span> <span class='ocrx_word' id='word_1_413' title='bbox 2448 2984 2509 3029; x_wconf 78' lang='lat' dir='ltr'><strong>et</strong></span> <span class='ocrx_word' id='word_1_414' title='bbox 2542 2990 2642 3044; x_wconf 89' lang='lat' dir='ltr'><strong>per</strong></span> <span class='ocrx_word' id='word_1_415' title='bbox 2669 2990 2889 3031; x_wconf 89' lang='lat' dir='ltr'><strong>omnem</strong></span> <span class='ocrx_word' id='word_1_416' title='bbox 2919 2984 3138 3032; x_wconf 83' lang='lat' dir='ltr'><strong>aetatem</strong></span> <span class='ocrx_word' id='word_1_417' title='bbox 3167 2974 3377 3030; x_wconf 87' lang='lat' dir='ltr'><strong>amicos</strong></span> <span class='ocrx_word' id='word_1_418' title='bbox 3409 2973 3528 3028; x_wconf 80' lang='lat' dir='ltr'><strong>ilio-</strong></span> 
     </span>
    </p>
   </div>
   <div class='ocr_carea' id='block_1_60' title="bbox 1934 3066 2820 3136">
    <p class='ocr_par' dir='ltr' id='par_1_60' title="bbox 1934 3066 2820 3136">
     <span class='ocr_line' id='line_1_60' title="bbox 1934 3066 2820 3136; baseline -0.001 -16"><span class='ocrx_word' id='word_1_419' title='bbox 1934 3082 2055 3121; x_wconf 90' lang='lat' dir='ltr'><strong>rum</strong></span> <span class='ocrx_word' id='word_1_420' title='bbox 2092 3066 2311 3122; x_wconf 76' lang='lat' dir='ltr'><strong>futuros</strong></span> <span class='ocrx_word' id='word_1_421' title='bbox 2338 3081 2398 3120; x_wconf 90' lang='lat' dir='ltr'><strong>se</strong></span> <span class='ocrx_word' id='word_1_422' title='bbox 2428 3066 2820 3136; x_wconf 81' lang='lat' dir='ltr'><strong>proﬁtendum.</strong></span> 
     </span>
    </p>
   </div>
   <div class='ocr_carea' id='block_1_61' title="bbox 240 3157 3524 3233">
    <p class='ocr_par' dir='ltr' id='par_1_61' title="bbox 240 3157 3524 3233">
     <span class='ocr_line' id='line_1_61' title="bbox 240 3157 3524 3233; baseline 0.001 -23"><span class='ocrx_word' id='word_1_423' title='bbox 240 3157 725 3227; x_wconf 62' lang='lat' dir='ltr'><strong>xsxt-qpév&#39;qvgtag</strong></span> <span class='ocrx_word' id='word_1_424' title='bbox 755 3159 987 3230; x_wconf 89' lang='grc' dir='ltr'>χάριτας</span> <span class='ocrx_word' id='word_1_425' title='bbox 1021 3160 1114 3214; x_wconf 80' lang='grc' dir='ltr'>καὶ</span> <span class='ocrx_word' id='word_1_426' title='bbox 1140 3159 1259 3230; x_wconf 79' lang='grc' dir='ltr'>ἅμα</span> <span class='ocrx_word' id='word_1_427' title='bbox 1292 3158 1430 3231; x_wconf 82' lang='grc' dir='ltr'>πρὸς</span> <span class='ocrx_word' id='word_1_428' title='bbox 1463 3160 1683 3231; x_wconf 75' lang='grc' dir='ltr'>οἴκησιν</span> <span class='ocrx_word' id='word_1_429' title='bbox 1748 3162 2209 3233; x_wconf 77' lang='grc' dir='ltr'>ἐπιτηδειοτάτην</span> <span class='ocrx_word' id='word_1_430' title='bbox 2279 3161 2474 3217; x_wconf 86' lang='grc' dir='ltr'>πασῶν</span> <span class='ocrx_word' id='word_1_431' title='bbox 2499 3177 2512 3192; x_wconf 92' lang='grc'><strong>·</strong></span> <span class='ocrx_word' id='word_1_432' title='bbox 2552 3164 2602 3216; x_wconf 79' lang='grc' dir='ltr'><strong>εί</strong></span> <span class='ocrx_word' id='word_1_433' title='bbox 2670 3160 2728 3214; x_wconf 85' lang='grc' dir='ltr'>δὲ</span> <span class='ocrx_word' id='word_1_434' title='bbox 2778 3161 2878 3215; x_wconf 66' lang='grc' dir='ltr'><strong>κα)⁸</strong></span> <span class='ocrx_word' id='word_1_435' title='bbox 2926 3160 3250 3231; x_wconf 79' lang='grc' dir='ltr'>συμμαχίας</span> <span class='ocrx_word' id='word_1_436' title='bbox 3293 3161 3524 3227; x_wconf 85' lang='grc' dir='ltr'>δέοιντο,</span> 
     </span>
    </p>
   </div>
   <div class='ocr_carea' id='block_1_62' title="bbox 240 3252 2383 3326">
    <p class='ocr_par' dir='ltr' id='par_1_62' title="bbox 240 3252 2383 3326">
     <span class='ocr_line' id='line_1_62' title="bbox 240 3252 2383 3326; baseline 0.001 -19"><span class='ocrx_word' id='word_1_437' title='bbox 240 3255 345 3308; x_wconf 75' lang='grc' dir='ltr'><strong>καὶ</strong></span> <span class='ocrx_word' id='word_1_438' title='bbox 375 3254 536 3308; x_wconf 80' lang='grc' dir='ltr'>τοῦτο</span> <span class='ocrx_word' id='word_1_439' title='bbox 565 3254 623 3307; x_wconf 77' lang='grc' dir='ltr'>δὲ</span> <span class='ocrx_word' id='word_1_440' title='bbox 669 3254 813 3323; x_wconf 87' lang='grc' dir='ltr'>μάλα</span> <span class='ocrx_word' id='word_1_441' title='bbox 851 3254 1153 3326; x_wconf 83' lang='grc' dir='ltr'>προθύμως</span> <span class='ocrx_word' id='word_1_442' title='bbox 1185 3254 1362 3309; x_wconf 83' lang='grc' dir='ltr'>τελεῖν</span> <span class='ocrx_word' id='word_1_443' title='bbox 1398 3256 1494 3308; x_wconf 74' lang='grc' dir='ltr'>καὶ</span> <span class='ocrx_word' id='word_1_444' title='bbox 1538 3254 1726 3324; x_wconf 82' lang='grc' dir='ltr'>φίλους</span> <span class='ocrx_word' id='word_1_445' title='bbox 1757 3252 1898 3309; x_wconf 76' lang='grc' dir='ltr'>εἶναί</span> <span class='ocrx_word' id='word_1_446' title='bbox 1935 3273 2093 3324; x_wconf 78' lang='grc' dir='ltr'>σφισι</span> <span class='ocrx_word' id='word_1_447' title='bbox 2119 3256 2208 3310; x_wconf 85' lang='grc' dir='ltr'>διὰ</span> <span class='ocrx_word' id='word_1_448' title='bbox 2239 3256 2383 3326; x_wconf 83' lang='grc' dir='ltr'>βίου.</span> 
     </span>
    </p>
   </div>
   <div class='ocr_carea' id='block_1_63' title="bbox 318 3348 1831 3421">
    <p class='ocr_par' dir='ltr' id='par_1_63' title="bbox 318 3348 1831 3420">
     <span class='ocr_line' id='line_1_63' title="bbox 318 3348 1831 3420; baseline 0.001 -17"><span class='ocrx_word' id='word_1_449' title='bbox 318 3348 395 3403; x_wconf 88' lang='lat' dir='ltr'><strong>B’.</strong></span> <span class='ocrx_word' id='word_1_450' title='bbox 434 3350 606 3403; x_wconf 78' lang='grc' dir='ltr'>Τοῦτο</span> <span class='ocrx_word' id='word_1_451' title='bbox 635 3350 731 3403; x_wconf 77' lang='grc' dir='ltr'>καὶ</span> <span class='ocrx_word' id='word_1_452' title='bbox 763 3351 874 3414; x_wconf 87' lang='grc' dir='ltr'>τοῖς</span> <span class='ocrx_word' id='word_1_453' title='bbox 901 3350 1173 3413; x_wconf 69' lang='grc' dir='ltr'>Λατίνοις,</span> <span class='ocrx_word' id='word_1_454' title='bbox 1198 3349 1433 3420; x_wconf 87' lang='grc' dir='ltr'>ἀρεστόν</span> <span class='ocrx_word' id='word_1_455' title='bbox 1461 3366 1518 3402; x_wconf 86' lang='grc' dir='ltr'><strong>τε</strong></span> <span class='ocrx_word' id='word_1_456' title='bbox 1552 3348 1700 3414; x_wconf 76' lang='grc' dir='ltr'>ἔδοξε</span> <span class='ocrx_word' id='word_1_457' title='bbox 1735 3352 1831 3404; x_wconf 76' lang='grc' dir='ltr'>καὶ</span> 
     </span>
    </p>
   </div>
   <div class='ocr_carea' id='block_1_64' title="bbox 1933 3348 3528 3421">
    <p class='ocr_par' dir='ltr' id='par_1_64' title="bbox 2007 3349 3528 3421">
     <span class='ocr_line' id='line_1_64' title="bbox 2007 3349 3528 3421; baseline -0.001 -14"><span class='ocrx_word' id='word_1_458' title='bbox 2007 3352 2076 3407; x_wconf 90' lang='lat' dir='ltr'><strong>ll.</strong></span> <span class='ocrx_word' id='word_1_459' title='bbox 2118 3352 2173 3407; x_wconf 90' lang='lat' dir='ltr'><strong>Id</strong></span> <span class='ocrx_word' id='word_1_460' title='bbox 2206 3361 2263 3407; x_wconf 91' lang='lat' dir='ltr'><strong>et</strong></span> <span class='ocrx_word' id='word_1_461' title='bbox 2294 3351 2507 3406; x_wconf 84' lang='lat' dir='ltr'><strong>Latinis</strong></span> <span class='ocrx_word' id='word_1_462' title='bbox 2538 3349 2673 3421; x_wconf 89' lang='lat' dir='ltr'><strong>ipsis</strong></span> <span class='ocrx_word' id='word_1_463' title='bbox 2703 3349 2954 3421; x_wconf 89' lang='lat' dir='ltr'><strong>placuit,</strong></span> <span class='ocrx_word' id='word_1_464' title='bbox 2986 3350 3097 3407; x_wconf 89' lang='lat' dir='ltr'><strong>imo</strong></span> <span class='ocrx_word' id='word_1_465' title='bbox 3123 3350 3528 3419; x_wconf 86' lang='lat' dir='ltr'><strong>optatissimum</strong></span> 
     </span>
    </p>
   </div>
   <div class='ocr_carea' id='block_1_65' title="bbox 238 3440 1829 3515">
    <p class='ocr_par' dir='ltr' id='par_1_65' title="bbox 238 3440 1829 3515">
     <span class='ocr_line' id='line_1_65' title="bbox 238 3440 1829 3515; baseline -0.003 -17"><span class='ocrx_word' id='word_1_466' title='bbox 238 3443 396 3515; x_wconf 75' lang='grc' dir='ltr'>μάλα</span> <span class='ocrx_word' id='word_1_467' title='bbox 426 3442 600 3513; x_wconf 83' lang='grc' dir='ltr'>δήπου</span> <span class='ocrx_word' id='word_1_468' title='bbox 629 3441 770 3495; x_wconf 79' lang='grc' dir='ltr'>κατὰ</span> <span class='ocrx_word' id='word_1_469' title='bbox 795 3441 1304 3512; x_wconf 85' lang='grc' dir='ltr'>γνώμην.Ἔφασαν</span> <span class='ocrx_word' id='word_1_470' title='bbox 1321 3440 1452 3511; x_wconf 72' lang='grc' dir='ltr'>γὰρ,</span> <span class='ocrx_word' id='word_1_471' title='bbox 1481 3443 1556 3506; x_wconf 86' lang='grc' dir='ltr'>ὡς</span> <span class='ocrx_word' id='word_1_472' title='bbox 1587 3459 1604 3492; x_wconf 79' lang='grc' dir='ltr'><strong>ι</strong></span> <span class='ocrx_word' id='word_1_473' title='bbox 1634 3441 1695 3495; x_wconf 82' lang='grc' dir='ltr'><strong>Εἰ</strong></span> <span class='ocrx_word' id='word_1_474' title='bbox 1728 3459 1829 3494; x_wconf 86' lang='grc' dir='ltr'>πο-</span> 
     </span>
    </p>
   </div>
   <div class='ocr_carea' id='block_1_66' title="bbox 234 3524 1829 3608">
    <p class='ocr_par' dir='ltr' id='par_1_66' title="bbox 234 3524 1829 3608">
     <span class='ocr_line' id='line_1_66' title="bbox 234 3524 1829 3608; baseline -0.001 -19"><span class='ocrx_word' id='word_1_475' title='bbox 234 3524 398 3608; x_wconf 75' lang='grc' dir='ltr'>λέμῳ</span> <span class='ocrx_word' id='word_1_476' title='bbox 423 3535 508 3607; x_wconf 81' lang='grc' dir='ltr'><strong>[Ρ.</strong></span> <span class='ocrx_word' id='word_1_477' title='bbox 531 3534 656 3607; x_wconf 68' lang='grc'><strong>154]</strong></span> <span class='ocrx_word' id='word_1_478' title='bbox 678 3537 771 3589; x_wconf 81' lang='grc' dir='ltr'>καὶ</span> <span class='ocrx_word' id='word_1_479' title='bbox 800 3536 952 3606; x_wconf 71' lang='grc' dir='ltr'>μάχῃ</span> <span class='ocrx_word' id='word_1_480' title='bbox 981 3535 1047 3588; x_wconf 82' lang='grc' dir='ltr'>τὰ</span> <span class='ocrx_word' id='word_1_481' title='bbox 1070 3536 1168 3604; x_wconf 74' lang='grc' dir='ltr'>τῆς</span> <span class='ocrx_word' id='word_1_482' title='bbox 1194 3534 1476 3599; x_wconf 80' lang='grc' dir='ltr'>ἐκϐάσεως</span> <span class='ocrx_word' id='word_1_483' title='bbox 1508 3534 1829 3605; x_wconf 69' lang='grc' dir='ltr'>ἐπιτρέψαι-</span> 
     </span>
    </p>
   </div>
   <div class='ocr_carea' id='block_1_67' title="bbox 241 3628 1829 3703">
    <p class='ocr_par' dir='ltr' id='par_1_67' title="bbox 241 3628 1829 3703">
     <span class='ocr_line' id='line_1_67' title="bbox 241 3628 1829 3703; baseline -0.004 -18"><span class='ocrx_word' id='word_1_484' title='bbox 241 3649 375 3701; x_wconf 86' lang='grc' dir='ltr'>μεν,</span> <span class='ocrx_word' id='word_1_485' title='bbox 393 3632 429 3703; x_wconf 83' lang='grc' dir='ltr'><strong>ἧ</strong></span> <span class='ocrx_word' id='word_1_486' title='bbox 457 3648 514 3684; x_wconf 88' lang='grc' dir='ltr'><strong>τε</strong></span> <span class='ocrx_word' id='word_1_487' title='bbox 540 3630 692 3702; x_wconf 84' lang='grc' dir='ltr'>χώρα</span> <span class='ocrx_word' id='word_1_488' title='bbox 719 3630 1059 3702; x_wconf 81' lang='grc' dir='ltr'>φθαρήσεται</span> <span class='ocrx_word' id='word_1_489' title='bbox 1097 3628 1169 3681; x_wconf 89' lang='grc' dir='ltr'><strong>τά</strong></span> <span class='ocrx_word' id='word_1_490' title='bbox 1200 3646 1261 3681; x_wconf 91' lang='grc' dir='ltr'><strong>τε</strong></span> <span class='ocrx_word' id='word_1_491' title='bbox 1283 3630 1581 3699; x_wconf 85' lang='grc' dir='ltr'>πράγματα</span> <span class='ocrx_word' id='word_1_492' title='bbox 1609 3646 1829 3701; x_wconf 74' lang='grc' dir='ltr'>συντριο</span> 
     </span>
    </p>
   </div>
   <div class='ocr_carea' id='block_1_68' title="bbox 238 3722 1829 3797">
    <p class='ocr_par' dir='ltr' id='par_1_68' title="bbox 238 3722 1829 3797">
     <span class='ocr_line' id='line_1_68' title="bbox 238 3722 1829 3797; baseline 0.001 -20"><span class='ocrx_word' id='word_1_493' title='bbox 238 3726 507 3795; x_wconf 76' lang='grc' dir='ltr'>ὅήσονται</span> <span class='ocrx_word' id='word_1_494' title='bbox 538 3724 646 3778; x_wconf 87' lang='grc' dir='ltr'><strong>κάκ</strong></span> <span class='ocrx_word' id='word_1_495' title='bbox 670 3722 881 3777; x_wconf 89' lang='grc' dir='ltr'>πολλῶν</span> <span class='ocrx_word' id='word_1_496' title='bbox 906 3726 962 3788; x_wconf 83' lang='grc' dir='ltr'>ὲς</span> <span class='ocrx_word' id='word_1_497' title='bbox 992 3723 1179 3778; x_wconf 82' lang='grc' dir='ltr'>στενὸν</span> <span class='ocrx_word' id='word_1_498' title='bbox 1207 3725 1401 3795; x_wconf 79' lang='grc' dir='ltr'>κομιδῆ</span> <span class='ocrx_word' id='word_1_499' title='bbox 1434 3724 1829 3797; x_wconf 79' lang='grc' dir='ltr'>συνελαθήσον-</span> 
     </span>
    </p>
   </div>
   <div class='ocr_carea' id='block_1_69' title="bbox 240 3815 1827 3889">
    <p class='ocr_par' dir='ltr' id='par_1_69' title="bbox 240 3815 1827 3889">
     <span class='ocr_line' id='line_1_69' title="bbox 240 3815 1827 3889; baseline 0.001 -18"><span class='ocrx_word' id='word_1_500' title='bbox 240 3834 342 3871; x_wconf 78' lang='grc' dir='ltr'><strong>ται</strong></span> <span class='ocrx_word' id='word_1_501' title='bbox 362 3859 377 3882; x_wconf 91' lang='grc'><strong>,</strong></span> <span class='ocrx_word' id='word_1_502' title='bbox 406 3815 547 3883; x_wconf 80' lang='grc' dir='ltr'>ὑπὲρ</span> <span class='ocrx_word' id='word_1_503' title='bbox 579 3835 654 3871; x_wconf 92' lang='grc' dir='ltr'><strong>ων</strong></span> <span class='ocrx_word' id='word_1_504' title='bbox 689 3818 819 3888; x_wconf 79' lang='grc' dir='ltr'>ἡμῖν</span> <span class='ocrx_word' id='word_1_505' title='bbox 850 3818 883 3887; x_wconf 82' lang='grc' dir='ltr'>ἡ</span> <span class='ocrx_word' id='word_1_506' title='bbox 917 3819 1068 3872; x_wconf 82' lang='grc' dir='ltr'>πᾶσα</span> <span class='ocrx_word' id='word_1_507' title='bbox 1100 3817 1331 3889; x_wconf 83' lang='grc' dir='ltr'>σπουδή.</span> <span class='ocrx_word' id='word_1_508' title='bbox 1366 3818 1600 3872; x_wconf 83' lang='grc' dir='ltr'>Ἔπειτα</span> <span class='ocrx_word' id='word_1_509' title='bbox 1632 3820 1729 3872; x_wconf 76' lang='grc' dir='ltr'>καὶ</span> <span class='ocrx_word' id='word_1_510' title='bbox 1758 3819 1827 3872; x_wconf 73' lang='grc' dir='ltr'><strong>τά</strong></span> 
     </span>
    </p>
   </div>
   <div class='ocr_carea' id='block_1_70' title="bbox 244 3892 1828 3981">
    <p class='ocr_par' dir='ltr' id='par_1_70' title="bbox 244 3892 1828 3981">
     <span class='ocr_line' id='line_1_70' title="bbox 244 3892 1828 3981; baseline 0.005 -21"><span class='ocrx_word' id='word_1_511' title='bbox 244 3910 353 3980; x_wconf 78' lang='grc' dir='ltr'>τῆς</span> <span class='ocrx_word' id='word_1_512' title='bbox 372 3892 525 3978; x_wconf 70' lang='grc' dir='ltr'>νίκης</span> <span class='ocrx_word' id='word_1_513' title='bbox 548 3902 606 3961; x_wconf 75' lang='grc' dir='ltr'>οἷ</span> <span class='ocrx_word' id='word_1_514' title='bbox 629 3909 1000 3981; x_wconf 84' lang='grc' dir='ltr'>προχωρήσει,</span> <span class='ocrx_word' id='word_1_515' title='bbox 1017 3908 1126 3964; x_wconf 90' lang='grc' dir='ltr'><strong>τῶν</strong></span> <span class='ocrx_word' id='word_1_516' title='bbox 1154 3910 1368 3964; x_wconf 86' lang='grc' dir='ltr'>πάντων</span> <span class='ocrx_word' id='word_1_517' title='bbox 1397 3910 1545 3964; x_wconf 70' lang='grc' dir='ltr'>ἐστὶν</span> <span class='ocrx_word' id='word_1_518' title='bbox 1570 3910 1745 3974; x_wconf 72' lang='grc' dir='ltr'>οὐδεὶς</span> <span class='ocrx_word' id='word_1_519' title='bbox 1769 3909 1828 3969; x_wconf 80' lang='grc' dir='ltr'><strong>ὃς</strong></span> 
     </span>
    </p>
   </div>
   <div class='ocr_carea' id='block_1_71' title="bbox 248 4001 1828 4073">
    <p class='ocr_par' dir='ltr' id='par_1_71' title="bbox 248 4001 1828 4073">
     <span class='ocr_line' id='line_1_71' title="bbox 248 4001 1828 4073; baseline 0 -18"><span class='ocrx_word' id='word_1_520' title='bbox 248 4001 605 4068; x_wconf 76' lang='grc' dir='ltr'>ἐξεπίσταται</span> <span class='ocrx_word' id='word_1_521' title='bbox 632 4002 772 4073; x_wconf 80' lang='grc' dir='ltr'>πλὴν</span> <span class='ocrx_word' id='word_1_522' title='bbox 811 4002 843 4073; x_wconf 73' lang='grc' dir='ltr'>ἢ</span> <span class='ocrx_word' id='word_1_523' title='bbox 889 4003 1044 4064; x_wconf 87' lang='grc' dir='ltr'>Θεός.</span> <span class='ocrx_word' id='word_1_524' title='bbox 1080 4001 1244 4073; x_wconf 87' lang='grc' dir='ltr'>Ἦμῖν</span> <span class='ocrx_word' id='word_1_525' title='bbox 1280 4002 1325 4055; x_wconf 86' lang='grc' dir='ltr'>δ’</span> <span class='ocrx_word' id='word_1_526' title='bbox 1343 4001 1493 4056; x_wconf 76' lang='grc' dir='ltr'>ἔστιν</span> <span class='ocrx_word' id='word_1_527' title='bbox 1521 4002 1597 4065; x_wconf 82' lang='grc' dir='ltr'>ὡς</span> <span class='ocrx_word' id='word_1_528' title='bbox 1620 4002 1828 4057; x_wconf 70' lang='grc' dir='ltr'>ἐπίπαν</span> 
     </span>
    </p>
   </div>
   <div class='ocr_carea' id='block_1_72' title="bbox 249 4094 1828 4168">
    <p class='ocr_par' dir='ltr' id='par_1_72' title="bbox 249 4094 1828 4168">
     <span class='ocr_line' id='line_1_72' title="bbox 249 4094 1828 4168; baseline -0.001 -19"><span class='ocrx_word' id='word_1_529' title='bbox 249 4094 722 4166; x_wconf 71' lang='grc' dir='ltr'>ἀμφισδητήσιμα</span> <span class='ocrx_word' id='word_1_530' title='bbox 754 4095 926 4150; x_wconf 85' lang='grc' dir='ltr'>ταῦτα</span> <span class='ocrx_word' id='word_1_531' title='bbox 944 4097 1039 4150; x_wconf 80' lang='grc' dir='ltr'>καὶ</span> <span class='ocrx_word' id='word_1_532' title='bbox 1068 4095 1279 4167; x_wconf 84' lang='grc' dir='ltr'>οὐδαμῆ</span> <span class='ocrx_word' id='word_1_533' title='bbox 1306 4111 1396 4151; x_wconf 85' lang='grc' dir='ltr'><strong>πω</strong></span> <span class='ocrx_word' id='word_1_534' title='bbox 1421 4096 1592 4168; x_wconf 82' lang='grc' dir='ltr'>σαφῆ.</span> <span class='ocrx_word' id='word_1_535' title='bbox 1625 4096 1689 4150; x_wconf 83' lang='lat' dir='ltr'><strong>El</strong></span> <span class='ocrx_word' id='word_1_536' title='bbox 1719 4096 1828 4164; x_wconf 74' lang='grc' dir='ltr'><strong>γὰρ</strong></span> 
     </span>
    </p>
   </div>
   <div class='ocr_carea' id='block_1_73' title="bbox 245 4189 1828 4263">
    <p class='ocr_par' dir='ltr' id='par_1_73' title="bbox 245 4189 1828 4263">
     <span class='ocr_line' id='line_1_73' title="bbox 245 4189 1828 4263; baseline -0.001 -20"><span class='ocrx_word' id='word_1_537' title='bbox 245 4189 307 4243; x_wconf 75' lang='grc' dir='ltr'>αἱ</span> <span class='ocrx_word' id='word_1_538' title='bbox 334 4189 555 4253; x_wconf 80' lang='grc' dir='ltr'>πλείους</span> <span class='ocrx_word' id='word_1_539' title='bbox 600 4189 881 4260; x_wconf 81' lang='grc' dir='ltr'>ξυντυχίαι</span> <span class='ocrx_word' id='word_1_540' title='bbox 928 4191 1043 4255; x_wconf 88' lang='grc' dir='ltr'>τοῖς</span> <span class='ocrx_word' id='word_1_541' title='bbox 1091 4190 1405 4263; x_wconf 84' lang='grc' dir='ltr'>ἀνθρώποις</span> <span class='ocrx_word' id='word_1_542' title='bbox 1434 4191 1633 4261; x_wconf 71' lang='grc' dir='ltr'>ἐπίσης</span> <span class='ocrx_word' id='word_1_543' title='bbox 1686 4190 1828 4242; x_wconf 78' lang='grc' dir='ltr'>είσὶν</span> 
     </span>
    </p>
   </div>
   <div class='ocr_carea' id='block_1_74' title="bbox 245 4276 1829 4356">
    <p class='ocr_par' dir='ltr' id='par_1_74' title="bbox 245 4276 1829 4356">
     <span class='ocr_line' id='line_1_74' title="bbox 245 4276 1829 4356; baseline 0.003 -21"><span class='ocrx_word' id='word_1_544' title='bbox 245 4282 627 4352; x_wconf 76' lang='grc' dir='ltr'>ὲλπιζόμεναι,</span> <span class='ocrx_word' id='word_1_545' title='bbox 655 4283 809 4338; x_wconf 80' lang='grc' dir='ltr'>οὐδὲν</span> <span class='ocrx_word' id='word_1_546' title='bbox 839 4276 1004 4356; x_wconf 79' lang='grc' dir='ltr'>ἦττον</span> <span class='ocrx_word' id='word_1_547' title='bbox 1044 4286 1142 4338; x_wconf 82' lang='grc' dir='ltr'>καὶ</span> <span class='ocrx_word' id='word_1_548' title='bbox 1170 4283 1322 4354; x_wconf 86' lang='grc' dir='ltr'>σφίσι</span> <span class='ocrx_word' id='word_1_549' title='bbox 1348 4284 1410 4353; x_wconf 73' lang='grc' dir='ltr'>τὸ</span> <span class='ocrx_word' id='word_1_550' title='bbox 1439 4285 1829 4355; x_wconf 81' lang='grc' dir='ltr'>περιγενέσθαι</span> 
     </span>
    </p>
   </div>
   <div class='ocr_carea' id='block_1_75' title="bbox 252 4356 1831 4449">
    <p class='ocr_par' dir='ltr' id='par_1_75' title="bbox 252 4356 1831 4449">
     <span class='ocr_line' id='line_1_75' title="bbox 252 4356 1831 4449; baseline 0.003 -20"><span class='ocrx_word' id='word_1_551' title='bbox 252 4374 624 4444; x_wconf 74' lang='grc' dir='ltr'>συμϐάλλεται</span> <span class='ocrx_word' id='word_1_552' title='bbox 655 4377 801 4448; x_wconf 73' lang='grc' dir='ltr'>ἥπερ</span> <span class='ocrx_word' id='word_1_553' title='bbox 831 4378 983 4447; x_wconf 77' lang='grc' dir='ltr'>ἡμῖν.</span> <span class='ocrx_word' id='word_1_554' title='bbox 1016 4374 1158 4429; x_wconf 74' lang='grc' dir='ltr'>Οὔτε</span> <span class='ocrx_word' id='word_1_555' title='bbox 1179 4378 1288 4449; x_wconf 77' lang='grc' dir='ltr'>γὰρ</span> <span class='ocrx_word' id='word_1_556' title='bbox 1316 4378 1447 4447; x_wconf 71' lang='grc' dir='ltr'>ἡμῖν</span> <span class='ocrx_word' id='word_1_557' title='bbox 1482 4379 1603 4431; x_wconf 82' lang='grc' dir='ltr'>ἐστι</span> <span class='ocrx_word' id='word_1_558' title='bbox 1634 4356 1831 4434; x_wconf 66' lang='grc' dir='ltr'>πιστόν</span> 
     </span>
    </p>
   </div>
   <div class='ocr_carea' id='block_1_76' title="bbox 254 4458 1832 4545">
    <p class='ocr_par' dir='ltr' id='par_1_76' title="bbox 254 4458 1832 4545">
     <span class='ocr_line' id='line_1_76' title="bbox 254 4458 1832 4545; baseline 0.001 -25"><span class='ocrx_word' id='word_1_559' title='bbox 254 4485 309 4545; x_wconf 75' lang='grc' dir='ltr'><strong>τι</strong></span> <span class='ocrx_word' id='word_1_560' title='bbox 343 4463 605 4538; x_wconf 78' lang='grc' dir='ltr'>ἐχέγγυον</span> <span class='ocrx_word' id='word_1_561' title='bbox 652 4470 709 4532; x_wconf 79' lang='grc' dir='ltr'>ἐς</span> <span class='ocrx_word' id='word_1_562' title='bbox 740 4468 801 4525; x_wconf 78' lang='grc' dir='ltr'><strong>τὸ</strong></span> <span class='ocrx_word' id='word_1_563' title='bbox 830 4458 1029 4540; x_wconf 81' lang='grc' dir='ltr'>μέλλον</span> <span class='ocrx_word' id='word_1_564' title='bbox 1060 4469 1193 4540; x_wconf 78' lang='grc' dir='ltr'>περὶ</span> <span class='ocrx_word' id='word_1_565' title='bbox 1234 4468 1333 4539; x_wconf 85' lang='grc' dir='ltr'>τῆς</span> <span class='ocrx_word' id='word_1_566' title='bbox 1362 4468 1543 4539; x_wconf 74' lang='grc' dir='ltr'>νίκης,</span> <span class='ocrx_word' id='word_1_567' title='bbox 1585 4467 1699 4523; x_wconf 80' lang='grc' dir='ltr'>οὔτ’</span> <span class='ocrx_word' id='word_1_568' title='bbox 1732 4471 1832 4523; x_wconf 85' lang='grc' dir='ltr'>αύ-</span> 
     </span>
    </p>
   </div>
   <div class='ocr_carea' id='block_1_77' title="bbox 264 4559 1829 4633">
    <p class='ocr_par' dir='ltr' id='par_1_77' title="bbox 264 4559 1829 4633">
     <span class='ocr_line' id='line_1_77' title="bbox 264 4559 1829 4633; baseline 0.004 -22"><span class='ocrx_word' id='word_1_569' title='bbox 264 4563 375 4623; x_wconf 86' lang='grc' dir='ltr'>τοῖς</span> <span class='ocrx_word' id='word_1_570' title='bbox 414 4559 661 4632; x_wconf 71' lang='grc' dir='ltr'>’ἀπλανὴς</span> <span class='ocrx_word' id='word_1_571' title='bbox 693 4561 747 4614; x_wconf 74' lang='lat' dir='ltr'><strong>ei</strong></span> <span class='ocrx_word' id='word_1_572' title='bbox 779 4578 862 4624; x_wconf 90' lang='grc' dir='ltr'><strong>τις</strong></span> <span class='ocrx_word' id='word_1_573' title='bbox 892 4559 1022 4633; x_wconf 74' lang='grc' dir='ltr'>περὶ</span> <span class='ocrx_word' id='word_1_574' title='bbox 1072 4561 1276 4632; x_wconf 86' lang='grc' dir='ltr'>ταύτης</span> <span class='ocrx_word' id='word_1_575' title='bbox 1323 4560 1452 4628; x_wconf 80' lang='grc' dir='ltr'>δόξα</span> <span class='ocrx_word' id='word_1_576' title='bbox 1510 4562 1829 4632; x_wconf 88' lang='grc' dir='ltr'>πρόσεστιν.</span> 
     </span>
    </p>
   </div>
   <div class='ocr_carea' id='block_1_78' title="bbox 260 4647 1830 4724">
    <p class='ocr_par' dir='ltr' id='par_1_78' title="bbox 260 4647 1830 4724">
     <span class='ocr_line' id='line_1_78' title="bbox 260 4647 1830 4724; baseline -0.001 -17"><span class='ocrx_word' id='word_1_577' title='bbox 260 4653 331 4709; x_wconf 74' lang='grc' dir='ltr'><strong>Αἰ</strong></span> <span class='ocrx_word' id='word_1_578' title='bbox 345 4671 407 4707; x_wconf 89' lang='grc' dir='ltr'><strong>τε</strong></span> <span class='ocrx_word' id='word_1_579' title='bbox 429 4655 539 4723; x_wconf 72' lang='grc' dir='ltr'><strong>γάρ</strong></span> <span class='ocrx_word' id='word_1_580' title='bbox 568 4652 867 4724; x_wconf 84' lang='grc' dir='ltr'>δυσχωρίαι</span> <span class='ocrx_word' id='word_1_581' title='bbox 897 4653 1007 4707; x_wconf 90' lang='grc' dir='ltr'><strong>τῶν</strong></span> <span class='ocrx_word' id='word_1_582' title='bbox 1038 4653 1204 4723; x_wconf 82' lang='grc' dir='ltr'>ὀρῶν,</span> <span class='ocrx_word' id='word_1_583' title='bbox 1239 4647 1322 4716; x_wconf 73' lang='grc' dir='ltr'>οἷς</span> <span class='ocrx_word' id='word_1_584' title='bbox 1347 4655 1379 4722; x_wconf 82' lang='grc' dir='ltr'><strong>ή</strong></span> <span class='ocrx_word' id='word_1_585' title='bbox 1424 4652 1589 4722; x_wconf 77' lang='grc' dir='ltr'>φύσις</span> <span class='ocrx_word' id='word_1_586' title='bbox 1626 4653 1830 4706; x_wconf 77' lang='grc' dir='ltr'>πολλα-</span> 
     </span>
    </p>
   </div>
   <div class='ocr_carea' id='block_1_79' title="bbox 1904 3443 3533 3511">
    <p class='ocr_par' dir='ltr' id='par_1_79' title="bbox 1904 3443 3533 3511">
     <span class='ocr_line' id='line_1_79' title="bbox 1904 3443 3533 3511; baseline -0.002 -10"><span class='ocrx_word' id='word_1_587' title='bbox 1904 3446 2062 3502; x_wconf 73' lang='grc' dir='ltr'>ιΐιιὶι.</span> <span class='ocrx_word' id='word_1_588' title='bbox 2107 3466 2124 3498; x_wconf 75' lang='grc' dir='ltr'><strong>ι</strong></span> <span class='ocrx_word' id='word_1_589' title='bbox 2160 3443 2402 3511; x_wconf 77' lang='lat' dir='ltr'><strong>Etenim,</strong></span> <span class='ocrx_word' id='word_1_590' title='bbox 2444 3445 2690 3508; x_wconf 87' lang='lat' dir='ltr'><strong>aiebant.</strong></span> <span class='ocrx_word' id='word_1_591' title='bbox 2721 3444 2768 3501; x_wconf 88' lang='lat' dir='ltr'><strong>si</strong></span> <span class='ocrx_word' id='word_1_592' title='bbox 2803 3443 2935 3499; x_wconf 88' lang='lat' dir='ltr'><strong>belli</strong></span> <span class='ocrx_word' id='word_1_593' title='bbox 2966 3452 3228 3499; x_wconf 86' lang='lat' dir='ltr'><strong>eventum</strong></span> <span class='ocrx_word' id='word_1_594' title='bbox 3271 3453 3327 3498; x_wconf 91' lang='lat' dir='ltr'><strong>et</strong></span> <span class='ocrx_word' id='word_1_595' title='bbox 3349 3460 3533 3499; x_wconf 88' lang='lat' dir='ltr'><strong>armo-</strong></span> 
     </span>
    </p>
   </div>
   <div class='ocr_carea' id='block_1_80' title="bbox 1938 3537 3528 3609">
    <p class='ocr_par' dir='ltr' id='par_1_80' title="bbox 1938 3537 3528 3609">
     <span class='ocr_line' id='line_1_80' title="bbox 1938 3537 3528 3609; baseline -0.002 -14"><span class='ocrx_word' id='word_1_596' title='bbox 1938 3558 2058 3595; x_wconf 88' lang='lat' dir='ltr'><strong>rum</strong></span> <span class='ocrx_word' id='word_1_597' title='bbox 2115 3540 2397 3595; x_wconf 81' lang='lat' dir='ltr'><strong>fortunam</strong></span> <span class='ocrx_word' id='word_1_598' title='bbox 2442 3542 2812 3609; x_wconf 80' lang='lat' dir='ltr'><strong>experiamur,</strong></span> <span class='ocrx_word' id='word_1_599' title='bbox 2866 3538 3180 3592; x_wconf 86' lang='lat' dir='ltr'><strong>vastabitur</strong></span> <span class='ocrx_word' id='word_1_600' title='bbox 3221 3537 3528 3608; x_wconf 71' lang='lat' dir='ltr'><strong>provincia;</strong></span> 
     </span>
    </p>
   </div>
   <div class='ocr_carea' id='block_1_81' title="bbox 1937 3618 3533 3704">
    <p class='ocr_par' dir='ltr' id='par_1_81' title="bbox 1937 3618 3533 3704">
     <span class='ocr_line' id='line_1_81' title="bbox 1937 3618 3533 3704; baseline -0.003 -14"><span class='ocrx_word' id='word_1_601' title='bbox 1937 3650 2074 3704; x_wconf 72' lang='lat' dir='ltr'><strong>opes</strong></span> <span class='ocrx_word' id='word_1_602' title='bbox 2113 3643 2457 3698; x_wconf 88' lang='lat' dir='ltr'><strong>atterentur,</strong></span> <span class='ocrx_word' id='word_1_603' title='bbox 2499 3640 2555 3687; x_wconf 89' lang='lat' dir='ltr'><strong>et</strong></span> <span class='ocrx_word' id='word_1_604' title='bbox 2597 3646 2665 3687; x_wconf 85' lang='lat' dir='ltr'><strong>ex</strong></span> <span class='ocrx_word' id='word_1_605' title='bbox 2703 3647 2899 3703; x_wconf 84' lang='lat' dir='ltr'><strong>magna</strong></span> <span class='ocrx_word' id='word_1_606' title='bbox 2936 3631 3093 3701; x_wconf 87' lang='lat' dir='ltr'><strong>copia</strong></span> <span class='ocrx_word' id='word_1_607' title='bbox 3140 3631 3209 3686; x_wconf 87' lang='lat' dir='ltr'><strong>ad</strong></span> <span class='ocrx_word' id='word_1_608' title='bbox 3255 3618 3533 3685; x_wconf 81' lang='lat' dir='ltr'><strong>summam</strong></span> 
     </span>
    </p>
   </div>
   <div class='ocr_carea' id='block_1_82' title="bbox 1937 3723 3535 3805">
    <p class='ocr_par' dir='ltr' id='par_1_82' title="bbox 1937 3723 3535 3805">
     <span class='ocr_line' id='line_1_82' title="bbox 1937 3723 3535 3805; baseline -0.003 -24"><span class='ocrx_word' id='word_1_609' title='bbox 1937 3728 2180 3795; x_wconf 76' lang='lat' dir='ltr'><strong>impiam</strong></span> <span class='ocrx_word' id='word_1_610' title='bbox 2211 3725 2501 3805; x_wconf 27' lang='lat' dir='ltr'><strong>recideuta</strong></span> <span class='ocrx_word' id='word_1_611' title='bbox 2523 3739 2622 3793; x_wconf 89' lang='lat' dir='ltr'><strong>pro</strong></span> <span class='ocrx_word' id='word_1_612' title='bbox 2658 3724 2859 3790; x_wconf 84' lang='lat' dir='ltr'><strong>quibus</strong></span> <span class='ocrx_word' id='word_1_613' title='bbox 2881 3725 3067 3778; x_wconf 83' lang='lat' dir='ltr'><strong>omnis</strong></span> <span class='ocrx_word' id='word_1_614' title='bbox 3097 3739 3126 3777; x_wconf 85' lang='lat' dir='ltr'><strong>a</strong></span> <span class='ocrx_word' id='word_1_615' title='bbox 3174 3727 3333 3780; x_wconf 64' lang='lat' dir='ltr'><strong>nutris</strong></span> <span class='ocrx_word' id='word_1_616' title='bbox 3373 3723 3535 3779; x_wconf 85' lang='lat' dir='ltr'><strong>labor</strong></span> 
     </span>
    </p>
   </div>
   <div class='ocr_carea' id='block_1_83' title="bbox 1937 3814 3532 3888">
    <p class='ocr_par' dir='ltr' id='par_1_83' title="bbox 1937 3814 3532 3888">
     <span class='ocr_line' id='line_1_83' title="bbox 1937 3814 3532 3888; baseline -0.004 -13"><span class='ocrx_word' id='word_1_617' title='bbox 1937 3819 2258 3888; x_wconf 80' lang='lat' dir='ltr'><strong>suscipitur.</strong></span> <span class='ocrx_word' id='word_1_618' title='bbox 2290 3817 2494 3873; x_wconf 83' lang='lat' dir='ltr'><strong>Deinde</strong></span> <span class='ocrx_word' id='word_1_619' title='bbox 2535 3831 2709 3886; x_wconf 81' lang='lat' dir='ltr'><strong>penes</strong></span> <span class='ocrx_word' id='word_1_620' title='bbox 2754 3830 2917 3886; x_wconf 91' lang='lat' dir='ltr'><strong>quem</strong></span> <span class='ocrx_word' id='word_1_621' title='bbox 2954 3814 3183 3871; x_wconf 79' lang='lat' dir='ltr'><strong>victoria</strong></span> <span class='ocrx_word' id='word_1_622' title='bbox 3219 3817 3402 3870; x_wconf 80' lang='lat' dir='ltr'><strong>futura</strong></span> <span class='ocrx_word' id='word_1_623' title='bbox 3433 3815 3532 3883; x_wconf 86' lang='lat' dir='ltr'><strong>sit,</strong></span> 
     </span>
    </p>
   </div>
   <div class='ocr_carea' id='block_1_84' title="bbox 1934 3908 3528 3981">
    <p class='ocr_par' dir='ltr' id='par_1_84' title="bbox 1934 3908 3528 3981">
     <span class='ocr_line' id='line_1_84' title="bbox 1934 3908 3528 3981; baseline -0.004 -13"><span class='ocrx_word' id='word_1_624' title='bbox 1934 3923 2138 3981; x_wconf 85' lang='lat' dir='ltr'><strong>praeter</strong></span> <span class='ocrx_word' id='word_1_625' title='bbox 2193 3911 2365 3966; x_wconf 85' lang='lat' dir='ltr'><strong>Deum</strong></span> <span class='ocrx_word' id='word_1_626' title='bbox 2413 3924 2578 3965; x_wconf 88' lang='lat' dir='ltr'><strong>nemo</strong></span> <span class='ocrx_word' id='word_1_627' title='bbox 2623 3910 2890 3972; x_wconf 80' lang='lat' dir='ltr'><strong>omnium</strong></span> <span class='ocrx_word' id='word_1_628' title='bbox 2925 3908 3224 3979; x_wconf 77' lang='lat' dir='ltr'><strong>prospicit:</strong></span> <span class='ocrx_word' id='word_1_629' title='bbox 3275 3908 3369 3964; x_wconf 89' lang='lat' dir='ltr'><strong>sed</strong></span> <span class='ocrx_word' id='word_1_630' title='bbox 3410 3909 3528 3962; x_wconf 83' lang='lat' dir='ltr'><strong>ba-e</strong></span> 
     </span>
    </p>
   </div>
   <div class='ocr_carea' id='block_1_85' title="bbox 1936 3999 3526 4074">
    <p class='ocr_par' dir='ltr' id='par_1_85' title="bbox 1936 3999 3526 4074">
     <span class='ocr_line' id='line_1_85' title="bbox 1936 3999 3526 4074; baseline -0.004 -14"><span class='ocrx_word' id='word_1_631' title='bbox 1936 4019 2167 4074; x_wconf 88' lang='lat' dir='ltr'><strong>prorsus</strong></span> <span class='ocrx_word' id='word_1_632' title='bbox 2205 4004 2464 4074; x_wconf 84' lang='lat' dir='ltr'><strong>ambigua</strong></span> <span class='ocrx_word' id='word_1_633' title='bbox 2496 4011 2549 4055; x_wconf 90' lang='lat' dir='ltr'><strong>et</strong></span> <span class='ocrx_word' id='word_1_634' title='bbox 2585 4001 2767 4056; x_wconf 87' lang='lat' dir='ltr'><strong>adhuc</strong></span> <span class='ocrx_word' id='word_1_635' title='bbox 2796 4002 3025 4055; x_wconf 86' lang='lat' dir='ltr'><strong>minimc</strong></span> <span class='ocrx_word' id='word_1_636' title='bbox 3055 4000 3360 4070; x_wconf 86' lang='lat' dir='ltr'><strong>explorata.</strong></span> <span class='ocrx_word' id='word_1_637' title='bbox 3389 3999 3526 4055; x_wconf 83' lang='lat' dir='ltr'><strong>Nam</strong></span> 
     </span>
    </p>
   </div>
   <div class='ocr_carea' id='block_1_86' title="bbox 1936 4094 3530 4172">
    <p class='ocr_par' dir='ltr' id='par_1_86' title="bbox 1936 4094 3530 4172">
     <span class='ocr_line' id='line_1_86' title="bbox 1936 4094 3530 4172; baseline -0.007 -16"><span class='ocrx_word' id='word_1_638' title='bbox 1936 4101 2190 4172; x_wconf 84' lang='lat' dir='ltr'><strong>quamvis</strong></span> <span class='ocrx_word' id='word_1_639' title='bbox 2221 4098 2470 4169; x_wconf 86' lang='lat' dir='ltr'><strong>plerique</strong></span> <span class='ocrx_word' id='word_1_640' title='bbox 2509 4104 2746 4150; x_wconf 87' lang='lat' dir='ltr'><strong>eventus</strong></span> <span class='ocrx_word' id='word_1_641' title='bbox 2802 4096 2872 4150; x_wconf 89' lang='lat' dir='ltr'><strong>ab</strong></span> <span class='ocrx_word' id='word_1_642' title='bbox 2916 4094 3233 4149; x_wconf 83' lang='lat' dir='ltr'><strong>hominibus</strong></span> <span class='ocrx_word' id='word_1_643' title='bbox 3268 4108 3333 4148; x_wconf 75' lang='lat' dir='ltr'><strong>ex</strong></span> <span class='ocrx_word' id='word_1_644' title='bbox 3371 4107 3530 4162; x_wconf 64' lang='lat' dir='ltr'><strong>atque</strong></span> 
     </span>
    </p>
   </div>
   <div class='ocr_carea' id='block_1_87' title="bbox 1937 4183 3525 4264">
    <p class='ocr_par' dir='ltr' id='par_1_87' title="bbox 1937 4183 3525 4264">
     <span class='ocr_line' id='line_1_87' title="bbox 1937 4183 3525 4264; baseline -0.009 -14"><span class='ocrx_word' id='word_1_645' title='bbox 1937 4201 2252 4264; x_wconf 88' lang='lat' dir='ltr'><strong>sperentur,</strong></span> <span class='ocrx_word' id='word_1_646' title='bbox 2303 4189 2477 4244; x_wconf 89' lang='lat' dir='ltr'><strong>nihilo</strong></span> <span class='ocrx_word' id='word_1_647' title='bbox 2507 4196 2694 4241; x_wconf 87' lang='lat' dir='ltr'><strong>tamen</strong></span> <span class='ocrx_word' id='word_1_648' title='bbox 2728 4187 2908 4241; x_wconf 87' lang='lat' dir='ltr'><strong>minor</strong></span> <span class='ocrx_word' id='word_1_649' title='bbox 2933 4183 3041 4240; x_wconf 88' lang='lat' dir='ltr'><strong>illis</strong></span> <span class='ocrx_word' id='word_1_650' title='bbox 3070 4184 3326 4239; x_wconf 85' lang='lat' dir='ltr'><strong>vincendi</strong></span> <span class='ocrx_word' id='word_1_651' title='bbox 3362 4199 3525 4253; x_wconf 86' lang='lat' dir='ltr'><strong>quam</strong></span> 
     </span>
    </p>
   </div>
   <div class='ocr_carea' id='block_1_88' title="bbox 1940 4275 3530 4352">
    <p class='ocr_par' dir='ltr' id='par_1_88' title="bbox 1940 4275 3530 4352">
     <span class='ocr_line' id='line_1_88' title="bbox 1940 4275 3530 4352; baseline -0.007 -13"><span class='ocrx_word' id='word_1_652' title='bbox 1940 4284 2100 4339; x_wconf 82' lang='lat' dir='ltr'><strong>nobis</strong></span> <span class='ocrx_word' id='word_1_653' title='bbox 2131 4296 2261 4352; x_wconf 89' lang='lat' dir='ltr'><strong>spes</strong></span> <span class='ocrx_word' id='word_1_654' title='bbox 2290 4280 2575 4351; x_wconf 88' lang='lat' dir='ltr'><strong>proposita</strong></span> <span class='ocrx_word' id='word_1_655' title='bbox 2601 4287 2707 4333; x_wconf 89' lang='lat' dir='ltr'><strong>est.</strong></span> <span class='ocrx_word' id='word_1_656' title='bbox 2734 4281 2812 4332; x_wconf 83' lang='lat' dir='ltr'><strong>Ac</strong></span> <span class='ocrx_word' id='word_1_657' title='bbox 2861 4291 3041 4347; x_wconf 76' lang='lat' dir='ltr'><strong>neque</strong></span> <span class='ocrx_word' id='word_1_658' title='bbox 3070 4290 3175 4329; x_wconf 86' lang='lat' dir='ltr'><strong>nos</strong></span> <span class='ocrx_word' id='word_1_659' title='bbox 3221 4275 3419 4330; x_wconf 66' lang='lat' dir='ltr'><strong>futurae</strong></span> <span class='ocrx_word' id='word_1_660' title='bbox 3450 4275 3530 4328; x_wconf 75' lang='lat' dir='ltr'><strong>vi—</strong></span> 
     </span>
    </p>
   </div>
   <div class='ocr_carea' id='block_1_89' title="bbox 1941 4367 3526 4446">
    <p class='ocr_par' dir='ltr' id='par_1_89' title="bbox 1941 4367 3526 4446">
     <span class='ocr_line' id='line_1_89' title="bbox 1941 4367 3526 4446; baseline -0.007 -13"><span class='ocrx_word' id='word_1_661' title='bbox 1941 4377 2126 4433; x_wconf 68' lang='lat' dir='ltr'><strong>ctoriae</strong></span> <span class='ocrx_word' id='word_1_662' title='bbox 2159 4376 2357 4446; x_wconf 84' lang='lat' dir='ltr'><strong>pignus</strong></span> <span class='ocrx_word' id='word_1_663' title='bbox 2393 4375 2563 4427; x_wconf 90' lang='lat' dir='ltr'><strong>ullum</strong></span> <span class='ocrx_word' id='word_1_664' title='bbox 2593 4380 2808 4426; x_wconf 91' lang='lat' dir='ltr'><strong>certum</strong></span> <span class='ocrx_word' id='word_1_665' title='bbox 2840 4369 3122 4435; x_wconf 70' lang='lat' dir='ltr'><strong>habemus</strong></span> <span class='ocrx_word' id='word_1_666' title='bbox 3143 4409 3159 4435; x_wconf 90' lang='lat'><strong>,</strong></span> <span class='ocrx_word' id='word_1_667' title='bbox 3202 4383 3305 4424; x_wconf 90' lang='lat' dir='ltr'><strong>nec</strong></span> <span class='ocrx_word' id='word_1_668' title='bbox 3341 4367 3387 4424; x_wconf 87' lang='lat' dir='ltr'><strong>si</strong></span> <span class='ocrx_word' id='word_1_669' title='bbox 3419 4383 3526 4438; x_wconf 87' lang='lat' dir='ltr'><strong>qua</strong></span> 
     </span>
    </p>
   </div>
   <div class='ocr_carea' id='block_1_90' title="bbox 1941 4461 3529 4540">
    <p class='ocr_par' dir='ltr' id='par_1_90' title="bbox 1941 4461 3529 4540">
     <span class='ocr_line' id='line_1_90' title="bbox 1941 4461 3529 4540; baseline -0.006 -16"><span class='ocrx_word' id='word_1_670' title='bbox 1941 4470 2051 4524; x_wconf 88' lang='lat' dir='ltr'><strong>illis</strong></span> <span class='ocrx_word' id='word_1_671' title='bbox 2069 4467 2343 4540; x_wconf 84' lang='lat' dir='ltr'><strong>ejusmodi</strong></span> <span class='ocrx_word' id='word_1_672' title='bbox 2375 4464 2572 4520; x_wconf 82' lang='lat' dir='ltr'><strong>ﬁducia</strong></span> <span class='ocrx_word' id='word_1_673' title='bbox 2599 4472 2705 4528; x_wconf 89' lang='lat' dir='ltr'><strong>est,</strong></span> <span class='ocrx_word' id='word_1_674' title='bbox 2725 4480 2789 4519; x_wconf 87' lang='lat' dir='ltr'><strong>ea</strong></span> <span class='ocrx_word' id='word_1_675' title='bbox 2815 4462 2929 4518; x_wconf 77' lang='lat' dir='ltr'><strong>falli</strong></span> <span class='ocrx_word' id='word_1_676' title='bbox 2956 4476 3066 4518; x_wconf 88' lang='lat' dir='ltr'><strong>non</strong></span> <span class='ocrx_word' id='word_1_677' title='bbox 3092 4469 3291 4532; x_wconf 87' lang='lat' dir='ltr'><strong>potest.</strong></span> <span class='ocrx_word' id='word_1_678' title='bbox 3315 4461 3529 4531; x_wconf 85' lang='lat' dir='ltr'><strong>Quippe</strong></span> 
     </span>
    </p>
   </div>
   <div class='ocr_carea' id='block_1_91' title="bbox 1940 4556 3527 4632">
    <p class='ocr_par' dir='ltr' id='par_1_91' title="bbox 1940 4556 3527 4632">
     <span class='ocr_line' id='line_1_91' title="bbox 1940 4556 3527 4632; baseline -0.007 -13"><span class='ocrx_word' id='word_1_679' title='bbox 1940 4574 1998 4620; x_wconf 92' lang='lat' dir='ltr'><strong>et</strong></span> <span class='ocrx_word' id='word_1_680' title='bbox 2029 4562 2296 4617; x_wconf 87' lang='lat' dir='ltr'><strong>montium</strong></span> <span class='ocrx_word' id='word_1_681' title='bbox 2328 4559 2460 4632; x_wconf 88' lang='lat' dir='ltr'><strong>juga</strong></span> <span class='ocrx_word' id='word_1_682' title='bbox 2489 4573 2709 4630; x_wconf 86' lang='lat' dir='ltr'><strong>aspera,</strong></span> <span class='ocrx_word' id='word_1_683' title='bbox 2751 4559 2955 4629; x_wconf 89' lang='lat' dir='ltr'><strong>quibus</strong></span> <span class='ocrx_word' id='word_1_684' title='bbox 3006 4563 3203 4611; x_wconf 83' lang='lat' dir='ltr'><strong>natura</strong></span> <span class='ocrx_word' id='word_1_685' title='bbox 3245 4556 3527 4626; x_wconf 74' lang='lat' dir='ltr'><strong>regionem</strong></span> 
     </span>
    </p>
   </div>
   <div class='ocr_carea' id='block_1_92' title="bbox 1942 4648 3523 4724">
    <p class='ocr_par' dir='ltr' id='par_1_92' title="bbox 1942 4648 3523 4724">
     <span class='ocr_line' id='line_1_92' title="bbox 1942 4648 3523 4724; baseline -0.006 -13"><span class='ocrx_word' id='word_1_686' title='bbox 1942 4656 2186 4724; x_wconf 87' lang='lat' dir='ltr'><strong>undique</strong></span> <span class='ocrx_word' id='word_1_687' title='bbox 2216 4654 2437 4720; x_wconf 90' lang='lat' dir='ltr'><strong>muniit,</strong></span> <span class='ocrx_word' id='word_1_688' title='bbox 2469 4652 2811 4709; x_wconf 82' lang='lat' dir='ltr'><strong>habitatores</strong></span> <span class='ocrx_word' id='word_1_689' title='bbox 2845 4659 2994 4706; x_wconf 89' lang='lat' dir='ltr'><strong>tutos</strong></span> <span class='ocrx_word' id='word_1_690' title='bbox 3024 4659 3079 4706; x_wconf 89' lang='lat' dir='ltr'><strong>et</strong></span> <span class='ocrx_word' id='word_1_691' title='bbox 3110 4648 3349 4704; x_wconf 87' lang='lat' dir='ltr'><strong>audaces</strong></span> <span class='ocrx_word' id='word_1_692' title='bbox 3386 4664 3523 4718; x_wconf 67' lang='lat' dir='ltr'><strong>prte-</strong></span> 
     </span>
    </p>
   </div>
   <div class='ocr_carea' id='block_1_93' title="bbox 258 4727 1831 4820">
    <p class='ocr_par' dir='ltr' id='par_1_93' title="bbox 258 4747 1831 4820">
     <span class='ocr_line' id='line_1_93' title="bbox 258 4747 1831 4820; baseline -0.001 -19"><span class='ocrx_word' id='word_1_693' title='bbox 258 4751 414 4819; x_wconf 74' lang='grc' dir='ltr'>χόθεν</span> <span class='ocrx_word' id='word_1_694' title='bbox 448 4750 548 4820; x_wconf 79' lang='grc' dir='ltr'>τὴν</span> <span class='ocrx_word' id='word_1_695' title='bbox 575 4747 759 4820; x_wconf 89' lang='grc' dir='ltr'>χώραν</span> <span class='ocrx_word' id='word_1_696' title='bbox 788 4747 1103 4819; x_wconf 78' lang='grc' dir='ltr'>ὠχύρωσεν,</span> <span class='ocrx_word' id='word_1_697' title='bbox 1133 4747 1438 4818; x_wconf 81' lang='grc' dir='ltr'>ἀσφάλειάν</span> <span class='ocrx_word' id='word_1_698' title='bbox 1484 4765 1545 4801; x_wconf 85' lang='grc' dir='ltr'><strong>τε</strong></span> <span class='ocrx_word' id='word_1_699' title='bbox 1576 4749 1672 4801; x_wconf 73' lang='grc' dir='ltr'>καὶ</span> <span class='ocrx_word' id='word_1_700' title='bbox 1698 4748 1831 4818; x_wconf 83' lang='grc' dir='ltr'>θάρ-</span> 
     </span>
    </p>
   </div>
   <div class='ocr_carea' id='block_1_94' title="bbox 1933 4727 3527 4820">
    <p class='ocr_par' dir='ltr' id='par_1_94' title="bbox 1943 4740 3527 4819">
     <span class='ocr_line' id='line_1_94' title="bbox 1943 4740 3527 4819; baseline -0.007 -13"><span class='ocrx_word' id='word_1_701' title='bbox 1943 4756 2134 4817; x_wconf 87' lang='lat' dir='ltr'><strong>stant;</strong></span> <span class='ocrx_word' id='word_1_702' title='bbox 2168 4758 2223 4804; x_wconf 92' lang='lat' dir='ltr'><strong>et</strong></span> <span class='ocrx_word' id='word_1_703' title='bbox 2255 4747 2481 4804; x_wconf 86' lang='lat' dir='ltr'><strong>castella</strong></span> <span class='ocrx_word' id='word_1_704' title='bbox 2512 4747 2565 4801; x_wconf 93' lang='lat' dir='ltr'><strong>in</strong></span> <span class='ocrx_word' id='word_1_705' title='bbox 2600 4746 2728 4800; x_wconf 84' lang='lat' dir='ltr'><strong>altis</strong></span> <span class='ocrx_word' id='word_1_706' title='bbox 2769 4745 2873 4800; x_wconf 86' lang='lat' dir='ltr'><strong>sita</strong></span> <span class='ocrx_word' id='word_1_707' title='bbox 2908 4743 3194 4799; x_wconf 88' lang='lat' dir='ltr'><strong>montibus</strong></span> <span class='ocrx_word' id='word_1_708' title='bbox 3237 4740 3527 4819; x_wconf 81' lang='lat' dir='ltr'><strong>obsidendi</strong></span> 
     </span>
    </p>
   </div>
   <div class='ocr_carea' id='block_1_95' title="bbox 260 4841 1834 4914">
    <p class='ocr_par' dir='ltr' id='par_1_95' title="bbox 260 4841 1834 4914">
     <span class='ocr_line' id='line_1_95' title="bbox 260 4841 1834 4914; baseline -0.001 -17"><span class='ocrx_word' id='word_1_709' title='bbox 260 4861 346 4907; x_wconf 82' lang='grc' dir='ltr'><strong>σος</strong></span> <span class='ocrx_word' id='word_1_710' title='bbox 373 4845 488 4906; x_wconf 84' lang='grc' dir='ltr'>τοῖς</span> <span class='ocrx_word' id='word_1_711' title='bbox 524 4841 708 4914; x_wconf 81' lang='grc' dir='ltr'>ἔχουσι</span> <span class='ocrx_word' id='word_1_712' title='bbox 741 4841 961 4896; x_wconf 81' lang='grc' dir='ltr'>δίδωσι·</span> <span class='ocrx_word' id='word_1_713' title='bbox 999 4841 1073 4896; x_wconf 87' lang='grc' dir='ltr'><strong>τά</strong></span> <span class='ocrx_word' id='word_1_714' title='bbox 1111 4858 1169 4895; x_wconf 88' lang='grc' dir='ltr'><strong>τε</strong></span> <span class='ocrx_word' id='word_1_715' title='bbox 1216 4843 1458 4913; x_wconf 85' lang='grc' dir='ltr'>φρούρια</span> <span class='ocrx_word' id='word_1_716' title='bbox 1490 4842 1575 4911; x_wconf 80' lang='grc' dir='ltr'><strong>ἐφ’</strong></span> <span class='ocrx_word' id='word_1_717' title='bbox 1609 4842 1834 4912; x_wconf 76' lang='grc' dir='ltr'>ὑψηλῶν</span> 
     </span>
    </p>
   </div>
   <div class='ocr_carea' id='block_1_96' title="bbox 260 4932 1832 5007">
    <p class='ocr_par' dir='ltr' id='par_1_96' title="bbox 260 4932 1832 5007">
     <span class='ocr_line' id='line_1_96' title="bbox 260 4932 1832 5007; baseline -0.001 -18"><span class='ocrx_word' id='word_1_718' title='bbox 260 4937 523 5007; x_wconf 66' lang='grc' dir='ltr'>ἱδρυμένα</span> <span class='ocrx_word' id='word_1_719' title='bbox 564 4934 671 4990; x_wconf 86' lang='grc' dir='ltr'><strong>τῶν</strong></span> <span class='ocrx_word' id='word_1_720' title='bbox 704 4937 888 4989; x_wconf 83' lang='grc' dir='ltr'>τόπων</span> <span class='ocrx_word' id='word_1_721' title='bbox 938 4936 1227 5007; x_wconf 84' lang='grc' dir='ltr'>ἀμήχανον</span> <span class='ocrx_word' id='word_1_722' title='bbox 1278 4936 1414 5006; x_wconf 77' lang='grc' dir='ltr'>ἡμῖν</span> <span class='ocrx_word' id='word_1_723' title='bbox 1450 4932 1694 5004; x_wconf 78' lang='grc' dir='ltr'>παρέξει</span> <span class='ocrx_word' id='word_1_724' title='bbox 1732 4936 1832 5005; x_wconf 76' lang='grc' dir='ltr'>τὴν</span> 
     </span>
    </p>
   </div>
   <div class='ocr_carea' id='block_1_97' title="bbox 260 5025 1833 5098">
    <p class='ocr_par' dir='ltr' id='par_1_97' title="bbox 260 5025 1833 5098">
     <span class='ocr_line' id='line_1_97' title="bbox 260 5025 1833 5098; baseline -0.001 -18"><span class='ocrx_word' id='word_1_725' title='bbox 260 5028 599 5098; x_wconf 72' lang='grc' dir='ltr'>πολιορκίαν.</span> <span class='ocrx_word' id='word_1_726' title='bbox 647 5028 807 5081; x_wconf 82' lang='grc' dir='ltr'>Ὥστε</span> <span class='ocrx_word' id='word_1_727' title='bbox 856 5028 1137 5098; x_wconf 86' lang='grc' dir='ltr'>ὁποτέρως</span> <span class='ocrx_word' id='word_1_728' title='bbox 1173 5025 1284 5093; x_wconf 70' lang='grc' dir='ltr'>ἔξει</span> <span class='ocrx_word' id='word_1_729' title='bbox 1323 5026 1387 5080; x_wconf 83' lang='grc' dir='ltr'><strong>τδ</strong></span> <span class='ocrx_word' id='word_1_730' title='bbox 1419 5026 1676 5098; x_wconf 80' lang='grc' dir='ltr'>πρᾶγμα,</span> <span class='ocrx_word' id='word_1_731' title='bbox 1731 5026 1833 5079; x_wconf 78' lang='grc' dir='ltr'>οὐκ</span> 
     </span>
    </p>
   </div>
   <div class='ocr_carea' id='block_1_98' title="bbox 258 5117 1835 5192">
    <p class='ocr_par' dir='ltr' id='par_1_98' title="bbox 258 5117 1835 5192">
     <span class='ocr_line' id='line_1_98' title="bbox 258 5117 1835 5192; baseline -0.003 -19"><span class='ocrx_word' id='word_1_732' title='bbox 258 5120 416 5175; x_wconf 77' lang='grc' dir='ltr'>εὔοδα</span> <span class='ocrx_word' id='word_1_733' title='bbox 456 5123 527 5175; x_wconf 66' lang='grc' dir='ltr'>τὰ</span> <span class='ocrx_word' id='word_1_734' title='bbox 570 5119 672 5191; x_wconf 83' lang='grc' dir='ltr'>τῆς</span> <span class='ocrx_word' id='word_1_735' title='bbox 720 5120 1045 5183; x_wconf 74' lang='grc' dir='ltr'>ἀποϐάσεως</span> <span class='ocrx_word' id='word_1_736' title='bbox 1086 5121 1221 5192; x_wconf 76' lang='grc' dir='ltr'>ἡμῖν</span> <span class='ocrx_word' id='word_1_737' title='bbox 1267 5120 1485 5192; x_wconf 62' lang='grc' dir='ltr'>ἀπαντᾷ</span> <span class='ocrx_word' id='word_1_738' title='bbox 1516 5118 1693 5181; x_wconf 80' lang='grc' dir='ltr'>οὕτως</span> <span class='ocrx_word' id='word_1_739' title='bbox 1739 5117 1835 5171; x_wconf 73' lang='grc' dir='ltr'><strong>ἐπὶ</strong></span> 
     </span>
    </p>
   </div>
   <div class='ocr_carea' id='block_1_99' title="bbox 259 5202 1838 5286">
    <p class='ocr_par' dir='ltr' id='par_1_99' title="bbox 259 5202 1838 5286">
     <span class='ocr_line' id='line_1_99' title="bbox 259 5202 1838 5286; baseline -0.003 -16"><span class='ocrx_word' id='word_1_740' title='bbox 259 5216 417 5286; x_wconf 82' lang='grc' dir='ltr'>ξένης</span> <span class='ocrx_word' id='word_1_741' title='bbox 444 5215 825 5286; x_wconf 88' lang='grc' dir='ltr'>πλανωμένοις</span> <span class='ocrx_word' id='word_1_742' title='bbox 857 5218 956 5268; x_wconf 82' lang='grc' dir='ltr'>καὶ</span> <span class='ocrx_word' id='word_1_743' title='bbox 998 5212 1288 5285; x_wconf 82' lang='grc' dir='ltr'>ἀλλοτρίας</span> <span class='ocrx_word' id='word_1_744' title='bbox 1319 5213 1418 5266; x_wconf 78' lang='grc' dir='ltr'>καὶ</span> <span class='ocrx_word' id='word_1_745' title='bbox 1450 5211 1709 5267; x_wconf 81' lang='grc' dir='ltr'>τοσοῦτον</span> <span class='ocrx_word' id='word_1_746' title='bbox 1737 5202 1838 5281; x_wconf 62' lang='grc' dir='ltr'><strong>τῆς</strong></span> 
     </span>
    </p>
   </div>
   <div class='ocr_carea' id='block_1_100' title="bbox 255 5303 1832 5379">
    <p class='ocr_par' dir='ltr' id='par_1_100' title="bbox 255 5303 1832 5379">
     <span class='ocr_line' id='line_1_100' title="bbox 255 5303 1832 5379; baseline -0.003 -17"><span class='ocrx_word' id='word_1_747' title='bbox 255 5311 462 5373; x_wconf 78' lang='grc' dir='ltr'>οἰκείας</span> <span class='ocrx_word' id='word_1_748' title='bbox 488 5308 918 5379; x_wconf 81' lang='grc' dir='ltr'>ἀπῳκισμένοις.</span> <span class='ocrx_word' id='word_1_749' title='bbox 949 5307 1074 5360; x_wconf 90' lang='grc' dir='ltr'><strong>Τῶν</strong></span> <span class='ocrx_word' id='word_1_750' title='bbox 1111 5305 1206 5360; x_wconf 79' lang='grc' dir='ltr'>οὖν</span> <span class='ocrx_word' id='word_1_751' title='bbox 1228 5305 1600 5360; x_wconf 80' lang='grc' dir='ltr'>ἀτοπωτάτων</span> <span class='ocrx_word' id='word_1_752' title='bbox 1632 5303 1700 5358; x_wconf 75' lang='grc' dir='ltr'>ἂν</span> <span class='ocrx_word' id='word_1_753' title='bbox 1721 5305 1832 5376; x_wconf 71' lang='grc' dir='ltr'>εἴη,</span> 
     </span>
    </p>
   </div>
   <div class='ocr_carea' id='block_1_101' title="bbox 260 5397 1835 5475">
    <p class='ocr_par' dir='ltr' id='par_1_101' title="bbox 260 5397 1835 5475">
     <span class='ocr_line' id='line_1_101' title="bbox 260 5397 1835 5475; baseline -0.003 -20"><span class='ocrx_word' id='word_1_754' title='bbox 260 5404 433 5475; x_wconf 82' lang='grc' dir='ltr'>παρὸν</span> <span class='ocrx_word' id='word_1_755' title='bbox 487 5404 768 5475; x_wconf 78' lang='grc' dir='ltr'>ἐμπλῆσαι</span> <span class='ocrx_word' id='word_1_756' title='bbox 810 5401 1087 5456; x_wconf 86' lang='grc' dir='ltr'>τοσούτων</span> <span class='ocrx_word' id='word_1_757' title='bbox 1140 5401 1463 5473; x_wconf 78' lang='grc' dir='ltr'>χρημάτων,</span> <span class='ocrx_word' id='word_1_758' title='bbox 1495 5399 1595 5463; x_wconf 88' lang='grc' dir='ltr'><strong>τάς</strong></span> <span class='ocrx_word' id='word_1_759' title='bbox 1648 5397 1835 5464; x_wconf 81' lang='grc' dir='ltr'>δεξιὰς</span> 
     </span>
    </p>
   </div>
   <div class='ocr_carea' id='block_1_102' title="bbox 260 5489 1834 5566">
    <p class='ocr_par' dir='ltr' id='par_1_102' title="bbox 260 5489 1834 5566">
     <span class='ocr_line' id='line_1_102' title="bbox 260 5489 1834 5566; baseline 0.006 -16"><span class='ocrx_word' id='word_1_760' title='bbox 260 5497 384 5550; x_wconf 78' lang='grc' dir='ltr'>ἄνευ</span> <span class='ocrx_word' id='word_1_761' title='bbox 422 5498 599 5551; x_wconf 88' lang='grc' dir='ltr'>πόνων</span> <span class='ocrx_word' id='word_1_762' title='bbox 628 5496 724 5552; x_wconf 76' lang='grc' dir='ltr'><strong>καὶ</strong></span> <span class='ocrx_word' id='word_1_763' title='bbox 768 5497 885 5565; x_wconf 76' lang='grc' dir='ltr'>ἅμα</span> <span class='ocrx_word' id='word_1_764' title='bbox 925 5493 1235 5566; x_wconf 87' lang='grc' dir='ltr'>συμμάχων</span> <span class='ocrx_word' id='word_1_765' title='bbox 1269 5492 1365 5555; x_wconf 69' lang='grc' dir='ltr'>καὶ</span> <span class='ocrx_word' id='word_1_766' title='bbox 1395 5491 1567 5565; x_wconf 74' lang='grc' dir='ltr'>φίλων</span> <span class='ocrx_word' id='word_1_767' title='bbox 1592 5489 1834 5561; x_wconf 66' lang='grc' dir='ltr'><strong>εὐπορῆ-</strong></span> 
     </span>
    </p>
   </div>
   <div class='ocr_carea' id='block_1_103' title="bbox 1940 4826 3530 4903">
    <p class='ocr_par' dir='ltr' id='par_1_103' title="bbox 1940 4826 3530 4903">
     <span class='ocr_line' id='line_1_103' title="bbox 1940 4826 3530 4903; baseline -0.007 -5"><span class='ocrx_word' id='word_1_768' title='bbox 1940 4841 2260 4898; x_wconf 75' lang='lat' dir='ltr'><strong>facultatem</strong></span> <span class='ocrx_word' id='word_1_769' title='bbox 2285 4853 2507 4895; x_wconf 89' lang='lat' dir='ltr'><strong>omnem</strong></span> <span class='ocrx_word' id='word_1_770' title='bbox 2540 4838 2701 4893; x_wconf 89' lang='lat' dir='ltr'><strong>nobis</strong></span> <span class='ocrx_word' id='word_1_771' title='bbox 2730 4836 3003 4892; x_wconf 86' lang='lat' dir='ltr'><strong>adimunt.</strong></span> <span class='ocrx_word' id='word_1_772' title='bbox 3032 4834 3216 4902; x_wconf 81' lang='lat' dir='ltr'><strong>Quare</strong></span> <span class='ocrx_word' id='word_1_773' title='bbox 3247 4826 3530 4903; x_wconf 84' lang='lat' dir='ltr'><strong>utcunque</strong></span> 
     </span>
    </p>
   </div>
   <div class='ocr_carea' id='block_1_104' title="bbox 1941 4923 3528 4994">
    <p class='ocr_par' dir='ltr' id='par_1_104' title="bbox 1941 4923 3528 4994">
     <span class='ocr_line' id='line_1_104' title="bbox 1941 4923 3528 4994; baseline -0.007 -7"><span class='ocrx_word' id='word_1_774' title='bbox 1941 4947 2031 4987; x_wconf 87' lang='lat' dir='ltr'><strong>res</strong></span> <span class='ocrx_word' id='word_1_775' title='bbox 2061 4930 2345 4994; x_wconf 87' lang='lat' dir='ltr'><strong>ceciderit,</strong></span> <span class='ocrx_word' id='word_1_776' title='bbox 2378 4944 2486 4983; x_wconf 91' lang='lat' dir='ltr'><strong>non</strong></span> <span class='ocrx_word' id='word_1_777' title='bbox 2531 4927 2694 4983; x_wconf 79' lang='lat' dir='ltr'><strong>facile</strong></span> <span class='ocrx_word' id='word_1_778' title='bbox 2723 4926 2828 4983; x_wconf 80' lang='lat' dir='ltr'><strong>hac</strong></span> <span class='ocrx_word' id='word_1_779' title='bbox 2856 4927 2941 4981; x_wconf 89' lang='lat' dir='ltr'><strong>via</strong></span> <span class='ocrx_word' id='word_1_780' title='bbox 2967 4926 3129 4981; x_wconf 88' lang='lat' dir='ltr'><strong>nobis</strong></span> <span class='ocrx_word' id='word_1_781' title='bbox 3158 4924 3444 4990; x_wconf 88' lang='lat' dir='ltr'><strong>succedet,</strong></span> <span class='ocrx_word' id='word_1_782' title='bbox 3471 4923 3528 4983; x_wconf 83' lang='lat' dir='ltr'><strong>in</strong></span> 
     </span>
    </p>
   </div>
   <div class='ocr_carea' id='block_1_105' title="bbox 1939 5017 3530 5094">
    <p class='ocr_par' dir='ltr' id='par_1_105' title="bbox 1939 5017 3530 5094">
     <span class='ocr_line' id='line_1_105' title="bbox 1939 5017 3530 5094; baseline -0.007 -13"><span class='ocrx_word' id='word_1_783' title='bbox 1939 5024 2124 5082; x_wconf 86' lang='lat' dir='ltr'><strong>alieno</strong></span> <span class='ocrx_word' id='word_1_784' title='bbox 2167 5038 2233 5080; x_wconf 86' lang='lat' dir='ltr'><strong>ac</strong></span> <span class='ocrx_word' id='word_1_785' title='bbox 2285 5022 2583 5094; x_wconf 89' lang='lat' dir='ltr'><strong>peregrino</strong></span> <span class='ocrx_word' id='word_1_786' title='bbox 2631 5020 2792 5092; x_wconf 77' lang='lat'><strong>251</strong></span> <span class='ocrx_word' id='word_1_787' title='bbox 2844 5021 2964 5075; x_wconf 86' lang='lat' dir='ltr'><strong>solo</strong></span> <span class='ocrx_word' id='word_1_788' title='bbox 3009 5017 3428 5084; x_wconf 85' lang='lat' dir='ltr'><strong>oberrantibus,</strong></span> <span class='ocrx_word' id='word_1_789' title='bbox 3473 5025 3530 5071; x_wconf 77' lang='lat' dir='ltr'><strong>et</strong></span> 
     </span>
    </p>
   </div>
   <div class='ocr_carea' id='block_1_106' title="bbox 1941 5111 3532 5189">
    <p class='ocr_par' dir='ltr' id='par_1_106' title="bbox 1941 5111 3532 5189">
     <span class='ocr_line' id='line_1_106' title="bbox 1941 5111 3532 5189; baseline -0.006 -15"><span class='ocrx_word' id='word_1_790' title='bbox 1941 5128 2051 5174; x_wconf 85' lang='lat' dir='ltr'><strong>tam</strong></span> <span class='ocrx_word' id='word_1_791' title='bbox 2084 5119 2244 5189; x_wconf 90' lang='lat' dir='ltr'><strong>longe</strong></span> <span class='ocrx_word' id='word_1_792' title='bbox 2274 5132 2304 5172; x_wconf 89' lang='lat' dir='ltr'><strong>a</strong></span> <span class='ocrx_word' id='word_1_793' title='bbox 2336 5115 2514 5186; x_wconf 87' lang='lat' dir='ltr'><strong>patria</strong></span> <span class='ocrx_word' id='word_1_794' title='bbox 2543 5115 2817 5186; x_wconf 71' lang='lat' dir='ltr'><strong>relegatis.</strong></span> <span class='ocrx_word' id='word_1_795' title='bbox 2849 5113 3326 5168; x_wconf 84' lang='lat' dir='ltr'><strong>Absurdissimum</strong></span> <span class='ocrx_word' id='word_1_796' title='bbox 3360 5111 3532 5183; x_wconf 83' lang='lat' dir='ltr'><strong>igitur</strong></span> 
     </span>
    </p>
   </div>
   <div class='ocr_carea' id='block_1_107' title="bbox 1941 5205 3528 5279">
    <p class='ocr_par' dir='ltr' id='par_1_107' title="bbox 1941 5205 3528 5279">
     <span class='ocr_line' id='line_1_107' title="bbox 1941 5205 3528 5279; baseline -0.006 -13"><span class='ocrx_word' id='word_1_797' title='bbox 1941 5211 2132 5273; x_wconf 79' lang='lat' dir='ltr'><strong>fuerit,</strong></span> <span class='ocrx_word' id='word_1_798' title='bbox 2171 5225 2298 5265; x_wconf 91' lang='lat' dir='ltr'><strong>cum</strong></span> <span class='ocrx_word' id='word_1_799' title='bbox 2341 5210 2552 5279; x_wconf 88' lang='lat' dir='ltr'><strong>absque</strong></span> <span class='ocrx_word' id='word_1_800' title='bbox 2596 5207 2789 5263; x_wconf 84' lang='lat' dir='ltr'><strong>labore</strong></span> <span class='ocrx_word' id='word_1_801' title='bbox 2830 5205 3069 5277; x_wconf 83' lang='lat' dir='ltr'><strong>pecunia</strong></span> <span class='ocrx_word' id='word_1_802' title='bbox 3116 5206 3373 5261; x_wconf 76' lang='lat' dir='ltr'><strong>dexteras</strong></span> <span class='ocrx_word' id='word_1_803' title='bbox 3423 5208 3528 5256; x_wconf 76' lang='lat' dir='ltr'><strong>im-</strong></span> 
     </span>
    </p>
   </div>
   <div class='ocr_carea' id='block_1_108' title="bbox 1942 5295 3530 5376">
    <p class='ocr_par' dir='ltr' id='par_1_108' title="bbox 1942 5295 3530 5376">
     <span class='ocr_line' id='line_1_108' title="bbox 1942 5295 3530 5376; baseline -0.006 -17"><span class='ocrx_word' id='word_1_804' title='bbox 1942 5302 2093 5376; x_wconf 90' lang='lat' dir='ltr'><strong>plere</strong></span> <span class='ocrx_word' id='word_1_805' title='bbox 2125 5303 2434 5371; x_wconf 88' lang='lat' dir='ltr'><strong>eademque</strong></span> <span class='ocrx_word' id='word_1_806' title='bbox 2462 5315 2628 5370; x_wconf 87' lang='lat' dir='ltr'><strong>opera</strong></span> <span class='ocrx_word' id='word_1_807' title='bbox 2662 5299 2843 5355; x_wconf 89' lang='lat' dir='ltr'><strong>socios</strong></span> <span class='ocrx_word' id='word_1_808' title='bbox 2874 5298 3034 5354; x_wconf 88' lang='lat' dir='ltr'><strong>nobis</strong></span> <span class='ocrx_word' id='word_1_809' title='bbox 3063 5304 3121 5353; x_wconf 91' lang='lat' dir='ltr'><strong>et</strong></span> <span class='ocrx_word' id='word_1_810' title='bbox 3149 5296 3355 5351; x_wconf 87' lang='lat' dir='ltr'><strong>amicos</strong></span> <span class='ocrx_word' id='word_1_811' title='bbox 3395 5295 3530 5350; x_wconf 85' lang='lat' dir='ltr'><strong>tales</strong></span> 
     </span>
    </p>
   </div>
   <div class='ocr_carea' id='block_1_109' title="bbox 1938 5392 3528 5467">
    <p class='ocr_par' dir='ltr' id='par_1_109' title="bbox 1938 5392 3528 5467">
     <span class='ocr_line' id='line_1_109' title="bbox 1938 5392 3528 5467; baseline -0.006 -16"><span class='ocrx_word' id='word_1_812' title='bbox 1938 5396 2226 5467; x_wconf 84' lang='lat' dir='ltr'><strong>acquirere</strong></span> <span class='ocrx_word' id='word_1_813' title='bbox 2270 5396 2566 5466; x_wconf 88' lang='lat' dir='ltr'><strong>possimus,</strong></span> <span class='ocrx_word' id='word_1_814' title='bbox 2622 5409 2686 5448; x_wconf 73' lang='lat' dir='ltr'><strong>ea</strong></span> <span class='ocrx_word' id='word_1_815' title='bbox 2740 5392 3032 5453; x_wconf 77' lang='lat' dir='ltr'><strong>occasione</strong></span> <span class='ocrx_word' id='word_1_816' title='bbox 3070 5399 3278 5461; x_wconf 82' lang='lat' dir='ltr'><strong>spreta,</strong></span> <span class='ocrx_word' id='word_1_817' title='bbox 3331 5402 3528 5458; x_wconf 85' lang='lat' dir='ltr'><strong>magna</strong></span> 
     </span>
    </p>
   </div>
   <div class='ocr_carea' id='block_1_110' title="bbox 1941 5485 2845 5559">
    <p class='ocr_par' dir='ltr' id='par_1_110' title="bbox 1941 5485 2845 5559">
     <span class='ocr_line' id='line_1_110' title="bbox 1941 5485 2845 5559; baseline -0.004 -18"><span class='ocrx_word' id='word_1_818' title='bbox 1941 5489 2184 5559; x_wconf 82' lang='lat' dir='ltr'><strong>pericula</strong></span> <span class='ocrx_word' id='word_1_819' title='bbox 2212 5489 2418 5544; x_wconf 87' lang='lat' dir='ltr'><strong>incerta</strong></span> <span class='ocrx_word' id='word_1_820' title='bbox 2447 5502 2544 5558; x_wconf 88' lang='lat' dir='ltr'><strong>spe</strong></span> <span class='ocrx_word' id='word_1_821' title='bbox 2577 5485 2784 5541; x_wconf 86' lang='lat' dir='ltr'><strong>subire.</strong></span> <span class='ocrx_word' id='word_1_822' title='bbox 2826 5504 2845 5537; x_wconf 72' lang='grc' dir='ltr'><strong>ι</strong></span> 
     </span>
    </p>
   </div>
   <div class='ocr_carea' id='block_1_111' title="bbox 266 5583 3209 5663">
    <p class='ocr_par' dir='ltr' id='par_1_111' title="bbox 266 5583 3209 5663">
     <span class='ocr_line' id='line_1_111' title="bbox 266 5583 3209 5663; baseline -0.004 -16"><span class='ocrx_word' id='word_1_823' title='bbox 266 5610 348 5649; x_wconf 82' lang='grc' dir='ltr'><strong>σαι</strong></span> <span class='ocrx_word' id='word_1_824' title='bbox 378 5594 662 5663; x_wconf 89' lang='grc' dir='ltr'>τοιούτων,</span> <span class='ocrx_word' id='word_1_825' title='bbox 694 5592 884 5647; x_wconf 71' lang='grc' dir='ltr'>ἔπειτα</span> <span class='ocrx_word' id='word_1_826' title='bbox 920 5592 1389 5663; x_wconf 83' lang='grc' dir='ltr'>παραδραμόντας</span> <span class='ocrx_word' id='word_1_827' title='bbox 1417 5589 1560 5659; x_wconf 78' lang='grc' dir='ltr'>ὑπὲρ</span> <span class='ocrx_word' id='word_1_828' title='bbox 1605 5587 1823 5657; x_wconf 76' lang='grc' dir='ltr'>ἀδήλων</span> <span class='ocrx_word' id='word_1_829' title='bbox 1861 5586 2105 5640; x_wconf 77' lang='grc' dir='ltr'>ἀλπίδων</span> <span class='ocrx_word' id='word_1_830' title='bbox 2138 5587 2414 5658; x_wconf 84' lang='grc' dir='ltr'>μεγάλους</span> <span class='ocrx_word' id='word_1_831' title='bbox 2460 5585 2823 5657; x_wconf 77' lang='grc' dir='ltr'>ἀναδέχεσθαι</span> <span class='ocrx_word' id='word_1_832' title='bbox 2858 5583 3165 5647; x_wconf 86' lang='grc' dir='ltr'>κινδύνους.</span> <span class='ocrx_word' id='word_1_833' title='bbox 3192 5601 3209 5634; x_wconf 78' lang='grc' dir='ltr'><strong>ι</strong></span> 
     </span>
    </p>
   </div>
   <div class='ocr_carea' id='block_1_112' title="bbox 1567 5709 2146 5773">
    <p class='ocr_par' dir='ltr' id='par_1_112' title="bbox 1567 5709 2146 5773">
     <span class='ocr_line' id='line_1_112' title="bbox 1567 5709 2146 5773; baseline 0.002 -3"><span class='ocrx_word' id='word_1_834' title='bbox 1567 5709 1905 5772; x_wconf 79' lang='lat' dir='ltr'><strong>Variorum</strong></span> <span class='ocrx_word' id='word_1_835' title='bbox 1954 5718 2146 5773; x_wconf 67' lang='lat' dir='ltr'><strong>notae.</strong></span> 
     </span>
    </p>
   </div>
   <div class='ocr_carea' id='block_1_113' title="bbox 297 5801 3525 5904">
    <p class='ocr_par' dir='ltr' id='par_1_113' title="bbox 297 5801 3525 5904">
     <span class='ocr_line' id='line_1_113' title="bbox 297 5801 3525 5904; baseline -0.007 -26"><span class='ocrx_word' id='word_1_836' title='bbox 297 5821 683 5904; x_wconf 41' lang='lat' dir='ltr'><strong>_(76).Joaunis</strong></span> <span class='ocrx_word' id='word_1_837' title='bbox 717 5819 1078 5904; x_wconf 37' lang='lat' dir='ltr'><strong>Angeli,‘qui,</strong></span> <span class='ocrx_word' id='word_1_838' title='bbox 1131 5818 1298 5876; x_wconf 88' lang='lat' dir='ltr'><strong>ducta</strong></span> <span class='ocrx_word' id='word_1_839' title='bbox 1323 5815 1481 5874; x_wconf 83' lang='lat' dir='ltr'><strong>[rene</strong></span> <span class='ocrx_word' id='word_1_840' title='bbox 1512 5813 1818 5872; x_wconf 86' lang='lat' dir='ltr'><strong>Andronici</strong></span> <span class='ocrx_word' id='word_1_841' title='bbox 1859 5814 1974 5888; x_wconf 87' lang='lat' dir='ltr'><strong>imp</strong></span> <span class='ocrx_word' id='word_1_842' title='bbox 2026 5815 2134 5871; x_wconf 85' lang='lat' dir='ltr'><strong>tilia</strong></span> <span class='ocrx_word' id='word_1_843' title='bbox 2164 5815 2360 5881; x_wconf 86' lang='lat' dir='ltr'><strong>notha,</strong></span> <span class='ocrx_word' id='word_1_844' title='bbox 2393 5813 2636 5870; x_wconf 85' lang='lat' dir='ltr'><strong>triennio</strong></span> <span class='ocrx_word' id='word_1_845' title='bbox 2698 5822 2825 5885; x_wconf 90' lang='lat' dir='ltr'><strong>post</strong></span> <span class='ocrx_word' id='word_1_846' title='bbox 2854 5811 3026 5867; x_wconf 88' lang='lat' dir='ltr'><strong>nullis</strong></span> <span class='ocrx_word' id='word_1_847' title='bbox 3081 5803 3357 5875; x_wconf 79' lang='lat' dir='ltr'><strong>susceptis</strong></span> <span class='ocrx_word' id='word_1_848' title='bbox 3379 5801 3525 5860; x_wconf 82' lang='lat' dir='ltr'><strong>lihe-</strong></span> 
     </span>
    </p>
   </div>
   <div class='ocr_carea' id='block_1_114' title="bbox 273 5893 1145 5969">
    <p class='ocr_par' dir='ltr' id='par_1_114' title="bbox 273 5893 1145 5969">
     <span class='ocr_line' id='line_1_114' title="bbox 273 5893 1145 5969; baseline 0.005 -25"><span class='ocrx_word' id='word_1_849' title='bbox 273 5893 339 5951; x_wconf 89' lang='lat' dir='ltr'><strong>ris</strong></span> <span class='ocrx_word' id='word_1_850' title='bbox 357 5893 517 5951; x_wconf 82' lang='lat' dir='ltr'><strong>evita</strong></span> <span class='ocrx_word' id='word_1_851' title='bbox 547 5903 879 5969; x_wconf 72' lang='lat' dir='ltr'><strong>excesserat.</strong></span> <span class='ocrx_word' id='word_1_852' title='bbox 909 5893 1145 5948; x_wconf 65' lang='lat' dir='ltr'><strong>Ducam.</strong></span> 
     </span>
    </p>
   </div>
  </div>
