4088 6446
420 457 526 519 435
706 452 781 523 [Α.
828 468 883 505 ιι.
924 452 1054 505 (5⁸791
1104 467 1168 503 .tu
1211 449 1372 521 6856]

1626 455 2047 516 NlCEPIIOIll
2094 457 2482 517 GHEGOR/E

3564 461 3667 527 £38

2772 454 2907 525 [ιιιιι.
2949 470 3234 514 suunomc.
3279 457 3421 530 52s.]

409 575 626 635 sumpta
674 565 907 619 maxima
952 564 1183 619 audacia
1237 578 1431 619 omnes
1462 565 1575 619 iere
1606 564 1978 621 Romanorum

2096 567 2183 637 τὴν
2210 566 2368 636 νίκην
2396 566 2615 638 ἐκείνην
2639 567 3033 638 θρασυνθέντες
3090 571 3212 625 ὅσον
3242 572 3492 628 πλεῖστον
3543 575 3670 649 ἐξῆν

409 671 570 729 agros
606 657 755 712 circa
786 655 1079 712 Thraciam
1114 666 1493 721 vastaverunt,
1515 666 1572 712 et
1598 658 1837 727 pessime
1872 658 1983 712 illic

2087 659 2134 709 οί
2173 657 2438 729 βάρϐαροι
2474 661 2671 729 μικροῦ
2709 661 2891 714 πᾶσαν
2939 658 3184 734 ἐδῄωσαν
3207 681 3268 718 τε
3313 666 3408 721 καὶ
3435 667 3667 724 κάκιστα

409 749 641 819 grassati
684 759 865 814 sunt;
915 758 977 803 ut
1028 747 1259 803 Romani
1314 748 1530 804 duobus
1589 749 1982 819 propemodum

2096 750 2343 824 διέθηκαν
2369 752 2470 821 τὴν
2504 754 2632 823 περὶ
2666 752 2764 825 τὴν
2789 744 3013 826 Θρᾷκην
3036 756 3147 809 τῶν
3220 757 3511 828 Ῥωμαίων
3559 760 3669 830 χώ-

407 842 567 897 annis
587 840 861 896 moenibus
881 840 1063 910 egredi
1088 856 1191 895 nec
1215 840 1281 894 ad
1301 840 1567 895 arandum
1592 855 1695 895 nec
1714 840 1780 894 ad
1801 855 1985 895 sereno

408 936 535 987 dum
556 931 845 986 auderent.
865 932 994 998 Quae
1016 947 1103 988 res
1126 932 1278 1001 gravi
1299 947 1533 988 mmrore
1554 939 1607 987 et
1632 933 1986 1003 importunis-

406 1026 561 1080 simis
589 1026 751 1097 233
773 1026 922 1082 curis
944 1026 1184 1081 animum
1213 1023 1402 1083 aﬁlixit
1429 1025 1842 1094 imperatorum.
1864 1023 1982 1078 iam

404 1117 555 1173 enim
578 1133 608 1172 a
631 1117 896 1173 Romanis
917 1118 1225 1189 legionibus
1246 1117 1393 1172 nulla
1414 1132 1637 1186 prorsus
1653 1115 1838 1171 auxilii
1861 1131 1986 1185 spes

404 1219 711 1281 supererat,
731 1226 857 1273 sero
878 1212 1092 1266 tandem
1115 1211 1391 1267 intellecta
1410 1209 1660 1267 Numinis
1679 1208 1981 1275 iracundia,

292 1301 297 1307 ’
404 1318 525 1370 quae
550 1302 670 1358 illas
704 1304 1090 1369 comitabatur,
1132 1305 1314 1359 causis
1347 1319 1477 1360 vero
1506 1304 1654 1360 illius
1684 1302 1985 1359 iracundiae

407 1395 552 1451 haud
609 1396 725 1451 scio
777 1396 1053 1466 quomodo
1108 1412 1216 1451 non
1262 1396 1576 1452 intellectis.
1612 1395 1669 1451 in
1715 1397 1767 1451 id
1824 1396 1986 1466 igitur

412 1502 585 1544 unum
625 1488 819 1543 intenti
856 1500 1014 1543 erant
1063 1490 1446 1558 imperatores.
1495 1470 1555 1544 ut
1585 1489 1983 1544 mercenarium

407 1580 772 1650 undecunque
819 1582 1051 1635 militem
1116 1581 1509 1636 conducerent.
1555 1580 1615 1634 ln
1662 1594 1772 1650 quo
1832 1594 1985 1634 mora

408 1673 668 1742 temporis
697 1688 807 1727 non
842 1688 1006 1743 parva
1038 1672 1367 1736 intercessit,
1398 1673 1527 1728 dum
1561 1672 1776 1735 futuros
1836 1687 1986 1726 sum-

409 1775 538 1834 ptus
563 1775 845 1836 reputant,
868 1780 1094 1836 magnos
1121 1765 1375 1821 videlicet
1410 1776 1465 1821 et
1484 1780 1621 1835 quos
1648 1766 1811 1820 ﬁscus
1846 1763 1986 1818 ferre

408 1856 729 1912 dillicillime
763 1865 966 1927 posset.
1002 1855 1218 1910 Etenim
1255 1855 1436 1919 ﬁscus,
1473 1855 1519 1910 si
1549 1870 1788 1925 unquam
1827 1854 1986 1916 alias,

409 1964 523 2009 tum
551 1954 635 2007 vel
668 1954 904 2008 maxime
937 1962 1051 2008 erat
1089 1954 1392 2007 exhaustus
1418 1952 1489 2007 ob
1548 1949 1857 2021 provincias
1895 1963 1987 2001 va-

408 2054 597 2100 statas.
623 2043 830 2101 Tamen
856 2053 1085 2116 urgente
1108 2044 1441 2100 necessitate‘
1458 2053 1514 2098 et
1536 2042 1820 2097 minimum
1842 2040 1992 2110 quie-

410 2143 477 2195 tis
521 2140 835 2210 indulgente
874 2140 1172 2209 imperator
1220 2137 1567 2193 Andronicus
1614 2135 1680 2190 ad
1723 2134 1845 2188 tiliae
1880 2147 1992 2187 sua:

410 2233 661 2287 maritum
702 2222 918 2287 Cralem
975 2231 1180 2287 Serviat
1234 2230 1424 2285 auxilii
1463 2226 1775 2284 arcessendi
1827 2239 1989 2280 causa

408 2327 729 2396 legationem
770 2326 955 2385 mittit,

481 2613 549 2670 ll.
584 2612 689 2666 Sed
716 2614 1034 2682 priusquam
1066 2609 1265 2663 auxilia
1292 2608 1419 2663 inde
1454 2608 1797 2673 advenireut,
1826 2607 1988 2670 Deus,

411 2705 502 2775 qui
549 2705 731 2759 omnia
763 2702 976 2773 perﬁcit
1006 2710 1060 2756 et
1092 2701 1146 2758 in
1188 2701 1388 2755 melius
1432 2698 1622 2763 refert,
1666 2698 1906 2754 nobilem
1936 2706 1990 2752 et

413 2798 748 2853 senatorium
784 2796 958 2851 virum
994 2792 1292 2849 Andronici
1321 2792 1666 2861 imperatoris
1696 2799 1990 2863 cognatum

411 2891 638 2949 excitat.
663 2898 717 2943 et
745 2902 1012 2960 generoso
1033 2887 1268 2958 quodam
1302 2886 1418 2941 zelo
1442 2884 1765 2940 inﬂammat.
1795 2882 1849 2939 Is
1873 2894 1993 2939 erat

414 2983 598 3037 l’hiles
629 2980 989 3050 Palmologus,
1023 2978 1116 3048 qui
1145 2986 1201 3032 et
1229 2979 1747 3049 protostratoricum
1777 2977 1847 3032 ab
1886 2977 1990 3031 im-

416 3086 667 3143 peratore
697 3074 952 3129 baculum
998 3071 1197 3126 deinde
1231 3070 1460 3139 accepit.
1495 3068 1600 3136 Qui
1642 3085 1765 3125 cum
1808 3072 1861 3123 in
1896 3085 1991 3140 pa-

418 3169 546 3224 latio
579 3167 829 3222 assiduus
858 3172 1167 3221 versaretur
1198 3173 1254 3218 et
1283 3154 1476 3235 magna
1510 3163 1654 3234 apud
1690 3162 1988 3233 principem

2088 860 2211 911 ραν,
2244 846 2319 906 ὡς
2349 846 2485 915 μήτε
2508 846 2790 917 ἀροτριᾷν,
2828 850 2965 915 μήτε
3028 848 3275 918 σπείρειν
3324 851 3431 903 τῶν
3461 851 3673 907 πόλεων

2087 934 2326 1000 ἐξιόντας
2382 934 2640 990 δύνασθαι
2693 937 2998 1008 Ῥωμαίους
3036 939 3121 1008 ἐφ’
3159 940 3300 1002 ὅλοις
3333 940 3478 996 ἔτεσι
3522 944 3672 1017 παρὰ

2089 1026 2263 1098 βραχὺ
2294 1026 2435 1082 δυσί.
2485 1030 2594 1084 Καὶ
2622 1025 2766 1100 ἦσαν
2827 1031 2916 1085 διὰ
2945 1032 3119 1086 ταῦτα
3157 1031 3304 1106 λύπῃ
3341 1034 3537 1108 βαθείᾳ
3577 1037 3671 1090 καὶ

2048 1150 2051 1153 -
2088 1118 2593 1187 παλαμναιοτὰταις
2651 1123 2900 1193 φροντίσι
2949 1122 3049 1192 τὴν
3093 1123 3305 1177 ἑαυτῶν
3346 1126 3395 1178 οί
3428 1124 3669 1196 βασιλεῖς

2088 1208 2265 1279 ψυχὴν
2280 1211 2725 1282 κατατέμνοντες.
2739 1212 2847 1283 Τὴν
2866 1214 2965 1284 μὲν
2985 1214 3092 1286 γὰρ
3107 1215 3215 1269 ἀπὸ
3229 1215 3338 1269 τῶν
3349 1216 3671 1288 Ῥωμαϊκῶν

2088 1302 2517 1373 στρατευμάτων
2572 1304 2823 1375 βοήθειαν
2866 1306 3259 1374 ἀπεγνώκεσαν
3300 1307 3404 1379 ήδη
3448 1308 3667 1376 τελέως,

2089 1393 2360 1460 ξυνιέντις
2390 1395 2487 1465 μδν
2507 1395 2604 1465 6ψέ
2644 1397 2942 1467 θεομηνίαν
2985 1401 3107 1452 τινὰ
3147 1401 3276 1468 περὶ
3297 1398 3508 1465 τούτοις
3554 1403 3671 1454 ἐπι-

2091 1483 2370 1568 ⁸ιέιολάξειν,
2407 1488 2507 1551 τὰς
2538 1488 2594 1541 δὲ
2621 1489 2720 1558 τῆς
2745 1489 3038 1560 θεομηνίας
3069 1491 3245 1555 αίτίας
3266 1491 3365 1544 οὑκ
3393 1488 3493 1545 οἷδ’
3520 1492 3671 1556 ὅπως

2088 1580 2148 1633 ού
2175 1579 2469 1644 ξυνιόντες,
2498 1580 2593 1634 καὶ
2629 1577 2697 1653 ἦν
2726 1583 2908 1646 αὐτοῖς
2941 1584 2975 1653 ἡ
3032 1585 3184 1637 πᾶσα
3238 1584 3436 1655 μελέτη
3486 1584 3672 1655 μισθο-

2091 1671 2325 1738 φορικήν
2382 1687 2509 1727 τινα
2554 1672 3037 1741 προσκαλέσασθαι
3087 1673 3403 1743 συμμαχίαν
3457 1673 3671 1744 ὁθένδή-

2090 1777 2242 1816 ποτε.
2281 1762 2391 1816 Καὶ
2451 1762 2639 1833 μέντοι
2669 1764 2762 1817 καὶ
2814 1767 2907 1817 ἐπὶ
2934 1765 3143 1828 τούτοις
3181 1764 3429 1830 ἐτρίϐετο
3482 1767 3670 1836 χρόνος

2089 1855 2150 1904 οὐ
2221 1854 2460 1923 μέτριος,
2524 1852 2993 1924 ἀναλογιζομένων
3050 1856 3149 1928 τὴν
3200 1857 3309 1910 τῶν
3373 1859 3672 1929 χρημάτων

2097 1944 2346 2017 δαπάνην
2375 1945 2640 2015 ἐσομένην
2659 1946 2903 2015 μεγάλην
2935 1947 3027 1999 καὶ
3048 1948 3108 1999 οὐ
3146 1949 3290 2017 μάλα
3323 1966 3403 2003 τοι
3430 1950 3672 2020 φορητὴν

2097 2037 2175 2106 τῷ
2242 2034 2507 2108 βασιλικῷ
2529 2039 2783 2108 ταμιείῳ,
2832 2039 3130 2111 χρημάτων
3179 2040 3341 2112 εἴπερ
3392 2040 3523 2094 ποτὲ
3583 2041 3674 2095 νῦν

2102 2127 2337 2195 μάλιστα
2386 2127 2701 2190 σπανίζοντι
2755 2129 2842 2182 διὰ
2897 2130 2997 2199 τὴν
3030 2131 3129 2198 τῆς
3175 2130 3361 2202 χώρας
3404 2132 3676 2190 κάκωσιν.

2102 2222 2290 2291 Ὅμως
2341 2223 2524 2292 μέντοι
2547 2223 2648 2292 τῆς
2682 2223 2929 2295 ἀνάγκης
2964 2225 3194 2295 ἠρεμεῖν
3221 2227 3422 2297 ἥκιστα
3469 2244 3679 2297 συγχω-

2102 2315 2303 2384 ρούσης
2358 2317 2567 2385 πέμπει
2639 2316 2777 2384 πρὸς
2827 2316 2918 2369 τὸν
2975 2319 3068 2369 ἐπὶ
3113 2317 3346 2389 θυγατρὶ
3402 2314 3678 2389 γαμϐρδν,

2097 2407 2188 2459 τὸν
2211 2405 2435 2477 Κράλην
2468 2408 2608 2475 λέγω
2656 2408 2908 2479 Σερϐίας,
2944 2411 2971 2462 ὀ
3019 2409 3273 2479 βασιλεὺς
3343 2411 3678 2484 ’Δνδρόνικος

2101 2500 2426 2571 συμμαχίαν
2454 2501 2969 2571 μεταπεμπόμενος.

2171 2594 2246 2647 B’.
2289 2593 2449 2648 Ἀλλὰ
2507 2593 2637 2662 πρὶν
2676 2594 2897 2664 ἐκείνην
2961 2576 3175 2650 ἐκεῖθεν
3235 2595 3529 2665 ἀφικέσθαι
3581 2595 3679 2666 τὴν

2102 2690 2439 2759 συμμαχίαν,
2469 2690 2498 2743 ὁ
2523 2689 2702 2743 πάντα
2734 2689 2905 2744 ποιῶν
2946 2692 3043 2743 καὶ
3083 2691 3509 2761 μετασκευάζων
3540 2692 3679 2764 πρὸς

2099 2782 2162 2835 τὸ
2191 2782 2402 2852 βέλτιον
2427 2782 2636 2853 Κύριος
2658 2780 2962 2867 διανίστησι
2991 2784 3129 2856 πρὸς
3160 2785 3411 2855 ἀνδρικόν
3430 2803 3552 2840 τινα
3583 2785 3680 2855 ζῆ-

2099 2876 2191 2932 λόν
2219 2894 2339 2929 τινα
2368 2875 2476 2930 τῶν
2507 2875 2744 2946 εὐγενῶν
2770 2878 2869 2948 τῆς
2904 2877 3215 2948 συγκλήτου
3251 2876 3504 2931 καὶκατὰ
3524 2876 3681 2947 γένος

2101 2966 2180 3038 τῷ
2212 2969 2428 3038 βασιλεῖ
2454 2972 2865 3039 προσηκόντων,
2886 2968 3052 3040 Φιλῆν
3080 2970 3173 3024 τὸν
3197 2969 3562 3038 Παλαιολόγον
3579 2969 3679 3039 (1),

2100 3059 2160 3125 ὃς
2188 3063 2281 3114 καὶ
2310 3062 2412 3130 τὴν
2442 3059 2993 3132 πρωτοστρατορικὴν
3032 3063 3181 3133 παρὰ
3224 3061 3491 3131 βασιλέως
3522 3059 3682 3113 ὓστε-

2106 3174 2196 3225 ρον
2228 3154 2579 3225 παρειληφὼς
2630 3151 2697 3226 ἦν
2729 3154 3055 3225 βακτηρίαν.
3111 3146 3275 3218 Οὗτος
3308 3150 3402 3209 οὖν
3443 3155 3572 3224 περὶ
3612 3154 3682 3207 τὰ

414 3262 585 3333 gratia
630 3261 880 3331 polleret,
910 3273 1071 3328 quem
1105 3257 1324 3313 sincero
1362 3265 1418 3310 et
1442 3247 1681 3311 ardente
1712 3256 1880 3310 animi
1911 3254 1990 3310 af-

2102 3247 2351 3320 βασίλεια
2381 3247 2675 3318 διατρίϐων
2705 3248 2792 3301 ἀεὶ
2818 3247 2914 3302 καὶ
2947 3248 3093 3317 μάλα
3121 3266 3205 3302 τοι
3238 3247 3498 3318 πλείστην
3545 3264 3682 3317 καρ-

415 3352 561 3408 l‘ectu
594 3360 756 3421 atque
792 3350 905 3418 ipsa
937 3348 1059 3403 vita:
1109 3348 1395 3402 honestate
1441 3347 1544 3401 sibi
1575 3344 1991 3410 conciliaverat,

2095 3342 2361 3412 πούμενος
2380 3342 2477 3411 τὴν
2497 3340 2590 3392 τοῦ
2617 3339 2881 3409 βασιλέως
2904 3340 3194 3411 εὐμένειαν
3218 3340 3307 3393 διὰ
3330 3340 3388 3393 τὸ
3408 3340 3509 3409 τῆς
3543 3338 3683 3409 γνὼ-

333 5700 353 5719 “
435 5698 617 5771 ψελῆν,
679 5706 787 5758 τῶν
823 5701 1185 5769 εὐπατριδῶν,
1240 5700 1609 5771 liantacuzeu.
1641 5698 1854 5771 lih._|v,
1885 5714 2009 5765 cap.

356 3479 369 3487 -
417 3446 636 3516 ignarus
665 3451 721 3497 et
757 3442 1038 3510 imperitus
1083 3441 1158 3493 rei
1213 3440 1466 3494 militaris
1504 3438 1844 3505 habebatur;
1880 3447 1991 3492 tum

2100 3452 2207 3504 μης
2236 3432 2526 3502 ἀκίϐδηλον
2554 3428 2654 3489 καὶ
2683 3433 2946 3506 διάπυρον
2978 3433 3116 3505 πρὸς
3142 3435 3241 3505 τὴν
3276 3433 3560 3504 βασιλικὴν
3588 3431 3680 3487 εὖ-

416 3536 545 3606 quia
585 3548 787 3603 corpus
817 3543 1008 3586 natura
1052 3546 1149 3585 sua
1186 3540 1350 3609 tenue
1384 3540 1438 3584 et
1468 3529 1672 3584 morbis
1698 3529 1991 3584 obnoxium

2097 3543 2250 3579 νοιαν
2277 3528 2372 3579 καὶ
2395 3526 2475 3580 ἔτι
2501 3526 2562 3581 τὸ
2581 3525 2677 3580 τοῦ
2714 3525 2829 3596 βίου
2859 3525 3076 3597 σεμνὸν,
3096 3526 3262 3596 ἀδαὴς
3282 3542 3366 3589 τις
3395 3525 3568 3579 ἐδόκει
3588 3526 3683 3580 καὶ

420 3626 689 3691 habebat;
723 3636 837 3681 tum
871 3626 1106 3695 maxime
1133 3624 1205 3680 ob
1238 3624 1315 3689 id,
1345 3622 1471 3693 quia
1503 3624 1596 3677 uni
1636 3638 1819 3678 rerum
1856 3623 1991 3678 divi-

2097 3622 2321 3693 ἄπειρος
2349 3619 2432 3690 [Ρ.
2468 3617 2591 3692 165]
2612 3620 2682 3674 τὰ
2711 3619 2965 3690 πολέμια,
3004 3620 3100 3674 ἅτε
3134 3620 3231 3673 καὶ
3263 3619 3322 3671 τὸ
3356 3617 3514 3689 σῶμα
3542 3619 3683 3674 κατὰ

422 3734 618 3774 uarum
652 3727 889 3783 contem:
912 3714 1100 3770 lationi
1134 3713 1300 3787 264
1329 3713 1745 3781 immorabatur,
1789 3726 1845 3771 et
1884 3716 1991 3770 fere

2101 3712 2263 3782 φύσιν
2328 3713 2467 3781 ἔχων
2534 3711 2714 3782 ἰσχνὸν
2748 3710 2938 3767 καὶτὰ
2968 3712 3196 3764 πλεῖστα
3228 3711 3683 3781 νοσηλευόμενον·

420 3812 474 3866 in
510 3810 725 3881 templis
765 3808 1019 3880 degebat,
1061 3823 1126 3862 ac
1178 3806 1330 3867 cultu
1384 3805 1794 3878 religiosissime
1838 3823 1991 3863 sacra

2104 3806 2196 3860 ml.
2238 3805 2453 3876 μάλισθ’
2476 3805 2557 3857 ὅτι
2588 3805 2682 3858 καὶ
2714 3804 2904 3875 μόναις
2937 3806 3058 3866 ταῖς
3097 3803 3398 3875 θειοτέραις
3430 3802 3686 3874 μελέταις

420 3902 872 3975 prosequebatur.
924 3901 974 3955 ls
1021 3914 1151 3981 cum‘
1188 3899 1578 3969 imperatorem
1624 3899 1991 3955 Andronicum

2100 3897 2168 3968 ἦν
2203 3896 2556 3970 ἐνδιατρίϐων
2594 3896 2690 3952 καὶ
2720 3899 2871 3961 ναοῖς
2908 3895 3289 3967 προσεδρεύων
3314 3895 3388 3960 ὡς
3417 3896 3483 3948 τὰ
3517 3893 3689 3948 πολλὰ

420 3998 589 4059 tantis
622 3996 770 4052 curis
800 4002 1126 4050 aestuantem
1167 3991 1398 4058 videret,
1450 3992 1636 4048 animo
1670 3993 1905 4048 indoluit
1946 4004 1991 4049 el

2104 3993 2201 4046 ml
2223 3991 2483 4063 πλείστην
2522 3991 2657 4047 αίδῶ
2679 3994 2792 4049 τοῖς
2824 3993 2993 4061 ἱεροῖς
3031 3990 3140 4043 τῶν
3164 3988 3511 4059 πραγμάτων
3539 4003 3683 4057 παρ·
3742 4042 3745 4045 λ

420 4089 486 4145 ad
542 4089 692 4143 illum
740 4088 1019 4157 ingressus
1052 4102 1127 4151 ,χι
1167 4083 1452 4149 Permitte,
1508 4084 1708 4155 inquit,
1748 4086 1879 4139 mihi
1933 4085 1991 4140 ad

2103 4084 2247 4154 ἔχειν
2276 4083 2439 4154 ἔργον
2462 4084 2809 4154 ποιούμενος.
2837 4077 3008 4144 Οὗτος
3030 4084 3140 4156 γὰρ
3170 4081 3419 4154 βαρείαις
3438 4079 3685 4161 φροντίσι

420 4181 663 4236 llomana
709 4186 886 4234 castra
932 4175 1228 4248 proﬁcisci,
1277 4184 1337 4231 ut
1387 4186 1443 4231 et
1493 4191 1715 4247 parvam
1765 4177 1991 4233 militum

2104 4177 2338 4246 κάτοχον
2375 4175 2711 4247 θεασάμενος
2749 4175 2843 4231 τὸν
2877 4174 3106 4245 βασιλέα
3137 4174 3480 4245 ’Δνδρόνικον
3514 4170 3683 4225 ἔπαθε

421 4288 665 4339 manum,
702 4278 759 4326 et
791 4268 1148 4324 centuriones
1184 4281 1249 4322 ac
1290 4267 1541 4322 tribunos
1570 4280 1710 4333 quos
1750 4266 1866 4336 ipse
1903 4281 1991 4325 vo-

2101 4269 2204 4340 τὴν
2227 4270 2436 4342 ψυχὴν·
2472 4269 2566 4325 καὶ
2596 4268 2934 4340 προσελθὼν,
2971 4287 2990 4319 ι
3016 4252 3115 4331 Mc
3146 4276 3258 4336 μοι,
3290 4286 3308 4319 ι
3350 4266 3538 4336 φησὶν,
3576 4264 3686 4326 «εἰς

420 4362 615 4417 luerim
667 4359 923 4430 deligam.
976 4356 1083 4413 Fac
1129 4357 1285 4422 item,
1339 4365 1399 4410 ut
1450 4366 1819 4412 commeatum
1867 4356 1991 4411 mihi

2104 4362 2173 4415 τὰ
2196 4361 2306 4415 τῶν
2361 4360 2650 4428 Ῥωμαίων
2709 4360 3050 4431 στρατόπεδα
3111 4357 3433 4429 παρελθόντι
3480 4353 3691 4426 βραχύν

421 4450 765 4521 suppedites,
798 4449 891 4517 qui
930 4455 985 4501 et
1021 4444 1345 4501 hominibus
1377 4454 1434 4500 et
1463 4443 1723 4515 iumentis
1751 4444 1888 4501 satis
1911 4447 1991 4502 sit.

2106 4467 2227 4504 τινα
2260 4450 2491 4519 στρατὸν
2523 4448 2890 4515 ἁπολὲξασθαι
2920 4450 3017 4503 καὶ
3045 4447 3313 4518 λοχαγοὺς
3347 4446 3441 4501 καὶ
3468 4443 3694 4513 ταξιάρο

423 4544 585 4616 Spem
632 4540 779 4596 enim
819 4540 1030 4591 lirmam
1065 4546 1120 4591 et
1155 4537 1542 4591 inconcussam
1586 4537 1639 4591 in
1693 4535 1803 4593 Deo
1837 4539 1991 4594 collo-

2109 4558 2258 4610 χους,
2292 4541 2383 4604 οὓς
2412 4540 2476 4593 ἂν
2502 4542 2664 4604 αὐτὸς
2694 4540 2870 4594 ἐθέλοι
2880 4558 2961 4609 μι,
2990 4538 3091 4591 καὶ
3119 4536 3251 4606 πρὸς
3281 4534 3494 4597 τούτοις
3519 4531 3692 4586 δαπάη

422 4600 562 4694 cavi,
596 4646 702 4700 qua
732 4629 974 4682 animum
1006 4625 1279 4680 subeunte
1310 4624 1384 4678 ita
1415 4624 1651 4690 conﬁdo,
1682 4635 1740 4679 ut
1771 4625 1991 4682 alﬁrma—

2108 4600 2461 4703 vnvvdvsvﬁsﬁ
2496 4633 2605 4688 τῶν
2646 4600 3066 4704 γρειωδῶν-τῶν
3118 4600 3180 4684 τε
3230 4625 3545 4693 ὑποζυγίων
3596 4624 3691 4676 καὶ

424 4738 482 4779 re
510 4737 631 4776 non
661 4718 906 4775 dubitem
947 4717 1207 4771 victorem
1241 4732 1327 4770 me
1355 4717 1603 4773 barbaris
1636 4716 1786 4773 hisce
1816 4717 1991 4788 proﬂi-

2107 4726 2308 4781 αὐτῶν.
2343 4726 2409 4783 Δί
2442 4727 2551 4797 γὰρ
2579 4725 2713 4798 πρὸς
2744 4726 2877 4779 Θεὸν
2901 4723 3126 4796 στερῤαί
3167 4739 3272 4791 μου
3298 4720 3393 4775 καὶ
3423 4716 3692 4789 ἁρῤαγεῖς

424 4817 563 4886 gulis
591 4810 995 4883 quamprimum
1027 4807 1343 4863 aﬁ‘uturum.
1392 4827 1411 4861 ι

2108 4817 2321 4882 ἐλπίδες
2348 4821 2449 4887 τὴν
2485 4819 2626 4890 ἐμὴν
2679 4818 3084 4889 ύποτρέχουσαι
3119 4813 3517 4883 περιθὰλπουσι
3561 4823 3698 4878 καρ-

424 4912 544 4973 δίαν
578 4907 669 4962 καί
699 4923 768 4977 με
796 4901 1510 4973 πείθουσιδιῖσχυρίζεδθαι.
1547 4901 1624 4975 ὡς
1660 4902 1782 4973 ὄψει
1808 4921 1875 4976 με
1904 4906 2002 4979 τὴν
2040 4910 2305 4983 ταχίστην
2355 4911 2594 4983 τρόπαια
2640 4913 2878 4985 φέροντα
2925 4911 3066 4971 κατὰ
3134 4910 3360 4965 τουτωνὶ
3425 4904 3535 4960 τῶν
3565 4900 3699 4972 βαρ⁹

429 5008 495 5059 6i
506 5022 638 5076 ρων.

501 5101 587 5156 ill.
633 5099 795 5154 Paret
856 5097 1022 5154 dictis
1084 5097 1400 5168 imperator,
1456 5112 1539 5159 ac,
1580 5116 1599 5149 ι
1666 5096 1857 5155 Justus
1923 5114 1991 5155 εει

2189 5104 2260 5155 Γ’.
2294 5102 2548 5156 Πείθεται
2589 5111 2697 5164 τοῖς
2733 5099 3049 5169 λεγομένοις
3078 5099 3106 5150 ὁ
3142 5097 3397 5167 βασιλεὺς
3428 5092 3697 5154 ἐπειπὼν,

433 5196 597 5261 Deus,
658 5193 860 5264 inquit,
913 5192 1002 5248 cui
1055 5208 1163 5247 non
1200 5192 1255 5246 in
1292 5191 1438 5247 tibiis
1473 5191 1573 5246 viri
1602 5192 1991 5264 beneplacitun

2118 5195 2193 5258 ὡς
2226 5195 2409 5248 δίκαια
2466 5193 2631 5251 ποιῶν
2688 5197 2716 5248 ὁ
2773 5193 2906 5255 Θεδς
2942 5194 3041 5244 οὐκ
3081 5194 3139 5244 ἐν
3193 5193 3314 5252 ταῖς
3343 5188 3583 5258 κνήμαις
3605 5184 3699 5239 τοῦ

1812 5337 2139 5401 Variorum
2187 5345 2383 5405 notua.

2118 5501 2207 5545 tus
2264 5491 2501 5547 habetur
2548 5491 2615 5547 de
2649 5480 3703 5557 animalium'proprietale,_quemdli-

2111 5563 2285 5616 chacli
2338 5565 2469 5628 imp.
2531 5562 2606 5628 τῷ
2664 5561 2793 5632 νέῳ.
2838 5569 2898 5632 ut
2948 5551 3168 5632 pratl‘ert
3205 5551 3699 5632 ⁸(ξιιιίίῃίξρε.,ξξξίίξε

2120 5621 2434 5688 Andronici-
2475 5621 2711 5687 seuioris
2739 5621 2751 5630 ’
2772 5630 2908 5692 lilio,
2949 5621 3264 5697 inscripsit.
3289 5695 3301 5697 _
3324 5621 3476 5697 Vide:
3512 5621 3693 5675 Allatii

2119 5712 2377 5769 excerpta
2429 5703 2615 5756 Roma:
2673 5701 2819 5755 edita
2850 5694 3221 5768 ριικέὖὸθίὶιι
3274 5694 3681 5769 Qreyghtonum

2121 5790 2223 5843 pag
2275 5765 2400 5836 702,
2447 5772 2569 5826 705.
2604 5765 2952 5826 Lauibcci'um
3008 5769 3104 5823 lib.
3155 5784 3233 5833 Ill,
3292 5765 3431 5821 Bibl.
3464 5765 3687 5825 Causam,

2123 5862 2173 5913 ιι,
2208 5846 2325 5899 lxi.
2366 5845 2593 5901 l‘t'mse.
2676 5850 2681 5861 ‘

506 5497 579 5566 (li
615 5497 891 5551 Phranzes
938 5493 1034 5566 ιιι).
1089 5508 1125 5566 l_.
1171 5492 1368 5566 cap._9.
1403 5488 1754 5566 Theodorum
1790 5488 2001 5544 Philem

433 5558 522 5618 éx‘
565 5567 671 5619 τῶν
735 5564 1075 5634 μεγιστάνων
1107 5562 1270 5634 Italict
1303 5559 1664 5634 Pachymeres
1694 5558 1790 5634 ιιι).
1818 5575 1856 5625 1,
1883 5575 2003 5627 cap.

435 5638 487 5699 8,
518 5648 574 5689 ct
623 5626 852 5689 alterum
890 5635 1097 5687 Philem
1153 5631 1251 5684 lib.
1310 5645 1389 5693 ιιι,
1444 5626 1564 5696 cap.
1600 5628 1687 5699 l7.
1742 5626 2008 5682 Joannem

436 5775 527 5828 δὲ.
553 5768 779 5829 ίεζκειαιιι
812 5768 1078 5827 Mannclis
1124 5771 1290 5823 Phila:
1323 5784 1514 5823 versus
1549 5768 1766 5821 iamhiei
1802 5769 1854 5822 in
1891 5770 2011 5822 ehi-

440 5854 554 5897 tum
611 5846 855 5913 ejusdem
888 5841 1107 5913 Georgii
1132 5838 1707 5913 APar-hymerisaanud
1750 5837 2006 5913 Allatiuua

440 5914 506 5969 dc
538 5908 785 5983 (Sediﬁiis
814 5929 934 5982 pag.
970 5911 1087 5967 575.
1127 5910 1272 5965 Idem
1314 5909 1379 5971 is,
1407 5909 1458 5961 ni
1496 5909 1673 5971 fallor,
1712 5910 1866 5970 cuius
1896 5910 2011 5962 edi.
