4088 6474
320 504 345 513 ,
406 416 545 511 437‘
694 443 768 518 [Α.
812 462 860 504 c.
904 447 1043 504 i282
1081 463 1154 503 AD
1190 447 1349 522 i528]
1455 426 1905 516 BYZANTINE
1943 451 2339 516 HISTORIA;
2379 457 2521 517 LIB,
2564 458 2698 519 VII,
2780 452 2916 526 [tum
2965 467 3244 508 ANDRONIC.
3288 450 3433 525 sum]
3576 458 3683 523 433

406 562 598 633 ἀνδρὸς
658 563 890 632 εὐξοκεῖ,
950 567 1059 620 οὐδ’
1108 569 1169 621 ὲν
1216 568 1415 641 πλήθει
1464 567 1771 639 ίσχύος,ὼς
1831 566 1994 630 αὐτὸς

2098 579 2208 634 est,
2243 584 2347 627 nec
2377 571 2432 626 in
2478 570 2830 627 multitudine
2871 572 3093 636 virium,
3126 581 3187 625 ut
3231 573 3350 641 ipse
3395 587 3493 643 per
3523 573 3684 629 Davie

405 655 496 708 διὰ
537 655 703 733 Δαόὶδ
730 656 823 710 τοῦ
855 661 1136 728 προφήτου
1168 662 1358 732 φησὶν,
1411 659 1528 715 ἀλλ’
1552 662 1610 715 ὲν
1653 676 2015 735 συντετριμη

2093 663 2217 719 dem
2277 661 2606 733 prophetam
2652 663 2751 728 ait,
2798 664 2895 721 sed
2931 664 2987 718 in
3024 665 3264 720 contrito
3303 664 3477 720 corde
3519 674 3579 722 et
3625 667 3679 721 in

412 748 551 821 μόνῃ
594 750 787 821 καρδίᾳ
838 753 935 805 καὶ
979 754 1256 825 πνεύματι
1302 754 1712 820 ταπεινώσεως.
1769 753 1860 825 Τῷ
1891 753 1994 826 μὲν

2094 755 2297 825 spiritu
2353 754 2697 815 humilitatis.
2751 755 3020 811 Nimirum
3082 757 3194 812 tilio
3251 771 3378 813 meo
3432 755 3680 817 Michaeli

406 832 501 894 οὖν
527 840 628 911 υἱῷ
672 841 752 912 τῷ
780 843 897 915 ἐμῷ
927 846 1021 899 καὶ
1051 845 1266 917 βασιλεί
1297 847 1519 920 Μιχαὴλ
1553 843 1712 919 οἶμαι
1744 846 1994 917 ἀπεχθα-

2096 846 2413 918 imperatori
2438 857 2664 919 prepter
2687 857 2979 919 parentum
3010 848 3234 911 delicta,
3264 857 3325 905 ut
3349 848 3572 919 opinor,
3599 848 3683 902 in-

315 998 326 1011 ’
410 933 632 1002 νόμενος
664 932 752 987 διὰ
781 932 850 991 τὰ
899 936 1010 990 τῶν
1051 940 1344 1008 φυσάντων
1393 940 1851 1012 πλημμελήματα.
1893 956 1929 993 τί

2097 940 2290 997 tensus
2321 941 2467 997 ferre
2496 956 2658 1012 opem
2689 950 2909 998 recusat
2938 961 2953 997 :
2991 942 3082 997 isti
3119 952 3303 998 autem
3334 942 3570 1001 fortasse
3599 940 3684 998 ιου-

410 1026 539 1093 παρ’
569 1026 765 1082 ἑαυτοῦ
817 1031 1140 1101 συμμαχίαν
1194 1032 1258 1087 οὐ
1312 1033 1538 1087 δίδωσι⁸
1572 1032 1732 1087 δώσει
1768 1032 1813 1086 δ’
1860 1036 1994 1095 ἴσως

2096 1044 2258 1090 turus
2283 1041 2393 1099 est,
2424 1035 2550 1090 vitae
2582 1034 2872 1090 honestate
2904 1046 2961 1091 et
2989 1035 3230 1104 antiquis
3261 1035 3505 1091 moribus
3530 1050 3684 1091 com-

407 1116 607 1188 τουτῳῒ
633 1118 712 1188 τῷ
739 1120 923 1192 σεμνῷ
947 1123 1038 1175 τόν
1070 1140 1128 1177 τε
1162 1124 1277 1192 βίον
1298 1125 1401 1205 Ικαὶ
1429 1125 1652 1194 τρόπον.
1675 1125 1996 1197 Τιμιωτέρα

2094 1126 2417 1183 mendabili.
2445 1127 2627 1184 Pluris
2658 1127 2862 1198 quippe
2891 1128 2952 1183 iit
2975 1129 3120 1196 apud
3160 1129 3331 1185 Deum
3371 1128 3602 1184 honesta
3632 1137 3687 1183 et

411 1209 521 1280 γὰρ
555 1209 708 1279 παρά
738 1212 927 1285 Κυρίῳ
958 1214 1227 1285 σεμνότης
1260 1217 1358 1270 καὶ
1410 1217 1525 1287 βίος
1565 1217 1811 1288 ἄληπτος
1854 1219 1996 1285 ὑπὲρ

2099 1220 2378 1289 inculpata
2456 1220 2608 1285 vita,
2650 1235 2813 1288 quam
2879 1219 3025 1274 vires
3093 1235 3399 1276 armorum.
3425 1220 3686 1275 Converti

406 1301 636 1370 δύναμιν
676 1303 878 1360 ὅπλων.
926 1305 1275 1380 Ἀπέστρεψα
1312 1312 1440 1378 γὰρ,
1498 1311 1657 1381 φησι,
1708 1311 1806 1364 καὶ
1856 1307 1996 1364 εἶδον

2097 1313 2245 1366 enim
2279 1328 2385 1375 tne,
2423 1310 2669 1377 inquit‘.
2722 1320 2779 1365 et
2825 1309 2931 1364 vidi
2976 1311 3080 1364 sub
3111 1310 3246 1377 sole,
3285 1326 3384 1365 nec
3419 1310 3686 1377 velocium

411 1391 515 1445 ὑπὸ
544 1393 634 1446 τὸν
665 1394 842 1474 ᾕλιον,
872 1398 953 1450 ὅτι
986 1399 1049 1451 ού
1086 1401 1200 1463 τοῖς
1234 1401 1461 1469 κούφοις
1498 1404 1524 1455 6
1559 1403 1782 1474 δρόμος,
1815 1405 1907 1456 καὶ
1933 1402 1995 1455 οὐ

2099 1418 2223 1459 esse
2264 1418 2513 1465 cursum,
2558 1418 2661 1458 nec
2693 1403 2998 1473 potentium
3032 1402 3258 1465 bellum,
3290 1416 3395 1456 nec
3428 1400 3690 1469 sapientis

408 1487 518 1547 τοῖς
546 1470 793 1551 δυνατοῖς
812 1491 839 1541 6
861 1489 1122 1561 πόλεμος,
1154 1490 1248 1546 καί
1278 1511 1342 1562 γε
1373 1497 1432 1548 οὐ
1458 1497 1533 1563 τῷ
1563 1470 1713 1567 σ’ῖφῷ
1747 1498 1775 1550 ὁ
1808 1499 1995 1567 ἄρτος.

2101 1511 2321 1565 panem,
2354 1510 2456 1550 nec
2490 1494 2822 1564 prudentum
2858 1494 3098 1551 divitias.
3137 1508 3242 1547 nec
3269 1491 3687 1562 intelligentiam

412 1574 505 1628 καί
523 1593 585 1644 γε
610 1578 669 1630 οὐ
695 1582 808 1642 τοῖς
840 1586 1081 1644 συνετοῖς
1110 1586 1138 1635 6
1166 1585 1416 1649 πλοῦτος,
1440 1587 1533 1641 καί
1564 1605 1624 1654 γε
1661 1590 1722 1641 ού
1755 1591 1867 1653 τοῖς
1919 1606 1999 1657 γι-

2099 1587 2328 1658 gratiatn
2365 1606 2378 1642 :
2411 1586 2673 1656 quoniam
2716 1595 2936 1654 tempus
2967 1595 3019 1639 et
3067 1595 3299 1638 eventus
3339 1584 3403 1636 iis
3432 1582 3691 1635 munibus

409 1667 715 1723 νώσκουσιν
739 1673 771 1741 ἡ
798 1673 989 1744 χάρις·
1029 1676 1110 1729 ὅτι
1142 1677 1333 1747 καιρὸς
1361 1679 1456 1731 καὶ
1485 1680 1786 1750 ἀπάντημα
1808 1699 2002 1735 συναν-

2102 1689 2381 1736 occurret.
2421 1698 2438 1731 ι
2484 1680 2674 1748 Itaque
2699 1678 2968 1749 quidquid
2998 1677 3091 1731 ille
3122 1676 3374 1746 petierat,
3409 1674 3571 1745 265
3598 1689 3693 1728 cu-

407 1760 629 1829 τήσεται
654 1763 823 1817 πᾶσιν
838 1766 1077 1831 αὐτοῖς.»
1105 1770 1215 1822 Καὶ
1255 1771 1356 1840 μὲν
1381 1772 1447 1842 δὴ
1468 1764 1652 1826 πᾶσαν
1680 1775 1873 1828 τούτου
1899 1774 1999 1846 τὴν

2102 1772 2230 1841 pide
2268 1772 2569 1840 imperator
2602 1770 2947 1838 exsequitur,
2993 1767 3254 1838 pecunia;
3286 1766 3478 1829 armis,
3508 1765 3690 1836 equis,

409 1851 627 1920 αἴτησιν
653 1854 682 1906 6
715 1854 966 1926 βασιλεὺς
992 1860 1247 1929 ἀσμένως
1278 1865 1637 1936 ἀποπιμπλᾷ,
1656 1868 1920 1937 χρήματά
1937 1886 1998 1921 τε

1391 1866 1637 1936 πιμπλᾷ,
1656 1868 1920 1937 χρήματά
1937 1886 1998 1921 τε
2034 1916 2072 1937 η
2104 1876 2240 1936 quot
2263 1874 2319 1920 et
2346 1865 2533 1937 quales
2564 1864 2813 1919 voluerat
2843 1862 3005 1917 datis.

410 1944 504 1997 καὶ
529 1946 671 2000 ὅπλα
698 1949 792 2003 καὶ
825 1947 990 2003 ἵππον
1019 1952 1152 2023 ὅσην
1178 1955 1273 2008 καὶ
1296 1955 1415 2009 οἵαν
1441 1916 1873 2023 έδούλέτϊδιοιύς.
2034 1916 2073 1973 l3
2122 1916 2134 1936 1
2363 1916 2378 1937 1
3210 1956 3224 1988 ι
3384 1996 3387 1999 η

482 2036 556 2092 Δ’.
600 2040 667 2093 Ἀ
710 2039 773 2111 δὴ
818 2042 997 2097 πάντα
1059 2045 1202 2100 κατὰ
1251 2047 1483 2118 γνώμην
1521 2048 1671 2118 αὐτῷ
1729 2052 1998 2118 γεγονότα

2176 2040 2265 2098 ιν.
2310 2042 2441 2106 Quae
2471 2057 2595 2097 cum
2631 2041 2816 2097 omnia
2855 2040 3037 2094 Philcs
3082 2053 3150 2093 ex
3200 2037 3368 2093 animi
3416 2037 3687 2092 sententia

413 2129 767 2199 παρειληφὼς
815 2134 842 2186 6
886 2134 1051 2206 Φιλῆς
1084 2135 1280 2207 πρῶτα
1314 2137 1415 2208 μὲν
1445 2139 1874 2212 φιλοφροσύναις
1904 2144 1999 2196 καὶ

2102 2136 2462 2199 obtinuisset,
2490 2142 2602 2188 tum
2630 2134 2747 2200 ipse
2774 2133 3120 2191 humanitate
3154 2130 3391 2199 primum
3425 2136 3478 2183 et
3508 2126 3690 2182 omnis

412 2220 689 2287 δεξιώσεσι
739 2226 1120 2293 παντοδαπαῖς
1151 2230 1508 2304 ἀναῤῥιπίξει
1564 2234 1691 2299 τοὺς
1730 2236 2002 2306 στρατιώ-

2101 2228 2321 2298 generis
2371 2216 2565 2281 oﬂiciis
2605 2225 2862 2279 bellicum
2921 2223 3173 2277 ardorem
3231 2229 3285 2275 et
3329 2219 3598 2289 impetum
3636 2218 3688 2272 in

418 2329 512 2376 τας
538 2314 591 2377 ὲς
630 2316 807 2385 φλόγα
843 2318 1150 2393 πολεμικῆς
1190 2323 1404 2395 ὁρμῆς,
1452 2328 1715 2396 χρήματά
1742 2347 1800 2382 τε
1842 2348 2001 2400 χαρι-

2102 2320 2303 2375 animis
2347 2319 2583 2374 militum
2618 2316 2901 2383 excitare;
2945 2316 3232 2385 pecunias,
3285 2327 3480 2382 equos,
3516 2326 3689 2377 arma,

419 2403 636 2472 ζόμενος
680 2408 775 2463 καὶ
804 2409 1008 2475 ἵππους
1033 2413 1128 2466 καὶ
1153 2414 1295 2468 ὅπλα
1345 2419 1439 2470 καὶ
1480 2418 1788 2488 ἐκπώματα
1810 2438 1825 2453 ο
1882 2422 1999 2475 ἐστι

2102 2412 2295 2483 pocula
2327 2410 2548 2480 largiri;
2581 2409 2858 2463 interdum
2893 2418 2946 2463 et
2974 2423 3168 2463 zonam
3202 2423 3356 2461 suam
3389 2406 3606 2460 solvere
3640 2412 3694 2457 et

413 2497 460 2550 δ’
490 2499 576 2552 ὅτε
608 2501 701 2553 καὶ
739 2502 839 2573 τὴν
870 2504 1068 2559 ἑαυτοῦ
1100 2504 1279 2578 ζώνην
1326 2509 1635 2577 λυσάμενος
1687 2513 2001 2588 στρατιώτῃ

2105 2504 2264 2558 militi
2296 2505 2427 2558 dare
2450 2520 2464 2568 ;
2488 2503 2578 2556 alii
2607 2501 2900 2572 pugionem
2932 2500 3135 2555 oﬂerre
3160 2516 3174 2566 ;
3203 2499 3394 2554 eodem
3426 2496 3554 2551 victi
3588 2496 3690 2560 uti;

415 2592 715 2660 χαρῗζεται,
739 2595 883 2666 ἄλλῳ
911 2597 1050 2677 δὲτὸ
1084 2600 1279 2655 ἑαυτοῦ
1310 2604 1696 2673 παραξιφίδιον
1717 2623 1731 2636 ο
1760 2607 2003 2677 ὁμοδίαι-

2147 2597 2249 2649 Icm
2284 2596 2423 2649 velle
2470 2602 2527 2650 et
2576 2595 2825 2659 sentire;
2882 2595 3118 2647 honores
3165 2601 3222 2646 et
3278 2591 3532 2645 donativa
3581 2603 3692 2643 non
3752 2654 3761 2668 Ι

413 2685 504 2747 τός
532 2703 589 2739 τε
624 2688 803 2749 αὐτοῖς
830 2674 1039 2757 γίνεται
1072 2699 1163 2745 καὶ
1191 2695 1463 2762 ὁμόπνους
1511 2698 1679 2767 (2-5),
1715 2674 1882 2771 τιμάς
1939 2719 2000 2754 τε

2105 2704 2295 2760 parva,
2332 2705 2452 2759 quae
2479 2688 2750 2758 cujusque
2779 2687 3068 2742 laboribus
3100 2686 3523 2755 responderent,
3552 2681 3694 2737 bello

415 2775 600 2842 αὐτοῖς
650 2778 994 2852 ὑπισχνεῖται
1034 2785 1129 2838 καὶ
1163 2786 1373 2855 δωρεὰς
1405 2788 1467 2840 οὐ
1497 2800 1702 2861 μικρας
1732 2795 1872 2860 μετά
1909 2793 2002 2846 τὸν

2104 2781 2359 2838 confecto
2390 2781 2802 2852 persoluturum
2848 2795 2905 2834 se
2941 2779 3298 2849 promittere;
3337 2777 3466 2832 item
3499 2791 3691 2830 mone—

413 2867 649 2940 πόλεμον
704 2872 998 2942 ἀναλόγους
1037 2877 1148 2940 τοῖς
1201 2877 1412 2945 ἀγῶσιν
1465 2866 1738 2933 ἑκάστου·
1808 2883 2003 2938 ἔπειτα

2105 2892 2186 2941 rc,
2237 2887 2296 2930 ttt
2337 2875 2404 2929 ab
2445 2875 2594 2930 omni
2643 2873 2846 2943 ﬂagitio
2895 2872 3000 2928 sibi
3056 2878 3409 2941 temperent;
3457 2869 3694 2938 denique

411 2960 594 3033 πάτης
618 2963 827 3026 ἀδικίας
859 2967 1157 3037 ἀφέξεσθαι
1192 2974 1468 3042 παραινεῖ.
1505 2973 1711 3041 ἱερεῦσί
1741 2992 1802 3028 τε
1833 2976 1992 3029 πλεῖ-

2105 2968 2484 3027 saccrdotibus
2546 2982 2798 3038 magnam
2864 2964 3155 3035 pecuniam
3213 2963 3568 3027 distribuere,
3635 2971 3693 3016 ut

418 3070 520 3108 στα
547 3056 791 3127 διανέμει
821 3063 1078 3131 χρήματα
1123 3062 1361 3134 δεήσεων
1391 3064 1556 3120 ἕνεκα
1581 3067 1692 3120 τῶν
1723 3069 1866 3140 ὑπὲρ
1905 3054 2023 3123 τοῦ¹

2106 3062 2277 3115 Deum
2310 3076 2411 3132 pro
2450 3076 2509 3115 se
2543 3069 2599 3114 et
2632 3058 2881 3114 exercitu
2912 3058 3301 3127 deprecentur.
3330 3054 3411 3109 Ad
3439 3055 3557 3109 haec
3593 3069 3694 3108 an-

417 3148 653 3218 στρατοῦ
699 3152 793 3205 καὶ
818 3155 983 3207 αὐτοῦ
1016 3157 1153 3226 πρὸς
1183 3159 1335 3213 Θεόν.
1377 3160 1487 3212 Καὶ
1518 3161 1614 3212 ἐπὶ
1642 3160 1860 3224 τούτοις
1887 3162 1998 3217 δεῖν

2107 3162 2326 3223 thuam
2370 3153 2507 3207 urbe
2547 3151 2925 3218 egrederetur,
2977 3148 3351 3203 necessarium
3396 3145 3554 3201 duxit
3594 3158 3695 3198 ex-

415 3240 618 3312 εκρινε,
654 3244 785 3314 πρὶν
812 3245 1050 3312 ἐξελθεῖν
1082 3252 1180 3319 τῆς
1218 3250 1637 3325 βασιλευούσης,
1669 3253 1842 3324 λάθρα
1870 3258 1998 3320 τοὺς
2027 3284 2029 3307 l

2106 3249 2411 3320 ploratores
2442 3245 2725 3318 praemitti,
2751 3244 2846 3315 qni
2871 3244 3110 3299 hostium
3139 3243 3321 3298 casta
3346 3240 3696 3311 specularen-

414 3335 928 3406 κατασκεψομένους
984 3340 1052 3394 τὰ
1115 3343 1226 3395 τῶν
1296 3343 1576 3414 πολεμίων
1655 3347 2000 3414 στρατόπεδα

2109 3348 2218 3403 tur,
2251 3355 2320 3394 ne
2342 3353 2401 3394 se
2432 3339 2548 3408 ipse
2576 3346 2782 3393 temere
2814 3344 3082 3390 moveret.
3111 3333 3248 3388 Cum
3283 3342 3465 3387 autem
3495 3345 3698 3401 cogno—

416 3427 649 3496 πέμψαι,
682 3429 757 3492 ὡς
809 3433 885 3504 μὴ
914 3433 1263 3504 ἀτέκμαρτον
1308 3437 1422 3509 ἔχοι
1450 3441 1548 3507 τὴν
1596 3436 1839 3509 κίνησιν.
1884 3442 1997 3496 Καὶ

2108 3433 2297 3497 visset,
2360 3431 2637 3487 Chalelem
2702 3428 3107 3484 nudiustertius
3166 3426 3316 3481 mille
3371 3424 3587 3495 pedites
3640 3433 3690 3478 et

415 3516 479 3587 δὴ
515 3518 700 3587 μαθὼν
729 3521 804 3586 ὼς
832 3523 1035 3590 χιλίους
1063 3525 1262 3590 πεζοὺς
1288 3528 1386 3581 καὶ
1404 3529 1716 3593 διακοσίους
1750 3529 1840 3603 [Ρ.
1871 3531 1997 3605 164]

2107 3527 2375 3581 ducentos
2409 3523 2623 3594 equites
2653 3522 2944 3593 delegisse.
2990 3522 3084 3592 qui
3118 3534 3312 3575 omnes
3345 3532 3504 3588 agros
3536 3517 3694 3588 juxta

420 3611 621 3675 ἱππέας
653 3615 680 3666 6
726 3614 911 3685 Χαλὴλ
947 3617 1353 3688 ἀπολεξάμενος
1401 3622 1673 3692 πρότριτα
1710 3632 1995 3693 πέπομφε,

2108 3617 2324 3688 Bizyam
2381 3616 2796 3696 pepularentur,
2838 3622 2891 3669 et
2939 3613 3230 3668 maximam
3282 3611 3412 3665 inde
3458 3608 3693 3678 praedam

419 3704 596 3768 πάσας
632 3705 730 3769 τὰς
766 3710 895 3779 περὶ
924 3709 1023 3778 τὴν
1061 3708 1265 3782 Βίζύην
1304 3715 1861 3787 καταστρεψομένους
1893 3717 1999 3787 χώ-

2108 3707 2384 3774 aiIerrent,
2420 3717 2658 3762 maturat
2691 3707 2900 3762 exitum
2929 3722 2995 3760 eo
3024 3705 3281 3768 consilio,
3317 3713 3378 3758 ut
3436 3717 3559 3758 cum
3598 3702 3697 3757 ho-

421 3813 521 3866 ρας
550 3798 643 3850 καὶ
675 3798 931 3869 πλείστην
982 3803 1193 3857 ἐκεῖθεν
1241 3805 1393 3875 αὐτῷ
1422 3805 1523 3876 τὴν
1555 3806 1706 3863 λείαν
1739 3811 1999 3879 κομίσον-

2108 3803 2286 3857 stibus
2314 3800 2560 3856 nondum
2592 3799 2658 3852 ad
2688 3815 2819 3855 suos
2849 3799 3217 3859 reversis.sed
3249 3813 3373 3854 cum
3402 3794 3582 3867 praeda
3615 3808 3698 3847 re-

418 3904 539 3951 τας,
575 3888 741 3954 ἔξεισι
769 3891 868 3963 τήν
900 3892 1167 3962 ταχίστην
1199 3894 1520 3967 βουλόμενος
1552 3900 1680 3966 πρὶν
1704 3901 1999 3973 ἐπανήκειν

1576 3900 1680 3966 πρὶν
1704 3901 1999 3973 ἐπανήκειν
2109 3894 2425 3979 deuntibus,
2468 3894 2523 3947 in
2560 3892 2756 3946 itinere
2784 3890 3190 3962 congrediatur.

420 3979 546 4041 τοὺς
576 3982 867 4051 πολεμίους
922 3986 1192 4055 συμμῖξαί
1230 4003 1385 4057 σφισι
1425 3992 1556 4059 περὶ
1585 3991 1684 4062 τὴν
1726 3992 1846 4046 ὁδὸν
1881 3994 1999 4065 ἅμα
2678 4016 2703 4049 \

419 4074 531 4134 τοῖς
564 4073 828 4145 λαφύροις
859 4078 1166 4132 ἐπανιοῦσι.
1596 4103 1615 4107 θ

496 4165 564 4219 ις’.
599 4166 852 4236 Τριταίος
913 4172 1015 4239 μὲν
1061 4169 1154 4225 οὖν
1185 4175 1251 4225 ὲκ
1305 4172 1412 4226 τῶν
1443 4173 1539 4241 τῆς
1604 4174 1999 4248 βασιλευούσης

2182 4173 2245 4227 V.
2290 4172 2472 4227 Tertio
2500 4172 2589 4226 die
2626 4180 2927 4247 postquam
2957 4186 3023 4225 ex
3062 4169 3382 4241 ByzantinTs
3412 4168 3695 4239 suburhiis

420 4256 559 4325 ἄρας
586 4261 928 4330 προαστείων
958 4264 1269 4331 ἀφικνεῖται
1301 4266 1430 4333 περὶ¹
1464 4268 1711 4336 ποταμὸν
1749 4265 2001 4340 Ξηρόγυ-

2109 4265 2468 4329 discesserat,
2522 4265 2589 4320 ad
2637 4265 2844 4319 [lumen
2878 4265 3026 4334 quod
3073 4262 3268 4317 incolae
3316 4261 3693 4333 Xerogypsum

417 4348 517 4418 ψον
541 4350 637 4420 (4),
664 4352 863 4407 οὑτωσί
883 4371 1000 4417 πως
1022 4356 1305 4425 ἐγχωρίοις
1329 4354 1684 4427 καλούμενον.
1719 4361 1886 4415 Ἔνθα
1907 4363 2002 4416 καὶ

2108 4362 2411 4432 appellant,
2445 4359 2719 4429 pervenit.
2760 4359 2962 4413 Planus
2994 4366 3082 4412 est
3114 4357 3160 4410 is
3199 4356 3356 4411 locus
3395 4366 3452 4410 et
3483 4354 3696 4423 campis

424 4446 624 4513 ὁμαλὸς
654 4447 682 4498 6
711 4446 886 4517 χῶρος
913 4442 982 4519 ἦν
1012 4448 1107 4500 καὶ
1134 4450 1324 4512 πεδιὰς
1352 4450 1554 4521 ἀρίστη
1583 4451 1719 4520 πρός
1744 4470 1801 4505 τε
1833 4469 2002 4524 στρα-

2109 4456 2177 4509 ad
2222 4466 2403 4510 castra
2434 4455 2686 4507 metanda
2732 4465 2789 4509 et
2839 4452 2908 4507 ad
2959 4452 3205 4521 praelium
3240 4448 3692 4505 committendum

424 4538 704 4602 τοπεδείας
739 4541 834 4593 καὶ
868 4539 1160 4613 συῤῥήξεις
1195 4541 1474 4612 πολέμων.
1510 4544 1780 4598 Ἐνταῦθα
1811 4544 1878 4613 δὴ
1906 4543 2002 4599 οὖν

2076 4547 2414 4617 ..aptissimis
2447 4544 2698 4600 dilfusus.
2738 4545 2817 4600 lbi
2856 4544 3022 4616 igitur
3047 4545 3246 4598 castris
3279 4542 3475 4613 positis
3511 4540 3688 4595 aciem

424 4633 1025 4703 στρατοπεδευσάμενος
1056 4619 1303 4690 διέταττε
1346 4637 1445 4699 τὰς
1485 4636 1692 4704 τάξεις,
1745 4640 1874 4701 τοὺς
1902 4656 2000 4694 τα·
2037 4632 2038 4640 “

2130 4640 2377 4712 :xplicat;
2407 4640 2630 4692 ordines
2663 4647 2721 4694 et
2747 4638 3007 4693 ordinum
3035 4637 3319 4697 ductores,
3345 4636 3602 4691 cohortes
3638 4642 3696 4688 et
3740 4706 3744 4710 ἱ

421 4726 697 4796 ξιάρχους,
751 4730 878 4792 τοὺς
930 4730 1143 4799 λόχους,
1176 4733 1304 4790 τοὺς
1352 4731 1643 4799 λοχαγοὺς,
1678 4731 1806 4794 τοὺς
1833 4732 2003 4803 ούρα-

2106 4734 2398 4804 prazfeetos
2421 4733 2585 4803 266
2605 4731 2916 4787 cohortium
2948 4746 3076 4785 cum
3104 4730 3270 4811 primi
3294 4739 3417 4784 tum
3452 4729 3687 4784 extremi

421 4820 571 4885 τοὺς,
609 4818 706 4877 τὰς
734 4820 1041 4886 φάλαγγας,
1072 4819 1256 4888 λόγοις
1281 4836 1342 4873 τε
1374 4818 1664 4889 μειλιχίοις
1693 4822 1866 4891 συχνὰ
1897 4839 2005 4876 πα-

2106 4826 2360 4899 agminis,
2392 4828 2636 4895 legiones
2659 4825 2899 4895 denique
2924 4825 2990 4880 ad
3023 4840 3264 4896 pugnam
3303 4824 3561 4887 instruit;
3595 4823 3692 4878 be-

421 4910 783 4981 ραθαρρύνων
815 4910 911 4965 καὶ
943 4912 1245 4983 προπόσεσι
1295 4912 1665 4981 δεξιούμενος,
1699 4914 1793 4967 καὶ
1824 4914 2003 4970 πάντα

2104 4920 2290 4992 nignis
2339 4918 2691 4975 sermonibus
2741 4934 2937 4974 omnes
2986 4919 3225 4974 subinde
3278 4916 3585 4979 conﬁrmat,
3637 4927 3694 4971 et

424 5003 594 5063 ποιῶν
631 5004 733 5058 ὅσα
774 5006 928 5059 τόνον
969 5003 1154 5059 δίδωσι
1182 5007 1252 5076 τῇ
1285 5004 1394 5058 τῶν
1437 5006 1654 5077 ἀνδρῶν
1694 5008 2001 5081 προθυμίᾳ.

2109 5011 2592 5084 propinationibus
2628 5010 2948 5065 demeretur
2982 5028 2996 5063 :
3031 5012 3218 5066 omnia
3250 5010 3489 5080 denique
3540 5005 3691 5075 facit,

426 5098 529 5152 Δύο
567 5098 844 5171 παρῆλθον
892 5100 1099 5170 ἡμέραι
1146 5101 1245 5154 καὶ
1270 5099 1502 5171 ἣκουσιν
1544 5101 1597 5154 oi
1639 5102 1837 5156 σκοποὶ
1872 5105 2008 5172 περὶ

2107 5121 2229 5177 qua:
2255 5106 2567 5159 animorum
2600 5103 2942 5159 alacritatem
2980 5105 3218 5160 maxime
3253 5112 3475 5174 augent.
3516 5102 3692 5160 Biduo

427 5194 599 5260 μέσας
627 5192 824 5256 νύκτας
847 5232 863 5258 ,
916 5193 1083 5277 ἐγγὺς
1122 5187 1263 5247 εἶναι
1294 5194 1425 5259 τοὺς
1471 5194 1766 5266 πολεμίους
1798 5197 2003 5266 ἀγγέλ-

2106 5204 2233 5266 post
2262 5196 2366 5252 sub
2395 5196 2632 5251 mediam
2670 5205 2891 5250 noctem
2933 5196 3311 5265 speculatores
3340 5197 3566 5262 adsunt,
3596 5197 3690 5265 ho-

426 5287 606 5348 ὶοντες
643 5284 781 5356 μετά
830 5283 1043 5338 πολλῶν
1092 5286 1204 5338 τῶν
1235 5279 1494 5355 λαφύρων
1546 5288 1877 5353 ἐπανιόντας
1905 5292 2003 5347 ἀν-

2107 5299 2249 5346 stem
2292 5289 2350 5343 in
2396 5288 2655 5360 proximo
2700 5302 2824 5344 esse
2875 5290 3222 5356 nuntiantes,
3276 5291 3461 5344 multis
3503 5290 3691 5359 stoliis

424 5378 566 5443 δρῶν
593 5377 728 5448 ὁμοῦ
759 5377 1168 5447 καὶγυναικῶν
1213 5382 1310 5434 καὶ
1355 5380 1568 5450 νηπὲων
1618 5382 1714 5435 καὶ
1761 5383 2023 5456 κτηνῶν.’

2107 5391 2388 5448 onustum,
2426 5382 2598 5446 viros,
2645 5382 2926 5447 mulieres.
2979 5399 3288 5453 puerosque
3339 5392 3395 5437 et
3439 5383 3688 5452 iumenta

427 5471 578 5538 Ἅμα
610 5469 656 5524 δ’
705 5471 843 5542 ἡλίῳ
898 5475 994 5523 καὶ
1046 5475 1094 5524 οἱ
1155 5470 1406 5542 πολέμιοι
1442 5471 1866 5543 ἀναφαίνονται·
1907 5479 2006 5532 καὶ

2108 5491 2298 5534 secum
2332 5474 2722 5531 ahducentem.
2759 5473 2873 5530 Sub
2915 5487 3094 5532 ortum
3130 5476 3267 5543 solis
3297 5475 3463 5532 etiam
3505 5476 3720 5531 hostes!

498 5582 515 5613 ⁸
548 5582 690 5638 Psal.
726 5597 884 5648 CXLV,
917 5581 1009 5640 10.

2708 5608 2722 5621 ﬁ

1770 5659 2109 5723 Variorum
2143 5665 2331 5737 notes.
3042 5694 3056 5721 ρ

499 5757 636 5826 (2-5)
671 5757 822 5814 Alter
859 5759 1029 5816 codex
1054 5756 1291 5834 habebat
1325 5757 1585 5834 ὁμόπους.
1607 5760 1724 5829 Qua
1764 5742 2000 5820 lectione
2182 5764 2257 5831 (ὃ)
2287 5763 2536 5818 Thraciae
2560 5762 2785 5826 ﬂuvius,
2819 5764 2981 5834 cujus
3030 5765 3281 5820 meminit
3344 5763 3691 5834 Thcophyla-
3750 5805 3760 5813 .

429 5836 689 5906 deceptus
748 5841 1066 5898 verteram,
1111 5829 1231 5899 pari
1302 5831 1475 5898 gradu
1565 5835 1828 5906 ingressus
1899 5844 1996 5891 est.
2106 5829 2228 5890 ctus
2285 5835 2583 5906 Simoratta
2614 5836 2711 5906 lib.
2744 5851 2822 5899 vr,
2873 5829 2993 5906 cap.
3025 5835 3079 5904 ὖ,
3107 5847 3160 5893 et
3197 5839 3352 5892 Anna
3383 5829 3679 5894 Gelonem.

432 5899 699 5957 \i'ott‘ws.
1623 5899 1642 5906 ⁷
2104 5908 2200 5961 lib.
2241 5922 2332 5971 vn,
2367 5921 2488 5976 pag.
2516 5905 2901 5963 2|5.Dvcmc.
2941 5899 2958 5906 ’
3066 5899 3074 5904 ’
3651 5918 3658 5929 ’
