4088 6456
313 454 428 520 465

566 451 641 523 [λι
680 464 729 504 ο·
775 447 907 503 ‘28:!
947 463 1013 501 λυ
1062 446 1216 518 1528]
1300 446 1745 510 szwrmu
1791 442 2180 505 IflSTORL-E
2220 440 2373 500 LIB.
2418 439 2577 498 VIII.

3491 424 3613 487 406

2662 429 2795 503 [tum
2838 440 3123 483 ANDRONIC.
3188 422 3330 496 sua.)

319 591 407 627 σιν
434 572 679 627 ἀνάλωσε
710 574 805 642 τῆς
845 572 1033 642 μονῆς.
1083 572 1215 641 Ἐμὲ
1266 571 1321 624 δὲ
1378 569 1931 639 προσκαλεσάμενος.

2033 577 2215 616 tarem.
2248 558 2384 613 Nam
2416 571 2541 612 meo
2571 552 2784 610 dicendi
2810 565 3011 622 genere
3036 548 3331 606 admodum
3363 544 3599 601 delecta-

317 667 419 736 τὴν
452 665 771 719 τελευταίαν
802 666 972 719 αὐτοῦ
1011 665 1271 735 βούλησιν
1301 666 1361 718 ὲν
1392 666 1572 735 χαρτῃ
1615 661 1901 716 διαθέσθαι

318 758 497 828 ὴξίου.
529 758 743 828 Σςόδρα
782 759 888 827 γὰρ
925 761 1037 822 τοῖς
1067 760 1220 827 ἐμοῖς
1244 760 1514 829 ἠρέσκετο
1532 757 1733 822 λόγοις.

393 847 468 902 B'.
505 852 675 903 «Πᾶσι
703 850 799 920 μὲν
821 845 913 904 οὖν
937 851 1247 921 ἀνθρώποις
1266 848 1432 923 (46).)
1454 852 1609 920 φησὶ,
1637 848 1903 903 «θανάτου

327 943 639 1013 μεμνῆσθαι
688 944 865 1014 χρεὼν
891 947 986 997 καὶ
1010 947 1273 1015 νήφουσιν
1296 944 1600 1013 ὀφθαλμοῖς
1637 944 1737 1012 τὴν
1792 943 1905 996 τῶν

326 1035 610 1106 παρόντων
628 1034 1067 1104 καταγινώσκειν
1104 1037 1286 1113 σκιὰν,
1318 1037 1435 1100 πῶς
1473 1036 1572 1105 μὲν
1621 1035 1712 1088 τὸν
1779 1034 1908 1105 χθὲς

327 1131 420 1182 καὶ
463 1129 729 1201 πρότερον
762 1129 893 1184 ὄντα
926 1130 1118 1184 κόλποι
1164 1131 1270 1200 γῆς
1321 1130 1583 1202 ἐξαίφνης
1637 1129 1905 1199 διέλαχον,

326 1223 457 1291 πρὶν
486 1225 553 1276 τὰ
581 1223 721 1276 οἴκοι
750 1223 1034 1277 διαθέσθαι
1059 1226 1202 1277 κατὰ
1240 1224 1470 1293 γνώμην
1509 1225 1604 1278 καὶ
1636 1225 1770 1295 πρὶν
1811 1241 1909 1276 κα-

324 1313 433 1376 λῶς
460 1314 744 1384 διαϐλέψαι
773 1315 866 1367 τὸν
901 1314 1059 1386 λόχον
1085 1317 1183 1391 τῆς
1233 1318 1527 1386 συμφορᾶς
1561 1331 1575 1346 ⁶
1646 1316 1743 1370 καὶ
1792 1316 1910 1378 πῶς

327 1403 484 1469 αὖθις
512 1408 538 1459 ὁ
570 1407 817 1478 σήμερον
834 1406 1052 1460 οἴκοθεν
1083 1408 1249 1460 οἱονεὶ
1286 1408 1364 1479 τῷ
1387 1407 1524 1478 ἡλίῳ
1572 1407 1708 1478 τῷδε
1744 1424 1911 1461 συνα-

328 1498 597 1553 νατέλ).ων
628 1498 721 1550 καὶ
768 1498 1144 1568 ἐμπομπεύων
1176 1502 1242 1568 τῇ
1274 1498 1584 1570 πανηγύρει
1638 1498 1734 1552 τοῦ
1792 1498 1910 1569 βίου

330 1591 533 1661 μεστὸς
571 1589 896 1659 ἁπεράντων
928 1590 1184 1653 ἐλπίδων,
1242 1589 1419 1644 ἔπειτ’
1470 1592 1527 1644 ὲν
1586 1570 1913 1663 μεσημϐρίᾳ

328 1684 505 1753 φωτὸς
545 1682 770 1746 σκότους
792 1683 886 1736 καὶ
913 1683 1084 1753 λήθης
1118 1683 1327 1755 ὑπῆλθε
1384 1683 1594 1754 μυχοὺς
1648 1684 1707 1736 ὲν
1757 1686 1911 1755 ἀκμῇ

327 1780 396 1847 τῇ
429 1777 666 1847 ἡλικίας,
699 1774 961 1838 πολλάκις
995 1776 1090 1829 καὶ
1124 1777 1287 1846 ἑορτῇ
1312 1774 1406 1828 τοῦ
1448 1773 1769 1846 προσώπου,
1820 1779 1915 1828 καὶ

330 1871 397 1924 ἵν’
416 1872 563 1939 αείπω
584 1870 676 1923 τοῦ
709 1870 920 1932 πάθους
958 1869 1282 1941 ἀνελπιστίᾳ
1306 1868 1613 1924 πολυτελεῖ.
1645 1869 1833 1940 Πολλῴ
1861 1869 1906 1923 δ’

331 1964 423 2018 οὖν
445 1965 742 2032 ἀναγκαῖον
773 1964 1007 2018 θανάτου
1050 1963 1253 2034 μᾶλλον
1289 1963 1627 2033 μεμνῆσθαι,
1684 1958 1765 2028 οἷς
1817 1966 1914 2018 καὶ
1945 1949 1992 2009 Β

331 2060 484 2121 who;
507 2051 596 2111 οἷά
624 2074 707 2120 τις
737 2055 806 2109 δι’
836 2056 1161 2126 ἀνωμαλίαν
1192 2074 1250 2110 τε
1286 2058 1381 2110 καὶ
1399 2057 1630 2121 ἀταξίαν
1656 2058 1753 2126 τῆς
1783 2056 1916 2128 ὕλης

335 2151 763 2217 συμπέπτωκεν,
810 2144 899 2213 αἷς
939 2149 1162 2213 πολλαῖς
1192 2167 1252 2203 τε
1282 2150 1380 2204 καὶ
1416 2150 1695 2211 ποικίλαις
1723 2150 1915 2204 ἄλλοτε

333 2246 526 2304 ἄλλαις
554 2244 615 2297 τὸ
647 2243 995 2311 ἀνθρώπινον
1023 2244 1298 2314 κέχρηται
1333 2243 1497 2312 σῶμα
1550 2243 1920 2314 συγχεούσαις

332 2354 392 2389 τε
437 2337 530 2391 καὶ
576 2336 914 2398 διασπώσαις
965 2335 1065 2409 τὴν
1118 2336 1228 2390 τῶν
1260 2336 1576 2407 συνδέσμων
1635 2339 1919 2407 στοιχείων

335 2429 713 2507 ἀλληλουχίαν.
748 2421 911 2483 Οὗτοι
943 2428 1052 2498 γὰρ
1095 2429 1198 2499 ἤδη
1229 2429 1458 2503 μονονοὺ
1512 2428 1721 2499 θατέρᾳ
1773 2428 1922 2499 χειρὶ

332 2525 433 2592 τὴν
460 2521 551 2575 τοῦ
576 2521 809 2575 θανάτου
859 2521 1124 2576 κόπτουσι
1157 2521 1329 2593 θύραν
1357 2522 1454 2576 καὶ
1492 2522 1553 2576 τὸ
1603 2524 1767 2577 πλέον
1821 2522 1923 2590 τῆς

336 2616 430 2671 τοῦ
468 2617 565 2685 ζῇν
592 2615 807 2679 ἐλπίδος
835 2614 1068 2669 κατόπιν
1099 2614 1443 2679 διαλιπόντες
1490 2615 1706 2686 θατέρῳ
1752 2614 1926 2685 βλέμ-

340 2728 471 2781 ματι
503 2709 638 2779 πρὸς
658 2711 785 2772 τοὺς
822 2708 934 2762 τῶν
971 2709 1273 2779 μνημάτων
1304 2709 1408 2780 ἤδη
1462 2707 1749 2778 κρημνοὺς
1809 2707 1925 2761 δια-

338 2806 605 2858 κύπτουσι
637 2819 652 2833 ⁸
688 2802 901 2866 τούτοις
964 2803 1130 2856 παντὶ
1187 2802 1380 2872 τρόπῳ
1428 2801 1775 2871 λυσιτελήσει
1824 2801 1925 2871 τῆς

336 2896 545 2958 οίκείας
576 2896 860 2966 φροντίσαι
885 2896 1067 2966 ψυχῆς
1087 2896 1185 2949 καὶ
1214 2894 1464 2948 ἀθάνατὰ
1493 2910 1556 2963 γε
1582 2897 1647 2963 τῇ
1673 2893 1927 2963 ἀθανάτῳ

339 2985 492 3059 πάσῃ
527 2986 727 3056 σπουδῇ
763 2986 1116 3057 πορίσασθαι,
1151 2987 1363 3058 μήποτε
1386 2986 1613 3039 διπλοῦν
1643 2987 1733 3039 τὸν
1762 2986 1929 3040 θάνα-

338 3080 431 3131 τόν
463 3096 646 3148 σρισιν
681 3080 865 3141 αὐτοῖς
898 3077 1278 3149 προξενήσωσι
1296 3078 1389 3132 τόν
1415 3095 1476 3132 τε
1529 3079 1624 3131 τοῦ
1673 3078 1927 3147 σώματος

339 3170 434 3224 τόν
483 3188 542 3223 τε
563 3171 663 3240 τῆς
711 3171 913 3242 ψυχῆς.
968 3171 1124 3239 Ἐμοὶ
1179 3171 1235 3225 δὲ
1289 3170 1419 3238 καὶ,
1440 3171 1677 3241 μάλιστα
1706 3171 1930 3225 πάντων

341 3262 492 3332 δεινῇ
533 3279 639 3315 τινι
673 3262 768 3315 καὶ
792 3260 988 3332 βαρείᾳ
1010 3263 1077 3333 τῇ
1116 3261 1259 3333 νόσῳ
1310 3261 1513 3330 τούμὸν
1554 3263 1703 3314 τουτὶ
1763 3262 1925 3330 σῶμα

344 3355 544 3424 μικροῦ
578 3355 777 3417 τελέως
811 3355 1267 3423 ὲκδεδαπάνηται.
1310 3355 1463 3408 Πάνυ
1488 3356 1597 3425 γὰρ
1624 3357 1689 3408 ἐκ
1712 3353 1929 3426 μακροῦ
1959 3334 2001 3392 c

342 3447 624 3515 πᾶνδημός
667 3464 753 3510 τις
809 3445 1293 3515 ἐπιστρατεύσεισά
1359 3464 1452 3517 μοι
1508 3446 1931 3518 παλινοστήσειν

344 3536 709 3604 οὐκὶτάὖθις
734 3539 1078 3611 βεϐούληται,
1132 3539 1251 3593 ἀλλ’
1308 3539 1740 3609 ὲμπεφώλευκεν
1804 3540 1930 3594 ἐσά-

345 3650 476 3694 παν,
511 3630 699 3709 ὥσπερ
741 3635 866 3687 τινὰ
927 3633 1125 3704 ἑαυτῆς
1151 3633 1329 3686 οἰκίαν
1382 3632 1769 3701 κατειληφυῖα,
1838 3633 1934 3686 καὶ

346 3724 649 3778 διετέλεσεν
682 3726 833 3779 ἐσαεὶ
866 3725 966 3794 τὴν
993 3724 1096 3795 μὲν
1134 3724 1275 3796 ἐμὴν
1310 3723 1406 3779 τοῦ
1442 3722 1710 3794 ’σώματος
1743 3723 1934 3777 οὐσίαν

286 3796 299 3813 Ι
346 3820 512 3873 οἱονεί
538 3837 623 3883 τις
660 3819 959 3889 ὲκμυζῶσα
996 3816 1212 3889 βδέλλα,
1251 3817 1352 3889 τὴν
1406 3816 1453 3871 δ’
1483 3813 1549 3871 αὖ
1607 3816 1931 3889 περιουσίαν

348 3911 656 3983 ὑφαιροῦσὰ
690 3930 791 3983 μου
822 3911 964 3965 κατὰ
1017 3911 1215 3983 μικρὸν
1243 3910 1463 3980 διδύμῃ,
1508 3909 1572 3962 τὸ
1618 3909 1935 3978 λεγόμενον,

350 4005 494 4075 χειρὶ
530 4006 623 4057 καὶ
658 4008 769 4069 τοῖς
814 4004 924 4058 τῶν
964 4004 1167 4076 ίατρῶν
1208 4002 1434 4065 κόλποις
1490 4002 1933 4074 ἐπισωρεύουσα,

349 4098 604 4169 καθάπερ
627 4099 734 4151 τισὶ
768 4096 1040 4169 ταμιείοις
1073 4092 1225 4150 οὖσιν
1264 4094 1492 4164 ἑαυτῆς.
1556 4094 1713 4148 Ἐπεὶ
1763 4094 1808 4145 δ’
1844 4089 1937 4146 οὖν

348 4195 382 4262 ἡ
409 4193 539 4262 πρὸς
570 4192 741 4262 αὐτὴν
776 4192 1024 4261 ἡμετέρα
1052 4190 1260 4261 σπουδὴ
1294 4189 1525 4259 μάταιος
1566 4184 1633 4260 ἦν
1674 4191 1774 4242 καὶ
1812 4190 1939 4242 ἀνό-

351 4301 510 4352 νητος
539 4283 711 4355 ὄχλος,
737 4285 833 4338 καὶ
867 4287 947 4347 εἰς
994 4282 1105 4353 πῦρ
1147 4283 1226 4353 (τὸ
1278 4283 1372 4337 τοῦ
1407 4286 1593 4351 λόγου)
1656 4282 1937 4347 ξαίνοντες

353 4377 670 4448 ἐδοκοῦμεν,
725 4381 776 4431 τί
810 4377 876 4431 ἄν
911 4396 996 4442 τις
1029 4376 1429 4448 ἐκτραγῳδοίη,
1463 4377 1637 4429 ὁπόσα
1673 4394 1763 4447 μοι
1796 4376 1941 4431 κατὰ

354 4470 445 4522 τὸν
477 4470 587 4541 βίον
611 4469 921 4541 ἠναντιώθη
957 4468 1013 4522 ἐν
1053 4485 1112 4521 τε
1144 4470 1260 4530 τοῖς
1293 4468 1589 4539 βασιλείοις
1624 4466 1681 4520 ἐν
1720 4485 1780 4520 τε
1829 4467 1941 4531 τοῖς

355 4562 475 4616 κατ’
519 4558 665 4614 οἷκον
724 4562 1069 4633 πράγμασι;
1130 4560 1467 4632 Συμϐέόηκε
1525 4560 1636 4631 γάρ
1691 4577 1781 4630 μοι
1838 4560 1943 4613 κάν

355 4656 468 4716 τοῖς
514 4655 804 4726 βασιλείοις
854 4654 1115 4723 τετάχθαι
1174 4653 1301 4724 ἄρτι
1351 4654 1459 4708 τῶν
1504 4653 1679 4719 λόγων
1730 4655 1944 4708 ὑπανα-

357 4748 589 4821 κύψαντι
617 4754 710 4803 καὶ
745 4747 1062 4818 τδνέιρηόον
1105 4748 1568 4819 παραλλάττοντι,
1621 4747 1713 4802 καὶ
1767 4747 1945 4817 τιμῶν

358 4843 508 4912 παρὰ
561 4845 671 4905 τοῖς
695 4842 996 4905 θειοτάτοις
1028 4840 1346 4911 βασιλεῦσιν
1383 4841 1652 4911 ἠξιῶσθαι
1683 4840 1837 4894 οὗτοι
1872 4858 1938 4911 γε

361 4932 676 5001 ἐλαχίστων.
720 4930 803 5005 [Ρ.
832 4930 956 5006 179]
993 4932 1102 4985 Καὶ
1132 4931 1220 4989 ἵνα
1246 4934 1345 4986 τάν
1380 4935 1531 5003 μέσῳ
1556 4932 1942 5004 παρέλθωμεν,

361 5023 548 5094 ἐπειδὴ
574 5025 667 5078 καὶ
694 5026 724 5078 ὁ
753 5025 1158 5095 πατριαρχικὸς
1214 5026 1365 5096 ἡμᾶς
1411 5023 1642 5097 ὕστερον
1703 5028 1943 5097 κέκληκε

362 5116 548 5185 θρόνος
586 5119 677 5170 καὶ
701 5116 766 5187 δὴ
803 5119 898 5170 καὶ
922 5117 1312 5189 προσηγάγετο
1338 5118 1576 5182 ἄκοντάς
1618 5137 1678 5172 τε
1721 5121 1818 5175 καὶ
1849 5121 1952 5173 οὐκ

362 5208 628 5273 ἄκοντας*
665 5207 899 5273 ἄκοντας
932 5209 1034 5280 μὲν
1087 5208 1178 5261 διὰ
1230 5210 1292 5263 τὸ
1329 5209 1406 5282 μὴ
1461 5212 1666 5280 σφόδρα
1722 5212 1951 5266 ἀνεκτὸν

359 5302 458 5370 τῆς
494 5300 776 5363 ἀσθενείας
815 5300 982 5370 βάρος
1022 5318 1037 5333 ·
1067 5302 1299 5373 θάτερον
1327 5305 1385 5355 δὲ
1417 5304 1504 5356 aut
1525 5306 1586 5357 τὸ
1619 5308 1716 5376 τῆς
1740 5307 1948 5375 ὑγιείας

363 5396 806 5467 προσδοκήσιμον
967 5397 1077 5464 γὰρ
1137 5397 1344 5466 ταύτης
1401 5399 1769 5453 ἐπισαίνουσα
1828 5403 1951 5454 καθ’

2011 656 2191 709 batur.

2080 845 2245 917 290
2284 844 2348 898 ll.
2386 863 2404 895 ι
2449 840 2653 898 Omnes
2678 836 2955 900 mortales,
2996 854 3014 886 ι
3048 831 3247 902 inquit,
3273 826 3468 882 mortis
3488 838 3603 879 me-

2010 928 2241 997 ntini'sse
2298 944 2549 1008 oportet,
2613 942 2666 988 et
2729 931 2927 986 sobriis
2983 927 3155 982 oculis
3215 923 3600 980 considerare,

2011 1053 2174 1107 quam
2220 1051 2360 1089 vana
2416 1033 2487 1087 sit
2536 1026 2824 1101 praesentis
2868 1025 2995 1108 vita:
3040 1021 3268 1083 umbra;
3320 1024 3380 1071 ut
3419 1014 3464 1069 is
3512 1012 3606 1083 qui

2013 1106 2130 1185 lieri
2192 1126 2386 1191 fuerit,
2431 1134 2592 1179 teme
2636 1121 2768 1175 sinu
2833 1106 3133 1186 derepente
3184 1119 3448 1180 exceptus
3499 1106 3603 1170 sit,

2013 1223 2334 1294 priusquam
2360 1220 2427 1274 de
2462 1217 2629 1272 rebus
2667 1210 2986 1269 domesticis
3013 1226 3077 1263 ex
3106 1204 3378 1262 sententia
3411 1203 3574 1259 decer
3601 1233 3606 1236 -

2015 1332 2148 1371 nere
2177 1325 2232 1370 et
2257 1312 2569 1369 insidiantis
2605 1306 2937 1365 calamitatis
2963 1304 3261 1359 adventum
3289 1297 3609 1369 prospicere

2012 1417 2201 1481 posset
2238 1426 2251 1463 :
2295 1407 2425 1463 item
2460 1419 2522 1460 ut
2567 1402 2736 1473 isqui
2782 1400 2885 1454 bac
2928 1398 3045 1467 ipsa
3082 1395 3170 1450 die
3226 1409 3255 1446 c
3303 1392 3469 1445 domo
3509 1405 3607 1441 sua

2015 1518 2343 1576 progressus
2399 1516 2523 1556 cum
2574 1498 2690 1554 sole
2730 1492 2931 1548 exoriri
2985 1498 3040 1546 et
3096 1489 3153 1543 in
3204 1485 3421 1540 theatro
3484 1480 3610 1536 vitae

2016 1574 2232 1655 infinita
2290 1610 2389 1663 spe
2447 1594 2647 1664 plenus
2703 1584 3065 1644 obambulare
3124 1579 3448 1638 videbatur,
3505 1574 3609 1627 sub

2018 1690 2303 1745 meridiem
2339 1685 2536 1742 deinde
2571 1680 2921 1737 tenebrarum
2946 1682 3002 1730 et
3035 1670 3332 1728 oblivionis
3370 1666 3612 1721 latebras

2017 1780 2268 1847 subierit,
2316 1778 2370 1832 in
2418 1775 2597 1848 primo
2631 1770 2773 1848 ﬂore
2821 1766 3022 1829 aetatis,
3053 1777 3211 1833 saepe
3242 1770 3298 1816 et
3332 1759 3386 1813 in
3432 1756 3611 1812 media
3644 1834 3649 1838 ι

2016 1874 2203 1931 vultus
2259 1870 2593 1934 festivitate,
2661 1839 2789 1919 cum
2850 1858 3259 1916 imminentium
3342 1853 3611 1909 malorum

2020 1963 2231 2027 omnis,
2290 1970 2349 2016 ut
2397 1960 2470 2014 ita
2526 1956 2744 2020 dicam,
2805 1965 2933 2023 Spes
2990 1946 3314 2016 longissime
3365 1943 3610 1996 abesset.

2021 2034 2241 2124 Quanto
2291 2060 2475 2109 autem
2526 2048 2701 2122 magis
2734 2047 2771 2102 ii
2804 2044 3008 2100 debent
3037 2039 3230 2095 mortis
3273 2033 3613 2093 meminisse,

2021 2150 2113 2220 qui
2154 2149 2227 2204 ob
2266 2145 2522 2203 vitiosam
2556 2149 2614 2197 et
2650 2137 3035 2210 perturbatam
3085 2131 3373 2187 materiam
3410 2128 3618 2182 morbis

2021 2243 2437 2305 conﬂictantur,
2481 2237 2576 2308 qui
2629 2234 2788 2290 multi
2838 2241 2895 2287 et
2938 2229 3076 2285 varii
3126 2237 3292 2297 atque
3343 2224 3480 2281 alias
3527 2224 3616 2279 alii

2024 2339 2268 2393 humana
2326 2348 2557 2402 corpora
2605 2328 2876 2390 afﬁciunt,
2916 2325 3188 2380 elementa
3247 2322 3615 2385 confundunt,

2024 2436 2081 2484 et
2122 2436 2305 2497 aptam
2352 2440 2545 2479 eorum
2598 2433 2922 2490 compagem
2966 2414 3319 2471 dissolvunt?
3361 2412 3425 2467 lli
3468 2411 3617 2466 enim

2027 2533 2240 2580 tantum
2312 2535 2419 2574 non
2493 2517 2668 2571 altera
2715 2527 2880 2568 manu
2929 2509 3077 2565 fores
3115 2508 3307 2564 mortis
3352 2507 3617 2579 pulsant;

2028 2617 2085 2672 bi
2117 2616 2247 2671 vitae
2297 2628 2452 2683 spem
2495 2610 2735 2664 maxima
2774 2621 2841 2659 ex
2886 2612 3041 2674 parte
3087 2613 3236 2656 retro
3276 2601 3621 2673 aijcerunt.

2027 2720 2084 2766 et
2143 2711 2376 2763 alterum
2427 2708 2539 2776 jam
2591 2702 2811 2757 oculum
2858 2699 2923 2753 ad
2982 2702 3091 2755 ima
3159 2695 3354 2750 tumuli
3437 2693 3625 2762 prarcl-

2028 2804 2160 2874 pitia
2210 2801 2527 2857 intendunt.
2585 2798 2681 2854 llis
2733 2811 2961 2869 prorsus
3008 2790 3247 2862 expedit,
3294 2786 3462 2841 animi
3523 2800 3624 2839 eu-

2028 2912 2147 2953 ram
2211 2895 2520 2965 suscipere,
2583 2892 2767 2961 eique,
2817 2905 2942 2945 cum
2979 2888 3052 2942 sit
3087 2881 3432 2947 immortalis,
3483 2879 3623 2933 bona

2030 2958 2378 3047 immortalia.
2398 2985 2549 3040 omni
2588 2958 2773 3041 studio
2817 2983 3129 3055 providere,
3162 2993 3233 3033 ne
3266 2982 3406 3038 forte
3446 2978 3626 3051 dqpli-
3675 2958 3684 2976 ’

2030 3100 2151 3142 cem
2199 3082 2306 3138 sibi
2350 3090 2583 3137 mortem
2618 3088 2929 3157 arcessant,
2959 3087 3016 3133 et
3054 3092 3351 3147 corporum
3403 3084 3459 3131 et
3502 3075 3626 3130 ani-

2034 3191 2269 3232 morum.
2302 3173 2433 3228 Mihi
2462 3188 2589 3228 vero
2617 3180 2771 3228 tanto
2812 3170 2988 3241 magis
3018 3170 3122 3225 hoc
3149 3184 3314 3240 quam
3355 3168 3482 3224 aliis
3511 3182 3628 3223 om-

2034 3271 2201 3326 nibus
2265 3268 2578 3338 fatciendum
2654 3275 2769 3334 est,
2834 3277 3046 3337 quanto
3112 3265 3366 3337 graviore
3439 3263 3630 3318 morbo

2036 3369 2213 3416 totum
2262 3339 2376 3413 fere
2406 3372 2611 3428 corpus
2668 3372 2849 3413 meum
2887 3366 2974 3411 est
3020 3366 3435 3425 consumptum.
3490 3354 3644 3408 Nam.

2036 3450 2126 3505 hic
2159 3450 2385 3505 morbus
2426 3458 2724 3520 postquam
2750 3448 2925 3503 semel
2962 3455 3072 3501 tota
3104 3446 3154 3501 vi
3183 3446 3239 3500 in
3276 3460 3364 3499 me
3396 3444 3631 3499 infestus

2038 3545 2222 3609 irruit,
2274 3543 2433 3614 291
2471 3542 2648 3597 noluit
2695 3557 2763 3597 ex
2803 3558 2869 3596 eo
2902 3540 3102 3596 deinde
3134 3556 3165 3595 a
3196 3556 3285 3594 me
3322 3538 3641 3605 discedere,
3701 3611 3720 3632 ι

2037 3639 2133 3695 sed
2168 3647 2435 3709 perpetuo
2469 3637 2523 3691 in
2553 3636 2932 3707 penetralibus
2966 3634 3105 3691 meis
3144 3634 3396 3690 habitare
3427 3634 3632 3705 persti-

2042 3733 2128 3794 tit,
2157 3733 2313 3802 quasi
2347 3747 2467 3786 eam
2493 3731 2592 3786 sibi
2629 3730 2853 3785 domum
2881 3728 3161 3799 pr0priam
3193 3738 3391 3782 nactus
3425 3737 3575 3782 esset
3616 3745 3630 3780 :

2039 3840 2222 3894 neque
2273 3839 2516 3893 unquam
2550 3821 2800 3893 corporis
2848 3821 2958 3875 mei
3006 3835 3232 3876 succum
3272 3819 3545 3873 hirudinis
3578 3819 3631 3872 in

2040 3931 2248 3971 morem
2275 3929 2543 3983 exsugere
2574 3913 2809 3981 destitit,
2840 3920 2897 3967 et
2942 3928 3057 3967 rem
3094 3911 3421 3966 familiarem
3458 3926 3633 3964 meam

2040 4011 2306 4081 paulatim
2350 4006 2693 4063 deminutam
2727 4005 3017 4071 ambabus,
3051 4013 3110 4060 ut
3155 4006 3331 4070 aiunt,
3383 4003 3636 4057 manibus

2041 4116 2363 4168 congerere,
2414 4110 2470 4153 et
2516 4098 2570 4151 in
2611 4097 2797 4152 sinum
2842 4097 3179 4152 medicorum
3214 4096 3381 4149 veluti
3415 4095 3470 4148 in
3517 4095 3637 4148 tlte-

2043 4207 2239 4249 sauros
2266 4207 2395 4248 suos
2441 4178 2712 4245 conferre.
2756 4190 2891 4244 Cum
2925 4196 3110 4244 autem
3148 4200 3338 4244 noster
3371 4188 3639 4243 adversus

2046 4286 2199 4341 illum
2228 4296 2465 4340 conatus
2504 4282 2685 4337 inanis
2715 4291 2771 4337 et
2802 4282 2995 4337 irritus
3026 4280 3214 4347 fuerit,
3263 4290 3339 4349 et,
3370 4286 3433 4335 tit
3466 4283 3640 4335 l'crtur

2047 4377 2356 4448 proverbio,
2409 4377 2589 4448 ignem
2634 4375 2848 4430 caedere
2876 4375 3149 4429 hactenus
3177 4375 3329 4429 visus
3357 4375 3482 4437 sim,
3510 4375 3643 4443 quid

2045 4473 2175 4529 vitae
2211 4488 2345 4526 mea:
2378 4470 2746 4526 adversitates
2793 4478 2902 4523 tam
2935 4469 3309 4539 imperatoriis
3332 4483 3504 4537 quam
3546 4468 3644 4521 do-

2047 4565 2294 4622 mesticis
2337 4565 2388 4617 in
2419 4565 2582 4618 rebus
2612 4562 3079 4618 commemorem?
3126 4560 3217 4615 Sic
3244 4565 3388 4615 enim
3419 4562 3643 4627 accidit,

2049 4668 2109 4715 ut
2154 4658 2354 4713 studiis
2393 4658 2704 4712 litterarum
2740 4658 2827 4710 vix
2860 4655 3177 4718 defunctus,
3208 4671 3331 4708 cum
3376 4670 3440 4709 ex
3472 4656 3641 4722 eplteI

2044 4736 2140 4808 “bis
2167 4750 2608 4818 excederemtin
2648 4748 2826 4803 aulam
2871 4755 3129 4817 receptus
3170 4747 3297 4811 sim,
3339 4756 3393 4800 et
3421 4761 3451 4800 a
3501 4745 3645 4801 divis

2056 4844 2483 4914 imperatoribus
2538 4844 2778 4897 honores
2826 4857 2936 4897 non
3000 4842 3259 4895 minimos
3312 4840 3644 4910 acceperim.

2054 4936 2232 5005 Atque
2259 4945 2320 4989 ut
2350 4950 2414 4989 ea
2461 4950 2583 5004 qua:
2611 4935 3052 4989 intercesserunt
3085 4932 3308 4988 silentio
3355 4942 3648 5003 praetcrea,

2053 5046 2199 5095 mus,
2232 5046 2357 5085 cum
2393 5030 2506 5098 ipsa
2547 5044 2764 5098 quoque
2799 5043 2902 5082 nos
2952 5026 3339 5099 patriarchalis
3381 5027 3542 5082 sedes
3580 5027 3651 5082 ad

2051 5117 2111 5179 'se
2169 5122 2371 5179 deinde
2434 5126 2782 5184 vocavisset,
2845 5131 3012 5201 atque
3071 5119 3237 5176 etiam
3288 5121 3651 5190 pertraxisset

2051 5215 2249 5285 partim
2315 5214 2588 5278 nolentes,
2643 5212 2839 5284 partim
2891 5228 3001 5268 non
3050 5215 3354 5268 nolentes:
3396 5214 3651 5268 nolentes

2050 5308 2275 5378 quidem
2321 5309 2390 5363 ob
2440 5306 2777 5362 infirmitatis
2823 5321 2964 5363 onus
3012 5322 3166 5375 paene
3228 5298 3578 5362 intolerabile
3633 5323 3648 5360 :

2054 5401 2196 5455 haud
2256 5401 2505 5455 nolentes
2542 5400 2613 5455 ob
2652 5399 3120 5469 exspectationem
3173 5398 3432 5453 sanitatis
3490 5399 3650 5468 (nam

1720 5533 2052 5595 l'ariorum
2094 5544 2281 5597 noue.

438 5655 548 5727 (46)
591 5657 865 5728 Gregoras
901 5673 1011 5713 non
1053 5665 1446 5714 testamentum
1489 5672 1667 5727 ipsum
1710 5660 1948 5728 patriar-

365 5727 503 5791 clne,
536 5730 630 5783 sed
662 5727 973 5784 testamenti
1008 5730 1338 5800 procemium
1373 5731 1605 5800 profert,
1638 5727 1799 5797 cujus
1825 5743 1946 5784 sese

366 5808 648 5853 auctorem
700 5799 1049 5854 manifestum
1081 5800 1283 5869 prodit.
1317 5800 1541 5854 Exstant
1569 5799 1622 5853 in
1650 5800 1841 5853 codice
1866 5816 1951 5853 re-

368 5871 458 5939 gio
503 5869 642 5926 5229
678 5871 943 5939 opuscula
977 5871 1107 5937 duo,
1162 5871 1410 5941 ejusdem
1447 5870 1621 5925 ferme
1674 5881 1730 5923 et
1780 5887 1946 5937 argu-

371 5941 537 5994 menti
575 5952 629 5996 ct
674 5942 839 6012 styli;
883 5958 1117 6012 quorum
1171 5943 1409 6012 primum
1459 5942 1807 6007 inscribitur,
1838 5941 1945 5993 Τοῦ

2057 5660 2402 5730 πατριάρχου
2464 5661 2636 5729 κυροῠ
2680 5656 2934 5730 Ἰωάννου
2972 5655 3064 5708 τοῦ
3101 5655 3338 5730 Γλυκέος
3452 5654 3654 5730 παραί-

2055 5723 2212 5802 τησις
2266 5723 2838 5802 τοῦπατριαρχε-ίου,
2868 5728 3136 5802 alterum,
3174 5727 3283 5802 Ίξοῦ
3322 5723 3491 5802 αυτοῦ
3543 5740 3649 5774 πα-

2054 5794 2322 5872 τριάρχου
2372 5794 2783 5872 ὑπομνηστικὸν
2830 5800 2911 5861 εἰς
2940 5800 3031 5851 τὸν
3073 5796 3302 5869 βασιλέα
3343 5798 3437 5847 τὶν
3469 5794 3648 5861 ἅγιον.

2057 5874 2267 5927 Βοινιθι.
2490 5900 2511 5913 η
2984 5872 2990 5876 ”
