4088 6456
375 404 486 471 469·

625 401 702 476 [Α.
742 419 794 459 c.
838 403 976 460 1282
1011 421 1076 460 AD
1118 403 1280 478 1528]
1356 407 1806 474 ΒΥΖᾹΝΤΙΝᾸΞ
1831 413 1961 474 HIS

2068 413 2215 474 RLE
2241 415 2388 478 LIB.
2422 415 2584 477 VIII.

3535 403 3666 478 I70“

2666 407 2795 482 [ιυρ.
2841 409 3129 467 asumma.
3189 408 3337 482 sum]

376 525 503 578 alat
529 525 771 579 ἐκέλευε.
805 525 880 580 Τδ
919 526 965 579 δ’
996 526 1194 594 αἴτιον,
1227 527 1310 582 δτι
1347 527 1443 582 καὶ
1481 525 1573 580 τδν
1605 527 1708 596 τῆς
1743 527 1953 602 μητρὸς

2068 536 2198 595 erat,
2230 527 2377 598 quod
2404 526 2632 583 alterius
2663 527 2916 583 mulieris
2953 528 3340 586 vehementior
3361 539 3418 588 et
3445 539 3641 602 poten-

377 617 544 671 αὐτοῦ
595 619 856 689 Καθαρᾶς
890 618 1070 691 ἔρωτα
1109 619 1299 690 ἔτερος
1335 620 1600 690 ἐξαπίνης
1631 617 1954 691 ἐπιδραμὼν

352 703 744 781 ’ἀντέκρουσεν
775 711 915 781 ἔρως
968 712 1435 784 ἐπικρατέστερος
1481 711 1665 784 πολλῷ
1697 713 1791 767 καὶ
1824 729 1957 781 σφο-

379 800 656 873 δρότερος.
741 823 746 827 ί

450 892 524 948 B’.
571 893 726 947 Ἐπεὶ
749 893 856 965 γὰρ
887 895 1025 966 πρὸς
1062 894 1158 960 τοῦ
1193 897 1406 967 πατρὸς
1435 898 1533 951 καὶ
1563 895 1827 968 βασιλέως
1857 895 1958 966 τὴν

381 986 929 1068 ἐπιτροπὴνέδέξατο
959 987 1070 1043 τῶν
1095 1005 1159 1042 τε
1190 990 1248 1042 ἐν
1274 989 1587 1060 Μακεδονίᾳ
1612 988 1960 1059 πραγμάτων

384 1077 478 1132 καὶ
508 1077 909 1151 Θεσσαλονίκης
937 1080 1108 1149 αὐτῆς
1136 1079 1395 1152 (διέτρισε
1421 1081 1478 1135 δὲ
1504 1083 1576 1135 τὰ
1609 1081 1842 1136 πλεῖστα
1861 1079 1958 1133 τοῦ

382 1171 572 1233 ἄστεος
618 1170 769 1226 ἔνδον
815 1171 1266 1242 Θεσσαλονίκης),
1297 1173 1462 1245 ἔρωτι
1508 1176 1771 1243 γυναικὸς
1817 1173 1960 1227 ἐάλω

382 1262 525 1325 τινὸς
553 1261 660 1316 τῶν
689 1263 993 1332 ἐπιφανῶν.
1022 1259 1130 1317 Ἦν
1155 1265 1214 1318 δὲ
1245 1263 1383 1334 αὕτη
1411 1265 1664 1335 θυγάτηρ
1698 1264 1796 1335 μὲν
1825 1265 1961 1318 Νεο-

383 1351 735 1420 καισαρείτου
779 1353 873 1405 τοῦ
920 1354 1410 1426 πρωτασηκρῆτις,
1455 1358 1691 1425 σύζυγος
1722 1355 1777 1408 δὲ
1803 1357 1959 1408 Κων-

387 1443 663 1496 σταντίνου
699 1443 794 1497 τοῦ
835 1445 1229 1510 Παλαιολόγου.
1275 1446 1437 1500 Οὕτω
1491 1448 1537 1501 δ’
1578 1447 1962 1518 ἀπαράμιλλος

385 1529 454 1606 ἦν
479 1534 558 1606 τῷ
586 1552 644 1588 τε
667 1535 765 1605 τῆς
789 1535 966 1605 ὅψεως
995 1535 1186 1592 κάλλει
1211 1539 1309 1592 καὶ
1337 1540 1406 1611 τῇ
1438 1540 1537 1610 τῆς
1577 1538 1828 1608 γλώττης
1855 1537 1963 1590 δει-

385 1625 565 1696 νότητι
595 1626 691 1679 καὶ
724 1626 800 1696 τῷ
835 1627 1133 1701 ἐφέρποντι
1165 1627 1264 1682 τοῦ
1295 1628 1464 1699 ἧθους
1499 1627 1675 1699 ὑγρῷ,
1720 1627 1864 1680 ὥστε
1899 1628 1960 1680 ού

381 1720 503 1784 ταῖς
540 1719 649 1774 τῶν
679 1720 1123 1790 ἐντυγχανόντων
1154 1723 1316 1792 μόνον
1341 1723 1545 1792 ψυχαῖς
1567 1719 1811 1791 ἄφυκτόν
1839 1737 1960 1774 τινα

379 1813 479 1881 τὴν
513 1811 787 1882 ἐρωτικὴν
818 1812 1063 1884 σαγήνην
1090 1814 1448 1884 ἐπέῥριπτεν,
1485 1812 1625 1886 ἀλλὰ
1656 1815 1764 1866 κάκ
1792 1814 1963 1884 μόνης

2061 621 2169 677 tior
2192 621 2368 678 multo
2397 636 2555 677 amor
2584 631 2812 688 repente
2835 623 3107 678 excitatus
3131 621 3390 680 Cathara:
3416 640 3638 695 quoque

2059 715 2252 771 matris
2284 715 2405 788 ejus
2431 729 2676 770 amorem
2703 714 3012 785 depulerat.

2133 894 2200 949 II.
2239 893 2376 950 Nam
2412 909 2600 950 rerum
2639 892 3117 950 Macedonicarum
3154 904 3212 949 et
3250 894 3424 965 ipsius
3465 893 3644 949 Thes-

2061 985 2319 1043 salonicae
2350 985 2736 1056 praefecturam
2771 1000 2896 1040 cum
2931 1001 2962 1040 a
2998 994 3153 1054 patre
3186 985 3520 1056 imperatore
3551 999 3646 1040 ac-

2063 1079 2322 1148 cepisset,
2353 1087 2410 1132 et
2443 1077 2498 1132 in
2531 1091 2597 1133 ea
2634 1079 2768 1132 urbe
2799 1078 3490 1148 plerumqueversaretur,
3526 1094 3618 1132 mu

2062 1168 2220 1224 lieris
2247 1169 2532 1241 cujusdam
2568 1167 2798 1223 illustris
2829 1183 3017 1223 amore
3058 1177 3254 1238 captus
3282 1177 3387 1222 est.
3420 1167 3554 1222 Erat
3581 1182 3645 1222 ca

2063 1260 2444 1316 Neocaesarita:
2477 1260 2927 1331 protosecretarii
2967 1259 3098 1327 lilia,
3144 1259 3491 1314 Constantini
3543 1259 3649 1315 Ρο-

2064 1352 2276 1422 Ιεεοιοςὶ
2311 1369 2470 1408 uxor.
2496 1351 2572 1408 Ita
2599 1369 2733 1408 vero
2761 1363 2816 1408 et
2841 1353 3113 1424 elegantia
3146 1352 3337 1408 forma:
3365 1361 3420 1407 et
3448 1353 3650 1423 linguae

2063 1444 2325 1500 facundia
2363 1454 2420 1500 et
2462 1438 2664 1501 blanda
2696 1461 2912 1502 morum
2945 1447 3206 1501 comitate
3248 1450 3560 1516 praestabat,
3593 1454 3653 1502 ut

2065 1552 2176 1592 non
2226 1537 2390 1592 modo
2441 1548 2665 1608 aspectu
2715 1552 2818 1593 suo
2867 1537 3085 1593 animos
3123 1553 3339 1602 eorum,
3384 1554 3414 1593 ο
3449 1538 3653 1608 quibus

2065 1629 2347 1696 adibatur,
2378 1629 2688 1686 inevitabili
2720 1629 2958 1700 quodam
2990 1631 3200 1686 amoris
3225 1630 3422 1701 laqueo
3468 1632 3654 1687 irreti-

2065 1733 2171 1793 ret,
2208 1725 2302 1781 sed
2343 1726 2459 1780 sola
2503 1726 2672 1782 etiam
2718 1725 2863 1781 fama
2911 1725 3182 1781 excitatos
3229 1725 3500 1796 plurimos
3533 1725 3652 1795 pari

2066 1821 2262 1872 ardore
2298 1815 2682 1873 inflammaret.
2719 1817 2892 1872 Tanta
2939 1817 3086 1871 enim
3131 1826 3340 1871 natura:
3377 1816 3481 1872 fuit
3523 1832 3654 1888 erga

377 1906 476 1975 τῆς
504 1904 695 1976 φήμης
729 1907 856 1969 τοὺς
894 1905 1185 1972 πλείστους
1233 1907 1376 1976 πρ⁵ς
1422 1908 1549 1970 τοὺς
1587 1907 1790 1978 ἑαυτῆς
1833 1905 1959 1960 ἀνέ-

2068 1927 2185 1967 eam
2213 1913 2540 1978 liberalitas,
2572 1921 2633 1966 ut
2663 1921 2776 1967 toto
2803 1911 2960 1965 vultu
2988 1911 3318 1982 elegantiam
3346 1909 3653 1981 praeferret;

377 1997 574 2066 φλεγεν
593 1997 825 2068 ἔρωτας.
869 1997 1027 2053 Οὕτω
1056 1998 1166 2070 γὰρ
1194 2000 1227 2070 ἠ
1269 2000 1430 2067 φύσις
1462 2001 1594 2072 περὶ
1620 1999 1718 2071 τὴν
1749 1999 1960 2071 ἄνθρω-

335 2156 337 2158 η
376 2107 478 2143 πον
515 2090 969 2161 ἐφιλοτιμήσατο,
1002 2089 1144 2145 ὥστε
1181 2090 1386 2164 πολλὴν
1425 2091 1526 2164 μὲν
1559 2091 1654 2144 ἐπὶ
1697 2089 1793 2144 τοῦ
1825 2107 1961 2161 προ-

378 2181 560 2235 σὼπου
613 2182 711 2253 τὴν
769 2183 1082 2254 εὐρυθμίαν
1132 2183 1452 2256 ἐφήπλωσε,
1496 2183 1702 2253 πολλὴν
1753 2183 1811 2236 δὲ
1859 2183 1960 2255 τὴν

377 2273 608 2345 ὀξύτητα
657 2274 792 2347 περὶ
828 2275 927 2348 τὴν
965 2277 1212 2332 διάνοιαν
1265 2277 1626 2348 ἐθησαύρισε,
1659 2277 1864 2349 πολλὴν
1898 2277 1958 2331 δὲ

377 2371 476 2425 καὶ
499 2373 565 2440 τῇ
598 2369 814 2442 γλώττῃ
864 2371 1135 2442 ἐνήρμοσε
1186 2371 1286 2442 τὴν
1337 2369 1518 2426 πειθὼ
1550 2372 1643 2425 καὶ
1671 2369 1958 2442 δεινότητα

380 2463 475 2516 καὶ
501 2464 560 2516 τὸ
589 2460 890 2534 εὔστροφον
925 2463 1019 2516 καὶ
1047 2463 1275 2534 ἐπίχαρι
1309 2464 1410 2536 τῆς
1434 2465 1622 2536 ἠχοῦς.
1650 2459 1759 2520 Ἦν
1787 2465 1844 2520 δὲ
1866 2465 1961 2519 καὶ

381 2556 572 2624 σοφίας
597 2558 696 2628 τῆς
750 2555 986 2628 θύραθεν
1030 2558 1133 2610 οὐκ
1182 2557 1476 2630 ἄμοιροςὴ
1518 2559 1678 2627 γυνή.
1711 2554 1822 2613 Ἦν
1849 2558 1962 2631 γὰρ

381 2648 513 2701 ίδεῖν
542 2647 713 2718 αὐτὴν
743 2649 921 2703 πάντα
953 2649 1050 2704 καὶ
1094 2652 1326 2714 παντοῖα
1357 2650 1558 2722 ῥᾳδίως
1592 2651 1738 2706 κατὰ
1768 2651 1961 2726 καιρὸν

381 2741 442 2793 ἐν
458 2742 524 2811 τῇ
556 2739 744 2813 ὁμιλίᾳ
773 2741 862 2795 διὰ
894 2741 1144 2815 γλώττης
1169 2742 1580 2814 προφέρουσαν,
1607 2745 1710 2798 ὅσα
1733 2761 1797 2796 τε
1819 2745 1964 2816 αὑτὴ

379 2833 447 2886 δι’
478 2834 676 2906 ἑαυτῆς
705 2834 1008 2903 ἀνεγνώκει
1039 2835 1136 2889 καὶ
1174 2835 1278 2889 δσα
1317 2835 1588 2903 λεγόντων
1616 2833 1794 2889 ἄλλων
1822 2835 1963 2907 ἀκή-

381 2944 531 2990 κοεν,
580 2929 656 2991 ὡς
700 2927 891 2982 Θεανὼ
940 2915 1074 2984 τινακ
1113 2929 1507 3000 Πυθαγορικὴν
1547 2931 1642 2983 καὶ
1687 2929 1961 2984 ’Υπατίαν

382 3021 550 3093 ἄλλην
575 3022 944 3090 ὀνομάζεσθαι
979 3022 1186 3093 ταύτην
1218 3023 1357 3092 πρὸς
1404 3023 1514 3076 τῶν
1562 3023 1649 3091 ἐφ’
1675 3023 1836 3092 ἡμῶν
1869 3040 1962 3076 σο-

381 3114 526 3183 ςωτέ
535 3132 665 3185 ρων.
687 3114 904 3169 Τούτων
921 3115 1177 3169 ἁπάντων
1193 3116 1606 3179 Κωνσταντῖνος
1624 3117 1652 3168 ὁ
1671 3116 1959 3186 δεσπότης,

380 3205 458 3272 ὡς
486 3207 723 3277 ἔφημεν,
762 3208 818 3270 ἐς
861 3208 931 3260 τὰ
978 3206 1216 3277 μάλιστα
1245 3207 1453 3279 ἥττητο
1495 3209 1590 3262 κα)⁴
1617 3207 1966 3277 ἀπεπειρᾶτο

380 3302 481 3370 τῆς
511 3298 772 3368 γυναικὸς
833 3301 925 3353 καὶ
975 3299 1151 3370 λάθρα
1196 3299 1350 3370 ἠξίου
1403 3299 1722 3371 μίγνυσθαι.
1767 3299 1832 3352 Ἥ
1883 3299 1962 3365 δὲ,

2065 2005 2120 2060 in
2182 2005 2404 2076 ingenio
2467 2005 2770 2076 plurimum
2805 2004 2970 2076 294
2998 2004 3294 2070 acuminis,
3349 2003 3405 2058 in
3464 2003 3653 2074 lingua

2065 2098 2178 2154 vim
2212 2097 2435 2154 dicendi
2483 2113 2548 2154 ac
2597 2097 2967 2168 persuadendi
3018 2097 3336 2161 maximam,
3389 2109 3493 2150 nec
3544 2111 3653 2151 non

2071 2195 2473 2251 volubilitatem
2506 2195 2757 2250 haberet.
2793 2194 2926 2250 Erat
2954 2200 3012 2247 et
3046 2190 3471 2246 humanioribus
3503 2191 3653 2245 litte-

2071 2287 2150 2343 ris
2195 2286 2442 2350 erudita,
2488 2293 2547 2341 et
2597 2285 2654 2340 in
2703 2283 3074 2340 familiaribus
3120 2283 3416 2352 colloquiis
3467 2281 3654 2336 omnia

2067 2380 2250 2436 omnis
2293 2379 2536 2451 generis,
2587 2393 2711 2449 quae
2767 2385 2876 2431 tam
2932 2376 3049 2445 ipsa
3096 2375 3328 2445 legerat,
3371 2389 3536 2443 quam
3586 2387 3653 2426 ex

2067 2471 2196 2526 aliis
2225 2469 2500 2530 audierat,
2548 2467 2714 2523 facile
2765 2477 2824 2522 et
2867 2477 3180 2537 opportune
3227 2466 3556 2536 proferebat,
3598 2472 3660 2517 ut

2068 2565 2240 2620 altera
2271 2562 2500 2618 Theano
2551 2560 2909 2633 Pythagorica
2966 2569 3026 2615 et
3078 2560 3251 2614 altera
3308 2557 3539 2629 Hypatia
3585 2557 3655 2612 ab

2072 2655 2474 2712 eruditioribus
2498 2654 2818 2726 quibusque
2843 2652 3240 2724 appellaretur.
3275 2650 3373 2706 liis
3400 2649 3657 2705 omnibus

2071 2747 2468 2806 Constantinus
2510 2746 2763 2816 despota,
2807 2753 2868 2799 ut
2910 2744 3170 2808 diximus,
3218 2743 3446 2798 omnino
3478 2742 3659 2797 victus

2069 2851 2176 2906 est,
2217 2849 2276 2896 ut
2317 2840 2438 2912 ejus
2472 2837 2796 2909 pudicitiam
2831 2846 3091 2901 tentaret,
3145 2846 3203 2892 et
3251 2835 3655 2890 clandestinum

2069 2935 2189 3007 ejus
2243 2930 2599 2989 concubitum
2651 2939 2881 3006 peteret.
2930 2930 3052 3000 Ipsa
3101 2945 3254 2993 vero,
3307 2929 3424 2984 sive
3475 2928 3657 2983 mariti

2070 3022 2657 3089 metu'deterrita,sive
2687 3024 2993 3094 remipsam
3028 3031 3217 3092 utpote
3237 3021 3482 3076 illicitum
3503 3035 3662 3076 arer-

2071 3129 2208 3184 sata,
2254 3118 2548 3173 resistebat
2589 3131 2654 3172 ac
2699 3113 3028 3187 refugiebat.
3065 3116 3161 3170 Ille
3204 3129 3315 3184 quo
3356 3113 3530 3181 magis
3562 3112 3662 3166 ab-

2072 3213 2299 3268 horrere
2325 3225 2448 3266 eam
2487 3210 2726 3276 videbat,
2774 3225 2842 3266 eo
2888 3208 3276 3265 vehementius
3310 3222 3498 3262 amore
3543 3207 3664 3277 ejus

2074 3306 2494 3363 incendebatur.
2530 3304 2745 3376 itaque,
2775 3305 2921 3374 quod
2949 3304 3028 3356 ait
3069 3301 3244 3364 Plato,
3279 3301 3517 3355 amantis
3541 3301 3664 3356 ani-

382 3392 493 3444 εἶτε
534 3392 628 3444 τὸν
681 3390 919 3460 σύζυγον
970 3392 1265 3460 δεδοικυῖα,
1320 3393 1430 3446 εἴτε
1480 3393 1870 3463 μυσαττομένη
1905 3392 1961 3446 τὺ

2073 3415 2218 3454 mam
2253 3398 2436 3454 videre
2464 3409 2584 3454 erat
2609 3397 2664 3451 in
2698 3397 2881 3450 alieno
2913 3410 3146 3465 corpore
3174 3395 3496 3463 snimntcm.
3523 3393 3660 3448 Cum

381 3487 480 3556 τῆς
506 3487 755 3554 πράξεως
772 3486 1034 3558 ἄθεσμον,
1060 3487 1351 3542 ὰνθίστατό
1369 3486 1381 3559 [
1397 3488 1455 3543 P.
1485 3487 1614 3561 I8l]
1637 3505 1698 3542 τε
1723 3490 1815 3543 καὶ
1834 3488 1961 3541 ἀπε-

2073 3501 2257 3547 autem
2283 3489 2579 3560 aliquando
2616 3497 2738 3559 post
2772 3487 3003 3542 maritus
3033 3488 3154 3558 ejus
3180 3486 3527 3548 decessisset,
3549 3486 3661 3556 jam

383 3579 636 3650 τρέπετο.
671 3563 732 3634 Ὀ
762 3579 808 3633 δ’
852 3580 977 3634 ὅσον
1016 3581 1236 3652 ἐκείνην
1280 3581 1741 3652 ἀποτρεπομένην
1789 3581 1961 3653 ἐώρα,

2075 3583 2261 3638 acrius
2287 3598 2404 3638 rem
2439 3580 2670 3652 urgebat
2698 3579 2977 3649 despotes,
3014 3593 3371 3648 omnemque,
3411 3587 3472 3633 ut
3499 3577 3665 3646 vulgo

383 3672 638 3726 τοσοῦτον
663 3671 825 3735 αὑτὸς
859 3674 1001 3744 πρὸς
1053 3673 1306 3743 μείζονας
1351 3675 1608 3740 ἐξεκάετο
1637 3677 1765 3740 τοὺς
1795 3675 1961 3745 αὐτῆς

2075 3677 2254 3740 aiunt,
2288 3675 2544 3731 movebat
2573 3672 2830 3743 lapidem,
2867 3687 2978 3742 quo
3008 3671 3155 3726 illam
3207 3685 3432 3725 uxorem
3481 3669 3667 3739 legiti-

385 3765 622 3836 ερωταςο
651 3767 744 3822 καὶ
787 3762 856 3839 ἦν
909 3767 1060 3834 ἰδεῖν,
1104 3768 1162 3821 τὸ
1197 3767 1290 3821 τοῦ
1333 3769 1638 3834 Πλάτωνος,
1663 3769 1762 3842 τὴν
1790 3769 1961 3841 ψυχὴν

2068 3784 2212 3824 mam
2248 3769 2498 3823 duceret.
2537 3768 2656 3832 Quo
2699 3767 2868 3830 facto,
2913 3764 3164 3819 omnium
3195 3764 3430 3818 aliarum
3465 3761 3665 3815 mulie-

385 3859 481 3913 τοῦ
515 3861 745 3931 ἐρῶντος
775 3862 832 3914 ἐν
869 3861 1138 3933 ἀλλοτρίῳ
1195 3863 1381 3928 ζῶσαν
1423 3863 1500 3932 τῷ
1537 3862 1774 3934 σώματι.
1819 3865 1961 3918 Ἐπεῖ

2071 3878 2195 3917 rum
2246 3869 2302 3916 et
2352 3875 2604 3915 amorum
2655 3859 2882 3925 oblitus,
2921 3858 3208 3928 ipsiusque
3251 3855 3390 3910 adeo
3436 3853 3533 3908 filii
3567 3853 3666 3908 bii-

385 3953 443 4007 δέ
473 3954 611 4025 μετὰ
641 3955 836 4026 χρόνον
865 3955 992 4008 τινὰ
1024 3955 1115 4008 τὸν
1159 3955 1276 4026 βίον
1309 3959 1336 4009 ὁ
1377 3955 1586 4026 ταύτης
1616 3956 1855 4010 ἀπέλιπε
1881 3955 1961 4010 σύ-

2073 3955 2282 4009 cbaelis
2308 3952 2556 4015 Cathari,
2592 3966 2783 4020 quem,
2836 3959 2896 4004 ut
2940 3950 3202 4012 diximus,
3229 3965 3298 4002 ex
3334 3947 3530 4002 ancilla
3559 3948 3666 4002 Ca-

387 4045 570 4113 ζυγος,
603 4046 704 4117 ἤδη
737 4047 1105 4120 σφοδρότερον
1157 4044 1226 4120 ἦν
1277 4048 1599 4117 ἐγκείμενος
1641 4051 1670 4102 ὁ
1704 4049 1961 4119 δεσπότης

2073 4051 2232 4105 tbara
2247 4051 2603 4114 susceperat,
2631 4042 2797 4098 unius
2825 4041 3082 4097 Eudocia:
3105 4039 3482 4110 Palzeologinaa
3505 4053 3661 4094 amo—

388 4141 483 4192 κα“ι
510 4139 687 4193 πάντα
711 4140 858 4194 λίθον
890 4142 1078 4207 κινῶν,
1106 4141 1166 4195 τὸ
1197 4141 1291 4196 τοῦ
1328 4142 1510 4210 λόγου,
1549 4143 1812 4213 νόμιμον⁵
1839 4143 1961 4211 ἁγα-

2077 4143 2237 4196 ribus
2269 4139 2520 4194 vacabat.

386 4231 576 4300 γέσθαι
610 4233 934 4305 βουλόμενος
971 4235 1228 4306 σύζυγον.
1262 4233 1337 4292 Οὗ
1369 4237 1433 4306 δὴ
1464 4237 1754 4307 γεγονότος
1821 4237 2012 4293 πασῶν
2053 4237 2219 4301 εὐθὺς
2289 4235 2574 4302 ἐξελάθετο
2611 4233 2892 4305 γυναικῶν
2941 4233 3036 4285 καὶ
3077 4229 3300 4302 ἐρώτων
3343 4227 3520 4282 ἄλλων
3567 4227 3660 4279 καιὶ

387 4327 551 4382 αὑτοῦ
597 4345 660 4396 γε
688 4329 784 4382 τοῦ
829 4330 1088 4400 ῥηθέντος
1128 4333 1290 4396 υἱέως
1338 4333 1600 4403 Καθαροῦ
1643 4333 1886 4406 Μιχαὴλ,
1951 4333 2011 4387 ὃν
2052 4333 2116 4386 ἐκ
2159 4335 2260 4400 τῆς
2301 4329 2686 4402 θεραπαινίδος
2727 4327 3067 4399 γεγέννηκε’
3109 4327 3205 4379 καὶ
3242 4320 3310 4396 ἦν
3347 4323 3515 4394 μόνης
3543 4321 3668 4392 οερ-

393 4425 508 4495 μῶς
533 4425 852 4496 ἐξεχόμενος
881 4425 1146 4491 Εὑδοκίας
1172 4428 1274 4497 τῆς
1305 4429 1738 4500 Παλαιολογίνης
1762 4428 1901 4500 (SI).

459 4517 532 4572 I".
560 4517 763 4571 Τοῦτον
787 4517 850 4587 δὴ
881 4511 974 4571 οὖν
1002 4517 1093 4572 τὸν
1137 4519 1393 4588 Καθαρδν
1433 4520 1654 4592 Μιχαὴλ
1686 4537 1961 4575 πεντεκαι-

2145 4515 2237 4571 ιιι.
2278 4515 2418 4570 Eum
2482 4512 2804 4568 Michaelem
2854 4510 3176 4573 Catbarum,
3226 4526 3432 4564 annum
3491 4511 3670 4566 attatis

388 4610 612 4664 δέκατον
641 4609 741 4680 ήδη
775 4609 969 4680 χρόνον
1003 4612 1102 4681 τῆς
1148 4610 1368 4681 ἡλικίας
1415 4611 1721 4682 ἀμείϐοντα
1748 4612 1961 4682 πέμψας

2074 4608 2356 4664 decimum
2395 4605 2652 4677 quintum
2676 4605 2787 4676 jam
2815 4614 3086 4676 agentem,
3119 4603 3425 4674 Imperator
3449 4602 3671 4659 Andro-

390 4705 419 4756 δ
448 4684 699 4774 βασιλεὺς
745 4703 1090 4774 Ἀνδρόνικος
1132 4707 1158 4758 ό
1213 4706 1447 4774 γηραιὸς
1499 4705 1890 4776 προσηγάγετό
1916 4721 1961 4756 τε

2083 4699 2244 4754 nieus
2272 4697 2461 4753 senior
2500 4697 2828 4753 arcessitum
2858 4698 3045 4766 pueris
3073 4695 3376 4751 domestica
3421 4696 3645 4752 ministe

391 4794 488 4848 καὶ
513 4797 625 4860 τοῖς
646 4793 767 4847 κατ’
793 4790 943 4847 οἷκον
965 4795 1320 4864 ὑπηρετικοῖς
1348 4795 1656 4866 παιδαρίοις
1680 4795 1792 4865 (52)
1829 4812 1961 4865 συγ-

2085 4790 2537 4847 ria‘ubeuntibus
2587 4790 2798 4844 socium
2834 4789 3108 4844 ascribit:
3165 4788 3427 4859 primum,
3479 4802 3550 4841 ne
3601 4787 3672 4842 ab

392 4887 688 4954 κατέλεξε·
751 4887 972 4957 πρῶτον
1019 4887 1141 4957 μὲν,
1176 4887 1263 4940 ἵνα
1314 4887 1390 4960 μὴ
1430 4887 1758 4959 διαφθαρείη
1804 4887 1961 4958 λιμῷ,

2081 4885 2342 4939 omnibus
2375 4883 2536 4954 295
2563 4882 2846 4954 neglectus
2871 4881 3014 4937 fame
3041 4883 3249 4952 periret
3281 4897 3298 4935 :
3327 4879 3530 4935 deinde
3560 4879 3672 4935 for-

395 4979 622 5048 μηδενὸς
675 4979 1132 5050 προμηθουμένου
1154 4995 1170 5012 ν
1201 4980 1455 5052 δεύτερον
1500 4980 1545 5034 δ’
1596 4981 1728 5044 ίςως
1759 4980 1848 5035 ἴνα
1879 4987 1961 5034 και

2085 4988 2252 5045 tasse,
2289 4988 2349 5033 ut
2376 4993 2476 5048 per
2507 4993 2634 5032 eum
2671 4976 2942 5048 sanguine
2980 4974 3343 5046 imperatorio
3369 4984 3551 5028 ortum
3583 4974 3668 5028 af-

393 5085 499 5122 τινι
522 5071 630 5124 τῶν
662 5071 823 5140 πέριξ
860 5070 1033 5126 ἐθνῶν
1067 5075 1146 5136 είς
1186 5073 1349 5140 κῂδος
1378 5073 1584 5142 δοθείη,
1607 5073 1684 5138 ὡς
1713 5075 1771 5140 ἐξ
1805 5073 1961 5144 αἴμα.⁴

2084 5070 2268 5125 finitas
2301 5085 2426 5124 cum
2451 5069 2634 5138 aliqua
2660 5085 2726 5123 ex
2759 5067 3007 5122 finitimis
3033 5067 3296 5138 gentibus
3321 5067 3669 5138 jungeretur,

393 5179 486 5224 τος
516 5160 589 5215 ὣν
623 5163 900 5232 βασιλείου
955 5165 1053 5219 καὶ
1097 5166 1328 5234 γένηται
1363 5167 1608 5219 σπονδῶν
1638 5183 1806 5219 τινων
1838 5167 1961 5236 πρό-

2079 5175 2249 5234 atque
2285 5172 2344 5218 ut
2376 5163 2598 5219 foederis
2625 5163 2860 5232 alicujus
2889 5160 3228 5216 conciliandi
3255 5160 3475 5215 occasio
3500 5171 3670 5222 esset,

400 5251 545 5316 ξενος
580 5249 672 5302 καί
719 5267 865 5314 τινος
907 5252 1179 5332 ὠφελείας
1234 5252 1533 5324 Ῥωμαίοις
1565 5255 1803 5318 καὶτοῖς
1845 5253 1961 5308 Ῥω

2081 5257 2457 5326 Romanisque
2483 5265 2541 5310 et
2581 5256 2656 5310 rei
2691 5255 2954 5310 Romanm
2981 5254 3230 5324 quolibet
3259 5253 3478 5307 tandem
3511 5263 3672 5322 pacto

403 5344 582 5414 μαίων
619 5343 942 5414 πράγμασιν
985 5347 1182 5410 αίτιος.
1221 5344 1281 5399 '0
1311 5345 1368 5398 δὲ
1402 5346 1688 5417 κομισθεὶς
1729 5351 1824 5400 καὶ
1860 5347 1961 5401 δια·

2081 5351 2386 5421 prodesset.
2417 5349 2513 5405 llle
2547 5357 2730 5404 autem
2767 5363 2893 5402 cum
2926 5348 2979 5403 in
3017 5347 3221 5419 palatio
3252 5345 3590 5402 educaretur
3617 5355 3674 5399 et

1743 5482 2082 5546 Variorum
2117 5491 2304 5544 notae.

476 5603 586 5674 (51)
633 5602 1011 5674 Neocaesarttze
1063 5602 1224 5671 primi
1262 5617 1289 5655 a
1345 5605 1579 5674 secretis
1631 5605 1772 5670 lilire,
1825 5607 1978 5660 (lon-

408 5672 633 5731 stantiui
671 5673 950 5741 Palaeologi
981 5673 1223 5741 despotze
1259 5672 1466 5732 uxoris,
1505 5692 1567 5729 ac
1595 5693 1659 5729 ex
1688 5677 1794 5730 alio
1825 5678 1976 5732 (lou-

410 5744 649 5800 stantino
676 5760 785 5798 tum
820 5744 1017 5806 vidum,
1054 5743 1199 5796 unde
1239 5741 1603 5815 lfulteeloginu
1655 5747 1741 5800 bic
1774 5763 1976 5815 cogno-

416 5825 672 5870 minatur.
719 5833 782 5868 ex
841 5817 1022 5885 priore
1051 5813 1326 5885 cuujngio.
1369 5812 1503 5869 Vide
1533 5820 1677 5872 idem
1714 5812 1970 5875 stemma.

421 5888 654 5940 υιιλδυ.

2156 5607 2270 5678 (52)
2304 5606 2792 5692 ᾼιιοιθεροιιιίιηιει,
2833 5621 2975 5692 quos
3008 5605 3671 5692 ;fOVZOﬁ’)t5).OU§“\:OCil*-'

2082 5679 2235 5737 bunt,
2272 5678 2428 5739 νέους
2458 5678 2564 5729 τῶν
2611 5677 2980 5745 εὐπατριδῶν,
3025 5677 3451 5731 Cantm'uznuus
3479 5678 3573 5730 lib.
3612 5694 3673 5737 ll.

2084 5766 2206 5818 cap.
2237 5748 2346 5813 40;
2379 5750 2530 5808 νέους
2558 5748 2669 5800 τῶν
2704 5747 3132 5814 εὐγενεττέρων.
3163 5749 3258 5802 lib.
3296 5764 3376 5818 ut,
3425 5763 3548 5816 cap.
3579 5749 3669 5804 45.

2088 5819 2222 5876 Vide
2253 5819 2428 5875 Gloss.
2467 5820 2600 5873 med.
2635 5818 2854 5874 Gru'cit.
2891 5819 2943 5873 in
2983 5818 3089 5874 hac
3120 5834 3269 5875 voce.
3316 5821 3553 5875 Ducum.
