4088 6468
397 409 507 477 475
649 407 727 482 [Α.
768 423 827 466 ιι.
867 408 1003 469 6791
1041 427 1112 468 Α»
1149 410 1315 485 6856]

1568 419 1992 482 NICEPHORI
2030 392 2426 481 esseom

2816 384 2873 392 “.

2693 388 3195 480 [iuvissent-inter
3222 394 3370 482 sum]

3557 412 3665 477 476

398 534 457 580 et
487 526 543 580 in
573 526 812 584 vincula.
850 534 910 581 ut
936 526 1198 592 diximus,
1234 527 1543 593 conjectum
1581 529 1646 584 ad
1679 534 1972 602 imperato-

2087 527 2418 600 είρήκειμεν,
2445 521 2638 579 τοῦτον
2661 522 2976 595 ἐπεπόμφει
2996 522 3074 593 τῷ
3107 522 3342 593 βασιλεῖ.
3360 521 3521 578 Ἀλλά
3555 525 3667 605 γάρ

399 631 515 672 rem
549 618 718 673 misit.
771 618 854 674 Ob
898 618 1035 673 illud
1069 619 1279 676 crimen
1322 619 1653 693 Syrgiannes
1688 625 1741 679 in
1786 635 1976 681 custo-

399 710 548 765 diam
577 711 739 766 datus
769 709 862 766 diu
893 726 1116 767 carcere
1159 712 1403 769 inclusus
1444 715 1666 771 mansit.
1705 716 1810 771 Sed
1849 732 1975 772 cum

398 803 519 874 ejus
553 813 728 858 mater
754 803 961 873 gemitu
994 813 1050 859 et
1078 804 1335 876 lacrymis
1366 806 1549 863 aulam
1590 809 1841 879 quotidie
1868 811 1975 864 im-

399 895 598 963 pleret,
630 906 687 950 et
711 896 905 964 quavis
927 896 1187 953 cautione
1212 896 1395 951 oblata
1431 898 1599 953 lilium
1629 901 1858 970 supplex
1892 915 1977 957 re-

400 970 676 1057 posceret,
713 1003 855 1060 aegre
885 991 1105 1063 tandem
1146 990 1442 1061 impetrare
1474 993 1675 1061 potuit,
1714 1003 1774 1048 ut
1797 1009 1828 1048 e
1853 1009 1978 1049 car-

401 1096 529 1136 cere
577 1079 934 1136 educeretur.
991 1081 1111 1136 Non
1167 1082 1322 1152 prius
1373 1092 1553 1139 tamen
1610 1084 1665 1139 id
1717 1085 1978 1156 obtinuit,

401 1188 565 1242 quam
604 1173 697 1228 ille
729 1173 935 1243 scripto
983 1175 1351 1246 jurejurando
1385 1190 1572 1229 coram
1629 1189 1982 1234 sacrosancta

403 1264 643 1335 imagine
669 1265 993 1320 castissimae
1020 1265 1114 1320 Dei
1145 1265 1440 1322 Genitricis
1469 1265 1813 1338 llodegctriaa
1838 1284 1981 1339 prm-

402 1358 554 1419 stito,
593 1359 831 1413 cavisset
872 1360 1216 1430 imperatori,
1262 1376 1544 1432 nunquam
1581 1377 1641 1418 se
1672 1363 1793 1433 ejus
1812 1363 1986 1435 jussis

402 1456 596 1518 postea
626 1449 1072 1505 adversaturum.

478 1626 542 1682 ιτ.
593 1625 685 1681 Sic
730 1626 821 1681 ille
864 1626 1012 1680 omni
1061 1627 1380 1697 suspicione
1431 1627 1703 1686 liberatus
1747 1628 1988 1702 principi

401 1716 543 1773 bene
594 1718 795 1773 merito
834 1720 1041 1789 optime
1078 1720 1221 1774 velle
1257 1719 1591 1776 credebatur
1635 1739 1650 1778 :
1698 1736 1729 1776 a
1778 1737 1888 1792 quo
1933 1730 1990 1779 et

400 1810 566 1881 299
593 1813 637 1865 is
674 1811 849 1866 honor
882 1812 933 1867 ei
966 1811 1185 1867 habitus
1213 1822 1315 1876 est.
1354 1824 1418 1868 ut
1451 1813 1616 1868 etiam
1651 1828 1981 1869 arcanorum

400 1903 675 1971 particeps
707 1901 881 1957 fleret.
919 1904 996 1957 Ac
1046 1904 1189 1957 inter
1217 1912 1414 1959 caetera
1448 1902 1583 1959 illud
1614 1918 1833 1974 quoque
1861 1905 1983 1976 ejus

401 1992 527 2046 fidei
558 1994 915 2048 commissum
949 1993 1071 2060 fuit,
1107 2004 1169 2050 ut
1206 1995 1446 2051 furtivus
1474 1996 1641 2051 veluti
1670 2005 1858 2053 custos
1885 1997 1982 2053 im-

399 2092 713 2154 peratorem
781 2085 1160 2142 Andronicum
1222 2087 1501 2159 juniorem
1581 2089 1983 2147 circumeundo

398 2175 784 2246 aileuudoque,
843 2191 914 2231 ne
970 2176 1369 2232 clandestinam
1425 2177 1608 2249 fugam
1666 2181 1980 2249 moliretur,

398 2268 756 2333 observaret;
783 2268 1256 2338 quemadmodum
1288 2285 1455 2342 supra
1481 2272 1741 2329 diximus.
1767 2276 1836 2329 At
1867 2275 1983 2342 ille,

399 2357 445 2412 si
488 2357 623 2428 quid
668 2358 817 2429 vulgi
856 2358 1216 2427 opinionibus
1266 2360 1605 2417 credendum
1658 2372 1763 2429 est,
1816 2363 1983 2420 homo

401 2465 622 2520 semper
656 2451 1013 2517 ambitiosus,
1043 2451 1132 2507 cui
1166 2454 1370 2509 mentis
1398 2452 1743 2510 declarandae
1790 2455 1979 2512 hacte-

399 2557 508 2596 nus
537 2541 804 2598 defuisset
834 2545 1075 2609 occasio,
1110 2544 1356 2600 oblatum
1386 2546 1625 2618 denique
1673 2563 1706 2603 a
1762 2547 1983 2605 fortuna

400 2643 778 2705 opportunum
810 2643 1030 2706 tempus
1059 2636 1252 2693 adesse
1281 2636 1636 2706 existimavit,
1668 2654 1779 2711 quo
1804 2639 1983 2711 impe-

402 2728 686 2783 ratoribus
720 2728 864 2783 inter
895 2743 955 2784 se
987 2729 1132 2787 bello
1170 2729 1505 2797 commissis,
1552 2740 1609 2787 et
1656 2729 1825 2788 reb‘us
1869 2733 1982 2788 Bo-

402 2836 690 2877 manornm
722 2823 952 2877 omnino
973 2823 1055 2878 sic
1085 2822 1447 2893 perturbatis,
1476 2825 1593 2895 ipse
1623 2826 1857 2897 sceptris
1880 2840 1984 2897 po-

400 2917 632 2983 tiretur;
670 2929 767 2972 aut
795 2917 987 2973 saltem
1019 2917 1275 2987 portione
1309 2916 1495 2988 aliqua
1525 2933 1556 2973 a
1590 2925 1707 2973 toto
1749 2916 1984 2987 imperio

400 3009 602 3076 recisa,
660 3010 946 3080 proprium
1004 3011 1115 3065 sibi
1170 3009 1550 3081 principatum
1596 3010 1981 3069 constitueret.

399 3100 591 3171 Itaque
644 3102 1032 3173 imperatorem
1089 3101 1466 3158 Andronicum
1509 3102 1788 3174 juniorem
1844 3104 1983 3172 adit,

2084 621 2278 691 εἱρκτῇ
2324 614 2656 688 παραδοθεὶς
2687 616 2777 672 διά
2824 615 2921 687 τὴν
2966 614 3224 685 τοιαύτην
3260 616 3441 670 αἰτίαν
3462 617 3490 671 ό
3523 616 3666 687 Συρ-

2062 713 2331 787 ¹γιάννης,
2365 709 2549 780 ἔμεινε
2580 708 2774 779 χρόνον
2801 709 2860 762 ἐν
2886 705 3061 780 ταύτῃ
3092 705 3309 777 συχνόν.
3354 706 3505 778 Ἐπεὶ
3541 706 3599 760 δέ
3633 708 3666 777 ἡ

2089 804 2274 874 μήτηρ
2306 803 2367 856 ού
2400 801 2642 855 διέλιπεν
2678 799 2935 871 ὀδυρμοῖς
2967 798 3064 851 xui.
3099 798 3333 869 δάκρυσι
3361 797 3670 869 προσιοῦσα

2086 898 2199 961 τοῖς
2236 896 2362 967 περὶ
2411 897 2499 950 τὸν
2539 893 2906 966 βασιλέα-καὶ
2951 891 3274 947 ἱκετεύουσα
3304 892 3397 945 καὶ
3431 892 3523 944 τὸν
3550 890 3672 945 υίέα

2085 988 2451 1059 ἐξαιτουμένη
2496 987 2594 1042 καὶ
2635 988 2818 1050 πάσας
2859 984 3067 1055 ἐγγύας
3111 984 3512 1054 προϐάλλουσα,
3571 981 3672 1053 ὀψὲ

2087 1082 2183 1137 καὶ
2235 1081 2390 1154 μόλις
2442 1079 2675 1151 ἐδυνήθη
2716 1077 2817 1148 τῆς
2864 1076 3093 1147 εἱρκτῆς
3126 1075 3291 1129 αὐτὸν
3340 1074 3623 1142 ἐξελέσθαι
3651 1087 3670 1107 ⁸

2086 1174 2227 1245 πλὴν
2251 1174 2311 1229 ού
2341 1173 2629 1246 πρότερον.
2663 1171 2796 1244 πρὶν
2827 1170 2894 1233 ἂν
2918 1171 3232 1241 ἐγγράφους
3261 1169 3424 1223 αὐτὸν
3442 1167 3674 1224 ἀποδοῦ-

2085 1285 2175 1323 ναι
2226 1266 2306 1338 τῷ
2340 1265 2553 1337 βασιλεί
2583 1265 2710 1327 τοὺς
2738 1265 2937 1335 ὅρκους
2965 1262 3196 1317 ἐνώπιον
3224 1263 3323 1332 τῆς
3350 1262 3499 1323 θείας
3527 1262 3671 1315 εἰκό-

2087 1378 2178 1424 νος
2204 1360 2302 1429 τῆς
2327 1358 2637 1431 ὑπεράγνου
2659 1356 2744 1429 [Ρ.
2771 1354 2898 1429 184]
2936 1356 3267 1426 θεομήτορος
3295 1355 3397 1424 τῆς
3434 1356 3671 1425 Ὀδηγη-

2086 1455 2270 1526 τρίας,
2304 1453 2381 1525 μὴ
2406 1456 2518 1519 τοῖς
2544 1453 2640 1507 τοῦ
2671 1452 2941 1525 βασιλέως
2981 1453 3409 1522 προστάγμασιν
3450 1450 3673 1505 ἐναντία

2089 1547 2224 1601 ποτὲ
2255 1543 2686 1616 διαπράξασθαι.

2163 1635 2409 1695 Ε’.Ἀλλά
2423 1636 2532 1708 γὰρ
2556 1634 2702 1690 οὕτω
2718 1635 2900 1706 πάσης
2918 1631 3157 1705 ὑποψίας
3179 1630 3515 1700 ἀπολυθεὶςίὸ
3533 1630 3673 1700 ἀνὴρ

2091 1730 2187 1784 xui.
2215 1730 2396 1783 πᾶσαν
2426 1726 2643 1781 εὔνοιαν
2663 1725 2954 1792 διασώζειν
2984 1724 3378 1795 πιστευόμενος
3419 1724 3556 1794 πρὸς
3575 1724 3669 1777 τὸν

2094 1822 2394 1894 εὐεργέτην
2440 1822 2535 1875 καὶ
2556 1821 2888 1893 ἀπορρήτων
2913 1820 3017 1892 ήδη
3048 1819 3309 1883 κοινωνὸς
3343 1818 3560 1889 ἠξιοῦτο
3588 1817 3674 1886 γί-

2085 1914 2339 1985 γνεσθαι,
2363 1912 2439 1976 ὡς
2454 1911 2821 1982 ’πιστευθῆναι
2840 1911 3026 1966 λοιπὸν
3058 1910 3154 1965 xui.
3171 1910 3320 1965 τουτὶ
3341 1909 3672 1981 τδάπόρῤη-

2083 2025 2196 2073 τον,
2215 2006 2383 2075 λέγω,
2400 2005 2463 2062 τὸ
2484 2005 2658 2074 φύλαξ
2675 2004 2955 2061 λανθάνων
2976 2006 3249 2076 περιϊέναι
3265 2003 3362 2058 xui.
3385 2004 3671 2072 προσιέναι

2082 2099 2161 2170 τῷ
2191 2102 2401 2171 ἐγγόνῳ
2426 2098 2523 2153 τοῦ
2552 2097 2819 2169 βασιλέως
2864 2096 3193 2169 ’Δνδρονίκῳ
3223 2096 3302 2167 τῷ
3327 2094 3556 2167 βασιλεῖ,
3593 2094 3686 2164 μὴ,

2082 2192 2223 2266 λάθῃ
2242 2191 2450 2263 φυγὼν,
2474 2191 2552 2255 ὡς
2572 2190 2818 2261 ἐφθῃμεν
2839 2190 3145 2262 είρηκότες.
3163 2187 3223 2244 '0
3246 2189 3326 2255 δέ,
3348 2190 3397 2244 εί
3422 2188 3527 2260 χρὴ
3554 2189 3695 2251 ταῖς

2083 2285 2192 2341 τῶν
2206 2285 2415 2340 πολλῶν
2441 2282 2743 2356 ὑπολήψεσι
2770 2281 3075 2349 πείθεσθαι,
3094 2281 3355 2353 φίλαρχος
3373 2279 3448 2335 ὢν
3467 2279 3556 2334 ἀεὶ
3577 2279 3673 2333 καὶ

2085 2377 2280 2448 καιροῦ
2316 2375 2392 2448 μὴ
2423 2374 2606 2447 τυχὼν
2628 2375 2842 2431 οὐδέπω
2872 2374 2933 2428 τὸ
2969 2374 3296 2446 βουλόμενον
3333 2372 3671 2440 ἐνδείξασθαι

2083 2468 2182 2539 τῆς
2218 2467 2398 2539 ψυχῆς
2438 2465 2535 2521 νῦν
2576 2464 2717 2535 ἔγνω
2758 2465 2953 2535 καιρὸν
2993 2459 3132 2519 εἶναι
3174 2464 3366 2518 τοῦτον
3421 2463 3527 2517 ύπδ
3572 2463 3672 2530 τῆς

2083 2559 2256 2630 τύχης
2299 2557 2721 2630 παρεσχημένον
2770 2557 2895 2611 κατ’
2939 2556 3188 2628 ἀλλήλων
3244 2557 3372 2619 τοὺς
3415 2554 3672 2626 βασιλέας

2088 2649 2481 2719 ἐκπολεμώσας
2531 2648 2734 2703 καὶτὰ
2797 2646 3089 2718 Ῥωμαίων
3122 2647 3265 2702 οὕτω
3315 2648 3671 2717 συγκυκήσας

2086 2740 2306 2796 ἅπαντα
2338 2740 2666 2810 πράγματα,
2701 2739 2810 2795 τῶν
2846 2741 3145 2811 σκήπτρων
3175 2739 3338 2805 αὐτὸς
3372 2739 3667 2809 ἐπιϐῆναι·

2084 2832 2118 2903 ἢ
2161 2831 2224 2887 τό
2265 2848 2331 2901 γε
2375 2832 2648 2906 δεύτερον,
2688 2833 2856 2903 μέρος
2902 2835 3004 2905 τῆς
3055 2832 3183 2898 ὅλης
3232 2832 3340 2886 τῶν
3380 2831 3671 2903 Ῥωμαίων

2085 2925 2392 2998 ἡγεμονίας
2451 2926 2867 2995 ἀποτεμόμενος
2914 2924 2996 2988 είς
3044 2923 3254 2978 οἰκείαν
3311 2924 3488 2995 ἀρχὴν
3537 2922 3670 2977 αὐτὸ

2087 3017 2562 3087 καταστήσασθαι.
2608 3017 2775 3072 Ὅθεν
2820 3016 3149 3088 ’Δνδρονίκῳ
3182 3014 3262 3087 τῷ
3304 3016 3411 3087 νέῳ
3457 3015 3673 3086 βασιλεῖ

2090 3110 2404 3181 προσελθὼν
2421 3111 2569 3166 ἅπαν
2594 3111 2686 3166 τοῦ
2713 3110 2940 3165 πάππου
2967 3114 3062 3165 xui.
3083 3108 3345 3180 βασιλέως
3366 3108 3671 3193 ἀνεκάλυψε

399 3196 563 3263 eique
616 3194 702 3249 avi
755 3195 1111 3265 imperatoris
1161 3211 1425 3251 arcanum
1476 3197 1981 3253 omne‘consilium

2087 3203 2148 3255 τὸ
2195 3203 2530 3275 ἀπόρρητον,
2560 3193 2763 3271 λέγων,
2801 3202 2879 3265 ὠς
2914 3221 2933 3255 ι
2977 3200 3110 3272 Ἐμέ
3141 3200 3241 3271 μὲν
3274 3194 3362 3255 οἷά
3388 3217 3509 3253 τινα
3532 3198 3673 3254 κύνα

401 3290 627 3359 aperit:
664 3308 684 3344 ι
734 3289 840 3357 Me,
887 3290 1094 3360 inquit,
1150 3292 1450 3361 imperator
1512 3289 1683 3346 veluti
1730 3304 1980 3361 sagacem

400 3399 595 3439 canem
622 3391 744 3439 tuas
771 3384 1139 3454 cogitationes
1168 3383 1387 3440 odorari
1416 3383 1581 3456 jussit
1606 3400 1621 3437 :
1652 3393 1858 3439 etcum
1888 3383 1985 3438 ille

400 3487 629 3532 catenas
665 3477 765 3532 tibi
802 3485 858 3532 et
887 3476 1107 3532 vincula
1142 3476 1469 3543 fabricetur,
1506 3484 1563 3532 tu
1595 3475 1820 3547 ignarus
1848 3489 1986 3546 pue-

400 3569 524 3626 rilia
551 3570 779 3625 consilia
820 3570 1014 3641 agitas.
1049 3568 1191 3636 Quid
1227 3571 1372 3625 enim
1407 3568 1508 3625 tibi
1541 3567 1813 3639 profuerit
1841 3567 1981 3622 clam

403 3661 461 3717 in
489 3662 661 3737 altum
692 3661 893 3717 deferri
940 3670 996 3718 et
1027 3677 1258 3732 peregre
1290 3661 1466 3726 abire,
1501 3661 1595 3716 ubi
1626 3661 1807 3716 aliena
1846 3675 1986 3731 qua-

402 3753 500 3808 dra
532 3754 701 3824 (quod
736 3754 913 3825 aiunt)
949 3754 1246 3810 viventium
1280 3754 1379 3809 tibi
1413 3754 1543 3820 erit,
1576 3754 1623 3809 si
1654 3768 1742 3809 res
1777 3755 1984 3824 optime

382 3846 579 3911 cadat,
614 3854 671 3901 et
718 3860 828 3901 non
864 3846 1001 3901 illud
1033 3847 1265 3912 accidat,
1306 3854 1367 3901 ut
1414 3846 1485 3902 ab
1532 3846 1845 3917 hospitibus
1891 3854 1986 3901 aut

401 3941 720 4006 trucideris,
759 3950 853 3996 aut
888 3939 941 3994 in
976 3939 1329 4009 imperatoris
1376 3938 1464 3993 avi
1496 3954 1680 3995 casses
1725 3940 1983 4010 laqueos-

400 4052 511 4108 que
547 4034 778 4090 incidas.
809 4032 967 4099 Quod
1000 4033 1048 4088 si
1081 4031 1204 4087 istis
1223 4031 1819 4103 eogitationibus,quae
1849 4047 1984 4100 pue-

400 4145 525 4184 rum
559 4130 801 4197 sapiunt,
833 4125 1052 4196 penitus
1080 4124 1344 4179 oblivioni
1385 4125 1628 4192 traditis,
1671 4125 1898 4180 méliora
1928 4133 1987 4179 et

402 4222 687 4279 salutifera
724 4218 974 4278 consilia.
1011 4217 1196 4288 qualia
1244 4233 1345 4289 ego
1376 4217 1619 4276 daturus
1647 4232 1791 4284 sum,
1828 4215 1985 4285 sequi

401 4316 666 4375 volueris.
716 4312 853 4367 nihil
897 4310 1160 4374 obstabit,
1188 4310 1485 4380 quominus
1516 4324 1786 4387 summam
1822 4319 1985 4379 pote-

401 4418 600 4464 statem
632 4406 812 4477 primo
840 4418 1060 4474 quoque
1093 4412 1341 4472 tempore
1363 4401 1501 4456 citra
1533 4402 1708 4456 ullum
1736 4401 1984 4456 laborem

404 4501 664 4571 arripias.
694 4499 910 4554 Etenim
941 4512 1105 4552 unam
1135 4510 1257 4551 esse
1284 4494 1464 4554 \ideo.
1498 4509 1606 4564 qua
1640 4492 1695 4547 id
1722 4508 1985 4564 assequa-

2094 3294 2488 3366 ρινηλατοῦσαν
2525 3296 2593 3349 τά
2624 3295 2693 3349 σὰ
2727 3294 3075 3365 βουλεύματα
3100 3294 3329 3364 τέταχεν
3354 3295 3381 3346 ό
3417 3291 3672 3364 βασιλεὺς

2091 3388 2221 3459 περί
2248 3404 2308 3441 σε
2330 3404 2344 3418 ’
2361 3389 2388 3442 ὁ
2407 3388 2463 3441 δέ
2490 3387 2727 3457 κάθηται
2749 3386 3102 3452 συσκευάζων
3122 3386 3358 3467 ἀγχόνας
3383 3386 3477 3439 xui.
3498 3385 3674 3455 δεσμά

2092 3480 2235 3533 κατά
2266 3479 2362 3533 σοῦ
2386 3498 2400 3511 ·
2427 3481 2492 3533 σὺ
2518 3479 2564 3533 δ’
2592 3480 2802 3547 ἀγνοῶν
2831 3479 3069 3546 κάθησαι
3097 3472 3311 3547 νηπίων
3339 3477 3673 3549 βουλεύμασι

2042 3604 2043 3607 η
2091 3570 2484 3642 γαυρούμενος.
2535 3572 2599 3623 Τί
2638 3572 2745 3643 γάρ
2794 3589 2876 3624 σοι
2927 3571 2988 3623 τὸ
3025 3570 3220 3640 ὄφελος
3267 3568 3676 3624 ἀποπλεύσαντι

2091 3664 2265 3733 λάθρα
2292 3664 2432 3734 πρὸς
2457 3663 2743 3734 ἀλλοτρίαν
2773 3663 3250 3734 οίχεσθαινχώραν,
3270 3661 3399 3716 ἔνθα
3421 3661 3674 3731 καθάπερ

2090 3757 2261 3828 δούλῳ
2286 3757 2467 3823 δεήσει
2499 3756 2796 3827 καθημένῳ
2822 3756 2958 3825 πρὸς
2988 3755 3277 3827 ἀλλοτρίαν
3297 3753 3519 3826 βλέπειν
3548 3753 3679 3825 τρά-

2091 3850 2284 3914 πεζαν,
2333 3849 2534 3902 ὁπόταν
2583 3848 2714 3911 ἴσως
2773 3848 2908 3919 μηδὲ
2970 3847 3229 3925 φονεῦσιν
3277 3846 3509 3920 ἐντύχῃς
3562 3847 3674 3910 τοῖς

2093 3941 2382 4007 ξενίζουσι,
2420 3939 2557 4011 μηδὲ
2586 3941 2708 4004 ταῖς
2743 3939 2838 3993 τοῦ
2870 3941 3098 3994 πάππου
3133 3940 3232 3995 xui.
3278 3940 3544 4012 βασιλέως
3574 3940 3675 4011 ἄρ·

2092 4032 2347 4090 κυσι¹καὶ
2382 4035 2588 4103 πάγαις
2610 4034 2796 4105 ἀλῷς;
2826 4034 2889 4087 Ei
2920 4034 2978 4087 δὲ
3012 4033 3189 4087 πάντα
3225 4034 3362 4104 πρὸς
3376 4032 3549 4103 λήθης
3582 4031 3675 4102 βυ-

2094 4128 2224 4191 θοὺς
2252 4129 2319 4180 τά
2344 4128 2590 4197 νηπιώδη
2613 4126 2791 4180 ταῦτα
2818 4126 2985 4197 ῥίψας
3011 4126 3363 4196 βουλεύματα
3389 4125 3677 4194 πεισθείης

2096 4218 2219 4288 ἐμοὶ
2252 4219 2317 4272 τὰ
2353 4218 2548 4291 βελτίω
2572 4235 2655 4272 σοι
2689 4218 2787 4272 xui.
2822 4218 3070 4288 σωτήρια
3101 4216 3545 4288 συμϐουλεύοντι,
3577 4217 3680 4270 οὐκ

2092 4312 2159 4366 ἂν
2187 4313 2411 4381 φθάνοις
2436 4312 2505 4366 τὰ
2527 4312 2906 4382 σκῆπτραξτῆς
2932 4311 3364 4381 αὐτοκρατορίας
3386 4310 3679 4382 λαμϐάνων

2092 4405 2348 4475 ἀπονητί.
2388 4405 2538 4460 Μίαν
2575 4405 2685 4475 γὰρ
2716 4406 3140 4474 ἀνυσιμωτὰτην
3182 4404 3294 4474 ὁρῶ
3342 4404 3480 4475 πρὸς
3518 4403 3678 4457 τοῦτο

2094 4496 2371 4567 φέρουσαν
2415 4495 2793 4565 ἀφορμὴν,,ἢν
2840 4495 3032 4565 φυγὼν
3063 4495 3122 4548 τὸ
3156 4494 3450 4560 Βυζάντιον
3483 4496 3542 4559 ἐς
3578 4496 3679 4559 τὰς

404 4611 487 4661 re,
517 4591 945 4665 eﬂicacissimam
970 4588 1133 4660 300
1157 4588 1448 4643 rationem.
1475 4586 1748 4641 Nimirum
1777 4585 1985 4656 Byzan-

2094 4588 2194 4656 τῆς
2223 4586 2446 4658 Θρᾴκης
2479 4588 2763 4659 ἐκδράμῃς
2795 4587 2981 4650 πόλεις
3012 4587 3104 4639 καὶ
3134 4585 3342 4671 χώρας.
3374 4585 3539 4641 Φύσει
3567 4585 3677 4656 γάρ

407 4689 487 4744 tio
524 4685 844 4758 fugiendum
891 4690 950 4737 et
983 4683 1051 4737 ad
1086 4679 1337 4735 Thraciae
1368 4678 1531 4732 urbes
1563 4676 1990 4748 provinciasque

405 4777 833 4836 exeurrendum.
880 4774 1018 4830 Nam
1066 4786 1193 4827 cum
1244 4779 1302 4825 et
1350 4769 1657 4824 humanum
1705 4768 1987 4838 ingenium

405 4874 567 4930 novis
612 4871 797 4927 rebus.
833 4867 1091 4939 gaudeat,
1144 4848 1231 4920 et’
1251 4863 1437 4918 miseri
1492 4861 1736 4917 Thraces
1783 4861 1992 4916 crebris

406 4966 795 5025 exactionibus
819 4970 1112 5024 vexentur,
1144 4956 1189 5011 si
1220 4954 1553 5010 levationem
1581 4968 1810 5009 onerum
1841 4963 1898 5010 et
1927 4952 1992 5006 li-

406 5052 675 5117 bertatem
710 5052 1160 5128 proclamaveris,
1188 5049 1335 5104 ultro
1360 5062 1555 5101 omnes
1590 5058 1642 5101 te
1672 5060 1782 5116 quo
1808 5045 1995 5100 volue-

410 5150 488 5206 ris
534 5155 870 5219 praeeuntem
915 5149 1239 5212 sequentur,
1286 5139 1372 5192 avi
1431 5137 1509 5191 tui
1548 5136 1815 5219 diuturno
1858 5137 1992 5207 jugo

409 5240 673 5295 facillime
728 5250 987 5292 excusso.
1036 5232 1195 5303 quasi
1247 5231 1495 5286 Tantalei
1545 5230 1829 5302 cujusdam
1874 5228 1992 5284 saxi

412 5333 555 5387 mole
593 5346 624 5385 a
657 5326 973 5386 eervicibus
1002 5325 1253 5395 depulsa.
1300 5319 1413 5379 Hoc
1450 5323 1742 5378 consilium
1795 5322 1897 5377 tibi
1945 5320 1991 5374 si

409 5427 615 5497 placet,
647 5437 749 5493 ego
780 5420 946 5492 hujus
975 5416 1180 5489 negotii
1214 5424 1542 5487 procurator
1568 5425 1625 5470 et
1665 5414 1995 5470 administer

410 5517 632 5573 futurus
671 5529 792 5570 sum
821 5531 836 5580 ;
871 5526 973 5584 ego
1007 5524 1227 5566 omnem
1275 5508 1436 5563 istius
1472 5506 1791 5563 certaminis
1837 5506 1995 5560 labo-

414 5623 531 5665 rem
572 5606 868 5677 suscipiam
899 5619 966 5660 ac
990 5602 1143 5659 brevi
1174 5601 1508 5664 conﬁciam;
1556 5598 1720 5653 modo
1770 5607 1827 5653 et
1881 5599 1997 5667 ipse

416 5698 552 5755 mibi
581 5699 919 5770 pollicearis,
950 5707 1004 5753 et
1031 5698 1200 5751 certis
1220 5693 1545 5764 pignoribus
1572 5691 1732 5747 fidem
1757 5691 1996 5747 obstrin-

417 5809 533 5861 gas,
562 5802 615 5847 te
641 5808 739 5864 pro
762 5791 1031 5863 dignitate
1062 5788 1281 5843 laboras
1306 5799 1456 5839 meos
1488 5794 1992 5838 remuneraturum.

419 5885 550 5950 Qua:
585 5901 714 5941 vero
755 5885 858 5941 ista
898 5882 1120 5956 praemia
1167 5877 1334 5940 sunt?
1381 5877 1624 5930 illustres
1658 5875 1992 5946 dignitates;

2090 4681 2376 4752 χαίροντες
2409 4682 2531 4744 ταῖς
2564 4681 2939 4750 καινοτομίαις
2967 4679 3076 4734 τῶν
3105 4679 3414 4751 ἀνθρώπων
3434 4680 3497 4735 τὸ
3518 4680 3677 4749 γένος

2089 4774 2185 4827 xu‘t
2216 4772 2333 4845 ἅμα
2376 4773 2745 4844 βεϐαρημένοι
2788 4776 2900 4838 τοῖς
2936 4777 3151 4845 συχνοῖς
3184 4774 3373 4845 φόροις
3409 4775 3457 4829 οί
3488 4754 3679 4828 ταλαί-

2091 4882 2269 4938 πωροι
2290 4866 2527 4937 Θρᾷκες,
2558 4866 2625 4936 ἢν
2656 4867 2961 4935 κουφισμὸν
2992 4869 3085 4920 καὶ
3107 4866 3424 4936 ἐλευθερίαν
3448 4862 3679 4930 ἐξελθὼν

2090 4955 2371 5028 κηρύξῃς,
2408 4956 2637 5026 ἄσμενοί
2672 4973 2753 5008 σοι
2787 4955 2989 5019 πάντες
3017 4955 3242 5025 ἕψονται
3277 4954 3414 5023 πρὸς
3444 4955 3583 5024 ὅπερ
3614 4951 3681 5004 ἂν
3787 4969 3801 4984 κ

2092 5049 2259 5114 αὐτὸς
2295 5049 2526 5117 ἐθέλοις,
2553 5049 2651 5116 τὴν
2675 5047 2813 5120 πρὸς
2842 5047 2935 5101 τὸν
2961 5048 3185 5102 πάππον
3212 5047 3307 5101 xui.
3333 5045 3559 5117 βασιλέα
3579 5062 3680 5098 πο-

2091 5139 2258 5208 λυετῆ
2293 5138 2541 5191 δουλείαν
2581 5138 2756 5208 ρᾄτα
2791 5136 3150 5200 λακτίσαντες
3201 5139 3298 5189 xui.
3338 5134 3527 5205 ὥσπερ
3558 5133 3684 5185 τινὰ

2097 5231 2428 5286 Ταντάλειον
2461 5231 2663 5299 φόρτον
2703 5227 3152 5298 ἀποσεισάμενοι.
3188 5229 3248 5280 Εἰ
3282 5227 3412 5296 γοῦν
3454 5224 3685 5298 ἀρεστὸν

2044 5326 2055 5340 “
2094 5324 2157 5377 τὸ
2184 5323 2316 5392 ἐμόν
2349 5339 2433 5375 σοι
2463 5321 2599 5374 τόδε
2618 5320 2861 5390 φαίνοιτο
2893 5320 3190 5389 βούλευμα,
3228 5317 3338 5383 ἐγὼ
3360 5321 3454 5372 καὶ
3482 5316 3683 5386 ταμίας

2097 5414 2190 5466 καὶ
2219 5411 2458 5493 χορηγός
2488 5425 2571 5462 σοι
2598 5407 2693 5461 τοῦ
2720 5407 2997 5478 δράματος
3026 5406 3223 5475 ἔσομαι
3259 5408 3354 5456 καὶ
3385 5406 3560 5457 πάντα
3592 5404 3687 5455 τὶν

2097 5501 2259 5560 ἆθλον
2291 5502 2530 5565 ὑποστὰς
2558 5500 2657 5572 τὴν
2677 5499 2941 5572 ταχίστην
2973 5498 3272 5550 ἐκτελέσωο
3308 5497 3373 5568 ἢν
3399 5498 3558 5567 μόνον
3590 5497 3685 5549 xui.

2099 5595 2163 5650 σύ
2198 5613 2286 5667 μοι
2322 5594 2658 5664 ὑποσχέσθαι
2685 5591 2878 5664 ἐθέλῃς
2902 5594 2998 5645 xui
3019 5590 3204 5643 δοῦναι
3235 5589 3404 5641 πιστά
3436 5589 3503 5643 τὰ
3529 5589 3687 5659 ἐχέγ-

2100 5706 2207 5756 γυα
2258 5689 2386 5758 περὶ
2424 5687 2533 5739 τῶν
2576 5687 2744 5752 ἀξίων
2777 5684 2959 5756 γερῶν
2996 5686 3090 5738 xui.
3133 5682 3411 5737 ἐπάθλων.
3452 5682 3585 5733 Τίνα
3617 5681 3685 5751 δὴ

2100 5781 2327 5853 suum;
2355 5778 2711 5847 Ἀξιωμάτων
2738 5777 3125 5847 λαμπρότητες
3157 5777 3249 5829 xz‘t
3294 5777 3474 5845 χωρία
3519 5773 3689 5825 πολλά

2104 5876 2197 5928 καὶ
2230 5870 2423 5943 πολλὴ-ἑ
2458 5873 2553 5944 τὴν
2588 5872 2832 5925 ἐπέτειον
2858 5869 3192 5941 παρέχεσθαι
3225 5870 3496 5937 δυνὰμενα
3526 5867 3689 5935 πρὸς·
