4088 6460
440 411 547 476 4τ7

691 408 768 483 [Α.
809 424 862 466 c.
907 410 1046 467 ηεξ
1083 424 1151 467 λυ
1194 411 1381 487 1523]
1432 419 1883 483 ΒῩΖΑΝΤΙΝιιΕ
1926 422 2038 484 ηιξ

2141 422 2316 485 )ΗΙ,¹Ἐ
2348 425 2492 489 LIB,
2533 425 2706 487 VIII,
2785 420 2924 493 [ηιμ.
2967 434 3257 477 unumne.
3298 402 3446 492 sum]

3621 423 3729 485 478

439 525 559 579 οδον
584 541 600 557 ο
634 525 732 580 καὶ
761 527 857 582 ἐπὶ
886 527 1099 591 τούτοις
1132 529 1339 602 μηδένα
1367 533 1478 585 τῶν
1512 533 1734 588 πάντων
1768 534 2035 590 δύνασθαι

2142 541 2315 596 multa
2349 541 2580 612 praedia,
2622 557 2745 611 quae
2775 554 3004 610 magnos
3045 554 3259 595 annuos
3290 538 3501 594 reditus
3532 538 3732 595 afferre

437 612 602 669 πλέον
619 617 752 687 ἐμοῦ
773 619 922 690 παρά
939 637 1041 685 σοι,
1063 618 1152 693 [Ρ.
1182 621 1308 695 183]
1333 623 1607 692 μηδεμίαν
1623 624 1748 679 τινὰ
1769 629 2033 697 πραγμά-
2058 640 2059 643 ‘

438 726 547 764 των
564 711 904 766 κατάστασιν
921 714 1282 792 περαίνεσθαι
1304 733 1379 768 πα
1388 719 1458 787 ρὰ
1481 715 1599 784 σοῦ,
1624 718 1764 789 πλὴν
1776 719 1869 773 τοῦ
1889 721 2034 791 κάμὲ

440 803 758 860 συνειδέναι.
798 805 969 879 Ὅρᾷς
997 808 1129 878 γὰρ,
1161 809 1312 883 ὅπως
1338 811 1448 865 τῶν
1481 812 1783 883 συμφορῶν
1814 813 2030 867 ἐθελον-

437 898 532 968 τής
556 914 638 951 σοι
668 898 890 969 γίνομαι
924 901 1181 965 κοινωνὸς
1208 903 1303 957 καὶ
1329 902 1439 956 τῶν
1472 903 1733 958 κινδύνων
1767 904 2033 976 αὐθαιρέ-

433 1012 542 1058 τως
568 994 922 1066 συναίρεσθαι
945 997 1229 1067 βούλομαι,
1250 999 1464 1062 πάντας
1478 1000 1728 1064 ἐκείνους
1748 999 1875 1063 τοὺς
1897 998 2034 1071 πρὸς

432 1089 525 1143 τὸν
554 1089 783 1159 βασιλέα
804 1089 905 1159 τῆς
940 1090 1041 1160 σῆς
1062 1091 1290 1160 ἀγάπης
1319 1092 1502 1146 ὀπίσω
1532 1093 1758 1161 θέμενος
1789 1093 1985 1163 ὅρκους
2013 1109 2026 1122 ⁸

433 1183 537 1237 κᾶν
564 1183 615 1238 εἴ
642 1202 694 1237 τι
729 1183 906 1265 oet.va
945 1185 1092 1239 κατὰ
1126 1185 1229 1254 τῆς
1264 1186 1403 1256 ἐμῆς
1438 1186 1682 1256 κεφαλῆς
1714 1187 1774 1239 τὸ
1807 1187 1905 1253 τῆς
1939 1186 2034 1239 τύ-

433 1293 536 1349 χης
580 1278 723 1350 φέρῃ
775 1278 1113 1349 παράλογον,
1160 1279 1463 1350 προθύμως
1503 1278 1695 1351 φέρειν
1743 1280 2031 1353 παρῄνεσα

433 1370 681 1442 ἐμαυτῷ.
740 1370 930 1425 Ταῦτα
980 1372 1163 1425 τοίνυν
1194 1371 1496 1442 θεώμενος
1543 1373 1827 1444 πρόθυμος
1873 1375 2030 1441 γίνου

436 1464 530 1517 καὶ
564 1467 627 1517 σὺ
671 1466 798 1535 περὶ
828 1467 927 1525 τὰς
963 1465 1290 1537 ὑποσχέσεις
1321 1466 1432 1520 τῶν
1466 1467 1615 1537 ἐμῶν
1653 1466 1990 1537 ζητημάτων
2014 1509 2029 1531 ,

435 1557 502 1627 ἢν
553 1555 825 1623 σώζεσθαι
880 1557 1063 1631 θέλῃς.
1126 1558 1282 1612 Ἐπεὶ
1335 1558 1382 1612 δ’
1435 1563 1467 1629 ἡ
1510 1560 1621 1614 τῶν
1680 1561 2031 1632 πραγμάτων

432 1649 627 1722 ὀξύτης
656 1651 804 1721 ἡμᾶς
834 1651 937 1705 οὐκ
967 1653 1032 1723 ἑᾷ
1066 1651 1134 1705 τὰ
1159 1652 1411 1723 παρόντα
1442 1653 1831 1724 σχολαιότερον
1857 1654 2033 1708 διατί-

435 1742 649 1808 θεσθαι,
680 1744 799 1797 ἀλλ’
837 1746 932 1798 ἐπὶ
972 1744 1139 1816 ξυροῦ
1208 1746 1345 1816 ἡμῖν
1397 1748 1433 1814 ἠ
1484 1747 1639 1818 ἀκμὴ
1681 1750 2029 1819 περιΐσταται

432 1837 528 1891 τοῦ
559 1837 808 1892 κινδύνου
845 1838 1171 1910 μελλήσασι,
1210 1840 1345 1911 φέρε
1385 1841 1483 1893 καὶ
1514 1841 1726 1910 ἑτέροις
1758 1843 1855 1912 τῆς
1887 1842 2030 1910 γνώ-

378 1930 394 1960 ’
440 1948 544 2001 μης
566 1932 796 2001 ταυτησὶ
826 1926 1280 2004 κοινωνήσωμειῒ,
1314 1933 1364 1987 οἳ
1392 1933 1492 1987 διὰ
1521 1933 1622 2003 τὴν
1652 1936 1791 2003 πρδς
1814 1935 1908 1987 τὸν
1928 1934 2028 2006 βα·

438 2026 594 2081 σιλέα
616 2027 923 2096 ἀπέχθειαν
950 2026 1067 2082 οὗθ’
1095 2028 1247 2098 ἡμᾶς
1275 2027 1370 2082 καὶ
1394 2028 1461 2081 τὰ
1484 2027 1713 2082 τοιαῦτα
1746 2031 2029 2098 μυστήρια

435 2119 724 2191 προδοῦναι
776 2119 1085 2190 ἀνάσχοιντ’
1121 2122 1189 2175 ἂν
1232 2122 1327 2198 κμλ.
1371 2123 1436 2190 τῇ
1474 2119 1725 2192 παρούσῃ
1775 2119 1937 2191 χρεία
1972 2122 2031 2184 ἐς

434 2214 625 2282 καιρὸν
652 2215 712 2265 ὲν
737 2215 849 2275 τοῖς
880 2213 1116 2282 μάλιστα
1146 2210 1379 2281 γένοιντ’
1414 2213 1500 2267 ἄν.
1537 2232 1556 2265 ι

508 2305 599 2374 ς’.
642 2306 752 2361 Καὶ
779 2305 876 2358 ἐπὶ
900 2305 1112 2370 τούτοις
1139 2307 1166 2360 ὁ
1198 2306 1457 2375 βασιλεὺς
1482 2311 1580 2370 τάς
1615 2325 1674 2362 τε
1702 2309 2032 2377 ὑποσχέσεις

436 2399 609 2472 τούτῳ
635 2400 748 2466 τῶν
775 2400 1114 2471 ζητημάτων
1134 2401 1450 2471 ἐγγράφους
1472 2401 1593 2468 μεθ’
1616 2402 1798 2471 ὅρκων
1821 2401 1993 2454 ἐδίδου
2015 2417 2028 2431 ·

438 2498 534 2549 καὶ
572 2482 828 2567 παρῆσαν
869 2498 918 2549 οἱ
951 2496 1061 2548 τῶν
1096 2499 1418 2567 μυστηρίων
1453 2498 1705 2566 ἐσόμενοι
1743 2497 2032 2562 κοινωνοὶ,

452 2585 703 2656 Ἰωάννης
733 2607 793 2643 τε
826 2589 856 2642 ὁ
890 2589 1350 2660 Καντακουζηνὸξ
1375 2590 1468 2644 καὶ
1497 2589 1774 2658 Θεόδωρος
1799 2590 1828 2644 ὁ
1861 2589 2035 2643 Συνα-

438 2685 617 2754 δηνδς,
645 2686 681 2771 ὁ.
705 2685 805 2755 μὲν
836 2687 902 2755 τῇ
932 2685 1028 2740 τοῦ
1065 2685 1303 2754 μεγάλου
1330 2686 1539 2739 παπίου
1576 2674 1692 2754 (ὅσ)
1725 2682 2030 2755 τηνικαῦτα

442 2777 843 2845 σεμνυνόμενος
875 2776 1186 2847 ἐπικλήσει.
1219 2779 1247 2831 ὁ
1275 2777 1331 2832 δὲ
1365 2779 1430 2849 τῇ
1457 2776 1551 2830 τοῦ
1587 2775 1912 2847 δομεστίκου
1938 2774 2033 2828 τοῦ

438 2870 534 2923 ἐπὶ.
565 2871 664 2939 τῆς
704 2873 990 2941 τραπέζης
1019 2870 1121 2940 τῆς
1156 2871 1444 2940 βασιλικῆς
1473 2887 1488 2901 ·
1527 2873 1619 2925 καὶ
1645 2869 1833 2942 τρίτος
1879 2869 2034 2923 Ἀλέ-

441 2961 552 3028 ξιος
580 2965 609 3017 ὁ
648 2963 1021 3029 Ἀπόκαυκος,
1055 2964 1380 3033 δομέστικος
1412 2964 1505 3017 καὶ
1534 2965 1700 3027 αὐτὸς
1731 2963 2037 3034 τηνικαῦτα

441 3058 550 3112 τῶν
578 3057 813 3112 δυτικῶν
840 3056 1096 3124 θεμάτων
1126 3056 1465 3128 ἁκουὸμενος
1494 3057 1592 3111 καὶ
1620 3058 1729 3110 τῶν
1763 3057 1908 3113 ἁλῶν
1934 3059 2035 3129 τὴν

438 3151 704 3219 διοέκησιν
752 3150 1120 3221 ταμιουλκῶν.
1152 3142 1324 3212 Οὗτος
1360 3151 1459 3218 μὲν
1508 3150 1601 3205 οὖν
1636 3152 1698 3203 οὗ
1750 3151 1893 3204 πάνυ
1923 3153 2034 3204 τῶν

2139 637 2350 708 possint
2383 656 2397 693 :
2443 648 2734 708 praeterea,
2774 653 2840 692 ne
2878 637 3171 707 quisquam
3219 636 3549 691 auctoritate
3584 636 3728 705 apud

2138 740 2193 786 to
2244 730 2377 785 mihi
2425 729 2773 801 praeferatur,
2808 744 2912 784 nec
2955 745 2984 783 a
3023 739 3074 784 te
3121 728 3425 798 quidquam
3483 728 3587 782 nisi
3646 742 3732 784 me

2138 824 2364 880 conscio
2396 825 2449 878 in
2489 824 2774 894 republica
2804 822 3115 879 ordinanda
3148 822 3547 878 constituatur.
3598 824 3731 877 Ete-

2138 918 2276 977 nim.
2309 916 2487 982 vides,
2520 916 2898 971 calamitatum
2931 926 3152 971 tuarum
3193 915 3471 986 particeps
3501 924 3559 969 et
3584 914 3731 983 peri-

2137 1011 2387 1065 culorum
2434 1012 2618 1066 socius
2667 1010 2859 1065 volens
2904 1009 3194 1079 libensque
3243 1009 3469 1073 accedo,
3506 1007 3734 1078 postha-

2137 1102 2253 1157 bita
2282 1102 2539 1159 charitati
2570 1111 2677 1157 tua:
2708 1102 2875 1157 etiam
2900 1101 3263 1173 jurisjnrandi
3300 1101 3589 1170 religione.
3622 1115 3733 1169 qua

2136 1213 2260 1252 sum
2297 1198 2619 1265 imperatori
2654 1197 2953 1268 obligatus.
2994 1194 3152 1263 Quod
3191 1196 3237 1251 si
3279 1195 3515 1251 fortuna:
3562 1206 3733 1251 temc-

2137 1291 2272 1344 ritas
2307 1289 2431 1344 mali
2465 1287 2674 1358 aliquid
2706 1287 2874 1357 capiti
2908 1302 3031 1342 meo
3066 1286 3287 1340 illatura
3311 1295 3418 1351 est,
3446 1284 3498 1338 id
3532 1283 3732 1338 alacri-

2138 1396 2220 1439 ter
2247 1398 2369 1439 esse
2405 1381 2691 1437 ferendum
2722 1381 2839 1451 ipse
2869 1381 3329 1450 mihijmperavi.
3360 1377 3575 1445 Quibus
3601 1392 3735 1432 cnn-

2135 1477 2391 1532 sidcratis
2446 1486 2502 1531 ct
2561 1486 2619 1531 tu
2677 1491 2787 1530 non
2853 1474 3124 1546 gravatim
3177 1474 3314 1528 meis
3369 1472 3734 1543 petitionibus

2135 1569 2392 1635 annuito,
2429 1569 2475 1623 si
2508 1568 2693 1623 salvus
2723 1582 2846 1623 esse
2867 1567 2973 1623 vis.
2996 1566 3134 1623 Cum
3168 1573 3351 1620 autem
3391 1564 3483 1619 hic
3520 1574 3733 1633 tempo-

2134 1662 2213 1718 ris
2265 1660 2536 1716 articulus
2572 1673 2787 1714 moram
2841 1658 3266 1737 deliberationis
3312 1672 3421 1711 non
3459 1655 3734 1720 admittat,

2132 1756 2228 1810 sed
2246 1753 2784 1825 procrastinantibus
2798 1761 3109 1807 extremum
3131 1750 3426 1804 discrimen
3451 1748 3611 1820 301
3635 1747 3737 1801 im-

2135 1848 2377 1920 pendeat
2411 1865 2426 1902 :
2460 1862 2582 1917 age,
2611 1862 2737 1901 cum
2769 1845 2894 1900 aliis
2920 1845 3084 1899 etiam
3118 1842 3225 1898 hoc
3261 1842 3552 1897 consilium
3585 1857 3738 1894 com-

2136 1941 2520 2004 municemus,‘
2543 1939 2637 2009 qui
2669 1940 2738 1995 ob
2771 1936 3129 2007 imperatoris
3178 1935 3368 1990 odium
3417 1950 3599 2004 neque
3634 1950 3735 1990 nos

2135 2053 2316 2107 neque
2351 2051 2553 2090 arcana
2591 2034 2709 2088 [nec
2760 2031 3034 2102 prodituri
3088 2030 3223 2093 sint,
3270 2030 3367 2085 scd
3418 2029 3732 2083 institutum

2136 2139 2389 2185 nostrum
2456 2137 2774 2199 opportuno
2833 2123 3043 2179 auxilio
3092 2123 3354 2194 adjuvare
3432 2122 3732 2194 plurimum

2136 2224 2368 2295 possint.
2415 2242 2434 2274 ι

2215 2317 2300 2371 Vl.
2345 2316 2442 2371 llis
2484 2314 2900 2370 conditionibus
2952 2315 3273 2384 imperator,
3319 2327 3441 2380 quae
3488 2309 3580 2365 ille
3632 2324 3733 2379 pe-

2144 2411 2308 2464 tierat
2329 2449 2344 2472 ,
2381 2423 2445 2462 ea
2479 2406 2859 2476 perlecturum
2890 2420 2950 2461 se
2979 2404 3190 2475 scripto
3215 2401 3578 2474 jurejurando
3605 2410 3734 2469 prn-

2142 2500 2334 2555 mittit.
2386 2499 2603 2555 Adsunt
2648 2499 2814 2554 etiam
2868 2510 3206 2554 arcanorum
3260 2492 3434 2548 futuri
3490 2491 3731 2557 conscii,

2137 2593 2382 2648 Joannes
2422 2591 2848 2648 Cantacuzenns
2888 2599 2947 2645 et
2978 2588 3312 2643 Theodorus
3361 2584 3732 2655 Synadcnus;

2140 2684 2236 2738 ille
2276 2692 2390 2738 tum
2428 2682 2613 2753 magni
2655 2682 2836 2752 Papiae
2879 2681 3038 2735 titulo
3092 2680 3434 2743 honoratus,
3485 2663 3574 2731 hic
3628 2675 3734 2751 do-

2139 2776 2354 2832 mestici
2415 2791 2622 2831 mensae
2662 2775 3078 2845 imperatoriae:
3120 2782 3177 2828 et
3212 2787 3338 2827 cum
3382 2771 3451 2825 iis
3490 2768 3731 2836 tertius,

2138 2872 2367 2926 Alexius
2397 2872 2761 2942 Apocaucus,
2796 2868 3137 2923 domesticus
3165 2875 3225 2921 et
3258 2866 3379 2936 ipse
3412 2872 3547 2919 tunc
3581 2864 3734 2920 oeci-

2138 2963 2443 3022 dentalium
2481 2963 2897 3036 provinciarum
2923 3003 2939 3028 ,
2970 2971 3027 3017 et
3058 2961 3251 3017 salinis
3282 2959 3599 3031 praefectus.
3635 2957 3736 3014 ilic

2138 3077 2249 3117 non
2277 3059 2574 3116 admodum
2608 3058 2850 3120 nobilis,
2887 3054 2983 3112 sed
3018 3053 3267 3126 prudens
3293 3062 3417 3109 erat
3447 3039 3732 3119 etsolers,

2144 3162 2197 3209 et
2255 3151 2402 3228 dolis
2453 3150 2789 3206 fabricandis
2843 3149 2983 3204 mire
3037 3156 3218 3217 aptus.
3277 3144 3358 3199 Illi
3402 3159 3533 3199 vero
3568 3143 3734 3198 ambo

441 3244 680 3315 εὐγενῶν
722 3241 813 3317 ἦν,
842 3244 1238 3325 Ἰβαθυγνώμων
1289 3246 1346 3298 δὲ
1387 3246 1529 3316 ἀνὴρ
1582 3247 2032 3317 καὶοεύμήχανος

2141 3245 2530 3314 Imperatorem
2553 3242 2880 3314 cognatione
2903 3239 3313 3308 contingebant.
3343 3237 3545 3293 Verum
3581 3236 3696 3292 Can
3723 3266 3733 3275 ι

443 3341 542 3394 καὶ
584 3339 769 3402 δόλους
807 3340 1089 3392 συνθεῖναι
1119 3339 1293 3402 δεινός
1317 3357 1332 3371 ·
1364 3339 1532 3410 ἄμφω
1577 3339 1622 3391 δ’
1657 3341 1857 3392 ἐκεῖνοι
1894 3340 2039 3393 κατὰ

441 3433 598 3502 γένος
639 3432 717 3503 τῷ
771 3432 985 3503 βασιλεῖ
1014 3433 1388 3504 προσήκοντες
1418 3448 1434 3463 ·
1483 3430 1624 3501 πλὴν
1669 3435 1697 3486 ὀ
1742 3432 1842 3500 μὲν
1878 3433 2035 3486 Κιν-

440 3526 776 3595 τακουζηνδς
832 3528 929 3579 καὶ
985 3523 1314 3596 ἡλικιώτηςξ
1346 3519 1439 3595 ἧνξ
1470 3526 1573 3577 uti;
1628 3523 1907 3594 ὁμόψυχος
1945 3524 2040 3578 καὶ

442 3619 722 3689 ὁμόπνους
759 3618 901 3684 ἐξέτι
949 3619 1071 3673 νέου
1107 3617 1187 3685 τῷ
1235 3617 1450 3689 βασιλεῖ
1491 3616 1821 3688 Ἀνδρονίιῳ
1851 3616 1943 3671 διά
1975 3633 2038 3671 τε

443 3715 546 3784 τὴν
577 3714 674 3780 τῆς
700 3713 929 3782 γνώμης
955 3710 1229 3782 ὀρθότητα
1257 3711 1475 3779 καὶοτῆς
1502 3710 1754 3780 γλώττης
1779 3690 2039 3781 ἀλήθειαν

445 3809 541 3863 καὶ
561 3806 738 3861 τὸτοῦ
770 3806 936 3877 ἦθους
967 3807 1183 3874 καίριον
1203 3819 1220 3836 ·
1250 3807 1278 3859 ὁ
1311 3805 1367 3859 δὲ
1398 3805 1703 3874 Συναδηνὸς
1735 3804 1936 3871 ὁμοίως
1960 3801 2038 3874 τῷ

447 3899 621 3970 πατρὶ
651 3898 818 3952 αὐτοῦ
850 3898 926 3967 τῷ
958 3896 1172 3966 βασιλεῖ
1199 3894 1444 3968 Μιχαὴλ,
1482 3895 1587 3959 ἕως
1614 3890 1682 3967 ἦν
1714 3896 1923 3956 ἐκεῖνος
1955 3892 2039 3946 ἔτι

2146 3346 2447 3393 tacuzenus
2485 3338 2653 3391 etiam
2688 3333 2919 3405 :equalis
2948 3341 3005 3387 ct
3035 3330 3315 3385 unanimis
3351 3339 3408 3399 et
3438 3328 3734 3383 concordia

2142 3433 2212 3488 ab
2236 3433 2461 3487 ineunte
2484 3438 2645 3485 aetate
2685 3443 2811 3483 cum
2849 3427 3186 3497 imperatore
3226 3424 3545 3501 Andronico
3601 3437 3735 3477 con-

2136 3526 2366 3596 junctus
2395 3522 2577 3578 fuerat
2605 3532 2832 3593 propter
2860 3519 3030 3575 animi
3060 3520 3360 3589 candorem
3384 3556 3399 3579 ,
3436 3524 3494 3570 et
3526 3529 3739 3570 sermo-

2143 3634 2276 3673 num
2331 3617 2660 3683 veritatem,
2716 3624 2775 3671 et
2807 3615 2902 3686 qui
2945 3614 3196 3671 moribus
3241 3610 3549 3668 commodis
3595 3623 3733 3678 pra:-

2142 3711 2291 3766 ditus
2322 3718 2465 3766 erat.
2507 3708 2838 3781 Synadcnns
2869 3716 3054 3763 autem
3087 3720 3213 3762 cum
3242 3714 3398 3776 patre
3426 3701 3730 3758 Andronici

2143 3802 2410 3857 Michaele
2440 3803 2771 3872 imperatore
2791 3842 2805 3865 ,
2835 3800 2967 3855 dum
3001 3801 3046 3855 is
3071 3807 3353 3870 superstes
3384 3805 3533 3852 esset
3552 3834 3566 3858 ,
3594 3809 3731 3849 con-

2138 3895 2490 3965 junctissime
2535 3893 2770 3949 vixerat.
2814 3892 2897 3947 Illi
2947 3892 3114 3963 igitur
3163 3891 3231 3945 ad
3273 3904 3531 3945 arcanam
3580 3888 3731 3942 illam

449 3992 577 4058 ζῶν.
614 3985 775 4045 Οὗτοι
802 3990 983 4045 τοίνυν
1015 3989 1205 4060 ὥσπερ
1247 3990 1312 4041 ὲκ
1344 3990 1473 4058 μιᾶς
1503 3986 1749 4056 οἰνοχόης
1774 3987 1836 4039 τὸ
1870 3986 2038 4058 ἀπόρ-

2144 3987 2603 4044 dcliberationem
2641 3996 2899 4056 tanquam
2936 3984 3003 4041 ad
3038 3984 3285 4054 ejusdem
3339 3982 3524 4052 poculi
3580 3997 3732 4036 com~

451 4088 614 4156 ῥητον
644 4087 823 4140 ἐκεῖνο
852 4085 1139 4154 δεξάμενοι
1165 4083 1444 4152 βούλευμα
1471 4081 1628 4145 δαλὸς
1660 4079 1802 4150 ἦσαν
1823 4081 1903 4143 είς
1927 4080 2038 4150 πῦρ

2143 4095 2366 4135 munem
2390 4079 2646 4133 haustum
2674 4078 2933 4145 admissi,
2956 4077 3103 4133 faces
3125 4077 3299 4132 veluti
3326 4076 3555 4131 fuerunt
3575 4115 3591 4137 ,
3614 4091 3738 4146 quae

447 4179 544 4232 καὶ
580 4178 747 4240 ἵππος
793 4175 874 4239 είς
923 4174 1125 4232 πεδίον.
1166 4174 1322 4229 Οὕτω
1362 4171 1605 4244 φρατρία
1662 4189 1747 4235 τις
1790 4170 2038 4244 ἀρραγὴς

2145 4174 2254 4245 igni
2286 4171 2522 4226 admota:
2557 4170 2876 4226 incendium
2908 4178 3216 4242 augeretur;
3251 4177 3347 4223 aut
3378 4168 3546 4223 veluti
3578 4168 3735 4238 equi-

449 4270 612 4332 εὐθὺς
655 4270 705 4323 οἱ
759 4269 1043 4339 ἄνθρωποι
1087 4268 1437 4337 ἐγεγόνεισαν
1492 4268 1587 4320 καὶ
1643 4266 2040 4337 ὁρκωμοτὴρια

450 4363 652 4434 φρίκης
677 4364 853 4431 μεστὰ
869 4363 1182 4430 ξυνετίθουν
1198 4380 1259 4416 τε
1289 4363 1387 4416 καὶ
1414 4361 1659 4415 ἐδίδοσαν
1684 4360 1780 4415 καὶ
1805 4360 2042 4431 ὑποσχέ-

448 4472 566 4521 σεις
612 4454 865 4527 μεγάλων
893 4455 1219 4516 ἀντιδόσεων
1258 4453 1350 4507 καὶ
1378 4452 1560 4524 γερῶν
1603 4451 2036 4523 ἀντελάμϐανον.

2074 4595 2117 4650 D

521 4730 599 4783 Z'.
643 4727 866 4782 Τούτων
919 4727 1063 4781 οὕτω
1106 4726 1435 4796 ξυμϐάντων
1489 4726 1655 4796 ἔργου
1695 4727 1908 4797 εἴχοντο
1946 4728 2042 4800 ὅλῃ

455 4823 659 4893 σπουδῇ
695 4839 756 4875 τε
784 4822 880 4876 καὶ
908 4819 1127 4894 γνώμῃ.
1163 4822 1275 4876 Καὶ
1307 4821 1503 4893 πρῶτα
1536 4824 1635 4892 μὲν
1661 4823 1912 4892 χρήμασι
1943 4838 2046 4875 πε-

459 4913 758 4982 ριελθόντες
784 4913 915 4977 τοὺς
944 4913 1022 4984 τῷ
1046 4914 1261 4984 βασιλεῖ
1310 4912 1891 4983 παραδυναστεύοντας
1928 4914 1957 4967 ὅ
1988 4930 2048 4967 τε

455 5006 796 5078 Συργεάννης
831 5006 927 5060 καὶ
961 5008 989 5059 ὁ
1040 5004 1501 5076 Καντακουζηνὸς
1543 5003 1704 5059 ὤνιον
1753 5004 2079 5076 εἰλήφεσαν.

457 5098 559 5172 τὴν
585 5099 895 5170 ὶπιτροπὴν
924 5099 1036 5153 τῶν
1069 5100 1127 5153 ἐν
1155 5099 1347 5172 Θρᾴκῃ
1375 5099 1572 5171 χωρῶν
1604 5100 1700 5153 καὶ
1735 5099 1946 5153 πόλεων
1970 5114 1989 5132 ο
2023 5100 2052 5151 ὁ

463 5192 563 5261 μὲν
596 5194 665 5246 τά
702 5209 763 5246 τε
800 5193 1033 5247 πλεῖστα
1064 5193 1163 5264 τῆς
1196 5194 1489 5275 μεσογείου
1522 5194 1617 5247 καὶ
1648 5193 1746 5263 τῆς
1778 5193 2049 5261 παραλίου

461 5287 645 5356 πάσης
674 5286 802 5357 ἄχρι
837 5286 939 5341 τοῦ
978 5286 1291 5356 ἀκροτάτου
1328 5287 1589 5356 Ῥοδόπης
1613 5305 1626 5318 ·
1659 5285 1745 5359 ῙΡ.
1772 5285 1896 5359 186]
1922 5294 1952 5341 ο
1989 5288 2050 5341 δὲ

436 5377 917 5444 ’Καντακουζηνδς
936 5379 1092 5447 ὀλίγα
1118 5379 1217 5448 τῆς
1243 5379 1528 5448 μεσογείου
1549 5380 1739 5450 μόνης,
1758 5380 1933 5449 ὁπόση
1950 5383 2051 5449 τῆς

469 5469 805 5541 Ὀρεστιάδος
828 5471 945 5524 ἐστὶ
969 5472 1269 5542 περίοικος.
1287 5472 1410 5525 Ἐπὶ
1429 5472 1640 5535 τούτοις
1664 5472 2051 5542 στρατεύματα

459 5562 821 5633 συνεκρότουν
850 5563 944 5617 καὶ
974 5563 1116 5618 ὅπλα
1145 5563 1626 5636 παρεσκευάζοντο
1652 5565 1749 5618 καὶ
1780 5565 2054 5636 στρατιώ-

2146 4276 2295 4323 tatus
2327 4267 2383 4322 in
2420 4274 2670 4337 apertum
2702 4280 2959 4335 campum
2993 4264 3251 4320 emissus.
3290 4263 3382 4318 Sic
3415 4264 3737 4318 societatem

2143 4361 2369 4417 vinculo
2402 4362 2620 4431 irrupto
2659 4358 2930 4413 firmatam
2975 4357 3163 4415 statim
3197 4357 3451 4423 coivere,
3495 4355 3739 4411 horribi-

2146 4455 2294 4509 libns
2327 4454 2661 4522 jnramentis
2694 4452 3000 4518 adhibitis;
3048 4467 3369 4522 magnarum
3412 4460 3595 4505 autem
3652 4464 3742 4504 re-

2144 4548 2594 4602 munerationum
2626 4547 2789 4618 302
2821 4561 2885 4601 ac
2934 4547 3289 4617 praemiorum
3343 4542 3735 4615 promissioni-

2149 4643 2254 4697 bus
2287 4640 2531 4697 vicissim
2565 4641 2831 4710 acceptis.

2215 4731 2333 4789 VII.
2373 4731 2509 4799 Quae
2544 4748 2670 4787 cum
2712 4735 2764 4786 in
2812 4733 2960 4787 hunc
3002 4732 3226 4786 modum
3278 4730 3426 4785 inter
3460 4744 3556 4784 eos
3601 4744 3739 4783 con-

2146 4826 2463 4890 venissent,
2505 4841 2622 4881 rem
2665 4826 2839 4896 ipsam
2878 4839 3092 4879 summa
3135 4822 3418 4892 diligentia
3463 4833 3519 4876 et
3569 4822 3738 4876 alacri

2149 4917 2337 4972 studio
2372 4916 2789 4987 aggrediuntur.
2850 4915 2925 4969 Ac
2972 4915 3248 4984 principio
3300 4913 3634 4986 Syrgiannes
3684 4921 3742 4968 et

2149 5009 2610 5074 Cantacuzenus,
2656 5010 2893 5080 pecunia
2931 5009 3331 5064 circumventis
3370 5008 3508 5063 aulae
3542 5021 3741 5077 procc-

2151 5106 2306 5161 ribus
2330 5146 2344 5171 ,
2369 5104 2821 5175 procurationem
2853 5102 3255 5160 Th‘racensium
3284 5103 3506 5175 _urbium
3537 5114 3594 5159 et
3618 5118 3743 5174 pro-

2150 5196 2459 5252 vinciarum
2499 5196 2822 5261 redimunt;
2857 5195 2951 5251 ille
2986 5198 3281 5250 maximam
3310 5204 3529 5265 partem
3566 5193 3743 5248 medi-

2151 5296 2420 5343 terraneas
2448 5287 2695 5357 regionis
2724 5294 2779 5340 et
2800 5300 2914 5341 orae
2944 5287 3115 5342 tutius
3147 5287 3440 5341 maritima:
3464 5299 3644 5355 usque
3671 5283 3740 5339 ad

2148 5395 2427 5437 summum
2470 5380 2775 5452 Rhodopes
2820 5380 3089 5447 sortitus;
3139 5379 3581 5437 Cantacuzenns-
3609 5394 3741 5433 vero

2149 5475 2348 5544 exigua
2379 5488 2557 5543 eaque
2591 5473 3040 5541 mediterranea,
3089 5488 3212 5540 qua:
3263 5470 3537 5528 Orestiadi
3589 5470 3741 5538 adja-

2149 5575 2303 5621 cent.
2341 5566 2552 5624 Deinde
2585 5567 2776 5639 copias
2809 5566 3191 5634 contrahunt,
3221 5581 3372 5622 arma
3426 5572 3649 5636 parant,
3682 5572 3740 5618 et

1821 5676 2154 5766 Variorum
2186 5711 2375 5767 notas.

534 5846 648 5918 (56)
684 5847 758 5906 De
787 5851 890 5907 bac
917 5850 1093 5924 Magni
1123 5851 1322 5923 Papiae,
1355 5861 1412 5908 ct
1477 5851 1598 5909 aliis
1664 5850 1756 5909 hic
1786 5849 2110 5908 memoratis
2148 5852 2412 5924 palatinis
2478 5852 2840 5927 dignitatibus
2873 5898 2889 5919 ,
2946 5859 3160 5926 agimus
3233 5856 3288 5912 in
3355 5853 3480 5911 cod.
3551 5852 3733 5912 Gloss.

412 5906 421 5911 ’
463 5906 697 5974 Dubitas.
