4088 6464
315 350 426 416 433
562 339 647 414 1..
689 354 749 396 ιι.
785 334 916 394 679!
963 351 1032 392 ι»
1068 330 1232 406 6856]

1482 329 1913 394 NICEI‘HORI
1956 323 2342 390 GREGOBAZ

3481 307 3583 370 ἄθιί

2621 314 2757 387 [ων.
2801 324 3089 368 maneam.
3153 322 3271 363 sxa.
3292 334 3302 376 ι

317 468 528 540 quibus
555 464 754 520 futurae
785 475 871 516 res
906 459 1118 514 incerto
1156 463 1387 510 auctore
1427 453 1665 508 obscure
1700 458 1757 506 et
1795 464 1895 520 per

2000 439 2416 516 χρησμολογικὰ
2449 435 2563 510 (65)
2597 435 2916 498 ἐθεάσαντο,
2946 433 3007 485 ἐν
3044 427 3126 493 οἷς
3156 444 3280 482 τινα
3312 424 3420 479 τῶν
3456 424 3584 494 μελ-

316 558 577 627 ambages
609 557 1021 624 exponerentur
1053 566 1067 603 :
1099 546 1298 603 deinde
1346 545 1518 616 ﬁgura
1567 540 1897 612 astrologica

309 646 629 707 deiineata,
659 657 768 711 qua
799 648 1080 695 astrorum
1122 652 1322 693 cursus
1359 635 1624 704 indagare
1659 642 1716 688 et
1758 645 1898 701 prac-

313 737 599 795 notionem
627 734 940 789 futurorum
970 729 1229 800 colligere
1256 727 1511 782 homines
1537 725 1752 789 solent,
1795 723 1897 777 lto-

319 832 485 888 stium
506 826 805 883 adventum
833 832 888 880 et
912 823 1230 893 reipublicae
1253 818 1632 877 confusionem
1660 817 1899 871 futuram

319 929 619 992 auguratus
650 932 773 974 esse
798 958 812 983 ,
845 927 901 971 et
938 915 1338 995 qualecumque
1376 908 1714 980 imperatorii
1749 907 1901 977 prin-

314 1015 529 1084 cipatus
567 1009 894 1067 discrimen.
944 1007 1136 1076 Neque
1175 1007 1322 1060 enim
1380 1001 1900 1057 animadvertebant

314 1106 711 1177 imperatorem
750 1100 1133 1157 Andronicum
1162 1099 1327 1169 306
1356 1097 1637 1167 juniorem
1680 1095 1732 1148 id
1773 1108 1896 1148 esse

313 1198 592 1254 facturum
617 1236 633 1259 ,
673 1196 784 1251 Deo
815 1193 1076 1249 videlicet
1109 1191 1482 1247 ineffabilibus
1535 1189 1712 1242 modis
1766 1187 1893 1241 talia

310 1291 648 1347 occultante.
700 1286 858 1364 Unde
906 1299 1237 1356 magnopere
1277 1284 1457 1337 territi
1501 1292 1557 1337 et
1593 1279 1897 1352 perturbati

319 1392 473 1439 sunt.
532 1382 665 1437 Nam
703 1379 1015 1451 Logotheta
1053 1393 1084 1433 e
1122 1376 1328 1447 palatio
1368 1377 1566 1446 plenus
1601 1376 1899 1446 cogitatio-

317 1489 450 1528 num
480 1474 706 1529 domum
736 1487 995 1528 reversus
1020 1471 1182 1539 longo
1213 1478 1458 1540 tempore
1490 1470 1692 1524 tacitus
1729 1468 1895 1536 sedit,

317 1566 525 1621 nemini
587 1566 758 1621 ullum
802 1565 1036 1619 verbum
1084 1563 1360 1632 loquens,
1416 1560 1512 1615 sed
1564 1559 1899 1630 multiplices

316 1670 481 1711 curas
504 1655 739 1710 subinde
766 1655 952 1709 animo
979 1654 1225 1718 volvens,
1268 1653 1321 1705 in
1348 1651 1517 1707 futuri
1543 1651 1899 1706 meditatione

322 1757 493 1813 totus,
549 1749 709 1820 plane
741 1748 939 1801 similis
971 1754 1127 1800 muto
1160 1755 1217 1800 et
1248 1743 1441 1810 surdo,
1467 1758 1569 1798 nec
1596 1743 1894 1812 quidquam

1998 540 2205 592 λὸντων
2260 530 2494 603 ἀσαφῶς
2529 546 2588 583 τε
2646 527 2743 582 καὶ
2795 521 3216 593 αἰνιγματωδῶς
3268 519 3400 589 παρ’
3446 518 3586 570 ὅτων

1997 631 2199 701 δήποτε
2244 623 2625 694 ἐξετέθησαν’
2659 620 2754 674 καὶ
2805 616 2899 671 ἐπὶ
2950 616 3160 676 τούτοις
3212 611 3471 681 θεμάτιον
3499 607 3588 673 ἐξ-

1999 723 2203 785 έθεντο,
2234 716 2302 772 δι’
2338 717 2366 771 ὃ
2401 716 2509 769 τῶν
2542 712 2785 782 ἀστέρων
2820 711 2948 772 τοὺς
3000 706 3235 777 δρόμους
3290 702 3589 773 ἐρευνῶσιν

2000 816 2283 885 ἄνθρωποι
2319 812 2415 866 καὶ
2458 807 2765 881 μελλόντων
2818 802 3172 875 κερδαίνουσι
3229 798 3543 869 πρόγνωσιν
3570 809 3586 825 ·

2000 909 2059 974 ἐξ
2097 900 2170 962 ῶν
2201 904 2460 975 ὲχθρικὴν
2511 885 2635 953 τινα
2685 896 2875 966 ἔφοδον
2937 894 3315 962 ἐτεκμήραντο
3351 890 3446 942 καὶ
3480 885 3590 939 τῶν

2000 1002 2199 1056 κοινῶν
2247 996 2596 1069 πραγμάτων
2627 992 2882 1046 κυκεῶνα
2926 989 3021 1041 καὶ
3052 984 3305 1055 ὁποιονδή
3337 1000 3459 1037 τινα
3491 985 3589 1051 τῆς

2008 1096 2301 1167 βασιλικῆς
2355 1088 2655 1163 ἡγεμονίας
2726 1085 2996 1139 κίνδυνον.
3051 1081 3128 1134 Οὐ
3180 1082 3291 1149 γὰρ
3348 1077 3598 1145 συνῆκαν.

1999 1166 2076 1251 ῶς
2124 1189 2152 1240 ὁ
2211 1185 2464 1258 βασιλεὺς
2521 1182 2547 1234 ὁ
2596 1180 2717 1243 νέος
2757 1175 3101 1246 Ἀνδρόνικος
3138 1174 3289 1224 ἐστιν
3336 1171 3364 1222 ὁ
3416 1166 3591 1222 ταῦτα
3630 1230 3633 1231 ν

2001 1281 2284 1350 ποιήσων,·
2342 1276 2437 1329 τοῦ
2493 1272 2632 1327 Θεοῦ
2686 1271 2755 1325 τὰ
2799 1268 3029 1323 τοιαῦτα
3061 1265 3289 1334 τρόποις
3325 1263 3588 1333 ἀρρήτοις

2002 1372 2469 1444 συγκρύπτοντος.
2520 1369 2688 1424 Ὀθεν
2754 1364 2925 1419 πολὺν
2971 1360 3369 1432 ἐκαρπώσαντο
3424 1356 3588 1425 φὸὂον

1999 1465 2095 1518 καὶ
2139 1463 2371 1536 θόρυϐον
2422 1460 2726 1532 λογισμῶν.
2770 1459 2832 1511 '0
2880 1456 2991 1526 γὰρ
3045 1452 3340 1522 λογοθέτης
3390 1447 3587 1519 μεστὸς

2001 1556 2219 1611 ἐννοιῶν
2264 1557 2329 1609 ἐκ
2384 1555 2496 1608 τῶν
2561 1550 2852 1624 βασιλείων
2904 1546 3088 1601 οἴκαδε
3138 1543 3311 1598 ἐλθὼν
3352 1540 3589 1609 ἐκάθητο

2001 1651 2233 1704 ἐπιπολῦ
2288 1648 2513 1702 σιωπῶν
2550 1647 2645 1701 καὶ
2690 1644 2813 1714 μηδ’
2839 1645 2978 1705 ὅλως
3026 1640 3195 1713 μηδὲν
3228 1638 3364 1709 πρὸς
3394 1635 3588 1690 οὐδένα

2001 1742 2399 1812 φθεγγόμενος
2435 1739 2575 1794 ἀλλὰ
2595 1730 2863 1809 ’στρέφων
2886 1733 3184 1805 λογισμοὺς
3212 1730 3301 1784 ἀεὶ
3329 1730 3458 1797 περὶ
3493 1728 3588 1781 τον

318 1841 583 1897 sentienti
608 1856 798 1895 eorum
824 1855 945 1909 quae
964 1854 1152 1893 coram
1187 1838 1307 1907 ipso
1338 1844 1699 1906 gererentur:
1734 1834 1897 1903 idque

2000 1834 2126 1889 νοῦν
2155 1836 2383 1905 συχνοὺς
2436 1833 2529 1886 καὶ
2560 1832 2669 1885 τῶν
2703 1829 3011 1900 μελλόντων
3045 1826 3280 1895 πλήρεις
3314 1820 3487 1890 κωφῷ
3524 1836 3586 1873 τε

320 1950 494 1990 uxore
524 1949 648 1988 cum
686 1934 796 1989 ﬁlia
837 1932 1306 2004 panypersebasta
1354 1940 1412 1986 et
1456 1930 1586 1984 ﬁliis
1630 1929 1699 1984 de
1746 1943 1902 1984 more

320 2026 693 2082 assidentibus
728 2034 785 2081 et
820 2026 1055 2081 hilarem
1091 2040 1156 2080 ac
1186 2023 1491 2096 jucundam
1526 2021 1765 2091 aliquam
1800 2034 1901 2073 vo-

321 2136 440 2174 cem
480 2118 551 2174 ah
588 2134 655 2174 eo
687 2118 1160 2188 exspectantibus.
1224 2114 1471 2169 Tandem
1509 2124 1697 2167 coacta
1742 2116 1901 2173 uxor,

322 2212 440 2281 ipsa
472 2211 692 2281 quidem
727 2225 920 2280 parum
955 2218 1152 2263 natura
1188 2222 1287 2262 sua
1315 2208 1581 2275 eloquens
1602 2245 1616 2268 ,
1658 2204 1779 2258 filiae
1809 2217 1903 2272 pa-

322 2303 729 2375 nypcrsebastte
760 2302 977 2367 innuit,
1016 2311 1077 2354 ut
1108 2314 1208 2370 pro
1242 2315 1301 2353 re
1329 2314 1394 2353 ac
1424 2306 1669 2366 tempore
1691 2294 1902 2365 aliquid

320 2396 618 2467 Opportuni
652 2396 996 2465 l0queretur.
1034 2393 1170 2447 Nam
1204 2399 1326 2446 erat
1362 2389 1450 2444 illa
1487 2388 1713 2458 quidem
1740 2387 1897 2457 juve-

1978 1924 2093 1983 ”καὶ
2156 1928 2323 1999 μηδὲν
2389 1925 2777 1995 αἰσθανομένῳ
2834 1922 2946 1977 τῶν
2990 1920 3280 1991 παρέντων
3342 1915 3587 1985 ἀτεχνῶς

2001 2021 2188 2092 ἐῴκει·
2237 2021 2332 2073 καὶ
2375 2020 2552 2073 ταῦτα
2585 2019 2684 2087 τῆς
2726 2016 2965 2083 συζύγου
3010 2013 3150 2085 μετὰ
3175 2012 3274 2083 τῆς
3309 2009 3584 2080 θυγατρὸς

2000 2112 2536 2182 πανυπερσεῦάστης
2580 2112 2674 2163 καὶ
2716 2110 2825 2161 τῶν
2882 2108 3044 2160 υἱέων
3101 2102 3586 2175 παρακαθημένων

2003 2203 2146 2258 κατὰ.
2179 2204 2239 2256 τὸ
2270 2203 2464 2265 εἰωθὸς
2506 2203 2603 2255 καὶ
2636 2198 2829 2271 ἱλαράν
2875 2216 2996 2250 τινα
3033 2198 3126 2249 καὶ
3169 2193 3462 2265 μειδιῶσαν
3498 2193 3587 2243 ἐκ·

2005 2296 2315 2366 δεχομένων
2336 2295 2593 2363 γλῶσσαν
2622 2294 2946 2362 ἀκηκοέναι.
2972 2290 3098 2359 ’0ψέ
3115 2289 3157 2342 δ’
3178 2286 3587 2356 ἀναγκασθείσα

1999 2390 2033 2460 ἡ
2056 2388 2304 2456 τύζυγος,
2324 2389 2463 2457 αὐτὴ
2495 2387 2593 2457 μὲν
2613 2385 2827 2455 ἀφελῶς
2852 2384 2955 2437 ὑπὸ
2974 2382 3196 2452 φύσεως
3227 2381 3424 2451 ἔχουσα
3447 2378 3586 2448 πρὸς

322 2487 409 2543 nis
440 2497 600 2542 aetate
625 2527 641 2554 ,
675 2486 770 2541 sed
803 2485 1186 2555 peringeniosa
1216 2501 1230 2548 ;
1271 2490 1326 2536 et
1364 2487 1486 2535 eam
1534 2479 1752 2533 dicendi
1787 2478 1898 2532 vim

2000 2483 2060 2536 τὸ
2084 2484 2287 2552 λέγειν,
2324 2482 2567 2535 διένευσε
2600 2480 2838 2551 πρδςτὴν
2866 2478 3147 2548 θυγατέρα
3178 2480 3277 2546 τὴν
3308 2490 3589 2541 πανυπερ-

290 2560 352 2633 ἰι
388 2587 585 2633 natura
620 2587 948 2647 acceperat,
980 2592 1101 2646 qum
1137 2576 1311 2645 ipsam
1353 2588 1464 2628 non
1514 2573 1685 2643 magis
1734 2587 1898 2643 quam

2005 2575 2303 2646 σεὸάστην,
2364 2574 2699 2643 φθέγξασθαί
2752 2590 2805 2626 τι
2854 2574 2921 2641 τῇ
2959 2572 3123 2643 χρείᾳ
3151 2571 3243 2622 καὶ
3285 2568 3362 2638 τῷ
3403 2564 3585 2636 καιρῷ

322 2669 605 2725 Platonem
634 2677 730 2724 aut
762 2668 1121 2739 Pythagoram
1141 2706 1155 2729 ,
1204 2675 1300 2719 aut
1332 2663 1605 2735 ejusmodi
1638 2665 1786 2719 viros
1817 2678 1898 2719 sa-

2003 2667 2337 2737 πρόςφορον.
2357 2660 2468 2720 Ἦν
2498 2668 2608 2735 γὰρ
2638 2664 2783 2735 αὓτη
2810 2664 3082 2740 νεάζουσα
3107 2661 3218 2732 (64)
3255 2663 3353 2731 μὲν
3385 2659 3454 2712 τὰ
3485 2658 3584 2740 τῇς

322 2761 544 2831 pientes
566 2760 809 2815 deceret.
836 2736 976 2814 Tum
1003 2767 1188 2813 autem
1219 2755 1398 2813 oculis
1425 2755 1774 2813 hiseentihus
1803 2772 1898 2828 pa-

2000 2736 2242 2829 ηλικίας,
2277 2757 2390 2810 ἀλλ’
2439 2755 2534 2812 οὖν
2582 2758 2672 2809 ἐπὶ
2711 2757 2852 2825 μέγα
2911 2736 3186 2818 συνέσεως
3235 2753 3450 2825 ἥκουσα
3492 2736 3587 2803 καὶ

310 2861 461 2907 μιτθιιι
482 2852 702 2907 intuens
728 2851 809 2906 sic
839 2866 1034 2906 exorsa
1060 2859 1145 2906 est
1169 2867 1183 2903 :

2000 2852 2252 2924 γλῶτταν
2283 2852 2437 2924 παρὰ
2485 2852 2585 2920 τῆς
2640 2850 2860 2920 φύσεως
2906 2850 3258 2919 εὐτυχήσασα
3292 2845 3393 2899 οὐκ
3444 2843 3582 2912 αὐτῇ

321 2946 525 3017 μᾶλλον
577 2946 610 3016 ἢ
647 2944 944 3016 Πυθαγόρᾳ
989 2945 1086 2998 καὶ
1147 2943 1398 2998 Πλάτωνι
1443 2945 1539 2998 καὶ
1578 2943 1689 2998 τῶν
1756 2943 1938 3013 σοφῶν
1976 2947 2091 3010 τοῖς
2128 2944 2397 3008 τοιούτοις
2450 2943 2599 3016 μάλα
2644 2943 3052 3015 προσήκουσαν.
3094 2941 3166 2993 Ἢ
3240 2940 3306 3011 δὴ
3348 2940 3441 2993 καὶ
3472 2937 3588 2991 διὰ-

321 3059 465 3116 ρασα
539 3041 675 3109 πρὸς
742 3041 833 3093 τὶν
881 3041 1095 3111 πατέρα
1159 3042 1288 3104 τοὺς
1370 3040 1686 3112 ὀφθαλμοὺς
1744 3039 1896 3107 ἔλεξε
1931 3042 2153 3096 τοιάδεο

400 3134 462 3192 ν.
504 3154 524 3188 ι
551 3137 809 3193 Audacia:
842 3120 1030 3190 forsan
1065 3145 1123 3191 et
1158 3134 1489 3195 temeritatis
1517 3149 1747 3189 summae
1776 3149 1898 3191 esse

2075 3133 2151 3192 E'.
2184 3156 2205 3191 ι
2237 3135 2525 3206 Τολμηρὸν
2579 3135 2680 3206 μὲν
2715 3135 2850 3199 ῐσως
2878 3134 2975 3188 καὶ
3009 3133 3345 3205 προπετείας
3381 3132 3587 3199 δόξειεν

321 3227 602 3294 videatur,
622 3244 656 3283 ο
681 3238 858 3299 pater,
879 3244 966 3282 me
991 3226 1153 3281 filiam
1174 3226 1636 3282 adolescentulam
1669 3226 1898 3283 liberius

2000 3230 2065 3286 ἄν
2090 3247 2210 3294 πως
2252 3229 2470 3300 μεστὸν,
2519 3222 2564 3283 ὦ
2614 3229 2815 3296 πάτερ,
2856 3227 3133 3298 θυγατέρα
3175 3227 3470 3292 νεάζουσακι
3501 3228 3584 3281 ἐτι

316 3319 464 3391 apud
496 3328 551 3374 te
595 3319 888 3390 proloqui,
936 3330 993 3374 et
1036 3335 1192 3381 eam,
1240 3319 1400 3391 cujus
1442 3318 1627 3389 lingua
1677 3318 1898 3373 alumna

2001 3322 2137 3394 πρὸς
2170 3324 2387 3391 πατέρα
2419 3320 2904 3397 παρρησιάζεσθαι
2941 3321 3041 3379 καὶ
3086 3319 3301 3395 ἀμαθία
3334 3320 3585 3387 svitiam

318 3412 393 3469 sit
424 3411 749 3482 imperitiae,
788 3411 982 3467 oculos
1024 3411 1314 3480 intendere
1367 3412 1574 3466 audere
1617 3410 1891 3465 adversus

317 3504 645 3559 altissimam
675 3503 961 3573 sapientiae
1007 3517 1216 3558 arcem.
1269 3502 1378 3557 Sed
1434 3517 1561 3557 cum
1614 3511 1671 3557 ct
1719 3509 1900 3557 mater

318 3596 596 3663 hortetur,
643 3605 702 3652 et
739 3605 955 3666 tempus
997 3609 1195 3666 resque
1238 3595 1355 3666 ipsa
1398 3584 1670 3666 postulet,
1714 3594 1897 3651 dicam

321 3698 382 3743 ut
410 3697 627 3759 potero.
682 3687 958 3755 Quianam
978 3728 995 3756 ,
1038 3688 1447 3759 sapientissime
1478 3688 1722 3743 omnium
1752 3703 1898 3744 mor-

320 3782 547 3847 talium,
578 3792 687 3837 tam
737 3782 793 3837 iu
821 3782 1027 3837 tacitus
1052 3781 1235 3846 sedes,
1266 3788 1534 3850 tuumque
1574 3779 1749 3851 ipsius
1778 3780 1901 3834 ani-

321 3889 471 3928 mum
500 3872 794 3928 excrucias
819 3882 876 3928 et
905 3886 1146 3927 moerere
1176 3870 1442 3927 conﬁcis:
1477 3886 1581 3927 nec
1619 3881 1768 3927 tuam
1802 3886 1901 3926 no-

318 3966 408 4021 bis
444 3976 685 4022 mentem
716 3965 1128 4029 communicas,
1163 3974 1223 4020 ut
1256 3964 1420 4021 istius
1462 3965 1625 4037 307
1660 3965 1900 4021 tristitiae

319 4068 479 4128 parte
541 4058 593 4114 in
647 4073 753 4113 nos
802 4065 1028 4125 recepta
1070 4056 1281 4113 doloris
1337 4073 1561 4113 sensum
1609 4057 1900 4114 levemus?

321 4151 458 4208 Nam
487 4160 541 4205 et
572 4149 917 4222 perturbatio
943 4149 1129 4204 vultus
1161 4150 1276 4216 tui,
1307 4159 1364 4205 et
1392 4150 1593 4222 lingua:
1616 4149 1899 4206 silentium

319 4244 457 4298 satis
489 4242 775 4298 declarant
802 4282 819 4309 ,
851 4258 1017 4311 quam
1047 4243 1346 4299 vehemens
1377 4245 1449 4297 sit
1481 4243 1651 4298 animi
1682 4243 1759 4297 tui
1797 4243 1900 4298 do-

320 4335 431 4398 lor,
479 4335 573 4404 qui
624 4335 880 4389 intimum
929 4350 1027 4390 cor
1058 4337 1211 4391 velut
1252 4350 1436 4390 arcem
1467 4336 1757 4404 quamdam
1806 4344 1900 4389 aut

320 4426 509 4496 potius
537 4427 688 4481 velut
733 4426 972 4481 radicem
1000 4441 1065 4481 ac
1095 4427 1378 4482 vinculum
1417 4426 1670 4481 vitalium
1704 4428 1901 4481 animae

2000 3415 2258 3487 γλῶσσαν
2296 3415 2567 3482 ἀτενῖξειν
2595 3417 2732 3486 πρὸς
2773 3417 2867 3473 τὸν
2901 3417 3003 3489 τῆς
3037 3417 3232 3485 σοφίας
3270 3416 3579 3485 Ὄλυμπον.

2012 3506 2168 3560 Ἐπεὶ
2195 3505 2292 3579 δ⁹ἥ
2322 3506 2409 3581 [Ρ.
2433 3508 2559 3580 189]
2586 3525 2646 3561 τε
2680 3510 2865 3579 μήτηρ
2883 3508 3185 3579 προτρέπει
3211 3508 3302 3559 καὶ
3330 3506 3468 3574 μετὰ
3492 3505 3586 3559 τοῦ

2003 3590 2333 3669 πράγματος
2355 3598 2385 3651 δ
2421 3598 2618 3669 καιρὸς
2638 3597 2971 3659 ἐπιτίθεται,
2996 3596 3306 3667 φθέγξομαι
3334 3596 3392 3647 τό
3419 3611 3480 3662 γε
3509 3598 3588 3658 εἰς

2000 3689 2237 3761 δύναμιν
2268 3685 2427 3763 ἧκον.
2454 3690 2575 3745 Ἵνα
2607 3692 2660 3743 τί
2699 3690 2810 3759 γὰρ
2836 3691 2930 3742 ἐπὶ
2969 3689 3224 3743 τοσοῦτον
3277 3687 3468 3755 σιγῶν,
3501 3704 3591 3739 σο-

2002 3784 2220 3853 φώτατε
2268 3783 2489 3838 πάντων
2519 3782 2849 3853 ἀνθρώπων,
2885 3783 3053 3852 ἀνέχῃ
3080 3784 3182 3852 μὲν
3213 3780 3586 3849 γνωσιμσχεῖν

2002 3880 2095 3930 ἐπὶ
2144 3876 2336 3947 σαυτῷ
2394 3877 2882 3949 καὶδκατατῄκειν
2933 3875 3156 3937 σαυτὸν,
3204 3876 3486 3926 κοινωνεῖν
3539 3871 3585 3925 δ’

1999 3975 2136 4044 ἡμῖν
2167 3974 2268 4027 οὐκ
2321 3972 2527 4035 ἐθέλεις
2560 3972 2659 4041 τῆς
2710 3973 2962 4042 γνώμης,
2997 3971 3086 4024 ἵνα
3138 3969 3236 4024 καὶ
3274 3972 3375 4038 τῆς
3406 3968 3587 4038 λύπης

2001 4068 2163 4136 ἡμεῖς
2205 4082 2290 4119 σοι
2333 4066 2626 4135 γενόμεναι
2658 4064 2910 4118 κοινωνοὶ
2944 4062 3278 4133 κουφότερον
3307 4063 3587 4130 καταστή-

2004 4159 2183 4229 σωμέν
2222 4175 2304 4211 σοι
2323 4157 2386 4210 τὸ
2408 4155 2618 4222 πάθος;
2663 4155 2871 4226 Πολλὴν
2904 4155 3012 4222 γὰρ
3045 4156 3177 4224 ἡμῖν
3209 4156 3241 4223 ἡ
3274 4156 3380 4206 τῶν
3410 4154 3587 4222 ὕψεων

2005 4250 2269 4318 σύγχυσις
2304 4249 2399 4302 καὶ
2445 4250 2479 4319 ἡ
2519 4249 2621 4319 τῆς
2651 4248 2900 4318 γλώττης
2940 4247 3213 4315 ἀσφάλεια
3254 4247 3454 4315 μηνύει
3484 4261 3587 4297 σα-

2004 4340 2119 4409 φῶς
2152 4340 2252 4410 τὴν
2301 4342 2363 4394 ἐν
2398 4342 2465 4411 τῇ
2518 4342 2663 4410 ψυχῇ
2700 4357 2793 4392 σου
2851 4341 2949 4407 τῆς
2980 4340 3157 4409 λύπης
3196 4338 3386 4408 ἀκμὴν
3420 4338 3455 4407 ἣ
3483 4336 3587 4407 τῆς

1990 4429 2230 4497 καρδίας
2264 4430 2653 4500 χειρωσαμένη
2705 4428 2774 4481 τὰ
2823 4426 3034 4497 καίρια,
3067 4427 3326 4497 καθάπερ
3348 4427 3587 4497 ἀκρόπο-

319 4519 649 4573 facultatum
700 4518 934 4582 invasit,
980 4528 1146 4589 atque
1193 4519 1270 4573 ibi
1315 4519 1539 4588 penitus
1576 4516 1777 4574 inﬁxus
1811 4521 1895 4573 in-

2004 4519 2086 4570 λιν
2119 4517 2152 4588 ἢ
2190 4517 2356 4588 ῥίζαν
2386 4519 2509 4569 τινὰ
2563 4519 2657 4570 καὶ
2696 4517 2994 4586 σύνδεσμον
3047 4517 3155 4570 τῶν
3195 4516 3445 4581 ζωτικῶν
3487 4517 3586 4586 τῆς

319 4610 467 4681 genii
500 4609 693 4666 florem
740 4611 1085 4679 depascitur,
1132 4609 1498 4679 cogitationes
1532 4609 1820 4664 confundit
1848 4619 1898 4665 et

2000 4610 2188 4680 ψιχῆς
2227 4610 2539 4678 δυνάμεων,
2571 4608 2808 4678 κάθηται
2851 4608 3254 4663 ἀναπόσπαστα
3293 4606 3583 4662 ὲπιὸοσκοὲ

318 4703 646 4759 nobiliorem
674 4704 841 4757 animi
867 4712 1075 4774 partem
1102 4709 1388 4772 aggravat.
1414 4702 1485 4758 Ut
1504 4712 1689 4759 autem
1718 4704 1898 4758 olettm

2002 4704 2147 4774 μένη
2170 4702 2271 4773 τὴν
2298 4700 2452 4772 ὥραν
2481 4701 2589 4754 τῶν
2635 4700 2916 4771 λογισμῶν
2973 4700 3071 4755 καὶ
3122 4701 3455 4755 συνθολοῦσα
3488 4702 3588 4764 τὰς

314 4803 373 4848 et
399 4809 529 4848 cera
557 4804 612 4848 et
645 4793 847 4859 stipula
882 4802 939 4846 et
962 4791 1170 4846 frenum
1204 4790 1482 4844 ﬂammam
1513 4794 1707 4859 alunt,
1741 4795 1814 4847 ita
1846 4801 1902 4848 et

316 4883 601 4939 silentium
638 4882 902 4938 collectos
942 4881 997 4934 in
1026 4882 1210 4935 animo
1241 4878 1449 4935 doloris
1483 4883 1637 4951 ignes
1664 4890 1891 4936 nactum

315 4974 605 5031 materiam
658 4973 819 5042 quasi
868 4973 1002 5042 ipsis
1055 4981 1110 5026 ct
1160 4973 1497 5028 nutrimenta
1541 4973 1895 5043 suppeditat,

318 5082 423 5124 nec
465 5065 602 5121 sinit
631 5065 872 5119 uti‘usnm
910 5065 1038 5121 inde
1069 5065 1238 5119 animi
1277 5064 1486 5119 fumum
1521 5081 1621 5136 per
1652 5067 1896 5137 linguam

318 5157 588 5213 exhalari.
624 5156 807 5223 Quare
846 5166 900 5210 tu
922 5196 937 5221 ,
989 5173 1057 5211 ne
1089 5156 1319 5211 affectus
1349 5156 1454 5211 iste
1493 5167 1737 5227 tempore
1767 5172 1899 5212 con-

321 5251 572 5302 ﬁrmatus
638 5249 1074 5317 inexspectatum
1131 5248 1392 5302 damnum
1450 5258 1733 5317 apportet,
1802 5264 1899 5319 per

320 5341 493 5397 Deum
547 5356 816 5411 exsurge,
866 5351 920 5395 et
958 5341 1204 5395 animum
1256 5339 1695 5410 recipe.11\'eque
1748 5342 1895 5393 enim

2006 4793 2297 4862 περιόδους
2333 4793 2518 4846 αὐτῶν
2550 4794 2645 4847 καὶ
2672 4792 2939 4864 ἐμϐριθὲς
2974 4784 3207 4847 ποιοῦσα
3234 4793 3293 4846 τὸ
3328 4795 3589 4863 ἡγεμονι-

1999 4884 2117 4937 κόν.
2156 4884 2367 4954 Ὥσπερ
2421 4884 2467 4938 δ’
2489 4884 2670 4941 ἔλαιον
2728 4890 2821 4939 καὶ
2876 4885 3049 4956 κηρὸς
3104 4887 3197 4939 καὶ
3236 4885 3459 4955 καλάμη
3491 4884 3586 4938 καὶ

1997 4979 2189 5046 χόρτος
2218 4978 2388 5045 πυρὸς
2411 4975 2680 5046 ἐπεφύκει
2715 4978 2916 5048 τροφὴ,
2944 4976 3088 5031 οὕτω
3113 4979 3209 5031 καὶ
3246 4981 3427 5048 σιωπὴ
3457 4978 3585 5046 περὶ¹
3630 4974 3635 4985 “

1998 5070 2096 5140 τὴν
2149 5070 2330 5140 ψυχὴν
2395 5071 2795 5144 ἠθροισμένους
2840 5072 3201 5143 νεύρίσκουσα
3255 5072 3354 5141 τῆς
3406 5070 3583 5138 λύπης

2000 5162 2126 5223 τοὺς
2185 5160 2507 5229 ἄνθρακας,
2556 5162 2813 5229 καθάπερ
2852 5161 2985 5232 ὓλην
3038 5163 3222 5224 αὐτοῖς
3254 5162 3349 5214 καὶ
3377 5160 3584 5231 τροφὴν

1999 5252 2202 5320 ἑαυτὴν
2261 5254 2513 5322 χορηγεῖ,
2550 5253 2776 5322 μηδαμῇ
2827 5252 2915 5305 διὰ
2953 5250 3202 5321 γλώττης
3236 5251 3437 5318 ἐξιέναι
3481 5267 3585 5303 πα-

2002 5341 2331 5413 ραχοιροῦσα
2402 5344 2495 5398 τὸν
2540 5345 2895 5412 ἐγγινόμεον
2974 5345 3187 5397 ἐκεῖθεν
3252 5344 3459 5397 καπνὸν
3513 5340 3579 5413 τῇ

1670 5458 2011 5520 Variorunt
2059 5471 2244 5523 noue.

396 5579 507 5647 (65)
537 5576 783 5647 Quorum
833 5576 1148 5647 nonsemel
1182 5574 1520 5647 mentionem
1554 5582 1731 5647 agunt
1760 5589 1897 5628 ενι-ι-

322 5643 510 5717 ptores
543 5646 827 5718 Byzantini
860 5656 927 5718 et_
950 5646 1100 5718 locos
1146 5644 1371 5718 collegit
1414 5643 1766 5718 Lambecius.
1798 5660 1895 5699 seu

327 5713 661 5783 ttulstenins,
687 5732 753 5770 ac
784 5715 1017 5785 praeﬁxit
1047 5715 1249 5770 Leonis
1282 5714 1554 5785 Uraculis.
1598 5713 1837 5770 Ducam.

397 5788 507 5858 (64)
537 5787 768 5843 Wolfius
788 5784 1119 5853 λεεάζουσαν,
1150 5785 1255 5840 hoc
1295 5784 1417 5839 loco
1455 5792 1509 5838 et
1534 5785 1699 5855 paulo
1735 5787 1895 5849 intra,

2012 5579 2412 5646 interpretatur
2432 5574 2903 5628 adolescentulam.
2932 5574 3036 5630 Sed
3064 5573 3453 5646 adolescentem
3472 5587 3582 5627 non

2010 5644 2178 5705 crat.ﬁ
2200 5648 2355 5716 cujus
2384 5646 2492 5698 lilia
2521 5646 2889 5715 quadriennio
2921 5655 3045 5716 post
3078 5645 3275 5714 nuptui
3314 5644 3583 5702 collocata

2010 5728 2115 5772 est.
2156 5715 2287 5771 \‘ide
2321 5732 2441 5785 cap.
2475 5716 2526 5783 4,
2560 5726 2695 5770 scct.
2725 5717 2758 5767 ‘2
2784 5715 2944 5770 infe.
2980 5715 3196 5771 Betvtn.
