4088 6460
491 390 590 456 ιιι
741 385 815 459 [Α.
856 402 911 441 ιι.
953 380 1087 441 6791
1133 400 1200 439 ιι)
1238 382 1402 456 6856]

1692 387 2115 450 ΝιΕΕΡΙΙυΒΙ
2157 390 2545 453 GREGOR/E

2477 263 2582 275 ...ρ-

2860 386 2979 440 huc
3040 401 3325 440 sxnnoxtc.
3365 403 3460 441 seu
3497 385 3510 460 ]

3655 391 3761 455 492

562 504 976 577 Publicanorum
998 502 1260 577 aviditas.
1293 501 1437 577 _Ftsci
1468 502 1768 577 opulentia,
1799 506 2011 577 inquas
2034 520 2157 577 usus
2186 514 2472 577 reservata.
2512 504 2799 577 Indulgens
2840 504 2931 577 Dei
2952 506 3224 558 severitas.
3273 504 3575 559 Viciuorum
3610 508 3766 577 priu-

560 579 733 645 eipum
760 575 951 645 obitus.
985 573 1128 645 Mors
1160 573 1509 645 patriarcha'.
1540 573 1717 645 Preme
1742 573 1979 643 {actiasis
2011 576 2075 628 ab
2110 574 2352 645 Ecclesia
2408 577 2644 629 indictas.
2677 573 2918 645 Populus
2955 591 3085 628 uc-vo
3132 584 3468 629 sacramento
3521 573 3767 629 adactus.

560 642 781 701 Thraces
809 643 987 717 obfata
1022 642 1357 717 immunitate
1387 645 1570 717 allecti
1587 642 2205 717 juniorem‘sequmttur.
2243 644 2308 699 In
2335 645 2641 711 publicanos
2672 642 2913 717 struiunt.
2940 644 3454 717 tiortstantinopolin
3494 661 3772 717 expugna-

560 728 673 769 tum
696 725 840 768 eunt.
872 712 1057 784 Legati
1095 712 1160 765 ab
1189 727 1286 767 avo
1326 712 1397 769 ad
1450 712 1693 787 nepotem
1735 714 1903 768 missi.

558 794 818 854 nepotem.

1984 716 2273 786 yrgiannes
2321 717 2509 770 matris
2545 715 2789 781 precibus
2840 715 3103 769 mollitur.
3152 714 3320 769 Pacta
3357 717 3497 769 inter
3529 714 3689 770 arum
3721 724 3772 770 et

560 908 601 961 ι.
641 908 809 961 Sexta
832 921 997 977 porro
1026 906 1377 964 hebdomade
1401 917 1606 964 sancta:
1631 907 2073 979 Quadragesimze

2252 903 2335 963 A'.
2370 904 2528 960 Κατά
2568 903 2626 958 δὲ
2655 902 2755 974 τὴν
2786 901 2955 972 ἕκτην
2991 901 3268 972 ἑϐδομάδα
3299 901 3414 972 (69)
3460 904 3562 972 τῆς
3603 903 3773 971 ἁγίας

436 992 441 997 ’
489 1002 809 1072 imperator,
843 1000 1130 1056 Gerasimo
1159 1001 1473 1071 patriarcha
1518 1011 1574 1055 et
1621 1001 1746 1056 aliis
1797 999 2073 1071 pontiﬁci.-

485 1092 592 1148 bus
635 1092 730 1163 qui
766 1101 879 1146 tum
915 1096 1054 1147 forte
1091 1092 1322 1148 aderant
1351 1093 1652 1159 arcessitis,
1690 1101 1948 1164 nepotem
1978 1092 2073 1146 ad-

486 1185 641 1240 ducit
704 1184 885 1255 palam
945 1185 1429 1253 reprehensurus,
1490 1184 1947 1255 moniturusque,
2011 1190 2073 1237 ut

485 1274 629 1344 fuga:
675 1273 902 1328 consilia
927 1274 1197 1340 abjieeret
1226 1290 1239 1327 :
1273 1289 1385 1344 quo
1411 1273 1497 1329 vel
1538 1274 1761 1329 testium
1791 1282 2069 1330 tantorum

489 1367 783 1435 praesentia
809 1366 1038 1421 territus
1063 1379 1128 1419 ac
1155 1365 1482 1436 pudefactus
1509 1365 1730 1435 incepto
1748 1366 2067 1430 desisteret,

485 1458 574 1513 vel
600 1459 644 1512 si
672 1457 984 1528 puniretur.
1015 1473 1126 1512 non
1150 1458 1270 1513 sine
1300 1471 1463 1513 causa
1492 1457 1766 1528 probabili
1787 1458 2070 1514 videretur

485 1566 608 1606 esse
665 1551 951 1606 multatus.
1012 1550 1299 1622 Ingressus
1354 1551 1519 1621 igitur
1568 1560 1657 1606 est
1712 1551 2069 1607 Andronicus

476 1656 659 1711 nepos
682 1641 939 1696 adductis
966 1656 1156 1696 secum
1191 1641 1496 1707 nonnullis,
1532 1644 1747 1698 occulta
1788 1659 1898 1698 non
1950 1659 2067 1699 ma-

486 1735 685 1791 nifesta
714 1746 994 1790 armatura
1037 1736 1347 1806 instructis,
1382 1736 1651 1808 pugiones
1681 1738 1941 1794 videlicet
1970 1754 2069 1810 ge-

484 1830 773 1894 rentibus;
808 1829 969 1900 313
1009 1843 1111 1884 nec
1160 1827 1281 1899 ipse
1334 1829 1513 1897 planis
1558 1828 1809 1884 inermis.
1856 1829 2070 1885 Conve-

486 1930 647 1976 nerat
675 1920 822 1976 enim
856 1921 997 1974 inter
1049 1933 1166 1983 eos,
1198 1920 1245 1974 si
1277 1933 1414 1975 avus
1465 1919 1766 1989 imperator
1819 1920 2068 1990 paternis

483 2025 540 2068 et
570 2013 790 2068 lenibus
817 2011 1290 2067 admonitionibus
1322 2027 1450 2082 erga
1478 2011 1657 2082 ipsum
1691 2022 1959 2078 uteretur,
1997 2029 2067 2069 ne

2184 998 2649 1068 Τεσσαρακοστῆς
2693 996 3217 1066 προσκαλεσάμενος
3273 998 3301 1048 6
3357 995 3616 1065 βασιλεὺς
3671 996 3770 1050 τὸν

2178 1092 2531 1162 πατριάρχην
2591 1090 2902 1161 Γεράσιμον
2952 1091 3047 1142 καὶ
3102 1088 3214 1142 τῶν
3267 1088 3579 1160 ἀρχιερέων
3631 1092 3768 1154 τοὺς

2180 1185 2630 1256 παρατυχόντας,
2671 1184 2866 1250 ἀγεται
2897 1181 2990 1237 τὸν
3022 1182 3245 1251 ἔγγονον
3276 1183 3564 1253 παρρησία
3606 1182 3765 1250 ἑλέγ·

2180 1276 2288 1340 ξων
2328 1292 2389 1329 τε
2419 1275 2521 1330 καὶ
2555 1276 2909 1351 παραινέσων
2948 1275 3257 1345 ἀπέχεσθαι
3306 1275 3416 1328 τῶν
3446 1278 3547 1345 τῆς
3578 1278 3764 1346 φυγῆς

2181 1367 2594 1438 βουλευμάτων,
2630 1368 2698 1421 ἵν’
2730 1367 2836 1420 ὑπὸ
2889 1367 3131 1437 μάρτυσι
3184 1366 3462 1430 τοσούτοις
3501 1358 3546 1437 if
3569 1383 3769 1421 συστα-

2179 1460 2293 1524 λεὶς
2337 1462 2432 1515 καὶ
2485 1460 2798 1530 αίσχυνθεὶς
2840 1460 3155 1529 ἀπόσχοιτο,
3194 1459 3226 1529 ἢ
3278 1458 3568 1521 κολασθεὶς
3602 1460 3767 1525 άνέγ-

2179 1555 2381 1624 κλητον
2420 1556 2535 1624 ἀφῇ
2578 1555 2693 1615 τοῖς
2747 1552 3013 1606 κολάσασι
3054 1550 3157 1622 τὴν
3201 1552 3407 1604 αἰτίαν.
3445 1551 3630 1619 Εἰσῄει
3663 1551 3763 1618 μὲν

2176 1642 2272 1700 οὖν
2315 1648 2344 1699 6
2392 1644 2619 1712 ἔγγονος
2666 1643 3033 1713 Ἀνδρόνικος,
3064 1643 3206 1712 ἔχων
3264 1642 3386 1712 μεθ’
3436 1642 3634 1694 ἑαυτοῦ
3668 1643 3765 1695 καί

2175 1756 2329 1801 τινας
2373 1737 2782 1804 ὡπλισμένους,
2810 1736 3079 1807 λαθραίαν
3127 1735 3251 1788 τινὰ
3300 1735 3397 1788 καὶ
3451 1736 3526 1807 μὴ
3578 1752 3769 1803 φαινο-

2179 1832 2352 1901 μένην
2400 1830 2618 1884 ὅπλισιν
2689 1829 2785 1883 καὶ
2860 1827 3231 1897 παραξιφίδια
3297 1832 3587 1898 φέροντας,
3653 1828 3764 1879 οὐδ’

2177 1924 2343 1988 αὐτὸς
2374 1921 2576 1985 ἄοπλος
2623 1920 2700 1976 ὢν
2750 1922 3056 1984 παντελῶς.
3095 1922 3387 1975 Συνέθεντο
3432 1923 3563 1991 γάρ,
3603 1921 3680 1983 ὡς
3714 1922 3765 1972 εξ

2179 2016 2280 2087 μὲν
2312 2016 2601 2086 πατρικοῖς
2624 2032 2735 2068 τισι
2766 2015 2867 2068 καὶ
2901 2015 3161 2084 πραείαις
3192 2016 3464 2084 χρήσεται
3492 2014 3762 2082 παραινέο

483 2122 543 2160 se
572 2105 795 2176 quidem
816 2104 1196 2160 confidentius
1220 2117 1315 2159 aut
1346 2105 1614 2160 audacius
1641 2106 1942 2177 quidquam
1970 2106 2069 2161 de-

2181 2124 2332 2161 σεσιν
2356 2109 2384 2159 6
2412 2107 2642 2168 πάππος
2670 2104 2766 2160 καὶ
2796 2104 3054 2172 βασιλεὺς
3094 2105 3229 2174 πρὸς
3260 2107 3446 2172 αὐτὸν,
3481 2105 3607 2174 μηδ’
3662 2105 3765 2158 αύο

483 2198 821 2268 signaturos,
846 2196 943 2251 sed
973 2198 1202 2251 omnino
1228 2196 1519 2267 quieturos
1554 2215 1567 2252 :
1598 2198 1688 2253 sin
1715 2214 1848 2253 vero
1895 2199 2068 2254 iratus

2179 2203 2302 2264 τοὺς
2327 2201 2388 2254 τὸ
2410 2200 2681 2271 παράπαν
2714 2197 2805 2271 [Ρ.
2839 2199 2965 2272 195]
3001 2198 3345 2267 ἐνδείξασθαι
3385 2216 3436 2252 τι
3487 2199 3765 2270 τολμηρὸν

466 2288 817 2359 supplicium
869 2287 1260 2354 minitaretur,
1324 2289 1505 2343 statim
1560 2288 1767 2358 impetu
1831 2289 1975 2345 facto
2019 2291 2073 2344 in

2183 2294 2279 2349 καὶ
2306 2292 2666 2365 θρασύτερον,
2695 2291 2814 2346 ἀλλ’
2831 2292 3138 2363 ἠρεμήσειν
3162 2290 3417 2357 καθάπαξ
3437 2308 3450 2321 ·
3475 2293 3524 2344 εξ
3543 2292 3600 2345 δὲ
3622 2292 3764 2364 πρὸς

485 2383 607 2451 ipso
633 2381 993 2450 imperatorio
1023 2380 1163 2436 solio
1190 2380 1346 2435 illum
1376 2384 1683 2445 occisuros,
1720 2383 1856 2436 etin
1889 2382 2069 2437 solum

2179 2385 2346 2456 ὀργὴν
2379 2385 2476 2438 καὶ
2522 2384 2746 2438 κόλασιν
2783 2381 2977 2454 βλέψῃ,
3007 2383 3460 2453 είσπηδήσαντας
3497 2385 3665 2447 εὐθὺς
3696 2385 3759 2436 ὲν

486 2472 771 2540 juniorctn
830 2469 1207 2525 Andronicum
1266 2484 1484 2523 omnem
1552 2470 1781 2539 imperii
1829 2473 2073 2526 auctori-

2179 2475 2359 2538 αὒτοῖς
2411 2472 2718 2544 βασιλικοῖς
2763 2475 2980 2542 θρόνοις
3034 2475 3411 2543 κατασφάξειν
3447 2477 3609 2530 αὑτὸν
3662 2478 3762 2531 καὶ

486 2570 655 2615 tatem
710 2561 1030 2615 collaturos.
1084 2560 1746 2632 lngressusigiturjuxta
1778 2578 1940 2617 avum
1968 2564 2073 2619 im—

2179 2564 2272 2636 τὴν
2350 2563 2787 2634 αὑτοκρατορίαν
2867 2562 3015 2633 μόνῳ
3089 2561 3170 2633 τῷ
3228 2563 3334 2632 νέῳ
3393 2566 3763 2635 καταστήσειν

483 2660 799 2722 peratorem
836 2651 892 2705 in
932 2661 1200 2707 consueto
1244 2652 1383 2707 solio
1418 2653 1691 2721 consedit,
1735 2670 1831 2710 sua
1865 2655 1954 2710 illa
1983 2655 2066 2710 fa-

2186 2654 2534 2724 Ἀνδρονίκῳ.
2592 2651 2868 2706 Εἰσελθὼν
2933 2649 3028 2706 οὖν
3079 2653 3242 2717 αὐτὸς
3304 2653 3407 2724 μὲν
3460 2657 3611 2727 παρὰ
3668 2657 3761 2709 τὸν

483 2745 671 2799 ctione
706 2744 775 2799 ad
809 2745 1220 2815 imperatoriam
1250 2744 1432 2799 aulam
1468 2746 1679 2801 relicta.
1712 2746 1851 2802 Cum
1883 2756 2067 2802 autem

2179 2746 2528 2801 πάππονοκαὶ
2564 2744 2816 2814 βασιλέα,
2855 2744 3155 2799 κεκάθικεν
3199 2746 3293 2799 ἐπὶ
3342 2747 3437 2800 τοῦ
3491 2748 3763 2818 συνήθους

483 2836 790 2892 admonitio
817 2845 873 2892 et
898 2837 1231 2909 castigatioa
1258 2837 1432 2905 patria
1451 2852 1585 2893 cura
1616 2849 1671 2893 et
1692 2840 2070 2897 sollicitudine

2179 2835 2461 2907 βασιλικοῦ
2513 2836 2706 2907 θρόνου
2732 2852 2745 2866 ³
2779 2838 2878 2905 τὴν
2917 2838 2975 2889 δὲ
3030 2836 3309 2906 φρατρίαν
3361 2838 3578 2908 ἐκείνην
3608 2840 3763 2910 παρὰ

485 2929 761 3001 proﬁcisci
793 2929 1099 2995 videretur,
1145 2929 1292 2983 nihil
1342 2940 1456 2984 tum
1509 2930 1839 2986 insolentius
1883 2942 2067 2988 actum

2179 2932 2271 3000 τὴν
2310 2929 2583 3000 βασίλειον
2639 2928 2789 2982 εἴασε
2842 2928 3145 2999 διατρίϐειν
3191 2928 3384 3001 αὐλήν.
3434 2932 3589 2987 Ἐπεὶ
3636 2933 3681 2985 δ’
3724 2936 3760 3003 ἡ

488 3032 594 3088 cst,
627 3023 723 3077 sed
744 3016 1053 3095 concilium
1087 3031 1284 3091 pacate
1316 3029 1373 3076 et
1409 3024 1702 3093 tranquille
1752 3023 2065 3090 dimissum,

2179 3019 2505 3087 παραίνεσις
2556 3018 2699 3088 μετὰ
2748 3017 2858 3070 τῶν
2890 3019 3134 3089 ἐλέγχων
3178 3022 3422 3092 πατρική
3478 3040 3563 3085 τις
3613 3023 3762 3087 ἔδοξε

481 3094 859 3187 jurejurandof
886 3094 1032 3167 ulti-0
1063 3113 1315 3184 citroque
1357 3114 1425 3169 ab
1458 3115 1885 3184 imperatoribus
1914 3116 2065 3171 dato.

2179 3114 2267 3165 καὶ
2330 3111 2687 3182 κηδεμονικὴ,
2743 3112 2897 3165 οὐδέν
2960 3129 3011 3165 τι
3068 3113 3383 3182 παράϐολον
3441 3115 3759 3184 πέπρακται.

487 3210 567 3261 Ac
591 3222 727 3261 avus
754 3206 976 3275 quidem
998 3204 1229 3275 juravit,
1264 3221 1323 3260 se
1363 3208 1568 3261 nemini
1601 3208 1707 3263 nisi
1745 3207 2067 3278 imperatori

2179 3206 2351 3267 τέωςο
2394 3204 2511 3258 ἀλλ’
2559 3204 2856 3274 ἀπηλλάγη
2889 3207 2986 3259 καὶ
3031 3205 3256 3276 διελύθη
3306 3207 3425 3279 μετ’
3472 3209 3697 3280 εἰρήνης
3728 3211 3759 3262 6

486 3299 808 3355 Andronico
842 3299 1025 3385 nepmi
1060 3298 1385 3352 relicturum
1415 3314 1538 3353 esse
1591 3300 1919 3369 illlpel‘ium;
1971 3316 2070 3354 ne-

2179 3299 2470 3366 σύλλογος,
2515 3290 2910 3368 ὀμωμοκότων“
2947 3299 3201 3370 ἀλλήλοις
3261 3301 3591 3373 ἀμφοτέρων
3649 3305 3760 3356 τῶν

488 3406 591 3462 pos
622 3400 828 3451 autem,
863 3387 1000 3442 nihil
1036 3404 1095 3443 se
1140 3384 1236 3443 aut
1267 3389 1658 3445 meditaturum
1704 3408 1946 3463 unquam
1974 3402 2071 3447 aut

2179 3386 2475 3456 βασιλέων·
2517 3386 2612 3439 τοῦ
2651 3388 2771 3457 μὲν,
2803 3387 3011 3456 μηδένα
3038 3388 3148 3442 τῶν
3194 3388 3414 3442 πάντων
3460 3392 3560 3459 τῆς
3594 3393 3779 3444 αὐτο--

486 3483 783 3545 facturum,
816 3495 925 3550 quo
954 3481 1256 3537 auctoritas
1299 3483 1386 3538 vel
1431 3484 1542 3538 vita
1583 3484 1669 3538 avi
1721 3484 2071 3576 imperatoris

2179 3481 2473 3551 κρατορίας
2496 3479 2751 3549 διάδοχον
2779 3479 3139 3550 καταλείψειν
3173 3481 3312 3553 πλὴν
3338 3483 3506 3536 αὑτοῦ
3551 3484 3763 3554 Ἀνδρο-

487 3584 922 3646 oppugnaretur.
1739 3564 1759 3576 “

2179 3576 2325 3625 νίκου
2351 3564 2450 3625 ἳοῦ
2478 3575 2709 3640 ὲγγόνου
2742 3575 2833 3625 καὶ
2863 3572 3127 3642 βασιλέως
3155 3590 3170 3606 ⁸
3204 3576 3298 3628 τοῦ
3338 3575 3383 3629 δ’
3414 3576 3486 3630 αὖ
3510 3579 3759 3645 ὲγγόνου,

491 3669 659 3739 μηδὲν
685 3668 856 3738 ’μήτε
911 3668 1057 3720 κατὰ
1115 3668 1219 3738 τῆς
1273 3669 1717 3740 αὐτοκρατορίας
1808 3668 1903 3723 τοῦ
1990 3669 2260 3739 βασιλέως
2318 3667 2414 3719 καὶ
2463 3668 2734 3731 πάππου,
2803 3668 2942 3736 μήτε
3021 3667 3162 3721 κατὰ
3237 3668 3340 3739 τῆς
3391 3669 3557 3723 αὑτοῦ
3611 3671 3760 3741 ζωῆς

491 3765 630 3833 μήτε
673 3759 1109 3832 βουλεύσασθαι,
1154 3761 1293 3830 μήτε
1342 3759 1449 3831 μὴν
1495 3760 1907 3831 διαπράξασθαι
1951 3761 2172 3815 πώποτε
2208 3759 2345 3828 (70).

560 3857 627 3911 ll.
668 3856 939 3911 Caeterum
975 3853 1254 3924 iuniorem
1298 3854 1677 3909 Andronicum
1717 3855 1847 3910 inde
1891 3870 2073 3926 egres-

2257 3853 2329 3907 B’.
2392 3851 2643 3917 Ἑξιόντα
2701 3852 2747 3904 δ’
2798 3850 3011 3904 ἐκεῖθεν
3074 3852 3166 3909 τὸν
3236 3854 3356 3907 νέον
3419 3856 3760 3927 Ἀνδρόνικον

489 3964 607 4003 sum
661 3947 934 4016 conjurati
998 3943 1426 4000 circumstantes
1486 3943 1951 4015 indignabantur,
2020 3955 2077 4000 et

488 4038 547 4094 in
615 4041 743 4092 eum
787 4037 1235 4092 vociferabantur
1299 4045 1357 4089 ut
1405 4035 1499 4105 qui
1555 4036 1965 4091 sanctissimum
2013 4036 2079 4090 il-

487 4129 585 4188 lud
635 4130 1038 4203 jusjurandum
1103 4131 1241 4200 ipsis
1293 4128 1594 4198 praestitum
1654 4129 1954 4192 violasset,
2020 4138 2079 4184 et

489 4223 781 4281 manifesta
855 4223 1175 4294 proditione
1258 4221 1419 4275 [idem
1515 4219 1700 4276 datam
1790 4221 2073 4291 fregisset.

493 4332 517 4366 ι
575 4313 718 4380 Quid
763 4313 909 4367 enim
940 4349 956 4375 ,
1018 4330 1037 4364 ι
1087 4311 1384 4381 inquiunt,
1446 4327 1470 4361 ι
1530 4311 1598 4364 ad
1644 4308 1809 4365 istius
1862 4309 2078 4380 injuria!

490 4404 928 4476 magnitudinem
988 4394 1273 4457 accedere
1307 4410 1497 4471 queat,
1549 4399 1597 4455 si
1667 4400 2074 4470 nosmetipsos,

492 4512 591 4564 per
657 4511 796 4565 quos
870 4495 1240 4551 formidabilis
1309 4504 1364 4548 et
1430 4492 1670 4547 invictus
1745 4492 1932 4547 omnia
2006 4507 2076 4548 ex

492 4590 667 4645 animi
695 4589 860 4661 315
892 4589 1173 4644 sententia
1203 4586 1365 4640 facile
1404 4585 1715 4651 confecisti,
1746 4586 1850 4640 sub
1895 4586 2076 4641 cultro

491 4692 548 4737 et
597 4681 755 4752 quasi
814 4680 1052 4751 intipsis
1094 4678 1208 4733 orci
1245 4676 1499 4731 faucibus
1556 4676 1627 4730 ita
1676 4684 1867 4746 aperte
1918 4676 2077 4732 dese-

497 4774 622 4828 ras?
668 4792 686 4826 ι
727 4773 822 4829 llis
864 4782 922 4828 et
965 4768 1288 4843 lmjusmodi
1316 4768 1606 4825 atl‘ectibus
1634 4768 1911 4837 aclv‘erbis
1963 4769 2077 4824 fra-

497 4875 623 4920 ctus
682 4874 740 4919 et
796 4864 1124 4934 pudefactus
1190 4865 1491 4933 imperator
1531 4877 1788 4932 magnum
1824 4861 2077 4930 logothe-

498 4966 608 5010 tam
640 4956 715 5012 ad
766 4971 826 5011 se
868 4955 1057 5011 venire
1092 4954 1278 5025 jussit,
1312 4955 1381 5011 ab
1418 4969 1594 5023 eoque
1633 4954 1811 5024 petiit,
1846 4963 1907 5007 ut
1956 4952 2078 5007 aui-

497 5062 648 5102 mum
680 5047 766 5101 avi
798 5046 1145 5117 imperatoris
1178 5045 1245 5101 ad
1280 5046 1665 5116 impunitatem
1698 5045 1923 5100 factioni
1959 5060 2075 5099 sua:

496 5137 732 5193 dandam
781 5151 844 5192 ac
883 5137 1247 5208 jurejurando
1279 5137 1606 5206 interposito
1639 5135 2073 5190 conﬁrmandam

2180 3947 2544 4017 περιστάντες
2593 3948 2627 4016 ὴ
2670 3946 2779 3999 τῶν
2820 3947 3243 4017 συνομοσάντων
3278 3950 3522 4021 φρατρία
3576 3952 3761 4021 66pm-

2179 4038 2483 4102 παθοῦντες
2505 4039 2669 4093 αὐτοῦ
2700 4038 2984 4093 κατεϐόων
3015 4040 3334 4110 παράϐασιν
3363 4060 3420 4095 τε
3451 4045 3753 4111 ὲγκαλοῦν·

2178 4148 2271 4194 τες
2312 4130 2422 4185 τῶν
2467 4130 2937 4201 φρικωδεστάτων
2979 4131 3161 4202 ὅρκων
3206 4133 3438 4187 ἐκείνων
3484 4136 3592 4188 τῶν
3622 4139 3761 4204 πρὸς

2179 4223 2377 4286 αὐτοὺς
2428 4224 2524 4277 καὶ
2575 4222 2692 4293 ἀμα
2747 4222 3000 4293 προφανῆ
3032 4224 3324 4292 προδοσίαν
3352 4226 3604 4281 αύτῶν.¹ι
3652 4228 3761 4280 [1ο]

2179 4313 2291 4385 γάρ
2333 4313 2435 4367 οὐκ
2485 4313 2552 4366 ἂν
2599 4312 2816 4377 ἀδικίας
2854 4312 3104 4367 ἐλαύνειν
3148 4315 3412 4384 ἔφασκον,
3460 4318 3519 4369 σὲ
3563 4319 3663 4388 μὲν
3695 4319 3764 4371 6'.‘

2180 4405 2331 4475 ἡμᾶς
2373 4402 2607 4473 φοϐερὸν
2655 4403 2790 4471 ὁμοῦ
2830 4404 2924 4457 καὶ
2961 4404 3243 4475 δύσμαχον
3276 4408 3629 4461 καταστάντα.
3659 4410 3762 4479 ρᾳ-

2178 4494 2307 4559 δίως
2334 4494 2402 4548 τά
2428 4495 2570 4549 κατά
2592 4490 2828 4566 ’γνώμην
2859 4497 3044 4566 σμυτῷ
3075 4497 3577 4568 καταπράξασθαι*
3609 4501 3761 4569 qui;

2180 4587 2225 4641 δ’
2254 4588 2313 4641 έν
2346 4587 2578 4655 στόματι
2614 4588 2894 4659 μαχαίρας
2935 4589 3137 4642 οὑτωσὶ
3167 4592 3464 4660 προφανῶς
3496 4594 3594 4645 καὶ
3626 4596 3765 4645 πυθ-

2184 4677 2342 4747 μέσιν
2391 4676 2520 4748 ᾅδου
2578 4677 2933 4743 καταλιπεῐνς
2978 4696 2997 4730 ι
3033 4679 3259 4745 Τούτοις
3316 4683 3500 4750 μέντοι
3528 4685 3763 4748 καὶτοῖς

2180 4767 2444 4830 τοιούτοις
2473 4767 2629 4839 ἦθεσί
2667 4785 2726 4821 τε
2772 4768 2869 4821 καὶ
2901 4771 3112 4841 ῥήμασι
3142 4772 3553 4837 κατακλασθείς
3578 4793 3637 4827 τε
3669 4778 3763 4829 καὶ

2180 4858 2495 4928 αἰσχυνθεὶς
2549 4862 2578 4913 6
2635 4859 2891 4930 βασιλεὺς
2969 4862 3338 4933 διεμηνύσατο
3406 4867 3541 4934 πρὸς
3600 4869 3765 4918 αὑτὸν

2181 4950 2478 5021 ἀφικέσθαι
2505 4952 2598 5005 τὸν
2628 4953 2809 5024 μέγαν
2848 4952 3166 5024 λογοθέτην,
3210 4955 3306 5007 καὶ
3352 4956 3578 5010 ἐλθόντα
3605 4958 3763 5021 ἠξίου

2182 5042 2606 5110 παρασκευάσαι
2637 5044 2730 5097 τὸν
2788 5043 3013 5098 πάππον
3054 5048 3151 5098 καὶ
3199 5044 3430 5116 βασιλέα
3457 5047 3528 5101 δι’
3557 5049 3765 5118 ὅρκων,

2182 5135 2276 5187 καὶ
2326 5137 2393 5206 τῇ
2436 5135 2668 5208 ῥηθείσῃ
2713 5137 2957 5209 φρατρίᾳ
3001 5137 3333 5208 χαρίσασθαι
3363 5140 3424 5191 τὸ
3457 5139 3764 5197 ἀκίνδυνονζ

501 5238 816 5301 promptum
847 5240 1212 5302 paratumque
1244 5229 1504 5285 efficeret.
1536 5230 1606 5285 At
1649 5230 1741 5284 ille
1778 5245 1847 5285 ne
1885 5230 2073 5284 audire

2193 5228 2250 5282 ’0
2292 5229 2348 5281 δὲ
2393 5229 2503 5282 οὐδ’
2555 5229 2791 5283 ἀκοῦσαι
2835 5230 3131 5299 ἠνέσχετο·
3180 5230 3340 5297 ἀλλὰ,
3387 5250 3406 5283 ι
3462 5233 3534 5285 Σὺ
3586 5210 3642 5285 δέ
3699 5235 3762 5286 ού

500 5324 725 5395 quidem
762 5324 1042 5378 sustinens
1077 5341 1092 5378 :
1130 5341 1149 5374 ι
1187 5322 1269 5377 Tu
1333 5338 1490 5384 vero,
1549 5322 1746 5391 inquit,
1813 5337 1922 5375 non
1971 5325 2075 5374 mi-

497 5416 664 5483 raris,
704 5432 813 5472 non
847 5416 1186 5472 immortales
1226 5415 1338 5469 Deo
1369 5415 1573 5485 gratias
1607 5416 1742 5483 agis,
1785 5429 1888 5467 nec
1935 5414 2074 5468 bene

498 5520 683 5567 tecum
705 5520 890 5566 actum
919 5523 1042 5566 esse
1063 5517 1246 5579 putas,
1292 5505 1438 5576 quod
1479 5515 1682 5575 praeter
1709 5505 2075 5574 exspectatio-

2185 5321 2510 5389 θαυμάζεις,
2564 5337 2583 5370 υ
2637 5319 2765 5389 ἔφη,
2824 5340 2841 5372 ι
2900 5323 2998 5374 καὶ
3054 5320 3173 5393 Θεῷ
3222 5321 3425 5385 πολλὰς
3492 5322 3764 5385 ἀποδίδως

2183 5413 2560 5483 εὐχαριστίας,
2596 5413 2830 5481 ἀγαπῶν
2878 5416 2960 5467 ὅτι
3013 5415 3164 5486 παρὰ
3215 5417 3397 5469 πᾶσαν
3432 5414 3629 5470 ἐλπίδα
3654 5418 3766 5468 τὼν

2182 5506 2274 5559 τοῦ
2304 5505 2429 5577 ᾆίου
2480 5507 2667 5560 πυλῶν
2710 5507 2875 5571 αὐτὸς
2919 5509 3152 5574 ἀναϐὰς,
3183 5507 3259 5572 ὡς
3288 5509 3487 5575 εἰπεῖν,
3510 5509 3764 5578 ὲκομίσω
3810 5580 3811 5583 η

1744 5680 1752 5684 <
1848 5647 2189 5710 Variorum
2222 5661 2413 5710 noxae.

575 5773 687 5846 (69)
713 5771 1049 5846 ,Ἀπριλλίου
1078 5774 1247 5846 μηνὸς
1271 5773 1501 5845 πέμπτῃ
1533 5773 1846 5846 ἱσταμένου.
1861 5775 1933 5846 τῇ
1965 5772 2070 5836 πρὸ

498 5842 607 5899 τῶν
625 5842 804 5898 Βάτων
826 5842 1098 5915 Κυριακῇζ
1118 5842 1411 5901 Cautacuz.
1429 5842 1526 5899 lib.
1547 5860 1583 5911 ι,
1607 5843 1834 5914 cup.12.
1855 5842 2065 5900 Βυινικ.

2180 5771 2599 5900 Βοξῖῗέβοιίδὶ.
2618 5777 2948 5845 profuturo.
2966 5775 3060 5834 Sic
3083 5775 3180 5836 lib.
3203 5795 3274 5845 ιιι,
3297 5794 3415 5851 cap.
3438 5778 3527 5848 10,
3546 5787 3683 5835 sect.
3699 5778 3763 5836 9.
