4088 6450
259 453 365 518 49$

506 451 580 524 μ.
621 467 671 505 c.
723 449 856 536 1232
895 467 959 504 AD
1005 428 1164 519 1528}
1239 454 1690 515 leZ‘N'f‘INJE
1734 458 1828 516 in:

1934 457 2125 515 )Rlﬂi
2166 459 2310 518 Lm,
2358 458 2519 516 VH1,
2625 454 2758 521 |IMP.
2803 468 3085 509 nonomc.
3127 455 3271 526 ses]

3415 459 3522 525 494

259 575 358 643 τὴν
390 573 700 640 σωτηρίως
740 571 810 622 Ἢ
838 571 936 623 οὐκ
976 568 1127 632 οἷδας
1171 572 1248 634 ὡς
1297 572 1472 641 χρεών
1499 590 1558 625 σε
1587 574 1828 640 μεγὰλας

1941 589 2063 626 nem
2097 590 2161 626 ex
2199 576 2312 627 orci
2364 572 2617 628 faucibus
2651 575 2766 642 ipse
2807 574 3218 643 quodammodo
3273 585 3517 644 ereptus,

260 664 497 734 ὀφείλειν
527 665 696 733 κάμοὶ
749 664 842 715 καὶ
889 665 1050 716 παισὶ
1079 666 1191 727 τοίς
1240 667 1392 735 ἐμοῖς
1439 667 1527 719 διὰ
1563 665 1683 734 βίου
1735 666 1833 726 τὰς

260 758 504 828 χάριτας,
553 756 635 808 ὅτι
694 755 890 824 βουλὴν
943 755 1085 808 κατὰ
1143 756 1236 808 σοῦ
1293 758 1686 825 μελετηθείσαν
1739 761 1834 810 καὶ

259 846 647 917 ἐξαρτυθείσαν
689 849 770 909 εἰς
810 847 966 909 τέλος
1010 846 1274 918 διέῤῥηξα
1319 849 1609 919 παρελθὼν
1646 851 1830 910 αὐτὸς,

161 992 168 996 .
260 946 352 995 καὶ
380 941 472 992 νῦν
519 940 590 993 δι’
629 939 762 1006 ἐμοῦ
803 942 1017 993 τουτονὶ
1053 943 1146 992 τὸν
1185 941 1340 1010 ἣλιον
1371 942 1609 1013 καθορᾷς
1633 961 1647 1004 ;
1673 943 1744 994 Σὺ
1775 943 1832 994 δέ

260 1033 429 1086 ταῦτα
466 1033 626 1102 ἀφεὶς
659 1032 844 1100 ἱκέτης
875 1032 1017 1100 ὑπὲρ
1049 1032 1158 1086 τῶν
1187 1034 1405 1086 κάκιστ’
1432 1034 1826 1102 ἀπολουμένων

260 1124 538 1194 γίγνεσθαι
575 1124 788 1194 βούλεις
826 1124 1040 1192 ’Λπαγε
1077 1125 1216 1195 πρὸς
1241 1125 1379 1179 Θεοῦ
1405 1143 1420 1158 ο
1472 1126 1549 1198 μὴ
1580 1127 1831 1192 κοινώνει

259 1218 518 1280 τοιούτοις
557 1219 804 1286 ἀνδράσι.
844 1217 966 1281 Πῶς
999 1219 1108 1289 γὰρ
1139 1220 1266 1282 τοὺς
1311 1220 1453 1290 πρὸς
1485 1220 1544 1272 σὲ
1569 1220 1835 1289 διατηρή-

261 1328 440 1364 σουσιν
467 1312 684 1381 ὅρκους,
715 1309 765 1364 οἶ
801 1310 930 1373 τοὺς
965 1312 1099 1380 πρὸς
1129 1313 1220 1364 τὸν
1255 1310 1481 1380 βασιλέα
1529 1315 1624 1364 καὶ
1683 1314 1832 1366 πάπ-

259 1423 360 1458 πον
413 1405 504 1456 τὸν
561 1406 655 1456 σὺν
709 1404 937 1473 μηδενὸς
995 1403 1106 1456 τῶν
1161 1404 1357 1457 δεινῶν
1419 1406 1830 1473 ἀναγκάζοντος

256 1496 590 1562 ἐξελάθοντο,
619 1496 756 1565 μήτε
806 1494 942 1547 Θεοῦ
987 1497 1310 1564 κεραυνοὺς,
1341 1497 1481 1566 μήτε
1523 1495 1830 1565 ἀνθρώπων

259 1589 396 1642 αἰδῶ
423 1592 526 1655 πρὸ
551 1588 844 1655 ὀφθαλμῶν
878 1587 1100 1654 θέντες;
1145 1608 1162 1638 ι

328 1678 405 1735 1".
457 1679 674 1732 Τούτων
728 1678 874 1732 οὕτω
926 1681 1080 1749 παρᾶ
1128 1679 1463 1749 προσδοκίαν
1527 1680 1829 1748 λεχθέντων

252 1774 494 1836 ἀκούσας
551 1777 579 1826 ὁ
629 1771 881 1842 βασιλεὺς
927 1773 1060 1843 ἔστη
1113 1773 1336 1826 σιωπῶν
1393 1775 1488 1825 ἐπὶ
1548 1773 1829 1827 πλεῖστον.

254 1865 509 1928 Ἔπειτα,
535 1881 554 1916 ι
590 1865 799 1926 Ἄπιθι,
834 1884 853 1916 ι
889 1865 1129 1920 ἐπειπὼν
1151 1867 1208 1928 ἐς
1239 1867 1337 1926 τὰς
1368 1864 1642 1936 προτέρας
1669 1863 1828 1928 αὖθις

1938 665 2232 719 incolumis
2287 672 2343 718 et
2393 666 2579 718 salvus
2636 666 2923 721 evaseris?
2959 668 3039 720 An
3093 667 3312 736 ignoras
3364 677 3416 722 te
3465 680 3522 724 et

1937 757 2072 810 mihi
2122 767 2179 811 et
2232 758 2423 810 liberis
2455 759 2613 822 meis,
2647 760 2827 827 quoad
2866 759 3091 822 vixeris,
3133 775 3384 828 magnam
3421 760 3520 816 d6-

1935 847 2067 902 berc
2095 850 2350 917 gratiam,
2387 849 2536 919 quod
2569 850 2865 903 consilium
2899 861 3094 904 contra
3133 861 3185 905 te
3230 852 3429 905 initum
3465 859 3522 906 et

1934 941 2266 994 instructum
2301 960 2425 996 tneo
2467 943 2687 997 tandem
2739 943 3052 998 interventu
3086 947 3382 999 resci>sum
3412 954 3515 1010 est,

1933 1029 2194 1100 quodque
2237 1048 2359 1086 meo
2399 1034 2664 1089 beneficio
2705 1035 2874 1088 solem
2931 1036 3076 1088 hunc
3129 1036 3393 1090 intueris?
3435 1036 3516 1089 Tu

1935 1137 2066 1176 vero
2091 1123 2176 1178 his
2198 1126 2414 1179 omissis
2447 1143 2543 1195 pro
2571 1127 2960 1195 perditissimis
3001 1137 3056 1181 et
3082 1127 3222 1181 male
3256 1128 3520 1197 perituris

1934 1212 2056 1267 istis
2102 1216 2330 1284 supplex
2383 1217 2715 1272 intercedis?
2758 1219 2942 1288 Apage
2994 1235 3092 1288 per
3125 1219 3294 1271 Deum
3335 1236 3347 1272 :
3385 1219 3518 1273 nihil

1935 1306 2031 1361 tibi
2059 1307 2136 1361 rei
2169 1308 2388 1362 sitcum
2421 1311 2560 1364 istis.
2585 1311 2870 1374 Quomodo
2904 1311 3052 1363 enim
3090 1310 3187 1364 tibi
3222 1310 3524 1366 servabunt

1935 1398 2117 1454 ﬁdem.
2153 1400 2246 1468 qui
2282 1400 2442 1453 fidem
2475 1417 2577 1453 avo
2606 1410 2696 1454 tun
2732 1402 2912 1454 datam
2947 1404 3092 1456 nulla
3124 1403 3296 1457 coacti
3329 1419 3524 1458 neces-

1933 1491 2093 1544 sitate
2111 1491 2446 1557 fefellerunt,
2481 1508 2584 1546 nec
2614 1494 2706 1547 Dei
2750 1503 2896 1548 metu
2932 1510 3031 1550 nec
3057 1495 3340 1551 hominum
3370 1511 3524 1550 vere-

1933 1585 2132 1640 cundia
2166 1586 2464 1640 deterriti?
2508 1607 2524 1638 ι

2010 1677 2095 1730 ΙΙΙ.
2141 1677 2236 1731 llis
2269 1679 2569 1748 imperator
2601 1691 2804 1748 prreter
2849 1683 3326 1751 exspectationem
3359 1683 3522 1738 audi-

1935 1771 2002 1824 tis
2024 1786 2148 1824 cmn
2184 1771 2384 1825 tacitus
2413 1771 2505 1825 diu
2535 1775 2776 1827 stetisset
2810 1791 2823 1826 :
2855 1791 2873 1825 ι
2911 1775 3033 1840 Abi,
3075 1795 3092 1826 ι
3121 1774 3282 1830 dixit.
3316 1775 3523 1828 Deinde

1933 1862 2001 1916 ad
2057 1863 2287 1936 pristina
2320 1863 2549 1917 consilia
2591 1875 2647 1918 et
2689 1866 3053 1936 cogitationes
3098 1868 3282 1920 denuo
3337 1867 3520 1922 rediit.

256 1923 506 2027 ἐπανῆκε⁷
530 1956 723 2026 βουλὰς
746 1923 841 2009 καὶ
870 1956 1119 2026 μελέτας.
1267 1923 1564 2030 Hiemi-irai
1590 1923 1644 2012 δέ
1670 1962 1764 2012 καὶ

1941 1951 2077 2006 Cum
2105 1963 2291 2008 autem
2323 1968 2515 2024 magna
2537 1963 2798 2009 etsancta
2826 1955 3126 2008 hebdomas
3150 1955 3390 2022 adesset,
3418 1972 3527 2026 qua

257 2050 464 2118 μεγάλη
494 2050 587 2102 καὶ
626 2049 742 2102 θεία
776 2050 1124 2121 ἐπεδήμησεν
1155 2050 1414 2120 ἑϐδομὰς,
1447 2054 1506 2103 ὲν
1620 2054 1691 2105 τὰ
1725 2069 1830 2106 σω-

249 2140 419 2209 τήρια
454 2140 786 2210 ἑορτάζομεν
836 2142 1007 2212 πάθη,
1035 2142 1135 2196 καὶ
1185 2144 1277 2196 τὸν
1324 2143 1548 2211 ἔγγονον
1598 2144 1757 2209 αὖθις
1801 2149 1830 2214 ό

252 2233 509 2303 βασιλεὺς
542 2237 602 2286 οὐ
635 2235 779 2287 κατὰ
825 2234 924 2297 τὰς
966 2237 1322 2305 παραινέσεις
1350 2236 1583 2289 ἔϐλεπεν
1610 2222 1840 2305 εχδντα,

250 2325 390 2378 ἀλλὰ
429 2325 530 2392 τήν
574 2342 634 2377 τε
673 2326 772 2397 τῆς
810 2327 1084 2398 κινήσεως
1119 2329 1301 2400 ὁρμὴν
1351 2329 1700 2382 ἀστατοῦσαν
1735 2331 1828 2382 καὶ

249 2419 361 2472 τῶν
405 2418 550 2486 ἠθῶν
576 2418 669 2472 τὸν
725 2418 933 2490 ῥυθμὸν
983 2420 1046 2472 οὐ
1098 2421 1503 2492 καθεστηκότα,
1535 2422 1651 2474 ἀλλ’
1688 2422 1829 2483 ὅλως

251 2513 428 2564 εἰπεῖν
460 2493 898 2581 ἀλλοπρόσαλλον
927 2552 941 2571 .
970 2513 1159 2581 ἠνιᾶτο
1197 2514 1292 2566 καὶ
1328 2513 1616 2583 ἐδυσφόρει
1642 2527 1655 2542 ·
1687 2512 1829 2564 ὥστε

231 2606 350 2658 ’καὶ
378 2604 457 2666 δὶς
485 2603 580 2658 καὶ
609 2603 729 2674 τρὶς
772 2605 1020 2674 νικηθεὶς
1065 2608 1131 2675 τῇ
1183 2606 1282 2674 τῆς
1317 2605 1496 2673 λύπης
1547 2606 1824 2677 ὑπερϐολῇ

253 2695 352 2748 καὶ
397 2689 506 2747 οἷον
551 2695 732 2758 ἔνθους
782 2698 1097 2763 γενόμενος,
1132 2717 1150 2749 ι
1191 2697 1618 2768 Τετελεύτηκεν,
1657 2717 1676 2750 ι
1714 2699 1820 2768 ἔφη

253 2787 391 2855 πρὸς
419 2786 544 2848 τοὺς
575 2789 873 2856 παρόντας,
912 2807 930 2839 ι
965 2788 1000 2858 ἧ
1031 2806 1092 2840 τε
1127 2788 1374 2858 βασιλεία
1404 2790 1491 2858 ἐφ’
1527 2790 1684 2862 ἡμῶν
1714 2792 1816 2863 ἤδη

253 2880 350 2929 καὶ
401 2879 434 2948 ἡ
489 2877 586 2949 τῆς
637 2878 968 2950 Ἐκκλησίας
1031 2863 1306 2934 εὐσέϐεια.
1369 2901 1389 2934 ι
1462 2882 1521 2936 '0
1559 2883 1657 2952 μὲν
1709 2885 1820 2955 γὰρ

256 2970 484 3038 ἐξήρτυε
531 2970 598 3022 τὰ
627 2971 764 3040 πρὸς
793 2971 976 3042 φυγὴν
1028 2972 1168 3040 μετά
1201 2973 1518 3043 φλεγούσης
1546 2973 1693 3037 τινος
1727 2976 1826 3044 τῆς

255 3061 454 3131 ὁρμῆς,
483 3065 577 3115 καὶ
607 3062 964 3134 ἐξεπορεύετο
1016 3063 1188 3134 συχνὰ
1235 3068 1332 3119 καὶ
1378 3065 1827 3135 παρεσκευάζετο

257 3158 398 3226 μετά
441 3159 538 3227 τῆς
585 3159 858 3228 φρατρίας
908 3159 1170 3227 ἐκείνης·
1199 3162 1227 3213 ό
1286 3161 1343 3212 δὲ
1377 3159 1453 3230 μὴ
1511 3161 1718 3223 συνιεὶς
1757 3159 1825 3214 τὰ

1933 2045 2229 2100 salutarem
2273 2044 2476 2100 Christi
2511 2047 2825 2115 passionem
2860 2045 3232 2113 celebramus,
3263 2057 3316 2100 et
3354 2049 3528 2116 impe-

1937 2145 2084 2189 rator
2126 2145 2382 2205 nepotem
2415 2150 2524 2190 non
2555 2151 2585 2190 e
2615 2136 2841 2191 monitis
2880 2137 2997 2190 suis
3042 2135 3228 2190 vivere
3260 2146 3518 2200 cerneret

1935 2229 2160 2297 (quippe
2188 2230 2244 2281 in
2274 2230 2396 2298 ejus
2423 2229 2735 2284 actionibus
2775 2229 3225 2294 inconstantiam,
3264 2232 3319 2284 in
3353 2231 3520 2284 mori-

1932 2319 2040 2374 bus
2081 2336 2188 2374 non
2226 2321 2559 2389 gravitatem
2585 2321 2773 2382 ullam,
2806 2321 2901 2375 sed
2946 2321 3214 2375 Summam
3243 2323 3523 2376 levitatem

1938 2417 2121 2468 inesse
2170 2412 2333 2484 315
2386 2413 2909 2480 animadvertebat),
2959 2415 3201 2482 graviter
3235 2424 3289 2468 et
3334 2416 3524 2485 iniquo

1937 2505 2121 2558 animo
2169 2503 2223 2558 id
2259 2504 2502 2571 ferebat,
2552 2504 2690 2559 adeo
2721 2516 2779 2558 ut
2814 2505 2902 2560 bis
2929 2519 2985 2561 et
3035 2516 3118 2560 ter
3147 2507 3524 2577 magnitudine

1933 2597 2140 2652 doloris
2165 2597 2368 2659 victus.
2404 2583 2461 2652 e‘t
2491 2597 2659 2654 veluti
2689 2597 2927 2653 Numine
2959 2599 3170 2654 amatus
3204 2602 3270 2652 ad
3301 2615 3398 2654 eos
3426 2601 3524 2670 qui

1935 2691 2166 2745 aderant
2193 2689 2408 2744 diceret
2440 2707 2454 2742 :
2497 2708 2517 2742 ι
2557 2690 2776 2745 lnteriit
2803 2690 3024 2744 demum
3061 2701 3249 2746 nostra
3281 2700 3441 2746 aetate
3467 2701 3525 2746 et

1933 2783 2150 2854 imperii
2204 2783 2458 2849 majestas
2491 2791 2547 2836 et
2580 2791 2894 2837 reverentta
2941 2783 3200 2836 Ecclesia:
3241 2783 3452 2838 debita.
3499 2801 3518 2832 ι

1930 2877 2138 2946 Nempe
2164 2876 2253 2930 ille
2281 2875 2464 2944 fugam
2496 2876 2714 2930 ardenti
2737 2876 2920 2930 studio
2944 2877 3272 2934 adornabat.
3303 2886 3358 2929 et
3385 2875 3520 2929 sub-

1932 2966 2062 3022 inde
2106 2967 2514 3037 egrediebatur,
2561 2975 2618 3021 et
2664 2982 2790 3021 cuin
2828 2966 3065 3023 factione
3101 2967 3191 3021 illa
3237 2983 3296 3022 se
3341 2968 3518 3038 ipsum

1931 3062 2179 3132 parabat.
2246 3060 2424 3116 Senex
2483 3076 2615 3116 vero
2673 3061 3031 3116 consiliorum
3097 3061 3322 3131 ignarus
3380 3076 3523 3130 aeger

1930 3155 2115 3209 animo
2149 3165 2205 3209 et
2231 3154 2476 3208 incertus
2505 3152 2766 3217 haerebat,
2790 3169 2856 3207 ac
2880 3153 3058 3209 tacitis
3089 3153 3523 3222 cogitationibus

256 3250 597 3321 βουλεύματα
621 3250 820 3321 ἠθύμει
850 3251 946 3303 καὶ
966 3251 1219 3321 διηπόρει
1248 3251 1376 3306 καθ’
1404 3253 1597 3306 ἑαυτὸν
1623 3270 1827 3320 γνωσι-

1934 3248 2216 3303 aestuabat.
2246 3247 2355 3301 Sed
2393 3260 2574 3302 tamen
2609 3248 2782 3318 signis
2825 3257 2882 3302 et
2924 3248 3263 3316 coniecturis
3297 3247 3527 3317 quibus-

261 3343 470 3413 μαχῶν.
501 3344 839 3413 Στοχασμοῖς
867 3344 924 3397 δέ
953 3361 1099 3398 τισιν
1129 3345 1279 3416 ὅμως
1309 3347 1407 3399 καὶ¹
1447 3347 1728 3411 ὑπονοίαις
1759 3347 1828 3400 τὰ

257 3438 512 3508 δρώμενα
540 3440 908 3510 παραϐάλλων
934 3442 1035 3493 οὐκ
1074 3440 1180 3506 ἔξω
1209 3444 1568 3497 παντάπασιν
1598 3443 1700 3515 ἥδη
1733 3446 1828 3498 καὶ

258 3533 419 3596 αὐτὸς
443 3533 619 3587 ἔκειτο
651 3532 744 3586 τοῦ
773 3533 843 3587 τὰ
879 3531 1238 3605 μελετώμενα
1269 3535 1624 3606 ξυμϐάλλειν.
1657 3538 1824 3591 Ὅθεν

263 3627 543 3680 συλλαϐεῖν
587 3627 988 3692 ἐϐουλεύσατο,
1024 3631 1120 3682 καὶ
1169 3629 1249 3700 τῷ
1295 3632 1619 3703 πατριάρχῃ
1659 3631 1830 3702 Γερα-

259 3720 406 3788 οίμῳ
466 3719 558 3772 τοῦ
630 3721 876 3773 τοιούτου
941 3719 1307 3790 βουλεύματος
1373 3724 1431 3775 ἐν
1488 3723 1827 3794 ἀπορρήτοις

256 3810 437 3864 λαϐὼν
462 3811 881 3882 κεκοινώνηκεν.
929 3813 988 3865 '0
1014 3811 1059 3865 δ’
1082 3813 1243 3877 εὐθὺς
1269 3815 1408 3884 πρὸς
1450 3817 1540 3868 τον
1582 3815 1811 3884 βασιλέα

257 3900 350 3954 τδν
375 3901 492 3954 νέον
535 3901 876 3972 Ἀνδρόνικον
901 3903 1127 3973 δραμὼν
1165 3904 1226 3955 τὸ
1259 3906 1572 3975 ἀπόρρητον
1621 3905 1819 3958 ἀνεκά-

259 3993 420 4063 λυψε·
459 3995 551 4047 καὶ
582 3994 725 4048 οὕτω
770 3994 958 4047 λοιπὸν
1004 3996 1213 4058 ἐκεῖνος
1263 4000 1360 4066 τὴν
1405 3997 1583 4067 φυγὴν
1613 3997 1815 4052 ἐπετά-

257 4105 440 4158 χυνεν.

329 4183 404 4233 Δ’.
450 4179 600 4232 Ἐπεὶ
625 4180 682 4233 δὲ
717 4182 812 4234 καὶ
845 4184 877 4252 ἡ
909 4182 1136 4253 λαμπρά
1163 4183 1261 4253 τῆς
1295 4183 1670 4244 Ἀναστάσεως
1703 4183 1830 4235 ἐπε-

257 4272 502 4341 δήμησεν
551 4273 734 4342 ἡμέρα
799 4274 939 4344 (Ἠ),
977 4277 1074 4327 καὶ
1132 4274 1242 4327 ἔδει
1282 4275 1420 4342 πρὸς
1469 4275 1711 4344 ἑσπέραν
1760 4276 1830 4328 τὰ

259 4363 600 4436 βουλεύματα
646 4369 820 4436 πέρας
864 4366 1072 4431 λαϐεῖν,
1102 4367 1220 4440 ᾔτει
1268 4385 1328 4421 τε
1372 4368 1518 4421 κατά
1548 4368 1608 4420 τὸ
1638 4368 1828 4432 εἰωθὸς

265 4458 366 4511 καὶ
389 4458 549 4510 ἔλαϐε
573 4461 668 4522 τὰς
699 4461 846 4522 κλεῖς
882 4460 991 4514 τῶν
1021 4461 1158 4530 πρὸς
1204 4460 1304 4530 τὴν
1331 4461 1678 4532 Γυρολίμνην
1713 4462 1830 4532 (72)

259 4551 627 4620 ἀνοιγομένων
677 4549 886 4606 πυλῶν.
933 4552 1129 4606 Εἰώθει
1182 4553 1290 4622 γὰρ
1321 4554 1482 4606 τοῦτο
1527 4557 1704 4607 ποιεῖν
1739 4555 1828 4608 διὰ

256 4640 328 4694 τὰ
357 4641 524 4695 ἕωθεν
563 4643 877 4714 κυνηγέσια.
923 4645 1033 4698 Καὶ
1072 4646 1138 4717 δὴ
1183 4646 1316 4715 περὶ
1373 4646 1549 4714 μέσας
1606 4647 1828 4712 νύκτας,

258 4733 396 4802 πρὸς
450 4733 617 4788 ὕπνον
662 4737 762 4806 ἤδη
815 4735 1268 4806 καταδαρθόντων
1326 4738 1610 4804 ἁπάντων,
1662 4738 1829 4802 ἔξεισι

260 4825 401 4895 μετά
439 4827 658 4881 πάντων
700 4828 814 4881 ὅσοι
865 4829 1016 4898 αὑτῴ
1053 4846 1116 4896 γε
1176 4831 1650 4900 συνομωμόκεσαν
1675 4846 1692 4861 ο
1736 4834 1834 4885 καὶ

257 4915 692 4988 ἐξιππασάμενοι
742 4918 1008 4987 φθάνουσι
1045 4920 1348 4992 δευτεραῖοι
1414 4923 1552 4991 πρὸς
1611 4924 1672 4974 τὸ
1735 4923 1832 4975 τοῦ

257 5009 558 5080 Συργιάννη
591 5012 772 5064 καὶτὸ
803 5011 898 5064 τοῦ
931 5012 1390 5084 Καντακουςηνοῦ
1437 5015 1826 5085 στρατόπεδον.

1931 3341 2056 3394 dam
2104 3356 2166 3394 ea
2215 3355 2339 3410 qua:
2401 3340 2706 3410 agebantur
2757 3341 3078 3410 expendens
3131 3339 3278 3394 haud
3333 3340 3525 3409 procul

1930 3443 2070 3496 erat,
2106 3434 2240 3504 quin
2269 3433 2402 3503 quid
2442 3444 2726 3488 struerent
2757 3434 3162 3502 suspicaretur.
3189 3434 3372 3498 Quare
3396 3445 3525 3487 eum

1932 3528 2398 3598 comprehendere
2418 3527 2632 3594 statuit,
2663 3535 2868 3582 etcum
2901 3525 3211 3596 patriarcha
3241 3525 3526 3580 Gerasimo

1931 3621 2224 3676 consilium
2261 3620 2410 3676 iStud
2442 3636 2603 3675 suum
2649 3630 2709 3674 ut
2737 3635 3004 3674 arcanum
3033 3622 3428 3675 communicat.
3455 3622 3527 3674 At

1931 3713 2024 3768 ille
2051 3713 2232 3768 statim
2287 3714 2353 3766 ad
2395 3712 2675 3782 iuniorem
2717 3712 3110 3781 imperatorem
3143 3711 3524 3766 Andronicum

1931 3807 2193 3872 accurrit,
2224 3814 2280 3860 et
2308 3820 2573 3860 arcanum
2603 3805 2807 3874 prodit.
2841 3805 3212 3874 Quamobrem
3257 3806 3302 3860 is
3341 3804 3525 3876 fugam

1929 3915 1997 3954 ex
2032 3915 2099 3954 eo
2131 3901 2299 3972 coepit
2325 3901 2640 3956 accelerare
2653 3936 2669 3949 .
3507 3887 3532 3906 ‘

2002 4190 2092 4246 IV.
2131 4189 2268 4247 Cum
2290 4198 2472 4242 autem
2495 4185 2939 4242 Resurrectionis
2959 4185 3206 4240 solemne
3225 4195 3280 4240 et
3311 4182 3527 4238 illustre

1930 4287 2132 4342 festum
2192 4282 2528 4344 advenisset,
2590 4289 2647 4335 et
2702 4295 2826 4350 qua:
2864 4278 3087 4335 decreta
3128 4287 3290 4332 erant
3335 4276 3527 4348 perlici

1931 4379 2051 4450 ejus
2073 4376 2184 4432 diei
2232 4389 2462 4444 vespere
2496 4387 2726 4428 necesse
2771 4379 2940 4436 esset,
2973 4369 3158 4425 claves
3207 4379 3522 4440 portarum,

1935 4486 2032 4541 per
2069 4483 2208 4540 quas
2233 4467 2300 4521 ad
2321 4465 2698 4537 Gyrolimnam
2724 4463 2857 4528 itur,
2879 4462 2950 4518 de
2981 4477 3134 4517 more
3165 4461 3326 4533 petiit
3353 4469 3411 4516 et
3439 4475 3531 4516 aco

1935 4565 2105 4634 cepit.
2151 4562 2269 4617 Hoc
2316 4561 2462 4615 enim
2514 4567 2744 4629 propter
2792 4556 3121 4612 matutinam
3173 4555 3524 4610 venationem

1935 4657 2119 4712 facere
2157 4662 2541 4709 consueverat.
2597 4651 2768 4722 Igitur
2824 4653 2928 4705 sub
2989 4647 3226 4703 mediam
3288 4656 3529 4709 noctem,

1937 4749 2154 4804 cunctis
2217 4745 2646 4808 dormientibus,
2717 4758 2844 4799 cum
2900 4741 3162 4796 omnibus
3226 4741 3531 4809 coniuratis

1940 4841 2249 4911 egreditur.
2280 4839 2419 4893 Tum
2455 4836 2760 4906 equitando
2815 4836 3064 4905 provecti
3107 4835 3162 4888 in
3206 4832 3533 4904 Syrgiannis

1939 4945 1996 4990 et
2050 4932 2421 4990 Cantacuzeni
2475 4941 2653 4986 castra
2711 4929 2979 5000 postridie
3047 4932 3402 5000 perveniunt.
3467 4927 3530 4980 lli

1941 5029 2088 5085 enim
2124 5041 2324 5097 magno
2353 5033 2622 5095 apparatu
2649 5025 2713 5078 ad
2754 5022 3150 5091 Adrianopolin
3179 5024 3360 5091 fugant
3389 5020 3534 5074 illius

267 5099 565 5172 Ἐκάθηντο
590 5103 698 5172 γὰρ
726 5106 926 5158 ἐκεῖνοι
952 5107 1082 5176 περὶ
1114 5105 1214 5177 τὴν
1251 5107 1699 5174 Ἀδριανούπολιν
1734 5109 1828 5173 ξύν

1934 5120 2410 5192 przestolabantur.
2442 5117 2570 5170 Erat
2591 5115 2638 5171 is
2670 5116 2788 5170 dies
2818 5115 3022 5184 Aprilis
3052 5114 3351 5169 vicesimus
3401 5114 3534 5168 anni

253 5209 320 5261 γε
351 5193 580 5265 λαμπρᾷ
613 5197 681 5266 τῇ
713 5200 1039 5268 παρασκευῇ
1078 5199 1178 5266 τὴν
1223 5197 1420 5250 τούτου
1460 5199 1642 5272 φυγὴν
1673 5201 1830 5254 ἐκδε-

255 5284 495 5354 χόμενοι.
547 5281 656 5339 Ἦν
698 5287 743 5339 δ’
798 5287 940 5358 αὕτη
990 5291 1176 5360 ἡμέρα
1242 5291 1554 5361 Ἀπριλλίου
1609 5298 1712 5365 μὲν
1762 5299 1838 5350 εὶ-

261 5378 453 5447 κοστὴ,
488 5377 606 5442 έτος
654 5379 714 5432 δὲ
750 5381 1217 5450 ἐξακισχιλιοστὸν
1247 5385 1359 5455 (75)
1411 5387 1839 5449 ὀκτακοσιοστὸν

1932 5213 2114 5270 sexies
2147 5209 2423 5267 millesimi
2442 5209 2607 5280 316
2629 5206 3069 5278 octingentesimi
3094 5205 3344 5260 vicesimi
3372 5207 3523 5261 noni.

1936 5305 2034 5360 ESt
2058 5315 2244 5358 autem
2278 5301 2574 5356 observata
2610 5299 2860 5369 dignum,
2892 5297 3040 5368 quod
3087 5297 3224 5352 nihil
3268 5299 3538 5351 humana-

1939 5413 2064 5454 rum
2110 5410 2296 5450 rerum
2348 5395 2468 5449 sine
2524 5391 2880 5448 Providentia
2935 5391 3390 5455 administretur,
3438 5389 3534 5445 sed

1602 5549 1947 5614 Variorum
1984 5559 2174 5614 noue.

485 5683 620 5764 Yitle
653 5686 822 5764 Gloss.
851 5687 990 5764 med.
1015 5686 1228 5764 Gmcit.
1257 5691 1312 5745 in
1345 5692 1561 5764 Ἐορτή.
1596 5694 1829 5752 ΒυοΑΝο.

330 5755 444 5824 ('12)
483 5756 902 5828 Constantiuop.
931 5759 1126 5814 Christ.
1173 5762 1272 5816 lib.
1310 5778 1344 5822 I,
1377 5755 1640 5828 sectflz”),
1682 5783 1737 5820 n.
1772 5768 1829 5823 4.

259 5821 494 5901 nume.
521 5855 592 5901 τ-
621 5828 696 5882 De
724 5821 838 5901 qua
863 5827 943 5901 sic
982 5829 1118 5884 Cod.
1160 5831 1295 5901 Reg.
1321 5821 1484 5896 2990,
1516 5821 1739 5899 11.1570,
1776 5821 1829 5893 νζ

263 5896 296 5964 ἡ
341 5895 608 5968 λεγομένη
633 5895 828 5964 κοινῶς
869 5895 1295 5972 Ἀργυρολίμνῆ,
1328 5895 1642 5978 Γυρολίμνη
1696 5895 1836 5978 γ’ρὰ-

1943 5717 2126 5773 φεται.
2177 5700 2252 5773 De
2296 5701 2489 5756 eadem
2540 5702 2699 5771 plura
2733 5703 3072 5773 liueangius,
3123 5700 3530 5772 Coustantinop.

1942 5769 2140 5827 Christ.
2173 5771 2271 5824 lib.
2309 5787 2346 5833 ι,
2372 5783 2504 5827 sect.
2542 5769 2630 5839 15,
2657 5789 2713 5827 n.
2744 5776 2796 5828 4.
2826 5769 3036 5830 norm.

2013 5840 2369 5912 (75)7Chrisﬁ
2424 5843 2584 5897 l32i.
2637 5845 2872 5900 Ducanc.
2920 5873 2990 5883 —
3027 5843 3326 5898 Cantacuz.
3359 5842 3452 5896 lib.
3492 5857 3528 5904 ι,

1943 5911 2069 5982 cap.
2102 5911 2189 5979 i8,
2223 5911 2318 5968 ubi
2350 5913 2416 5969 ad
2451 5913 2753 5985 marginem
2786 5931 2963 5984 annus
2991 5913 3198 5971 Christ.
3237 5914 3373 5968 1522.
3434 5927 3534 5986 per
