4088 6498
509 466 615 526 ισιῖι
766 465 841 532 ιι.
879 477 914 514 ν
983 451 1112 516 07.1
1161 479 1230 515 ,u.
1272 464 1435 533 esss]

513 580 695 633 mania
742 594 940 631 arcana
1000 578 1209 634 ratione
1255 588 1486 645 agantur

512 674 823 733 sedeamus,
854 686 919 724 ac
959 669 1314 725 Providentia
1359 676 1417 722 et
1446 669 1697 724 veritate.
1719 668 1974 738 indignas
2007 683 2094 722 ra-

515 765 692 816 tiones
719 761 1225 816 comminiscauiur.
1255 758 1391 814 Cum
1423 759 1570 813 enim
1609 758 1755 813 Deus
1784 757 1856 811 ob
1906 768 2091 813 vetera

510 866 565 909 et
619 852 859 909 recentia
899 854 1099 908 delicta
1127 852 1431 922 quemlibet
1473 852 1707 905 multare
1743 851 1880 905 vult.
1928 849 2090 917 periti

510 948 706 1002 medici
760 948 953 1012 instar,
983 944 1160 1016 plagis
1186 956 1380 998 euratu
1424 941 1742 996 difficilibus
1778 940 1981 994 ferrum
2037 950 2094 994 ct

512 1042 691 1107 ignem
742 1041 1017 1093 admovet.
1071 1037 1192 1091 Mox
1245 1047 1441 1091 terram
1477 1035 1599 1089 laeto
1639 1034 1804 1090 ubere
1858 1032 2091 1087 fertilem

513 1153 608 1191 aer
655 1134 839 1205 gravis
890 1132 1135 1190 infestat.
1175 1146 1316 1197 aqua
1373 1131 1541 1185 tuaris
1572 1128 1909 1198 indignatur,
1941 1128 2092 1182 venti

516 1227 815 1297 importuni
850 1238 905 1280 et
932 1226 1072 1279 votis
1108 1223 1368 1280 contrarii
1419 1221 1616 1275 rellare
1672 1219 1966 1289 incipiunt,
1998 1234 2093 1287 pc-

515 1318 756 1373 siileutia
797 1327 1076 1387 grassatur
1109 1331 1123 1368 :
1158 1314 1473 1380 affliguntur
1501 1319 1774 1381 quotquot
1809 1311 2016 1366 virtute
2039 1319 2095 1364 et

513 1410 830 1464 eruditione
868 1424 927 1462 se
958 1409 1106 1477 ipsos
1128 1412 1491 1467 exornarunt,
1520 1418 1586 1457 ac
1614 1405 1797 1456 mores
1839 1415 1971 1456 suos
2024 1401 2090 1455 ad

516 1501 756 1564 lloriam,
790 1510 850 1576 ut
894 1500 964 1553 ita
1011 1499 1215 1562 dicam,
1252 1496 1593 1553 harmoniam
1639 1495 1974 1565 compositos
1998 1510 2093 1549 ex-

516 1595 851 1663 poliverunt.
902 1590 1179 1660 Quidquid
1238 1589 1536 1644 instituunt
1600 1586 1806 1641 exitum
1863 1586 2095 1641 sortitur

516 1687 813 1740 infaustum
845 1692 899 1739 et
927 1684 1115 1752 primae
1146 1696 1373 1748 operum
1408 1677 1710 1747 inceptioni
1745 1677 1978 1732 maxime
1998 1680 2092 1731 ad-

513 1779 840 1840 versarium,
872 1791 1130 1846 supremo
1163 1775 1257 1827 Dei
1313 1773 1537 1828 numine
1592 1771 1673 1827 sic
1737 1770 2091 1827 decernente.

513 1872 716 1923 tloutra
769 1868 1068 1923 calamitosi
1098 1905 1113 1929 ,
1141 1864 1382 1927 obscuri,
1418 1863 1680 1918 vecordes
1712 1871 1768 1916 et
1802 1861 2090 1916 Furiarum

1736 465 2157 525 NlCEi’llt'Elil
2198 466 2580 527 GRlzGt'llLE

1539 592 1553 633 :
1607 576 1737 629 licet
1786 591 1887 630 nos
1922 575 2093 645 ignari

2201 577 2444 629 είκοστὸν
2499 577 2738 632 ἔννατον.
2784 579 3107 650 Ίῐπιστῆσαι
3165 583 3211 635 δ’
3273 584 3614 651 ἀξιον,-πῶ;
3673 587 3781 641 τῶν

2890 462 3021 533 [ιιιιι.
3068 480 3347 519 ΑΝιιιιιικιιῖ.
3391 466 3533 538 Sim]

3674 468 3780 536 lilii

2203 670 2559 739 ἀνθρωπίνων
2608 671 2949 741 πραγμάτων
2987 675 3139 727 οὐδὲν
3189 676 3286 745 τῆς
3332 678 3593 746 Προνοίας
3626 679 3819 742 ἐκτὸς

2201 762 2506 826 διοικεῖται,
2536 761 2672 817 ἀλλὰ
2720 763 2900 817 πάντα
2954 764 3111 833 λόγον
3158 768 3473 840 ἀπόρρητον
3521 770 3637 840 ἔχει
3689 773 3784 825 τὸν

2201 854 2399 920 ἄγοντα
2428 869 2441 882 ’
2486 852 2588 907 κᾶν
2638 855 2799 924 ἡμεῖς
2848 857 3175 925 ἀγνοοῦντες
3222 860 3534 932 καθήμεθα.
3582 862 3779 929 λόγους

2202 945 2572 1015 προφέροντες
2620 947 2718 1014 τῆς
2762 963 2825 999 τε
2881 948 3143 1018 Προνοίας
3186 953 3320 1020 ὁμοῦ
3360 956 3453 1007 καὶ
3499 955 3604 1027 τῆς
3646 932 3819 1027 ἀληολ

2202 1036 2354 1101 θείας
2403 1040 2464 1093 οὐ
2501 1040 2648 1106 μάλα
2691 1040 2896 1106 ἀξίους.
2946 1041 3115 1095 Ὅταν
3165 1044 3271 1114 γάρ
3318 1045 3476 1118 ἐθέλῃ
3528 1048 3784 1113 κολάζειν

2201 1127 2295 1191 οὓς
2330 1129 2396 1181 ἂν
2431 1130 2605 1182 ἐθέλοι
2639 1128 2889 1185 παλαιῶν
2926 1148 2987 1189 τε
3023 1134 3120 1184 καὶ
3175 1133 3311 1186 νέων
3359 1136 3784 1205 ἁμαρτημάτων

2143 1291 2153 1300 .
2202 1219 2530 1293 ποιούμενος
2582 1222 2813 1284 ἔκτισιν,
2844 1216 2933 1277 οἷα
2995 1225 3157 1290 σοφὸς
3214 1225 3399 1295 ίατρὸς
3457 1231 3632 1295 τομὴν
3662 1224 3809 1282 -και

2203 1314 2455 1382 καυτῆρα
2502 1316 2624 1377 ταῖς
2664 1315 2941 1378 δυσιάτοις
2988 1318 3186 1384 ἐπάγει
3215 1318 3479 1387 πληγαῖς.
3509 1321 3619 1374 Καὶ
3659 1321 3785 1389 ἅμα

2202 1403 2345 1456 κατὰ
2405 1404 2510 1472 γῆς
2571 1404 2912 1476 εὐθηνούσης
2970 1406 3136 1477 ἀὲρες
3195 1410 3627 1480 νεωτερίζουσι⁹
3686 1417 3786 1468 καὶ

2201 1498 2505 1562 ἀγανακτεῖ
2537 1498 2658 1551 κατ’
2682 1499 2864 1552 αὐτῶν
2888 1498 3033 1570 ὕδωρ
3062 1500 3337 1573 θαλάττης
3358 1519 3373 1535 ⁸
3399 1506 3493 1557 καὶ
3524 1505 3786 1573 ὑϐρισταὶ

2199 1587 2344 1639 κατὰ
2391 1587 2490 1654 τῆς
2541 1587 2748 1639 τούτων
2801 1586 3112 1658 βουλήσεως
3150 1591 3494 1647 ἀντιπνέουσι
3545 1594 3738 1663 ἄνεμοι
3765 1611 3781 1625 ·

2202 1685 2295 1737 καὶ
2326 1681 2533 1749 λοιμῶν
2562 1681 2680 1743 ὁδὸς
2708 1680 2985 1734 εὐοδοῦται
3012 1695 3026 1710 ·
3059 1683 3154 1737 καὶ
3185 1685 3643 1755 κακοδαιμονοῦσι
3676 1689 3784 1756 μὲν

2199 1774 2315 1825 ὅσοι
2349 1773 2484 1841 πρὸς
2513 1771 2714 1841 ἀρετὴν
2748 1773 2844 1825 καὶ
2877 1772 3126 1827 παιδείαν
3156 1775 3498 1845 ἐρρύθμισαν
3519 1778 3772 1842 ἑαυτοὺς,

2204 1865 2299 1916 καὶ
2326 1862 2621 1929 τδίὲαντῶν
2655 1864 2793 1932 πρὸς
2818 1864 2918 1934 τὴν
2943 1864 3169 1935 Δώρων,
3198 1865 3285 1938 [Ρ.
3322 1867 3447 1938 195]
3473 1868 3546 1931 ὡς
3576 1871 3777 1932 εἰπεῖν,

514 1962 742 2024 alumni,
772 1973 1086 2030 prosperam
1127 1956 1400 2010 fortunam
1428 1954 1828 2024 experiuntur;
1875 1953 2095 2020 sapiens

2205 1959 2475 2030 ἁρμονίαν
2499 1956 2772 2021 ἀπέξεσαν
2792 1952 2923 2028 ἦθος
2945 1976 2959 1989 ·
2996 1958 3093 2020 καὶ
3113 1960 3219 2019 πᾶν
3248 1960 3275 2013 ὅ
3303 1977 3356 2014 τι
3383 1961 3647 2030 πράξαιεν
3678 1965 3781 2015 πὲ-

518 2062 598 2107 tes
629 2052 697 2106 ab
740 2049 1127 2120 insipientibus
1156 2048 1375 2117 penitus
1416 2046 1755 2109 vincuntur;
1812 2058 2107 2099 sanntones

514 2140 859 2209 etmancipia
889 2138 1154 2192 modestis
1175 2136 1535 2204 honestisque
1559 2134 1853 2203 imperant.
1891 2132 2029 2186 Tum
2052 2140 2107 2186 et

515 2234 737 2286 urbium
796 2220 1172 2300 magistratus,
1208 2237 1264 2283 et
1294 2227 1737 2296 patresl‘amilias,
1768 2233 1825 2280 et
1854 2225 2106 2280 tribunos

515 2328 712 2396 plebis,
746 2334 801 2381 et
836 2324 1045 2386 aediles,
1081 2332 1137 2375 et
1175 2332 1461 2391 praetores,
1509 2318 1621 2373 imo
1666 2319 1838 2388 ipsius
1880 2331 2103 2386 quoque

516 2420 829 2476 tumtasticm
853 2415 1158 2484 disciplina:
1187 2412 1463 2468 antistites
1492 2424 1685 2467 omnes
1708 2407 1915 2472 videas,
1944 2409 2097 2463 velut

513 2534 578 2571 ex
612 2511 938 2583 composito,
988 2505 1344 2576 impudentiae
1392 2514 1448 2563 et
1492 2501 1807 2571 petulantiae
1852 2500 2091 2564 servire,

515 2625 617 2664 nec
646 2623 713 2662 ex
746 2604 926 2659 ollicio
950 2600 1252 2671 quidquam
1287 2596 1468 2663 facere
1491 2604 1596 2650 aut.
1617 2609 1776 2664 posse
1807 2604 1904 2648 aut
1930 2592 2092 2663 317

516 2701 677 2757 velle.
713 2698 839 2753 l’lazc
870 2697 941 2750 ita
974 2709 1032 2748 se
1067 2691 1272 2747 habere
1302 2704 1366 2743 ex
1394 2688 1486 2755 iis,
1526 2702 1648 2757 qua:
1690 2686 1798 2755 iam
1822 2685 2091 2752 dicemus,

515 2791 813 2851 constabit.

2210 2068 2310 2121 ρας
2337 2050 2587 2120 εὑρίσκει
2621 2050 2896 2120 σφαλερὸν
2926 2052 3019 2103 καὶ
3054 2050 3200 2120 μάλα
3227 2052 3637 2121 πολεμιώτατον
3665 2057 3780 2116 τοῖς

2203 2141 2469 2209 ἀρχηγοῖς
2503 2139 2613 2191 τῶν
2648 2138 2826 2207 ἔργων
2876 2137 3233 2209 βουλεύμασι,
3269 2142 3362 2193 τοῦ
3407 2138 3543 2193 Θεοῦ
3593 2142 3782 2198 τοιαύο

2200 2245 2303 2298 την
2340 2232 2463 2282 τινὰ
2511 2227 2611 2300 τὴν
2642 2228 2828 2298 κρίσιν
2858 2228 3068 2282 ἀνωθεν
3116 2229 3562 2293 ταλαντεύοντος.
3588 2232 3786 2285 Εὐδαι-

2207 2317 2430 2385 μονοῦσι
2465 2317 2510 2370 δ’
2543 2318 2733 2372 ὁπόσοι
2780 2318 3066 2388 δυστυχεῖς
3101 2337 3249 2385 τινες
3284 2323 3379 2374 καὶ
3423 2322 3648 2389 ἀφανεῖς
3682 2326 3783 2375 καὶ

2202 2410 2568 2478 παραπλῆγες
2613 2410 2711 2463 καὶ
2768 2410 3062 2483 Ἐριννύων
3116 2411 3395 2481 πεφύκασι
3441 2413 3736 2484 θρέμματα
3765 2431 3777 2444 ·

2203 2498 2298 2551 καὶ
2329 2496 2557 2551 νικῶσιν
2612 2499 2718 2552 ἀνά
2767 2500 2971 2573 κράτος
3000 2500 3129 2558 τοὺς
3168 2499 3446 2570 ἔμφρονας
3495 2503 3730 2572 ἄφρονες
3761 2519 3776 2533 -

2202 2591 2297 2639 καὶ
2327 2587 2647 2657 κνριεύονσι
2697 2587 2809 2641 τῶν
2854 2589 3101 2657 κοσμίων
3148 2592 3244 2645 καὶ
3280 2591 3639 2661 εὐσχημόνων
3686 2594 3782 2644 άν-

2199 2679 2342 2749 δρὼν
2374 2680 2683 2750 ὲμπαῖκταί
2711 2698 2858 2742 τινες
2885 2682 2980 2735 καὶ
3001 2681 3310 2754 οἰκότριϐες
3340 2684 3645 2754 ἄνθρωποι.
3677 2685 3784 2736 Καὶ

2203 2775 2304 2826 ίδοι
2338 2789 2422 2835 τις
2454 2770 2521 2825 ἂν
2559 2773 2865 2842 τηνικαῦτα
2898 2777 3026 2838 τούς
3058 2792 3118 2827 τε
3149 2776 3538 2847 δημαγωγοὺς,
3564 2777 3688 2839 τούς
3721 2794 3782 2828 τε

513 2891 621 2943 ,ὧν
650 2889 857 2941 πόλεων
903 2884 1194 2953 ἄρχοντας,
1228 2882 1354 2942 τούς
1382 2894 1442 2931 τε
1487 2875 1598 2932 τῶν
1631 2872 1845 2940 οἰκιῶν,
1906 2870 2033 2933 τούς
2096 2885 2155 2921 τε
2196 2868 2575 2936 ἀγορανόμους
2613 2868 2708 2921 καὶ
2757 2868 3142 2931 δικασπόλους,
3173 2871 3267 2923 καὶ
3312 2871 3448 2941 πρός
3481 2887 3546 2939 γε
3590 2872 3784 2925 ὀπόσοι

514 2984 607 3038 τοῦ
681 2975 972 3053 μοναδικοῦ
1032 2974 1358 3045 προστατεῖν
1411 2971 1603 3040 ἔλαχον
1661 2969 1802 3038 βίον,
1870 2964 2081 3026 πάντας
2161 2962 2418 3033 καθάπερ
2474 2962 2586 3018 άπὸ
2683 2961 2981 3033 συμφώνου
3039 2963 3185 3026 τινὸς
3241 2966 3306 3033 τῇ
3375 2964 3623 3035 ἀναιδείᾳ
3687 2970 3787 3019 καὶ

516 3077 712 3144 ἀταξίᾳ
744 3069 1106 3141 λατρεύοντας
1132 3106 1147 3130 ν

1184 3065 1280 3119 καὶ
1320 3064 1473 3117 οὐδὲν
1517 3062 1668 3130 ὑγιὲς
1718 3059 1984 3130 πράττειν
2050 3054 2174 3110 οὕτε
2212 3056 2585 3126 δυναμένους,
2650 3054 2776 3108 οὒτε
2852 3054 3162 3119 ἐθέλοντας.
3218 3056 3517 3111 Βεϐαιώσει
3594 3058 3652 3113 δὲ
3715 3062 3789 3112 τά

516 3172 787 3238 λεγόμενα
845 3164 940 3213 καὶ
994 3160 1139 3228 άπερ
1194 3160 1393 3211 αὐτίκα
1438 3155 1683 3220 λέξοντες
1730 3154 1940 3223 ἥκομεν
1993 3151 2088 3205 καὶ
2125 3152 2312 3241 ήμεΞ.

3189 3206 3203 3233 \

592 3263 653 3317 V.
697 3262 831 3315 Nam
859 3272 984 3313 eum
1012 3256 1314 3310 Turcarum
1349 3252 1682 3321 Erruptiones
1720 3263 1836 3309 rem
1888 3248 2089 3301 Roma-

2270 3245 2345 3301 E'.
2394 3247 2553 3301 Ἐπεὶ
2602 3248 2711 3318 γάρ
2747 3250 2828 3311 εἰς
2884 3249 3089 3318 πλῆθος
3122 3250 3157 3317 ἡ
3211 3248 3320 3301 τῶν
3358 3247 3621 3319 Τούρκων
3649 3249 3787 3303 ἑπε-

521 3372 642 3412 nam
673 3353 1039 3415 undecuniue
1088 3352 1390 3400 atterentes
1434 3360 1490 3399 et
1537 3342 1863 3399 alllictantes
1912 3339 2097 3394 incre-

520 3452 864 3505 brescereut,
891 3453 948 3495 ct
972 3437 1242 3509 quidquid
1271 3438 1392 3504 opis
1422 3451 1484 3489 ac
1512 3432 1748 3489 subsidii
1789 3432 1843 3485 in
1880 3429 2094 3483 viribus

523 3557 618 3595 seu
671 3534 992 3592 domesticis
1027 3546 1121 3584 Seu
1166 3527 1531 3585 auxiliaribus
1561 3525 1799 3594 positum
1843 3522 2003 3580 foret.
2039 3520 2095 3574 id

520 3645 687 3686 omne
748 3638 974 3698 prorsus
1020 3622 1218 3679 inutile
1259 3634 1325 3674 ac
1362 3617 1572 3677 nullum
1625 3629 1747 3669 esse
1798 3613 2097 3682 imperator

521 3721 789 3776 divinitus
838 3715 1190 3783 intelligeret,
1244 3711 1348 3765 alia
1403 3708 1487 3763 via
1519 3722 1637 3761 rem
1677 3719 1938 3776 agressus
1985 3713 2093 3767 est,

508 3815 735 3869 lubrica
765 3811 855 3865 illa
893 3808 1141 3878 quidem,
1183 3804 1229 3860 si
1257 3817 1384 3858 vere
1424 3798 1746 3856 consideres
1773 3806 1829 3852 et
1861 3795 2092 3866 aequita-

502 3917 628 3960 tem
664 3911 878 3974 spectes
906 3941 919 3964 ,
965 3914 1073 3953 non
1104 3894 1284 3950 tamen
1323 3905 1551 3963 prorsus
1588 3887 1946 3959 imprudenti,
1986 3895 2098 3941 tam

519 3994 769 4052 adversis
808 4003 865 4049 et
901 4002 1007 4045 tam
1063 3986 1264 4058 iniquis
1318 3982 1681 4053 temporibus.
1732 3980 1870 4034 Nam
1915 3993 2097 4031 annua

480 4080 865 4145 'snbditorum
911 4082 1113 4136 tributa
1166 4092 1366 4148 augere
1405 4075 1638 4141 statuit;
1666 4073 1871 4144 quibus
1905 4071 2097 4127 divisis

521 4190 734 4252 partem
766 4179 820 4232 in
855 4176 993 4230 alios
1034 4187 1165 4231 usus
1214 4169 1511 4242 quotannis
1548 4166 1851 4230 conferret,
1885 4172 2095 4234 partem

518 4262 770 4331 finitimis
802 4269 1055 4333 hostibus
1084 4264 1447 4335 impenderet,
1484 4275 1660 4335 eaque
1690 4263 1905 4312 ratione
1935 4272 2100 4313 vena-

518 4368 627 4420 lent
680 4362 855 4417 abiis
895 4367 1086 4429 pacem
1127 4355 1424 4424 acciperet.
1475 4350 1633 4416 Quod
1682 4348 1913 4418 perinde
1972 4346 2096 4411 fuit,

519 4475 584 4511 ac
616 4456 660 4510 si
690 4454 819 4523 “quis
850 4450 1151 4509 amicitiam
1215 4446 1473 4521 luporum
1510 4442 1744 4503 mercari
1780 4440 1969 4495 volens
1998 4455 2096 4493 ve-

520 4562 620 4631 nas
658 4544 764 4600 sibi
819 4541 872 4597 iu
905 4540 1180 4610 plerisque
1233 4536 1483 4605 corporis
1516 4532 1766 4604 partibus
1801 4531 2095 4596 incideret,

2207 3338 2443 3393 πόλασεν
2474 3340 2691 3409 ἔφοδος,
2721 3341 3061 3411 πανταχόθεν
3093 3342 3182 3401 ἀεὶ
3229 3341 3502 3413 ζημιοῦσα
3537 3345 3631 3397 καὶ
3663 3343 3790 3395 δια-

2203 3432 2466 3504 τιθεμένη
2491 3434 2682 3497 κακῶς
2707 3434 2778 3488 τά
2816 3434 3107 3506 Ῥωμαίων
3131 3438 3456 3505 πράγματα,
3485 3438 3579 3495 καὶ
3608 3438 3787 3495 πᾶσαι

2209 3526 2450 3594 μηχαναὶ
2487 3526 2582 3579 καὶ
2627 3526 2877 3596 παλάμαι
2908 3528 3133 3598 γνήσιαι
3178 3545 3234 3589 τε
3286 3529 3382 3583 καὶ
3437 3517 3789 3600 συμμαχικαὶ

2204 3616 2281 3687 τῷ
2334 3618 2547 3688 βασιλεῖ
2603 3618 2791 3673 θεόθεν
2844 3623 3196 3682 παντάπασιν
3243 3623 3591 3694 ⁴ῂλέγχθησιιιν
3624 3622 3788 3679 οὖσαι

2209 3712 2398 3782 μηδὲν,
2435 3713 2633 3783 ἑτέραν
2661 3714 2955 3785 ἐτράπετο,
2989 3716 3265 3788 σφαλερὰν
3301 3717 3401 3788 μὲν
3424 3718 3568 3773 κατά
3597 3734 3661 3786 γε
3689 3716 3785 3770 τὸν

2205 3804 2383 3875 ἀληθῆ
2431 3808 2525 3859 καὶ
2553 3806 2764 3861 δίκαιον
2800 3808 2960 3877 λόγον
2982 3825 2995 3838 ·
3042 3810 3181 3879 πρὸς
3219 3810 3276 3863 δὲ
3321 3809 3462 3864 οὕτω
3488 3810 3664 3880 βίαιον
3689 3813 3789 3865 καὶ

2204 3899 2621 3970 ἀνταγωνιστὴν
2674 3897 2889 3971 χρόνον,
2935 3902 2997 3959 ού
3049 3905 3191 3958 πάνυ
3220 3920 3304 3958 τοι
3344 3904 3551 3973 σφόδρα
3593 3901 3788 3959 ἀσύνεο

2205 4011 2317 4048 ταν.
2356 3995 2541 4062 Ἔγνω
2569 3993 2680 4064 γὰρ
2702 3997 2830 4058 τοὺς
2858 3996 3111 4066 ἐτησίους
3131 3996 3240 4050 τῶν
3262 3996 3518 4064 ὑπηκόων
3549 3994 3784 4063 αὐξῆσαι

2207 4085 2410 4153 φόρους
2435 4101 2451 4116 ·
2491 4087 2586 4154 ἀφ’
2614 4084 2690 4141 ὢν
2725 4087 3084 4158 μεριζόμενον
3109 4090 3368 4158 χορηγεῖν
3387 4088 3491 4140 ἀνά
3522 4087 3630 4140 πᾶν
3661 4086 3781 4148 ἔτος

2203 4181 2330 4241 ταῖς
2366 4195 2426 4231 τε
2473 4178 2664 4243 ἄλλαις
2709 4180 2925 4249 χρείαις
2974 4181 3068 4236 καὶ
3121 4180 3238 4251 ἅμα
3268 4183 3389 4243 τοῖς
3425 4179 3633 4247 γείτοσι
3671 4179 3781 4234 τῶν
3852 4210 3859 4217 -

2205 4270 2418 4341 ἐχθρῶν
2449 4270 2546 4331 καὶ
2591 4269 2753 4327 ὢνιον
2810 4273 3015 4331 οὑτωσὶ
3068 4274 3170 4342 τὴν
3218 4274 3433 4331 ἐκεῖθεν
3479 4272 3782 4342 λαμϐάνειν

2206 4363 2433 4432 εἰρήνην
2454 4379 2468 4394 ’
2497 4363 2684 4432 ὅμοιον
2707 4364 2899 4427 ποιῶν,
2925 4364 3114 4433 ὥσπερ
3143 4365 3210 4419 ἂν
3234 4365 3289 4416 εί
3308 4382 3390 4427 τις
3425 4365 3604 4431 φιλίαν
3627 4368 3784 4435 «nisi

2204 4454 2315 4509 τῶν
2343 4455 2525 4507 λύκων
2554 4453 2886 4524 ὠνούμενος,
2920 4456 3110 4511 ἔπειτα
3139 4456 3239 4520 τὰς
3277 4456 3485 4519 οἰκείας
3515 4456 3785 4525 πολλαχὸ-

2208 4546 2301 4598 θεν
2325 4545 2544 4614 τέμνων
2574 4545 2778 4614 φλέϐας
2812 4547 2992 4612 πίνειν
3023 4548 3256 4610 ἐκείνοις
3301 4550 3531 4618 παρεῖχε
3563 4549 3660 4602 καὶ
3685 4551 3778 4618 ἑμ-

518 4622 585 4695 et‘
619 4634 884 4705 sanguine
929 4646 1030 4691 suo
1073 4628 1199 4687 illos
1244 4625 1423 4697 potari
1473 4635 1530 4679 et
1581 4622 1907 4694 ingurgitari
1950 4625 2094 4680 ultro

2201 4637 2491 4708 φορεῖσθαι
2533 4636 2628 4690 τοῦ
2664 4637 2922 4706 αἵματος.
2963 4638 3371 4709 Ὅθεν-καιρὸν
3401 4641 3687 4710 εἰληφότες
3736 4644 3781 4697 οἱ

523 4729 887 4798 permitteret.
920 4720 1075 4780 Unde
1108 4718 1387 4790 publicani
1437 4727 1494 4773 et
1547 4726 1830 4773 exactores
1878 4725 2098 4786 sumpta

520 4819 809 4875 occasione
831 4814 924 4870 alii
949 4812 1088 4867 alios
1110 4816 1456 4866 antevertere
1483 4807 1837 4871 studuerunt,
1863 4807 2101 4876 quisque

520 4912 678 4982 plura
719 4924 778 4963 se
814 4905 1224 4977 persoluturum
1260 4899 1548 4971 pollicens,
1590 4899 1635 4955 si
1671 4896 1943 4967 ejusmodi
1981 4912 2102 4952 mu--

519 5003 674 5059 neris
703 4996 1110 5055 administratio
1136 4994 1242 5051 sibi
1270 4991 1649 5046 mandaretur.
1680 4989 1866 5060 Itaque
1896 4989 2099 5057 exiguo

474 5076 479 5089 ’
525 5074 793 5164 tempore,
835 5089 1086 5162 quamvis
1125 5084 1359 5142 Romani
1410 5083 1630 5152 imperii
1677 5080 1816 5135 ﬁnes
1865 5079 2099 5135 subinde

525 5187 1008 5243 contraherentur,
1063 5180 1145 5236 sic
1196 5178 1407 5233 reditus
1455 5175 1623 5231 annui
1675 5184 2000 5237 creverunt,
2042 5183 2099 5226 ut

525 5280 724 5334 millies
752 5276 969 5333 utillcna
1003 5276 1330 5328 nomismata
1361 5268 1665 5340 quotannis
1698 5266 1754 5321 in
1798 5268 1988 5321 iiscum
2029 5268 2097 5319 ab

526 5374 613 5434 iis,
644 5371 737 5440 qui
789 5367 1050 5439 pecunias
1083 5381 1147 5421 ac
1195 5365 1402 5419 tributa
1433 5362 1784 5431 colligebant,
1824 5359 2096 5413 referren-

521 5477 629 5518 tur.
662 5461 815 5517 Unde
846 5462 1033 5515 senior
1057 5462 1357 5527 imperator
1387 5455 1442 5508 in
1468 5455 1653 5508 animo
1682 5451 1941 5513 habebat,
1972 5467 2095 5519 per—

522 5565 743 5625 petuam
777 5553 969 5622 viginti
1005 5548 1310 5603 triremium
1345 5546 1573 5601 classem
1615 5553 1805 5598 contra
1845 5544 2092 5597 marinos

2197 4723 2431 4777 τελῶναι
2463 4726 2556 4779 καὶ
2588 4725 2898 4795 φορολόγοι,
2917 4725 3106 4796 ἕτερος
3144 4727 3334 4797 ἕτερον
3363 4728 3595 4794 ἔφθανεν
3620 4728 3785 4781 ὑπισ-

2199 4818 2496 4888 χνούμενος
2548 4817 2718 4872 πλείω
2770 4818 3031 4888 παρέξειν
3085 4821 3274 4885 αὐτὸς,
3338 4821 3620 4891 ὑπηρέτης
3681 4821 3785 4888 τῆς

2199 4908 2454 4979 τοιαύτης
2489 4909 2769 4972 καταστὰς
2796 4908 3139 4979 διοικήσεως.
3176 4912 3287 4963 Καὶ
3332 4911 3504 4976 οὕτως
3533 4914 3589 4967 ὲν
3618 4913 3786 4982 ὀλίγῳ

2197 4998 2277 5070 τῷ
2324 5002 2524 5070 χρόνῳ,
2557 5000 2737 5053 καίτοι
2789 5000 3132 5072 βραχυτέρας
3183 5002 3269 5055 ἀεὶ
3309 5005 3645 5072 γιγνομένης
3682 5007 3787 5075 τῆξ

2205 5093 2314 5144 τῶν
2355 5090 2640 5160 Ῥωμαίων
2679 5091 3058 5157 ἐπικρατείας,
3096 5092 3246 5162 ὅμως
3277 5096 3356 5157 εἰς
3388 5094 3568 5164 χιλίας
3610 5094 3782 5166 ηὔξη.

2207 5196 2297 5232 ται
2343 5179 2589 5251 χιλιάδας
2624 5178 2694 5231 τὰ
2720 5178 2859 5248 πρὸς
2904 5179 3015 5248 τῶν
3054 5181 3441 5249 ἁργυρολόγων
3480 5185 3571 5237 καὶ
3622 5201 3787 5261 φορο-

2207 5273 2380 5339 λόγων
2402 5272 2525 5327 κατ’
2550 5271 2670 5337 ἔτος
2697 5274 2777 5333 εἰς
2803 5271 2865 5322 τὸ
2889 5270 3169 5340 βασιλικὸν
3193 5274 3532 5343 είσαγόμενα
3555 5285 3784 5344 ταμειον

2202 5365 2538 5437 νομίσματα.
2589 5362 2678 5428 Ἐξ
2702 5358 2777 5417 ὧν
2802 5358 2872 5432 ἠν
2901 5362 2981 5433 τῷ
3010 5366 3229 5435 γηραιῷ
3264 5366 3477 5436 βασιλεῖ
3504 5367 3638 5433 πρὸς
3661 5366 3784 5435 βιν-

2202 5458 2411 5528 λήσεως
2462 5459 2798 5526 καταστῆναι
2836 5461 3085 5529 τριήρεις
3144 5459 3244 5527 μὲν
3290 5459 3464 5512 εἴκοσι
3511 5458 3783 5529 διηνεκεῖς

2203 5546 2345 5599 κατὰ
2376 5546 2484 5598 τῶν
2520 5546 2825 5600 θαλατιίων
2882 5551 2979 5601 καὶ
3032 5548 3490 5617 παραθαλαττίων
3516 5547 3735 5617 ’ἐχθρῶν
3760 5563 3775 5577 ο

1856 5684 2187 5746 Variorum
2227 5702 2411 5749 noue.

523 5846 766 5904 errorem
796 5832 1067 5901 ascriptus
1096 5841 1197 5895 cst,
1232 5848 1328 5901 pro
1360 5845 1502 5883 anno
1546 5828 1701 5895 1331,
1726 5835 1797 5884 Ἦῖ
1827 5837 1885 5885 et
1916 5829 2095 5904 capite
2136 5829 2314 5898 primo
2357 5827 2602 5896 ejusdem
2656 5832 2782 5887 libri
2850 5848 3027 5888 anuus
3070 5832 3222 5896 lS‘II,
3258 5846 3357 5901 pro
3410 5803 3555 5886 anno
3616 5830 3777 5901 1520.

529 5903 735 5955 ltoms.
