4088 6516
445 337 550 399 499
696 331 773 404 [Α.
821 348 878 385 ιι.
920 331 1050 387 οτθι
1101 347 1165 386 λυ
1204 330 1367 403 csso]

1652 335 2075 406 NICEPHORI
2115 343 2501 407 GBEGOIU!

2805 341 2936 414 [ιιιν.
2977 350 3260 397 motuum.
3301 336 3457 413 sum}

3593 341 3704 408 500

445 456 739 510 multitudo
765 454 1032 524 equitum.
1059 455 1331 526 peditum.
1369 457 1777 527 sagittariorum
1809 469 1865 514 et
1898 461 2021 515 fun-

2129 464 2226 533 μὲν
2255 465 2449 537 ἀνέδην
2471 464 2726 535 ᾐκίζοντο
2750 478 2766 494 ·
2795 462 2831 518 ἃ
2857 462 2904 516 δ’
2927 463 3259 533 ἐπεφέροντο
3289 460 3543 531 βασιλικὰ
3566 462 3705 532 χρή-

443 551 686 602 ditorum
744 561 883 617 pene
946 548 1367 601 innumerabilis
1447 549 1766 619 Byzantium
1827 567 2023 608 versus

443 639 893 709 proﬁciscuntur,
937 638 1118 707 prium
1152 637 1357 706 impetu
1386 650 1795 709 expugnaturos
1828 657 1886 697 se
1927 658 2022 695 ur-

446 733 568 786 bem
606 731 733 793 rati,
762 728 1034 784 seditione
1063 728 1405 783 laborantem
1439 739 1496 785 et
1525 730 1697 798 ipsam
1731 748 1915 789 secum
1950 735 2020 788 ob

445 825 595 877 varia
635 822 840 876 civium
888 819 1071 875 studia
1125 819 1510 887 dissidentem.
1543 823 1707 894 320
1738 840 1834 895 spe
1867 840 2021 879 cmo-

443 915 842 973 lnmentorum.
871 927 993 979 quae
1019 912 1337 980 bujusmodi
1380 928 1649 967 novarum
1683 912 1868 968 rerum
1895 931 2017 969 mo-

444 1005 668 1059 litiones
721 1002 1011 1072 rapacitati
1053 1002 1267 1073 injustze
1300 1005 1676 1075 suppeditant,
1714 1004 2017 1076 Syrgianne

443 1099 756 1166 exagitante
789 1097 991 1150 omnia.
1041 1097 1120 1151 Ac
1161 1107 1398 1163 quatuor
1440 1097 1673 1167 integris
1713 1098 1910 1154 diebus
1960 1100 2015 1154 in

447 1187 649 1241 itinere
681 1187 1026 1256 consumptis
1052 1185 1409 1256 Selymbriam
1456 1196 1844 1257 pervenerunt,
1877 1198 1933 1244 et
1960 1191 2014 1245 in

439 1279 561 1349 ejus
587 1278 739 1332 urbis
768 1286 1068 1349 conspectu
1091 1289 1271 1334 castra
1297 1287 1624 1349 posuerunt.

439 1390 616 1445 ταρας
674 1373 721 1427 δ’
782 1372 912 1438 ὅλας
980 1373 1279 1434 ὡδευκότες

442 1470 659 1532 ἄστεος.

521 1563 659 1619 Vill.
693 1564 831 1631 (inm
866 1571 1047 1619 autem
1082 1560 1320 1617 ulterius
1353 1564 1693 1633 progressuri
1724 1572 1931 1625 essent.
1963 1573 2021 1618 et

2124 573 2270 621 ματα
2296 555 2390 620 ξὺν
2414 554 2594 607 οὐδενὶ
2632 555 2823 623 κόσμῳ
2846 554 3197 623 διαλαχόντες
3228 554 3535 620 ἐνείμαντο.
3564 554 3703 622 Πρὶν

2119 648 2164 699 δ’
2203 647 2330 715 ὃλην
2363 646 2590 715 ἡμερῶν
2621 646 2893 714 ὲόὄομάδα
2925 646 3332 714 παραδραμεῖν,
3371 646 3604 715 ἄραντες
3638 642 3699 709 ἐξ
3776 664 3786 677 ο

2133 741 2479 808 Ὀρεστιὰδος
2516 739 2723 805 πλῆθος
2753 739 2812 792 οὗ
2849 738 2996 806 μάλα
3027 734 3331 806 ἀριθμητὸν
3360 736 3570 788 ἱππέων
3604 735 3703 787 καὶ

2125 830 2328 893 πεζῶν.
2355 830 2588 894 τοξοτῶν
2620 832 2714 883 καὶ
2741 829 3136 899 σφενδονητῶν,
3158 829 3247 899 [Ρ.
3267 826 3392 899 l97]
3409 828 3574 898 ᾔεσαν
3607 826 3703 878 ἐπὶ

2122 922 2223 991 τὴν
2255 921 2661 991 βασιλεύουσαν,
2684 921 2757 984 ὡς
2798 921 2996 975 αὐτίκα
3038 922 3358 991 αἱρήσοντες
3383 917 3702 983 στασιάζου-

2127 1014 2227 1066 σὰν
2259 1029 2316 1064 τε
2353 1014 2448 1065 καὶ
2484 1014 3020 1083 ἐκπεπολεμωμένην
3048 1012 3184 1083 πρὸς
3231 1012 3430 1080 ἑαυτὴν
3457 1013 3574 1072 ταῖς
3603 1011 3698 1062 τοῦ

2123 1104 2299 1174 δήμου
2329 1105 2575 1174 γνώμαις
2606 1105 2779 1157 ἐλπίδι
2809 1106 3132 1174 λημμάτων,
3149 1105 3310 1158 ὁποία
3336 1106 3457 1167 ταῖς
3492 1103 3702 1163 ἀδίκοις

2124 1197 2314 1267 χερσὶν
2376 1196 2760 1265 ἐκπορίζουσιν
2809 1198 2865 1249 al
2902 1194 3152 1249 τοιαῦται
3193 1188 3315 1248 τῶν
3354 1192 3701 1264 πραγμάτων

2124 1286 2498 1355 καινοτομίαι,
2528 1285 2621 1339 τοῦ
2656 1287 2965 1355 Συργιάννη
3004 1288 3181 1340 πάντα
3224 1284 3521 1346 κινοῦντος.
3562 1283 3699 1335 Τέτο

1361 1369 1573 1443 ἡμέρας
1628 1373 1886 1443 ἀφίκοντό
1968 1394 2027 1430 τε
2101 1380 2198 1432 καὶ
2272 1378 2838 1450 ἐστρατοπεδεύσαντο
2896 1380 3002 1448 πρὸ
3049 1378 3144 1432 τοῦ
3196 1380 3296 1449 τῆς
3349 1377 3700 1448 Σηλυμϐρίας

2184 1532 2288 1621 ἰν.
2331 1567 2602 1636 Ἔμελλον
2643 1570 2688 1623 δ’
2721 1569 2802 1623 ἔτι
2835 1569 2930 1622 καὶ
2980 1532 3313 1637 πρίσωτέρω
3345 1564 3699 1632 πορεύεσθαι.

447 1658 635 1713 senior
686 1655 989 1726 imperator
1042 1658 1307 1711 urbanam
1364 1657 1618 1720 turbam,
1664 1656 1709 1710 si
1762 1656 2018 1711 hostilem

2136 1658 2278 1714 Ἀλλ’
2323 1660 2483 1724 εἰδὼς
2526 1662 2555 1714 ὁ
2599 1660 2832 1732 γηραιὸς
2884 1660 3141 1730 βασιλεὺς
3185 1659 3285 1713 οὐκ
3328 1658 3612 1728 ἠρεμῆσον
3643 1659 3705 1710 τὸ

442 1748 751 1804 exercitum
785 1757 913 1802 ante
935 1756 1124 1815 portas
1145 1745 1400 1810 vidisset,
1420 1762 1529 1800 non
1558 1744 1868 1814 quieturam
1897 1760 2021 1800 esse

443 1839 753 1903 sciret,sed
782 1835 1041 1893 novitatis
1070 1835 1255 1893 studio
1278 1835 1484 1908 aliquid
1518 1853 1799 1902 ausuram,
1827 1853 2020 1893 eorum
2056 1846 2061 1853 '

445 1930 745 1984 adventum
789 1927 1108 1995 antevertit,
1158 1922 1457 1998 praemissis
1511 1928 1733 1998 legatis,
1782 1943 2019 1997 quorum

445 2024 704 2095 princeps
746 2032 866 2078 crat
895 2021 1251 2091 Theoleptus,
1285 2021 1677 2092 Philadelphia:
1708 2024 2019 2092 episc0pus,

444 2113 531 2167 vir
572 2128 682 2167 non
726 2120 934 2166 tantum
994 2113 1173 2166 onmis
1221 2114 1441 2183 generis
1472 2114 1770 2168 virtutibus
1797 2124 2024 2169 ornatus

443 2217 501 2262 et
542 2220 737 2276 magna
770 2205 851 2260 sui
886 2207 1192 2260 reverentia
1226 2205 1422 2260 obvios
1460 2222 1710 2275 quosque
1746 2221 2024 2275 praeoccu-

445 2314 576 2369 pare
611 2297 831 2363 solitus,
859 2298 955 2352 sed
1006 2307 1062 2352 et
1091 2297 1385 2367 prudentia
1416 2296 1687 2367 singulari
1722 2298 2021 2353 excellens.

444 2386 610 2446 Missa
653 2397 739 2444 est.
779 2398 837 2443 et
875 2388 1201 2460 Syrgiannis
1244 2397 1420 2443 mater
1463 2404 1581 2458 quae
1633 2388 1803 2443 lilium
1863 2404 2022 2443 suum

444 2486 794 2557 potissimum
828 2486 883 2539 in
927 2480 1319 2538 verecundiam
1350 2482 1673 2545 adduceret,
1702 2484 1866 2554 eique
1897 2499 2025 2554 per-

446 2574 726 2640 suaderet,
759 2591 829 2629 ne
863 2572 929 2629 ad
970 2575 1170 2629 mmnia
1205 2570 1368 2642 urbis
1399 2576 1764 2644 oppugnanda
1798 2590 2026 2645 progre-

447 2658 721 2723 deretur:
771 2667 1076 2737 periculum
1124 2666 1270 2721 enim
1314 2664 1463 2729 l'ore,
1497 2681 1568 2721 ne
1610 2664 1840 2721 dissidio
1885 2665 2027 2721 inter

448 2754 783 2833 Byzantinos
831 2768 954 2814 orto
987 2758 1257 2812 maximus
1292 2758 1550 2813 interitus
1590 2768 2027 2828 consequeretur

448 2854 695 2909 omnium
722 2867 910 2923 opum,
937 2851 1162 2916 aedium,
1187 2848 1458 2913 virorum,
1484 2850 1883 2916 matronarum,
1912 2865 2027 2905 ma-

448 2945 801 3016 gistratuum,
852 2943 1199 2999 subditorum
1230 2962 1244 2998 :
1287 2944 1444 3014 cujus
1467 2943 1723 2997 criminis
1758 2959 1886 2998 reus
1916 2960 2023 3013 qua

447 3035 664 3092 ratione
714 3035 1012 3105 tranquillo
1055 3035 1241 3090 animo
1281 3050 1378 3103 per
1406 3050 1624 3089 omnem
1657 3043 1873 3090 aetatem
1917 3050 2024 3089 un-

449 3140 619 3198 quam
668 3142 792 3183 esse
838 3127 1076 3197 posset?
1112 3125 1207 3182 sed
1259 3138 1320 3180 ut
1366 3127 1588 3196 paulum
1640 3125 2024 3198 regressusita

448 3224 674 3278 demum
702 3220 871 3275 verba
900 3229 958 3274 et
991 3218 1193 3273 liberas
1226 3219 1512 3287 pactiones
1548 3232 1580 3273 e
1611 3216 1913 3288 longinquo
1944 3217 2026 3271 l'a-

450 3320 628 3369 ceret.
657 3311 991 3383 Syrgiannes
1022 3311 1222 3382 igitur,
1276 3324 1399 3364 cum
1459 3308 1704 3379 episcopi
1757 3307 2029 3363 Philadel-

448 3404 704 3476 phicnsis
732 3401 1082 3474 praesentiam
1115 3399 1405 3465 reveritus,
1423 3408 1536 3453 tum
1561 3398 1815 3469 precibus
1833 3397 2027 3453 matris

449 3508 566 3550 sua:
593 3493 821 3556 fractus,
851 3491 919 3547 ad
953 3493 1361 3562 imperatorem,
1387 3491 1480 3561 qui
1511 3490 1657 3544 circa
1683 3488 2026 3544 OreStiadem

451 3595 571 3642 tum
606 3585 827 3657 agebat,
855 3583 1177 3639 revertitur.
1210 3581 1289 3637 Eo
1318 3578 1501 3651 itaque
1535 3580 1770 3635 senioris
1799 3581 2031 3648 impera-

452 3679 595 3736 toris
658 3677 962 3747 legationes
1025 3675 1424 3740 mittebantur;
1478 3682 1643 3742 atque
1701 3669 1851 3726 illinc
1909 3686 2031 3741 quze

450 3784 621 3842 super
648 3768 881 3840 singulis
916 3765 1384 3839 postulationibus
1414 3764 1633 3820 decreta
1681 3772 1869 3818 essent
1918 3754 2032 3831 ple-

449 3872 587 3914 num
633 3857 792 3930 321
849 3858 1022 3913 robur
1059 3855 1422 3926 accipiebant.

530 3949 626 4006 IX.
671 3947 919 4004 Tandem
958 3949 1104 4002 inter
1137 3956 1404 4016 utrosque
1431 3944 1711 4009 convenit,
1747 3951 1809 4000 ut
1847 3945 2035 4016 junior

450 4045 757 4116 imperator
782 4038 1104 4102 Thraciam,
1134 4055 1257 4110 quae
1289 4056 1321 4094 a
1351 4037 1703 4109 .Christopoli
1739 4051 1914 4107 usque
1961 4037 2032 4091 ad

455 4134 966 4205 Constantinopolis
1004 4132 1243 4189 confinia
1281 4142 1337 4189 et
1366 4131 1631 4188 suburbia
1661 4147 1854 4187 versus
1883 4131 2036 4187 Rhe-

453 4231 605 4302 gium
635 4228 892 4299 pertinet,
922 4239 1048 4282 cum
1075 4240 1291 4281 summa
1317 4230 1587 4296 potestate
1612 4224 1919 4290 obtineret,
1954 4224 2031 4278 si-

2052 2988 2097 3050 C

2124 1751 2333 1822 πλῆθος
2381 1754 2482 1822 τῆς
2530 1753 2764 1819 πόλεως,
2817 1753 2954 1807 ἀλλὰ
2983 1754 3408 1820 νεωτερίσον,εί
3461 1753 3567 1821 πρὸ
3595 1751 3705 1803 τιῖδν

2125 1845 2310 1898 πυὶῶν
2368 1844 2656 1900 θεάσαιντο
2710 1846 2802 1899 τὸν
2862 1847 3116 1913 στρατὸν,
3150 1844 3343 1914 φθάνει
3399 1844 3701 1913 πρεσϐείαν

2124 1936 2451 2000 ἀποστείλας
2479 1937 2616 2006 πρὸς
2647 1938 2828 1992 αὐτόν.
2859 1935 3039 2006 Ἧρχε
3084 1937 3142 1989 δὲ
3193 1937 3292 2003 τῆς
3346 1934 3643 2004 πρεσϐείας
3676 1935 3705 1985 ὁ

2123 2030 2506 2096 Φιλαδελφείας
2538 2030 2843 2096 Θεόληπτος
2865 2030 3000 2101 (78),
3025 2029 3163 2099 ἀνὴρ
3200 2030 3262 2081 ού
3295 2028 3455 2097 μόνον
3482 2028 3705 2095 ἀρεταῖς

2125 2122 2407 2185 παντοίαις
2437 2123 2813 2189 κοσμούμενος
2846 2124 2942 2174 καὶ
2989 2122 3171 2174 πᾶσαν
3199 2119 3329 2173 αίδῶ
3362 2121 3471 2181 τοῖς
3514 2122 3705 2185 ἐντυγ-

2125 2214 2354 2283 χάνουσι
2385 2215 2762 2282 προπέμπων.
2798 2213 2933 2267 ἀλλά
2961 2216 3058 2266 καὶ
3098 2213 3322 2283 βαθεῖα-ν
3354 2211 3565 2265 αὔλακα
3613 2211 3705 2263 διὰ

2126 2310 2324 2378 φρενδς
2353 2306 2764 2377 καρπούμενος.
2804 2303 3111 2373 ’Λπεστάλη
3154 2303 3212 2357 δὲ
3244 2303 3337 2356 καὶ
3363 2305 3395 2370 ἡ
3427 2301 3522 2355 τοῦ
3564 2303 3705 2369 Συρο

2127 2401 2322 2468 γιάννη
2351 2399 2561 2467 μήτηρ,
2588 2398 2990 2465 δυσωπήσουσα
3017 2397 3110 2449 τὸν
3143 2397 3261 2448 υἱὸν
3298 2395 3534 2465 μάλιστα
3570 2394 3706 2447 πάν-

2129 2508 2266 2554 των,
2294 2490 2390 2543 καὶ
2418 2489 2685 2541 πείσουσα
2721 2489 2794 2559 μὴ
2824 2489 2988 2553 ὁμόσε
3024 2488 3222 2557 χωρεζν
3259 2487 3316 2547 ἐς
3338 2485 3406 2537 τὰ
3433 2483 3585 2552 τείχη
3609 2484 3704 2550 τῆς

2129 2580 2525 2653 βασιλευούσης
2548 2596 2562 2610 ·
2608 2578 2946 2632 κινδυνεύειν
2971 2577 3077 2649 γὰρ
3129 2577 3197 2631 ἂν
3223 2577 3367 2629 οὕτω
3411 2575 3704 2628 στασιάσαι

2126 2673 2249 2727 κατ’
2279 2670 2527 2742 ἀλλήλων
2554 2672 2682 2733 τοὺς
2704 2669 3086 2732 ’Βυζαντίους.
3108 2669 3203 2721 καὶ
3246 2667 3508 2737 μεγίστην
3551 2665 3705 2734 γενέ-

2129 2768 2257 2820 σθαι
2282 2765 2490 2835 φθορὰν
2528 2765 2745 2818 πάντων
2792 2762 2931 2832 ὁμοῦ
2990 2761 3314 2831 χρημάτων,
3368 2758 3577 2817 οἰκιῶν,
3612 2757 3706 2808 ἀν-

2125 2858 2289 2930 δρῶν,
2309 2856 2603 2926 γυναικῶν,
2629 2856 2929 2927 ἀρχόντων,
2948 2854 3289 2924 ἀρχομένων,
3313 2847 3389 2905 ὧν
3409 2852 3507 2921 τὴν
3525 2849 3703 2903 αἰτίαν

2128 2954 2158 3005 ὁ
2185 2951 2573 3021 καρπούμενος
2607 2950 2710 3002 οὐκ
2742 2945 2840 3002 οἶδ’
2862 2949 3009 3012 ὅπως
3039 2949 3100 3001 ού
3134 2946 3562 3014 δυσσυνειδήτως
3588 2944 3706 2996 διὰ.

2129 3042 2209 3106 ξει
2240 3041 2332 3094 τὸν
2364 3040 2589 3094 ἅπαντα
2639 3037 2785 3109 βίονο
2820 3036 2936 3091 ἀλλ’
2984 3038 3276 3090 ἐπανιόντα
3325 3035 3521 3104 μικρὸν
3557 3032 3703 3085 οὕτω

2129 3134 2420 3206 πόρρωθεν
2466 3131 2743 3186 ποιεῖσθαι
2783 3129 2912 3193 τοὺς
2958 3129 3155 3195 λόγους
3202 3127 3298 3181 καὶ
3348 3126 3704 3194 αὑθαιρέτους

2128 3228 2237 3282 τῶν
2287 3225 2624 3297 ζητημάτων
2663 3225 2764 3287 τὰς
2803 3224 3192 3301 καταστάσεις.
3217 3221 3287 3273 Ὀ
3331 3236 3390 3286 τε
3426 3219 3534 3287 μὴν
3568 3217 3706 3283 Συρ-

2128 3316 2353 3386 γιάννης
2388 3352 2403 3375 ,
2435 3312 2702 3374 αἰδεσθεὶς
2736 3311 2837 3380 μὲν
2891 3312 2989 3365 καὶ
3035 3310 3135 3380 τὴν
3164 3305 3262 3362 τοῦ
3313 3305 3703 3373 Φιλαδελφείας

2067 3444 2077 3460 .
2130 3407 2460 3477 παρουσίαν,
2495 3403 2895 3464 κατακλασθεὶς
2932 3402 2990 3455 δέ
3040 3417 3158 3459 πως
3186 3400 3284 3454 καὶ
3311 3401 3432 3461 ταῖς
3463 3400 3560 3466 τῆς
3597 3417 3705 3466 μη-

2129 3500 2257 3570 τρδς
2286 3498 2542 3561 ίκεσῖαις,
2570 3496 2820 3549 ἐπάνεισι
2844 3494 2980 3564 πρὸς
2998 3492 3332 3565 τὸνβασιλέα
3362 3491 3709 3559 διατρίόοντα

2132 3592 2260 3662 περὶ
2306 3589 2403 3658 τὴν
2441 3586 2782 3659 Ὀρεστιάδα.
2827 3585 3064 3640 Κάκεῑσε
3115 3584 3298 3638 τοίνυν
3329 3585 3397 3646 ζαί
3434 3583 3572 3651 πρὸς
3609 3580 3705 3634 τοῦ

2132 3681 2368 3752 γηραιοῦ
2423 3680 2687 3750 βασιλέως
2719 3678 3034 3748 ἐπέμποντο
3076 3676 3390 3747 πρεσϐεῖαι,
3451 3673 3707 3726 κάκεῖθεν

2131 3777 2194 3830 τὸ
2227 3774 2391 3842 κῦρος
2421 3775 2477 3827 αἱ
2515 3773 2624 3827 τῶν
2656 3771 2993 3843 ζητημάτων
3020 3772 3269 3840 ἐδέχοντο
3296 3769 3533 3839 κρίσεις.

2205 3947 2280 4005 Θ’.
2301 3947 2465 4012 Τέλος
2489 3946 2753 4019 κυροῦται
2777 3946 2909 4018 παρ’
2933 3947 3264 4019 ἀμφοτέρων
3286 3947 3394 4001 τῶν
3418 3944 3707 4014 βασιλέων,

2133 4037 2354 4107 τὸνμὲν
2384 4038 2502 4089 νέον
2529 4037 2778 4106 κατέχειν
2812 4037 3291 4106 αὐτοκρατορικῶς
3323 4037 3423 4105 τῆς
3456 4037 3706 4105 Θρᾴκης.

2135 4131 2258 4184 ὅσον
2289 4129 2350 4182 τὸ
2371 4129 2479 4184 ἀπὸ
2500 4129 2543 4180 Χ
2551 4130 2955 4195 ριστουπόλεως
2983 4131 3111 4198 ἄχρι
3132 4128 3241 4183 τῶν
3268 4146 3332 4181 πε
3342 4131 3395 4198 pl.
3419 4128 3480 4181 τὸ
3494 4128 3712 4197 Ῥήγιον

2136 4221 2446 4292 προαυλίων
2470 4222 2564 4275 καὶ
2580 4222 2921 4291 προαστείων
2946 4225 3039 4290 τῆς
3064 4218 3711 4283 Κωνσταντινουπόλεως,

456 4320 683 4390 mulque
714 4333 779 4374 ea
821 4316 1047 4386 praedia,
1081 4330 1204 4387 quae
1248 4330 1361 4371 suae
1408 4315 1634 4370 factioni
1678 4315 2028 4385 ‘assignassel

2137 4318 2233 4370 mi.
2265 4314 2382 4384 ἅμα
2409 4316 2476 4368 τὰ
2506 4307 2634 4385 παρ’⁵
2654 4314 2817 4369 αὐτοῦ
2860 4316 2973 4379 τοῖς
3001 4317 3132 4385 περὶ
3159 4314 3321 4368 αὐτὸν
3359 4313 3717 4383 διανεμηθέν-

457 4413 518 4468 in
559 4408 921 4474 MacedOnia;
976 4421 1099 4477 quae
1139 4416 1197 4461 et
1249 4406 1419 4461 multa
1469 4412 1647 4469 erant,
1695 4414 1750 4458 et
1803 4400 2034 4473 singulis

455 4499 633 4556 multa
682 4499 854 4553 millia
899 4496 1196 4567 quotannis
1241 4493 1554 4565 pendebant
1591 4509 1604 4546 :
1654 4494 1843 4547 senior
1898 4506 2032 4546 vero

454 4607 583 4646 cum
636 4578 1194 4658 ConstantinOpolin,
1238 4594 1352 4641 tum
1400 4586 1568 4639 urbes
1615 4592 1673 4639 et
1722 4583 2033 4656 provincias

455 4698 651 4739 omnes
692 4680 1075 4738 Macedonicas
1127 4677 1273 4732 ultra
1321 4675 1693 4746 Christopolin
1743 4677 1914 4731 sitas:
1962 4677 2030 4730 ad

455 4777 577 4832 haec
621 4774 921 4845 legationes
952 4770 1314 4825 ﬁnitimarum
1351 4770 1595 4839 gentium
1631 4768 1850 4824 audiret
1882 4778 1936 4823 et
1968 4769 2035 4825 iis

456 4881 649 4923 curam
675 4864 1096 4920 convenientem
1135 4858 1478 4931 impenderet
1504 4878 1517 4914 :
1547 4861 1691 4932 quod
1726 4876 1805 4916 eae
1833 4861 2039 4916 sollici-

461 4956 685 5012 tudines
712 4955 918 5027 juniori
952 4953 1177 5008 minime
1202 4952 1356 5008 Cordi
1399 4961 1607 5018 essent,
1638 4952 1724 5007 cui
1758 4952 1824 5007 ad
1868 4952 2033 5007 vitam

462 5048 696 5104 otiosam
723 5054 781 5101 et.
806 5045 874 5101 ad
904 5044 1228 5100 venationes
1254 5057 1448 5099 natura
1483 5058 1756 5114 propenso
1783 5051 1837 5098 et
1867 5045 2036 5099 rebus

459 5139 734 5213 ejusmodi
761 5148 1049 5209 occupato,
1075 5138 1461 5208 gravissimum
1492 5151 1634 5191 onus
1662 5137 1794 5192 illud
1820 5146 1878 5192 et
1919 5137 2035 5190 ina-

454 5234 545 5289 nis
576 5231 825 5287 molestia
856 5247 980 5287 esse
1033 5231 1339 5287 videretur.
1366 5228 1462 5284 llis
1491 5229 1908 5285 conditionibus
1934 5226 2035 5285 fte-

458 5326 565 5380 dus
585 5324 777 5391 initur,
795 5305 959 5396 quale
978 5322 1166 5394 junior
1190 5324 1512 5393 imperator,
1533 5338 1640 5376 non
1665 5298 2033 5391 quale'seiiior

2138 4428 2205 4463 τα
2262 4409 2372 4462 τῶν
2418 4412 2517 4478 τῆς
2557 4407 2898 4470 Μακεδονίας
2932 4409 3151 4477 χωρίων
3174 4422 3188 4435 ·
3225 4402 3364 4476 ἦσαν
3407 4406 3513 4475 γὰρ
3539 4403 3714 4456 ταῦτα

2140 4500 2311 4557 πολλά
2343 4501 2435 4554 καὶ
2474 4503 2530 4564 ἐς
2570 4500 2776 4563 πολλὰς
2808 4498 3052 4568 χιλιάδας
3102 4499 3317 4568 ἑκάστῳ
3341 4498 3441 4568 τὴν
3467 4497 3713 4550 ἐπέτειον

2142 4594 2486 4663 ἀναφέροντα
2527 4594 2790 4664 πρόσοδον
2816 4607 2830 4621 '
2860 4592 2952 4644 τὸν
2978 4591 3037 4645 δὲ
3066 4590 3318 4661 γηραιὸν,
3352 4593 3453 4660 τήν
3481 4605 3538 4642 τε
3567 4590 3721 4641 Κων-

2145 4683 2588 4738 σταντινούπολιν
2618 4686 2712 4738 καὶ
2733 4684 2833 4749 τὰς
2859 4668 2959 4737 ἐπέ
2971 4702 3119 4736 κεινα
3143 4681 3242 4752 τῆς
3266 4682 3719 4752 Χριστουπόλεως

2141 4777 2339 4840 λοιπὰς
2391 4776 2769 4841 Μακεδονικὰς
2807 4776 2991 4846 χώρας
3026 4777 3120 4828 καὶ
3169 4768 3352 4837 πόλεις
3375 4785 3392 4806 ι
3428 4775 3526 4826 καὶ
3579 4773 3717 4842 πρὸς

2143 4869 2358 4933 τούτοις
2389 4868 2642 4939 δέχεσθαί
2672 4886 2731 4921 τε
2781 4868 2877 4923 καὶ
2913 4868 3272 4939 διοικονομεῖν
3310 4867 3405 4920 καὶ
3451 4867 3553 4928 τὰς
3582 4864 3718 4933 πρὸς

2139 4962 2250 5015 τῶν
2279 4959 2627 5015 κυκλούντων
2674 4961 2845 5015 ἐθνῶν
2891 4960 3210 5029 πρεσϐείας.
3243 4957 3395 5025 Μηδὲ
3438 4960 3545 5027 γὰρ
3580 4955 3720 5025 πρὸς

2141 5047 2415 5122 θελήσεως
2444 5046 2585 5101 εἶναι
2636 5048 2713 5116 τῷ
2744 5049 2849 5119 νέῳ
2883 5049 3139 5110 τοιαύτας
3191 5048 3501 5116 φροντίδας.
3540 5044 3721 5112 ’Δνδρὶ

2132 5140 2241 5210 γὰρ
2263 5140 2327 5191 ὲκ
2353 5138 2565 5207 φύσεως
2589 5139 2875 5209 ὡρμηκότι
2906 5138 3042 5207 πρὸς
3075 5138 3257 5190 ἄνεσιν
3292 5137 3385 5189 καὶ
3409 5134 3711 5205 κυνηγέσια

2132 5230 2229 5285 καὶ
2253 5231 2510 5300 ἀσχολίας
2526 5231 2780 5295 τοιαύτας
2802 5230 2998 5302 φόρτον
3022 5231 3168 5298 τάπίε
3190 5230 3415 5284 τοιαίτα
3433 5228 3720 5297 φαίνεσθαι

2132 5326 2272 5378 πάνυ
2330 5325 2632 5397 βαρύτατον
2691 5323 2785 5377 καὶ
2819 5324 3045 5395 μάταιον
3095 5325 3278 5394 ἄχθος.
3309 5322 3394 5395 [Ρ.
3422 5320 3548 5394 198]
3587 5321 3711 5376 Ἐπὶ

1777 5439 2106 5503 Variorum
2151 5449 2339 5503 noue.

536 5563 650 5630 (78)
698 5563 897 5634 Cujus
935 5579 1042 5617 non
1113 5565 1280 5618 semel
1345 5562 1595 5618 meminit
1657 5563 2039 5634 Pachymeres.

456 5632 698 5689 DUCANG.
725 5632 907 5714 _-*_._'0
949 5634 1387 5714 Φιλαδελφείας
1420 5634 1781 5714 ρεόέηπτος.
1809 5632 1894 5688 De
1931 5649 2042 5714 quo

459 5718 625 5785 supra
671 5704 885 5785 aduliln
915 5720 1012 5785 vn,
1057 5705 1281 5785 eam}.
1330 5721 1385 5785 ιι.
1427 5704 1701 5785 5._li_1§sta_t
1752 5707 1804 5758 in
1851 5705 2041 5785 codice

455 5770 708 5828 Caesareo
741 5770 1152 5829 deobonensi
1188 5773 1450 5847 Tltcolog.
1490 5773 1611 5839 174,
1649 5774 2037 5846 Παραινετικὸς

2140 5565 2207 5633 τῇ
2260 5563 2588 5635 βασιλίσσῃ,
2640 5562 2700 5635 ἐξ
2752 5561 3103 5635 αὐτοσχεδίου
3146 5561 3576 5635 συντεθειμένος
3621 5562 3714 5616 ἐπὶ

2138 5620 2365 5708 τέλευτῇ
2392 5634 2491 5708 τού,
2519 5620 2905 5708 ςὶἷξλαδελφείας
2923 5620 3106 5708 ’κυρού
3132 5620 3466 5708 Θεολήπτου,
3495 5620 3721 5708 auctore

2137 5703 2401 5776 Gregorii.
2434 5703 2571 5776 Vide
2596 5704 2832 5776 Iudicem
2863 5703 3265 5776 Opusculormn
3309 5704 3566 5773 Gregora:
3597 5705 3725 5757 rbe-

2142 5774 2469 5851 toricorutn,
2501 5775 2663 5830 initio
2689 5774 2855 5844 hujus
2888 5776 3199 5829 voluminis.
3232 5775 3439 5829 limvm.
