4088 6478
434 412 557 486 '503
700 417 776 492 [Α.
819 439 854 476 ιι
919 424 1054 477 6791
1098 440 1163 477 λυ
1204 424 1367 496 68561

1653 433 1695 488 Ν
1708 434 1775 490 1C
1787 433 1897 490 ΕΜ
1914 435 1981 491 ii)
1995 437 2036 491 i‘.
2053 437 2064 490 l
2112 435 2156 492 Ο
2170 436 2494 497 REGUKE

2800 433 2933 505 [ιιιρ.
2979 446 3261 486 Ακοιιοαιο.
3303 444 3397 484 seu
3432 429 3448 500 ]
3592 432 3697 496 εαι

451 548 506 592 et
546 537 701 592 Nilus
732 530 901 607 aquas
934 555 1062 593 suas
1103 540 1337 595 Μωυιίἀί
1371 548 1760 600 connnnnicet.
1798 548 1851 602 Si
1895 549 2019 615 quis

2135 550 2284 602 τοῦτο
2308 551 2509 619 δρόμον
2537 553 2864 621 ποιούμενος
2899 550 3191 619 ὑπερόριον
3217 550 3440 618 ἐπιρρεῖ
3471 550 3536 618 τῇ
3581 548 3700 602 Ἓλ-

450 645 582 682 vero
623 630 758 683 adeo
797 642 957 684 tenax
996 632 1180 693 fuerit.
1214 645 1273 688 ut
1306 635 1443 689 bona
1478 637 1734 693 distribui
1783 640 1937 695 nolit.
1973 640 2020 693 ei

451 720 755 774 cavendum
783 724 908 786 erit,
944 738 1011 776 ne
1040 724 1212 792 legem
1248 742 1345 794 per
1368 728 1554 782 orbem
1591 740 1856 783 terrarum
1887 731 2025 784 ferat

450 814 632 867 tltllllls
679 814 1050 881 improbitatis
1098 826 1414 882 auctorem,
1458 830 1509 871 et
1543 836 1735 874 omnes
1772 836 2024 888 congres-

449 918 564 965 sus,
591 904 772 957 omnia
805 907 1133 961 commercia
1161 908 1413 964 funditus
1444 911 1614 972 tollat.
1647 932 1709 965 ae
1738 914 2023 967 manifesta

451 995 649 1066 injuria
681 997 879 1052 alliciat
905 1015 1022 1063 eos,
1067 1011 1288 1069 propter
1317 1019 1456 1071 quos
1478 1019 1541 1058 ea
1582 1005 1719 1059 bona
1751 1022 1779 1058 a
1818 1014 2053 1071 naturae1

453 1098 679 1141 auctore
719 1092 1012 1158 acceperit.
1047 1092 1236 1161 Neque
1269 1094 1414 1147 enim
1446 1095 1741 1150 obscurum
1768 1099 2023 1165 cuiquam

449 1194 571 1233 esse
609 1190 808 1247 potest,
845 1181 1054 1235 nullum
1112 1198 1141 1237 a
1190 1184 1374 1237 divina
1430 1187 1768 1252 providentia
1821 1187 2022 1240 bonum

448 1270 704 1338 cuiquam
749 1274 1085 1342 contingere,
1123 1286 1179 1325 nt
1225 1276 1376 1330 solus
1407 1292 1474 1330 eo
1510 1277 1766 1341 fruatur,
1824 1290 1883 1332 ut
1924 1293 2026 1332 nec

451 1364 631 1417 lucem
675 1364 802 1426 soli.
850 1375 910 1418 ut
945 1366 1051 1419 sibi
1087 1366 1188 1420 soli
1237 1368 1437 1421 luceat.
1474 1369 1629 1435 Quod
1660 1370 1703 1424 si
1751 1386 1835 1424 res
1865 1379 2028 1423 aeter-

452 1472 580 1507 num
614 1456 841 1511 victurae
871 1458 1176 1529 eodemque
1220 1468 1362 1515 statu
1416 1476 1790 1530 permansura:
1818 1472 2025 1525 eSsent,

450 1557 643 1615 posset
689 1546 917 1602 forsitan
972 1550 1170 1618 aliquis
1204 1552 1685 1622 qualibuseunque
1745 1554 1813 1608 de
1846 1554 2029 1608 causis

452 1638 1006 1693 connnunicationem
1043 1642 1266 1697 virtutis
1298 1643 1545 1699 cludere.
1576 1645 1715 1698 Cum
1755 1654 1939 1699 autem
1975 1647 2025 1698 id

452 1731 602 1786 nulla
635 1732 846 1787 ratione
875 1732 989 1787 ﬁeri
1024 1746 1212 1802 queat,
1243 1737 1491 1791 nonnulli
1524 1737 1763 1791 artiﬁcio
1789 1738 2026 1806 quodam

452 1822 922 1878 immortalitatem
950 1835 1348 1888 eonsectantes.
1365 1844 1542 1897 neque
1564 1829 1861 1899 quidquam
1884 1831 2027 1883 unde

452 1914 623 1981 pluria
672 1916 899 1970 exsistat
925 1920 1444 1986 praetermittentes.
1500 1936 1719 1976 omnem
1782 1921 2026 1976 laborem

456 2009 606 2062 uler
635 2022 923 2076 ceperunt.
956 2008 1035 2065 Ae
1076 2028 1144 2065 ne
1190 2012 1408 2082 longius
1446 2016 1657 2076 abeam,
1693 2014 2029 2085 Pythagoras

452 2115 578 2151 cum
630 2097 1007 2169 Egyptiorum
1043 2105 1385 2172 sapientibus
1416 2093 1764 2173 congressus.
1805 2120 2027 2158 eorum-

452 2207 561 2258 que
589 2193 759 2245 sacris
786 2192 1064 2257 initiatus,
1101 2197 1155 2247 in
1188 2195 1394 2250 Graecia
1430 2196 1641 2249 laudari
1674 2196 2025 2263 concupivit:

451 2297 631 2351 eaque
655 2281 820 2355 324
855 2285 1163 2353 cupiditate
1217 2286 1487 2352 impulsus
1529 2288 1582 2342 in
1619 2302 1738 2341 eam
1772 2287 2027 2357 trajecit:

447 2376 766 2443 virtutequ
796 2392 893 2429 sua
925 2392 1021 2444 per
1057 2388 1227 2432 totam
1274 2378 1541 2432 Graaciam
1576 2380 1789 2448 vulgata
1829 2394 2028 2433 nomen

450 2475 719 2521 aalcrnum
756 2481 839 2522 est
877 2481 1226 2525 consecutus.
1257 2471 1536 2524 Estetiam
1578 2472 1672 2540 qui
1716 2469 2029 2539 Delphicam

450 2559 669 2613 laurum
695 2572 750 2615 et
773 2559 1116 2629 Olympicum
1153 2563 1455 2617 oleastrum
1492 2579 1557 2617 ex
1591 2564 1714 2618 Asia
1750 2564 2031 2632 profectus

451 2658 606 2720 petat
635 2669 647 2705 :
678 2666 786 2705 non
819 2652 1068 2721 ignarus,
1103 2654 1462 2709 marcescenti
1500 2653 1576 2709 illi
1606 2654 1822 2708 corollae
1852 2655 2032 2707 inesse

452 2741 707 2808 gloriam,
744 2759 864 2824 qua:
890 2760 998 2799 non
1026 2755 1332 2802 marcescat
1360 2755 1416 2801 et
1445 2757 1792 2816 posterorum
1823 2760 2033 2799 niemo-

451 2834 592 2887 riam
642 2834 813 2903 magis
857 2837 1083 2902 excitet,
1131 2854 1295 2906 quam
1350 2841 1534 2892 omnia
1585 2840 1727 2893 Asia:
1774 2851 1926 2907 prata
1977 2848 2035 2892 et

448 2922 635 2979 fontes
669 2936 725 2978 et
759 2925 870 2981 luci
898 2927 1285 2982 tincturarum.
1316 2928 1382 2983 Hi
1420 2929 1586 2987 lgillll‘
1607 2939 1663 2982 et
1690 2928 1778 2982 alii
1807 2927 2031 2997 plurimi

453 3018 659 3071 horum
703 3018 916 3073 similes
966 3020 1137 3073 variis
1198 3020 1508 3074 rationibus
1556 3022 1641 3075 sui
1712 3021 2032 3074 nu-nmriam

461 3109 682 3164 tradere
715 3113 953 3179 posteris
982 3121 1303 3180 potuerunt.
1334 3112 1493 3166 Nunc
1520 3129 1672 3174 vero,
1706 3129 1774 3167 ne
1814 3115 2031 3183 longum

2125 642 2263 705 λάδι,
2305 643 2399 695 καὶ
2433 643 2640 708 Ἴστρος
2670 642 2756 695 ἐπ’
2782 640 3311 711 Δίγυπτονέρχεται,
3329 642 3422 693 καὶ
3436 641 3703 695 Μαιώτιδι

2128 734 2320 796 Νεῖλος
2353 732 2629 787 κοινοῦται
2661 735 2722 786 τὸ
2756 733 2953 805 ῥεῦμα.
2991 733 3053 786 Εἰ
3082 733 3137 785 δέ
3171 749 3255 794 τις
3282 731 3460 801 φειδοῖ
3484 731 3705 801 χρώμε-

2128 846 2218 888 νος
2253 831 2326 895 μὴ
2380 828 2668 896 διαδόσιμα
2702 826 2947 896 βούλοιτο
2989 825 3273 892 γίγνεσθαι
3323 825 3392 877 τὰ
3432 824 3591 885 καλὰ,
3627 825 3705 892 μὴ

2127 920 2221 970 καὶ
2248 918 2384 987 λάθῃ
2415 921 2578 987 νόμον
2605 911 2761 975 οὗτος
2790 916 2876 970 διὰ
2901 915 3084 982 πάσης
3114 916 3345 983 γράφων
3369 915 3472 982 γῆς
3501 916 3703 975 κακίας

2128 1012 2441 1081 ἀρχηγέτην
2470 1011 2562 1064 καὶ
2594 1013 2650 1074 ἐς
2671 1009 2969 1071 νυκτὸς,ῐν’
2998 1008 3159 1062 εἴπω.
3180 1006 3431 1075 βάραθρα.
3461 1006 3553 1058 καὶ
3578 1023 3707 1056 σκο-

2127 1104 2336 1165 τεινοὺς
2374 1101 2621 1164 όλίσθους
2671 1103 2769 1171 ὅλῃ
2807 1101 2954 1171 ῥύμῃ
2989 1099 3242 1164 summa,
3277 1102 3403 1157 τοὺς
3438 1099 3539 1165 τῆς
3579 1100 3701 1148 ἑπι-

2131 1195 2314 1264 μιξίας
2344 1196 2537 1261 λόγους
2570 1195 2661 1248 καὶ
2686 1193 3003 1264 περιφανῶς
3032 1191 3259 1254 ἀδικῶν,
3293 1189 3359 1242 δι’
3391 1188 3483 1251 οὒς
3509 1189 3704 1254 ἐκείνῳ

2126 1286 2271 1341 τοῦτ’
2306 1283 2604 1357 ἐχαρίσατο
2629 1285 2864 1353 τάγαθὸν
2892 1286 2920 1337 ὁ
2954 1285 3053 1350 τῆς
3094 1281 3311 1360 φύσεωσς
3341 1280 3701 1348 δημιουργός.

2131 1378 2367 1448 Εὔδηλον
2413 1382 2523 1446 γὰρ
2571 1379 2746 1447 δήπου
2786 1378 2897 1438 τοῖς
2927 1374 3092 1437 ὅλοις,
3136 1375 3302 1443 μηδὲν
3334 1372 3523 1441 μηδενὶ
3556 1373 3709 1440 παρὰ

2127 1470 2227 1536 τῆς
2271 1470 2533 1540 Προνοίας
2562 1467 2768 1534 ἀγαθὸν
2800 1465 3241 1535 παραγίγνεσθαι
3275 1463 3345 1515 δι’
3376 1460 3473 1514 ⁴ἐνα
3494 1461 3558 1527 γέ
3583 1477 3708 1513 τινα

2129 1562 2220 1615 τὸν
2250 1560 2511 1628 εἰληφότα
2531 1576 2546 1591 ο
2575 1558 2651 1620 ὡς
2698 1559 2805 1625 ἄρα
2846 1557 2957 1610 οὐδ’
2999 1556 3131 1624 ἡλίῳ
3161 1555 3222 1606 τὸ
3253 1553 3391 1622 φῶς,
3442 1550 3511 1604 ἶν’
3546 1544 3709 1611 αύτδς

2131 1652 2398 1706 ἀπολαύοι
2438 1651 2623 1711 μόνος.
2662 1649 2727 1702 Εἰ
2754 1648 2799 1700 δ’
2830 1648 3071 1701 ἀθάνατα
3096 1645 3287 1713 ἔμελλε
3319 1642 3611 1711 βιώσεσθαι
3641 1641 3709 1691 τὰ

2130 1746 2435 1814 πράγματα
2491 1744 2630 1795 κάπὶ
2657 1743 2757 1810 τῆς
2791 1741 2959 1806 αὐτῆς
3012 1739 3261 1806 ὲπήξειν
3295 1735 3558 1803 κρηπῖδος
3596 1734 3707 1789 ἀεὶ,

2132 1832 2279 1902 εἶχεν
2315 1832 2381 1886 άν
2408 1849 2491 1892 τις
2525 1831 2653 1893 ἴσως
2684 1831 2822 1893 οἵαις
2852 1830 2913 1896 δή
2946 1846 3090 1880 τισιν
3130 1828 3331 1887 αἰτίας
3366 1825 3461 1892 τῆς
3508 1822 3709 1892 ἀρετῆς

2135 1922 2586 1994 παρακρούεσθαι
2634 1924 2735 1989 τὴν
2794 1920 3049 1973 διάδοσιν.
3100 1918 3264 1971 Ἀλλά
3317 1915 3412 1968 νῦν
3451 1916 3567 1965 ἐστι
3600 1911 3710 1965 τῶν

2130 2015 2432 2085 ἀμηχάνων
2465 2013 2643 2079 πάντη
2692 2010 2869 2063 τουτί.
2920 2007 3104 2077 Ταύτῃ
3140 2024 3225 2059 τοι
3272 2005 3367 2057 καὶ
3403 2001 3709 2055 ἀθανασίαν

2131 2101 2592 2174 ἀντιτεχνώμενοί
2637 2118 2784 2163 τινες
2831 2100 2928 2154 καὶ
2982 2099 3139 2161 κλέος
3175 2096 3481 2167 ἀπέραντόν
3525 2109 3710 2161 σφισιν

2131 2197 2313 2258 αὐτοῖς
2342 2194 2725 2264 προμνώμενοι
2760 2193 2871 2247 πᾶν
2918 2192 2946 2244 ὃ
2978 2207 3032 2243 τι
3090 2191 3285 2250 κλέους
3326 2190 3342 2209 ’
3371 2185 3580 2240 ὀστιοῦν
3609 2185 3711 2253 ἁρ-

2133 2290 2235 2357 χὴν
2259 2286 2427 2357 εἰδείη
2455 2284 2769 2355 γίγνεσθαι,
2795 2284 2933 2354 πρὸς
2956 2282 3101 2337 τοῦτ’
3133 2281 3458 2350 αὐθαίρετος
3484 2278 3709 2347 παρείη.

2132 2388 2172 2438 Κ
2188 2389 2243 2438 αὶ
2287 2384 2613 2453 Πυθαγόρας
2654 2384 2753 2451 μὲν
2780 2380 2983 2434 αὐτίκα
3007 2382 3120 2441 τοῖς
3144 2380 3203 2430 ὲν
3232 2376 3503 2445 Αἰγύπτῳ
3528 2375 3713 2441 σοφοῖς

2137 2475 2432 2545 ξυμϐαλὼν
2468 2477 2557 2528 καὶ
2586 2475 2951 2543 ξυνοργιάσας
2995 2470 3327 2539 Ἑλληνικῶν
3361 2466 3711 2535 ἐπεθύμησεν

2137 2570 2437 2638 ἐγκωμίων
2463 2585 2475 2599 ·
2512 2570 2738 2622 κάκεῖσε
2773 2566 2837 2635 δὴ
2861 2564 3110 2634 κωμάζει
3134 2563 3444 2622 διαπόντιος
3476 2556 3713 2627 ἐραστὴς

2134 2664 2228 2713 καί
2265 2659 2366 2728 τὴν
2425 2659 2631 2728 ἀρετὴν
2685 2658 2774 2709 διὰ
2825 2659 3006 2720 πάσης
3051 2652 3419 2723 δημοσιεύσας
3462 2648 3711 2707 Ἑλλάδος

2137 2754 2334 2821 μεστὸν
2363 2748 2560 2803 ἑαυτοῦ
2585 2750 2675 2802 τὸν
2701 2748 2900 2819 ἐφεξῆς
2930 2747 3114 2799 ἔλιπεν
3140 2744 3332 2799 αἰῶνα.
3366 2744 3509 2812 Ἤδη
3538 2741 3597 2794 δέ
3627 2754 3714 2801 τις

2136 2847 2228 2896 καί
2258 2843 2393 2911 πρὸς
2428 2841 2528 2911 τὴν
2559 2844 2615 2893 ἐν
2649 2840 2816 2893 Πυθοῖ
2846 2839 3057 2909 δάφνην
3086 2838 3188 2889 καὶ
3228 2838 3366 2906 πρὸς
3404 2839 3496 2886 τὸν
3526 2836 3581 2884 ὲν
3627 2833 3716 2883 Ὀ-

2127 2938 2349 3003 λυμπίᾳ
2399 2934 2612 2986 κότινον
2664 2932 2724 2995 ὲξ
2765 2931 2955 2990 Ἀσίας
3002 2931 3265 2999 ὁρμᾶται.
3296 2926 3451 2996 ᾜδει
3499 2924 3609 2993 γάρ
3640 2922 3714 2982 ὡς

2138 3029 2314 3081 ἔνεστι
2357 3026 2434 3097 τῷ
2466 3024 2854 3095 μαραινομένῳ
2892 3022 3029 3092 τῷδε
3056 3018 3238 3087 θαλλῷ
3268 3017 3426 3077 κλέος
3457 3014 3713 3081 ἀμάραν-

2137 3138 2229 3174 τον
2253 3136 2268 3151 ⁸
2301 3118 2575 3173 καὶτοῦτο
2609 3116 2810 3186 μᾶλλον
2843 3114 3201 3182 ἀναζωπυρεῖ
3245 3109 3347 3178 τὴν
3381 3108 3518 3175 μετὰ
3543 3104 3715 3157 ταῦτα

458 3191 681 3266 faciam,
714 3201 948 3255 aliorum
987 3203 1221 3272 ingeniis
1255 3212 1442 3258 nostra
1474 3214 1606 3258 mtas
1630 3206 1914 3258 sterilibus
1947 3221 2032 3257 rc-

2143 3213 2394 3283 μνήμην,
2442 3210 2476 3281 ἢ
2528 3211 2731 3271 πάντες
2784 3208 2835 3260 οἰ
2871 3208 2969 3276 τῆς
3010 3206 3193 3265 Ἀσίας
3228 3201 3497 3271 λειμῶνες
3540 3197 3633 3250 καὶ
3658 3196 3714 3249 αἰ

454 3292 606 3357 lictis
650 3291 889 3348 elabitur
939 3305 994 3347 et
1050 3295 1316 3363 sapientia
1368 3295 1686 3350 destitutis:
1732 3313 1797 3350 ac
1841 3313 2028 3363 parum

454 3384 635 3450 abest,
673 3384 808 3454 quin
855 3377 1115 3441 belluinis
1141 3387 1342 3455 dicam,
1378 3398 1437 3442 ut.
1472 3398 1673 3442 ttuslrac
1722 3405 1811 3443 res
1838 3390 2032 3458 deplo-

455 3476 643 3531 randae
694 3492 817 3532 esse
871 3479 1182 3533 videantur.
1237 3481 1312 3536 Te
1360 3496 1493 3536 vero
1542 3484 1719 3536 solum
1786 3482 2029 3535 omnium

455 3582 773 3636 expressam
807 3577 1017 3624 natura
1047 3570 1335 3641 imaginem
1360 3584 1413 3625 et
1440 3572 1647 3642 optime
1683 3572 2028 3626 informatum

457 3658 585 3714 tulit
632 3666 766 3712 tetas
817 3668 1028 3723 nostra,
1064 3660 1210 3715 lunae
1250 3661 1393 3715 inter
1433 3660 1624 3716 stellas
1669 3658 1938 3723 similem,
1979 3671 2033 3711 et

453 3750 570 3821 igni
614 3751 670 3804 in
717 3748 916 3805 hiemis
959 3751 1162 3821 rigore.
1202 3753 1391 3821 Neque
1457 3767 1562 3807 nos
1608 3752 1748 3806 adeo
1795 3750 1921 3804 fana
1975 3763 2032 3804 et

452 3840 662 3897 naenia
695 3850 752 3897 et
776 3841 883 3896 luci
914 3852 969 3896 et
995 3840 1242 3911 porticus
1274 3857 1472 3896 ornare
1504 3849 1758 3910 possunt,
1794 3851 1854 3894 ut
1885 3853 1940 3893 tu
1975 3851 2033 3894 et

454 3946 570 3992 tua:
595 3937 818 3991 virtutis
841 3950 1092 3990 ornatus.
1128 3941 1205 3991 Ac
1242 3936 1541 4004 plurimum
1580 3934 1805 4004 quidem
1837 3944 1890 3988 te
1923 3933 2034 3987 rei~

456 4032 698 4104 publica:
749 4035 1015 4103 prodesse
1064 4031 1343 4086 fateantur
1396 4044 1623 4094 omnes;
1682 4029 1887 4098 quippe
1940 4027 2034 4096 qui

418 4140 427 4149 κ
457 4139 659 4195 magno
696 4123 1016 4194 imperatori
1051 4122 1105 4175 id
1138 4132 1378 4191 praestes,
1407 4120 1553 4190 quod
1586 4118 1939 4188 gubernatori
1973 4117 2032 4179 ii,

459 4217 556 4286 qui
580 4217 769 4288 polum
795 4224 849 4268 et
873 4214 1101 4270 Helicen
1128 4214 1442 4268 observant.
1459 4212 1565 4269 Sed
1592 4213 1722 4283 quid
1751 4211 2036 4267 dicamus?

459 4305 589 4363 Fuit
614 4317 672 4363 et
720 4304 944 4363 Phidias
989 4304 1135 4374 apud
1178 4304 1394 4359 Graecus
1442 4320 1670 4375 magnus
1714 4303 1787 4358 ob
1817 4303 1937 4371 apis
1979 4309 2036 4355 et

460 4399 666 4455 cicada:
706 4399 1046 4468 sculpturam
1081 4415 1095 4451 :
1132 4396 1228 4450 sed
1274 4411 1380 4449 non
1435 4405 1654 4463 tantus,
1688 4404 1927 4465 quantus
1967 4394 2036 4446 ob

460 4493 656 4546 Jovem
707 4490 1076 4560 Olympicum.
1111 4488 1382 4553 Praeterea
1416 4503 1539 4557 quae
1588 4488 1718 4543 inde
1759 4486 2038 4554 colligitur

2138 3306 2338 3375 κρῆναι
2368 3305 2464 3357 καὶ
2495 3305 2527 3372 ἡ
2569 3299 2890 3369 παντοδαπὴ
2916 3298 3025 3351 τῶν
3058 3298 3176 3351 ἐκεῖ
3223 3294 3508 3362 φυομένων
3544 3291 3711 3361 βαφή.

2138 3397 2364 3461 Τούτοις
2406 3397 2471 3464 δὴ
2517 3392 2612 3450 οὖν
2644 3396 2741 3447 καὶ
2772 3393 3052 3454 πλείστοις
3091 3390 3275 3451 ἄλλοις
3323 3388 3411 3440 διὰ
3460 3384 3714 3451 ποικίλης

2136 3488 2354 3543 ἐλθοῦσι
2383 3487 2782 3559 παραπλησίαν
2810 3485 2888 3555 τῷ
2913 3484 3109 3555 ἐφεξῆς
3132 3479 3476 3551 παραθέσθαι
3501 3477 3599 3547 βίῳ
3614 3475 3715 3543 τὴν

2140 3583 2364 3652 μνήμην
2392 3580 2692 3647 ἐξεγένετο.
2720 3576 2838 3630 Νὖν
2873 3578 2917 3630 δ’
2953 3576 3040 3629 ἵνα
3071 3574 3147 3644 μὴ
3179 3571 3443 3640 διατρίϐω
3472 3568 3579 3621 τῶν
3613 3565 3714 3634 μὲν

2137 3674 2313 3728 ἄλλων
2349 3673 2448 3745 τὴν
2481 3671 2645 3741 φύσιν
2677 3667 2935 3734 καθάπαξ
2984 3668 3162 3718 εἰπεῖν
3211 3665 3240 3717 ό
3293 3664 3361 3715 τά
3412 3660 3539 3713 καθ’
3565 3658 3713 3726 ἡμᾶς

2138 3768 2422 3832 ὲξελίττων
2484 3763 2624 3817 αἰὼν
2684 3762 2937 3830 ἄκαρπον
2999 3755 3286 3826 διαφεύγει
3334 3752 3714 3822 διαλιμπάνων

2137 3860 2347 3932 ἔρημόν
2373 3875 2434 3910 τε
2465 3856 2660 3924 σοφίας
2690 3854 2785 3908 καὶ
2836 3854 2897 3906 ού
2951 3847 3149 3904 πολλοῦ
3196 3847 3300 3901 δέω
3334 3845 3517 3912 λέγειν
3552 3840 3717 3932 μηλό-

2140 3931 2296 4005 ὕοτον
2317 3948 2430 4020 (80)
2454 3964 2468 3978 ’
2500 3947 2618 4001 οἵαν
2650 3946 2713 4014 δὴ
2744 3946 2838 3998 καὶ
2883 3943 2983 4012 τὴν
3013 3940 3121 3995 τῶν
3158 3939 3416 4009 Θηῦαίων
3467 3931 3718 3996 Ἀλέξαν-

2138 4044 2266 4112 δρον
2294 4041 2465 4095 πάλαι
2493 4037 2854 4104 πεποιηκέναι
2877 4032 3041 4104 φασίν
3063 4048 3080 4067 ο
3103 4032 3181 4095 ὡς
3204 4030 3407 4095 ἐξεῖναι
3431 4023 3716 4094 γίγνεσθαι

2140 4138 2209 4190 τὰ
2254 4132 2540 4202 καθ’-ἡμᾶς
2571 4130 2827 4181 ὑπόθεσιν
2851 4126 3050 4195 διαρκῆ
3093 4125 3203 4186 τοῖς
3226 4123 3285 4175 ὲν
3301 4122 3473 4190 σκηνῇ
3503 4134 3722 4187 τραγῳ-

2141 4227 2313 4282 δοῦσι.
2352 4217 2671 4284 Μόνονδέξ
2687 4218 2943 4273 ἁπάντων
2971 4217 3030 4267 σὲ
3061 4214 3363 4285 κρατίστην
3395 4212 3577 4264 εἰκόνα
3614 4206 3720 4275 φύ-

2142 4333 2279 4377 σεως
2300 4312 2607 4380 ἐξαπέφηνε
2626 4309 2893 4380 κράτιστα
2907 4309 2940 4376 ἡ
2949 4306 3288 4375 ρμοσμένην,
3309 4298 3533 4373 [P300]
3550 4293 3637 4351 οἷα
3656 4297 3720 4366 δὴ

2142 4407 2237 4459 καὶ
2261 4404 2492 4473 σελήνην
2528 4402 2587 4453 ὲν
2620 4399 2860 4468 ἀστράσι
2897 4398 2993 4450 καὶ
3022 4395 3176 4460 {timo
3187 4411 3279 4464 ρον
3308 4395 3367 4444 ἐν
3398 4389 3598 4461 κρυμῷ
3620 4392 3714 4442 καὶ

2144 4495 2397 4567 χειμῶνι.
2424 4495 2534 4546 Καὶ
2567 4493 2666 4561 οὐχ
2695 4490 2839 4544 οὕτω
2874 4488 3089 4542 τὰ“καθ’
3119 4487 3266 4556 ἡμᾶς
3314 4483 3422 4554 νεῲ
3450 4486 3545 4536 καὶ
3567 4483 3732 4550 ’τείχη¹

463 4582 696 4654 gloriola
723 4596 850 4635 cum
885 4580 999 4650 ipsa
1028 4578 1291 4633 memoria
1322 4589 1373 4641 et
1409 4594 1644 4648 corpore
1675 4578 1841 4632 citius
1874 4575 2032 4647 325

2146 4555 2388 4642 δύναιντ’
2426 4587 2494 4639 ἂν
2523 4555 2780 4655 καὶ-άλση
2812 4584 2909 4635 καὶ
2943 4582 3098 4633 στοαὶ
3130 4555 3377 4648 κοσμεῖν,
3410 4577 3443 4646 ἢ
3476 4577 3540 4629 σὺ
3571 4575 3663 4627 καὶ
3695 4577 3724 4626 ὁ

475 4674 687 4739 interit,
728 4687 891 4741 quam
930 4686 1184 4740 agrorum
1210 4670 1474 4740 gramina.
1504 4669 1600 4724 Sin
1629 4667 1917 4722 thesauros
1957 4667 2043 4720 in-

474 4767 620 4838 genii
647 4775 703 4821 et
734 4762 1063 4821 eruditionis
1093 4774 1195 4818 tua:
1221 4760 1525 4831 aperueris,
1557 4770 1942 4829 nomentuum
1974 4758 2044 4812 ab

473 4858 753 4914 oblivione
803 4854 1195 4920 vindicabitur,
1222 4856 1313 4924 qui
1347 4868 1458 4907 non
1496 4851 1771 4916 claudam,
1804 4861 1862 4903 ut
1888 4851 2040 4905 Plato

467 4955 566 5018 ait,
590 4953 755 5006 vitam
778 4950 1027 5021 exegeris
1055 4965 1070 5007 :
1093 4960 1148 5005 et
1173 4958 1228 5010 tu
1250 4948 1367 5018 ipse
1390 4946 1737 5017 potissimum
1762 4944 1839 4999 tui
1863 4961 2043 5014 praeco

396 5072 407 5082 ε
466 5050 525 5103 in
554 5044 735 5101 medio
763 5055 1035 5098 terrarum
1067 5041 1202 5096 orbe
1232 5039 1439 5104 stabis,
1472 5046 1530 5091 et
1560 5050 1670 5090 non
1704 5039 1869 5091 modo
1892 5035 2038 5118 longi

466 5138 734 5209 temporis
777 5135 920 5191 fama
956 5130 1348 5195 celebraberis,
1395 5130 1491 5185 sed
1541 5128 1837 5184 immortali
1874 5127 2038 5182 etiam

467 5232 751 5286 memoria:
776 5225 1273 5284 commendaberis.
1304 5227 1417 5294 Age
1446 5224 1628 5293 igitur,
1661 5237 1760 5292 age
1791 5220 1875 5275 vir
1904 5235 2044 5290 quos

468 5325 551 5380 sol
596 5304 842 5379 intueiur
873 5322 1120 5377 omnium
1168 5318 1534 5375 doctissime:
1582 5316 1799 5385 imperti
1853 5313 2044 5383 patriae

470 5424 796 5471 ornamenta
828 5413 1100 5477 tua,sicut
1130 5408 1366 5480 Lycurgi
1395 5418 1449 5463 et
1478 5406 1742 5461 Solones:
1776 5406 2042 5460 honorem

472 5509 618 5567 habe
640 5506 844 5566 celebri
871 5506 1003 5560 huic
1031 5502 1175 5573 urbi,
1209 5501 1677 5579 quemadmodum
1708 5499 1836 5554 olim
1874 5497 2046 5552 Athce

2148 4681 2247 4747 τῆς
2277 4678 2376 4746 σῆς
2409 4676 2611 4746 ἀρετῆς
2639 4676 2863 4741 κόσμος.
2908 4671 3018 4724 Καὶ
3053 4672 3195 4739 μέγα
3238 4669 3335 4738 μέν
3370 4670 3416 4719 τ’
3448 4667 3513 4720 ἂν
3535 4666 3724 4734 όφελος

2142 4763 2285 4823 εἷναί
2333 4784 2392 4818 σε
2427 4769 2540 4828 τοῖς
2567 4766 2767 4827 κοινοῖς
2801 4762 3199 4831 όμολογοίημεν
3229 4761 3491 4821 ἅπαντες,
3526 4758 3622 4810 ἅτε
3647 4757 3727 4824 τῷ

2146 4859 2371 4930 μεγάλῳ
2405 4856 2617 4927 βασιλεῖ
2652 4854 3065 4923 συναιρόμενον,
3103 4853 3203 4904 ὃσα
3235 4840 3328 4904 καὶ
3355 4850 3725 4917 κυϐερνήταις

2142 4954 2191 5005 οἱ
2220 4952 2311 5004 τὸν
2347 4950 2507 5002 πόλον
2541 4947 2636 5001 καὶ
2661 4948 2760 5013 τὴν
2799 4946 3017 5013 Ἑλίκην
3044 4940 3522 5010 διασκοπούμενοι.
3566 4938 3726 4991 Ἀλλά

2146 5046 2201 5096 τί
2241 5061 2322 5106 τις
2348 5043 2416 5096 ἂν
2465 5042 2598 5112 φαίη
2624 5059 2638 5107 ;
2666 5035 2775 5093 ἿΙν
2805 5040 2900 5092 καὶ
2938 5038 3149 5100 Φειδίας
3180 5039 3238 5091 ἐν
3268 5037 3496 5106 Ἕλλησι
3552 5035 3727 5103 μέγας

2127 5135 2213 5195 ,ἐκ
2248 5152 2308 5188 τε
2338 5136 2438 5203 τῆς
2473 5132 2750 5204 μελίττης,
2783 5130 2846 5184 ἐκ
2876 5149 2935 5184 τε
2987 5131 3081 5183 τοῦ
3125 5136 3371 5196 τέττιγος
3398 5143 3412 5158 ’
3460 5127 3578 5181 ἀλλ’
3628 5126 3725 5194 οὐχ

2140 5221 2250 5290 οἷος
2277 5228 2340 5279 ὲκ
2376 5225 2487 5293 τοῦ,
2516 5222 2850 5290 Ὀλυμπιάσι
2880 5223 3022 5283 Διός.
3068 5219 3192 5273 Ἔτι
3237 5218 3418 5271 τοίνυν
3446 5218 3538 5271 καὶ
3568 5219 3724 5270 τούν-

2138 5316 2329 5377 τεῦθεν
2392 5313 2547 5375 κλέος
2582 5313 2774 5364 θᾶττον
2802 5310 2835 5381 ἦ
2862 5314 2929 5362 τὰ
2963 5314 3020 5362 εν
3062 5309 3216 5378 ἁγρῴ
3243 5309 3490 5376 φυόμενα
3514 5307 3728 5377 διαρρεῖ

2143 5410 2278 5479 αὐτῇ
2313 5408 2500 5477 μνήμῃ
2530 5406 2621 5457 καὶ
2654 5403 2804 5473 αὐτῷ
2831 5401 3067 5472 σώματι.
3100 5403 3163 5455 Εἰ
3209 5401 3275 5463 δέ
3316 5418 3381 5468 γε
3420 5398 3530 5453 τῶν
3561 5400 3618 5451 ἐν
3660 5401 3724 5467 τῇ

2144 5500 2288 5570 ςιυχῇ
2319 5498 2417 5565 τῆς
2457 5497 2651 5564 σοφίας
2700 5493 2992 5565 θησαυρῶν
3040 5492 3354 5563 μεταδοίης,
3404 5490 3590 5544 οὐκέτι
3644 5506 3725 5549 σοι

1793 5618 2131 5682 Variorum
2171 5626 2360 5680 notae.

545 5738 661 5805 (80)
696 5735 969 5805 Gregoras
995 5730 1174 5805 a'tatis
1199 5744 1310 5805 sua;
1337 5727 1618 5805 hominum
1654 5724 1869 5805 ingenia
1898 5722 2040 5805 agris

476 5792 1044 5870 1ιιιὲἱιιιῖιιιι.ιιιῖεέτὶἰίιιιιδ
1073 5810 1129 5855 et
1164 5798 1403 5861 incultis,
1433 5798 1625 5870 quales
1654 5794 1946 5870 pecoribus
1973 5792 2038 5845 ad

478 5865 692 5956 pastum
731 5875 927 5945 expedi
980 5872 1175 5928 solent.
1214 5871 1269 5924 ll
1320 5870 1424 5923 hoc
1464 5868 1586 5922 loco
1620 5865 1893 5935 signiﬁcat
1941 5878 2046 5923 vox

2153 5720 2483 5846 ῧηλόὸοτος,
2534 5734 2696 5790 quam
2747 5717 2980 5778 Wolfius
3026 5716 3187 5772 aliter
3237 5712 3723 5783 interpretabatur.

2195 5807 2362 5846 owm.

2195 5807 2362 5846 ΟΙἨΝ.
