  <div class='ocr_page' id='page_1' title='image "/cluster/home/n/w/nwhite01/storage/ocr_20150623/148:no.1/coo.31924054870534/260.png"; bbox 0 0 4088 6500; ppageno 0'>
   <div class='ocr_carea' id='block_1_1' title="bbox 381 526 1295 601">
    <p class='ocr_par' dir='ltr' id='par_1_1' title="bbox 381 526 1295 601">
     <span class='ocr_line' id='line_1_1' title="bbox 381 526 1295 601; baseline -0.013 -4"><span class='ocrx_word' id='word_1_1' title='bbox 381 532 489 599; x_wconf 78' lang='grc' dir='ltr'><strong>5θό</strong></span> <span class='ocrx_word' id='word_1_2' title='bbox 631 528 708 601; x_wconf 72' lang='grc' dir='ltr'><strong>[Α.</strong></span> <span class='ocrx_word' id='word_1_3' title='bbox 752 543 801 584; x_wconf 89' lang='lat' dir='ltr'><strong>c.</strong></span> <span class='ocrx_word' id='word_1_4' title='bbox 840 526 984 583; x_wconf 68' lang='lat'><strong>19.89.</strong></span> <span class='ocrx_word' id='word_1_5' title='bbox 1025 544 1092 584; x_wconf 70' lang='lat' dir='ltr'><strong>an</strong></span> <span class='ocrx_word' id='word_1_6' title='bbox 1132 527 1295 600; x_wconf 73' lang='grc'><strong>1528]</strong></span> 
     </span>
    </p>
   </div>
   <div class='ocr_carea' id='block_1_2' title="bbox 1372 530 2642 595">
    <p class='ocr_par' dir='ltr' id='par_1_2' title="bbox 1372 530 2642 595">
     <span class='ocr_line' id='line_1_2' title="bbox 1372 530 2642 595; baseline -0.001 -2"><span class='ocrx_word' id='word_1_7' title='bbox 1372 531 1822 593; x_wconf 77' lang='lat' dir='ltr'><strong>BYZANTIN/E</strong></span> <span class='ocrx_word' id='word_1_8' title='bbox 1862 530 2251 592; x_wconf 65' lang='lat' dir='ltr'><strong>HISTORLE</strong></span> <span class='ocrx_word' id='word_1_9' title='bbox 2290 532 2435 595; x_wconf 87' lang='lat' dir='ltr'>LIB.</span> <span class='ocrx_word' id='word_1_10' title='bbox 2483 533 2642 594; x_wconf 77' lang='lat' dir='ltr'><strong>VIII.</strong></span> 
     </span>
    </p>
   </div>
   <div class='ocr_carea' id='block_1_3' title="bbox 2744 522 3401 599">
    <p class='ocr_par' dir='ltr' id='par_1_3' title="bbox 2744 522 3401 599">
     <span class='ocr_line' id='line_1_3' title="bbox 2744 522 3401 599; baseline 0.011 -20"><span class='ocrx_word' id='word_1_11' title='bbox 2744 522 2874 599; x_wconf 69' lang='grc' dir='ltr'>[ιδιιι.</span> <span class='ocrx_word' id='word_1_12' title='bbox 2921 543 3199 583; x_wconf 67' lang='grc' dir='ltr'><strong>ΑΝΟΠΟΝιΟ.</strong></span> <span class='ocrx_word' id='word_1_13' title='bbox 3246 528 3401 586; x_wconf 69' lang='lat' dir='ltr'><strong>sr:1v.&#39;.</strong></span> 
     </span>
    </p>
   </div>
   <div class='ocr_carea' id='block_1_4' title="bbox 3538 532 3645 596">
    <p class='ocr_par' dir='ltr' id='par_1_4' title="bbox 3538 532 3645 596">
     <span class='ocr_line' id='line_1_4' title="bbox 3538 532 3645 596; baseline -0.019 0"><span class='ocrx_word' id='word_1_14' title='bbox 3538 532 3645 596; x_wconf 69' lang='lat' dir='ltr'><strong>5C6</strong></span> 
     </span>
    </p>
   </div>
   <div class='ocr_carea' id='block_1_5' title="bbox 387 642 1974 723">
    <p class='ocr_par' dir='ltr' id='par_1_5' title="bbox 387 644 1963 723">
     <span class='ocr_line' id='line_1_5' title="bbox 387 644 1963 723; baseline -0.003 -20"><span class='ocrx_word' id='word_1_15' title='bbox 387 651 525 723; x_wconf 81' lang='grc' dir='ltr'><strong>μετά</strong></span> <span class='ocrx_word' id='word_1_16' title='bbox 552 650 724 720; x_wconf 87' lang='grc' dir='ltr'>λήθης</span> <span class='ocrx_word' id='word_1_17' title='bbox 747 648 986 720; x_wconf 75' lang='grc' dir='ltr'>τοῦνομα</span> <span class='ocrx_word' id='word_1_18' title='bbox 1008 649 1280 712; x_wconf 85' lang='grc' dir='ltr'>κείσεται,</span> <span class='ocrx_word' id='word_1_19' title='bbox 1306 649 1561 721; x_wconf 83' lang='grc' dir='ltr'>καθάπερ</span> <span class='ocrx_word' id='word_1_20' title='bbox 1578 649 1626 703; x_wconf 84' lang='grc' dir='ltr'>οἳ</span> <span class='ocrx_word' id='word_1_21' title='bbox 1663 647 1845 719; x_wconf 76' lang='grc' dir='ltr'>χωλὴν</span> <span class='ocrx_word' id='word_1_22' title='bbox 1867 644 1963 699; x_wconf 86' lang='grc' dir='ltr'><strong>τοῦ</strong></span> 
     </span>
    </p>
   </div>
   <div class='ocr_carea' id='block_1_6' title="bbox 2075 642 3642 723">
    <p class='ocr_par' dir='ltr' id='par_1_6' title="bbox 2075 645 3642 719">
     <span class='ocr_line' id='line_1_6' title="bbox 2075 645 3642 719; baseline 0.004 -19"><span class='ocrx_word' id='word_1_23' title='bbox 2075 647 2160 702; x_wconf 91' lang='lat' dir='ltr'><strong>nis</strong></span> <span class='ocrx_word' id='word_1_24' title='bbox 2206 645 2461 702; x_wconf 77' lang='lat' dir='ltr'><strong>Socrates</strong></span> <span class='ocrx_word' id='word_1_25' title='bbox 2509 660 2567 704; x_wconf 86' lang='lat' dir='ltr'><strong>et</strong></span> <span class='ocrx_word' id='word_1_26' title='bbox 2617 649 2893 703; x_wconf 75' lang='lat' dir='ltr'><strong>Platones.</strong></span> <span class='ocrx_word' id='word_1_27' title='bbox 2929 650 3157 719; x_wconf 84' lang='lat' dir='ltr'><strong>Aperite</strong></span> <span class='ocrx_word' id='word_1_28' title='bbox 3188 651 3391 706; x_wconf 87' lang='lat' dir='ltr'><strong>mentis</strong></span> <span class='ocrx_word' id='word_1_29' title='bbox 3440 663 3642 707; x_wconf 77' lang='lat' dir='ltr'><strong>nostra:</strong></span> 
     </span>
    </p>
   </div>
   <div class='ocr_carea' id='block_1_7' title="bbox 382 732 1961 815">
    <p class='ocr_par' dir='ltr' id='par_1_7' title="bbox 382 732 1961 815">
     <span class='ocr_line' id='line_1_7' title="bbox 382 732 1961 815; baseline -0.004 -17"><span class='ocrx_word' id='word_1_30' title='bbox 382 745 501 815; x_wconf 76' lang='grc' dir='ltr'>βίου</span> <span class='ocrx_word' id='word_1_31' title='bbox 526 742 673 813; x_wconf 79' lang='grc' dir='ltr'><strong>ζωὴν</strong></span> <span class='ocrx_word' id='word_1_32' title='bbox 701 741 980 802; x_wconf 79' lang='grc' dir='ltr'>ὲδάδισαν,</span> <span class='ocrx_word' id='word_1_33' title='bbox 1010 742 1039 795; x_wconf 82' lang='grc' dir='ltr'><strong>ὅ</strong></span> <span class='ocrx_word' id='word_1_34' title='bbox 1070 756 1207 812; x_wconf 85' lang='grc' dir='ltr'>φησι</span> <span class='ocrx_word' id='word_1_35' title='bbox 1234 732 1460 797; x_wconf 72' lang='grc' dir='ltr'>Πλάτων</span> <span class='ocrx_word' id='word_1_36' title='bbox 1484 759 1500 775; x_wconf 78' lang='grc' dir='ltr'><strong>ο</strong></span> <span class='ocrx_word' id='word_1_37' title='bbox 1536 740 1715 813; x_wconf 74' lang='grc' dir='ltr'>κῆρυξ</span> <span class='ocrx_word' id='word_1_38' title='bbox 1743 739 1788 794; x_wconf 84' lang='grc' dir='ltr'>δ’</span> <span class='ocrx_word' id='word_1_39' title='bbox 1811 741 1870 803; x_wconf 79' lang='grc' dir='ltr'>ἐς</span> <span class='ocrx_word' id='word_1_40' title='bbox 1891 738 1961 792; x_wconf 78' lang='grc' dir='ltr'><strong>τὰ</strong></span> 
     </span>
    </p>
   </div>
   <div class='ocr_carea' id='block_1_8' title="bbox 386 828 1963 906">
    <p class='ocr_par' dir='ltr' id='par_1_8' title="bbox 386 828 1963 906">
     <span class='ocr_line' id='line_1_8' title="bbox 386 828 1963 906; baseline -0.004 -16"><span class='ocrx_word' id='word_1_41' title='bbox 386 834 605 906; x_wconf 76' lang='grc' dir='ltr'>μάλισθ’</span> <span class='ocrx_word' id='word_1_42' title='bbox 628 834 822 888; x_wconf 81' lang='grc' dir='ltr'>ἑαυτοῦ</span> <span class='ocrx_word' id='word_1_43' title='bbox 848 828 1035 905; x_wconf 83' lang='grc' dir='ltr'>σχεδδν</span> <span class='ocrx_word' id='word_1_44' title='bbox 1069 834 1163 887; x_wconf 72' lang='grc' dir='ltr'><strong>ἐπὶ</strong></span> <span class='ocrx_word' id='word_1_45' title='bbox 1196 834 1369 904; x_wconf 77' lang='grc' dir='ltr'>μέσης</span> <span class='ocrx_word' id='word_1_46' title='bbox 1400 834 1619 902; x_wconf 75' lang='grc' dir='ltr'><strong>ἑστήξει</strong></span> <span class='ocrx_word' id='word_1_47' title='bbox 1652 832 1754 901; x_wconf 84' lang='grc' dir='ltr'>τῆς</span> <span class='ocrx_word' id='word_1_48' title='bbox 1781 834 1963 885; x_wconf 80' lang='grc' dir='ltr'>οἰκου-</span> 
     </span>
    </p>
   </div>
   <div class='ocr_carea' id='block_1_9' title="bbox 388 925 1961 999">
    <p class='ocr_par' dir='ltr' id='par_1_9' title="bbox 388 925 1961 999">
     <span class='ocr_line' id='line_1_9' title="bbox 388 925 1961 999; baseline -0.003 -18"><span class='ocrx_word' id='word_1_49' title='bbox 388 928 574 999; x_wconf 78' lang='grc' dir='ltr'>μένης,</span> <span class='ocrx_word' id='word_1_50' title='bbox 608 927 702 980; x_wconf 75' lang='grc' dir='ltr'>καὶ</span> <span class='ocrx_word' id='word_1_51' title='bbox 726 926 804 997; x_wconf 86' lang='grc' dir='ltr'><strong>τῷ</strong></span> <span class='ocrx_word' id='word_1_52' title='bbox 837 925 1034 997; x_wconf 83' lang='grc' dir='ltr'>μακρῷ</span> <span class='ocrx_word' id='word_1_53' title='bbox 1079 927 1256 997; x_wconf 84' lang='grc' dir='ltr'>χρόνῳ</span> <span class='ocrx_word' id='word_1_54' title='bbox 1306 927 1447 994; x_wconf 86' lang='grc' dir='ltr'><strong>μετὰ</strong></span> <span class='ocrx_word' id='word_1_55' title='bbox 1495 925 1961 996; x_wconf 79' lang='grc' dir='ltr'>φαρμακευούσης</span> 
     </span>
    </p>
   </div>
   <div class='ocr_carea' id='block_1_10' title="bbox 384 1018 1963 1090">
    <p class='ocr_par' dir='ltr' id='par_1_10' title="bbox 384 1018 1963 1090">
     <span class='ocr_line' id='line_1_10' title="bbox 384 1018 1963 1090; baseline 0 -18"><span class='ocrx_word' id='word_1_56' title='bbox 384 1018 770 1089; x_wconf 76' lang='grc' dir='ltr'>ὲμπομπεύσει</span> <span class='ocrx_word' id='word_1_57' title='bbox 814 1019 914 1088; x_wconf 85' lang='grc' dir='ltr'>τῆς</span> <span class='ocrx_word' id='word_1_58' title='bbox 967 1019 1198 1089; x_wconf 67' lang='grc' dir='ltr'>ἡδονῆςο</span> <span class='ocrx_word' id='word_1_59' title='bbox 1238 1020 1334 1073; x_wconf 75' lang='grc' dir='ltr'>καὶ</span> <span class='ocrx_word' id='word_1_60' title='bbox 1384 1020 1459 1090; x_wconf 84' lang='grc' dir='ltr'>μὴ</span> <span class='ocrx_word' id='word_1_61' title='bbox 1492 1020 1575 1073; x_wconf 81' lang='grc' dir='ltr'>ὅτι</span> <span class='ocrx_word' id='word_1_62' title='bbox 1618 1037 1683 1087; x_wconf 89' lang='grc' dir='ltr'><strong>γε</strong></span> <span class='ocrx_word' id='word_1_63' title='bbox 1740 1020 1963 1088; x_wconf 80' lang='grc' dir='ltr'><strong>μνήμης</strong></span> 
     </span>
    </p>
   </div>
   <div class='ocr_carea' id='block_1_11' title="bbox 383 1111 1963 1183">
    <p class='ocr_par' dir='ltr' id='par_1_11' title="bbox 383 1111 1963 1183">
     <span class='ocr_line' id='line_1_11' title="bbox 383 1111 1963 1183; baseline -0.002 -18"><span class='ocrx_word' id='word_1_64' title='bbox 383 1111 678 1177; x_wconf 78' lang='grc' dir='ltr'><strong>ἀξιώσεται</strong></span> <span class='ocrx_word' id='word_1_65' title='bbox 705 1111 809 1180; x_wconf 85' lang='grc' dir='ltr'><strong>τῆς</strong></span> <span class='ocrx_word' id='word_1_66' title='bbox 839 1112 926 1164; x_wconf 81' lang='grc' dir='ltr'><strong>διὰ</strong></span> <span class='ocrx_word' id='word_1_67' title='bbox 951 1113 1053 1180; x_wconf 84' lang='grc' dir='ltr'>γῆς</span> <span class='ocrx_word' id='word_1_68' title='bbox 1083 1112 1445 1183; x_wconf 76' lang='grc' dir='ltr'><strong>πλανωμένης</strong></span> <span class='ocrx_word' id='word_1_69' title='bbox 1484 1117 1577 1166; x_wconf 77' lang='grc' dir='ltr'>καὶ</span> <span class='ocrx_word' id='word_1_70' title='bbox 1603 1114 1963 1182; x_wconf 78' lang='grc' dir='ltr'>προσκαίροις</span> 
     </span>
    </p>
   </div>
   <div class='ocr_carea' id='block_1_12' title="bbox 385 1202 1962 1277">
    <p class='ocr_par' dir='ltr' id='par_1_12' title="bbox 385 1202 1962 1277">
     <span class='ocr_line' id='line_1_12' title="bbox 385 1202 1962 1277; baseline 0 -21"><span class='ocrx_word' id='word_1_71' title='bbox 385 1205 575 1265; x_wconf 70' lang='grc' dir='ltr'>ἀκοαῖς</span> <span class='ocrx_word' id='word_1_72' title='bbox 600 1203 660 1256; x_wconf 83' lang='grc' dir='ltr'>τὸ</span> <span class='ocrx_word' id='word_1_73' title='bbox 695 1202 840 1272; x_wconf 71' lang='grc' dir='ltr'>ἴχνος</span> <span class='ocrx_word' id='word_1_74' title='bbox 869 1203 1209 1273; x_wconf 80' lang='grc' dir='ltr'>ὲρειδούσης,</span> <span class='ocrx_word' id='word_1_75' title='bbox 1243 1205 1379 1258; x_wconf 84' lang='grc' dir='ltr'><strong>ἀλλά</strong></span> <span class='ocrx_word' id='word_1_76' title='bbox 1404 1206 1665 1275; x_wconf 84' lang='grc' dir='ltr'>κάκείνης</span> <span class='ocrx_word' id='word_1_77' title='bbox 1693 1205 1758 1273; x_wconf 79' lang='grc' dir='ltr'>γέ</span> <span class='ocrx_word' id='word_1_78' title='bbox 1782 1223 1888 1270; x_wconf 76' lang='grc' dir='ltr'>τοι,</span> <span class='ocrx_word' id='word_1_79' title='bbox 1926 1206 1962 1277; x_wconf 83' lang='grc' dir='ltr'>ἢ</span> 
     </span>
    </p>
   </div>
   <div class='ocr_carea' id='block_1_13' title="bbox 387 1295 1965 1369">
    <p class='ocr_par' dir='ltr' id='par_1_13' title="bbox 387 1295 1965 1369">
     <span class='ocr_line' id='line_1_13' title="bbox 387 1295 1965 1369; baseline -0.001 -19"><span class='ocrx_word' id='word_1_80' title='bbox 387 1295 482 1350; x_wconf 80' lang='grc' dir='ltr'>καὶ</span> <span class='ocrx_word' id='word_1_81' title='bbox 512 1297 678 1349; x_wconf 82' lang='grc' dir='ltr'>αὐτὸν</span> <span class='ocrx_word' id='word_1_82' title='bbox 707 1295 998 1365; x_wconf 80' lang='grc' dir='ltr'>ἄνθρωπον</span> <span class='ocrx_word' id='word_1_83' title='bbox 1026 1298 1263 1366; x_wconf 80' lang='grc' dir='ltr'>παραθεῖ</span> <span class='ocrx_word' id='word_1_84' title='bbox 1293 1297 1388 1352; x_wconf 73' lang='grc' dir='ltr'>καὶ</span> <span class='ocrx_word' id='word_1_85' title='bbox 1419 1298 1481 1351; x_wconf 83' lang='grc' dir='ltr'>τὸ</span> <span class='ocrx_word' id='word_1_86' title='bbox 1517 1299 1785 1369; x_wconf 81' lang='grc' dir='ltr'>παράπαν</span> <span class='ocrx_word' id='word_1_87' title='bbox 1821 1300 1965 1365; x_wconf 74' lang='grc' dir='ltr'>ἀκή-</span> 
     </span>
    </p>
   </div>
   <div class='ocr_carea' id='block_1_14' title="bbox 390 1387 1966 1459">
    <p class='ocr_par' dir='ltr' id='par_1_14' title="bbox 390 1387 1966 1459">
     <span class='ocr_line' id='line_1_14' title="bbox 390 1387 1966 1459; baseline 0 -18"><span class='ocrx_word' id='word_1_88' title='bbox 390 1404 552 1459; x_wconf 91' lang='grc' dir='ltr'>ρατος</span> <span class='ocrx_word' id='word_1_89' title='bbox 579 1389 670 1442; x_wconf 80' lang='grc' dir='ltr'>ἀεὶ</span> <span class='ocrx_word' id='word_1_90' title='bbox 690 1387 1052 1456; x_wconf 79' lang='grc' dir='ltr'>διαγίγνεται.</span> <span class='ocrx_word' id='word_1_91' title='bbox 1088 1390 1223 1456; x_wconf 60' lang='lat' dir='ltr'><strong>&quot;Ave</strong></span> <span class='ocrx_word' id='word_1_92' title='bbox 1253 1389 1318 1459; x_wconf 82' lang='grc' dir='ltr'>δὴ</span> <span class='ocrx_word' id='word_1_93' title='bbox 1360 1389 1452 1442; x_wconf 86' lang='grc' dir='ltr'><strong>οῦν</strong></span> <span class='ocrx_word' id='word_1_94' title='bbox 1479 1390 1603 1458; x_wconf 80' lang='grc' dir='ltr'>ἄγε,</span> <span class='ocrx_word' id='word_1_95' title='bbox 1635 1390 1742 1442; x_wconf 87' lang='grc' dir='ltr'><strong>τῶν</strong></span> <span class='ocrx_word' id='word_1_96' title='bbox 1772 1391 1865 1457; x_wconf 79' lang='grc' dir='ltr'><strong>ὑφ’</strong></span> <span class='ocrx_word' id='word_1_97' title='bbox 1902 1390 1966 1459; x_wconf 85' lang='grc' dir='ltr'><strong>ή-</strong></span> 
     </span>
    </p>
   </div>
   <div class='ocr_carea' id='block_1_15' title="bbox 388 1467 1968 1553">
    <p class='ocr_par' dir='ltr' id='par_1_15' title="bbox 388 1467 1968 1553">
     <span class='ocr_line' id='line_1_15' title="bbox 388 1467 1968 1553; baseline 0.001 -20"><span class='ocrx_word' id='word_1_98' title='bbox 388 1479 485 1550; x_wconf 85' lang='grc' dir='ltr'>λίῳ</span> <span class='ocrx_word' id='word_1_99' title='bbox 510 1481 796 1547; x_wconf 74' lang='grc' dir='ltr'><strong>σοφώτατε</strong></span> <span class='ocrx_word' id='word_1_100' title='bbox 822 1496 836 1512; x_wconf 90' lang='grc'><strong>·</strong></span> <span class='ocrx_word' id='word_1_101' title='bbox 865 1481 1097 1550; x_wconf 82' lang='grc' dir='ltr'>μετάδος</span> <span class='ocrx_word' id='word_1_102' title='bbox 1142 1478 1238 1534; x_wconf 85' lang='grc' dir='ltr'><strong>τοῦ</strong></span> <span class='ocrx_word' id='word_1_103' title='bbox 1272 1480 1367 1535; x_wconf 83' lang='grc' dir='ltr'><strong>σοῦ</strong></span> <span class='ocrx_word' id='word_1_104' title='bbox 1408 1467 1623 1552; x_wconf 75' lang='grc' dir='ltr'>κόσμου</span> <span class='ocrx_word' id='word_1_105' title='bbox 1653 1485 1718 1553; x_wconf 77' lang='grc' dir='ltr'>τῇ</span> <span class='ocrx_word' id='word_1_106' title='bbox 1765 1480 1968 1552; x_wconf 77' lang='grc' dir='ltr'>θρεψα-</span> 
     </span>
    </p>
   </div>
   <div class='ocr_carea' id='block_1_16' title="bbox 393 1574 1968 1645">
    <p class='ocr_par' dir='ltr' id='par_1_16' title="bbox 393 1574 1968 1645">
     <span class='ocr_line' id='line_1_16' title="bbox 393 1574 1968 1645; baseline 0.001 -19"><span class='ocrx_word' id='word_1_107' title='bbox 393 1575 552 1644; x_wconf 80' lang='grc' dir='ltr'>μένῃ,</span> <span class='ocrx_word' id='word_1_108' title='bbox 586 1574 841 1643; x_wconf 85' lang='grc' dir='ltr'>καθάπερ</span> <span class='ocrx_word' id='word_1_109' title='bbox 870 1574 1182 1644; x_wconf 85' lang='grc' dir='ltr'>Λυκοῦργοι</span> <span class='ocrx_word' id='word_1_110' title='bbox 1215 1576 1311 1628; x_wconf 77' lang='grc' dir='ltr'>καὶ</span> <span class='ocrx_word' id='word_1_111' title='bbox 1344 1575 1585 1638; x_wconf 82' lang='grc' dir='ltr'>Σόλωνες</span> <span class='ocrx_word' id='word_1_112' title='bbox 1606 1593 1622 1610; x_wconf 78' lang='grc' dir='ltr'><strong>ο</strong></span> <span class='ocrx_word' id='word_1_113' title='bbox 1651 1575 1885 1645; x_wconf 86' lang='grc' dir='ltr'>τίμησον</span> <span class='ocrx_word' id='word_1_114' title='bbox 1907 1576 1968 1629; x_wconf 85' lang='grc' dir='ltr'>τὸ</span> 
     </span>
    </p>
   </div>
   <div class='ocr_carea' id='block_1_17' title="bbox 383 1664 1970 1738">
    <p class='ocr_par' dir='ltr' id='par_1_17' title="bbox 383 1664 1970 1738">
     <span class='ocr_line' id='line_1_17' title="bbox 383 1664 1970 1738; baseline 0 -19"><span class='ocrx_word' id='word_1_115' title='bbox 383 1666 673 1735; x_wconf 73' lang='grc' dir='ltr'>διαϐόητον</span> <span class='ocrx_word' id='word_1_116' title='bbox 703 1664 842 1719; x_wconf 77' lang='grc' dir='ltr'>ἄστυ</span> <span class='ocrx_word' id='word_1_117' title='bbox 874 1667 1049 1729; x_wconf 72' lang='grc' dir='ltr'>τουτὶ,</span> <span class='ocrx_word' id='word_1_118' title='bbox 1085 1667 1339 1736; x_wconf 87' lang='grc' dir='ltr'>καθάπερ</span> <span class='ocrx_word' id='word_1_119' title='bbox 1383 1668 1481 1736; x_wconf 82' lang='grc' dir='ltr'>τὴν</span> <span class='ocrx_word' id='word_1_120' title='bbox 1523 1665 1825 1738; x_wconf 74' lang='grc' dir='ltr'>Ἀθηναίων</span> <span class='ocrx_word' id='word_1_121' title='bbox 1865 1668 1970 1720; x_wconf 79' lang='grc' dir='ltr'>πά-</span> 
     </span>
    </p>
   </div>
   <div class='ocr_carea' id='block_1_18' title="bbox 386 1757 1966 1831">
    <p class='ocr_par' dir='ltr' id='par_1_18' title="bbox 386 1757 1966 1831">
     <span class='ocr_line' id='line_1_18' title="bbox 386 1757 1966 1831; baseline 0.002 -20"><span class='ocrx_word' id='word_1_122' title='bbox 386 1760 478 1811; x_wconf 85' lang='grc' dir='ltr'><strong>λαι</strong></span> <span class='ocrx_word' id='word_1_123' title='bbox 503 1757 816 1829; x_wconf 84' lang='grc' dir='ltr'>Σωκράτεις</span> <span class='ocrx_word' id='word_1_124' title='bbox 850 1760 944 1812; x_wconf 76' lang='grc' dir='ltr'>καὶ</span> <span class='ocrx_word' id='word_1_125' title='bbox 975 1759 1283 1824; x_wconf 85' lang='grc' dir='ltr'>Πλάτωνες.</span> <span class='ocrx_word' id='word_1_126' title='bbox 1315 1760 1561 1825; x_wconf 82' lang='grc' dir='ltr'>Ἀνοιξον</span> <span class='ocrx_word' id='word_1_127' title='bbox 1594 1760 1756 1831; x_wconf 85' lang='grc' dir='ltr'>ἡμῶν</span> <span class='ocrx_word' id='word_1_128' title='bbox 1787 1758 1966 1815; x_wconf 76' lang='grc' dir='ltr'>τὸτοῦ</span> 
     </span>
    </p>
   </div>
   <div class='ocr_carea' id='block_1_19' title="bbox 384 1850 1969 1922">
    <p class='ocr_par' dir='ltr' id='par_1_19' title="bbox 384 1850 1969 1922">
     <span class='ocr_line' id='line_1_19' title="bbox 384 1850 1969 1922; baseline 0.001 -19"><span class='ocrx_word' id='word_1_129' title='bbox 384 1850 479 1905; x_wconf 91' lang='grc' dir='ltr'><strong>νοῦ</strong></span> <span class='ocrx_word' id='word_1_130' title='bbox 508 1851 775 1922; x_wconf 81' lang='grc' dir='ltr'>βλέφαρον</span> <span class='ocrx_word' id='word_1_131' title='bbox 800 1867 817 1884; x_wconf 75' lang='grc' dir='ltr'><strong>ο</strong></span> <span class='ocrx_word' id='word_1_132' title='bbox 848 1851 1023 1918; x_wconf 75' lang='grc' dir='ltr'>δεῖξον</span> <span class='ocrx_word' id='word_1_133' title='bbox 1053 1853 1447 1922; x_wconf 75' lang='grc' dir='ltr'><strong>ἐναργέστερον</strong></span> <span class='ocrx_word' id='word_1_134' title='bbox 1472 1856 1558 1916; x_wconf 85' lang='grc' dir='ltr'><strong>τίς</strong></span> <span class='ocrx_word' id='word_1_135' title='bbox 1585 1854 1613 1906; x_wconf 84' lang='grc' dir='ltr'><strong>ὁ</strong></span> <span class='ocrx_word' id='word_1_136' title='bbox 1642 1850 1735 1906; x_wconf 89' lang='grc' dir='ltr'><strong>τοῦ</strong></span> <span class='ocrx_word' id='word_1_137' title='bbox 1766 1854 1969 1917; x_wconf 84' lang='grc' dir='ltr'>παντὸς</span> 
     </span>
    </p>
   </div>
   <div class='ocr_carea' id='block_1_20' title="bbox 384 1943 2039 2036">
    <p class='ocr_par' dir='ltr' id='par_1_20' title="bbox 384 1943 2039 2036">
     <span class='ocr_line' id='line_1_20' title="bbox 384 1943 2039 2036; baseline -0.001 -37"><span class='ocrx_word' id='word_1_138' title='bbox 384 1943 666 2015; x_wconf 76' lang='grc' dir='ltr'>ἁρμοστὴς</span> <span class='ocrx_word' id='word_1_139' title='bbox 700 1945 794 1998; x_wconf 80' lang='grc' dir='ltr'><strong>καὶ</strong></span> <span class='ocrx_word' id='word_1_140' title='bbox 828 1946 958 1998; x_wconf 81' lang='grc' dir='ltr'>ποία</span> <span class='ocrx_word' id='word_1_141' title='bbox 990 1946 1109 1999; x_wconf 84' lang='grc' dir='ltr'>ποθ’</span> <span class='ocrx_word' id='word_1_142' title='bbox 1142 1946 1403 2016; x_wconf 84' lang='grc' dir='ltr'>ἠτούτων</span> <span class='ocrx_word' id='word_1_143' title='bbox 1428 1946 1804 2017; x_wconf 65' lang='grc' dir='ltr'>πὶναρμόνιος</span> <span class='ocrx_word' id='word_1_144' title='bbox 1838 1946 1965 2000; x_wconf 80' lang='grc' dir='ltr'>σύν·</span> <span class='ocrx_word' id='word_1_145' title='bbox 1996 1980 2039 2036; x_wconf 75' lang='grc' dir='ltr'>Β</span> 
     </span>
    </p>
   </div>
   <div class='ocr_carea' id='block_1_21' title="bbox 382 2035 1963 2107">
    <p class='ocr_par' dir='ltr' id='par_1_21' title="bbox 382 2035 1963 2107">
     <span class='ocr_line' id='line_1_21' title="bbox 382 2035 1963 2107; baseline 0.001 -18"><span class='ocrx_word' id='word_1_146' title='bbox 382 2035 808 2102; x_wconf 75' lang='grc' dir='ltr'>ταξιςοδίδαξον</span> <span class='ocrx_word' id='word_1_147' title='bbox 860 2038 934 2107; x_wconf 85' lang='grc' dir='ltr'>πῆ</span> <span class='ocrx_word' id='word_1_148' title='bbox 984 2039 1082 2097; x_wconf 84' lang='grc' dir='ltr'><strong>τὰς</strong></span> <span class='ocrx_word' id='word_1_149' title='bbox 1136 2040 1316 2101; x_wconf 85' lang='grc' dir='ltr'>αίτίας</span> <span class='ocrx_word' id='word_1_150' title='bbox 1370 2039 1558 2093; x_wconf 87' lang='grc' dir='ltr'>θετέον</span> <span class='ocrx_word' id='word_1_151' title='bbox 1582 2041 1676 2094; x_wconf 84' lang='grc' dir='ltr'><strong>τοῦ</strong></span> <span class='ocrx_word' id='word_1_152' title='bbox 1708 2040 1963 2093; x_wconf 84' lang='grc' dir='ltr'>τοσούτου</span> 
     </span>
    </p>
   </div>
   <div class='ocr_carea' id='block_1_22' title="bbox 381 2127 1968 2202">
    <p class='ocr_par' dir='ltr' id='par_1_22' title="bbox 381 2127 1968 2202">
     <span class='ocr_line' id='line_1_22' title="bbox 381 2127 1968 2202; baseline 0.001 -20"><span class='ocrx_word' id='word_1_153' title='bbox 381 2128 626 2192; x_wconf 78' lang='grc' dir='ltr'>δοθέντος</span> <span class='ocrx_word' id='word_1_154' title='bbox 647 2127 855 2195; x_wconf 82' lang='grc' dir='ltr'>ἀγαθοῦ</span> <span class='ocrx_word' id='word_1_155' title='bbox 879 2144 909 2159; x_wconf 89' lang='grc'><strong>··</strong></span> <span class='ocrx_word' id='word_1_156' title='bbox 925 2133 991 2199; x_wconf 77' lang='grc' dir='ltr'><strong>τῇ</strong></span> <span class='ocrx_word' id='word_1_157' title='bbox 1015 2130 1125 2183; x_wconf 82' lang='grc' dir='ltr'>τῶν</span> <span class='ocrx_word' id='word_1_158' title='bbox 1154 2131 1371 2202; x_wconf 76' lang='grc' dir='ltr'>ἄστρων</span> <span class='ocrx_word' id='word_1_159' title='bbox 1401 2133 1638 2202; x_wconf 75' lang='grc' dir='ltr'>ἀνάγκη,</span> <span class='ocrx_word' id='word_1_160' title='bbox 1674 2130 1819 2184; x_wconf 79' lang='grc' dir='ltr'>κατὰ</span> <span class='ocrx_word' id='word_1_161' title='bbox 1841 2131 1968 2192; x_wconf 66' lang='grc' dir='ltr'>τοὺς</span> 
     </span>
    </p>
   </div>
   <div class='ocr_carea' id='block_1_23' title="bbox 386 2216 1966 2292">
    <p class='ocr_par' dir='ltr' id='par_1_23' title="bbox 386 2216 1966 2292">
     <span class='ocr_line' id='line_1_23' title="bbox 386 2216 1966 2292; baseline 0.002 -20"><span class='ocrx_word' id='word_1_162' title='bbox 386 2216 619 2288; x_wconf 72' lang='grc' dir='ltr'>θύραθεν</span> <span class='ocrx_word' id='word_1_163' title='bbox 648 2218 863 2288; x_wconf 87' lang='grc' dir='ltr'>λόγους,</span> <span class='ocrx_word' id='word_1_164' title='bbox 896 2220 930 2290; x_wconf 77' lang='grc' dir='ltr'>ἢ</span> <span class='ocrx_word' id='word_1_165' title='bbox 957 2219 1035 2290; x_wconf 84' lang='grc' dir='ltr'>τῷ</span> <span class='ocrx_word' id='word_1_166' title='bbox 1064 2221 1158 2274; x_wconf 86' lang='grc' dir='ltr'><strong>τοῦ</strong></span> <span class='ocrx_word' id='word_1_167' title='bbox 1188 2224 1390 2283; x_wconf 84' lang='grc' dir='ltr'>παντὸς</span> <span class='ocrx_word' id='word_1_168' title='bbox 1421 2223 1599 2292; x_wconf 74' lang='grc' dir='ltr'>αἰτίῳ.</span> <span class='ocrx_word' id='word_1_169' title='bbox 1649 2222 1745 2276; x_wconf 86' lang='grc' dir='ltr'>Ἐκ</span> <span class='ocrx_word' id='word_1_170' title='bbox 1769 2220 1966 2277; x_wconf 85' lang='grc' dir='ltr'>πολλοῦ</span> 
     </span>
    </p>
   </div>
   <div class='ocr_carea' id='block_1_24' title="bbox 390 2311 1969 2388">
    <p class='ocr_par' dir='ltr' id='par_1_24' title="bbox 390 2311 1969 2388">
     <span class='ocr_line' id='line_1_24' title="bbox 390 2311 1969 2388; baseline 0.003 -22"><span class='ocrx_word' id='word_1_171' title='bbox 390 2311 502 2381; x_wconf 81' lang='grc' dir='ltr'>γὰρ</span> <span class='ocrx_word' id='word_1_172' title='bbox 528 2314 605 2376; x_wconf 84' lang='grc' dir='ltr'><strong>ὡς</strong></span> <span class='ocrx_word' id='word_1_173' title='bbox 638 2313 710 2367; x_wconf 82' lang='grc' dir='ltr'>τὰ</span> <span class='ocrx_word' id='word_1_174' title='bbox 761 2314 933 2367; x_wconf 80' lang='grc' dir='ltr'>πολλὰ</span> <span class='ocrx_word' id='word_1_175' title='bbox 964 2315 1386 2388; x_wconf 82' lang='grc' dir='ltr'><strong>διαπορουμένῳ</strong></span> <span class='ocrx_word' id='word_1_176' title='bbox 1418 2317 1594 2379; x_wconf 78' lang='grc' dir='ltr'>οὐδεὶς</span> <span class='ocrx_word' id='word_1_177' title='bbox 1626 2317 1840 2371; x_wconf 79' lang='grc' dir='ltr'>οὐδέπω</span> <span class='ocrx_word' id='word_1_178' title='bbox 1878 2332 1969 2385; x_wconf 88' lang='grc' dir='ltr'><strong>μοι</strong></span> 
     </span>
    </p>
   </div>
   <div class='ocr_carea' id='block_1_25' title="bbox 389 2404 1970 2481">
    <p class='ocr_par' dir='ltr' id='par_1_25' title="bbox 389 2404 1970 2481">
     <span class='ocr_line' id='line_1_25' title="bbox 389 2404 1970 2481; baseline 0.004 -24"><span class='ocrx_word' id='word_1_179' title='bbox 389 2404 511 2467; x_wconf 84' lang='grc' dir='ltr'>νοῦς</span> <span class='ocrx_word' id='word_1_180' title='bbox 568 2407 879 2475; x_wconf 81' lang='grc' dir='ltr'><strong>ἀπηντήκει</strong></span> <span class='ocrx_word' id='word_1_181' title='bbox 925 2405 1026 2474; x_wconf 79' lang='grc' dir='ltr'><strong>τῆς</strong></span> <span class='ocrx_word' id='word_1_182' title='bbox 1087 2409 1230 2478; x_wconf 83' lang='grc' dir='ltr'><strong>ὲμῆς</strong></span> <span class='ocrx_word' id='word_1_183' title='bbox 1291 2409 1733 2479; x_wconf 84' lang='grc' dir='ltr'>ἀποχειροτονῶν</span> <span class='ocrx_word' id='word_1_184' title='bbox 1791 2409 1970 2481; x_wconf 74' lang='grc' dir='ltr'>ψυχῆς</span> 
     </span>
    </p>
   </div>
   <div class='ocr_carea' id='block_1_26' title="bbox 387 2496 1969 2571">
    <p class='ocr_par' dir='ltr' id='par_1_26' title="bbox 387 2496 1969 2571">
     <span class='ocr_line' id='line_1_26' title="bbox 387 2496 1969 2571; baseline 0.004 -23"><span class='ocrx_word' id='word_1_185' title='bbox 387 2496 921 2568; x_wconf 81' lang='grc' dir='ltr'>τάμφιϐαλλόμενον.</span> <span class='ocrx_word' id='word_1_186' title='bbox 955 2498 1110 2551; x_wconf 81' lang='grc' dir='ltr'>Ὤστ’</span> <span class='ocrx_word' id='word_1_187' title='bbox 1141 2502 1191 2553; x_wconf 78' lang='grc' dir='ltr'><strong>εί</strong></span> <span class='ocrx_word' id='word_1_188' title='bbox 1224 2501 1299 2571; x_wconf 78' lang='grc' dir='ltr'>μὴ</span> <span class='ocrx_word' id='word_1_189' title='bbox 1350 2502 1419 2554; x_wconf 85' lang='grc' dir='ltr'><strong>δι’</strong></span> <span class='ocrx_word' id='word_1_190' title='bbox 1453 2501 1583 2556; x_wconf 82' lang='grc' dir='ltr'>ἄλλο</span> <span class='ocrx_word' id='word_1_191' title='bbox 1614 2519 1689 2564; x_wconf 88' lang='grc' dir='ltr'><strong>τι,</strong></span> <span class='ocrx_word' id='word_1_192' title='bbox 1717 2501 1808 2555; x_wconf 82' lang='grc' dir='ltr'><strong>διὰ</strong></span> <span class='ocrx_word' id='word_1_193' title='bbox 1838 2502 1969 2569; x_wconf 85' lang='grc' dir='ltr'>γοῦν</span> 
     </span>
    </p>
   </div>
   <div class='ocr_carea' id='block_1_27' title="bbox 387 2587 1973 2665">
    <p class='ocr_par' dir='ltr' id='par_1_27' title="bbox 387 2587 1973 2665">
     <span class='ocr_line' id='line_1_27' title="bbox 387 2587 1973 2665; baseline 0.005 -25"><span class='ocrx_word' id='word_1_194' title='bbox 387 2587 450 2640; x_wconf 76' lang='grc' dir='ltr'><strong>εν</strong></span> <span class='ocrx_word' id='word_1_195' title='bbox 483 2588 548 2655; x_wconf 83' lang='grc' dir='ltr'><strong><em>γὲ</em></strong></span> <span class='ocrx_word' id='word_1_196' title='bbox 578 2606 662 2642; x_wconf 90' lang='grc' dir='ltr'><strong>τοι</strong></span> <span class='ocrx_word' id='word_1_197' title='bbox 688 2589 847 2643; x_wconf 88' lang='grc' dir='ltr'>τοῦτο</span> <span class='ocrx_word' id='word_1_198' title='bbox 878 2590 1111 2655; x_wconf 79' lang='grc' dir='ltr'>δίδαξον.</span> <span class='ocrx_word' id='word_1_199' title='bbox 1149 2592 1262 2646; x_wconf 92' lang='grc' dir='ltr'><strong>Ποῦ</strong></span> <span class='ocrx_word' id='word_1_200' title='bbox 1292 2592 1338 2645; x_wconf 88' lang='grc' dir='ltr'>δ’</span> <span class='ocrx_word' id='word_1_201' title='bbox 1367 2591 1468 2647; x_wconf 70' lang='grc' dir='ltr'>οὐκ</span> <span class='ocrx_word' id='word_1_202' title='bbox 1500 2593 1567 2648; x_wconf 80' lang='grc' dir='ltr'>ἂν</span> <span class='ocrx_word' id='word_1_203' title='bbox 1601 2596 1816 2648; x_wconf 78' lang='grc' dir='ltr'>ἐλαύνοι</span> <span class='ocrx_word' id='word_1_204' title='bbox 1849 2611 1973 2665; x_wconf 85' lang='grc' dir='ltr'>σχε-</span> 
     </span>
    </p>
   </div>
   <div class='ocr_carea' id='block_1_28' title="bbox 387 2677 1968 2752">
    <p class='ocr_par' dir='ltr' id='par_1_28' title="bbox 387 2677 1968 2752">
     <span class='ocr_line' id='line_1_28' title="bbox 387 2677 1968 2752; baseline 0.004 -22"><span class='ocrx_word' id='word_1_205' title='bbox 387 2677 691 2748; x_wconf 80' lang='grc' dir='ltr'>τλιότητος,</span> <span class='ocrx_word' id='word_1_206' title='bbox 727 2680 993 2749; x_wconf 77' lang='grc' dir='ltr'>οὐρανοὺς</span> <span class='ocrx_word' id='word_1_207' title='bbox 1027 2681 1125 2750; x_wconf 83' lang='grc' dir='ltr'>μὲν</span> <span class='ocrx_word' id='word_1_208' title='bbox 1168 2682 1476 2752; x_wconf 79' lang='grc' dir='ltr'>διηγεῖσθαι</span> <span class='ocrx_word' id='word_1_209' title='bbox 1510 2683 1667 2748; x_wconf 81' lang='grc' dir='ltr'>δόξαν</span> <span class='ocrx_word' id='word_1_210' title='bbox 1699 2683 1837 2737; x_wconf 88' lang='grc' dir='ltr'>Θεοῦ</span> <span class='ocrx_word' id='word_1_211' title='bbox 1867 2703 1968 2737; x_wconf 86' lang='grc' dir='ltr'>πε-</span> 
     </span>
    </p>
   </div>
   <div class='ocr_carea' id='block_1_29' title="bbox 388 2768 1972 2844">
    <p class='ocr_par' dir='ltr' id='par_1_29' title="bbox 388 2768 1972 2844">
     <span class='ocr_line' id='line_1_29' title="bbox 388 2768 1972 2844; baseline 0.004 -21"><span class='ocrx_word' id='word_1_212' title='bbox 388 2768 715 2842; x_wconf 84' lang='grc' dir='ltr'>ριηχοῦντας</span> <span class='ocrx_word' id='word_1_213' title='bbox 748 2773 933 2825; x_wconf 81' lang='grc' dir='ltr'>πᾶσαν</span> <span class='ocrx_word' id='word_1_214' title='bbox 952 2773 1079 2843; x_wconf 77' lang='grc' dir='ltr'>γῆν,</span> <span class='ocrx_word' id='word_1_215' title='bbox 1115 2775 1266 2842; x_wconf 78' lang='grc' dir='ltr'>ἡμᾶς</span> <span class='ocrx_word' id='word_1_216' title='bbox 1298 2775 1355 2827; x_wconf 81' lang='grc' dir='ltr'>δὲ</span> <span class='ocrx_word' id='word_1_217' title='bbox 1377 2778 1652 2844; x_wconf 82' lang='grc' dir='ltr'>κωφεύειν</span> <span class='ocrx_word' id='word_1_218' title='bbox 1673 2777 1775 2829; x_wconf 86' lang='grc' dir='ltr'>οὐκ</span> <span class='ocrx_word' id='word_1_219' title='bbox 1809 2778 1972 2830; x_wconf 77' lang='grc' dir='ltr'>ἐπαῖ-</span> 
     </span>
    </p>
   </div>
   <div class='ocr_carea' id='block_1_30' title="bbox 386 2863 1971 2939">
    <p class='ocr_par' dir='ltr' id='par_1_30' title="bbox 386 2863 1971 2939">
     <span class='ocr_line' id='line_1_30' title="bbox 386 2863 1971 2939; baseline 0.003 -21"><span class='ocrx_word' id='word_1_220' title='bbox 386 2864 551 2927; x_wconf 76' lang='grc' dir='ltr'>ονταίς</span> <span class='ocrx_word' id='word_1_221' title='bbox 606 2863 743 2919; x_wconf 76' lang='grc' dir='ltr'>ἄττα</span> <span class='ocrx_word' id='word_1_222' title='bbox 799 2868 987 2934; x_wconf 65' lang='grc' dir='ltr'>φασὶν,</span> <span class='ocrx_word' id='word_1_223' title='bbox 1025 2865 1142 2919; x_wconf 84' lang='grc' dir='ltr'>ἀλλ’</span> <span class='ocrx_word' id='word_1_224' title='bbox 1197 2868 1421 2937; x_wconf 85' lang='grc' dir='ltr'>ἄστροις</span> <span class='ocrx_word' id='word_1_225' title='bbox 1473 2870 1536 2921; x_wconf 78' lang='grc' dir='ltr'>τὸ</span> <span class='ocrx_word' id='word_1_226' title='bbox 1568 2869 1971 2939; x_wconf 85' lang='grc' dir='ltr'>θρυλλούμενον</span> 
     </span>
    </p>
   </div>
   <div class='ocr_carea' id='block_1_31' title="bbox 387 2954 1972 3029">
    <p class='ocr_par' dir='ltr' id='par_1_31' title="bbox 387 2954 1972 3029">
     <span class='ocr_line' id='line_1_31' title="bbox 387 2954 1972 3029; baseline 0.003 -22"><span class='ocrx_word' id='word_1_227' title='bbox 387 2954 787 3029; x_wconf 77' lang='grc' dir='ltr'>τεκμαίρεσθαι</span> <span class='ocrx_word' id='word_1_228' title='bbox 811 2955 911 3026; x_wconf 78' lang='grc' dir='ltr'>τὴν</span> <span class='ocrx_word' id='word_1_229' title='bbox 954 2956 1162 3009; x_wconf 88' lang='grc' dir='ltr'>τούτων</span> <span class='ocrx_word' id='word_1_230' title='bbox 1213 2958 1562 3029; x_wconf 81' lang='grc' dir='ltr'>ὲπιστήμην;</span> <span class='ocrx_word' id='word_1_231' title='bbox 1599 2960 1837 3012; x_wconf 79' lang='grc' dir='ltr'>Ἔπειτα</span> <span class='ocrx_word' id='word_1_232' title='bbox 1876 2962 1972 3014; x_wconf 63' lang='grc' dir='ltr'><strong>κοιλ⁸</strong></span> 
     </span>
    </p>
   </div>
   <div class='ocr_carea' id='block_1_32' title="bbox 388 3046 1972 3122">
    <p class='ocr_par' dir='ltr' id='par_1_32' title="bbox 388 3046 1972 3122">
     <span class='ocr_line' id='line_1_32' title="bbox 388 3046 1972 3122; baseline 0.003 -22"><span class='ocrx_word' id='word_1_233' title='bbox 388 3046 486 3101; x_wconf 84' lang='grc' dir='ltr'><strong>τοῦ</strong></span> <span class='ocrx_word' id='word_1_234' title='bbox 514 3048 717 3111; x_wconf 83' lang='grc' dir='ltr'>παντὸς</span> <span class='ocrx_word' id='word_1_235' title='bbox 741 3048 807 3103; x_wconf 81' lang='grc' dir='ltr'>ἂν</span> <span class='ocrx_word' id='word_1_236' title='bbox 838 3048 1059 3112; x_wconf 80' lang='grc' dir='ltr'>πάντως</span> <span class='ocrx_word' id='word_1_237' title='bbox 1090 3049 1336 3103; x_wconf 79' lang='grc' dir='ltr'>ἐλλείποι</span> <span class='ocrx_word' id='word_1_238' title='bbox 1370 3052 1445 3122; x_wconf 81' lang='grc' dir='ltr'>μὴ</span> <span class='ocrx_word' id='word_1_239' title='bbox 1497 3051 1719 3115; x_wconf 82' lang='grc' dir='ltr'>ἀδικίας</span> <span class='ocrx_word' id='word_1_240' title='bbox 1763 3050 1972 3122; x_wconf 74' lang='grc' dir='ltr'>ἔσχατα</span> 
     </span>
    </p>
   </div>
   <div class='ocr_carea' id='block_1_33' title="bbox 393 3135 1971 3214">
    <p class='ocr_par' dir='ltr' id='par_1_33' title="bbox 393 3135 1971 3214">
     <span class='ocr_line' id='line_1_33' title="bbox 393 3135 1971 3214; baseline 0.003 -22"><span class='ocrx_word' id='word_1_241' title='bbox 393 3135 537 3193; x_wconf 77' lang='grc' dir='ltr'>εἷναι</span> <span class='ocrx_word' id='word_1_242' title='bbox 586 3143 760 3205; x_wconf 82' lang='grc' dir='ltr'>τουτὶ,</span> <span class='ocrx_word' id='word_1_243' title='bbox 792 3141 844 3193; x_wconf 85' lang='grc' dir='ltr'><strong>εί</strong></span> <span class='ocrx_word' id='word_1_244' title='bbox 900 3143 1040 3210; x_wconf 83' lang='grc' dir='ltr'>μήτε</span> <span class='ocrx_word' id='word_1_245' title='bbox 1078 3140 1223 3196; x_wconf 86' lang='grc' dir='ltr'>κατὰ</span> <span class='ocrx_word' id='word_1_246' title='bbox 1264 3142 1591 3213; x_wconf 77' lang='grc' dir='ltr'>Πυθαγόραν</span> <span class='ocrx_word' id='word_1_247' title='bbox 1620 3148 1677 3207; x_wconf 72' lang='grc' dir='ltr'>ἐς</span> <span class='ocrx_word' id='word_1_248' title='bbox 1719 3143 1971 3214; x_wconf 83' lang='grc' dir='ltr'>Ἀττικὴν</span> 
     </span>
    </p>
   </div>
   <div class='ocr_carea' id='block_1_34' title="bbox 395 3231 1970 3315">
    <p class='ocr_par' dir='ltr' id='par_1_34' title="bbox 395 3231 1970 3315">
     <span class='ocr_line' id='line_1_34' title="bbox 395 3231 1970 3315; baseline 0.003 -31"><span class='ocrx_word' id='word_1_249' title='bbox 395 3232 491 3285; x_wconf 84' lang='grc' dir='ltr'>ἀπ’</span> <span class='ocrx_word' id='word_1_250' title='bbox 515 3231 794 3299; x_wconf 80' lang='grc' dir='ltr'>Αίγύπτου</span> <span class='ocrx_word' id='word_1_251' title='bbox 823 3233 1126 3287; x_wconf 78' lang='grc' dir='ltr'>διαὸαίνειν</span> <span class='ocrx_word' id='word_1_252' title='bbox 1152 3233 1295 3298; x_wconf 79' lang='grc' dir='ltr'>δέον,</span> <span class='ocrx_word' id='word_1_253' title='bbox 1320 3235 1458 3315; x_wconf 26' lang='grc' dir='ltr'>*μήθ’</span> <span class='ocrx_word' id='word_1_254' title='bbox 1489 3237 1693 3305; x_wconf 76' lang='grc' dir='ltr'>ὁμοίως</span> <span class='ocrx_word' id='word_1_255' title='bbox 1725 3236 1970 3289; x_wconf 82' lang='grc' dir='ltr'>Πλάτωνι</span> 
     </span>
    </p>
   </div>
   <div class='ocr_carea' id='block_1_35' title="bbox 2066 739 3632 812">
    <p class='ocr_par' dir='ltr' id='par_1_35' title="bbox 2066 739 3632 812">
     <span class='ocr_line' id='line_1_35' title="bbox 2066 739 3632 812; baseline 0.004 -20"><span class='ocrx_word' id='word_1_256' title='bbox 2066 739 2377 808; x_wconf 82' lang='lat' dir='ltr'><strong>palpebras.</strong></span> <span class='ocrx_word' id='word_1_257' title='bbox 2417 739 2738 794; x_wconf 85' lang='lat' dir='ltr'><strong>Evidentius</strong></span> <span class='ocrx_word' id='word_1_258' title='bbox 2761 741 3101 806; x_wconf 84' lang='lat' dir='ltr'><strong>demonstra,</strong></span> <span class='ocrx_word' id='word_1_259' title='bbox 3128 741 3254 812; x_wconf 85' lang='lat' dir='ltr'><strong>quis</strong></span> <span class='ocrx_word' id='word_1_260' title='bbox 3290 742 3363 797; x_wconf 92' lang='lat' dir='ltr'><strong>sit</strong></span> <span class='ocrx_word' id='word_1_261' title='bbox 3387 744 3632 798; x_wconf 87' lang='lat' dir='ltr'><strong>omnium</strong></span> 
     </span>
    </p>
   </div>
   <div class='ocr_carea' id='block_1_36' title="bbox 2065 831 3639 904">
    <p class='ocr_par' dir='ltr' id='par_1_36' title="bbox 2065 831 3639 904">
     <span class='ocr_line' id='line_1_36' title="bbox 2065 831 3639 904; baseline 0.003 -19"><span class='ocrx_word' id='word_1_262' title='bbox 2065 831 2407 893; x_wconf 76' lang='lat' dir='ltr'><strong>moderator,</strong></span> <span class='ocrx_word' id='word_1_263' title='bbox 2460 842 2518 885; x_wconf 90' lang='lat' dir='ltr'><strong>et</strong></span> <span class='ocrx_word' id='word_1_264' title='bbox 2547 832 2728 902; x_wconf 84' lang='lat' dir='ltr'><strong>qualis</strong></span> <span class='ocrx_word' id='word_1_265' title='bbox 2774 848 2969 886; x_wconf 88' lang='lat' dir='ltr'><strong>eorum</strong></span> <span class='ocrx_word' id='word_1_266' title='bbox 3005 833 3290 902; x_wconf 85' lang='lat' dir='ltr'><strong>aptissima</strong></span> <span class='ocrx_word' id='word_1_267' title='bbox 3326 848 3639 904; x_wconf 69' lang='lat' dir='ltr'><strong>compages.</strong></span> 
     </span>
    </p>
   </div>
   <div class='ocr_carea' id='block_1_37' title="bbox 2066 921 3637 993">
    <p class='ocr_par' dir='ltr' id='par_1_37' title="bbox 2066 921 3637 993">
     <span class='ocr_line' id='line_1_37' title="bbox 2066 921 3637 993; baseline 0.002 -17"><span class='ocrx_word' id='word_1_268' title='bbox 2066 921 2210 977; x_wconf 89' lang='lat' dir='ltr'><strong>Doce</strong></span> <span class='ocrx_word' id='word_1_269' title='bbox 2242 939 2354 993; x_wconf 86' lang='lat' dir='ltr'><strong>quo</strong></span> <span class='ocrx_word' id='word_1_270' title='bbox 2387 939 2564 979; x_wconf 81' lang='lat' dir='ltr'><strong>causae</strong></span> <span class='ocrx_word' id='word_1_271' title='bbox 2585 925 2932 980; x_wconf 66' lang='lat' dir='ltr'><strong>conferendae</strong></span> <span class='ocrx_word' id='word_1_272' title='bbox 2965 926 3079 981; x_wconf 88' lang='lat' dir='ltr'><strong>sint</strong></span> <span class='ocrx_word' id='word_1_273' title='bbox 3107 927 3271 981; x_wconf 84' lang='lat' dir='ltr'><strong>nobis</strong></span> <span class='ocrx_word' id='word_1_274' title='bbox 3304 930 3439 981; x_wconf 91' lang='lat' dir='ltr'><strong>tanti</strong></span> <span class='ocrx_word' id='word_1_275' title='bbox 3471 929 3637 982; x_wconf 87' lang='lat' dir='ltr'><strong>boni:</strong></span> 
     </span>
    </p>
   </div>
   <div class='ocr_carea' id='block_1_38' title="bbox 2065 1014 3640 1087">
    <p class='ocr_par' dir='ltr' id='par_1_38' title="bbox 2065 1014 3640 1087">
     <span class='ocr_line' id='line_1_38' title="bbox 2065 1014 3640 1087; baseline 0.003 -20"><span class='ocrx_word' id='word_1_276' title='bbox 2065 1014 2336 1084; x_wconf 85' lang='lat' dir='ltr'><strong>numquid</strong></span> <span class='ocrx_word' id='word_1_277' title='bbox 2383 1015 2451 1069; x_wconf 91' lang='lat' dir='ltr'><strong>ad</strong></span> <span class='ocrx_word' id='word_1_278' title='bbox 2498 1015 2886 1070; x_wconf 85' lang='lat' dir='ltr'><strong>necessitatem</strong></span> <span class='ocrx_word' id='word_1_279' title='bbox 2932 1024 3248 1081; x_wconf 89' lang='lat' dir='ltr'><strong>astrorum,</strong></span> <span class='ocrx_word' id='word_1_280' title='bbox 3306 1025 3367 1071; x_wconf 91' lang='lat' dir='ltr'><strong>ut</strong></span> <span class='ocrx_word' id='word_1_281' title='bbox 3422 1018 3640 1087; x_wconf 81' lang='lat' dir='ltr'><strong>profani</strong></span> 
     </span>
    </p>
   </div>
   <div class='ocr_carea' id='block_1_39' title="bbox 2067 1105 3641 1172">
    <p class='ocr_par' dir='ltr' id='par_1_39' title="bbox 2067 1105 3641 1172">
     <span class='ocr_line' id='line_1_39' title="bbox 2067 1105 3641 1172; baseline 0.004 -15"><span class='ocrx_word' id='word_1_282' title='bbox 2067 1109 2315 1171; x_wconf 86' lang='lat' dir='ltr'><strong>tradunt,</strong></span> <span class='ocrx_word' id='word_1_283' title='bbox 2347 1115 2444 1159; x_wconf 90' lang='lat' dir='ltr'><strong>aut</strong></span> <span class='ocrx_word' id='word_1_284' title='bbox 2469 1105 2537 1159; x_wconf 88' lang='lat' dir='ltr'><strong>ad</strong></span> <span class='ocrx_word' id='word_1_285' title='bbox 2572 1106 2954 1162; x_wconf 87' lang='lat' dir='ltr'><strong>universitatis</strong></span> <span class='ocrx_word' id='word_1_286' title='bbox 2984 1116 3288 1161; x_wconf 77' lang='lat' dir='ltr'><strong>auctorem.</strong></span> <span class='ocrx_word' id='word_1_287' title='bbox 3325 1110 3441 1172; x_wconf 83' lang='lat' dir='ltr'><strong>Qua</strong></span> <span class='ocrx_word' id='word_1_288' title='bbox 3473 1109 3541 1163; x_wconf 90' lang='lat' dir='ltr'><strong>de</strong></span> <span class='ocrx_word' id='word_1_289' title='bbox 3581 1126 3641 1164; x_wconf 89' lang='lat' dir='ltr'><strong>re</strong></span> 
     </span>
    </p>
   </div>
   <div class='ocr_carea' id='block_1_40' title="bbox 2065 1193 3645 1273">
    <p class='ocr_par' dir='ltr' id='par_1_40' title="bbox 2065 1193 3645 1273">
     <span class='ocr_line' id='line_1_40' title="bbox 2065 1193 3645 1273; baseline 0.006 -27"><span class='ocrx_word' id='word_1_290' title='bbox 2065 1208 2190 1247; x_wconf 92' lang='lat' dir='ltr'><strong>cum</strong></span> <span class='ocrx_word' id='word_1_291' title='bbox 2222 1193 2387 1264; x_wconf 82' lang='lat' dir='ltr'><strong>longo</strong></span> <span class='ocrx_word' id='word_1_292' title='bbox 2411 1205 2659 1265; x_wconf 86' lang='lat' dir='ltr'><strong>tempore</strong></span> <span class='ocrx_word' id='word_1_293' title='bbox 2695 1212 2899 1273; x_wconf 80' lang='lat' dir='ltr'><strong>anceps</strong></span> <span class='ocrx_word' id='word_1_294' title='bbox 2925 1198 3251 1266; x_wconf 79' lang='lat' dir='ltr'><strong>haesitarim,</strong></span> <span class='ocrx_word' id='word_1_295' title='bbox 3277 1216 3438 1255; x_wconf 90' lang='lat' dir='ltr'><strong>nemo</strong></span> <span class='ocrx_word' id='word_1_296' title='bbox 3462 1202 3645 1256; x_wconf 89' lang='lat' dir='ltr'><strong>adhuc</strong></span> 
     </span>
    </p>
   </div>
   <div class='ocr_carea' id='block_1_41' title="bbox 2066 1286 3644 1358">
    <p class='ocr_par' dir='ltr' id='par_1_41' title="bbox 2066 1286 3644 1358">
     <span class='ocr_line' id='line_1_41' title="bbox 2066 1286 3644 1358; baseline 0.008 -20"><span class='ocrx_word' id='word_1_297' title='bbox 2066 1286 2427 1357; x_wconf 80' lang='lat' dir='ltr'><strong>conligit,qui</strong></span> <span class='ocrx_word' id='word_1_298' title='bbox 2469 1290 2790 1358; x_wconf 86' lang='lat' dir='ltr'><strong>scrupulum</strong></span> <span class='ocrx_word' id='word_1_299' title='bbox 2820 1291 2968 1346; x_wconf 88' lang='lat' dir='ltr'><strong>hunc</strong></span> <span class='ocrx_word' id='word_1_300' title='bbox 3000 1293 3186 1346; x_wconf 86' lang='lat' dir='ltr'><strong>animo</strong></span> <span class='ocrx_word' id='word_1_301' title='bbox 3218 1308 3341 1348; x_wconf 91' lang='lat' dir='ltr'><strong>meo</strong></span> <span class='ocrx_word' id='word_1_302' title='bbox 3356 1296 3644 1351; x_wconf 82' lang='lat' dir='ltr'><strong>eximeret.</strong></span> 
     </span>
    </p>
   </div>
   <div class='ocr_carea' id='block_1_42' title="bbox 2067 1374 3644 1451">
    <p class='ocr_par' dir='ltr' id='par_1_42' title="bbox 2067 1374 3644 1451">
     <span class='ocr_line' id='line_1_42' title="bbox 2067 1374 3644 1451; baseline 0.01 -26"><span class='ocrx_word' id='word_1_303' title='bbox 2067 1374 2248 1437; x_wconf 83' lang='lat' dir='ltr'><strong>Quare</strong></span> <span class='ocrx_word' id='word_1_304' title='bbox 2284 1374 2330 1427; x_wconf 88' lang='lat' dir='ltr'><strong>si</strong></span> <span class='ocrx_word' id='word_1_305' title='bbox 2372 1391 2483 1429; x_wconf 92' lang='lat' dir='ltr'><strong>non</strong></span> <span class='ocrx_word' id='word_1_306' title='bbox 2527 1376 2597 1432; x_wconf 91' lang='lat' dir='ltr'><strong>ob</strong></span> <span class='ocrx_word' id='word_1_307' title='bbox 2623 1378 2795 1445; x_wconf 83' lang='lat' dir='ltr'><strong>aliud,</strong></span> <span class='ocrx_word' id='word_1_308' title='bbox 2826 1380 2911 1434; x_wconf 89' lang='lat' dir='ltr'><strong>vel</strong></span> <span class='ocrx_word' id='word_1_309' title='bbox 2942 1393 3169 1451; x_wconf 85' lang='lat' dir='ltr'><strong>prepter</strong></span> <span class='ocrx_word' id='word_1_310' title='bbox 3200 1383 3307 1438; x_wconf 88' lang='lat' dir='ltr'><strong>hoc</strong></span> <span class='ocrx_word' id='word_1_311' title='bbox 3342 1400 3511 1438; x_wconf 90' lang='lat' dir='ltr'><strong>unum</strong></span> <span class='ocrx_word' id='word_1_312' title='bbox 3544 1386 3644 1440; x_wconf 92' lang='lat' dir='ltr'><strong>do-</strong></span> 
     </span>
    </p>
   </div>
   <div class='ocr_carea' id='block_1_43' title="bbox 2067 1466 3646 1544">
    <p class='ocr_par' dir='ltr' id='par_1_43' title="bbox 2067 1466 3646 1544">
     <span class='ocr_line' id='line_1_43' title="bbox 2067 1466 3646 1544; baseline 0.008 -25"><span class='ocrx_word' id='word_1_313' title='bbox 2067 1475 2211 1520; x_wconf 88' lang='lat' dir='ltr'><strong>ceto.</strong></span> <span class='ocrx_word' id='word_1_314' title='bbox 2260 1466 2400 1532; x_wconf 87' lang='lat' dir='ltr'><strong>Quid</strong></span> <span class='ocrx_word' id='word_1_315' title='bbox 2447 1471 2874 1526; x_wconf 78' lang='lat' dir='ltr'><strong>vero‘miserius</strong></span> <span class='ocrx_word' id='word_1_316' title='bbox 2926 1472 3043 1527; x_wconf 82' lang='lat' dir='ltr'><strong>ﬁeri</strong></span> <span class='ocrx_word' id='word_1_317' title='bbox 3089 1482 3277 1542; x_wconf 89' lang='lat' dir='ltr'><strong>queat,</strong></span> <span class='ocrx_word' id='word_1_318' title='bbox 3311 1491 3475 1544; x_wconf 87' lang='lat' dir='ltr'><strong>quam</strong></span> <span class='ocrx_word' id='word_1_319' title='bbox 3519 1492 3646 1531; x_wconf 91' lang='lat' dir='ltr'><strong>cum</strong></span> 
     </span>
    </p>
   </div>
   <div class='ocr_carea' id='block_1_44' title="bbox 2066 1556 3649 1626">
    <p class='ocr_par' dir='ltr' id='par_1_44' title="bbox 2066 1556 3649 1626">
     <span class='ocr_line' id='line_1_44' title="bbox 2066 1556 3649 1626; baseline 0.008 -16"><span class='ocrx_word' id='word_1_320' title='bbox 2066 1557 2195 1610; x_wconf 68' lang='lat' dir='ltr'><strong>cadi</strong></span> <span class='ocrx_word' id='word_1_321' title='bbox 2242 1556 2338 1611; x_wconf 79' lang='lat' dir='ltr'><strong>Dei</strong></span> <span class='ocrx_word' id='word_1_322' title='bbox 2364 1557 2593 1626; x_wconf 81' lang='lat' dir='ltr'><strong>gloriam</strong></span> <span class='ocrx_word' id='word_1_323' title='bbox 2626 1571 2888 1615; x_wconf 82' lang='lat' dir='ltr'><strong>enarrent</strong></span> <span class='ocrx_word' id='word_1_324' title='bbox 2931 1577 3151 1618; x_wconf 86' lang='lat' dir='ltr'><strong>onmem</strong></span> <span class='ocrx_word' id='word_1_325' title='bbox 3181 1576 3379 1620; x_wconf 89' lang='lat' dir='ltr'><strong>terram</strong></span> <span class='ocrx_word' id='word_1_326' title='bbox 3410 1567 3649 1623; x_wconf 84' lang='lat' dir='ltr'><strong>circum-</strong></span> 
     </span>
    </p>
   </div>
   <div class='ocr_carea' id='block_1_45' title="bbox 2069 1651 3646 1727">
    <p class='ocr_par' dir='ltr' id='par_1_45' title="bbox 2069 1651 3646 1727">
     <span class='ocr_line' id='line_1_45' title="bbox 2069 1651 3646 1727; baseline 0.01 -25"><span class='ocrx_word' id='word_1_327' title='bbox 2069 1656 2356 1713; x_wconf 85' lang='lat' dir='ltr'><strong>sonantes,</strong></span> <span class='ocrx_word' id='word_1_328' title='bbox 2384 1658 2485 1703; x_wconf 84' lang='lat' dir='ltr'><strong>uos</strong></span> <span class='ocrx_word' id='word_1_329' title='bbox 2513 1651 2828 1707; x_wconf 87' lang='lat' dir='ltr'><strong>surdastros</strong></span> <span class='ocrx_word' id='word_1_330' title='bbox 2858 1669 2970 1707; x_wconf 90' lang='lat' dir='ltr'><strong>non</strong></span> <span class='ocrx_word' id='word_1_331' title='bbox 2997 1659 3259 1711; x_wconf 82' lang='lat' dir='ltr'><strong>exaudire</strong></span> <span class='ocrx_word' id='word_1_332' title='bbox 3284 1659 3415 1727; x_wconf 86' lang='lat' dir='ltr'><strong>quid</strong></span> <span class='ocrx_word' id='word_1_333' title='bbox 3443 1660 3646 1725; x_wconf 85' lang='lat' dir='ltr'><strong>dicant,</strong></span> 
     </span>
    </p>
   </div>
   <div class='ocr_carea' id='block_1_46' title="bbox 2069 1740 3648 1817">
    <p class='ocr_par' dir='ltr' id='par_1_46' title="bbox 2069 1740 3648 1817">
     <span class='ocr_line' id='line_1_46' title="bbox 2069 1740 3648 1817; baseline 0.008 -25"><span class='ocrx_word' id='word_1_334' title='bbox 2069 1740 2165 1793; x_wconf 84' lang='lat' dir='ltr'><strong>sed</strong></span> <span class='ocrx_word' id='word_1_335' title='bbox 2215 1741 2382 1796; x_wconf 82' lang='lat' dir='ltr'><strong>astris</strong></span> <span class='ocrx_word' id='word_1_336' title='bbox 2435 1742 2520 1810; x_wconf 94' lang='lat' dir='ltr'><strong>(ut</strong></span> <span class='ocrx_word' id='word_1_337' title='bbox 2568 1743 2733 1814; x_wconf 85' lang='lat' dir='ltr'><strong>vulgo</strong></span> <span class='ocrx_word' id='word_1_338' title='bbox 2779 1745 3040 1817; x_wconf 77' lang='lat' dir='ltr'><strong>jactatur)</strong></span> <span class='ocrx_word' id='word_1_339' title='bbox 3087 1746 3306 1803; x_wconf 84' lang='lat' dir='ltr'><strong>illorum</strong></span> <span class='ocrx_word' id='word_1_340' title='bbox 3358 1752 3648 1807; x_wconf 77' lang='lat' dir='ltr'><strong>scientiam</strong></span> 
     </span>
    </p>
   </div>
   <div class='ocr_carea' id='block_1_47' title="bbox 2070 1832 3654 1905">
    <p class='ocr_par' dir='ltr' id='par_1_47' title="bbox 2070 1832 3654 1905">
     <span class='ocr_line' id='line_1_47' title="bbox 2070 1832 3654 1905; baseline 0.008 -20"><span class='ocrx_word' id='word_1_341' title='bbox 2070 1832 2403 1900; x_wconf 85' lang='lat' dir='ltr'><strong>ponderare,</strong></span> <span class='ocrx_word' id='word_1_342' title='bbox 2433 1832 2487 1886; x_wconf 91' lang='lat' dir='ltr'><strong>id</strong></span> <span class='ocrx_word' id='word_1_343' title='bbox 2535 1842 2640 1900; x_wconf 91' lang='lat' dir='ltr'><strong>est,</strong></span> <span class='ocrx_word' id='word_1_344' title='bbox 2685 1835 2793 1889; x_wconf 83' lang='lat' dir='ltr'><strong>levi</strong></span> <span class='ocrx_word' id='word_1_345' title='bbox 2843 1838 3159 1905; x_wconf 72' lang='lat' dir='ltr'><strong>coniectura</strong></span> <span class='ocrx_word' id='word_1_346' title='bbox 3208 1849 3417 1895; x_wconf 86' lang='lat' dir='ltr'><strong>tantum</strong></span> <span class='ocrx_word' id='word_1_347' title='bbox 3455 1844 3654 1897; x_wconf 84' lang='lat' dir='ltr'><strong>intelli-</strong></span> 
     </span>
    </p>
   </div>
   <div class='ocr_carea' id='block_1_48' title="bbox 2071 1923 3647 1999">
    <p class='ocr_par' dir='ltr' id='par_1_48' title="bbox 2071 1923 3647 1999">
     <span class='ocr_line' id='line_1_48' title="bbox 2071 1923 3647 1999; baseline 0.009 -24"><span class='ocrx_word' id='word_1_348' title='bbox 2071 1923 2246 1993; x_wconf 81' lang='lat' dir='ltr'><strong>gere?</strong></span> <span class='ocrx_word' id='word_1_349' title='bbox 2282 1923 2421 1977; x_wconf 91' lang='lat' dir='ltr'><strong>Illud</strong></span> <span class='ocrx_word' id='word_1_350' title='bbox 2467 1940 2601 1980; x_wconf 90' lang='lat' dir='ltr'><strong>vero</strong></span> <span class='ocrx_word' id='word_1_351' title='bbox 2630 1936 2892 1982; x_wconf 64' lang='lat' dir='ltr'><strong>extremm</strong></span> <span class='ocrx_word' id='word_1_352' title='bbox 2931 1924 3244 1999; x_wconf 84' lang='lat' dir='ltr'><strong>iniquitatis</strong></span> <span class='ocrx_word' id='word_1_353' title='bbox 3281 1932 3470 1999; x_wconf 81' lang='lat' dir='ltr'><strong>fuerit,</strong></span> <span class='ocrx_word' id='word_1_354' title='bbox 3522 1952 3647 1990; x_wconf 84' lang='lat' dir='ltr'><strong>cum</strong></span> 
     </span>
    </p>
   </div>
   <div class='ocr_carea' id='block_1_49' title="bbox 2073 2017 3653 2097">
    <p class='ocr_par' dir='ltr' id='par_1_49' title="bbox 2073 2017 3653 2097">
     <span class='ocr_line' id='line_1_49' title="bbox 2073 2017 3653 2097; baseline 0.008 -27"><span class='ocrx_word' id='word_1_355' title='bbox 2073 2030 2175 2072; x_wconf 85' lang='lat' dir='ltr'><strong>nec</strong></span> <span class='ocrx_word' id='word_1_356' title='bbox 2208 2027 2268 2071; x_wconf 90' lang='lat' dir='ltr'><strong>ut</strong></span> <span class='ocrx_word' id='word_1_357' title='bbox 2303 2017 2618 2088; x_wconf 67' lang='lat' dir='ltr'><strong>Pythagorae</strong></span> <span class='ocrx_word' id='word_1_358' title='bbox 2647 2032 2712 2072; x_wconf 85' lang='lat' dir='ltr'><strong>ex</strong></span> <span class='ocrx_word' id='word_1_359' title='bbox 2755 2019 2990 2090; x_wconf 61' lang='lat' dir='ltr'><strong>{Egypto</strong></span> <span class='ocrx_word' id='word_1_360' title='bbox 3023 2020 3076 2076; x_wconf 92' lang='lat' dir='ltr'><strong>in</strong></span> <span class='ocrx_word' id='word_1_361' title='bbox 3109 2024 3340 2079; x_wconf 80' lang='lat' dir='ltr'><strong>Atticam</strong></span> <span class='ocrx_word' id='word_1_362' title='bbox 3392 2028 3653 2097; x_wconf 75' lang='lat' dir='ltr'><strong>navigan-</strong></span> 
     </span>
    </p>
   </div>
   <div class='ocr_carea' id='block_1_50' title="bbox 2072 2105 3654 2189">
    <p class='ocr_par' dir='ltr' id='par_1_50' title="bbox 2072 2105 3654 2189">
     <span class='ocr_line' id='line_1_50' title="bbox 2072 2105 3654 2189; baseline 0.006 -26"><span class='ocrx_word' id='word_1_363' title='bbox 2072 2109 2226 2172; x_wconf 89' lang='lat' dir='ltr'><strong>dum,</strong></span> <span class='ocrx_word' id='word_1_364' title='bbox 2263 2123 2367 2164; x_wconf 89' lang='lat' dir='ltr'><strong>nec</strong></span> <span class='ocrx_word' id='word_1_365' title='bbox 2410 2120 2470 2164; x_wconf 89' lang='lat' dir='ltr'><strong>ut</strong></span> <span class='ocrx_word' id='word_1_366' title='bbox 2508 2109 2724 2165; x_wconf 85' lang='lat' dir='ltr'><strong>Plutoni</strong></span> <span class='ocrx_word' id='word_1_367' title='bbox 2783 2128 2934 2166; x_wconf 86' lang='lat' dir='ltr'><strong>mare</strong></span> <span class='ocrx_word' id='word_1_368' title='bbox 2985 2108 3201 2169; x_wconf 83' lang='lat' dir='ltr'><strong>Ionium</strong></span> <span class='ocrx_word' id='word_1_369' title='bbox 3235 2105 3415 2187; x_wconf 6' lang='lat' dir='ltr'><strong>i325</strong></span> <span class='ocrx_word' id='word_1_370' title='bbox 3453 2120 3654 2189; x_wconf 67' lang='lat' dir='ltr'><strong>swpius</strong></span> 
     </span>
    </p>
   </div>
   <div class='ocr_carea' id='block_1_51' title="bbox 2072 2204 3654 2282">
    <p class='ocr_par' dir='ltr' id='par_1_51' title="bbox 2072 2204 3654 2282">
     <span class='ocr_line' id='line_1_51' title="bbox 2072 2204 3654 2282; baseline 0.008 -26"><span class='ocrx_word' id='word_1_371' title='bbox 2072 2204 2480 2274; x_wconf 83' lang='lat' dir='ltr'><strong>trajicieudum,</strong></span> <span class='ocrx_word' id='word_1_372' title='bbox 2517 2215 2570 2258; x_wconf 89' lang='lat' dir='ltr'><strong>et</strong></span> <span class='ocrx_word' id='word_1_373' title='bbox 2601 2218 2666 2258; x_wconf 80' lang='lat' dir='ltr'><strong>ex</strong></span> <span class='ocrx_word' id='word_1_374' title='bbox 2698 2207 2875 2261; x_wconf 84' lang='lat' dir='ltr'><strong>Attica</strong></span> <span class='ocrx_word' id='word_1_375' title='bbox 2913 2207 2967 2261; x_wconf 90' lang='lat' dir='ltr'><strong>in</strong></span> <span class='ocrx_word' id='word_1_376' title='bbox 3009 2208 3250 2263; x_wconf 81' lang='lat' dir='ltr'><strong>Siciliam</strong></span> <span class='ocrx_word' id='word_1_377' title='bbox 3285 2212 3352 2265; x_wconf 84' lang='lat' dir='ltr'><strong>ad</strong></span> <span class='ocrx_word' id='word_1_378' title='bbox 3392 2223 3654 2282; x_wconf 70' lang='lat' dir='ltr'><strong>tyrannos</strong></span> 
     </span>
    </p>
   </div>
   <div class='ocr_carea' id='block_1_52' title="bbox 2072 2295 3655 2364">
    <p class='ocr_par' dir='ltr' id='par_1_52' title="bbox 2072 2295 3655 2364">
     <span class='ocr_line' id='line_1_52' title="bbox 2072 2295 3655 2364; baseline 0.006 -16"><span class='ocrx_word' id='word_1_379' title='bbox 2072 2295 2552 2361; x_wconf 82' lang='lat' dir='ltr'><strong>proﬁciscendum,</strong></span> <span class='ocrx_word' id='word_1_380' title='bbox 2583 2305 2747 2364; x_wconf 85' lang='lat' dir='ltr'><strong>atque</strong></span> <span class='ocrx_word' id='word_1_381' title='bbox 2784 2298 2910 2353; x_wconf 90' lang='lat' dir='ltr'><strong>inde</strong></span> <span class='ocrx_word' id='word_1_382' title='bbox 2943 2301 2994 2353; x_wconf 91' lang='lat' dir='ltr'><strong>in</strong></span> <span class='ocrx_word' id='word_1_383' title='bbox 3024 2300 3352 2357; x_wconf 66' lang='lat' dir='ltr'><strong>Academias</strong></span> <span class='ocrx_word' id='word_1_384' title='bbox 3378 2313 3432 2357; x_wconf 87' lang='lat' dir='ltr'><strong>et</strong></span> <span class='ocrx_word' id='word_1_385' title='bbox 3456 2305 3655 2359; x_wconf 88' lang='lat' dir='ltr'><strong>ambu-</strong></span> 
     </span>
    </p>
   </div>
   <div class='ocr_carea' id='block_1_53' title="bbox 2071 2381 3655 2468">
    <p class='ocr_par' dir='ltr' id='par_1_53' title="bbox 2071 2381 3655 2468">
     <span class='ocr_line' id='line_1_53' title="bbox 2071 2381 3655 2468; baseline 0.006 -26"><span class='ocrx_word' id='word_1_386' title='bbox 2071 2387 2218 2443; x_wconf 87' lang='lat' dir='ltr'><strong>lacra</strong></span> <span class='ocrx_word' id='word_1_387' title='bbox 2249 2388 2596 2444; x_wconf 87' lang='lat' dir='ltr'><strong>redeundum</strong></span> <span class='ocrx_word' id='word_1_388' title='bbox 2628 2392 2725 2445; x_wconf 88' lang='lat' dir='ltr'><strong>tibi</strong></span> <span class='ocrx_word' id='word_1_389' title='bbox 2762 2393 2853 2456; x_wconf 85' lang='lat' dir='ltr'><strong>sit,</strong></span> <span class='ocrx_word' id='word_1_390' title='bbox 2882 2403 2941 2467; x_wconf 81' lang='lat' dir='ltr'><strong>ut</strong></span> <span class='ocrx_word' id='word_1_391' title='bbox 2966 2391 3181 2462; x_wconf 76' lang='lat' dir='ltr'><strong>publice</strong></span> <span class='ocrx_word' id='word_1_392' title='bbox 3206 2398 3468 2451; x_wconf 87' lang='lat' dir='ltr'><strong>virtutem</strong></span> <span class='ocrx_word' id='word_1_393' title='bbox 3497 2381 3655 2468; x_wconf 70' lang='lat' dir='ltr'><strong>spar-</strong></span> 
     </span>
    </p>
   </div>
   <div class='ocr_carea' id='block_1_54' title="bbox 2071 2478 3653 2552">
    <p class='ocr_par' dir='ltr' id='par_1_54' title="bbox 2071 2478 3653 2552">
     <span class='ocr_line' id='line_1_54' title="bbox 2071 2478 3653 2552; baseline 0.007 -20"><span class='ocrx_word' id='word_1_394' title='bbox 2071 2494 2168 2549; x_wconf 73' lang='lat' dir='ltr'><strong>gas</strong></span> <span class='ocrx_word' id='word_1_395' title='bbox 2203 2497 2214 2532; x_wconf 90' lang='lat'><strong>:</strong></span> <span class='ocrx_word' id='word_1_396' title='bbox 2259 2479 2355 2533; x_wconf 87' lang='lat' dir='ltr'><strong>sed</strong></span> <span class='ocrx_word' id='word_1_397' title='bbox 2399 2494 2498 2548; x_wconf 87' lang='lat' dir='ltr'><strong>pro</strong></span> <span class='ocrx_word' id='word_1_398' title='bbox 2534 2480 2713 2552; x_wconf 89' lang='lat' dir='ltr'><strong>Lyceo</strong></span> <span class='ocrx_word' id='word_1_399' title='bbox 2735 2491 2790 2536; x_wconf 91' lang='lat' dir='ltr'><strong>et</strong></span> <span class='ocrx_word' id='word_1_400' title='bbox 2812 2478 2942 2537; x_wconf 84' lang='lat' dir='ltr'><strong>Stoa</strong></span> <span class='ocrx_word' id='word_1_401' title='bbox 2974 2484 3028 2537; x_wconf 90' lang='lat' dir='ltr'><strong>in</strong></span> <span class='ocrx_word' id='word_1_402' title='bbox 3060 2487 3344 2540; x_wconf 87' lang='lat' dir='ltr'><strong>consuetis</strong></span> <span class='ocrx_word' id='word_1_403' title='bbox 3375 2489 3490 2542; x_wconf 91' lang='lat' dir='ltr'><strong>tuis</strong></span> <span class='ocrx_word' id='word_1_404' title='bbox 3516 2489 3653 2543; x_wconf 68' lang='lat' dir='ltr'><strong>acdi-</strong></span> 
     </span>
    </p>
   </div>
   <div class='ocr_carea' id='block_1_55' title="bbox 2075 2570 3658 2650">
    <p class='ocr_par' dir='ltr' id='par_1_55' title="bbox 2075 2570 3658 2650">
     <span class='ocr_line' id='line_1_55' title="bbox 2075 2570 3658 2650; baseline 0.007 -27"><span class='ocrx_word' id='word_1_405' title='bbox 2075 2570 2180 2626; x_wconf 83' lang='lat' dir='ltr'><strong>bus</strong></span> <span class='ocrx_word' id='word_1_406' title='bbox 2210 2573 2467 2626; x_wconf 79' lang='lat' dir='ltr'><strong>virtutem</strong></span> <span class='ocrx_word' id='word_1_407' title='bbox 2505 2581 2652 2627; x_wconf 85' lang='lat' dir='ltr'><strong>tuam</strong></span> <span class='ocrx_word' id='word_1_408' title='bbox 2684 2571 2738 2626; x_wconf 92' lang='lat' dir='ltr'><strong>in</strong></span> <span class='ocrx_word' id='word_1_409' title='bbox 2773 2581 2947 2650; x_wconf 70' lang='lat' dir='ltr'><strong>totum</strong></span> <span class='ocrx_word' id='word_1_410' title='bbox 2993 2583 3260 2629; x_wconf 84' lang='lat' dir='ltr'><strong>terrarum</strong></span> <span class='ocrx_word' id='word_1_411' title='bbox 3300 2578 3492 2631; x_wconf 84' lang='lat' dir='ltr'><strong>orbem</strong></span> <span class='ocrx_word' id='word_1_412' title='bbox 3531 2594 3658 2647; x_wconf 89' lang='lat' dir='ltr'><strong>pro-</strong></span> 
     </span>
    </p>
   </div>
   <div class='ocr_carea' id='block_1_56' title="bbox 2077 2664 3656 2736">
    <p class='ocr_par' dir='ltr' id='par_1_56' title="bbox 2077 2664 3656 2736">
     <span class='ocr_line' id='line_1_56' title="bbox 2077 2664 3656 2736; baseline 0.006 -21"><span class='ocrx_word' id='word_1_413' title='bbox 2077 2674 2277 2733; x_wconf 76' lang='lat' dir='ltr'><strong>pagare</strong></span> <span class='ocrx_word' id='word_1_414' title='bbox 2311 2679 2515 2732; x_wconf 83' lang='lat' dir='ltr'><strong>queas:</strong></span> <span class='ocrx_word' id='word_1_415' title='bbox 2552 2664 2764 2735; x_wconf 83' lang='lat' dir='ltr'><strong>aliquid</strong></span> <span class='ocrx_word' id='word_1_416' title='bbox 2803 2664 2951 2719; x_wconf 88' lang='lat' dir='ltr'><strong>aliud</strong></span> <span class='ocrx_word' id='word_1_417' title='bbox 2995 2665 3189 2736; x_wconf 81' lang='lat' dir='ltr'><strong>majori</strong></span> <span class='ocrx_word' id='word_1_418' title='bbox 3219 2666 3320 2721; x_wconf 85' lang='lat' dir='ltr'><strong>tibi</strong></span> <span class='ocrx_word' id='word_1_419' title='bbox 3356 2683 3503 2723; x_wconf 67' lang='lat' dir='ltr'><strong>cura:</strong></span> <span class='ocrx_word' id='word_1_420' title='bbox 3533 2685 3656 2724; x_wconf 86' lang='lat' dir='ltr'><strong>esse</strong></span> 
     </span>
    </p>
   </div>
   <div class='ocr_carea' id='block_1_57' title="bbox 2074 2756 3657 2830">
    <p class='ocr_par' dir='ltr' id='par_1_57' title="bbox 2074 2756 3657 2830">
     <span class='ocr_line' id='line_1_57' title="bbox 2074 2756 3657 2830; baseline 0.005 -21"><span class='ocrx_word' id='word_1_421' title='bbox 2074 2757 2317 2818; x_wconf 86' lang='lat' dir='ltr'><strong>sinas,et</strong></span> <span class='ocrx_word' id='word_1_422' title='bbox 2345 2756 2587 2823; x_wconf 69' lang='lat' dir='ltr'><strong>linguam</strong></span> <span class='ocrx_word' id='word_1_423' title='bbox 2613 2767 2759 2811; x_wconf 89' lang='lat' dir='ltr'><strong>tuam</strong></span> <span class='ocrx_word' id='word_1_424' title='bbox 2791 2757 3280 2830; x_wconf 76' lang='lat' dir='ltr'><strong>ipcomparabilem</strong></span> <span class='ocrx_word' id='word_1_425' title='bbox 3303 2761 3657 2817; x_wconf 83' lang='lat' dir='ltr'><strong>obsolescere</strong></span> 
     </span>
    </p>
   </div>
   <div class='ocr_carea' id='block_1_58' title="bbox 2075 2845 3655 2915">
    <p class='ocr_par' dir='ltr' id='par_1_58' title="bbox 2075 2845 3655 2915">
     <span class='ocr_line' id='line_1_58' title="bbox 2075 2845 3655 2915; baseline 0 -16"><span class='ocrx_word' id='word_1_426' title='bbox 2075 2847 2300 2900; x_wconf 89' lang='lat' dir='ltr'><strong>silentio</strong></span> <span class='ocrx_word' id='word_1_427' title='bbox 2354 2847 2599 2915; x_wconf 82' lang='lat' dir='ltr'><strong>patiaris.</strong></span> <span class='ocrx_word' id='word_1_428' title='bbox 2659 2845 2781 2901; x_wconf 83' lang='lat' dir='ltr'><strong>Jam</strong></span> <span class='ocrx_word' id='word_1_429' title='bbox 2835 2846 2970 2900; x_wconf 89' lang='lat' dir='ltr'><strong>illud</strong></span> <span class='ocrx_word' id='word_1_430' title='bbox 3040 2862 3262 2915; x_wconf 86' lang='lat' dir='ltr'><strong>quoque</strong></span> <span class='ocrx_word' id='word_1_431' title='bbox 3315 2847 3655 2911; x_wconf 86' lang='lat' dir='ltr'><strong>videndum,</strong></span> 
     </span>
    </p>
   </div>
   <div class='ocr_carea' id='block_1_59' title="bbox 2074 2937 3657 3007">
    <p class='ocr_par' dir='ltr' id='par_1_59' title="bbox 2074 2937 3657 3007">
     <span class='ocr_line' id='line_1_59' title="bbox 2074 2937 3657 3007; baseline 0.001 -18"><span class='ocrx_word' id='word_1_432' title='bbox 2074 2953 2240 3007; x_wconf 85' lang='lat' dir='ltr'><strong>quam</strong></span> <span class='ocrx_word' id='word_1_433' title='bbox 2274 2938 2745 2991; x_wconf 85' lang='lat' dir='ltr'><strong>inconstantia-et</strong></span> <span class='ocrx_word' id='word_1_434' title='bbox 2780 2937 2993 2991; x_wconf 91' lang='lat' dir='ltr'><strong>incerta</strong></span> <span class='ocrx_word' id='word_1_435' title='bbox 3029 2939 3143 2991; x_wconf 88' lang='lat' dir='ltr'><strong>sint</strong></span> <span class='ocrx_word' id='word_1_436' title='bbox 3182 2939 3365 2993; x_wconf 88' lang='lat' dir='ltr'><strong>omnia</strong></span> <span class='ocrx_word' id='word_1_437' title='bbox 3397 2958 3410 2992; x_wconf 87' lang='lat'>:</span> <span class='ocrx_word' id='word_1_438' title='bbox 3446 2950 3503 2993; x_wconf 90' lang='lat' dir='ltr'><strong>ut</strong></span> <span class='ocrx_word' id='word_1_439' title='bbox 3543 2942 3657 2993; x_wconf 83' lang='lat' dir='ltr'><strong>for-</strong></span> 
     </span>
    </p>
   </div>
   <div class='ocr_carea' id='block_1_60' title="bbox 2078 3028 3653 3087">
    <p class='ocr_par' dir='ltr' id='par_1_60' title="bbox 2078 3028 3653 3087">
     <span class='ocr_line' id='line_1_60' title="bbox 2078 3028 3653 3087; baseline 0.001 -2"><span class='ocrx_word' id='word_1_440' title='bbox 2078 3040 2225 3085; x_wconf 73' lang='lat' dir='ltr'><strong>tuna:</strong></span> <span class='ocrx_word' id='word_1_441' title='bbox 2264 3031 2505 3086; x_wconf 82' lang='lat' dir='ltr'><strong>insultes</strong></span> <span class='ocrx_word' id='word_1_442' title='bbox 2556 3028 2696 3084; x_wconf 85' lang='lat' dir='ltr'><strong>nihil</strong></span> <span class='ocrx_word' id='word_1_443' title='bbox 2732 3046 2854 3084; x_wconf 87' lang='lat' dir='ltr'><strong>esse</strong></span> <span class='ocrx_word' id='word_1_444' title='bbox 2890 3030 3219 3084; x_wconf 89' lang='lat' dir='ltr'><strong>diuturnum</strong></span> <span class='ocrx_word' id='word_1_445' title='bbox 3252 3033 3430 3087; x_wconf 87' lang='lat' dir='ltr'><strong>sinat:</strong></span> <span class='ocrx_word' id='word_1_446' title='bbox 3468 3042 3526 3086; x_wconf 93' lang='lat' dir='ltr'><strong>ut</strong></span> <span class='ocrx_word' id='word_1_447' title='bbox 3561 3033 3653 3087; x_wconf 88' lang='lat' dir='ltr'><strong>alii</strong></span> 
     </span>
    </p>
   </div>
   <div class='ocr_carea' id='block_1_61' title="bbox 2075 3124 3656 3197">
    <p class='ocr_par' dir='ltr' id='par_1_61' title="bbox 2075 3124 3656 3197">
     <span class='ocr_line' id='line_1_61' title="bbox 2075 3124 3656 3197; baseline 0.002 -18"><span class='ocrx_word' id='word_1_448' title='bbox 2075 3125 2278 3188; x_wconf 74' lang='lat' dir='ltr'><strong>serius,</strong></span> <span class='ocrx_word' id='word_1_449' title='bbox 2306 3124 2462 3178; x_wconf 88' lang='lat' dir='ltr'><strong>ocius</strong></span> <span class='ocrx_word' id='word_1_450' title='bbox 2511 3125 2628 3188; x_wconf 87' lang='lat' dir='ltr'><strong>alii,</strong></span> <span class='ocrx_word' id='word_1_451' title='bbox 2677 3126 2842 3179; x_wconf 77' lang='lat' dir='ltr'><strong>rebus</strong></span> <span class='ocrx_word' id='word_1_452' title='bbox 2871 3124 3132 3179; x_wconf 87' lang='lat' dir='ltr'><strong>omnibus</strong></span> <span class='ocrx_word' id='word_1_453' title='bbox 3179 3127 3411 3192; x_wconf 83' lang='lat' dir='ltr'><strong>relictis,</strong></span> <span class='ocrx_word' id='word_1_454' title='bbox 3456 3137 3656 3197; x_wconf 70' lang='lat' dir='ltr'><strong>przeter</strong></span> 
     </span>
    </p>
   </div>
   <div class='ocr_carea' id='block_1_62' title="bbox 2075 3198 3659 3288">
    <p class='ocr_par' dir='ltr' id='par_1_62' title="bbox 2075 3198 3659 3288">
     <span class='ocr_line' id='line_1_62' title="bbox 2075 3198 3659 3288; baseline 0.002 -16"><span class='ocrx_word' id='word_1_455' title='bbox 2075 3219 2564 3288; x_wconf 84' lang='lat' dir='ltr'><strong>exspectationem,</strong></span> <span class='ocrx_word' id='word_1_456' title='bbox 2601 3198 2667 3273; x_wconf 40' lang='lat' dir='ltr'><strong>‘iu</strong></span> <span class='ocrx_word' id='word_1_457' title='bbox 2717 3228 2962 3281; x_wconf 89' lang='lat' dir='ltr'><strong>noctem,</strong></span> <span class='ocrx_word' id='word_1_458' title='bbox 2995 3218 3049 3272; x_wconf 91' lang='lat' dir='ltr'><strong>in</strong></span> <span class='ocrx_word' id='word_1_459' title='bbox 3104 3220 3384 3287; x_wconf 82' lang='lat' dir='ltr'><strong>tenebras,</strong></span> <span class='ocrx_word' id='word_1_460' title='bbox 3421 3222 3473 3273; x_wconf 91' lang='lat' dir='ltr'><strong>in</strong></span> <span class='ocrx_word' id='word_1_461' title='bbox 3512 3222 3659 3275; x_wconf 57' lang='lat' dir='ltr'><strong>obl»-</strong></span> 
     </span>
    </p>
   </div>
   <div class='ocr_carea' id='block_1_63' title="bbox 393 3310 3662 3397">
    <p class='ocr_par' dir='ltr' id='par_1_63' title="bbox 393 3310 3662 3397">
     <span class='ocr_line' id='line_1_63' title="bbox 393 3310 3662 3397; baseline 0.002 -22"><span class='ocrx_word' id='word_1_462' title='bbox 393 3322 658 3388; x_wconf 86' lang='grc' dir='ltr'>πολλάκις</span> <span class='ocrx_word' id='word_1_463' title='bbox 703 3322 952 3379; x_wconf 80' lang='grc' dir='ltr'>διαπλεῖν</span> <span class='ocrx_word' id='word_1_464' title='bbox 991 3325 1083 3378; x_wconf 80' lang='grc' dir='ltr'>τὸν</span> <span class='ocrx_word' id='word_1_465' title='bbox 1119 3310 1448 3380; x_wconf 20' lang='grc' dir='ltr'>Ἰόνιονγκάκ</span> <span class='ocrx_word' id='word_1_466' title='bbox 1477 3327 1576 3397; x_wconf 81' lang='grc' dir='ltr'>τῆς</span> <span class='ocrx_word' id='word_1_467' title='bbox 1626 3326 1879 3397; x_wconf 77' lang='grc' dir='ltr'>Ἀττικῆς</span> <span class='ocrx_word' id='word_1_468' title='bbox 1912 3327 1971 3390; x_wconf 82' lang='grc' dir='ltr'>ἐς</span> <span class='ocrx_word' id='word_1_469' title='bbox 2003 3342 2044 3395; x_wconf 80' lang='lat' dir='ltr'>c</span> <span class='ocrx_word' id='word_1_470' title='bbox 2079 3312 2321 3377; x_wconf 65' lang='grc' dir='ltr'><strong>νίοηθῐην</strong></span> <span class='ocrx_word' id='word_1_471' title='bbox 2369 3310 2423 3365; x_wconf 71' lang='lat' dir='ltr'><strong>in</strong></span> <span class='ocrx_word' id='word_1_472' title='bbox 2471 3320 2702 3365; x_wconf 50' lang='lat' dir='ltr'><strong>morm!“</strong></span> <span class='ocrx_word' id='word_1_473' title='bbox 2744 3310 3056 3380; x_wconf 67' lang='grc' dir='ltr'>ντθεεὶβῖιεε</span> <span class='ocrx_word' id='word_1_474' title='bbox 3104 3319 3291 3366; x_wconf 69' lang='grc' dir='ltr'><strong>Γυίυη·</strong></span> <span class='ocrx_word' id='word_1_475' title='bbox 3340 3312 3459 3383; x_wconf 68' lang='grc' dir='ltr'><strong>ιρδίι</strong></span> <span class='ocrx_word' id='word_1_476' title='bbox 3497 3330 3662 3382; x_wconf 66' lang='lat' dir='ltr'><strong>Im”0</strong></span> 
     </span>
    </p>
   </div>
   <div class='ocr_carea' id='block_1_64' title="bbox 394 3418 2007 3488">
    <p class='ocr_par' dir='ltr' id='par_1_64' title="bbox 394 3418 2007 3488">
     <span class='ocr_line' id='line_1_64' title="bbox 394 3418 2007 3488; baseline 0.002 -18"><span class='ocrx_word' id='word_1_477' title='bbox 394 3418 667 3484; x_wconf 73' lang='grc' dir='ltr'>Σικελίαν,</span> <span class='ocrx_word' id='word_1_478' title='bbox 698 3418 793 3471; x_wconf 70' lang='grc' dir='ltr'>καὶ</span> <span class='ocrx_word' id='word_1_479' title='bbox 814 3421 1110 3488; x_wconf 76' lang='grc' dir='ltr'>τυράννους</span> <span class='ocrx_word' id='word_1_480' title='bbox 1146 3420 1302 3487; x_wconf 84' lang='grc' dir='ltr'>ίέναι,</span> <span class='ocrx_word' id='word_1_481' title='bbox 1336 3421 1594 3474; x_wconf 81' lang='grc' dir='ltr'>κάκεῖθεν</span> <span class='ocrx_word' id='word_1_482' title='bbox 1612 3418 1770 3483; x_wconf 78' lang='grc' dir='ltr'>αὖθις</span> <span class='ocrx_word' id='word_1_483' title='bbox 1799 3423 1851 3482; x_wconf 62' lang='grc' dir='ltr'>ἐς</span> <span class='ocrx_word' id='word_1_484' title='bbox 1889 3422 1976 3473; x_wconf 83' lang='grc' dir='ltr'><strong>Ἀ·</strong></span> <span class='ocrx_word' id='word_1_485' title='bbox 1995 3422 2007 3431; x_wconf 82' lang='grc'><strong>“</strong></span> 
     </span>
    </p>
   </div>
   <div class='ocr_carea' id='block_1_65' title="bbox 378 3509 1973 3582">
    <p class='ocr_par' dir='ltr' id='par_1_65' title="bbox 378 3509 1973 3582">
     <span class='ocr_line' id='line_1_65' title="bbox 378 3509 1973 3582; baseline 0.001 -19"><span class='ocrx_word' id='word_1_486' title='bbox 378 3509 668 3580; x_wconf 33' lang='grc' dir='ltr'>,καδημίας</span> <span class='ocrx_word' id='word_1_487' title='bbox 723 3511 819 3563; x_wconf 83' lang='grc' dir='ltr'>καὶ</span> <span class='ocrx_word' id='word_1_488' title='bbox 876 3512 1220 3582; x_wconf 80' lang='grc' dir='ltr'>περιπάτους</span> <span class='ocrx_word' id='word_1_489' title='bbox 1275 3514 1584 3575; x_wconf 77' lang='grc' dir='ltr'>ἐπανιέναι,</span> <span class='ocrx_word' id='word_1_490' title='bbox 1624 3512 1691 3565; x_wconf 77' lang='grc' dir='ltr'><strong>ἵν’</strong></span> <span class='ocrx_word' id='word_1_491' title='bbox 1744 3511 1889 3565; x_wconf 79' lang='grc' dir='ltr'>οὕτω</span> <span class='ocrx_word' id='word_1_492' title='bbox 1923 3510 1973 3579; x_wconf 82' lang='grc' dir='ltr'>γ’</span> 
     </span>
    </p>
   </div>
   <div class='ocr_carea' id='block_1_66' title="bbox 394 3602 1975 3675">
    <p class='ocr_par' dir='ltr' id='par_1_66' title="bbox 394 3602 1975 3675">
     <span class='ocr_line' id='line_1_66' title="bbox 394 3602 1975 3675; baseline 0.001 -21"><span class='ocrx_word' id='word_1_493' title='bbox 394 3602 542 3673; x_wconf 68' lang='grc' dir='ltr'>δξείη</span> <span class='ocrx_word' id='word_1_494' title='bbox 602 3603 811 3673; x_wconf 84' lang='grc' dir='ltr'>διαχεῖν</span> <span class='ocrx_word' id='word_1_495' title='bbox 844 3605 904 3658; x_wconf 76' lang='grc' dir='ltr'><strong>ὲν</strong></span> <span class='ocrx_word' id='word_1_496' title='bbox 936 3604 1101 3672; x_wconf 86' lang='grc' dir='ltr'>κοινῷ</span> <span class='ocrx_word' id='word_1_497' title='bbox 1153 3603 1252 3674; x_wconf 80' lang='grc' dir='ltr'><strong>τὴν</strong></span> <span class='ocrx_word' id='word_1_498' title='bbox 1287 3604 1510 3675; x_wconf 86' lang='grc' dir='ltr'>ἀρετὴν.</span> <span class='ocrx_word' id='word_1_499' title='bbox 1554 3603 1672 3658; x_wconf 83' lang='grc' dir='ltr'>ἀλλ’</span> <span class='ocrx_word' id='word_1_500' title='bbox 1719 3602 1846 3658; x_wconf 73' lang='lat' dir='ltr'><strong>dtth</strong></span> <span class='ocrx_word' id='word_1_501' title='bbox 1868 3604 1975 3657; x_wconf 87' lang='grc' dir='ltr'><strong>Λυ-</strong></span> 
     </span>
    </p>
   </div>
   <div class='ocr_carea' id='block_1_67' title="bbox 396 3693 1976 3766">
    <p class='ocr_par' dir='ltr' id='par_1_67' title="bbox 396 3693 1976 3766">
     <span class='ocr_line' id='line_1_67' title="bbox 396 3693 1976 3766; baseline -0.001 -19"><span class='ocrx_word' id='word_1_502' title='bbox 396 3693 549 3747; x_wconf 86' lang='grc' dir='ltr'>κείου</span> <span class='ocrx_word' id='word_1_503' title='bbox 580 3694 675 3747; x_wconf 77' lang='grc' dir='ltr'>καὶ</span> <span class='ocrx_word' id='word_1_504' title='bbox 705 3695 877 3756; x_wconf 79' lang='grc' dir='ltr'>Στοᾶς</span> <span class='ocrx_word' id='word_1_505' title='bbox 899 3697 964 3766; x_wconf 79' lang='grc' dir='ltr'>τῇ</span> <span class='ocrx_word' id='word_1_506' title='bbox 1009 3695 1235 3765; x_wconf 85' lang='grc' dir='ltr'>συνήθει</span> <span class='ocrx_word' id='word_1_507' title='bbox 1266 3694 1552 3765; x_wconf 84' lang='grc' dir='ltr'>χρώμενον</span> <span class='ocrx_word' id='word_1_508' title='bbox 1595 3695 1754 3766; x_wconf 79' lang='grc' dir='ltr'>ἑστίᾳ</span> <span class='ocrx_word' id='word_1_509' title='bbox 1781 3695 1976 3762; x_wconf 68' lang='grc' dir='ltr'>κόσμῳ</span> 
     </span>
    </p>
   </div>
   <div class='ocr_carea' id='block_1_68' title="bbox 395 3785 1978 3858">
    <p class='ocr_par' dir='ltr' id='par_1_68' title="bbox 395 3785 1978 3858">
     <span class='ocr_line' id='line_1_68' title="bbox 395 3785 1978 3858; baseline -0.001 -20"><span class='ocrx_word' id='word_1_510' title='bbox 395 3786 558 3839; x_wconf 78' lang='grc' dir='ltr'>παντὶ</span> <span class='ocrx_word' id='word_1_511' title='bbox 584 3786 977 3855; x_wconf 79' lang='grc' dir='ltr'>παραπέμπειν</span> <span class='ocrx_word' id='word_1_512' title='bbox 1000 3788 1099 3856; x_wconf 81' lang='grc' dir='ltr'>τὴν</span> <span class='ocrx_word' id='word_1_513' title='bbox 1127 3788 1348 3858; x_wconf 86' lang='grc' dir='ltr'>ἀρετὴν.</span> <span class='ocrx_word' id='word_1_514' title='bbox 1382 3787 1561 3841; x_wconf 72' lang='grc' dir='ltr'>ἔπειθ’</span> <span class='ocrx_word' id='word_1_515' title='bbox 1612 3787 1672 3840; x_wconf 76' lang='grc' dir='ltr'><strong>ἓν</strong></span> <span class='ocrx_word' id='word_1_516' title='bbox 1701 3788 1765 3854; x_wconf 85' lang='grc' dir='ltr'><em>γέ</em></span> <span class='ocrx_word' id='word_1_517' title='bbox 1789 3806 1839 3840; x_wconf 88' lang='grc' dir='ltr'><strong>τι</strong></span> <span class='ocrx_word' id='word_1_518' title='bbox 1865 3785 1978 3838; x_wconf 86' lang='grc' dir='ltr'>τῶν</span> 
     </span>
    </p>
   </div>
   <div class='ocr_carea' id='block_1_69' title="bbox 395 3877 1976 3952">
    <p class='ocr_par' dir='ltr' id='par_1_69' title="bbox 395 3877 1976 3952">
     <span class='ocr_line' id='line_1_69' title="bbox 395 3877 1976 3952; baseline -0.002 -19"><span class='ocrx_word' id='word_1_519' title='bbox 395 3877 653 3933; x_wconf 76' lang='grc' dir='ltr'>ἀπάντων</span> <span class='ocrx_word' id='word_1_520' title='bbox 691 3879 1016 3951; x_wconf 82' lang='grc' dir='ltr'>προτιμῴης</span> <span class='ocrx_word' id='word_1_521' title='bbox 1048 3880 1238 3951; x_wconf 80' lang='grc' dir='ltr'>ἓτερον</span> <span class='ocrx_word' id='word_1_522' title='bbox 1271 3881 1366 3934; x_wconf 77' lang='grc' dir='ltr'>καὶ</span> <span class='ocrx_word' id='word_1_523' title='bbox 1406 3880 1661 3952; x_wconf 65' lang='grc' dir='ltr'><strong>ῥᾳστώνῃ</strong></span> <span class='ocrx_word' id='word_1_524' title='bbox 1692 3879 1851 3948; x_wconf 70' lang='grc' dir='ltr'>διδῷς</span> <span class='ocrx_word' id='word_1_525' title='bbox 1880 3896 1976 3930; x_wconf 92' lang='grc' dir='ltr'><strong>σου</strong></span> 
     </span>
    </p>
   </div>
   <div class='ocr_carea' id='block_1_70' title="bbox 394 3972 1974 4044">
    <p class='ocr_par' dir='ltr' id='par_1_70' title="bbox 394 3972 1974 4044">
     <span class='ocr_line' id='line_1_70' title="bbox 394 3972 1974 4044; baseline 0 -20"><span class='ocrx_word' id='word_1_526' title='bbox 394 3972 496 4043; x_wconf 78' lang='grc' dir='ltr'>τὴν</span> <span class='ocrx_word' id='word_1_527' title='bbox 527 3972 622 4026; x_wconf 86' lang='grc' dir='ltr'><strong>τοῦ</strong></span> <span class='ocrx_word' id='word_1_528' title='bbox 682 3972 886 4029; x_wconf 78' lang='grc' dir='ltr'>παντὸς</span> <span class='ocrx_word' id='word_1_529' title='bbox 943 3972 1102 4040; x_wconf 76' lang='grc' dir='ltr'>ἀξίαν</span> <span class='ocrx_word' id='word_1_530' title='bbox 1153 3972 1428 4042; x_wconf 84' lang='grc' dir='ltr'>γλῶτταν.</span> <span class='ocrx_word' id='word_1_531' title='bbox 1475 3973 1644 4044; x_wconf 77' lang='grc' dir='ltr'><strong>Ὀρᾷν</strong></span> <span class='ocrx_word' id='word_1_532' title='bbox 1693 3973 1751 4025; x_wconf 85' lang='grc' dir='ltr'>δὲ</span> <span class='ocrx_word' id='word_1_533' title='bbox 1802 3972 1974 4043; x_wconf 79' lang='grc' dir='ltr'>δήπου</span> 
     </span>
    </p>
   </div>
   <div class='ocr_carea' id='block_1_71' title="bbox 395 4059 1975 4131">
    <p class='ocr_par' dir='ltr' id='par_1_71' title="bbox 395 4059 1975 4131">
     <span class='ocr_line' id='line_1_71' title="bbox 395 4059 1975 4131; baseline -0.001 -19"><span class='ocrx_word' id='word_1_534' title='bbox 395 4059 573 4131; x_wconf 79' lang='grc' dir='ltr'>χρεὼν</span> <span class='ocrx_word' id='word_1_535' title='bbox 624 4062 720 4115; x_wconf 78' lang='grc' dir='ltr'>καὶ</span> <span class='ocrx_word' id='word_1_536' title='bbox 764 4060 866 4131; x_wconf 82' lang='grc' dir='ltr'>ὅση</span> <span class='ocrx_word' id='word_1_537' title='bbox 903 4064 1018 4124; x_wconf 87' lang='grc' dir='ltr'>τοῖς</span> <span class='ocrx_word' id='word_1_538' title='bbox 1073 4063 1402 4130; x_wconf 77' lang='grc' dir='ltr'>πράγμασιν</span> <span class='ocrx_word' id='word_1_539' title='bbox 1453 4061 1690 4114; x_wconf 76' lang='grc' dir='ltr'>ἀπιστία</span> <span class='ocrx_word' id='word_1_540' title='bbox 1758 4078 1819 4113; x_wconf 88' lang='grc' dir='ltr'><strong>τε</strong></span> <span class='ocrx_word' id='word_1_541' title='bbox 1882 4061 1975 4112; x_wconf 69' lang='grc' dir='ltr'>καὶ</span> 
     </span>
    </p>
   </div>
   <div class='ocr_carea' id='block_1_72' title="bbox 396 4136 1980 4224">
    <p class='ocr_par' dir='ltr' id='par_1_72' title="bbox 396 4136 1980 4224">
     <span class='ocr_line' id='line_1_72' title="bbox 396 4136 1980 4224; baseline -0.001 -18"><span class='ocrx_word' id='word_1_542' title='bbox 396 4151 745 4224; x_wconf 74' lang='grc' dir='ltr'>πλημμέλεια</span> <span class='ocrx_word' id='word_1_543' title='bbox 795 4136 1196 4224; x_wconf 66' lang='grc' dir='ltr'>περικέχυται,</span> <span class='ocrx_word' id='word_1_544' title='bbox 1231 4154 1328 4206; x_wconf 80' lang='grc' dir='ltr'>καὶ</span> <span class='ocrx_word' id='word_1_545' title='bbox 1385 4153 1534 4215; x_wconf 82' lang='grc' dir='ltr'>ὅπως</span> <span class='ocrx_word' id='word_1_546' title='bbox 1578 4155 1634 4206; x_wconf 88' lang='grc' dir='ltr'>αἱ</span> <span class='ocrx_word' id='word_1_547' title='bbox 1666 4153 1767 4221; x_wconf 78' lang='grc' dir='ltr'>τῆς</span> <span class='ocrx_word' id='word_1_548' title='bbox 1805 4152 1980 4222; x_wconf 70' lang='grc' dir='ltr'>τύχης</span> 
     </span>
    </p>
   </div>
   <div class='ocr_carea' id='block_1_73' title="bbox 395 4244 1976 4317">
    <p class='ocr_par' dir='ltr' id='par_1_73' title="bbox 395 4244 1976 4317">
     <span class='ocr_line' id='line_1_73' title="bbox 395 4244 1976 4317; baseline 0.001 -20"><span class='ocrx_word' id='word_1_549' title='bbox 395 4244 683 4300; x_wconf 72' lang='grc' dir='ltr'>ἐπιδουλαὶ</span> <span class='ocrx_word' id='word_1_550' title='bbox 719 4246 902 4317; x_wconf 85' lang='grc' dir='ltr'>μένειν</span> <span class='ocrx_word' id='word_1_551' title='bbox 927 4246 1084 4300; x_wconf 85' lang='grc' dir='ltr'>οὐδὲν</span> <span class='ocrx_word' id='word_1_552' title='bbox 1113 4246 1225 4301; x_wconf 86' lang='grc' dir='ltr'>τῶν</span> <span class='ocrx_word' id='word_1_553' title='bbox 1248 4246 1468 4301; x_wconf 88' lang='grc' dir='ltr'>πάντων</span> <span class='ocrx_word' id='word_1_554' title='bbox 1501 4245 1665 4301; x_wconf 81' lang='grc' dir='ltr'>ἐῶσιν</span> <span class='ocrx_word' id='word_1_555' title='bbox 1702 4246 1787 4315; x_wconf 76' lang='grc' dir='ltr'><strong>ἐφ’</strong></span> <span class='ocrx_word' id='word_1_556' title='bbox 1817 4247 1942 4309; x_wconf 78' lang='grc' dir='ltr'>ἑνός</span> <span class='ocrx_word' id='word_1_557' title='bbox 1961 4260 1976 4277; x_wconf 77' lang='grc' dir='ltr'><strong><em>ο</em></strong></span> 
     </span>
    </p>
   </div>
   <div class='ocr_carea' id='block_1_74' title="bbox 397 4330 1983 4408">
    <p class='ocr_par' dir='ltr' id='par_1_74' title="bbox 397 4330 1983 4408">
     <span class='ocr_line' id='line_1_74' title="bbox 397 4330 1983 4408; baseline -0.001 -19"><span class='ocrx_word' id='word_1_558' title='bbox 397 4336 515 4389; x_wconf 86' lang='grc' dir='ltr'>ἀλλ’</span> <span class='ocrx_word' id='word_1_559' title='bbox 535 4338 814 4408; x_wconf 81' lang='grc' dir='ltr'>ἄνθρωποι</span> <span class='ocrx_word' id='word_1_560' title='bbox 842 4338 962 4407; x_wconf 83' lang='grc' dir='ltr'>μὲν,</span> <span class='ocrx_word' id='word_1_561' title='bbox 987 4338 1038 4390; x_wconf 82' lang='grc' dir='ltr'>οἱ</span> <span class='ocrx_word' id='word_1_562' title='bbox 1068 4337 1167 4407; x_wconf 77' lang='grc' dir='ltr'>μὲν</span> <span class='ocrx_word' id='word_1_563' title='bbox 1196 4338 1253 4389; x_wconf 81' lang='grc' dir='ltr'>ἐν</span> <span class='ocrx_word' id='word_1_564' title='bbox 1285 4330 1606 4407; x_wconf 70' lang='grc' dir='ltr'>μεσημϐρίᾳ</span> <span class='ocrx_word' id='word_1_565' title='bbox 1633 4336 1834 4404; x_wconf 79' lang='grc' dir='ltr'>φωτὸς,</span> <span class='ocrx_word' id='word_1_566' title='bbox 1858 4336 1983 4387; x_wconf 86' lang='grc' dir='ltr'>σκό-</span> 
     </span>
    </p>
   </div>
   <div class='ocr_carea' id='block_1_75' title="bbox 396 4426 1979 4501">
    <p class='ocr_par' dir='ltr' id='par_1_75' title="bbox 396 4426 1979 4501">
     <span class='ocr_line' id='line_1_75' title="bbox 396 4426 1979 4501; baseline -0.002 -19"><span class='ocrx_word' id='word_1_567' title='bbox 396 4447 522 4492; x_wconf 84' lang='grc' dir='ltr'>τους</span> <span class='ocrx_word' id='word_1_568' title='bbox 540 4429 635 4482; x_wconf 77' lang='grc' dir='ltr'>καὶ</span> <span class='ocrx_word' id='word_1_569' title='bbox 654 4428 826 4501; x_wconf 81' lang='grc' dir='ltr'>λήθης</span> <span class='ocrx_word' id='word_1_570' title='bbox 853 4431 1043 4483; x_wconf 78' lang='grc' dir='ltr'>ύπὶασι</span> <span class='ocrx_word' id='word_1_571' title='bbox 1074 4428 1299 4499; x_wconf 68' lang='grc' dir='ltr'>μυχούς*</span> <span class='ocrx_word' id='word_1_572' title='bbox 1318 4426 1402 4501; x_wconf 91' lang='grc' dir='ltr'><strong>[Ρ.</strong></span> <span class='ocrx_word' id='word_1_573' title='bbox 1427 4427 1623 4500; x_wconf 70' lang='grc' dir='ltr'><strong>⁸201]οξ</strong></span> <span class='ocrx_word' id='word_1_574' title='bbox 1647 4429 1691 4481; x_wconf 89' lang='grc' dir='ltr'>δ’</span> <span class='ocrx_word' id='word_1_575' title='bbox 1722 4428 1783 4493; x_wconf 78' lang='grc' dir='ltr'>ἐξ</span> <span class='ocrx_word' id='word_1_576' title='bbox 1811 4427 1979 4481; x_wconf 77' lang='grc' dir='ltr'>ὕπνου</span> 
     </span>
    </p>
   </div>
   <div class='ocr_carea' id='block_1_76' title="bbox 399 4520 1983 4593">
    <p class='ocr_par' dir='ltr' id='par_1_76' title="bbox 399 4520 1983 4593">
     <span class='ocr_line' id='line_1_76' title="bbox 399 4520 1983 4593; baseline -0.004 -14"><span class='ocrx_word' id='word_1_577' title='bbox 399 4523 497 4579; x_wconf 75' lang='grc' dir='ltr'>καὶ</span> <span class='ocrx_word' id='word_1_578' title='bbox 525 4524 717 4586; x_wconf 77' lang='grc' dir='ltr'>νυκτὸς</span> <span class='ocrx_word' id='word_1_579' title='bbox 754 4526 836 4586; x_wconf 79' lang='grc' dir='ltr'>εἰς</span> <span class='ocrx_word' id='word_1_580' title='bbox 863 4523 1068 4586; x_wconf 80' lang='grc' dir='ltr'>ῦπνους</span> <span class='ocrx_word' id='word_1_581' title='bbox 1086 4527 1180 4576; x_wconf 77' lang='grc' dir='ltr'>καὶ</span> <span class='ocrx_word' id='word_1_582' title='bbox 1202 4522 1404 4586; x_wconf 88' lang='grc' dir='ltr'>νύκτας</span> <span class='ocrx_word' id='word_1_583' title='bbox 1424 4521 1693 4593; x_wconf 84' lang='grc' dir='ltr'>διηνεκεῖς</span> <span class='ocrx_word' id='word_1_584' title='bbox 1718 4520 1983 4591; x_wconf 78' lang='grc' dir='ltr'>μεταδαί-</span> 
     </span>
    </p>
   </div>
   <div class='ocr_carea' id='block_1_77' title="bbox 398 4615 1983 4687">
    <p class='ocr_par' dir='ltr' id='par_1_77' title="bbox 398 4615 1983 4687">
     <span class='ocr_line' id='line_1_77' title="bbox 398 4615 1983 4687; baseline -0.001 -16"><span class='ocrx_word' id='word_1_585' title='bbox 398 4630 581 4680; x_wconf 86' lang='grc' dir='ltr'>νουσι,</span> <span class='ocrx_word' id='word_1_586' title='bbox 615 4616 797 4680; x_wconf 84' lang='grc' dir='ltr'>πάσας</span> <span class='ocrx_word' id='word_1_587' title='bbox 826 4616 1118 4687; x_wconf 76' lang='grc' dir='ltr'>φροντίδας</span> <span class='ocrx_word' id='word_1_588' title='bbox 1155 4615 1388 4671; x_wconf 85' lang='grc' dir='ltr'>κατόπιν</span> <span class='ocrx_word' id='word_1_589' title='bbox 1422 4615 1983 4686; x_wconf 82' lang='grc' dir='ltr'>διαλιμπάνοντες.Ἡ</span> 
     </span>
    </p>
   </div>
   <div class='ocr_carea' id='block_1_78' title="bbox 2078 3402 3664 3476">
    <p class='ocr_par' dir='ltr' id='par_1_78' title="bbox 2078 3402 3664 3476">
     <span class='ocr_line' id='line_1_78' title="bbox 2078 3402 3664 3476; baseline 0.003 -19"><span class='ocrx_word' id='word_1_590' title='bbox 2078 3402 2349 3474; x_wconf 82' lang='lat' dir='ltr'><strong>sapientia</strong></span> <span class='ocrx_word' id='word_1_591' title='bbox 2402 3419 2627 3473; x_wconf 89' lang='lat' dir='ltr'><strong>quoque</strong></span> <span class='ocrx_word' id='word_1_592' title='bbox 2685 3404 2945 3473; x_wconf 71' lang='lat' dir='ltr'><strong>migravit</strong></span> <span class='ocrx_word' id='word_1_593' title='bbox 2993 3405 3230 3472; x_wconf 67' lang='lat' dir='ltr'><strong>saepius;</strong></span> <span class='ocrx_word' id='word_1_594' title='bbox 3271 3406 3433 3475; x_wconf 88' lang='lat' dir='ltr'><strong>cujus</strong></span> <span class='ocrx_word' id='word_1_595' title='bbox 3482 3408 3664 3476; x_wconf 89' lang='lat' dir='ltr'><strong>primo</strong></span> 
     </span>
    </p>
   </div>
   <div class='ocr_carea' id='block_1_79' title="bbox 2078 3494 3662 3567">
    <p class='ocr_par' dir='ltr' id='par_1_79' title="bbox 2078 3494 3662 3567">
     <span class='ocr_line' id='line_1_79' title="bbox 2078 3494 3662 3567; baseline 0.004 -19"><span class='ocrx_word' id='word_1_596' title='bbox 2078 3495 2424 3549; x_wconf 66' lang='lat' dir='ltr'><strong>domicilium</strong></span> <span class='ocrx_word' id='word_1_597' title='bbox 2470 3494 2740 3567; x_wconf 65' lang='lat' dir='ltr'><strong>Egyptus</strong></span> <span class='ocrx_word' id='word_1_598' title='bbox 2793 3495 2962 3549; x_wconf 82' lang='lat' dir='ltr'><strong>fuisse</strong></span> <span class='ocrx_word' id='word_1_599' title='bbox 3019 3496 3365 3566; x_wconf 82' lang='lat' dir='ltr'><strong>perhibetur.</strong></span> <span class='ocrx_word' id='word_1_600' title='bbox 3417 3499 3550 3554; x_wconf 89' lang='lat' dir='ltr'><strong>lude</strong></span> <span class='ocrx_word' id='word_1_601' title='bbox 3594 3502 3662 3555; x_wconf 91' lang='lat' dir='ltr'><strong>ad</strong></span> 
     </span>
    </p>
   </div>
   <div class='ocr_carea' id='block_1_80' title="bbox 2080 3586 3667 3659">
    <p class='ocr_par' dir='ltr' id='par_1_80' title="bbox 2080 3586 3667 3659">
     <span class='ocr_line' id='line_1_80' title="bbox 2080 3586 3667 3659; baseline 0.004 -18"><span class='ocrx_word' id='word_1_602' title='bbox 2080 3588 2277 3641; x_wconf 74' lang='lat' dir='ltr'><strong>Persas</strong></span> <span class='ocrx_word' id='word_1_603' title='bbox 2303 3586 2662 3642; x_wconf 69' lang='lat' dir='ltr'><strong>etChaldaeos</strong></span> <span class='ocrx_word' id='word_1_604' title='bbox 2690 3589 2943 3644; x_wconf 86' lang='lat' dir='ltr'><strong>transiit:</strong></span> <span class='ocrx_word' id='word_1_605' title='bbox 2970 3598 3094 3658; x_wconf 89' lang='lat' dir='ltr'><strong>post</strong></span> <span class='ocrx_word' id='word_1_606' title='bbox 3124 3590 3271 3659; x_wconf 91' lang='lat' dir='ltr'><strong>apud</strong></span> <span class='ocrx_word' id='word_1_607' title='bbox 3294 3591 3667 3647; x_wconf 83' lang='lat' dir='ltr'><strong>Athenienses</strong></span> 
     </span>
    </p>
   </div>
   <div class='ocr_carea' id='block_1_81' title="bbox 2078 3679 3667 3748">
    <p class='ocr_par' dir='ltr' id='par_1_81' title="bbox 2078 3679 3667 3748">
     <span class='ocr_line' id='line_1_81' title="bbox 2078 3679 3667 3748; baseline 0.004 -15"><span class='ocrx_word' id='word_1_608' title='bbox 2078 3679 2345 3735; x_wconf 87' lang='lat' dir='ltr'><strong>divertit:</strong></span> <span class='ocrx_word' id='word_1_609' title='bbox 2382 3691 2550 3748; x_wconf 79' lang='lat' dir='ltr'><strong>atque</strong></span> <span class='ocrx_word' id='word_1_610' title='bbox 2604 3680 2755 3735; x_wconf 90' lang='lat' dir='ltr'><strong>illine</strong></span> <span class='ocrx_word' id='word_1_611' title='bbox 2807 3681 2975 3735; x_wconf 84' lang='lat' dir='ltr'><strong>etiam</strong></span> <span class='ocrx_word' id='word_1_612' title='bbox 3025 3681 3243 3735; x_wconf 86' lang='lat' dir='ltr'><strong>tandem</strong></span> <span class='ocrx_word' id='word_1_613' title='bbox 3280 3684 3570 3738; x_wconf 85' lang='lat' dir='ltr'><strong>avolavit:</strong></span> <span class='ocrx_word' id='word_1_614' title='bbox 3611 3695 3667 3739; x_wconf 91' lang='lat' dir='ltr'><strong>et</strong></span> 
     </span>
    </p>
   </div>
   <div class='ocr_carea' id='block_1_82' title="bbox 2081 3774 3665 3846">
    <p class='ocr_par' dir='ltr' id='par_1_82' title="bbox 2081 3774 3665 3846">
     <span class='ocr_line' id='line_1_82' title="bbox 2081 3774 3665 3846; baseline 0.004 -21"><span class='ocrx_word' id='word_1_615' title='bbox 2081 3789 2229 3826; x_wconf 89' lang='lat' dir='ltr'><strong>nunc</strong></span> <span class='ocrx_word' id='word_1_616' title='bbox 2287 3774 2437 3827; x_wconf 86' lang='lat' dir='ltr'><strong>velut</strong></span> <span class='ocrx_word' id='word_1_617' title='bbox 2486 3774 2702 3828; x_wconf 83' lang='lat' dir='ltr'><strong>avicula</strong></span> <span class='ocrx_word' id='word_1_618' title='bbox 2745 3775 2876 3830; x_wconf 88' lang='lat' dir='ltr'><strong>nido</strong></span> <span class='ocrx_word' id='word_1_619' title='bbox 2931 3776 3224 3831; x_wconf 79' lang='lat' dir='ltr'><strong>exturbata</strong></span> <span class='ocrx_word' id='word_1_620' title='bbox 3280 3777 3447 3846; x_wconf 80' lang='lat' dir='ltr'><strong>longo</strong></span> <span class='ocrx_word' id='word_1_621' title='bbox 3496 3779 3665 3832; x_wconf 85' lang='lat' dir='ltr'><strong>etiam</strong></span> 
     </span>
    </p>
   </div>
   <div class='ocr_carea' id='block_1_83' title="bbox 2082 3869 3664 3940">
    <p class='ocr_par' dir='ltr' id='par_1_83' title="bbox 2082 3869 3664 3940">
     <span class='ocr_line' id='line_1_83' title="bbox 2082 3869 3664 3940; baseline 0.004 -21"><span class='ocrx_word' id='word_1_622' title='bbox 2082 3879 2330 3935; x_wconf 82' lang='lat' dir='ltr'><strong>tempore</strong></span> <span class='ocrx_word' id='word_1_623' title='bbox 2361 3869 2595 3934; x_wconf 82' lang='lat' dir='ltr'><strong>incertis</strong></span> <span class='ocrx_word' id='word_1_624' title='bbox 2627 3869 2856 3924; x_wconf 85' lang='lat' dir='ltr'><strong>sedibus</strong></span> <span class='ocrx_word' id='word_1_625' title='bbox 2882 3880 3114 3940; x_wconf 77' lang='lat' dir='ltr'><strong>vagatur</strong></span> <span class='ocrx_word' id='word_1_626' title='bbox 3155 3880 3210 3925; x_wconf 90' lang='lat' dir='ltr'><strong>et</strong></span> <span class='ocrx_word' id='word_1_627' title='bbox 3240 3872 3486 3926; x_wconf 86' lang='lat' dir='ltr'><strong>oberrat.</strong></span> <span class='ocrx_word' id='word_1_628' title='bbox 3520 3873 3664 3927; x_wconf 88' lang='lat' dir='ltr'><strong>Fieri</strong></span> 
     </span>
    </p>
   </div>
   <div class='ocr_carea' id='block_1_84' title="bbox 2079 3961 3659 4030">
    <p class='ocr_par' dir='ltr' id='par_1_84' title="bbox 2079 3961 3659 4030">
     <span class='ocr_line' id='line_1_84' title="bbox 2079 3961 3659 4030; baseline 0.004 -18"><span class='ocrx_word' id='word_1_629' title='bbox 2079 3970 2262 4013; x_wconf 87' lang='lat' dir='ltr'><strong>autem</strong></span> <span class='ocrx_word' id='word_1_630' title='bbox 2298 3969 2498 4026; x_wconf 87' lang='lat' dir='ltr'><strong>potest,</strong></span> <span class='ocrx_word' id='word_1_631' title='bbox 2529 3969 2588 4013; x_wconf 92' lang='lat' dir='ltr'><strong>ut</strong></span> <span class='ocrx_word' id='word_1_632' title='bbox 2617 3967 2713 4012; x_wconf 86' lang='lat' dir='ltr'><strong>aut</strong></span> <span class='ocrx_word' id='word_1_633' title='bbox 2742 3961 2889 4030; x_wconf 83' lang='lat' dir='ltr'><strong>apud</strong></span> <span class='ocrx_word' id='word_1_634' title='bbox 2924 3978 3026 4017; x_wconf 92' lang='lat' dir='ltr'><strong>nos</strong></span> <span class='ocrx_word' id='word_1_635' title='bbox 3060 3962 3231 4016; x_wconf 84' lang='lat' dir='ltr'><strong>ﬁnitis</strong></span> <span class='ocrx_word' id='word_1_636' title='bbox 3255 3964 3564 4027; x_wconf 82' lang='lat' dir='ltr'><strong>erroribus,</strong></span> <span class='ocrx_word' id='word_1_637' title='bbox 3611 3967 3659 4018; x_wconf 89' lang='lat' dir='ltr'><strong>si</strong></span> 
     </span>
    </p>
   </div>
   <div class='ocr_carea' id='block_1_85' title="bbox 2082 4049 3672 4120">
    <p class='ocr_par' dir='ltr' id='par_1_85' title="bbox 2082 4049 3672 4120">
     <span class='ocr_line' id='line_1_85' title="bbox 2082 4049 3672 4120; baseline 0.003 -15"><span class='ocrx_word' id='word_1_638' title='bbox 2082 4050 2181 4105; x_wconf 87' lang='lat' dir='ltr'><strong>tibi</strong></span> <span class='ocrx_word' id='word_1_639' title='bbox 2230 4050 2301 4102; x_wconf 90' lang='lat' dir='ltr'><strong>ita</strong></span> <span class='ocrx_word' id='word_1_640' title='bbox 2346 4049 2524 4103; x_wconf 88' lang='lat' dir='ltr'><strong>visum</strong></span> <span class='ocrx_word' id='word_1_641' title='bbox 2592 4049 2780 4114; x_wconf 84' lang='lat' dir='ltr'><strong>fuerit,</strong></span> <span class='ocrx_word' id='word_1_642' title='bbox 2814 4051 3155 4107; x_wconf 86' lang='lat' dir='ltr'><strong>domicilium</strong></span> <span class='ocrx_word' id='word_1_643' title='bbox 3206 4055 3525 4120; x_wconf 88' lang='lat' dir='ltr'><strong>constituat,</strong></span> <span class='ocrx_word' id='word_1_644' title='bbox 3573 4067 3672 4109; x_wconf 91' lang='lat' dir='ltr'><strong>aut</strong></span> 
     </span>
    </p>
   </div>
   <div class='ocr_carea' id='block_1_86' title="bbox 2083 4138 3668 4209">
    <p class='ocr_par' dir='ltr' id='par_1_86' title="bbox 2083 4138 3668 4209">
     <span class='ocr_line' id='line_1_86' title="bbox 2083 4138 3668 4209; baseline 0.006 -18"><span class='ocrx_word' id='word_1_645' title='bbox 2083 4155 2313 4209; x_wconf 81' lang='lat' dir='ltr'><strong>prorsus</strong></span> <span class='ocrx_word' id='word_1_646' title='bbox 2349 4139 2402 4192; x_wconf 90' lang='lat' dir='ltr'><strong>in</strong></span> <span class='ocrx_word' id='word_1_647' title='bbox 2440 4138 2611 4193; x_wconf 69' lang='lat' dir='ltr'><strong>eteius</strong></span> <span class='ocrx_word' id='word_1_648' title='bbox 2645 4142 2830 4194; x_wconf 80' lang='lat' dir='ltr'><strong>abeat.</strong></span> <span class='ocrx_word' id='word_1_649' title='bbox 2862 4141 2942 4196; x_wconf 83' lang='lat' dir='ltr'><strong>Ne</strong></span> <span class='ocrx_word' id='word_1_650' title='bbox 2981 4159 3112 4195; x_wconf 87' lang='lat' dir='ltr'><strong>vero</strong></span> <span class='ocrx_word' id='word_1_651' title='bbox 3156 4143 3289 4197; x_wconf 86' lang='lat' dir='ltr'><strong>mihi</strong></span> <span class='ocrx_word' id='word_1_652' title='bbox 3339 4159 3668 4200; x_wconf 85' lang='lat' dir='ltr'><strong>succenseas</strong></span> 
     </span>
    </p>
   </div>
   <div class='ocr_carea' id='block_1_87' title="bbox 2082 4231 3663 4307">
    <p class='ocr_par' dir='ltr' id='par_1_87' title="bbox 2082 4231 3663 4307">
     <span class='ocr_line' id='line_1_87' title="bbox 2082 4231 3663 4307; baseline 0.003 -21"><span class='ocrx_word' id='word_1_653' title='bbox 2082 4248 2204 4295; x_wconf 88' lang='lat' dir='ltr'><strong>oro,</strong></span> <span class='ocrx_word' id='word_1_654' title='bbox 2243 4240 2293 4285; x_wconf 88' lang='lat' dir='ltr'><strong>te</strong></span> <span class='ocrx_word' id='word_1_655' title='bbox 2325 4231 2392 4284; x_wconf 87' lang='lat' dir='ltr'><strong>ad</strong></span> <span class='ocrx_word' id='word_1_656' title='bbox 2438 4232 2563 4284; x_wconf 81' lang='lat' dir='ltr'><strong>talia</strong></span> <span class='ocrx_word' id='word_1_657' title='bbox 2596 4232 2935 4287; x_wconf 76' lang='lat' dir='ltr'><strong>exhortanti.</strong></span> <span class='ocrx_word' id='word_1_658' title='bbox 2973 4233 3033 4288; x_wconf 86' lang='lat' dir='ltr'><strong>ld</strong></span> <span class='ocrx_word' id='word_1_659' title='bbox 3063 4235 3210 4288; x_wconf 88' lang='lat' dir='ltr'><strong>enim</strong></span> <span class='ocrx_word' id='word_1_660' title='bbox 3246 4232 3431 4291; x_wconf 86' lang='lat' dir='ltr'><strong>dicere</strong></span> <span class='ocrx_word' id='word_1_661' title='bbox 3474 4254 3663 4307; x_wconf 77' lang='lat' dir='ltr'><strong>cogor,</strong></span> 
     </span>
    </p>
   </div>
   <div class='ocr_carea' id='block_1_88' title="bbox 2082 4336 3668 4407">
    <p class='ocr_par' dir='ltr' id='par_1_88' title="bbox 2082 4336 3668 4407">
     <span class='ocr_line' id='line_1_88' title="bbox 2082 4336 3668 4407; baseline 0.005 -19"><span class='ocrx_word' id='word_1_662' title='bbox 2082 4339 2225 4407; x_wconf 85' lang='lat' dir='ltr'><strong>quod</strong></span> <span class='ocrx_word' id='word_1_663' title='bbox 2262 4336 2467 4390; x_wconf 86' lang='lat' dir='ltr'><strong>nullam</strong></span> <span class='ocrx_word' id='word_1_664' title='bbox 2496 4337 2612 4389; x_wconf 85' lang='lat' dir='ltr'><strong>veri</strong></span> <span class='ocrx_word' id='word_1_665' title='bbox 2643 4336 3062 4392; x_wconf 89' lang='lat' dir='ltr'><strong>similitudinem</strong></span> <span class='ocrx_word' id='word_1_666' title='bbox 3097 4340 3286 4405; x_wconf 77' lang='lat' dir='ltr'><strong>liabet,</strong></span> <span class='ocrx_word' id='word_1_667' title='bbox 3312 4340 3520 4395; x_wconf 84' lang='lat' dir='ltr'><strong>incerta</strong></span> <span class='ocrx_word' id='word_1_668' title='bbox 3549 4358 3668 4395; x_wconf 87' lang='lat' dir='ltr'><strong>tnu-</strong></span> 
     </span>
    </p>
   </div>
   <div class='ocr_carea' id='block_1_89' title="bbox 2085 4428 3668 4496">
    <p class='ocr_par' dir='ltr' id='par_1_89' title="bbox 2085 4428 3668 4496">
     <span class='ocr_line' id='line_1_89' title="bbox 2085 4428 3668 4496; baseline 0.003 -14"><span class='ocrx_word' id='word_1_669' title='bbox 2085 4438 2269 4483; x_wconf 87' lang='lat' dir='ltr'><strong>menta</strong></span> <span class='ocrx_word' id='word_1_670' title='bbox 2318 4437 2629 4496; x_wconf 86' lang='lat' dir='ltr'><strong>temporqu</strong></span> <span class='ocrx_word' id='word_1_671' title='bbox 2677 4428 2935 4485; x_wconf 86' lang='lat' dir='ltr'><strong>veritus:</strong></span> <span class='ocrx_word' id='word_1_672' title='bbox 2992 4447 3062 4485; x_wconf 93' lang='lat' dir='ltr'><strong>ne</strong></span> <span class='ocrx_word' id='word_1_673' title='bbox 3128 4432 3282 4486; x_wconf 86' lang='lat' dir='ltr'><strong>velut</strong></span> <span class='ocrx_word' id='word_1_674' title='bbox 3334 4449 3400 4486; x_wconf 80' lang='lat' dir='ltr'><strong>ex</strong></span> <span class='ocrx_word' id='word_1_675' title='bbox 3449 4434 3668 4489; x_wconf 81' lang='lat' dir='ltr'><strong>occulto</strong></span> 
     </span>
    </p>
   </div>
   <div class='ocr_carea' id='block_1_90' title="bbox 2085 4519 3672 4590">
    <p class='ocr_par' dir='ltr' id='par_1_90' title="bbox 2085 4519 3672 4590">
     <span class='ocr_line' id='line_1_90' title="bbox 2085 4519 3672 4590; baseline 0.003 -15"><span class='ocrx_word' id='word_1_676' title='bbox 2085 4531 2256 4589; x_wconf 83' lang='lat' dir='ltr'><strong>atque</strong></span> <span class='ocrx_word' id='word_1_677' title='bbox 2287 4536 2355 4574; x_wconf 81' lang='lat' dir='ltr'><strong>cx</strong></span> <span class='ocrx_word' id='word_1_678' title='bbox 2388 4519 2607 4573; x_wconf 84' lang='lat' dir='ltr'><strong>insidiis</strong></span> <span class='ocrx_word' id='word_1_679' title='bbox 2637 4523 2985 4590; x_wconf 89' lang='lat' dir='ltr'><strong>erumpentia</strong></span> <span class='ocrx_word' id='word_1_680' title='bbox 3020 4534 3231 4578; x_wconf 83' lang='lat' dir='ltr'><strong>tantum</strong></span> <span class='ocrx_word' id='word_1_681' title='bbox 3266 4526 3433 4579; x_wconf 75' lang='lat' dir='ltr'><strong>nobis</strong></span> <span class='ocrx_word' id='word_1_682' title='bbox 3466 4527 3672 4581; x_wconf 86' lang='lat' dir='ltr'><strong>bonum</strong></span> 
     </span>
    </p>
   </div>
   <div class='ocr_carea' id='block_1_91' title="bbox 2086 4612 3671 4683">
    <p class='ocr_par' dir='ltr' id='par_1_91' title="bbox 2086 4612 3671 4683">
     <span class='ocr_line' id='line_1_91' title="bbox 2086 4612 3671 4683; baseline 0.003 -15"><span class='ocrx_word' id='word_1_683' title='bbox 2086 4614 2351 4683; x_wconf 86' lang='lat' dir='ltr'><strong>eripiant.</strong></span> <span class='ocrx_word' id='word_1_684' title='bbox 2385 4612 2546 4673; x_wconf 80' lang='lat' dir='ltr'><strong>Nam.</strong></span> <span class='ocrx_word' id='word_1_685' title='bbox 2593 4615 2637 4668; x_wconf 87' lang='lat' dir='ltr'><strong>si</strong></span> <span class='ocrx_word' id='word_1_686' title='bbox 2671 4624 2727 4667; x_wconf 90' lang='lat' dir='ltr'><strong>et</strong></span> <span class='ocrx_word' id='word_1_687' title='bbox 2771 4614 2879 4669; x_wconf 84' lang='lat' dir='ltr'><strong>hoc</strong></span> <span class='ocrx_word' id='word_1_688' title='bbox 2923 4616 3219 4670; x_wconf 87' lang='lat' dir='ltr'><strong>dicendum</strong></span> <span class='ocrx_word' id='word_1_689' title='bbox 3266 4628 3371 4680; x_wconf 86' lang='lat' dir='ltr'><strong>est,</strong></span> <span class='ocrx_word' id='word_1_690' title='bbox 3410 4624 3517 4673; x_wconf 77' lang='lat' dir='ltr'><strong>non</strong></span> <span class='ocrx_word' id='word_1_691' title='bbox 3563 4632 3671 4679; x_wconf 85' lang='lat' dir='ltr'><strong>tam</strong></span> 
     </span>
    </p>
   </div>
   <div class='ocr_carea' id='block_1_92' title="bbox 396 4696 1974 4780">
    <p class='ocr_par' dir='ltr' id='par_1_92' title="bbox 396 4708 1974 4780">
     <span class='ocr_line' id='line_1_92' title="bbox 396 4708 1974 4780; baseline -0.001 -17"><span class='ocrx_word' id='word_1_692' title='bbox 396 4710 455 4764; x_wconf 74' lang='grc' dir='ltr'>δὲ</span> <span class='ocrx_word' id='word_1_693' title='bbox 482 4710 646 4780; x_wconf 78' lang='grc' dir='ltr'>σοφία</span> <span class='ocrx_word' id='word_1_694' title='bbox 674 4711 771 4764; x_wconf 73' lang='grc' dir='ltr'><strong>καὶ</strong></span> <span class='ocrx_word' id='word_1_695' title='bbox 792 4710 932 4779; x_wconf 78' lang='grc' dir='ltr'>αὐτὴ</span> <span class='ocrx_word' id='word_1_696' title='bbox 964 4710 1188 4773; x_wconf 85' lang='grc' dir='ltr'>πολλαῖς</span> <span class='ocrx_word' id='word_1_697' title='bbox 1218 4711 1337 4773; x_wconf 86' lang='grc' dir='ltr'>ταῖς</span> <span class='ocrx_word' id='word_1_698' title='bbox 1364 4708 1651 4772; x_wconf 86' lang='grc' dir='ltr'>ἀποικίαις</span> <span class='ocrx_word' id='word_1_699' title='bbox 1683 4709 1974 4780; x_wconf 78' lang='grc' dir='ltr'>ἐχρήσατο.</span> 
     </span>
    </p>
   </div>
   <div class='ocr_carea' id='block_1_93' title="bbox 2075 4696 3673 4780">
    <p class='ocr_par' dir='ltr' id='par_1_93' title="bbox 2087 4707 3673 4778">
     <span class='ocr_line' id='line_1_93' title="bbox 2087 4707 3673 4778; baseline 0.001 -17"><span class='ocrx_word' id='word_1_700' title='bbox 2087 4717 2332 4761; x_wconf 83' lang='lat' dir='ltr'><strong>nostram</strong></span> <span class='ocrx_word' id='word_1_701' title='bbox 2394 4707 2572 4761; x_wconf 70' lang='lat' dir='ltr'><strong>Vit&#39;Clli</strong></span> <span class='ocrx_word' id='word_1_702' title='bbox 2631 4707 2854 4761; x_wconf 90' lang='lat' dir='ltr'><strong>solliciti</strong></span> <span class='ocrx_word' id='word_1_703' title='bbox 2906 4724 3119 4772; x_wconf 91' lang='lat' dir='ltr'><strong>sumus,</strong></span> <span class='ocrx_word' id='word_1_704' title='bbox 3146 4726 3309 4778; x_wconf 83' lang='lat' dir='ltr'><strong>quam</strong></span> <span class='ocrx_word' id='word_1_705' title='bbox 3343 4711 3411 4764; x_wconf 77' lang='lat' dir='ltr'><strong>tle</strong></span> <span class='ocrx_word' id='word_1_706' title='bbox 3470 4720 3561 4765; x_wconf 87' lang='lat' dir='ltr'><strong>tua</strong></span> <span class='ocrx_word' id='word_1_707' title='bbox 3621 4713 3673 4764; x_wconf 91' lang='lat' dir='ltr'><strong>iu</strong></span> 
     </span>
    </p>
   </div>
   <div class='ocr_carea' id='block_1_94' title="bbox 394 4797 1981 4874">
    <p class='ocr_par' dir='ltr' id='par_1_94' title="bbox 394 4797 1981 4874">
     <span class='ocr_line' id='line_1_94' title="bbox 394 4797 1981 4874; baseline 0 -17"><span class='ocrx_word' id='word_1_708' title='bbox 394 4801 672 4871; x_wconf 75' lang='grc' dir='ltr'>Αἴγυπτος</span> <span class='ocrx_word' id='word_1_709' title='bbox 700 4802 801 4874; x_wconf 87' lang='grc' dir='ltr'>μὲν</span> <span class='ocrx_word' id='word_1_710' title='bbox 835 4806 945 4873; x_wconf 74' lang='grc' dir='ltr'>γὰρ</span> <span class='ocrx_word' id='word_1_711' title='bbox 976 4803 1169 4872; x_wconf 63' lang='grc' dir='ltr'>αὐτῆς,</span> <span class='ocrx_word' id='word_1_712' title='bbox 1196 4805 1387 4873; x_wconf 72' lang='grc' dir='ltr'>φασὶν,</span> <span class='ocrx_word' id='word_1_713' title='bbox 1418 4804 1451 4872; x_wconf 84' lang='grc' dir='ltr'>ἡ</span> <span class='ocrx_word' id='word_1_714' title='bbox 1474 4805 1607 4872; x_wconf 71' lang='grc' dir='ltr'>πρὶν</span> <span class='ocrx_word' id='word_1_715' title='bbox 1643 4803 1817 4856; x_wconf 68' lang='grc' dir='ltr'>ἑστία.</span> <span class='ocrx_word' id='word_1_716' title='bbox 1848 4797 1981 4857; x_wconf 70' lang='grc' dir='ltr'>Εἶτα</span> 
     </span>
    </p>
   </div>
   <div class='ocr_carea' id='block_1_95' title="bbox 396 4889 1980 4966">
    <p class='ocr_par' dir='ltr' id='par_1_95' title="bbox 396 4889 1980 4966">
     <span class='ocr_line' id='line_1_95' title="bbox 396 4889 1980 4966; baseline -0.003 -17"><span class='ocrx_word' id='word_1_717' title='bbox 396 4895 536 4966; x_wconf 78' lang='grc' dir='ltr'>πρὸς</span> <span class='ocrx_word' id='word_1_718' title='bbox 576 4895 794 4965; x_wconf 85' lang='grc' dir='ltr'>Πέρσας</span> <span class='ocrx_word' id='word_1_719' title='bbox 826 4895 922 4948; x_wconf 78' lang='grc' dir='ltr'>καὶ</span> <span class='ocrx_word' id='word_1_720' title='bbox 951 4894 1250 4958; x_wconf 73' lang='grc' dir='ltr'>Χαλδαίους</span> <span class='ocrx_word' id='word_1_721' title='bbox 1277 4893 1452 4965; x_wconf 80' lang='grc' dir='ltr'>διέϐη.</span> <span class='ocrx_word' id='word_1_722' title='bbox 1489 4889 1620 4947; x_wconf 72' lang='grc' dir='ltr'>Εἶτα</span> <span class='ocrx_word' id='word_1_723' title='bbox 1650 4894 1778 4965; x_wconf 84' lang='grc' dir='ltr'>παρ’</span> <span class='ocrx_word' id='word_1_724' title='bbox 1819 4892 1980 4962; x_wconf 81' lang='grc' dir='ltr'>Ἀθη-</span> 
     </span>
    </p>
   </div>
   <div class='ocr_carea' id='block_1_96' title="bbox 397 4984 1982 5054">
    <p class='ocr_par' dir='ltr' id='par_1_96' title="bbox 397 4984 1982 5054">
     <span class='ocr_line' id='line_1_96' title="bbox 397 4984 1982 5054; baseline -0.001 -15"><span class='ocrx_word' id='word_1_725' title='bbox 397 4987 571 5050; x_wconf 81' lang='grc' dir='ltr'>ναίοις</span> <span class='ocrx_word' id='word_1_726' title='bbox 623 4987 921 5043; x_wconf 63' lang='grc' dir='ltr'>κατέλυσεν</span> <span class='ocrx_word' id='word_1_727' title='bbox 978 4985 1236 5040; x_wconf 81' lang='grc' dir='ltr'>κάκεῖθεν</span> <span class='ocrx_word' id='word_1_728' title='bbox 1275 4985 1338 5038; x_wconf 76' lang='grc' dir='ltr'><strong>τὸ</strong></span> <span class='ocrx_word' id='word_1_729' title='bbox 1386 4985 1706 5039; x_wconf 81' lang='grc' dir='ltr'>τελευταῖον</span> <span class='ocrx_word' id='word_1_730' title='bbox 1757 4984 1982 5054; x_wconf 81' lang='grc' dir='ltr'>ἀπέπτη</span> 
     </span>
    </p>
   </div>
   <div class='ocr_carea' id='block_1_97' title="bbox 399 5073 1988 5147">
    <p class='ocr_par' dir='ltr' id='par_1_97' title="bbox 399 5073 1988 5147">
     <span class='ocr_line' id='line_1_97' title="bbox 399 5073 1988 5147; baseline -0.001 -18"><span class='ocrx_word' id='word_1_731' title='bbox 399 5075 495 5129; x_wconf 75' lang='grc' dir='ltr'>καὶ</span> <span class='ocrx_word' id='word_1_732' title='bbox 521 5077 687 5129; x_wconf 79' lang='grc' dir='ltr'>οἱονεί</span> <span class='ocrx_word' id='word_1_733' title='bbox 734 5094 819 5141; x_wconf 87' lang='grc' dir='ltr'><strong>τις</strong></span> <span class='ocrx_word' id='word_1_734' title='bbox 868 5076 1020 5147; x_wconf 80' lang='grc' dir='ltr'>ὅρνις</span> <span class='ocrx_word' id='word_1_735' title='bbox 1067 5076 1169 5144; x_wconf 74' lang='grc' dir='ltr'>τῆς</span> <span class='ocrx_word' id='word_1_736' title='bbox 1220 5075 1418 5139; x_wconf 78' lang='grc' dir='ltr'>καλιᾶς</span> <span class='ocrx_word' id='word_1_737' title='bbox 1447 5073 1537 5144; x_wconf 82' lang='grc' dir='ltr'><strong>ὑφ’</strong></span> <span class='ocrx_word' id='word_1_738' title='bbox 1574 5075 1798 5129; x_wconf 65' lang='grc' dir='ltr'>ὁτουοῦν</span> <span class='ocrx_word' id='word_1_739' title='bbox 1852 5077 1988 5140; x_wconf 79' lang='grc' dir='ltr'><strong>ἐξω-</strong></span> 
     </span>
    </p>
   </div>
   <div class='ocr_carea' id='block_1_98' title="bbox 404 5165 1983 5237">
    <p class='ocr_par' dir='ltr' id='par_1_98' title="bbox 404 5165 1983 5237">
     <span class='ocr_line' id='line_1_98' title="bbox 404 5165 1983 5237; baseline -0.002 -17"><span class='ocrx_word' id='word_1_740' title='bbox 404 5165 593 5220; x_wconf 80' lang='grc' dir='ltr'>σθεῐσα</span> <span class='ocrx_word' id='word_1_741' title='bbox 621 5169 894 5236; x_wconf 77' lang='grc' dir='ltr'>περίεισιν</span> <span class='ocrx_word' id='word_1_742' title='bbox 926 5166 1054 5237; x_wconf 78' lang='grc' dir='ltr'>ἄρτι</span> <span class='ocrx_word' id='word_1_743' title='bbox 1078 5166 1170 5221; x_wconf 86' lang='grc' dir='ltr'><strong>διά</strong></span> <span class='ocrx_word' id='word_1_744' title='bbox 1202 5167 1421 5237; x_wconf 86' lang='grc' dir='ltr'>μακροῦ</span> <span class='ocrx_word' id='word_1_745' title='bbox 1456 5168 1819 5236; x_wconf 78' lang='grc' dir='ltr'>πλανωμένη.</span> <span class='ocrx_word' id='word_1_746' title='bbox 1847 5168 1983 5219; x_wconf 71' lang='grc' dir='ltr'><strong>Κιν-</strong></span> 
     </span>
    </p>
   </div>
   <div class='ocr_carea' id='block_1_99' title="bbox 400 5256 1983 5330">
    <p class='ocr_par' dir='ltr' id='par_1_99' title="bbox 400 5256 1983 5330">
     <span class='ocr_line' id='line_1_99' title="bbox 400 5256 1983 5330; baseline 0.001 -21"><span class='ocrx_word' id='word_1_747' title='bbox 400 5257 612 5311; x_wconf 84' lang='grc' dir='ltr'>δυνεύει</span> <span class='ocrx_word' id='word_1_748' title='bbox 638 5256 796 5311; x_wconf 82' lang='grc' dir='ltr'>ὁόὒν</span> <span class='ocrx_word' id='word_1_749' title='bbox 824 5260 963 5322; x_wconf 79' lang='grc' dir='ltr'>τέως</span> <span class='ocrx_word' id='word_1_750' title='bbox 997 5259 1030 5327; x_wconf 81' lang='grc' dir='ltr'>ἢ</span> <span class='ocrx_word' id='word_1_751' title='bbox 1063 5260 1194 5329; x_wconf 83' lang='grc' dir='ltr'>παρ’</span> <span class='ocrx_word' id='word_1_752' title='bbox 1219 5261 1351 5330; x_wconf 79' lang='grc' dir='ltr'>ἡμῖν</span> <span class='ocrx_word' id='word_1_753' title='bbox 1387 5260 1644 5312; x_wconf 80' lang='grc' dir='ltr'>ἐνταυθοῖ</span> <span class='ocrx_word' id='word_1_754' title='bbox 1666 5258 1762 5312; x_wconf 86' lang='grc' dir='ltr'><strong>τοῦ</strong></span> <span class='ocrx_word' id='word_1_755' title='bbox 1791 5257 1983 5312; x_wconf 73' lang='grc' dir='ltr'>λοιποῦ</span> 
     </span>
    </p>
   </div>
   <div class='ocr_carea' id='block_1_100' title="bbox 2089 4798 3675 4870">
    <p class='ocr_par' dir='ltr' id='par_1_100' title="bbox 2089 4798 3675 4870">
     <span class='ocr_line' id='line_1_100' title="bbox 2089 4798 3675 4870; baseline 0.003 -19"><span class='ocrx_word' id='word_1_756' title='bbox 2089 4810 2374 4869; x_wconf 82' lang='lat' dir='ltr'><strong>posterum</strong></span> <span class='ocrx_word' id='word_1_757' title='bbox 2423 4798 2861 4853; x_wconf 77' lang='lat' dir='ltr'><strong>existimatione.</strong></span> <span class='ocrx_word' id='word_1_758' title='bbox 2914 4798 3077 4870; x_wconf 77' lang='grc'><strong>327</strong></span> <span class='ocrx_word' id='word_1_759' title='bbox 3133 4803 3288 4866; x_wconf 79' lang='lat' dir='ltr'><strong>Quod</strong></span> <span class='ocrx_word' id='word_1_760' title='bbox 3339 4801 3384 4854; x_wconf 85' lang='lat' dir='ltr'><strong>si</strong></span> <span class='ocrx_word' id='word_1_761' title='bbox 3434 4806 3675 4870; x_wconf 71' lang='lat' dir='ltr'><strong>Optando</strong></span> 
     </span>
    </p>
   </div>
   <div class='ocr_carea' id='block_1_101' title="bbox 2093 4892 3673 4964">
    <p class='ocr_par' dir='ltr' id='par_1_101' title="bbox 2093 4892 3673 4964">
     <span class='ocr_line' id='line_1_101' title="bbox 2093 4892 3673 4964; baseline 0.003 -19"><span class='ocrx_word' id='word_1_762' title='bbox 2093 4902 2305 4946; x_wconf 78' lang='lat' dir='ltr'><strong>tantum</strong></span> <span class='ocrx_word' id='word_1_763' title='bbox 2357 4892 2740 4961; x_wconf 79' lang='lat' dir='ltr'><strong>proﬁceretur,</strong></span> <span class='ocrx_word' id='word_1_764' title='bbox 2776 4909 2944 4962; x_wconf 79' lang='lat' dir='ltr'><strong>quam</strong></span> <span class='ocrx_word' id='word_1_765' title='bbox 2976 4906 3230 4964; x_wconf 77' lang='lat' dir='ltr'><strong>prompta</strong></span> <span class='ocrx_word' id='word_1_766' title='bbox 3282 4897 3537 4951; x_wconf 76' lang='lat' dir='ltr'><strong>voluntas</strong></span> <span class='ocrx_word' id='word_1_767' title='bbox 3567 4907 3673 4960; x_wconf 79' lang='lat' dir='ltr'><strong>est,</strong></span> 
     </span>
    </p>
   </div>
   <div class='ocr_carea' id='block_1_102' title="bbox 2088 4982 3677 5067">
    <p class='ocr_par' dir='ltr' id='par_1_102' title="bbox 2088 4982 3677 5067">
     <span class='ocr_line' id='line_1_102' title="bbox 2088 4982 3677 5067; baseline 0.003 -31"><span class='ocrx_word' id='word_1_768' title='bbox 2088 4983 2455 5067; x_wconf 49' lang='lat' dir='ltr'><strong>immortalem</strong></span> <span class='ocrx_word' id='word_1_769' title='bbox 2503 4998 2628 5036; x_wconf 87' lang='lat' dir='ltr'><strong>esse</strong></span> <span class='ocrx_word' id='word_1_770' title='bbox 2663 4992 2714 5036; x_wconf 91' lang='lat' dir='ltr'><strong>te</strong></span> <span class='ocrx_word' id='word_1_771' title='bbox 2748 4982 3039 5048; x_wconf 80' lang='lat' dir='ltr'><strong>vellemus,</strong></span> <span class='ocrx_word' id='word_1_772' title='bbox 3085 4996 3145 5039; x_wconf 89' lang='lat' dir='ltr'><strong>ut</strong></span> <span class='ocrx_word' id='word_1_773' title='bbox 3174 4996 3223 5041; x_wconf 86' lang='lat' dir='ltr'><strong>te</strong></span> <span class='ocrx_word' id='word_1_774' title='bbox 3254 4988 3516 5054; x_wconf 78' lang='lat' dir='ltr'><strong>gaudere,</strong></span> <span class='ocrx_word' id='word_1_775' title='bbox 3554 4998 3677 5041; x_wconf 83' lang='lat' dir='ltr'><strong>tau-</strong></span> 
     </span>
    </p>
   </div>
   <div class='ocr_carea' id='block_1_103' title="bbox 2087 5062 3678 5148">
    <p class='ocr_par' dir='ltr' id='par_1_103' title="bbox 2087 5062 3678 5148">
     <span class='ocr_line' id='line_1_103' title="bbox 2087 5062 3678 5148; baseline 0.003 -19"><span class='ocrx_word' id='word_1_776' title='bbox 2087 5062 2254 5148; x_wconf 81' lang='lat' dir='ltr'><strong>quam</strong></span> <span class='ocrx_word' id='word_1_777' title='bbox 2293 5075 2587 5131; x_wconf 76' lang='lat' dir='ltr'><strong>excellenti</strong></span> <span class='ocrx_word' id='word_1_778' title='bbox 2620 5062 2903 5138; x_wconf 72' lang='lat' dir='ltr'><strong>thesauro,</strong></span> <span class='ocrx_word' id='word_1_779' title='bbox 2942 5088 3208 5147; x_wconf 85' lang='lat' dir='ltr'><strong>perpetuo</strong></span> <span class='ocrx_word' id='word_1_780' title='bbox 3235 5079 3449 5133; x_wconf 87' lang='lat' dir='ltr'><strong>liceret.</strong></span> <span class='ocrx_word' id='word_1_781' title='bbox 3494 5079 3678 5133; x_wconf 73' lang='lat' dir='ltr'><strong>Enim—</strong></span> 
     </span>
    </p>
   </div>
   <div class='ocr_carea' id='block_1_104' title="bbox 2089 5166 3680 5238">
    <p class='ocr_par' dir='ltr' id='par_1_104' title="bbox 2089 5166 3680 5238">
     <span class='ocr_line' id='line_1_104' title="bbox 2089 5166 3680 5238; baseline 0.004 -17"><span class='ocrx_word' id='word_1_782' title='bbox 2089 5184 2221 5221; x_wconf 88' lang='lat' dir='ltr'><strong>vero</strong></span> <span class='ocrx_word' id='word_1_783' title='bbox 2252 5178 2405 5220; x_wconf 88' lang='lat' dir='ltr'><strong>tuum</strong></span> <span class='ocrx_word' id='word_1_784' title='bbox 2433 5167 2546 5238; x_wconf 86' lang='lat' dir='ltr'><strong>jam</strong></span> <span class='ocrx_word' id='word_1_785' title='bbox 2578 5166 2749 5222; x_wconf 79' lang='lat' dir='ltr'><strong>fuerit</strong></span> <span class='ocrx_word' id='word_1_786' title='bbox 2776 5170 3094 5236; x_wconf 83' lang='lat' dir='ltr'><strong>ostendere,</strong></span> <span class='ocrx_word' id='word_1_787' title='bbox 3128 5187 3260 5226; x_wconf 88' lang='lat' dir='ltr'><strong>num</strong></span> <span class='ocrx_word' id='word_1_788' title='bbox 3296 5170 3503 5226; x_wconf 74' lang='lat' dir='ltr'><strong>frustra</strong></span> <span class='ocrx_word' id='word_1_789' title='bbox 3533 5173 3680 5227; x_wconf 78' lang='lat' dir='ltr'><strong>fores</strong></span> 
     </span>
    </p>
   </div>
   <div class='ocr_carea' id='block_1_105' title="bbox 2090 5261 2587 5332">
    <p class='ocr_par' dir='ltr' id='par_1_105' title="bbox 2090 5261 2587 5332">
     <span class='ocr_line' id='line_1_105' title="bbox 2090 5261 2587 5332; baseline -0.01 -18"><span class='ocrx_word' id='word_1_790' title='bbox 2090 5261 2247 5332; x_wconf 76' lang='lat' dir='ltr'><strong>pulsa</strong></span> <span class='ocrx_word' id='word_1_791' title='bbox 2258 5261 2525 5315; x_wconf 79' lang='lat' dir='ltr'><strong>verimus.</strong></span> <span class='ocrx_word' id='word_1_792' title='bbox 2568 5278 2587 5309; x_wconf 69' lang='grc' dir='ltr'><strong>ι</strong></span> 
     </span>
    </p>
   </div>
   <div class='ocr_carea' id='block_1_106' title="bbox 405 5350 3679 5427">
    <p class='ocr_par' dir='ltr' id='par_1_106' title="bbox 405 5350 3679 5427">
     <span class='ocr_line' id='line_1_106' title="bbox 405 5350 3679 5427; baseline 0.002 -26"><span class='ocrx_word' id='word_1_793' title='bbox 405 5351 587 5421; x_wconf 75' lang='grc' dir='ltr'>μεῖναι</span> <span class='ocrx_word' id='word_1_794' title='bbox 618 5353 824 5406; x_wconf 82' lang='grc' dir='ltr'>στᾶσαν</span> <span class='ocrx_word' id='word_1_795' title='bbox 858 5354 958 5417; x_wconf 74' lang='grc' dir='ltr'>τῆς</span> <span class='ocrx_word' id='word_1_796' title='bbox 1018 5353 1253 5422; x_wconf 76' lang='grc' dir='ltr'>πλάνητ,</span> <span class='ocrx_word' id='word_1_797' title='bbox 1283 5353 1338 5406; x_wconf 83' lang='grc' dir='ltr'><strong>εῖ</strong></span> <span class='ocrx_word' id='word_1_798' title='bbox 1383 5351 1467 5405; x_wconf 89' lang='grc' dir='ltr'><strong>σοί</strong></span> <span class='ocrx_word' id='word_1_799' title='bbox 1510 5369 1574 5420; x_wconf 88' lang='grc' dir='ltr'><strong>γε</strong></span> <span class='ocrx_word' id='word_1_800' title='bbox 1610 5352 1697 5422; x_wconf 77' lang='grc' dir='ltr'>εἴη</span> <span class='ocrx_word' id='word_1_801' title='bbox 1731 5351 2140 5422; x_wconf 81' lang='grc' dir='ltr'>δεδογμένον,ἢ</span> <span class='ocrx_word' id='word_1_802' title='bbox 2205 5351 2406 5413; x_wconf 68' lang='grc' dir='ltr'>τελέως</span> <span class='ocrx_word' id='word_1_803' title='bbox 2444 5351 2693 5420; x_wconf 80' lang='grc' dir='ltr'>οἴχεσθαι</span> <span class='ocrx_word' id='word_1_804' title='bbox 2767 5350 3088 5422; x_wconf 84' lang='grc' dir='ltr'>δραμοῦσαν</span> <span class='ocrx_word' id='word_1_805' title='bbox 3153 5357 3219 5408; x_wconf 81' lang='grc' dir='ltr'><strong>δι’</strong></span> <span class='ocrx_word' id='word_1_806' title='bbox 3268 5355 3486 5427; x_wconf 77' lang='grc' dir='ltr'>αἰθέρος</span> <span class='ocrx_word' id='word_1_807' title='bbox 3512 5371 3526 5386; x_wconf 73' lang='grc' dir='ltr'><strong>ο</strong></span> <span class='ocrx_word' id='word_1_808' title='bbox 3585 5355 3679 5409; x_wconf 68' lang='grc' dir='ltr'>καὶ</span> 
     </span>
    </p>
   </div>
   <div class='ocr_carea' id='block_1_107' title="bbox 405 5443 3680 5521">
    <p class='ocr_par' dir='ltr' id='par_1_107' title="bbox 405 5443 3680 5521">
     <span class='ocr_line' id='line_1_107' title="bbox 405 5443 3680 5521; baseline -0 -23"><span class='ocrx_word' id='word_1_809' title='bbox 405 5443 480 5513; x_wconf 84' lang='grc' dir='ltr'>μή</span> <span class='ocrx_word' id='word_1_810' title='bbox 541 5460 633 5514; x_wconf 87' lang='grc' dir='ltr'><strong>μοι</strong></span> <span class='ocrx_word' id='word_1_811' title='bbox 691 5444 1014 5516; x_wconf 72' lang='grc' dir='ltr'>ἀχθεσθοίης</span> <span class='ocrx_word' id='word_1_812' title='bbox 1067 5447 1162 5498; x_wconf 72' lang='grc' dir='ltr'><strong>ἐπὶ</strong></span> <span class='ocrx_word' id='word_1_813' title='bbox 1196 5445 1426 5498; x_wconf 78' lang='grc' dir='ltr'>τοιαῦτά</span> <span class='ocrx_word' id='word_1_814' title='bbox 1482 5463 1543 5498; x_wconf 83' lang='grc' dir='ltr'><strong>σε</strong></span> <span class='ocrx_word' id='word_1_815' title='bbox 1598 5444 1984 5515; x_wconf 67' lang='grc' dir='ltr'>παροξύνοντι.</span> <span class='ocrx_word' id='word_1_816' title='bbox 2028 5446 2226 5511; x_wconf 77' lang='grc' dir='ltr'>Λέγειν</span> <span class='ocrx_word' id='word_1_817' title='bbox 2275 5446 2383 5515; x_wconf 73' lang='grc' dir='ltr'>γὰρ</span> <span class='ocrx_word' id='word_1_818' title='bbox 2444 5445 2715 5512; x_wconf 74' lang='grc' dir='ltr'>ἐξάγομαι</span> <span class='ocrx_word' id='word_1_819' title='bbox 2765 5446 2859 5500; x_wconf 77' lang='grc' dir='ltr'>καὶ</span> <span class='ocrx_word' id='word_1_820' title='bbox 2911 5447 3008 5499; x_wconf 86' lang='grc' dir='ltr'><strong>τοῦ</strong></span> <span class='ocrx_word' id='word_1_821' title='bbox 3059 5466 3083 5500; x_wconf 92' lang='grc' dir='ltr'><strong>ε</strong></span> <span class='ocrx_word' id='word_1_822' title='bbox 3114 5451 3266 5511; x_wconf 77' lang='grc' dir='ltr'>κότος</span> <span class='ocrx_word' id='word_1_823' title='bbox 3339 5451 3532 5521; x_wconf 72' lang='grc' dir='ltr'>πόρρω</span> <span class='ocrx_word' id='word_1_824' title='bbox 3578 5449 3680 5519; x_wconf 75' lang='grc' dir='ltr'><strong>τὴν</strong></span> 
     </span>
    </p>
   </div>
   <div class='ocr_carea' id='block_1_108' title="bbox 402 5534 3673 5609">
    <p class='ocr_par' dir='ltr' id='par_1_108' title="bbox 402 5534 3673 5609">
     <span class='ocr_line' id='line_1_108' title="bbox 402 5534 3673 5609; baseline 0.001 -22"><span class='ocrx_word' id='word_1_825' title='bbox 402 5535 495 5589; x_wconf 80' lang='grc' dir='ltr'><strong>τοῦ</strong></span> <span class='ocrx_word' id='word_1_826' title='bbox 542 5536 735 5605; x_wconf 88' lang='grc' dir='ltr'>χρόνου</span> <span class='ocrx_word' id='word_1_827' title='bbox 769 5536 956 5597; x_wconf 70' lang='grc' dir='ltr'>δεδιὼς</span> <span class='ocrx_word' id='word_1_828' title='bbox 994 5536 1275 5603; x_wconf 82' lang='grc' dir='ltr'>πεττείαν,</span> <span class='ocrx_word' id='word_1_829' title='bbox 1344 5536 1646 5607; x_wconf 82' lang='grc' dir='ltr'>μη-ὦσπερ</span> <span class='ocrx_word' id='word_1_830' title='bbox 1689 5536 1749 5602; x_wconf 68' lang='grc' dir='ltr'>ἐξ</span> <span class='ocrx_word' id='word_1_831' title='bbox 1813 5535 2054 5605; x_wconf 59' lang='grc' dir='ltr'>ἀφανοῦς</span> <span class='ocrx_word' id='word_1_832' title='bbox 2092 5554 2155 5588; x_wconf 91' lang='grc' dir='ltr'>τε</span> <span class='ocrx_word' id='word_1_833' title='bbox 2188 5535 2279 5587; x_wconf 67' lang='grc' dir='ltr'>καὶ</span> <span class='ocrx_word' id='word_1_834' title='bbox 2315 5535 2474 5603; x_wconf 79' lang='grc' dir='ltr'>λόχου</span> <span class='ocrx_word' id='word_1_835' title='bbox 2522 5534 2749 5605; x_wconf 81' lang='grc' dir='ltr'>δραμὼν</span> <span class='ocrx_word' id='word_1_836' title='bbox 2794 5536 3051 5590; x_wconf 75' lang='grc' dir='ltr'>τοσοῦτον</span> <span class='ocrx_word' id='word_1_837' title='bbox 3101 5541 3265 5592; x_wconf 68' lang='grc' dir='ltr'>καλὸν</span> <span class='ocrx_word' id='word_1_838' title='bbox 3298 5540 3514 5609; x_wconf 64' lang='grc' dir='ltr'>οἴχηται</span> <span class='ocrx_word' id='word_1_839' title='bbox 3547 5540 3673 5592; x_wconf 68' lang='grc' dir='ltr'>ἁποε</span> 
     </span>
    </p>
   </div>
   <div class='ocr_carea' id='block_1_109' title="bbox 404 5629 3682 5704">
    <p class='ocr_par' dir='ltr' id='par_1_109' title="bbox 404 5629 3682 5704">
     <span class='ocr_line' id='line_1_109' title="bbox 404 5629 3682 5704; baseline 0.001 -21"><span class='ocrx_word' id='word_1_840' title='bbox 404 5631 639 5701; x_wconf 76' lang='grc' dir='ltr'>κρύψας.</span> <span class='ocrx_word' id='word_1_841' title='bbox 680 5632 743 5683; x_wconf 77' lang='grc' dir='ltr'><strong>Εἰ</strong></span> <span class='ocrx_word' id='word_1_842' title='bbox 769 5631 877 5702; x_wconf 84' lang='grc' dir='ltr'>γὰρ</span> <span class='ocrx_word' id='word_1_843' title='bbox 914 5631 1009 5684; x_wconf 76' lang='grc' dir='ltr'>καὶ</span> <span class='ocrx_word' id='word_1_844' title='bbox 1034 5630 1178 5685; x_wconf 83' lang='grc' dir='ltr'>τοῦτ’</span> <span class='ocrx_word' id='word_1_845' title='bbox 1207 5630 1384 5685; x_wconf 80' lang='grc' dir='ltr'>εἰπεῖν</span> <span class='ocrx_word' id='word_1_846' title='bbox 1415 5632 1546 5702; x_wconf 81' lang='grc' dir='ltr'>χρὴ,</span> <span class='ocrx_word' id='word_1_847' title='bbox 1583 5630 1683 5700; x_wconf 80' lang='grc' dir='ltr'>οὐχ</span> <span class='ocrx_word' id='word_1_848' title='bbox 1716 5631 1846 5699; x_wconf 75' lang='grc' dir='ltr'>ἡμῖν</span> <span class='ocrx_word' id='word_1_849' title='bbox 1872 5629 2060 5693; x_wconf 75' lang='grc' dir='ltr'>αὐτοῖς</span> <span class='ocrx_word' id='word_1_850' title='bbox 2093 5629 2254 5700; x_wconf 80' lang='grc' dir='ltr'><strong>ἡμῶν</strong></span> <span class='ocrx_word' id='word_1_851' title='bbox 2295 5630 2477 5682; x_wconf 74' lang='grc' dir='ltr'>αὐτῶν</span> <span class='ocrx_word' id='word_1_852' title='bbox 2549 5631 2805 5684; x_wconf 63' lang='lat' dir='ltr'><strong>ton-3w:</strong></span> <span class='ocrx_word' id='word_1_853' title='bbox 2859 5636 3073 5703; x_wconf 73' lang='grc' dir='ltr'>μέ&gt;.ει,,</span> <span class='ocrx_word' id='word_1_854' title='bbox 3108 5638 3233 5689; x_wconf 81' lang='grc' dir='ltr'>ὅσον</span> <span class='ocrx_word' id='word_1_855' title='bbox 3306 5635 3399 5686; x_wconf 79' lang='grc' dir='ltr'>καὶ</span> <span class='ocrx_word' id='word_1_856' title='bbox 3433 5635 3533 5704; x_wconf 74' lang='grc' dir='ltr'>τῆς</span> <span class='ocrx_word' id='word_1_857' title='bbox 3580 5638 3682 5704; x_wconf 69' lang='grc' dir='ltr'>σῆς</span> 
     </span>
    </p>
   </div>
   <div class='ocr_carea' id='block_1_110' title="bbox 405 5721 3684 5801">
    <p class='ocr_par' dir='ltr' id='par_1_110' title="bbox 405 5721 3684 5801">
     <span class='ocr_line' id='line_1_110' title="bbox 405 5721 3684 5801; baseline 0.001 -21"><span class='ocrx_word' id='word_1_858' title='bbox 405 5732 487 5795; x_wconf 73' lang='grc' dir='ltr'><strong>ετς</strong></span> <span class='ocrx_word' id='word_1_859' title='bbox 522 5726 905 5797; x_wconf 75' lang='grc' dir='ltr'>τοῦμπροσθεν</span> <span class='ocrx_word' id='word_1_860' title='bbox 931 5726 1225 5792; x_wconf 73' lang='grc' dir='ltr'>εὐκλείας·</span> <span class='ocrx_word' id='word_1_861' title='bbox 1262 5727 1403 5780; x_wconf 81' lang='grc' dir='ltr'>ὥστε</span> <span class='ocrx_word' id='word_1_862' title='bbox 1435 5732 1530 5780; x_wconf 81' lang='grc' dir='ltr'><strong>καί</strong></span> <span class='ocrx_word' id='word_1_863' title='bbox 1590 5727 1755 5796; x_wconf 72' lang='grc' dir='ltr'>εἴπερ</span> <span class='ocrx_word' id='word_1_864' title='bbox 1787 5725 1916 5795; x_wconf 75' lang='grc' dir='ltr'>ἐξῆν</span> <span class='ocrx_word' id='word_1_865' title='bbox 1977 5725 2265 5795; x_wconf 65' lang='grc' dir='ltr'>εὐξαμέιιρ</span> <span class='ocrx_word' id='word_1_866' title='bbox 2319 5729 2506 5794; x_wconf 85' lang='grc' dir='ltr'>τυχεῖν</span> <span class='ocrx_word' id='word_1_867' title='bbox 2561 5721 2637 5780; x_wconf 79' lang='grc' dir='ltr'><strong>ὧν</strong></span> <span class='ocrx_word' id='word_1_868' title='bbox 2670 5730 2737 5782; x_wconf 79' lang='grc' dir='ltr'><strong>ἂν</strong></span> <span class='ocrx_word' id='word_1_869' title='bbox 2787 5736 2876 5801; x_wconf 77' lang='grc' dir='ltr'><strong>εἰη</strong></span> <span class='ocrx_word' id='word_1_870' title='bbox 2948 5733 3209 5796; x_wconf 81' lang='grc' dir='ltr'>ἐθέλοντι,</span> <span class='ocrx_word' id='word_1_871' title='bbox 3273 5731 3446 5801; x_wconf 69' lang='grc' dir='ltr'>ἥδιστ’</span> <span class='ocrx_word' id='word_1_872' title='bbox 3498 5732 3564 5784; x_wconf 87' lang='grc' dir='ltr'>ἂν</span> <span class='ocrx_word' id='word_1_873' title='bbox 3616 5733 3684 5784; x_wconf 73' lang='grc' dir='ltr'><strong>δι’</strong></span> 
     </span>
    </p>
   </div>
   <div class='ocr_carea' id='block_1_111' title="bbox 407 5820 3717 5898">
    <p class='ocr_par' dir='ltr' id='par_1_111' title="bbox 407 5820 3717 5898">
     <span class='ocr_line' id='line_1_111' title="bbox 407 5820 3717 5898; baseline 0.005 -36"><span class='ocrx_word' id='word_1_874' title='bbox 407 5820 605 5884; x_wconf 75' lang='grc' dir='ltr'>αιῶνός</span> <span class='ocrx_word' id='word_1_875' title='bbox 663 5837 723 5875; x_wconf 86' lang='grc' dir='ltr'>σε</span> <span class='ocrx_word' id='word_1_876' title='bbox 776 5824 877 5892; x_wconf 77' lang='grc' dir='ltr'><strong>ζῇν</strong></span> <span class='ocrx_word' id='word_1_877' title='bbox 907 5821 1184 5893; x_wconf 69' lang='grc' dir='ltr'>ηὐξάμην,</span> <span class='ocrx_word' id='word_1_878' title='bbox 1244 5824 1311 5875; x_wconf 79' lang='grc' dir='ltr'><strong>ἵν’</strong></span> <span class='ocrx_word' id='word_1_879' title='bbox 1336 5822 1419 5890; x_wconf 81' lang='grc' dir='ltr'><strong>εἴη</strong></span> <span class='ocrx_word' id='word_1_880' title='bbox 1454 5825 1587 5892; x_wconf 75' lang='grc' dir='ltr'>ἡμῖν</span> <span class='ocrx_word' id='word_1_881' title='bbox 1615 5821 1845 5892; x_wconf 75' lang='grc' dir='ltr'>ἣδεσθαι</span> <span class='ocrx_word' id='word_1_882' title='bbox 1899 5820 1989 5873; x_wconf 74' lang='grc' dir='ltr'><strong>διὰ</strong></span> <span class='ocrx_word' id='word_1_883' title='bbox 2028 5821 2230 5882; x_wconf 71' lang='grc' dir='ltr'>παντὲς</span> <span class='ocrx_word' id='word_1_884' title='bbox 2257 5820 2349 5872; x_wconf 79' lang='grc' dir='ltr'><strong>ἐπὶ</strong></span> <span class='ocrx_word' id='word_1_885' title='bbox 2379 5823 2486 5884; x_wconf 80' lang='grc' dir='ltr'>σοὶ,</span> <span class='ocrx_word' id='word_1_886' title='bbox 2521 5824 2774 5891; x_wconf 77' lang='grc' dir='ltr'>καθάπερ</span> <span class='ocrx_word' id='word_1_887' title='bbox 2838 5828 2929 5878; x_wconf 71' lang='grc' dir='ltr'><strong>ἐπὶ</strong></span> <span class='ocrx_word' id='word_1_888' title='bbox 2963 5826 3090 5895; x_wconf 82' lang='grc' dir='ltr'>μάλ’</span> <span class='ocrx_word' id='word_1_889' title='bbox 3129 5829 3348 5897; x_wconf 82' lang='grc' dir='ltr'>εὐτυχεί</span> <span class='ocrx_word' id='word_1_890' title='bbox 3390 5827 3679 5898; x_wconf 64' lang='grc' dir='ltr'>θησαυρῷ,</span> <span class='ocrx_word' id='word_1_891' title='bbox 3714 5888 3717 5891; x_wconf 96' lang='lat'><em>_</em></span> 
     </span>
    </p>
   </div>
   <div class='ocr_carea' id='block_1_112' title="bbox 420 5898 3663 5994">
    <p class='ocr_par' dir='ltr' id='par_1_112' title="bbox 420 5898 3663 5994">
     <span class='ocr_line' id='line_1_112' title="bbox 420 5898 3663 5994; baseline 0 -26"><span class='ocrx_word' id='word_1_892' title='bbox 420 5898 597 5981; x_wconf 70' lang='grc' dir='ltr'><strong>Ἀ).λᾶ</strong></span> <span class='ocrx_word' id='word_1_893' title='bbox 619 5916 729 5994; x_wconf 79' lang='grc' dir='ltr'>γὰρ</span> <span class='ocrx_word' id='word_1_894' title='bbox 761 5918 852 5971; x_wconf 67' lang='grc' dir='ltr'>σὺν</span> <span class='ocrx_word' id='word_1_895' title='bbox 887 5916 952 5973; x_wconf 84' lang='grc' dir='ltr'><strong>ἂν</strong></span> <span class='ocrx_word' id='word_1_896' title='bbox 986 5920 1074 5990; x_wconf 74' lang='grc' dir='ltr'>εἴη</span> <span class='ocrx_word' id='word_1_897' title='bbox 1124 5917 1446 5973; x_wconf 78' lang='grc' dir='ltr'>τουντεῦθεν</span> <span class='ocrx_word' id='word_1_898' title='bbox 1477 5918 1766 5985; x_wconf 80' lang='grc' dir='ltr'>δεικνύειν,</span> <span class='ocrx_word' id='word_1_899' title='bbox 1810 5919 1859 5971; x_wconf 79' lang='grc' dir='ltr'>εἰ</span> <span class='ocrx_word' id='word_1_900' title='bbox 1914 5917 1988 5986; x_wconf 84' lang='grc' dir='ltr'>μὴ</span> <span class='ocrx_word' id='word_1_901' title='bbox 2030 5916 2179 5984; x_wconf 74' lang='grc' dir='ltr'>παρὰ</span> <span class='ocrx_word' id='word_1_902' title='bbox 2212 5915 2385 5986; x_wconf 71' lang='grc' dir='ltr'>θύραν</span> <span class='ocrx_word' id='word_1_903' title='bbox 2417 5915 2645 5986; x_wconf 68' lang='grc' dir='ltr'>ἥκουσιν</span> <span class='ocrx_word' id='word_1_904' title='bbox 2688 5920 2846 5986; x_wconf 59' lang='grc' dir='ltr'><strong>ἡμῶν</strong></span> <span class='ocrx_word' id='word_1_905' title='bbox 2874 5922 2926 5972; x_wconf 78' lang='grc' dir='ltr'>αἱ</span> <span class='ocrx_word' id='word_1_906' title='bbox 2967 5919 3364 5989; x_wconf 72' lang='grc' dir='ltr'>παρακλήσει·.</span> <span class='ocrx_word' id='word_1_907' title='bbox 3408 5941 3425 5969; x_wconf 73' lang='grc' dir='ltr'><strong>ι</strong></span> <span class='ocrx_word' id='word_1_908' title='bbox 3649 5905 3663 5919; x_wconf 80' lang='grc'><strong>’</strong></span> 
     </span>
    </p>
   </div>
  </div>
