4088 6442
411 422 513 492 507
657 421 740 497 [Αἰ
775 440 835 479 n.
875 423 1007 479 679i
1055 441 1123 480 an
1164 423 1324 498 685G]

1616 420 2036 494 NICEP’HOBI
2076 433 2458 497 GREGOR/E

2770 428 2898 503 [ιιιρ.
2950 439 3225 487 maesto.
3266 429 3413 504 sm]

3549 435 3679 500 508-

484 537 692 595 lll.llis
723 538 909 593 verbis
970 537 1117 606 apud
1180 552 1438 607 magnum
1485 538 1819 610 logotltetam
1851 557 1985 597 usus

2111 576 2117 579 -
2163 543 2242 597 Ρ.
2278 543 2440 596 Ἀλλά
2469 541 2733 606 τοιούτοις
2772 542 2874 614 μὲν
2902 543 2967 613 δὴ
3010 546 3126 606 τοῖς
3153 544 3334 612 λόγοις
3357 543 3412 605 ἐς
3438 542 3530 596 τδν
3559 519 3678 614 μί’·Χ

411 646 644 698 meoque
680 631 900 699 ingenio
931 631 1005 685 ita
1043 628 1419 684 demonstrato
1449 629 1626 694 eﬂ‘eci,
1666 642 1725 685 ut
1754 630 1990 686 libenter

415 725 674 778 omnibus
727 724 894 777 rebus
956 725 1090 778 mibi
1125 725 1529 793 obsequeretur
1565 742 1577 776 :
1610 739 1674 777 ac
1729 724 1990 794 deinceps

413 819 535 884 ejus
572 818 979 873 consuetudine
1008 819 1145 873 citra
1181 816 1551 887 suspicionem
1586 814 1653 869 ad
1680 816 1989 871 satietatem

416 920 549 960 llSliS
581 922 726 961 sum.

2088 653 2190 704 γαν
2220 635 2567 705 χρησάμενος
2590 634 2887 706 λογοθὲτην
2918 638 3012 690 καὶ
3039 635 3212 700 οὕτως
3233 634 3383 705 αὐτῷ
3412 636 3503 690 τὸν
3528 636 3663 706 ἐμρν

2089 720 2459 799 ἐνδειξάμενος
2495 729 2695 799 τρόπον
2725 728 3004 797 εύάγωγόν
3026 744 3096 798 τε
3130 731 3225 782 καὶ.
3269 726 3498 797 εὐπειθῆ
3524 726 3664 797 πρὸς

2089 822 2234 875 ἅπαν
2262 822 2384 891 ἐμοὶ
2408 820 2468 873 τὸ
2499 819 2821 891 βουλόμενον
2853 821 3152 892 εἴργασμαι
3176 836 3189 848 ’
3222 821 3317 873 καὶ
3340 818 3514 881 οὕτως
3535 818 3665 886 ἑξῆς

2090 916 2415 975 ἀνυπόπτως
2449 915 2507 977 ἐς
2559 915 2720 987 κόρον
2765 913 2865 982 τῆς
2910 914 3073 967 αὐτοῦ
3125 929 3186 982 γε
3220 913 3501 985 ἀπήλαυον
3543 914 3668 981 όμι-

2090 1004 2257 1068 λίαςε-

1740 1112 1785 1191 ’.
1847 1134 2078 1191 CAPUT
2112 1136 2248 1194 Vlll.

418 1221 557 1301 Λιιία
587 1225 776 1278 studiis
805 1206 1061 1301 bonarun’t
1087 1230 1280 1281 artium
1313 1231 1461 1300 ﬂoret
1489 1231 1582 1301 sub
1615 1231 1910 1285 Andronico
1936 1233 2160 1285 seniore.
2208 1230 2407 1285 Idcirco
2447 1230 2606 1301 hujus
2648 1230 2991 1301 familiaritas
3029 1245 3063 1281 a
3114 1227 3666 1301 Gregorqeatpetitur.

495 1294 569 1371 ρο
598 1311 692 1371 usu
717 1311 837 1349 cum
872 1297 1111 1371 doctrina
1136 1294 1519 1371 conjungendo.
1550 1300 1811 1371 Gregoras
1834 1302 2052 1371 benigne
2078 1301 2141 1354 ab
2173 1302 2490 1371 imperatore
2511 1294 2774 1370 Exceptus.
2806 1298 3110 1371 Orationem
3138 1294 3282 1368 apud
3308 1294 3459 1352 illum
3487 1300 3665 1354 habet.

491 1360 638 1417 Duas
672 1365 726 1418 in
750 1382 809 1418 eo
837 1368 1072 1431 virtutes,
1101 1360 1414 1436 sapientium
1445 1380 1494 1424 et
1534 1360 1907 1441 eloquentiam,
1935 1360 2143 1425 laudat.
2163 1360 2550 1440 Panegyricum
2585 1360 2700 1424 voto
2736 1369 3021 1423 concludit.

491 1474 532 1530 l.
562 1476 807 1532 Tandem
849 1487 907 1534 et
964 1479 1313 1551 imperatoris
1370 1483 1799 1541 familiaritatem
1831 1486 1998 1556 majo-

424 1583 538 1623 rem
574 1571 832 1640 expetivi.
853 1571 990 1626 Nam
1020 1588 1400 1642 saepenumero
1428 1587 1484 1630 et
1512 1577 1630 1646 ipse
1666 1589 1997 1647 spectarem,

424 1671 483 1715 ct
510 1677 578 1716 cx
612 1660 873 1718 omnibus
903 1664 1114 1735 intimis
1141 1666 1259 1735 ejus
1305 1668 1608 1729 audieram.
1635 1668 1897 1737 palatium
1927 1669 1998 1723 ab

423 1768 493 1807 eo
520 1768 628 1807 non
679 1756 846 1809 modo
893 1756 1198 1812 honestatis
1230 1770 1287 1813 et
1338 1762 1518 1817 omnis
1546 1761 1766 1816 virtutis
1786 1762 2002 1832 gravio-

2166 1485 2244 1538 A'.
2292 1484 2553 1538 Ἐπόθουν
2581 1484 2637 1538 δὲ
2665 1485 2767 1556 ήδη
2797 1485 2891 1538 καὶ
2943 1483 3042 1553 τῆς
3065 1483 3158 1536 τοῦ
3189 1483 3455 1552 βασιλέως
3484 1486 3670 1555 τυχεῖν

2093 1576 2446 1646 τελεώτερον.
2474 1577 2655 1653 Αὐτός
2686 1593 2747 1628 τε
2794 1576 2904 1645 γὰρ
2943 1574 3204 1636 πολλάκις
3234 1575 3547 1646 ἐθεασάμην
3575 1575 3673 1628 καὶ

2094 1669 2176 1722 ἔτι
2209 1671 2361 1739 παρὰ
2390 1671 2609 1722 πάντων
2640 1669 2921 1737 ἠκηκόειν,
2946 1660 3147 1721 ’ὁπόσοι
3170 1670 3309 1737 πρὸς
3333 1669 3511 1737 ἄκραν
3543 1671 3675 1738 ἀφι-

2096 1778 2253 1816 κοντο
2277 1763 2472 1832 πεῖραν
2494 1760 2688 1825 αὐτοῦ,
2720 1761 2795 1823 ὡς
2825 1762 2888 1814 οὒ
2914 1761 3074 1830 μόνον
3102 1762 3400 1831 εὐκοσμίας
3436 1763 3531 1816 καὶ
3557 1763 3678 1832 ἠθι-

427 1842 613 1913 risque
669 1844 976 1915 disciplina:
1023 1848 1294 1903 omcinam
1352 1850 1650 1916 eﬂ'ectum,
1710 1862 1999 1923 propterea

2111 1855 2204 1922 μιῆς
2240 1854 2459 1924 ἀπάσης
2482 1853 2687 1924 ἀρετῆς
2742 1854 2834 1908 καὶ
2863 1855 3153 1923 ἀσκήσεως
3183 1856 3545 1924 ἐργαστήριον
3587 1858 3680 1909 τὸν

426 1933 572 2001 quod
604 1935 695 1990 ille
723 1937 880 2007 longa
904 1946 1061 1993 aetate
1090 1947 1147 1995 et
1170 1951 1379 1996 naturze
1402 1942 1719 1997 excellentia
1744 1958 1996 2014 magnum

426 2025 531 2080 sibi
582 2041 773 2082 earum
832 2045 1016 2083 rerum
1074 2046 1234 2086 usum
1297 2034 1748 2102 compararisset,
1805 2034 1899 2089 sed
1946 2044 2002 2090 et

430 2114 737 2181 litterariae,
763 2126 823 2172 ut
850 2119 923 2172 ita
957 2118 1163 2185 dicam,
1192 2121 1527 2176 eruditionis
1560 2123 1828 2192 optimum
1852 2140 2004 2195 gym-

428 2209 643 2263 nasium
676 2218 732 2265 et
785 2211 956 2266 veluti
1002 2226 1256 2281 campum
1285 2214 1664 2284 eloquentium
1691 2216 2000 2285 linguarum

428 2301 825 2354 certaminibus
873 2302 1204 2371 patefactum
1234 2318 1380 2358 esse.
1413 2305 1783 2370 Quamobrem
1804 2314 1861 2361 et
1884 2307 2004 2376 ipse

428 2391 632 2445 talibus
682 2391 843 2447 bonis
887 2392 1154 2449 adamalis
1191 2410 1258 2449 eo
1300 2409 1387 2450 me
1409 2396 1640 2450 contuli.
1672 2395 1806 2451 Nam
1829 2399 2006 2452 otiosa

427 2482 844 2551 disciplinarum
911 2485 1198 2550 tractatio,
1245 2501 1407 2557 quam
1454 2486 1592 2557 libri
1657 2488 2007 2544 studentibus

429 2574 804 2644 suppeditant,
837 2576 952 2631 sive
1005 2576 1096 2630 illa
1151 2578 1393 2642 tenuior,
1425 2552 1539 2634 sive
1589 2580 1866 2649 copiosior
1910 2572 2005 2642 sit.

431 2683 550 2722 mea
574 2668 794 2738 quidem
819 2669 1080 2739 opinione
1108 2669 1306 2725 similis
1345 2680 1432 2726 est
1480 2673 1731 2741 corporis
1760 2674 2004 2742 organici

431 2770 720 2827 structurae
745 2762 982 2815 animam
1016 2761 1373 2826 desideranti,
1405 2778 1567 2832 quam
1608 2779 1708 2834 per
1748 2780 2008 2820 sensuum

432 2854 829 2922 experientiam
874 2853 1142 2909 accedere
1174 2853 1300 2909 dico
1328 2871 1343 2908 :
1389 2862 1484 2908 aut
1523 2856 1707 2924 potius
1737 2857 1906 2911 variis
1935 2857 2013 2911 ci-

435 2951 631 3003 borum
663 2948 956 3020 generibus
988 2950 1042 3003 in
1094 2959 1339 3006 ventrem
1378 2951 1657 3021 congestis
1705 2948 2011 3020 comparari

435 3052 625 3110 queat,
644 3058 767 3112 quae
827 3044 1066 3098 calorem
1103 3044 1170 3098 ad
1219 3044 1677 3114 concoquendum
1714 3042 2010 3113 postulent.

433 3129 486 3183 ls
539 3142 666 3182 vero
711 3127 876 3197 323
928 3127 1076 3183 calor
1125 3143 1232 3182 non
1280 3128 1422 3183 alius
1479 3126 1663 3186 fuerit.
1710 3126 1814 3179 nisi
1850 3141 2011 3195 quem

2104 1946 2384 2017 βασιλικὸν
2415 1945 2753 2017 κατέστησεν
2784 1940 2934 2000 οἶκον
2956 1946 3036 2015 τῷ
3069 1964 3128 2000 τε
3158 1946 3353 2017 μακρῷ
3379 1947 3555 2016 χρόνῳ
3586 1948 3678 2000 καὶ

2100 2041 2178 2111 τῷ
2212 2041 2457 2109 περιόντι
2487 2040 2587 2108 τῆς
2619 2041 2837 2107 φύσεως
2866 2036 3154 2109 πλείστην’
3174 2040 3266 2091 ἐπὶ
3287 2038 3454 2091 ταῦτα
3484 2041 3682 2107 πεῖραν

2104 2132 2498 2202 ξυνηθροικὼς,
2537 2132 2670 2186 ἀλλά
2698 2132 2793 2184 καὶ
2842 2132 3070 2202 λογικῆς
3128 2133 3295 2200 φάναι
3344 2130 3682 2194 παιδεύσεως

2105 2222 2399 2293 κράτιστον
2443 2223 2747 2292 γυμνάσιον
2799 2221 2917 2286 καὶ,
2977 2217 3089 2274 οἷον
3119 2223 3319 2287 είπεῖν,
3376 2223 3682 2299 ἐλλογίμων

2106 2315 2369 2384 γλωσσῶν
2425 2314 2810 2385 στρατόπεδον.
2861 2314 2959 2368 Διά
3012 2315 3184 2368 ταῦτα
3238 2315 3418 2368 τοίνυν
3444 2304 3682 2382 ἐραστὴς

2105 2407 2215 2460 τῶν
2248 2408 2506 2460 τοιούτων
2535 2407 2717 2461 καλῶν
2747 2408 2841 2461 καὶ
2867 2407 3028 2469 αὐτὸς
3057 2407 3338 2469 καταστὰς
3375 2405 3681 2476 προσῆλθον

2107 2499 2278 2568 αὐτῷ.
2318 2499 2388 2552 Ἦ
2421 2494 2531 2569 γ’ὰρ
2563 2497 2690 2552 καθ’
2717 2498 2948 2569 ἡσυχίαν
2986 2499 3096 2551 τῶν
3134 2499 3476 2568 μαθημάτων
3513 2500 3684 2569 ἀσκη-

2109 2608 2215 2656 σις,
2240 2591 2449 2662 ὁπόσην
2482 2592 2537 2644 αί
2573 2590 2747 2660 βίϐλοι
2776 2594 2891 2654 τοῖς
2933 2590 3178 2660 μετιοῦσι
3213 2590 3548 2662 χαρίζονται,
3577 2591 3682 2644 κᾶν

2109 2677 2271 2756 ἦττον
2362 2682 2530 2753 πολλὴ
2552 2683 2657 2736 κᾶν
2683 2683 2960 2747 πλεῖστον,
3001 2680 3091 2754 [Ρ.’
3118 2681 3249 2753 202]
3279 2682 3446 2736 ἐοίκοι
3471 2682 3537 2735 ἂν
3563 2680 3682 2735 κατ’

2112 2776 2252 2846 ἐμὴν
2282 2775 2439 2839 δόξαν
2464 2776 2715 2845 σώματος
2743 2775 3037 2843 ὀργανικοῦ
3064 2774 3352 2829 διαπλάσει
3390 2774 3679 2843 ἐφιεμένου

2110 2869 2311 2939 ψυχῆς,
2341 2869 2407 2939 ἣν
2432 2868 2493 2938 δή
2522 2885 2665 2937 φημι
2695 2867 2782 2921 διὰ
2807 2868 2906 2937 τῆς
2928 2872 2991 2921 ἐκ
3020 2866 3133 2920 τῶν
3157 2866 3460 2935 αἰσθήσεων
3489 2867 3683 2930 ἐμπει-

2114 2961 2239 3031 ρίας
2272 2958 2704 3030 προσγίγνεσθαι
2724 2974 2741 2989 ’
2801 2958 2834 3028 ἢ
2868 2958 3068 3028 μᾶλλον
3097 2958 3264 3025 ἐρίκοι
3296 2957 3364 3011 ἂν
3400 2957 3684 3027 συμφορή-

2116 3068 2198 3105 att
2218 3050 2490 3121 διαφόρων
2521 3050 2827 3120 βρωμάτων
2869 3053 2927 3104 ἐν
2958 3040 3136 3119 κοιλίᾳ
3187 3049 3685 3120 συναθροισθέντων

2117 3144 2210 3196 καὶ
2233 3142 2504 3211 δεομένων
2555 3143 2768 3212 θέρμης
2814 3142 2951 3213 πρὸς
3001 3140 3166 3209 πέψιν
3187 3158 3202 3173 ·
3227 3141 3433 3208 ταύτην
3475 3140 3518 3195 δ’
3542 3136 3687 3193 εἷναι

437 3222 859 3277 subministrant
904 3221 1206 3291 omnigenae
1246 3229 1597 3290 tempestates
1627 3229 1683 3273 et
1727 3210 2007 3287 multiplex

2111 3232 2302 3286 ὁποίαν
2334 3232 2390 3285 αἱ
2443 3233 2696 3285 παντοῖαι
2743 3229 2854 3284 τῶν
2887 3231 3095 3301 χρόνων
3122 3225 3262 3301 ὧραι
3290 3231 3386 3285 καὶ
3415 3232 3442 3300 ἠ
3469 3233 3688 3297 ἐπαγω-

442 3328 625 3369 rerum
660 3314 943 3369 scnsilinm
998 3304 1468 3380 singulariumqu‘e
1517 3307 1879 3376 experientia.
1908 3306 2011 3359 Ita-

439 3423 548 3478 que
576 3407 788 3476 aliquos
815 3406 1003 3461 videre
1029 3394 1133 3467 est,
1167 3403 1283 3473 qui,
1313 3400 1458 3472 quod
1503 3400 1617 3454 otio
1648 3400 1810 3452 nimis
1840 3397 2011 3452 dediti

442 3498 647 3555 fuerint
676 3499 954 3568 vitamque
996 3497 1296 3552 solitariam
1341 3510 1404 3550 ac
1434 3493 1586 3548 nullo
1618 3503 1848 3548 externo
1878 3507 2012 3545 con-

439 3592 586 3646 victu
659 3590 1012 3645 exercitatam
1082 3589 1330 3660 egerint,
1389 3601 1581 3641 omnes
1646 3585 1813 3640 animi
1867 3584 2014 3638 vires

438 3692 771 3737 enervarunt
811 3695 975 3752 atque
1023 3680 1097 3734 ita
1141 3679 1552 3743 eﬂ'eminarunt,
1588 3689 1649 3733 ut
1690 3692 1794 3731 nec
1831 3677 2014 3732 dicere

442 3790 544 3830 nec
578 3790 739 3843 agere
785 3774 1085 3844 quidquam
1148 3771 1367 3842 publice
1407 3771 1697 3826 auderent.
1741 3769 2013 3824 Czeterum

440 3881 566 3920 cum
596 3875 652 3921 et
685 3882 806 3937 ego,
842 3880 1048 3921 annum
1095 3865 1273 3919 aetatis
1302 3865 1412 3934 jam
1449 3862 1743 3932 septimum
1782 3869 1836 3915 et
1870 3860 2017 3914 vice-

438 3960 638 4014 simum
672 3958 966 4019 excedens,
1016 3956 1082 4011 ad
1117 3957 1499 4027 imperatorem
1550 3944 1925 4013 accessissem.
1960 3962 2015 4009 et

443 4051 585 4104 ultra
618 4066 768 4120 spem
823 4064 1040 4104 omnem
1071 4051 1137 4102 ab
1184 4063 1251 4103 eo
1283 4061 1547 4126 exceptus
1574 4063 1772 4113 essem,
1800 4048 1854 4102 in
1896 4051 2016 4118 ejus

398 4166 401 4171 ·
443 4142 748 4212 prudentia
798 4149 855 4197 et
907 4141 1237 4209 eloquentiae
1291 4141 1507 4195 laudem
1545 4139 1856 4211 hujusmodi
1893 4154 2017 4192 ora-

443 4238 645 4291 tionem
677 4249 860 4289 coram
894 4248 961 4289 eo
992 4235 1170 4288 statim
1204 4233 1367 4288 habui
1395 4253 1409 4286 ε

516 4328 583 4380 il.
620 4344 640 4378 ι
671 4327 728 4380 Si
762 4340 858 4381 eos
888 4318 1260 4381 nostra‘mtate
1295 4324 1463 4386 viros,
1503 4321 1880 4391 potentissime
1912 4319 2017 4373 im-

445 4432 684 4493 perator,
715 4421 990 4475 exstitisse
1019 4433 1328 4479 cernerem,
1353 4414 1447 4483 qui
1494 4415 1847 4485 majestatem
1867 4419 2016 4464 tuam

444 4514 628 4584 dignis
665 4512 926 4566 laudibus
967 4510 1331 4569 celebrarent,
1374 4504 1629 4574 equidem
1688 4518 1790 4558 nec
1820 4502 1886 4557 ad
1935 4501 2017 4556 di-

445 4606 683 4662 cendum
715 4606 1062 4676 prodiissem,
1099 4614 1277 4670 neque
1330 4598 1553 4652 silentio
1593 4596 1890 4664 quidquam
1923 4610 2043 4648 ιλιι-κ

449 4701 656 4771 tiquius
706 4700 1022 4754 habuissem
1058 4703 1169 4757 :ut
1218 4695 1288 4747 iis
1347 4698 1493 4745 esset
1537 4689 1711 4753 locus,
1754 4687 1848 4757 qui
1902 4700 2023 4742 tuas

369 4826 379 4847 ι
450 4794 640 4850 laudes
689 4809 907 4862 aequare
934 4787 1167 4857 dicendo
1200 4788 1443 4857 possent.
1477 4784 1580 4839 Sed
1613 4796 1735 4838 cum
1763 4783 2021 4837 decorum

453 4897 668 4940 tuorum
698 4882 1000 4952 amplitudo
1041 4892 1259 4932 omnem
1297 4875 1559 4930 orationis
1586 4874 1798 4942 copiam
1826 4870 2023 4940 inopia:

446 4975 858 5035 condemnarit,
919 4985 1098 5041 neque
1151 4969 1296 5024 ullus
1353 4967 1580 5020 omnino
1610 4967 1700 5029 sit,
1737 4964 1828 5034 qui
1859 4978 2022 5017 orna-

456 5079 639 5127 menta
676 5079 765 5121 tua
797 5064 979 5119 verbis
1018 5077 1124 5115 non
1158 5060 1282 5115 dico
1304 5070 1587 5114 assecutus
1608 5059 1696 5119 sit,
1730 5056 1825 5110 sed
1852 5069 2020 5123 prope

454 5164 522 5216 ad
586 5176 650 5215 ea
697 5154 987 5211 accesserit
1020 5172 1031 5207 :
1061 5150 1195 5205 mibi
1241 5165 1346 5204 non
1384 5149 1512 5204 \itio
1546 5146 1865 5201 vertendum
1901 5158 2022 5197 esse

455 5251 612 5315 duxi,
637 5250 681 5303 si
712 5257 767 5303 et
795 5247 910 5315 ipse
943 5244 1162 5298 illorum
1195 5241 1444 5310 vestigia,
1478 5240 1571 5308 qui
1611 5238 1750 5291 infra
1792 5237 2026 5305 dignita-

459 5357 567 5402 tem
595 5345 877 5399 dixerunt.
905 5339 1232 5393 subsecutus
1268 5352 1447 5390 meutn
1471 5334 1744 5404 quoddam
1778 5332 2026 5386 debitum

2113 3324 2245 3393 γικὴ
2264 3323 2373 3375 τῶν
2395 3322 2675 3417 αίρθητῶν
2700 3324 2801 3375 καὶ
2834 3322 3080 3392 μερικῶν
3113 3323 3462 3392 πραγμάτων
3491 3323 3687 3390 ἐμπει-

2115 3416 2208 3486 ρία
2237 3413 2587 3486 παρέχονται.
2621 3415 2751 3468 Ἴδοι
2806 3413 2851 3467 δ’
2877 3415 2944 3469 ἄν
2984 3431 3072 3476 τις
3109 3414 3206 3467 καὶ
3246 3416 3393 3474 ὅπως
3423 3414 3566 3476 τινὲς
3598 3413 3685 3466 διὰ

2113 3507 2210 3578 τὴν
2241 3508 2342 3577 τῆς
2371 3506 2608 3576 ἡσυχίας
2642 3506 2897 3558 ἐπίτασιν
2927 3504 3024 3559 καὶ
3056 3505 3122 3567 ,τὸ
3159 3505 3390 3575 ἄμικτον
3426 3505 3521 3557 καὶ
3554 3503 3689 3573 ἀγύο

2119 3615 2355 3668 μναστον
2394 3600 2492 3668 τῆς
2523 3598 2626 3662 ἐξω
2655 3597 3080 3668 συνδιαιτήσεως
3128 3598 3229 3662 τὰς
3255 3597 3493 3669 ψυχικὰς
3525 3596 3688 3649 δυνά-

2118 3704 2240 3758 μεις
2264 3687 2548 3757 ἐμάραναν
2569 3687 2665 3740 καὶ
2698 3686 2797 3756 τὴν
2819 3685 2982 3753 φύσιν
3004 3684 3328 3756 ἐξεθήλυναν
3363 3687 3457 3738 καὶ
3486 3686 3689 3738 παντά-

2117 3795 2282 3832 πασιν
2314 3777 2764 3849 ἀπαρρησίαστον
2787 3778 3014 3847 ἐθηκαν.
3049 3777 3214 3830 Ἀλλά
3239 3778 3348 3847 γὰρ
3373 3777 3562 3847 ἐπειδὴ
3590 3776 3690 3829 καὶ

2117 3867 2279 3929 αὐτὸς
2307 3865 2616 3937 προσῆλθον
2644 3865 2790 3918 οὔτω
2820 3865 2898 3928 τῷ
2912 3854 3171 3935 ᾚασιλεῖ.
3201 3866 3429 3936 ἕϐδομον
3458 3866 3560 3936 ήδη
3595 3865 3688 3918 καὶ

2117 3961 2359 4012 εἰκοστὸν
2385 3960 2482 4026 τῆς
2510 3956 2725 4026 ἡλικίας
2750 3956 2996 4027 ἀμείϐων
3030 3955 3170 4020 ἔτος,
3223 3956 3317 4009 καὶ
3348 3956 3488 4026 ὑπὲρ
3510 3956 3689 4008 πᾶσαν

2118 4051 2486 4124 προσεδέχθην
2512 4049 2726 4115 ἐλπίδα,
2748 4048 2910 4111 εὐθὺς
2938 4049 3158 4102 ἔπαινον
3177 4050 3262 4101 ἐπ’
3289 4048 3455 4103 αὐτοῦ
3479 4047 3690 4119 διεξῆλ-

2117 4145 2210 4199 θον
2232 4148 2330 4215 τῆς
2360 4142 2690 4212 εὐγλωττίας
2729 4142 2825 4196 καὶ
2863 4141 3130 4204 συνέσεως
3164 4141 3330 4195 αὑτοῦ
3350 4126 3579 4196 τοιόνδε·

2189 4307 2264 4360 B’.
2305 4325 2324 4358 ι
2364 4305 2426 4359 Εἰ
2468 4303 2568 4373 μὲν
2617 4296 2685 4372 ἦν
2719 4318 2810 4372 μοι
2838 4301 2989 4372 ὀρᾷν,
3022 4300 3282 4370 κράτιστε
3317 4299 3558 4370 βασιλεῦ,
3590 4300 3691 4370 τὴν

2120 4399 2243 4453 καθ’
2295 4397 2443 4468 ἡμᾶς
2503 4393 2599 4448 τοῦ
2659 4393 2854 4463 χρόνου
2905 4393 3079 4462 φορὰν
3113 4391 3412 4463 ἀξιόχρεως
3442 4392 3537 4445 καὶ
3566 4393 3693 4455 τοὺς

2122 4492 2366 4561 ύμνητάς
2397 4486 2834 4558 προενεγκοῖωαν
2861 4484 2956 4539 τοῦ
2988 4484 3081 4538 σοῦ
3106 4470 3362 4554 κράτους,
3396 4483 3509 4537 οὔτ’
3535 4483 3601 4537 ἀν
3630 4484 3694 4537 τὸ

2121 4585 2301 4651 λέγειν
2336 4579 2696 4654 προῃρούμην
2729 4578 2823 4632 καὶ
2858 4578 2966 4631 πᾶν
2999 4579 3174 4630 ποιεῖν
3209 4580 3303 4630 καὶ
3347 4576 3526 4645 λέγειν
3552 4575 3694 4645 ὑπὲρ

2121 4675 2216 4729 σοῦ
2247 4675 2406 4744 σιγᾷν
2441 4671 2649 4742 σφόδρα
2679 4668 2988 4740 προσιέμην
3017 4669 3082 4722 ἄν
3108 4667 3222 4738 (81)
3243 4684 3258 4700 ο
3292 4667 3453 4724 αὐτὸς
3484 4667 3540 4719 δὲ
3569 4665 3694 4718 τού-

2120 4787 2232 4835 τοις
2278 4770 2513 4838 ἄσμενος
2562 4765 2659 4834 τῆς
2690 4761 3008 4835 παρρησίας
3042 4758 3420 4830 παρεχώρουν,
3452 4753 3533 4821 οἷς
3563 4759 3695 4824 ἐφα-

2125 4863 2328 4933 μίλλως
2373 4862 2488 4923 τοῖς
2536 4855 2834 4927 ἐγκωμίοις
2894 4870 2990 4905 σου
3020 4851 3201 4919 λέγειν
3253 4852 3400 4920 ἐξῆν.
3466 4851 3617 4902 Ἐπεὶ
3640 4849 3697 4901 δὲ

2123 4959 2363 5019 πάντων,
2395 4953 2470 5016 ὼς
2520 4951 2725 5004 ἐπίπαν
2754 4947 2953 5009 εἰπεῖν,
2990 4938 3352 5015 κατεψηφίσω
3389 4942 3489 5012 τὴν
3524 4935 3696 5013 ἧτταν

2125 5053 2192 5121 τῇ
2223 5050 2329 5101 τῶν
2355 5045 2535 5099 καλῶν
2569 5058 2660 5096 σου
2695 5038 2999 5109 πλεονεξίᾳ,
3036 5037 3115 5091 ἔνι
3161 5036 3206 5090 δ’
3227 5035 3399 5099 οὐδεὶς
3424 5035 3486 5087 τὸ
3520 5034 3699 5101 παρά-

2129 5158 2238 5192 παν
2290 5134 2418 5206 μήθ’
2445 5137 2471 5188 ὁ
2504 5132 2639 5202 πρὸς
2679 5131 2837 5196 ἀξίαν
2864 5130 3057 5191 εἰπὼν,
3111 5128 3251 5194 μήτε
3290 5127 3394 5196 μὴν
3421 5128 3519 5195 τῆς
3541 5126 3699 5191 ἀξίας

2124 5233 2313 5300 ἐγγὺς,
2346 5230 2405 5281 ού
2433 5228 2581 5281 δοκεῖ
2617 5242 2707 5296 μοι
2737 5223 2848 5277 οὐδ’
2873 5220 3061 5291 ἔμοιγε
3090 5218 3371 5273 κείσεσθαι
3395 5218 3612 5286 φαύλως
3643 5218 3702 5269 τὸ

2126 5325 2380 5395 πρᾶγμα,
2426 5319 2539 5388 εἴγε
2567 5319 2660 5369 καὶ
2687 5315 2871 5380 αὐτὸς,
2918 5313 2994 5375 ὡς
3017 5314 3215 5379 ἔξεστι,
3241 5312 3443 5381 τούμὸν
3475 5326 3702 5363 κατατι-

458 5438 770 5506 persolvere
813 5432 1115 5488 studerent.
1162 5428 1230 5484 Ut
1272 5429 1418 5483 enim
1458 5425 1858 5495 ineptissimum
1895 5423 2011 5476 fuis

2124 5415 2276 5486 θείην
2307 5412 2550 5483 ὄφλημαι
2588 5411 2802 5477 ’Ὠσπερ
2834 5408 2943 5476 γὰρ
2972 5405 3038 5459 ἂν
3070 5404 3180 5458 τῶν
3208 5404 3578 5506 ἀτρπωτάτων
3609 5397 3699 5472 ἦν,

458 5538 563 5592 set,
596 5542 698 5582 nos
754 5526 900 5581 solos
958 5532 1108 5578 tanto
1151 5521 1370 5592 negotio
1407 5520 1644 5588 impares
1694 5516 1897 5570 audere
1924 5517 2026 5569 ali-

459 5617 590 5687 quid
644 5633 658 5670 :
717 5616 788 5671 ita
839 5623 1266 5671 consentaneum
1320 5619 1406 5666 est
1455 5622 1561 5659 una
1625 5619 1750 5659 cum
1811 5604 2025 5656 ca'tcris

2127 5510 2319 5577 μόνους
2354 5506 2502 5577 ἡμᾶς
2532 5503 2633 5574 τῆς
2687 5500 2841 5565 ἀξίας
2870 5497 3223 5559 ἐλλείποντας
3252 5488 3370 5546 εἶτα
3398 5495 3701 5563 ἐπιχειρεῖν

2123 5599 2304 5667 λέγειν
2321 5614 2339 5631 ’ν
2362 5597 2506 5651 οὕτω
2539 5595 2676 5666 δῆτα
2700 5594 2810 5647 τῶν
2847 5591 3074 5645 εἰκότων
3100 5585 3193 5655 αὖ,
3216 5585 3353 5657 ὁμοῦ
3384 5586 3495 5650 τοῖς
3520 5585 3702 5647 ἄλλοις

1792 5740 2126 5803 Variorum
2166 5744 2351 5799 notae.

535 5880 646 5953 (8|)
686 5878 904 5949 Aliquid
950 5879 1053 5935 hoc
1097 5877 1215 5932 loco
1255 5874 1335 5929 vel
1382 5871 1553 5935 deest,
1597 5869 1674 5924 vel
1712 5864 2019 5937 superﬂult.
2061 5862 2274 5919 Bonus.
