4088 6452
337 400 450 471 509

592 397 670 474 [Α.
710 413 764 457 c.
807 395 947 457 me
985 412 1050 454 AD
1093 388 1257 470 1523]
1332 385 1790 464 ‘BYZANTIN/E
1826 399 1931 466 HI:

2032 403 2222 466 )RUE
2260 405 2412 471 LIB.
2452 403 2623 472 VIII.

3518 407 3630 476 510

2719 395 2856 478 [ευρ.
2899 420 3186 462 nono-mc.
3229 407 3374 483 seu]

336 525 571 581 κατόπιν
592 526 696 595 τῆς
717 525 874 592 ἀξίας
901 525 1220 598 βαδίζοντας
1261 523 1408 579 τοῦτ’
1443 525 1580 580 αὐτὸ
1608 526 1808 592 ποιεῖν,
1837 524 1915 590 ὡς

2032 523 2297 579 ῗτυειτατί.
2349 524 2539 597 Neque
2592 525 2739 581 enim
2795 527 3069 582 aflirmare
3131 527 3480 592 dubitetn,ci
3522 529 3617 600 qui

340 619 484 687 μάλα
506 618 567 672 ὃν
597 618 753 672 οὐδὲν
775 619 1019 689 αἰσχρόν.
1054 619 1442 689 Διατειναίμην
1478 619 1587 688 γὰρ
1615 619 1684 672 ἂν
1711 619 1921 689 σφόδρα

337 714 537 782 ἔγωγε.
592 713 669 776 ὡς
722 712 823 782 τὴν
886 712 983 783 σὴν
1035 711 1341 782 πλουτῆσαι
1371 711 1629 779 γλῶσσαν
1661 711 1921 777 εὔξασθαι

337 807 445 877 χρὴ
471 806 762 878 πρότερον,
785 806 931 869 ὅστις
959 804 1203 876 βούλοιτο
1228 805 1366 877 πρὸς
1390 804 1548 870 ἀξίαν
1575 805 1833 871 διεξιέναι
1853 807 1921 858 τά

339 899 429 953 σά.
493 899 707 962 ΙἌλλως
759 898 805 952 δ’
843 899 944 952 οὐκ
1004 899 1071 952 ἂν
1101 897 1486 968 διατειναίμην
1549 893 1690 951 εἶναι
1740 897 1922 970 ῥᾴδιον

337 993 535 1049 οὐδενί.
561 993 677 1046 Καὶ
697 992 807 1063 γὰρ
854 993 954 1046 καὶ
982 991 1231 1063 γλώττης
1282 991 1596 1063 εὐπρεπείᾳ
1655 990 1922 1061 βασιλικῷ
1960 986 1965 992 ’

335 1086 422 1158 τῷ.
468 1086 633 1158 πήχει
687 1087 810 1149 τοὺς
854 1086 1046 1149 ἄλλους
1079 1085 1435 1156 παρήλασας,
1474 1085 1575 1138 καὶ
1628 1085 1808 1137 πάντα
1837 1101 1920 1136 σοι

338 1179 600 1250 πρόσεστι
627 1181 697 1232 τὰ
729 1179 892 1244 καλὰ,
916 1172 991 1233 ὧν
1019 1178 1078 1231 ἓν
1103 1179 1223 1264 οὐδέ
1243 1179 1301 1232 ἓν
1323 1179 1502 1233 οὐδενὶ
1521 1179 1634 1232 τῶν
1662 1177 1922 1238 ἁπάντων

338 1271 625 1337 ὡσαύτως,
657 1267 783 1322 οὔτε
823 1269 932 1322 τῶν
955 1271 1014 1322 ἐν
1035 1264 1118 1331 οἷς
1158 1271 1343 1338 ἡμεῖς,
1366 1267 1493 1322 οὗτε
1518 1268 1625 1339 μὴν
1649 1267 1760 1321 τῶν
1789 1269 1922 1338 πρὶν

337 1363 372 1434 ἦ
400 1365 580 1434 ἡμεῖς,
611 1361 808 1416 οὔκουν
842 1362 953 1416 οὐδ’
995 1361 1062 1415 ἀν
1103 1363 1232 1426 τοὺς
1277 1363 1522 1432 ὲξαρχῆς
1547 1361 1802 1432 ἀριθμεῖν
1838 1377 1922 1423 τις

338 1453 518 1525 ἐθέλῃ.
553 1455 834 1508 Ἑνταυθοί
859 1455 918 1508 δὲ
941 1455 1035 1507 τοῦ
1065 1454 1226 1522 λόγου
1255 1455 1550 1524 γενόμενος
1572 1452 1698 1506 οὔτε
1728 1451 1924 1518 διεξιέ-

339 1565 430 1602 ναι
460 1547 644 1615 τολμῶ
678 1546 812 1601 ὀὔτε
857 1546 1018 1602 πάνθ’
1049 1548 1124 1610 ὡς
1177 1549 1383 1600 ἐπίπαν
1411 1549 1588 1601 ὁπόσα
1639 1545 1721 1600 σοί
1777 1548 1923 1598 ἔστιν

337 1641 614 1712 ἐγκώμια,
645 1639 769 1694 οὗτε
804 1639 878 1712 μὴ
905 1642 1087 1694 πάντα
1111 1656 1124 1670 ·
1155 1640 1326 1694 αἰτίαι
1352 1640 1410 1694 δὲ
1439 1640 1516 1703 ὡς
1545 1639 1799 1710 λαμπραὶ
1829 1639 1925 1692 καὶ

337 1730 608 1800 λαμπρῶς
634 1731 977 1800 ἐγκείμεναι.
1009 1729 1116 1783 Καὶ
1140 1729 1251 1799 γὰρ
1277 1729 1340 1782 τὸ
1378 1730 1452 1800 μὴ
1473 1728 1736 1782 δύνασθαι
1765 1729 1861 1782 καὶ
1887 1729 1921 1797 ἡ

337 1823 462 1878 ’ποῦ’
490 1823 684 1894 χρέους
729 1823 959 1886 ἐκτισις,
1023 1823 1118 1876 δύο
1165 1823 1232 1893 δὴ
1282 1822 1458 1875 ταῦτα
1516 1822 1777 1882 ἐναντίως
1805 1837 1924 1882 πως

340 1917 532 1987 ἔχοντα
578 1915 718 1986 πρὸς
772 1915 998 1985 ἄλληλα,
1029 1916 1131 1985 τὴν
1174 1914 1315 1984 ἐμὴν
1366 1915 1452 1982 ἐφ’
1481 1915 1720 1984 ἑκάτερα
1748 1913 1923 1984 σχίζει

340 2009 580 2064 διάνοιαν
600 2026 615 2040 ο
651 2010 728 2074 ὡς
753 2010 854 2079 ἐμὲ
881 2009 1013 2078 γοῦν
1029 2009 1121 2062 τὸν
1149 2007 1497 2080 ἑκατέρωθεν
1517 2007 1924 2077 φυλαττόμενον

342 2103 589 2156 κίνδυνον
642 2099 1061 2169 ἀναγκάζεσθαι
1111 2101 1206 2152 καὶ
1255 2098 1588 2169 ἀμφοτέρων
1613 2102 1926 2170 μεταποιεῖ-

345 2191 467 2245 σθαι
500 2191 593 2243 καὶ
617 2187 686 2243 αὖ
749 2188 1087 2260 μηδετέρων,
1150 2188 1547 2259 ἁρμοσάμενον
1583 2188 1649 2241 δι’
1679 2187 1926 2259 ἀλλήλων

349 2284 599 2353 ἑκάτερα.
641 2282 836 2335 Ὀπότε
867 2282 977 2350 γάρ
1011 2275 1087 2334 ὧν
1132 2281 1230 2333 ἐπὶ
1259 2280 1428 2352 σοφίᾳ
1465 2279 1635 2332 πάλαι
1661 2279 1926 2349 σεμνότης

347 2375 602 2444 ὀνόματος
626 2369 773 2427 οὗτοι
801 2373 888 2446 [Ρ.
910 2371 1040 2445 205]
1071 2373 1276 2436 πάντες
1297 2375 1344 2425 εί
1373 2373 1651 2443 παρῆσαν,
1685 2373 1927 2444 ἡττήθη-

347 2485 448 2522 σαν
479 2468 543 2523 ἀν
597 2484 693 2521 σου
725 2466 827 2535 τῆς
857 2466 969 2520 τῶν
1011 2465 1194 2520 καλῶν
1223 2466 1563 2532 πλεονεξίας,
1602 2467 1712 2519 τῶν
1741 2483 1800 2518 τε
1830 2465 1928 2520 νῦν

343 2560 512 2614 ὄντων
543 2558 605 2612 τὸ
631 2559 866 2628 πρᾶγμα
895 2556 1048 2610 οὐδὲν
1080 2557 1454 2626 διαφερόντως
1488 2557 1627 2627 ἔχει,
1665 2556 1719 2609 τί
1738 2558 1928 2611 λοιπὸν

343 2647 470 2716 ἐμοὶ
497 2648 530 2716 ἢ
558 2644 665 2698 τῶν
698 2661 761 2714 γε
797 2645 1064 2698 πλειόνων
1094 2646 1357 2715 ἁφεμένῳ
1388 2648 1567 2715 μικρά
1587 2663 1711 2699 τινα
1740 2647 1928 2700 διαλα-

345 2739 460 2794 ϐεῖν
490 2740 571 2793 δεῖ
617 2739 716 2792 καὶ
747 2738 848 2790 ὅσα
881 2755 974 2807 μοι
1033 2737 1313 2805 τάσφαλές
1347 2739 1463 2790 ἐστι
1513 2738 1927 2808 προμνώμενα;

348 2833 532 2904 μήπου
565 2848 649 2885 τοι
677 2830 933 2902 καθάπερ
960 2832 1008 2884 οξ
1039 2830 1148 2884 τῶν
1179 2829 1568 2900 Ὀλυμπιακῶν
1597 2830 1774 2884 ἀθλων
1803 2831 1932 2883 ἀτέ-

345 2928 525 2980 λεστοι
556 2923 788 2994 κινδύνῳ
818 2925 1170 2996 χρησάμενος
1191 2922 1458 2993 αἰσχύνης
1483 2922 1726 2991 ἀθλητὴς
1757 2923 1930 2990 ἐμαυ-

346 3020 425 3092 τῷ
443 3017 804 3088 κατασταίην.
859 3017 972 3070 Καὶ
1025 3015 1287 3082 πείθομαί
1317 3031 1382 3082 γε
1436 3014 1604 3084 μηδὲν
1643 3009 1785 3066 εῖναι
1820 3013 1931 3066 τῶν

349 3113 564 3167 πάντων
589 3113 799 3183 ἕτερον,
833 3110 861 3164 ὅ
891 3127 960 3180 με
991 3111 1268 3178 προσήκει
1293 3108 1498 3177 μᾶλλον
1529 3108 1730 3171 ποιεῖν,
1763 3104 1796 3175 ἦ
1838 3104 1930 3156 τὸν

347 3206 597 3262 ιντεῦθεν
650 3204 1016 3275 φυλάττεσθαι
1062 3203 1313 3256 κίνδυνον
1365 3201 1460 3253 καὶ
1518 3200 1670 3270 μάλα.
1725 3199 1931 3270 μᾶλλον

348 3298 472 3368 ἐμὲ,
499 3299 533 3369 ἢ
561 3298 615 3351 εῖ
643 3314 697 3350 τι
729 3295 928 3367 βρέφος
953 3294 1206 3349 ἐϐούλετο
1256 3293 1441 3362 μάζαν
1470 3292 1768 3355 σιτεῖσθαι,
1801 3291 1933 3361 πρὶν

346 3391 636 3445 ἀπότιτθον
679 3389 954 3458 γενέσθαι.
1027 3387 1190 3457 Ἐξῆν
1239 3389 1351 3455 γὰρ
1377 3384 1444 3438 ἀν
1473 3386 1541 3453 γέ
1576 3401 1682 3437 που
1714 3385 1934 3446 πάντως

347 3483 602 3540 ἀνιᾶσθαι
630 3481 992 3544 τελεσθέντος.
1017 3481 1137 3551 Χρὴ
1165 3479 1370 3550 μέντοι,
1393 3475 1568 3547 οἶμαι,
1597 3478 1672 3542 ὡς
1698 3480 1779 3540 εἰς
1805 3479 1935 3531 ἀνά-

348 3594 540 3649 κτορον
569 3577 790 3631 εἰσιόντι
817 3574 1166 3645 παμπόλλοις
1199 3573 1638 3644 φαιδρυνόμενον
1690 3574 1788 3626 καὶ
1813 3589 1933 3624 ποι-

349 3673 520 3736 κίλοις
551 3671 890 3741 ἀγάλμασιν,
919 3668 996 3731 ὣς
1024 3668 1084 3721 δὲ
1119 3670 1226 3721 κάν
1266 3669 1382 3728 τοῖς
1419 3665 1515 3719 τοῦ
1542 3665 1808 3735 βασιλέως
1842 3667 1934 3732 ὲγ-

349 3763 579 3833 κωμίοις
608 3759 891 3829 γενομένῳ
947 3759 1060 3821 τοί-ς
1091 3756 1276 3818 ἄλλοις
1307 3755 1418 3808 τῶν
1475 3753 1652 3808 ἄλλων
1683 3771 1934 3822 παρακε-

347 3855 629 3926 χωρηκότι
663 3853 782 3916 ἑνός
842 3869 948 3905 που
980 3851 1014 3922 ἢ
1052 3852 1148 3906 καὶ
1194 3849 1291 3904 δύο
1319 3849 1383 3901 τὸ
1409 3849 1664 3901 πλεῖστον
1693 3850 1934 3915 ἐπιμνη-

351 3949 564 4018 σθῆναι.
597 3947 828 4002 Πλείονα
861 3948 970 4016 γὰρ
999 3945 1074 4008 ὠς
1105 3945 1207 3998 οὐκ
1231 3943 1476 4012 ἀσφαλὲς
1509 3943 1576 3995 ἀν
1598 3940 1930 4010 είηιλέγειν,

349 4045 456 4114 ὅτῳ
483 4041 546 4114 δὴ
586 4041 676 4112 μὴ
697 4040 1031 4110 μεταμέλειν
1059 4037 1256 4108 μέλοι,
1317 4036 1467 4089 ἔστιν
1520 4032 1836 4104 εἰρημένον.
1871 4030 1935 4083 El

350 4141 457 4210 γὰρ
484 4137 592 4190 τῶν
617 4135 712 4188 δύο
733 4136 834 4188 οὐκ
861 4132 1102 4204 εὐχερῶς
1126 4132 1192 4186 ἄν
1222 4148 1305 4192 τις
1337 4124 1736 4192 ἀπαλλάξαιτο,
1762 4124 1931 4196 σχολῇ

349 4233 457 4285 τῶν
481 4248 542 4300 γε
575 4229 858 4284 πλειόνων.
898 4227 1082 4280 Ἀλλοι
1134 4226 1231 4292 μὲν
1259 4225 1444 4290 τοίνυν
1477 4221 1718 4274 ἀλλάττα
1745 4217 1936 4286 λεγόν-

348 4345 477 4390 των,
503 4327 580 4389 ῶς
606 4342 670 4394 γε
697 4323 938 4394 εἴρηται,
959 4319 1069 4374 τῶν
1093 4318 1189 4372 τοῦ
1222 4315 1513 4390 βασιλέως,
1543 4315 1668 4384 ἐμοὶ
1690 4313 1736 4366 δ’
1765 4311 1937 4382 ἐχέτω

356 4418 575 4488 μνήμην
602 4415 662 4467 τό
717 4429 777 4465 τε
810 4412 908 4480 τῆς
957 4409 1279 4479 φρονήσεως
1317 4402 1486 4457 αὐτοῦ
1527 4400 1761 4473 μέγεθος
1791 4400 1883 4453 καὶ
1907 4400 1936 4452 ὁ

351 4504 448 4574 τῆς
477 4502 726 4570 γλώττης
761 4498 977 4569 κρότος.
1001 4491 1103 4547 Ὧν
1129 4493 1296 4554 αὐτός
1323 4509 1384 4544 τε
1414 4494 1611 4559 πεῖραν
1653 4488 1801 4559 σχὼν
1823 4489 1935 4550 τοῖς

353 4615 410 4650 τε
443 4595 622 4658 ἄλλοις
652 4592 934 4665 χρώμενος
964 4590 1052 4642 ἀεὶ
1079 4584 1168 4640 διὰ
1197 4586 1447 4654 γλώττης
1497 4585 1694 4661 ἄγουσι
1724 4585 1816 4636 καὶ
1843 4585 1936 4634 οὑ-

353 4690 463 4744 δέσι
495 4688 568 4758 μὴ
603 4684 1003 4754 θαυμάζουσιν,
1065 4682 1167 4733 οὐκ
1228 4666 1464 4732 ἐσθ”ὅτε
1517 4678 1810 4745 μέμνημαι
1842 4675 1939 4728 καὶ

354 4780 534 4847 αὐτὸς,
570 4779 645 4849 μὴ
669 4775 1025 4847 ἀσχολοῦντός
1051 4789 1155 4842 μου
1184 4772 1274 4824 τὸν
1307 4770 1432 4823 νοῦν
1460 4770 1554 4821 τοῦ
1583 4769 1764 4824 αὐτῶν
1804 4767 1940 4820 θαύ-

359 4889 522 4943 ματος
558 4870 650 4923 καὶ
679 4868 908 4938 ἀπορεῖν
940 4865 1244 4925 ποιοῦντος.
1280 4865 1508 4930 πότερον
1541 4862 1809 4930 πρότερον
1842 4861 1940 4913 καὶ

361 4963 559 5032 μᾶλλον
589 4960 872 5028 ἐπαινοίην
908 4959 1194 5026 ἑκατέρων
1216 4972 1230 4985 ⁸
1265 4957 1358 5006 καὶ
1387 4956 1473 5007 ἀεί
1496 4953 1810 5021 περαιτέρω
1843 4949 1938 5002 τοῦ

356 5055 511 5123 λόγου
537 5053 830 5123 δηλοῦσθαι
857 5051 1130 5122 εὑρίσκων
1168 5047 1476 5118 μεταχωρώ
1529 5045 1667 5112 πρὸς
1698 5042 1940 5112 ἐμαυτὸν

357 5148 744 5210 διολισθαίνων,
796 5145 1053 5216 καθάπερ
1084 5143 1134 5196 οἱ
1157 5143 1378 5210 σώμασι
1408 5140 1575 5202 λείοις
1625 5139 1723 5200 τὰς
1748 5139 1942 5207 χεῖρας

356 5241 582 5310 ἐρείδειν
637 5238 1072 5304 οπουδάζοντεςκ
1098 5236 1189 5298 Ὠς
1221 5234 1317 5288 νῦν
1344 5250 1428 5302 γε,
1468 5234 1628 5301 εἰπερ
1663 5229 1791 5300 ἐξῆν
1827 5246 1938 5297 μοι,

356 5333 606 5401 οὐδαμῶς
641 5332 706 5383 ἂν
733 5331 973 5399 ὑφιέμην
1007 5329 1082 5400 μὴ
1117 5329 1309 5382 καλεῖν
1337 5343 1396 5378 σε
1435 5327 1539 5397 γῆς
1566 5327 1741 5396 ἥλιον,
1776 5319 1820 5379 ὦ
1846 5323 1942 5394 βα-

357 5423 530 5477 σιλεῦ.
581 5423 668 5482 Ὧς
691 5423 802 5492 γὰρ
827 5424 1028 5484 πάντες
1085 5419 1264 5490 φωτὸς
1298 5421 1569 5491 θησαυροὶ
1619 5418 1697 5491 τῷ
1729 5417 1942 5488 ἡλιακῷ

356 5517 699 5584 ξυνελθόντες
721 5516 892 5586 δίσκῳ
925 5517 1092 5568 πᾶσιν
1127 5495 1342 5570 ἐκεῖθεν
1392 5513 1584 5583 ὥσπερ
1641 5514 1705 5565 ὲκ
1755 5512 1940 5564 κοινοῦ

356 5607 684 5675 πρυτανείου
721 5607 819 5668 τὰς
849 5607 1108 5676 ἀφορμὰς
1151 5605 1360 5658 διδόασι
1392 5603 1486 5657 τοῦ
1520 5604 1762 5673 βλέπειν,
1801 5602 1943 5654 οὕτω

354 5698 419 5768 δὴ
450 5701 552 5753 κάν
609 5700 694 5753 σοὶ
744 5701 898 5752 πᾶσα
953 5700 1218 5770 φρὸνησις
1278 5696 1664 5769 συνδραμοῦσα
1713 5698 1942 5765 φέρεται

355 5789 542 5863 ὥσπερ
567 5791 626 5857 ἐξ
658 5790 890 5862 οὐρανοῦ
949 5792 1261 5863 πανταχόσε
1292 5791 1392 5859 τῆς
1423 5790 1547 5858 γῆς,
1576 5790 1833 5859 ἀφορμάς
1863 5789 1943 5842 δι-

359 5883 524 5938 δοῦσα
573 5886 704 5938 πᾶσι
762 5884 852 5938 τοῦ
882 5885 1192 5955 θαυμάζειν
1218 5887 1247 5917 ”
1285 5885 1378 5938 καὶ
1431 5885 1620 5954 ὥσπερ
1653 5885 1754 5936 οὐκ
1793 5882 1942 5936 ἔστιν

2024 623 2116 669 tua
2150 614 2293 673 facta
2335 626 2394 670 ut
2431 629 2718 673 merentur
2771 619 2995 674 laudare
3035 621 3307 681 instituat,
3340 621 3394 674 in
3423 622 3620 695 primis

2021 712 2266 782 linguam
2314 722 2464 766 tuam
2509 713 2876 782 exoptandam
2937 728 3060 769 esse
3119 731 3134 768 :
3189 713 3356 787 329
3409 716 3617 784 alioqui

2021 820 2152 860 vero
2201 804 2479 860 neminem
2525 805 2577 859 id
2641 804 2803 859 facile
2855 815 3118 874 praestare
3163 821 3354 876 posse.
3402 806 3538 860 Nam
3567 815 3625 859 et

2021 899 2290 953 orationis
2347 908 2543 953 ornatu
2597 899 2762 968 longo
2835 898 3128 953 intervallo
3186 914 3437 954 omnesa
3470 909 3625 969 tergo

2023 993 2288 1062 relinquis
2346 1009 2360 1045 :
2418 1007 2521 1046 nec
2577 993 2752 1046 ullum
2795 993 2851 1046 in
2905 1003 2958 1047 te
2999 993 3206 1047 bonum
3251 993 3621 1058 desideratur,

2023 1101 2261 1155 quorum
2313 1085 2487 1139 ullum
2548 1087 2632 1140 vel
2682 1095 2868 1140 nostra
2924 1096 3106 1152 aetate,
3132 1088 3216 1142 vel
3254 1073 3282 1140 a
3318 1086 3624 1157 primordio

2025 1195 2126 1249 par
2149 1188 2244 1232 aut
2270 1180 2453 1232 simile
2485 1179 2796 1249 exemplum
2840 1180 3074 1250 reperiri
3104 1189 3290 1250 queat.
3323 1180 3437 1234 lloc
3498 1193 3622 1233 ora-

2025 1269 2192 1323 tionis
2253 1268 2376 1322 loco
2442 1283 2621 1338 neque
2680 1283 2874 1322 omnes
2920 1277 3044 1324 tuas
3086 1269 3279 1324 laudes
3311 1286 3619 1326 recenseer

2023 1376 2205 1432 neque
2232 1362 2447 1431 aliquas
2500 1362 2786 1432 praeterire
2837 1361 3017 1416 audeo
3057 1363 3413 1418 evidentibus
3438 1366 3624 1433 gravi-

2029 1455 2244 1524 busque
2282 1455 2348 1509 de
2403 1455 2605 1510 causis.
2658 1456 2792 1509 Nam
2828 1465 2886 1511 et
2946 1455 3152 1524 ingenii
3193 1455 3545 1510 imbecillitas
3569 1463 3626 1508 et

2027 1545 2199 1598 debiti
2245 1544 2570 1614 magnitudo
2607 1544 2853 1598 animum
2887 1558 3068 1598 meum
3097 1541 3620 1608 diversetrahunt:

2027 1645 2086 1690 ut
2116 1637 2423 1706 periculum
2477 1637 2740 1706 utrinque
2804 1637 3020 1692 caventi
3061 1635 3194 1690 mihi
3246 1646 3302 1690 et
3327 1645 3624 1703 utrumque

2025 1730 2099 1783 sit
2127 1730 2462 1790 conandum,
2499 1739 2554 1784 et
2582 1739 2866 1795 neutrum,
2910 1729 3179 1785 ambobus
3228 1727 3372 1781 inter
3404 1743 3462 1782 se
3487 1742 3624 1782 con-

2024 1822 2346 1891 jungendis.
2392 1822 2450 1874 Si
2495 1821 2642 1874 enim
2700 1821 2738 1876 ii
2777 1836 2992 1885 munes,
3027 1819 3229 1890 quibus
3281 1820 3492 1874 illustre
3522 1832 3625 1872 no-

2030 1930 2152 1968 men
2185 1914 2315 1968 olim
2366 1913 2612 1975 eruditio
2653 1914 2888 1983 peperit,
2931 1913 3212 1972 adessent.
3270 1927 3374 1966 nec
3434 1922 3619 1966 tamen

2027 2017 2354 2078 argumento
2381 2006 2700 2061 satisfacere
2729 2013 2964 2076 possent
2988 2022 3002 2058 :
3028 2014 3085 2061 et
3109 2006 3301 2060 eadem
3323 2013 3404 2058 est
3430 2019 3621 2057 eorum

2029 2101 2196 2155 etiam
2235 2101 2496 2169 quiuunc
2537 2100 2730 2152 vivunt
2760 2099 3005 2153 conditio
3042 2117 3055 2152 :
3087 2097 3218 2169 quid
3255 2097 3392 2150 tnihi
3428 2105 3620 2159 restat,

2029 2192 2135 2246 nisi
2179 2202 2239 2246 ut
2290 2191 2525 2245 maxima
2576 2202 2730 2260 parte
2776 2190 2979 2244 omissa
3043 2188 3277 2259 paucula
3323 2187 3619 2255 explicem.

2029 2301 2151 2355 qua:
2200 2285 2320 2339 sine
2361 2284 2608 2354 periculo
2658 2293 2897 2337 tractare
2947 2282 3190 2352 possim?
3241 2297 3309 2334 ne
3350 2280 3514 2339 forte,
3561 2285 3623 2329 ut

2033 2375 2449 2446 Olympicorum
2510 2377 2876 2428 ct-rtaminum
2934 2373 3133 2437 rudes,
3186 2384 3402 2440 meapte
3463 2370 3625 2438 culpa

2029 2468 2324 2538 suscipiam
2367 2467 2624 2520 dedecus.
2675 2466 2754 2520 Ae
2793 2468 3022 2520 omnino
3069 2479 3394 2534 persuasum
3423 2461 3626 2524 habeo,

2031 2560 2172 2614 nihil
2227 2559 2475 2612 omnium
2515 2574 2675 2628 teque
2723 2573 2789 2613 ac
2820 2557 3128 2628 periculum
3168 2561 3273 2612 hoc
3319 2554 3626 2612 cavendum

2031 2669 2153 2710 esse
2178 2653 2336 2720 mihi,
2368 2663 2424 2708 et
2455 2653 2631 2708 nihilo
2659 2653 2842 2707 minus
2875 2667 3041 2722 quam
3067 2652 3113 2706 si
3153 2651 3354 2722 infans.
3380 2649 3626 2705 nondum

2031 2747 2102 2803 ab
2156 2747 2324 2802 ubere
2363 2759 2632 2810 remotus,
2679 2763 2822 2816 pane
2873 2747 3020 2801 vesci
3063 2746 3268 2815 cupiat.
3315 2745 3450 2800 Nam
3487 2746 3533 2799 si
3571 2745 3624 2798 id

2035 2839 2214 2904 fieret,
2239 2847 2391 2894 esset
2418 2839 2608 2908 utique
2635 2838 2857 2892 dolendi
2891 2839 3067 2893 locus.
3105 2837 3221 2893 Etsi
3255 2849 3438 2892 autem
3460 2851 3629 2891 cona-

2038 2942 2127 2986 tus
2158 2943 2244 2988 est
2273 2932 2502 2996 arduus,
2542 2941 2722 2985 tamen
2753 2931 2952 2985 decere
2991 2932 3233 2985 arbitror
3279 2946 3389 2984 non
3423 2931 3608 2984 minus

2035 3039 2200 3093 quam
2232 3023 2278 3077 si
2330 3022 2410 3078 in.
2443 3023 2750 3078 sacrarium
2811 3023 2993 3076 omnis
3038 3023 3260 3092 generis
3300 3023 3633 3093 imaginibus

2035 3125 2363 3170 exornatum
2401 3116 2724 3186 ingrederer
2774 3134 2788 3170 :
2819 3116 2890 3169 ita
2924 3115 3089 3186 330
3121 3117 3288 3169 etiam
3329 3115 3632 3180 imperato-
3690 3118 3694 3126 ‘

1962 3243 2004 3301 ο
2040 3207 2122 3263 ris
2149 3208 2342 3262 laudes
2369 3223 2661 3279 aggressus
2683 3217 2881 3262 caetera
2909 3209 3032 3262 aliis
3061 3207 3440 3270 concedenda,
3467 3207 3633 3261 unius

2038 3316 2172 3355 vero
2214 3311 2384 3372 atque
2442 3301 2676 3356 alterius
2743 3303 3082 3356 mentionem
3141 3301 3630 3361 essefacie‘ndam.

2035 3395 2173 3449 Nam
2209 3397 2397 3465 plures
2429 3396 2700 3464 attingere
2731 3395 3103 3464 periculosum
3139 3395 3327 3449 fuerit.
3353 3394 3455 3460 Qui
3482 3393 3632 3448 enim

2041 3488 2202 3543 binas
2225 3487 2514 3542 absolvere
2544 3487 2836 3541 difficulter
2865 3498 3056 3558 queat,
3089 3487 3220 3558 quid
3251 3487 3506 3556 pluribus
3536 3501 3633 3540 ac-

2037 3576 2515 3646 cidetoccnpato?
2569 3576 2756 3646 Itaque
2794 3577 2889 3630 alii
2939 3577 3046 3631 alia
3078 3585 3561 3632 commemorent:
3603 3591 3634 3630 a

2040 3685 2128 3724 me
2157 3685 2291 3723 vero
2323 3682 2380 3724 et
2416 3670 2623 3738 ingenii
2656 3671 2980 3742 magnitudo
3023 3680 3081 3725 et
3125 3670 3344 3725 dicendi
3387 3670 3466 3724 vis
3487 3669 3635 3724 cele-

2039 3761 2253 3823 bretur,
2281 3777 2420 3832 quas
2446 3772 2501 3816 et
2543 3763 2659 3831 ipse
2705 3763 3088 3832 experimento
3110 3764 3372 3833 cognovi,
3434 3775 3489 3816 et
3517 3762 3634 3826 alii,

2037 3868 2272 3923 quorum
2329 3855 2733 3908 consuetudine
2786 3867 2952 3919 utor,
3012 3856 3260 3924 quotidie
3309 3853 3632 3924 praedicant,

2038 3946 2262 3999 nemine
2315 3961 2426 3999 non
2472 3947 2822 4012 admirante;
2851 3963 3029 4017 neque
3070 3962 3172 4016 ego
3205 3962 3444 4015 unquam
3485 3962 3638 4000 com-

2049 4048 2325 4097 memoro,
2351 4035 2484 4104 quin
2519 4035 2763 4089 admirer
2811 4045 2868 4090 et
2897 4036 3194 4105 ambigam,
3227 4045 3410 4088 utrum
3439 4050 3632 4090 eorum

2040 4127 2216 4197 magis
2272 4127 2502 4182 laudare
2553 4127 2806 4191 debeam,
2855 4143 2980 4182 cum
3023 4127 3258 4182 subinde
3286 4127 3439 4196 plura
3470 4143 3632 4196 quam

2039 4221 2184 4274 dicta
2231 4219 2476 4283 fuerunt,
2539 4221 2773 4274 dicenda
2831 4230 3149 4275 occurrant.
3205 4220 3286 4274 Ad
3341 4237 3426 4274 me
3457 4221 3634 4289 ipsum

2039 4326 2172 4383 ergo
2203 4311 2394 4375 redeo,
2433 4327 2542 4366 non
2576 4328 2734 4366 secus
2763 4327 2827 4366 ac
2856 4313 2891 4365 ii
2926 4313 3018 4381 qui
3052 4312 3282 4367 lauribus
3307 4309 3656 4382 corporibu'S'

2041 4403 2204 4458 inniti
2235 4405 2484 4467 student,
2545 4404 2910 4460 labascentes.
2969 4404 3105 4459 Nam
3155 4421 3302 4459 nunc
3335 4406 3557 4474 quidem
3591 4406 3636 4459 si

2039 4497 2256 4562 liceret,
2295 4517 2403 4554 non
2438 4501 2839 4555 committerem
2887 4503 3021 4570 quin
3061 4511 3221 4556 terra:
3258 4504 3428 4556 solem
3473 4513 3523 4556 te
3555 4502 3638 4556 di-

1968 4591 2011 4646 υ
2039 4605 2244 4657 cerem,
2303 4593 2623 4662 imperator.
2679 4593 2745 4647 Ut
2793 4595 2940 4648 enim
2988 4611 3182 4650 omnes
3219 4596 3362 4649 lucis
3391 4596 3635 4650 thesauri

2046 4701 2154 4738 una
2193 4699 2317 4738 cum
2345 4687 2510 4740 solari
2541 4686 2676 4740 urbe
2727 4687 3066 4754 prodeuntes
3118 4689 3377 4741 omnibus
3411 4703 3636 4741 usuram

2041 4778 2184 4832 lucis
2214 4778 2543 4847 impertiant
2576 4795 2588 4829 :
2627 4779 2700 4834 ita
2751 4781 2916 4833 ctiam
2955 4781 3006 4832 in
3057 4791 3106 4834 te
3142 4781 3323 4832 oumis
3358 4780 3640 4849 sapientia)

2041 4885 2349 4925 concursus
2380 4872 2532 4925 velut
2566 4887 2596 4925 e
2624 4873 2770 4926 caelo
2807 4872 2856 4925 in
2887 4888 3082 4926 omnes
3111 4883 3285 4927 terras
3311 4873 3508 4938 fertur,
3539 4873 3604 4925 ad
3631 4901 3641 4913 ο

2045 4965 2280 5018 mirandi
2333 4965 2409 5018 lui
2453 4980 2648 5018 causas
2700 4967 3062 5034 suppeditans
3101 4985 3115 5020 :
3164 4978 3220 5022 et
3258 4978 3315 5020 ut
3372 4983 3531 5021 nemo
3558 4978 3640 5021 est

2044 5057 2314 5128 othium,
2350 5057 2442 5126 qui
2485 5059 2614 5110 solis
2651 5058 2832 5111 radios
2863 5074 2968 5110 non
3002 5062 3298 5128 aspexerit,
3343 5059 3444 5112 nisi
3475 5075 3638 5128 quem

2044 5149 2122 5202 sol
2148 5148 2450 5202 luminibus
2479 5150 2730 5202 orbatum
2761 5151 3040 5218 aspexerit
3067 5169 3080 5204 :
3118 5152 3189 5206 ita
3231 5169 3393 5204 nemo
3422 5161 3508 5204 cst
3547 5168 3642 5204 ne-

2043 5255 2152 5309 que
2191 5241 2317 5305 erit,
2350 5240 2443 5309 qui
2468 5240 2536 5293 de
2572 5249 2662 5294 tua
2713 5242 2981 5310 sapientia
3041 5243 3178 5297 nihil
3224 5243 3484 5302 audierit,
3532 5244 3637 5298 nisi

2044 5332 2300 5386 audiendi
2353 5349 2516 5387 sensu
2567 5333 2884 5388 destitutus.
2919 5333 3032 5390 Hae
3074 5350 3207 5401 ergo
3262 5335 3473 5390 ratione
3510 5334 3554 5390 si
3590 5346 3639 5390 te

2045 5425 2215 5478 solem
2248 5435 2408 5479 terra!
2447 5427 2750 5495 appellare,
2794 5443 2904 5481 non
2936 5429 3122 5498 inepte
3147 5429 3198 5482 id
3229 5429 3474 5485 facturus
3505 5430 3637 5483 mihi

2046 5517 2238 5570 videor
2270 5535 2282 5570 :
2320 5527 2371 5571 et
2421 5519 2465 5572 si
2517 5519 2643 5588 quis
2691 5520 2898 5588 aliquid
2952 5523 3128 5591 majus
3160 5521 3382 5584 dixerit,
3419 5537 3505 5577 me
3540 5523 3642 5576 mi-

2046 5608 2192 5663 nime
2229 5609 2538 5678 refragante
2581 5611 2748 5666 dicet.
2785 5611 3107 5688 Ctnlcstium
3149 5614 3296 5666 enim
3329 5614 3488 5684 331
3517 5630 3638 5668 cor-

2049 5713 2246 5766 porum
2297 5699 2443 5752 idem
2489 5710 2754 5770 perpetuo
2813 5710 2994 5755 status
3045 5701 3469 5755 admirationem
3504 5719 3642 5757 non-

2048 5791 2186 5845 nihil
2214 5791 2493 5845 imminuit
2523 5811 2535 5846 :
2570 5793 2819 5846 omnium
2855 5809 2986 5848 vero
3025 5809 3207 5847 rerum
3248 5800 3637 5856 humanarum,

2048 5899 2282 5952 quarum
2337 5885 2618 5937 nonnullis
2671 5885 2762 5938 alii
2816 5885 2938 5938 aliis
2973 5887 3331 5948 antecellunt,
3357 5901 3481 5941 cum
3513 5901 3640 5956 per-
3673 5871 3684 5878 ’

1959 1881 1998 1934 Β
