4088 6466
364 408 475 473 515
617 404 695 477 [Α.
739 421 797 462 tt.
839 403 970 471 679i
1016 420 1085 460 an
1125 405 1289 477 6856]

1573 410 1995 473 ΝΙΟΕΡΙΙΟΒΙ
2036 413 2426 475 GREGOR/E

3520 404 3625 471 5.6

2729 406 2865 479 [ηερ.
2910 418 3196 461 “unouno.
3233 403 3374 476 sere]

356 526 521 597 335
584 525 902 595 eloquentia
961 533 1054 578 tua
1105 523 1180 578 ita
1232 524 1568 588 instruxisti.
1603 536 1664 580 ut
1696 531 1948 597 quamvis

2053 530 2159 581 τῶν
2202 529 2546 597 πραγμάτων
2574 526 2890 595 ἀπάγοντας
2911 542 2924 556 ·
2956 526 3066 577 είτε
3093 524 3167 594 μὴ
3197 525 3293 593 οὑχ
3327 524 3626 594 ίκανούσης

359 620 750 683 Academiam,
805 616 1041 686 quodvis
1102 616 1364 688 Lyceum,
1426 619 1678 689 quamvis
1749 618 1937 675 Stoam

359 711 567 774 vincat,
599 709 745 776 quod
797 708 971 763 multo
1003 708 1218 776 aaquius
1262 710 1445 765 omnis
1482 710 1816 766 eruditionis
1843 710 1943 765 do-

361 801 625 855 micilium
655 800 1044 870 appellaretur.
1065 799 1237 854 Nemo
1262 801 1410 855 enim
1449 810 1555 866 est,
1579 801 1674 871 qui
1701 810 1794 856 tua
1816 818 1944 857 sna-

362 892 587 948 vissima
616 907 751 946 voce
784 892 994 954 audita.
1032 901 1129 946 aut
1173 893 1329 946 vultu
1367 902 1580 948 tantum
1610 906 1939 961 conspecto,

357 1002 466 1041 non
494 984 795 1039 maximum
822 983 950 1038 inde
968 984 1205 1038 [ructum
1232 984 1297 1038 ad
1318 974 1635 1039 formandos
1654 1001 1855 1047 mores,
1878 984 1943 1039 ad

270 1150 287 1153 ι
367 1080 767 1132 incrementum
808 1076 1095 1141 doctrinae,
1135 1075 1202 1130 ad
1259 1076 1586 1145 eloquentia:
1619 1077 1832 1146 copiam
1890 1077 1948 1131 et

360 1167 669 1223 disserendi
690 1183 918 1222 acumen
933 1169 1157 1233 ceperit.
1179 1167 1301 1222 "3:0
1325 1166 1492 1237 igitur
1510 1176 1566 1221 et
1583 1168 1633 1222 id
1650 1182 1823 1237 genus
1842 1167 1946 1222 alia

359 1274 392 1314 e
416 1258 533 1313 solo
549 1274 846 1328 congressu
875 1270 969 1313 tuo
1006 1260 1373 1313 emolumenta
1394 1258 1526 1313 nulli
1547 1268 1698 1321 sunt,
1716 1258 1812 1328 qui
1837 1274 1948 1313 non

359 1350 742 1418 perceperint:
788 1349 884 1419 qui
926 1364 1054 1404 vero
1077 1358 1462 1418 perceperunt,
1515 1364 1706 1403 omnes
1756 1349 1949 1419 optimi

362 1449 682 1495 evaserunt.
711 1438 985 1495 Fortassis
1021 1441 1187 1495 etiam
1237 1448 1369 1494 sunt
1402 1440 1563 1495 bonis
1609 1440 1831 1510 quidam
1863 1442 1950 1494 in-

365 1533 549 1603 geniis
601 1531 840 1602 praediti,
893 1532 1037 1601 apud
1086 1547 1251 1601 quos,
1302 1541 1354 1586 te
1404 1531 1952 1601 aspirante,elegans

365 1622 734 1678 institutionis
780 1622 1013 1693 egregiae
1054 1622 1197 1677 fetus
1232 1634 1518 1693 appareat;
1557 1632 1616 1677 ut
1641 1624 1829 1696 cycnis
1856 1639 1950 1677 ae-

364 1714 525 1779 cidit,
578 1714 671 1783 qni
729 1715 1007 1769 matutino
1062 1715 1303 1786 zephyro
1357 1716 1635 1786 aspirante
1695 1716 1951 1785 praeclare

367 1816 597 1862 canunt.
627 1806 732 1874 Qui
773 1821 966 1862 omnes
1020 1808 1182 1877 longe
1233 1807 1405 1878 magis
1438 1822 1506 1862 eo
1540 1807 1868 1877 gloriantur,
1904 1806 1950 1864 si

367 1898 494 1967 quis
519 1871 668 1953 scite—
688 1899 833 1954 dicta
863 1898 961 1954 abs
986 1907 1038 1952 te
1073 1871 1299 1957 referat,
1325 1871 1501 1968 quam
1534 1871 1868 1961 liomeridaa,
1902 1899 1947 1953 si
1984 1871 2025 1929 Β

366 1986 688 2044 Homericas
728 1989 1034 2044 sententias
1070 1989 1370 2044 audierint.
1419 1988 1673 2043 Suavitas
1717 1989 1949 2059 insignis

368 2083 627 2137 Sirenum
651 2082 806 2137 vocis
857 2082 987 2136 olim
1023 2097 1357 2152 magnopere
1389 2082 1663 2136 celebrata
1711 2090 1816 2137 est.
1844 2080 1951 2135 Sed

366 2186 432 2225 ea
462 2187 570 2225 non
599 2172 719 2227 sine
748 2188 940 2239 magna
969 2172 1279 2226 calamitate
1309 2182 1475 2242 atque
1514 2172 1739 2227 interitu
1771 2172 1949 2227 audiri

367 2263 550 2333 potuit
579 2280 594 2318 :
624 2277 728 2318 nec
756 2263 852 2318 ulli
886 2272 1209 2318 manserunt
1267 2264 1595 2325 incolumes,
1632 2264 1740 2319 nisi
1786 2279 1953 2320 aures

367 2370 493 2410 cera
527 2355 874 2409 obturassent
905 2354 1126 2423 sibique
1152 2355 1410 2410 audiendi
1456 2370 1677 2411 sensum
1716 2356 1949 2412 ademis-

369 2455 510 2500 sent.
544 2444 621 2500 ΤΟ
651 2460 782 2499 νοτο
805 2445 1167 2500 coneionaute
1196 2454 1408 2499 tantum
1435 2445 1592 2500 abest
1627 2461 1791 2500 aures
1824 2461 1949 2501 cera

370 2549 433 2594 ut
465 2538 749 2601 obturent,
778 2546 838 2591 ut
875 2524 1069 2592 mortis
1113 2537 1289 2592 instar
1326 2538 1551 2605 ducant,
1586 2538 1733 2609 quod
1755 2550 1952 2594 natura

370 2645 466 2685 eos
496 2646 605 2684 non
645 2629 713 2684 ab
748 2628 896 2683 omni
930 2639 1084 2699 parte
1127 2631 1337 2685 auritos
1366 2630 1585 2695 fecerit,
1613 2633 1756 2687 sicut
1788 2633 1948 2687 fabu-

371 2721 439 2775 la:
468 2722 733 2790 quosdam
763 2720 952 2788 plenos
983 2721 1273 2775 oculorum
1304 2721 1478 2777 fuisse
1521 2722 1767 2777 tradunt.
1803 2723 1953 2793 Quos

371 2813 520 2867 enim
564 2813 964 2868 Demosmenes
1021 2813 1349 2868 concinnum
1402 2814 1639 2869 artiﬁcio
1673 2818 1805 2870 etvi
1840 2832 1949 2870 non

369 2903 644 2973 superasti
677 2903 864 2972 ?quos
888 2918 998 2957 non
1038 2902 1292 2958 Platones
1345 2903 1549 2973 ingenii
1580 2904 1951 2971 magnitudine

369 2993 720 3062 etgravitate
751 2993 977 3047 vicisti?
1013 2992 1163 3058 Quos
1194 2988 1326 3048 vero
1372 3010 1484 3049 non
1525 2994 1600 3048 ita
1633 2994 1728 3048 tibi
1755 2993 1949 3048 devin—

368 3084 518 3147 xisti,
550 3083 715 3155 336
741 3094 800 3137 ut
838 3084 1008 3153 magis
1044 3094 1097 3139 te
1139 3085 1431 3148 mirentur,
1464 3101 1626 3154 quam
1655 3085 1834 3140 Attica
1860 3086 1948 3139 illa

368 3183 501 3229 aetas
550 3175 868 3228 Socratem?
914 3175 1118 3244 quippe
1160 3175 1257 3246 qui
1318 3177 1638 3230 concionem
1692 3185 1839 3229 tuam
1894 3182 1951 3230 ct

370 3264 742 3334 persuadendi
789 3265 841 3321 vi
895 3276 951 3322 et
995 3268 1337 3338 voluptatum
1363 3266 1639 3323 illecebris
1666 3266 1949 3322 conditam

368 3371 496 3411 esse
554 3358 936 3430 perspiciam,
1019 3359 1186 3414 sicuti
1236 3360 1351 3427 agri
1426 3358 1693 3413 varietate
1749 3357 1949 3441 ﬂorum

369 3460 729 3504 exornantur.
784 3450 969 3520 Usque
996 3452 1133 3506 adeo
1192 3460 1299 3507 tua:
1347 3451 1623 3522 Calliopes
1675 3460 1951 3508 amatores

372 3554 568 3593 omnes
624 3539 811 3596 reddis
862 3550 919 3596 et
962 3542 1288 3596 mirabiliter
1337 3541 1609 3597 incendis.
1645 3540 1830 3606 Quare
1900 3551 1954 3597 te

339 3628 684 3685 .Solomonis
738 3645 862 3686 esse
902 3631 1157 3697 similem,
1215 3646 1375 3685 nemo
1426 3638 1512 3684 est
1564 3629 1659 3700 qui
1707 3629 1951 3694 dubitet;

374 3722 629 3791 superari
686 3732 881 3777 autem.
915 3723 985 3777 ab
1039 3723 1153 3786 illo,
1198 3736 1360 3777 nemo
1414 3728 1738 3777 contendat.
1762 3722 1955 3792 Neque

285 3820 297 3840 τ
373 3814 518 3866 c‘nim
553 3812 662 3866 dici
696 3821 899 3883 potest,
924 3811 1038 3867 illic
1076 3813 1249 3867 multa
1281 3823 1578 3882 suppetere
1612 3812 1952 3878 testimonia,

373 3904 469 3960 hic
509 3920 640 3959 vero
677 3920 851 3975 pauca
898 3923 912 3959 :
959 3914 1054 3959 aut
1102 3904 1329 3959 totidem
1359 3903 1605 3975 quidem,
1632 3921 1745 3960 non
1768 3915 1953 3960 autem

374 3998 504 4053 talia
541 3999 676 4053 :sed
701 4007 895 4053 contra
943 3997 1151 4068 potius.
1189 3998 1324 4053 Nam
1355 3997 1447 4068 qui
1474 3998 1629 4053 illum
1660 3999 1954 4064 mirantur,

375 4087 445 4144 iis
496 4106 604 4144 non
656 4090 807 4145 aliud
849 4091 1112 4160 competit
1153 4090 1704 4157 testimonium,_nisi
1756 4092 1959 4164 regina:

372 4181 557 4237 Austri
616 4182 672 4236 in
732 4181 1074 4238 Palaestinam
1134 4184 1409 4254 profectae.
1435 4184 1540 4250 Qui
1568 4200 1699 4239 vero
1737 4194 1957 4241 tuarum

376 4288 561 4329 rerum
613 4276 947 4329 mentionem
1004 4276 1236 4341 faciunt,
1283 4278 1336 4330 hi
1382 4276 1452 4331 ad
1478 4276 1749 4332 mendacii
1781 4279 1961 4348 suSpi-

374 4365 591 4420 cionem
620 4366 942 4421 abolendam
982 4376 1036 4420 et
1081 4365 1488 4437 Septentrionis
1526 4376 1582 4441 et
1630 4368 1818 4422 Austri
1853 4385 1961 4423 una

374 4470 503 4509 cum
536 4457 937 4527 caeteristerne
974 4457 1175 4511 ﬁnibus
1205 4459 1518 4511 testimonia
1544 4458 1794 4527 proferre
1818 4459 1954 4515 mihi

374 4559 537 4614 posse
556 4524 834 4601 videntdr.
873 4547 1144 4602 Caeterum
1180 4565 1306 4602 cutn
1355 4549 1678 4621 Anaxagora
1725 4561 1950 4607 auctore

2077 4524 2320 4545 n—w-v-vv
2383 4524 2652 4532 ’τω-⁷⁷⁷⁷⁷
2682 4524 2697 4544 ν
2761 4524 2774 4534 ·

2056 4563 2337 4635 ἡγοῦνται,
2370 4567 2451 4620 ὃτι
2486 4568 2561 4637 μὴ
2585 4585 2774 4639 πανηκ

375 4653 534 4693 mens
566 4640 786 4709 sapiens
817 4641 911 4705 sit,
935 4656 1058 4710 quae
1102 4654 1301 4695 cuncta
1331 4642 1603 4713 gubernet
1625 4652 1682 4698 et
1709 4645 1954 4699 omnium

373 4745 539 4786 causa
591 4747 772 4786 rerum
813 4734 1094 4787 exsistat:
1151 4742 1208 4787 et
1252 4742 1309 4788 tu
1354 4734 1642 4789 excellenti
1687 4737 1954 4805 sapientia

375 4837 465 4878 res
496 4823 848 4878 administras
881 4834 937 4878 ct
963 4823 1254 4893 imperium
1285 4826 1578 4897 gubernas,
1612 4829 1814 4898 ingenii
1846 4846 1959 4884 ma-

375 4914 662 4985 gnitudine
689 4915 872 4970 omnia
906 4917 961 4970 in
993 4918 1186 4973 melius
1214 4930 1635 4985 convertens.ut
1663 4938 1821 4977 nemo
1852 4940 1958 4977 un-

374 5016 540 5078 quam
590 5023 657 5062 ex
713 5022 871 5078 inquo
904 5010 956 5063 id
986 5011 1322 5078 praestiterit,
1377 5022 1435 5088 et
1489 5025 1635 5069 recte
1675 5013 1957 5072 is‘dixisse

375 5099 651 5166 videatur,
704 5101 796 5169 qui
843 5103 1115 5170 consilio,
1155 5106 1469 5174 prudentia,
1521 5109 1733 5163 viribus
1787 5109 1956 5163 animi

376 5192 671 5262 plerasque
729 5209 972 5260 res,non
1017 5207 1202 5250 autem
1246 5212 1432 5254 rerum
1469 5206 1627 5272 copia
1660 5201 1957 5272 ponderari

374 5284 686 5341 allirmavit.
716 5286 783 5341 Ut
819 5288 965 5341 enim
998 5290 1264 5358 musicus,
1298 5292 1391 5358 qui
1423 5308 1684 5346 sonorum
1717 5308 1953 5349 concen-

376 5383 491 5429 tum
540 5377 746 5446 optime
790 5379 975 5445 callet,
1016 5380 1241 5434 chordis
1284 5397 1406 5450 qua:
1437 5381 1786 5455 intendenda:
1824 5394 1957 5437 sunt

373 5467 745 5535 intendendis,
770 5481 1074 5541 contraque
1106 5473 1373 5536 laxandis,
1412 5474 1503 5527 ubi
1533 5474 1585 5528 id
1618 5475 1863 5544 expedit,
1898 5485 1955 5531 et

371 5559 680 5615 moderatis
735 5553 1042 5617 interv'allis
1092 5562 1253 5633 337
1304 5564 1685 5633 relinquendis
1732 5578 1953 5619 cantum

371 5649 776 5719 elegantissime
825 5655 1162 5723 permiscet:
1209 5655 1283 5708 ia
1328 5665 1384 5707 et
1412 5664 1491 5721 tu,
1526 5656 1618 5725 qui
1660 5656 1953 5727 prudentia

372 5742 540 5795 veluti
602 5743 874 5814 rhythmis
917 5745 1145 5800 musicis
1194 5745 1379 5798 onmia
1408 5755 1704 5815 temperes,
1733 5748 1954 5802 absolu—

377 5828 652 5887 tissimum
703 5845 1029 5890 concentum
1076 5833 1268 5903 cilicis,
1304 5851 1417 5906 quo
1451 5853 1538 5891 res
1585 5839 1953 5908 pulcherrime

2042 621 2153 672 τῶν
2182 619 2302 673 τότε
2333 618 2640 689 ἀνθρώπων
2672 620 2769 685 τῆς
2800 616 3017 685 φύσεως
3038 635 3054 651 ο
3093 617 3205 669 εἴτε
3230 617 3326 669 καὶ
3348 617 3531 674 αὑτοῖς
3558 617 3627 687 δὴ

2042 715 2153 771 τοῖς
2200 713 2452 779 ποιηταῖς
2496 709 2655 773 δόξαν
2708 709 2964 777 ἐπίτηδες
3022 710 3198 760 ποιεῖν
3258 708 3628 775 περιφανείας

2044 801 2230 853 εἵνεκα
2270 800 2539 862 πλείονος.
2602 800 2690 861 Ὠς
2713 799 2823 869 γὰρ
2871 800 3074 869 ἥκιστα.
3106 797 3276 867 μείζω
3308 797 3342 866 ἦ
3375 796 3631 850 ὥστ’λάν-

2046 891 2265 961 θρώπου
2297 891 2457 960 φύσει
2483 890 2707 961 χωρητά
2737 886 2899 954 εἶναι,
2932 891 3108 943 ὁπόσα
3137 890 3273 959 προς
3307 887 3494 956 θαῦμα
3517 890 3615 940 καὶ

2049 983 2252 1053 μύθους
2311 984 2509 1035 ἐκεῖνοι
2566 981 2910 1052 ἀπήνεγκαν,
2942 978 3152 1043 ἔδειξας
3186 980 3251 1031 σὺ
3289 978 3379 1030 διὰ
3410 977 3629 1031 πάντων

2046 1077 2268 1139 ἐλάσας.
2298 1077 2571 1147 Πρότερον
2603 1076 2648 1130 δ’
2695 1074 2861 1142 ἔγωγ’
2895 1072 3114 1127 ἁκούων
3151 1070 3496 1140 Ἀκαδημίαν
3527 1069 3629 1122 καὶ

2046 1169 2277 1222 Λύκειον
2304 1168 2399 1222 καὶ
2447 1168 2618 1221 Στοὰν
2654 1167 2796 1236 μέγα
2824 1182 2877 1219 τι
2908 1165 3061 1217 ταῦτ’
3102 1163 3292 1234 ᾠόμην
3336 1160 3477 1213 εἶναι
3528 1163 3627 1212 καὶ

2048 1262 2157 1312 πᾶν
2184 1260 2213 1314 ὃ
2248 1277 2302 1314 τι
2361 1259 2652 1314 κάλλιστον
2681 1260 2776 1311 καὶ
2831 1257 3204 1327 ὑπερήφανον,
3230 1254 3318 1311 διὰ
3366 1254 3631 1306 Πλάτωνα

2047 1351 2178 1419 γοῦν
2206 1352 2301 1403 καὶ
2330 1349 2627 1418 Σωκράτην
2655 1348 2752 1400 καὶ
2782 1347 3036 1416 Ζήνωνα,
3073 1348 3167 1397 καὶ
3202 1344 3320 1397 ὅσοι
3375 1342 3628 1409 διάτορον

2050 1445 2106 1496 ἐν
2140 1440 2435 1505 διαλέξεσιν
2466 1439 2754 1495 ἔπνευσαν.
2774 1437 2890 1492 Νῦν
2918 1432 2975 1492 δὲ
3006 1439 3191 1492 πᾶσαν
3229 1436 3332 1504 τὴν
3368 1434 3499 1503 περὶ
3527 1433 3627 1486 αὑ-

2048 1534 2156 1589 τῶν
2183 1533 2384 1587 εὐκλεᾶ
2414 1532 2573 1597 δόξαν
2604 1532 2987 1601 ἁπεὸαλόμην,
3018 1528 3210 1599 ὥσπερ
3250 1527 3301 1580 oi
3326 1525 3628 1595 διαγρηγο-

2057 1625 2322 1696 ρήσαντες
2350 1625 2422 1678 τὰ
2444 1626 2503 1677 ἐν
2531 1626 2643 1686 τοῖς
2677 1622 2868 1687 ὑπνοις
2892 1622 3151 1691 ὀνείρατα
3173 1638 3187 1652 ο
3225 1620 3321 1674 καὶ
3349 1617 3532 1686 οἴομαί
3564 1631 3631 1684 γε

2050 1717 2277 1771 ἐκείνων
2332 1716 2521 1787 θαῦμα
2575 1719 2676 1770 οὑκ
2730 1715 2809 1768 ἔθ’
2861 1714 3168 1786 ὑπέρτερον
3215 1713 3250 1784 ἢ
3282 1711 3414 1765 ὥσθ’
3441 1711 3629 1781 ὅμοιον

2051 1811 2256 1879 εὑρεῖν,
2287 1808 2403 1862 ἀλλ’
2430 1806 2570 1863 εἶναι
2599 1809 2819 1879 μέτριον
2838 1810 2934 1862 καὶ
2974 1807 3134 1875 μόγις
3167 1806 3336 1876 μέγα,
3373 1800 3630 1857 τοσοῦτον

2055 1897 2140 1971 [Ρ.
2164 1897 2296 1971 206]
2339 1900 2583 1963 ἐκείνους
2628 1899 2897 1971 παριόντα
2943 1898 3085 1969 ὀρῶν
3117 1915 3204 1962 σε,
3238 1899 3362 1950 ὅσον
3386 1896 3497 1965 ἐγὼ
3532 1894 3630 1949 τοῦ

2054 1990 2318 2056 καταξίαν
2352 1989 2657 2063 θαυμάζειν
2711 2008 2773 2047 σε
2829 1989 3112 2059 λείπομαι.
3164 1988 3355 2044 Καίτοι
3389 1987 3530 2057 μέγα
3563 1985 3629 2041 ἂν

2052 2076 2141 2152 ἦν,
2168 2082 2217 2133 εί
2256 2083 2351 2135 καὶ
2383 2080 2785 2151 παραπλησίως
2823 2083 2936 2143 τοῖς
2964 2078 3248 2149 ᾀδομένοις
3283 2073 3399 2147 εἶχε
3438 2075 3506 2127 τά
3537 2075 3629 2129 σά.

2053 2174 2126 2227 Σὺ
2153 2173 2215 2228 δὲ
2241 2173 2379 2227 ἀλλὰ
2403 2173 2497 2227 καὶ
2530 2171 2822 2243 ὑπερσχὼν
2866 2172 3057 2246 φαίνῃ,
3089 2170 3215 2222 ὅσον
3239 2170 3297 2221 ἐν
3324 2164 3629 2236 ραψῳδίαις

2050 2261 2161 2316 τῶν
2216 2261 2394 2317 ἄλλων
2443 2261 2708 2332 κηρύκων
2760 2259 2841 2330 τῷ
2892 2261 3239 2331 ὑπερφωνεῖν
3273 2258 3302 2310 δ
3358 2258 3630 2323 Στέντωρ.

2064 2353 2198 2407 Ἰδοὺ
2218 2353 2327 2423 γάρ
2358 2353 2500 2424 ὑπὲρ
2524 2356 2706 2407 πᾶσαν
2753 2352 3094 2424 Ἀκαδημίαν
3122 2350 3219 2404 καὶ
3267 2349 3495 2404 Λύκειον
3534 2348 3632 2401 καὶ

2053 2446 2223 2500 Στοὰν
2251 2448 2363 2508 σοῖς
2389 2446 2573 2513 λόγοις
2604 2437 2933 2513 ἀποφαίνεις
2981 2444 3053 2498 τὰ
3077 2444 3147 2497 σά
3176 2442 3445 2514 βασίλεια,
3485 2457 3630 2513 πρυο

2049 2540 2263 2591 τανεῖον
2286 2538 2633 2608 παντοδαπῆς
2656 2538 2904 2597 παιδείας
2930 2537 3064 2609 φαίη
3086 2554 3170 2599 τις
3197 2536 3263 2591 ἂν
3283 2536 3629 2605 οἰκειότερον.

2052 2628 2209 2685 Εἶναι
2245 2633 2354 2702 γὰρ
2387 2632 2480 2684 καὶ
2506 2631 2733 2700 μηδένα,
2755 2631 2938 2683 ὅντινα
2966 2631 3064 2698 τῆς
3093 2629 3191 2700 σῆς
3214 2628 3624 2683 ἁπολελαυκότα

2053 2725 2257 2797 φωνῆς,
2297 2725 2330 2796 ἢ
2363 2724 2503 2791 δῆτα
2534 2724 2703 2792 μόνης
2759 2722 2857 2789 τῆς
2892 2721 3045 2786 θέας,
3099 2723 3175 2792 μὴ
3233 2724 3328 2776 καὶ
3364 2721 3631 2789 ὠφελείας

2053 2817 2151 2885 τῆς
2187 2816 2476 2887 μεγίστης,
2508 2815 2610 2868 ὅσα
2656 2832 2720 2884 γε
2765 2817 2903 2885 πρὸς
2930 2814 3097 2884 ἤθους
3131 2816 3339 2885 ῥυθμὸν
3370 2816 3466 2867 καί⁸
3493 2814 3632 2882 γνώ-

2054 2927 2193 2971 σεως
2228 2908 2421 2977 αὑξην,
2455 2909 2535 2962 έτι
2571 2911 2678 2979 μὴν
2714 2910 2854 2978 πρὸς
2902 2911 2963 2961 τὸ
3014 2909 3390 2977 ἐγκυμονῆσαι
3439 2907 3631 2975 λόγους

2053 3005 2146 3055 καὶ
2171 3001 2519 3066 διαλέξασθαι
2567 3003 2912 3073 ἑτοιμότερον
2934 3019 2948 3033 ’
2976 3003 3137 3057 ταυτὶ
3169 3004 3349 3056 τοίνυν
3404 3003 3500 3054 καὶ
3528 3002 3628 3055 ὅσα

2052 3096 2416 3166 παραπλήσια
2443 3097 2508 3149 ἐκ
2541 3096 2709 3165 μόνης
2734 3096 2803 3164 ιγέ
2847 3112 2941 3148 σου
2993 3098 3092 3168 τῆς
3120 3096 3335 3166 ὁμιλίας
3359 3097 3462 3148 οὑκ
3493 3097 3630 3149 εἰσιν

2052 3187 2251 3249 οἵτινες
2282 3187 2385 3241 οὑκ
2422 3187 2738 3241 ἀπώναντο·
2795 3188 2844 3241 οἳ
2880 3187 2924 3241 δ’
2956 3190 3266 3251 άπώναντο,
3303 3190 3501 3250 πάντες
3538 3188 3627 3260 ἄρ’

2052 3279 2213 3334 είσίν.
2248 3280 2406 3340 Ἴσως
2432 3280 2478 3332 δ’
2498 3282 2605 3333 εἰσὶ
2638 3280 2733 3334 καὶ⁵
2763 3281 2893 3349 παρ’
2921 3277 3003 3346 οἷς
3030 3282 3239 3351 ἀγαθὴν
3266 3281 3499 3351 λαχοῦσι
3528 3284 3627 3352 τὴν

2052 3368 2238 3439 φύσιν,
2272 3368 2347 3433 ὡς
2401 3368 2468 3423 ἂν
2501 3370 2609 3423 ὑπὸ
2658 3370 2879 3443 ζεφύρῳ
2929 3371 3151 3441 πρωῐνῷ
3195 3371 3387 3426 κύκνοι
3438 3372 3635 3444 ᾄτειαν

2053 3462 2317 3531 ἐμμελὲς,
2374 3460 2448 3524 ὣς
2497 3461 2553 3514 δὲ
2604 3464 2717 3516 κάκ
2742 3464 2842 3529 τῆς
2870 3463 2969 3531 σῆς
3013 3465 3297 3528 ἐπιπνοίας
3331 3465 3575 3535 ἐμμελὴς
3602 3466 3631 3518 6

2053 3554 2213 3613 τόκος
2242 3551 2352 3605 τῶν
2414 3553 2600 3607 καλῶν
2656 3555 3031 3626 ἐξενήνεκται.
3097 3552 3193 3619 Οἷς
3241 3558 3306 3629 δὴ
3364 3559 3501 3612 πᾶσι
3536 3565 3629 3611 και

2056 3643 2320 3714 κρείττων
2339 3643 2518 3713 πολλῷ
2550 3644 2834 3716 φιλοτιμία
2865 3645 2949 3707 τίς
2979 3648 3148 3710 ἐστιν,
3167 3648 3220 3701 εἴ
3242 3665 3324 3709 τις
3349 3648 3632 3715 άπορθεγ-

2059 3736 2247 3805 μάτων
2272 3734 2383 3787 τῶν
2438 3735 2547 3788 σῶν
2581 3738 3145 3807 άπομνημονεύσειεν,
3186 3741 3356 3810 ἢτῶν
3396 3740 3627 3812 Ὀμηρι·

2057 3826 2169 3879 κᾶν
2211 3826 2554 3896 Ὁμηρίδαις,
2599 3826 2908 3899 Ἐξαίρετον
2941 3830 3132 3900 χρῆμα
3168 3830 3395 3900 ἡδονῶν,
3426 3832 3627 3885 ὁποσαι
3720 3846 3725 3847 ⁷

2056 3917 2124 3971 δι’
2145 3919 2322 3995 ’ἀκοῆς
2358 3902 2701 3992 πρὸξψυχὴν
2728 3923 3039 3990 ἀπαντῶσι,
3073 3926 3205 3992 φασὶ
3233 3924 3330 3986 τάς
3369 3924 3633 3995 Σειρῆνας

2059 4013 2229 4067 πάλαι
2284 4014 2541 4082 γενέσθαι
2568 4031 2582 4044 ο
2623 4015 2684 4067 οὑ
2743 4014 2851 4086 μὴν
2886 4016 3274 4084 ἁταλαίπωρὸν
3309 4033 3394 4086 γε,
3427 4018 3509 4072 ὅτι
3552 4019 3630 4090 μὴ

2061 4105 2290 4159 Θανάτου
2345 4107 2677 4178 τιμώμενον.
2745 4108 2817 4161 Ἦ
2863 4109 2972 4177 γάρ
3022 4109 3280 4164 τεθνάναι
3320 4109 3632 4165 ἀκούσαντα

2060 4198 2220 4252 πάνθ’
2249 4199 2491 4255 ὁντινοῦν
2524 4198 2653 4265 ἔδει,
2686 4200 2718 4269 ἢ
2754 4199 2830 4271 μὴ
2855 4200 3010 4272 κηρῴ
3033 4202 3103 4254 τὰ
3137 4197 3252 4256 ὦτα
3282 4204 3631 4273 φραξάμενον

2062 4290 2358 4345 κάντεῦθεν
2391 4292 2578 4359 κωφὸν
2604 4295 2712 4354 τοῑς
2737 4291 2962 4347 ἐκείνων
2995 4294 3184 4362 μέλεσι
3219 4296 3507 4363 μείναντα.
3526 4295 3629 4349 Σοῦ

2063 4382 2123 4434 δὲ
2149 4382 2595 4454 δημηγοροῦντος
2627 4384 2722 4455 οὑχ
2746 4385 2892 4446 ὅπως
2918 4386 2978 4437 οὐ
3012 4384 3170 4455 κηρῷ
3192 4385 3291 4448 τὰς
3308 4388 3479 4451 άκοὰς
3502 4389 3637 4440 ἁπο-

2067 4477 2326 4545 φράττειν
2381 4478 2697 4544 ἐθέλουσιν,
2761 4482 2877 4534 ἀλλ’
2952 4484 3345 4552 ἀντικειμένως
3405 4486 3633 4555 θάνατον

2781 4572 2897 4634 Seu;
2917 4572 3093 4638 τινὰς,
3116 4574 3409 4642 ὡςείπεῖν,
3433 4576 3637 4631 ἀνέδει-

2061 4656 2150 4723 ξεν
2184 4656 2218 4730 ἡ
2249 4659 2434 4726 φύσις,
2479 4658 2667 4731 ὥσπερ
2724 4660 2818 4716 οῦν
2854 4664 2985 4729 τοὺς
3023 4665 3308 4729 πανόπτας
3365 4669 3415 4720 oi
3449 4668 3633 4739 μῦθοι.

2059 4746 2220 4810 Τίνας
2253 4751 2359 4820 γάρ
2384 4751 2485 4803 οὑκ
2519 4751 2585 4804 ἂν
2619 4752 3012 4825 ὑπερϐέὸηκας
3044 4757 3410 4827 Δημοσθένεις
3442 4763 3508 4830 τῇ
3538 4760 3634 4827 τῆς

2056 4842 2400 4912 δημηγορίας
2444 4843 2725 4916 οἰκονομίᾳ
2749 4861 2807 4897 τε
2838 4850 2934 4900 καὶ
2964 4846 3268 4919 δεινότητις
3307 4850 3471 4914 Τίνας
3501 4852 3546 4906 δ’
3574 4853 3633 4905 οὑ

2060 4934 2352 4999 Πλάτωνας
2380 4938 2446 5003 τῇ
2467 4935 2562 4989 τοῦ
2603 4936 2694 4990 νοῦ
2719 4940 3064 5012 μεγαλοφυῖᾳ
3085 4959 3143 4994 τε
3176 4946 3272 4996 καὶ
3305 4948 3630 5014 σεμνότητι;

2057 5022 2224 5085 Τίνας
2257 5021 2301 5074 δ’
2353 5023 2453 5078 οὑκ
2484 5022 2551 5077 ἂν
2608 5025 2903 5097 ἀνηρτησω
2959 5029 3307 5099 ἀνθρώπους,
3336 5033 3396 5087 σὲ
3434 5035 3635 5102 μᾶλλον

2058 5111 2417 5188 θαυμάζεινῆ
2442 5117 2502 5168 τὸ
2532 5116 2632 5187 τῆς
2667 5117 2920 5188 ’Δττικῆς
2949 5120 3165 5190 ἡλικίας
3194 5124 3443 5196 ἀκμάζον
3466 5128 3635 5184 πάλαι

2055 5204 2147 5257 τὸν
2168 5205 2486 5278 Συκράτην,
2538 5210 2623 5278 ἐφ’
2652 5210 2781 5277 ὃλην
2814 5227 2909 5264 σου
2947 5216 3046 5282 τὴν
3095 5215 3440 5287 δημηγορίαν
3473 5220 3633 5288 χάριν

2058 5296 2194 5366 ὁμοῦ
2218 5299 2313 5352 καὶ
2343 5299 2519 5354 πειθὼ
2573 5305 2919 5375 συνορῶντας
2975 5309 3342 5379 ἐφέρποισαν,
3377 5313 3634 5384 καθάπερ

2054 5387 2144 5440 ἐπ’
2178 5388 2315 5460 ἄνθη
2365 5392 2541 5464 ἀγροῦ
2574 5394 2635 5446 τὸ
2689 5397 2935 5450 ποικίλον
2965 5400 3058 5452 τοῦ
3085 5404 3413 5470 χρώματοςς
3447 5403 3636 5468 Οὕτως

2056 5483 2290 5551 ἐραστὰς
2321 5488 2492 5548 ποιεῖς
2523 5487 2768 5551 ἅπαντας
2794 5490 2894 5557 τῆς
2926 5492 3023 5561 σῆς
3050 5494 3385 5565 Καλλιόπης,
3422 5498 3636 5550 ἑκκάων

2054 5570 2374 5657 ὑπερφυῷς.
2442 5574 2629 5644 Ἔχειν
2659 5576 2726 5646 δὴ
2778 5573 2872 5632 οὖν
2901 5583 2969 5633 τά
3016 5581 3109 5633 τοῦ
3140 5583 3489 5654 Σολομῶντος
3524 5588 3634 5650 τοῖς

2056 5663 2171 5724 σοῖς
2192 5664 2510 5734 ἐφαμίλλως
2553 5667 2730 5732 οὐδεὶς
2754 5670 2821 5723 ἂν
2874 5670 2988 5740 ἔχοι
3019 5674 3391 5746 ἀμφισϐητεῖν
3413 5693 3427 5709 ·
3465 5677 3636 5748 ὑπερ-

2056 5754 2203 5820 έχειν
2249 5771 2314 5823 γε
2375 5758 2482 5826 μὴν
2514 5758 2672 5811 τοῦτο
2700 5760 2757 5814 δὲ
2815 5762 2992 5827 οὐδείς
3026 5768 3176 5822 ἐστιν
3219 5768 3368 5836 ρστις
3396 5770 3629 5840 ἡγεῖται.

2056 5847 2187 5900 Οὐδὲ
2224 5850 2331 5919 γὰρ
2359 5847 2468 5904 οὐδ’
2504 5848 2620 5903 ἔστι
2652 5851 2843 5922 φάναι,
2875 5857 2991 5911 ἐκεί
3031 5857 3130 5927 μὲν
3152 5852 3235 5924 οἷς
3262 5860 3632 5932 χρήσεταίτις
