4088 6478
396 385 507 446 ’517

651 378 729 451 ῙΑ.
767 394 818 435 c.
862 376 998 433 1282
1037 394 1102 435 ,ω
1143 375 1305 452 1528]
1379 375 1969 443 BYZANTINAE'HI:

2071 380 2265 440 gnua
2302 381 2451 442 Lm,
2494 382 2655 444 v1.1.
2746 362 3211 450 [tupflxnnome
3253 384 3402 459 sem]

3543 357 3654 457 518

394 501 606 564 πολλοῖς
630 498 1128 573 οὖσιμαρτυρῖοιςο
1172 502 1421 555 ἐνταυθοῖ
1477 501 1535 555 δὲ
1588 502 1870 577 βραχᾷσιν,
1919 500 1952 570 ἦ

2071 499 2387 568 gubernant:
2412 509 2468 554 et
2501 517 2568 553 an
2598 501 2748 556 omni
2780 511 2935 572 parte
2957 505 3369 563 consentientes
3391 509 3652 581 alliciant,

394 591 665 656 τοσούτοις
702 593 822 660 μὲν,
857 592 931 663 μὴ
959 592 1222 656 τοιούτοις
1249 594 1329 647 δέ·
1350 594 1487 647 πολὺ
1527 594 1628 664 μέν
1652 594 1698 647 τ’
1720 594 1787 647 ἂν
1811 595 1965 648 τούν·

394 682 600 735 αντίον.
671 678 765 747 Οἷς
804 683 913 752 γὰρ
938 684 1005 737 τὰ
1033 683 1245 738 ἐκείνου
1291 683 1593 754 θαυμάζειν
1624 684 1725 749 ἔνι,
1757 683 1971 748 τούτοις

394 775 492 827 οὐκ
520 773 599 828 ἔνι
624 775 761 846 πλὴν
796 775 828 844 ἢ
857 777 959 845 τῆς
981 775 1075 828 τοῦ
1110 775 1266 829 νότου
1300 762 1644 847 βασιλίσσης,
1670 777 1737 846 ἣν
1768 779 1822 840 ἐς
1860 778 1972 829 Παο

395 867 677 937 λαιστίνην
729 867 914 937 ἐκείνη
980 868 1208 936 πορείαν
1262 868 1581 930 ἐστείλατο,
1647 867 1966 939 μαρτύριον.

397 957 549 1010 Ὅσοι
585 957 643 1010 δὲ
670 956 780 1009 τῶν
831 957 939 1010 σῶν
971 959 1301 1028 μέμνηνται,
1352 958 1438 1030 [Ρ.
1468 957 1597 1030 207]
1633 958 1841 1021 τούτοις
1875 962 1970 1010 καὶ

398 1047 589 1117 βορέαν
620 1047 716 1099 καὶ
744 1048 894 1100 νότον
924 1048 1059 1119 ὁμοῦ
1090 1050 1202 1111 τοῖς
1228 1050 1435 1112 λοιποῖς
1465 1050 1565 1120 τῆς
1598 1049 1701 1117 γῆς
1735 1049 1969 1118 πέρασιν

396 1139 541 1198 ὅστις
601 1138 676 1209 μὴ
717 1139 775 1191 οὐ
814 1139 1014 1208 φάσκει
1065 1139 1343 1210 μαρτύρια
1380 1128 1546 1205 εἶναι,
1595 1141 1743 1203 ὅπως
1790 1139 1969 1203 ἁθῶος

396 1232 646 1298 φανεῖται
676 1227 769 1283 τοῦ
797 1230 1000 1284 άλῶναι
1028 1232 1384 1302 ψευδόμενος,
1403 1232 1502 1303 οὐχ
1528 1227 1639 1295 οἷός
1672 1234 1720 1285 τ’
1739 1230 1805 1285 ἂν
1828 1229 1969 1284 εἷναί

399 1340 487 1394 μοι
519 1324 684 1378 δοκεῖ.
730 1324 883 1376 Ἐπεὶ
916 1323 1101 1394 μέντοι
1129 1325 1269 1379 κατὰ
1308 1324 1400 1379 τὸν
1442 1325 1816 1395 Ἀναξαγόραν
1844 1324 1970 1390 νοῦς

395 1419 507 1468 ἐστι
529 1416 692 1484 σοφὸς
716 1420 743 1470 ό
767 1416 837 1469 τὰ
865 1416 1044 1470 πάντα
1072 1417 1386 1487 διακοσμῶν
1405 1417 1498 1471 καὶ
1524 1418 1746 1471 πάντων
1770 1419 1965 1480 αἴτιος,

394 1508 535 1560 οὕτω
563 1507 699 1577 δῆτα
726 1508 806 1578 τῷ
824 1493 1069 1579 περιόντι
1092 1527 1176 1563 σοι
1205 1510 1305 1580 τῆς
1328 1508 1423 1561 τοῦ
1448 1509 1540 1561 νοῦ
1569 1509 1763 1577 σοφίας
1792 1508 1967 1581 ἐξηγῇ

393 1599 503 1651 τῶν
535 1600 884 1669 πραγμάτων
899 1602 994 1654 καὶ
1020 1598 1167 1654 οὕτω
1190 1616 1273 1653 σοι
1296 1600 1397 1669 τὴν
1423 1600 1601 1671 ἀρχὴν
1625 1600 1966 1669 διακοσμεῖς,

393 1690 492 1760 τῆς
523 1691 835 1761 φρονήσεως
882 1689 962 1761 τῷ
1010 1691 1229 1762 μεγέθει
1269 1692 1452 1745 πάντα
1487 1692 1836 1761 περιτρέπων
1887 1692 1968 1754 είς

391 1782 454 1835 τὸ
510 1783 801 1853 χρήσιμον,
865 1783 944 1847 ὡς
985 1783 1094 1836 τῶν
1138 1781 1201 1848 ἐξ
1250 1782 1450 1847 αίῶνος
1505 1783 1682 1847 οὐδεὶς
1716 1783 1963 1852 ἄμεινον.

2076 599 2137 646 ut
2175 607 2371 647 omnes
2409 592 2727 647 exi.timent
2760 594 2930 647 Deum
2969 595 3130 665 plane
3169 612 3310 663 esse,
3336 601 3433 670 qui
3475 603 3653 658 tuoin

2078 684 2146 738 iis
2180 683 2432 754 regendis
2483 685 2795 740 ministerio
2847 696 3054 743 utatur.
3079 689 3156 744 lta
3189 699 3240 744 te
3264 705 3456 747 omnes
3479 694 3657 750 homi-

2074 790 2174 829 nes
2201 775 2451 829 divinum
2493 776 2788 846 quemdam
2831 779 3109 833 hominem
3147 788 3198 834 et
3234 781 3455 837 homine
3485 800 3654 855 supe-

2073 866 2279 923 riorem
2312 867 2650 923 existimant.
2676 867 2808 931 Nam
2845 869 3008 921 animi
3040 869 3273 938 puritate
3303 873 3653 929 subditorum

2073 960 2318 1012 omnium
2349 959 2672 1013 affectiones
2720 968 2776 1013 et
2824 961 3134 1015 voluntates
3161 974 3455 1031 penetrans
3480 975 3555 1030 et,
3586 966 3656 1020 ad

2072 1065 2213 1120 quas
2252 1051 2484 1105 virtutes
2528 1062 2626 1106 aut
2665 1053 2793 1106 vitia
2840 1054 3191 1122 potissimum
3228 1057 3472 1124 tendant,
3499 1072 3656 1112 acer-

2070 1140 2210 1195 rime
2241 1142 2605 1210 perspiciens,
2654 1142 2725 1196 ita
2779 1151 2832 1197 te
2866 1147 3172 1214 componis,
3207 1157 3265 1199 ut
3307 1146 3517 1202 dictum
3547 1157 3652 1215 est,

2070 1230 2538 1300 quemadmodum
2586 1234 2846 1288 omnibus
2887 1236 3203 1291 hominibus
3239 1238 3498 1291 convenit
3531 1256 3544 1292 :
3575 1250 3653 1304 et,

2072 1337 2132 1382 ut
2171 1327 2447 1383 Pindarus
2477 1329 2574 1393 ait,
2602 1329 2813 1383 varium
2850 1330 3120 1400 cujusque
3145 1330 3423 1399 ingenium
3451 1332 3655 1400 guber-

2070 1434 2193 1483 nas,
2222 1419 2407 1488 itaque
2435 1420 2644 1490 singula
2664 1421 2937 1489 disponis,
2964 1431 3024 1474 ut
3061 1422 3267 1489 Optime
3289 1422 3653 1477 collocentur.

2069 1508 2258 1578 Neque
2301 1526 2433 1564 vero
2455 1512 2749 1580 quisquam
2782 1513 3020 1589 ignorat,
3047 1512 3476 1568 Themistoclem
3506 1529 3653 1568 nun-

2070 1615 2232 1668 quam
2261 1600 2328 1653 ad
2379 1609 2584 1655 tantam
2630 1602 2857 1671 gloriam
2892 1602 3058 1656 fuisse
3102 1605 3652 1672 perventurum,nisi

2068 1690 2279 1746 Xerxes
2305 1691 2361 1745 in
2384 1691 2648 1748 Graeciam
2690 1680 3005 1749 invasisset.
3033 1693 3223 1763 Neque
3266 1695 3430 1749 etiam
3459 1695 3656 1749 Miltia«

2070 1782 2301 1848 desilio,
2353 1790 2412 1834 ut
2462 1784 2723 1848 arbitror,
2780 1791 2993 1837 tantum
3039 1799 3240 1838 nomen
3276 1784 3522 1847 haberet,
3552 1785 3654 1839 tisi

407 1873 713 1944 Ἐρῤῶσθαι
760 1875 817 1928 δὲ
859 1875 954 1927 καὶ
1000 1875 1028 1928 ὁ
1083 1873 1246 1942 λόγος
1299 1874 1382 1943 τῷ
1440 1877 1672 1944 φήσαντι
1726 1875 1824 1929 νῦν
1877 1892 1965 1945 μοι

2071 1871 2276 1926 Persici
2339 1881 2571 1941 satrapae
2604 1881 2660 1926 et
2711 1873 2914 1927 Asiana
2961 1887 3114 1927 arma
3152 1874 3305 1943 prius
3337 1876 3390 1928 in
3415 1875 3653 1929 Atticam

392 1966 565 2029 δοκεῖ,
598 1965 674 2028 ὠς
706 1966 902 2037 γνώμῃ
929 1966 1027 2020 καὶ
1056 1967 1373 2038 φρονήματι
1405 1969 1502 2020 καὶ
1549 1968 1749 2038 ἀνδρίᾳ
1783 1967 1967 2037 ψυχῆς

393 2059 464 2112 τὰ
522 2059 692 2112 πολλὰ
747 2059 855 2111 τῶν
911 2060 1290 2131 πραγμάτων,
1349 2060 1469 2113 ἀλλ’
1524 2060 1584 2112 οὐ
1640 2060 1717 2129 τῷ
1765 2060 1967 2130 πλήθει

393 2147 501 2202 τῶν
559 2147 912 2218 ὑπαρχόντων
963 2148 1233 2217 κρίνεται.
1307 2148 1394 2211 Ὠς
1447 2147 1557 2216 γὰρ
1618 2147 1672 2200 ετ
1716 2163 1800 2209 τις
1841 2132 1967 2216 αρι-

400 2256 522 2303 στος
587 2239 847 2309 μουσικὸς
913 2239 1013 2309 τὴν
1059 2241 1120 2294 ὲν
1171 2241 1288 2304 τοῖς
1348 2238 1610 2308 φθόγγοις
1661 2239 1965 2309 ἁρμονίαν,

400 2328 642 2382 ἐντείνων
699 2330 796 2398 μὲν
833 2328 898 2382 τὸ
949 2329 1060 2382 τῶν
1096 2329 1309 2401 χορδῶν
1346 2330 1468 2383 ὅποι
1525 2329 1789 2383 τετάσθαι
1847 2330 1955 2395 δεῖ,

396 2421 571 2491 χαλῶν
622 2421 669 2474 δ’
716 2422 840 2475 ὅποι
878 2421 1036 2475 τοῦτο
1076 2421 1326 2494 βέλτιον,
1382 2423 1452 2477 τά
1502 2439 1564 2474 τε
1615 2421 1966 2490 διαστήματα

397 2515 581 2586 μέτρῳ
631 2516 954 2583 ποιούμενος
1026 2516 1310 2570 κάλλιστον
1346 2512 1459 2570 οἷον
1505 2516 1566 2570 τὸ
1613 2516 1805 2588 χρῆμα
1866 2520 1968 2586 τῆς

393 2606 538 2677 ᾠδῆς
556 2606 898 2677 κεράννυσινο
930 2606 1009 2670 ὣς
1030 2607 1088 2661 δὲ
1125 2611 1220 2663 καὶ⁵
1256 2610 1320 2663 σὺ
1342 2612 1408 2680 τῇ
1457 2611 1719 2680 φρονήσει
1752 2609 1842 2664 ίσα
1874 2612 1969 2664 καὶ

395 2699 621 2768 ῥυθμοῖς
641 2716 747 2752 τισι
778 2703 1058 2768 μουσικοῖς
1087 2699 1156 2755 τὰ
1205 2702 1506 2772 πράγματα
1561 2702 1827 2770 διεξάγων
1868 2705 1967 2774 τὴν

392 2789 483 2843 διὰ
513 2787 721 2858 πασῶν,
753 2793 831 2855 ὡς
880 2794 1075 2858 είπεῖν,
1112 2793 1378 2864 ἁρμονίαν
1430 2795 1666 2868 ἀρμόζῃ,
1702 2795 1778 2859 ὡς
1822 2793 1969 2850 εἶναι

396 2870 996 2958 συνᾴδειν’πανταχόθεν
1041 2890 1210 2958 ἑαυτῇ
1261 2889 1523 2943 κάλλιστά
1569 2909 1628 2944 τε
1693 2876 1837 2962 ἔχειν
1875 2891 1968 2945 καὶ

393 2979 470 3041 ὡς
501 2981 565 3031 ἂν
598 2979 797 3043 πάντες
828 2982 1097 3033 πεισθεῖεν
1142 2982 1276 3035 Θεὸν
1326 2978 1470 3039 εἷναι
1524 2983 1710 3049 σαφῶς
1751 2984 1842 3037 τὸν
1882 2985 1971 3038 διὰ

394 3066 491 3121 σοῦ
535 3068 604 3120 τὰ
638 3067 760 3139 τῇδε
794 3069 1213 3138 καθιστάμενον.
1240 3069 1398 3124 Οὕτω
1430 3071 1490 3124 σὲ
1542 3073 1685 3125 θεῖόν
1715 3090 1838 3127 τινα
1875 3076 1969 3127 καὶ

392 3161 531 3231 ὑπὲρ
582 3160 866 3233 ἄνθρωπον
915 3160 1200 3233 ἄνθρωπον
1256 3164 1457 3226 πάντες
1509 3166 1825 3234 νομίζουσιν
1870 3168 1967 3221 ἄν-

392 3252 620 3323 θρωποι.
662 3251 889 3315 Φθάνεις
910 3251 1021 3321 γὰρ
1076 3255 1142 3322 τῇ
1181 3252 1276 3305 τοῦ
1322 3253 1412 3305 νοῦ
1469 3252 1833 3323 καθαρότητι
1870 3255 1970 3318 τὰς
1997 3240 2043 3302 C

391 3343 501 3395 τῶν
529 3343 783 3412 ὑπηκόων
844 3343 1100 3396 ἁπάντων
1151 3343 1494 3414 διερχόμενος
1552 3346 1822 3409 διαθέσεις
1872 3349 1970 3401 καὶ

392 3435 615 3507 γνώμας
642 3437 737 3490 καὶ
760 3438 882 3490 ὅποι
948 3437 1188 3506 μάλιστα
1242 3437 1511 3490 τείνουσιν
1558 3438 1821 3510 ἀρετῆςῆ
1865 3457 1968 3493 κα-

393 3527 518 3590 κίας
574 3529 838 3582 κάλλιστα
879 3527 1279 3596 διαγινώσκων·
1334 3529 1628 3583 κάντεῦθεν
1684 3531 1966 3602 ἁρμόζεις,

393 3619 724 3691 ὡςεῖρηται,
780 3621 977 3675 σαυτὸν
1028 3619 1107 3684 ὡς
1145 3622 1227 3674 δεῖ
1272 3625 1384 3682 τοῖς
1432 3625 1599 3676 πᾶσιν
1638 3623 1967 3694 ἀνθρώποις·

394 3714 488 3766 καὶ
536 3715 825 3786 κυϐερνᾷς,
866 3715 1009 3769 κατὰ
1057 3714 1321 3783 Πίνδαρον
1347 3714 1483 3785 (85),
1538 3716 1637 3770 τάν
1668 3717 1970 3788 πολύστροο

395 3823 496 3874 φον
517 3807 742 3877 γνώμαν
766 3806 1034 3872 ἑκάστων,
1068 3808 1161 3860 καὶ
1194 3806 1438 3877 διατίθης
1463 3808 1587 3861 ὅποι
1625 3807 1693 3862 ἂν
1720 3809 1873 3879 σχοίη
1902 3810 1972 3863 τά

396 3899 694 3968 πράγματα
724 3898 1016 3968 βέλτιστον.
1051 3884 1333 3970 Γνώριμον
1354 3900 1401 3952 δ’
1421 3898 1507 3970 εἴη
1543 3900 1706 3953 παντί
1743 3918 1867 3967 που,
1893 3901 1970 3965 ὡς

394 3988 493 4041 οὐκ
523 3988 589 4042 ἄν
613 4006 741 4042 ποτε
789 3988 1166 4058 Θεμιστοκλῆς
1194 3991 1332 4061 πρὸς
1365 3991 1556 4062 φήμης
1584 3991 1750 4062 ήλασε
1786 3992 1971 4044 τοσοῦ.

391 4082 573 4146 τον,·εί
609 4081 680 4150 μή
714 4081 921 4153 Ξέρξης
948 4081 1148 4152 ἤλασεν
1192 4084 1278 4150 ἐφ’
1300 4084 1593 4152 Ἕλληνας.
1645 4085 1762 4138 Οὐκ
1787 4084 1853 4140 ἂν
1911 4086 1969 4138 δὲ

394 4174 692 4246 Μιλτιάδης
719 4177 927 4239 ἐκεῖνος
953 4169 1109 4245 οἶμαι
1137 4176 1192 4239 ὲς
1224 4176 1394 4247 ὄνομα
1424 4177 1612 4248 ήγετο,
1653 4179 1701 4230 εἰ
1729 4178 1804 4249 μὴ
1834 4180 1971 4249 Περ-

398 4267 539 4321 σικοὶ
560 4270 834 4337 σατράπαι
856 4271 950 4322 καὶ
975 4269 1044 4322 τὰ
1090 4271 1189 4342 τῆς
1232 4271 1417 4334 Ἀσίας
1444 4273 1585 4337 ὅπλα
1617 4272 1754 4342 πρὸς
1795 4272 1970 4325 Ἀττι-

395 4359 495 4428 κὴν
525 4359 614 4412 καὶ
642 4360 957 4430 Μαραθῶνα
987 4362 1261 4417 διέϐαινον
1290 4365 1578 4434 πρότερον.
1637 4365 1778 4418 Ἀλλ’
1818 4362 1966 4437 εἶχον

392 4451 457 4503 ἂν
487 4451 585 4522 τὴν
619 4453 821 4523 ἀρετὴν
853 4453 1327 4526 θαλαμευομένην,
1360 4458 1435 4518 ὡς
1461 4460 1662 4523 είπεῖν,
1686 4461 1782 4513 καὶ
1807 4462 1968 4532 ἀτεχ-

2070 1974 2126 2017 et
2156 1964 2531 2017 Marathonem
2583 1973 2967 2032 penetrassent
2998 1981 3012 2018 :
3044 1963 3140 2018 sed
3196 1979 3395 2033 eorum
3454 1965 3652 2030 virtus,
3676 1969 3688 1979 ‘

2073 2065 2131 2109 ut
2165 2065 2313 2109 terra
2364 2055 2548 2109 obruti
2604 2055 2866 2121 thesauri,
2900 2055 2955 2108 in
3010 2040 3247 2110 obscuro
3279 2057 3550 2112 latuisset.
3583 2057 3656 2112 At

2074 2150 2227 2202 tuum
2285 2147 2532 2201 divinum
2595 2147 2897 2215 ingeniunr
2928 2165 3051 2202 cum
3117 2165 3183 2204 ex
3240 2150 3365 2204 aliis
3427 2150 3657 2205 inﬁnitis

2069 2241 2308 2310 perspici
2344 2249 2531 2310 queat,
2588 2251 2703 2293 tum
2741 2256 2874 2296 vero
2925 2256 2990 2296 ex
3033 2254 3122 2308 eo,
3174 2243 3323 2311 quod
3352 2258 3476 2297 eum
3520 2255 3655 2297 tem-

2071 2347 2203 2402 pora
2242 2333 2695 2397 adversarentur,
2726 2348 2826 2387 nec
2854 2342 3035 2387 tamen
3063 2347 3150 2387 res
3176 2342 3297 2388 tuas
3317 2342 3654 2398 everterent,

2071 2423 2126 2478 id
2157 2422 2635 2477 evidentissimum
2681 2422 2899 2493 signum
2954 2422 3058 2478 fuit
3099 2424 3409 2492 praestantis
3443 2433 3549 2477 tua:
3571 2439 3657 2476 sa-

2072 2515 2312 2584 pienlize.
2368 2514 2504 2569 Nam
2540 2522 2666 2569 cum
2721 2515 3013 2586 imperium
3052 2514 3470 2584 perturbatione
3540 2516 3657 2584 ple-

2072 2625 2205 2663 num
2261 2609 2620 2678 suscepisses,
2655 2623 2758 2663 nec
2796 2607 3067 2662 dissimile
3101 2608 3449 2664 nubibus'ab
3482 2610 3657 2678 Aqui-

2071 2700 2197 2754 Ione
2251 2699 2487 2769 agitatis.
2533 2680 2601 2754 eti
2620 2715 2759 2768 pene
2788 2713 2983 2754 omnes
3036 2700 3289 2754 nationes
3321 2702 3374 2753 in
3405 2711 3654 2755 nostrum

2073 2791 2241 2862 338
2288 2789 2519 2844 exitium
2574 2788 2990 2858 conspirassent
3044 2798 3195 2842 tanta
3266 2789 3654 2853 vehementia,

2077 2895 2320 2956 quantus
2349 2884 2404 2937 in
2434 2881 2541 2937 Nili
2593 2881 2887 2936 cataractis
2913 2880 3153 2951 impetus
3187 2896 3307 2936 esse
3334 2881 3510 2936 fertur
3543 2901 3555 2934 :
3597 2894 3653 2936 tu

2073 2980 2224 3035 solus
2264 2977 2655 3046 impressiones
2698 2976 2818 3030 illas
2869 2974 3147 3050 constanti
3210 2976 3428 3037 animo,
3483 2974 3656 3029 instar

2074 3071 2316 3126 immotas
2345 3071 2501 3140 rupis
2540 3069 2813 3123 violentos
2858 3067 3061 3122 ﬂuetus
3098 3068 3463 3136 aspernantis,
3498 3082 3660 3121 exce-

2075 3164 2233 3235 pisti,
2267 3171 2457 3232 atque.
2491 3160 2737 3214 omnium
2794 3160 3168 3231 periculorum
3241 3161 3658 3229 tempestatibus

2072 3254 2283 3310 sedatis
2316 3254 2370 3307 in
2422 3252 2778 3321 tranquillum
2828 3261 3047 3321 portum
3085 3267 3187 3305 nos
3213 3251 3540 3320 perduxisti.
3578 3251 3655 3305 Ita

2073 3357 2132 3402 tu
2167 3348 2390 3417 quidem
2415 3355 2473 3400 et
2499 3344 2774 3399 deliberas
2808 3353 2864 3398 et
2889 3342 3139 3413 disponis
3165 3342 3373 3405 onmia,
3402 3352 3463 3396 ut
3491 3358 3657 3398 nemo

2071 3438 2319 3493 omnium
2361 3439 2511 3507 prius
2560 3436 2652 3491 illa
2694 3436 2938 3504 cogitare
2978 3435 3178 3505 possit,
3213 3450 3378 3503 quam
3416 3434 3656 3503 perlecta

2071 3532 2283 3587 fuerint
2316 3550 2330 3586 :
2386 3532 2553 3602 idque
2601 3531 2741 3585 adeo
2779 3529 2960 3591 facile,
3005 3540 3063 3584 ut
3111 3527 3390 3583 dillicilius
3423 3528 3496 3582 sit
3534 3527 3657 3582 aliis

2071 3641 2133 3680 ea
2168 3639 2623 3688 commemorare,
2671 3638 2832 3694 quam
2896 3622 2994 3677 tibi
3048 3622 3457 3676 administrare.
3497 3620 3655 3677 Unde

2061 3717 2153 3781 ‘lit,
2191 3727 2251 3773 ut
2301 3717 2347 3771 si
2403 3717 2529 3785 quis
2585 3730 2914 3770 enumerare
2950 3713 3083 3768 velit
3132 3713 3564 3782 prudentissima
3597 3722 3656 3767 et

2072 3810 2219 3865 dicta
2250 3820 2308 3864 et
2347 3808 2488 3862 facta
2520 3817 2638 3873 tua,
2670 3824 2781 3861 non
2838 3807 2990 3860 aliud
3057 3815 3199 3877 agat,
3246 3821 3410 3875 quam
3434 3805 3530 3874 qui
3557 3822 3656 3860 cu-

2067 3902 2268 3972 jusque
2325 3901 2435 3954 diei
2487 3900 2653 3953 horas
2704 3912 3001 3953 numerare
3047 3896 3371 3958 instituerit.
3418 3911 3653 3966 quarum

2071 3992 2221 4047 nulla
2247 3991 2484 4046 elabitur
2532 3989 3031 4059 pulcherrimarum
3074 3995 3293 4041 tuarttm
3332 3986 3417 4041 vel
3445 3987 3657 4040 oratio-

2071 4100 2202 4139 nutu
2235 4082 2319 4137 vel
2352 4082 2633 4136 aetionum
2667 4095 2887 4151 expers.
2936 4079 3071 4133 Nam
3105 4078 3190 4133 vel
3238 4089 3344 4133 tute
3376 4077 3527 4132 vocis
3559 4093 3654 4131 so-

2071 4190 2176 4230 nus
2214 4189 2357 4231 unus
2392 4174 2607 4242 mitigat
2637 4180 2693 4226 et
2740 4170 3102 4226 mansuefacit
3167 4169 3445 4224 hominem
3484 4170 3652 4223 etiam

2072 4268 2533 4324 immanissimum
2560 4281 2572 4314 :
2601 4264 2767 4333 idque
2794 4264 3035 4327 facilius,
3060 4280 3224 4334 quam
3258 4263 3375 4335 lyra
3429 4258 3651 4319 Davidis

2070 4363 2403 4421 daemonium
2439 4362 2622 4419 Saulis
2666 4360 2909 4431 l‘ugabat.
2952 4359 3113 4415 Nunc
3148 4343 3317 4429 igitur
3359 4366 3453 4414 tuo
3487 4358 3656 4412 bene-

2072 4458 2198 4512 licio
2273 4465 2424 4510 metu
2485 4454 2634 4507 omni
2682 4451 2838 4507 vacui
2889 4465 3102 4506 sumus.
3161 4450 3294 4505 Nam
3342 4463 3460 4504 cum
3514 4449 3652 4505 tein

392 4541 498 4605 νῶς
524 4544 580 4596 ἐν
617 4543 798 4616 ἀδήλῳ
844 4549 1138 4631 κειμένην,
1175 4547 1365 4620 ὥσπερ
1412 4551 1460 4603 οἱ
1511 4549 1797 4621 θησαυροί.
1859 4552 1968 4606 Καὶ

2072 4548 2262 4622 puppi,
2282 4556 2343 4602 ut
2375 4548 2449 4602 ita
2503 4545 2706 4610 dicam,
2759 4558 2945 4598 rerum
3004 4550 3319 4625 nostrai-um
3370 4541 3651 4597 sedentem

393 4634 486 4687 σἰὖ
517 4634 572 4689 δὲ
605 4636 701 4708 τὴν
727 4638 962 4709 οὐρανοῦ
994 4640 1276 4709 ψαύουσαν
1299 4642 1567 4713 φρόνησιν
1635 4645 1843 4698 κατίδοι
1900 4647 1967 4700 ἄν

389 4743 474 4788 τις
504 4727 567 4781 ὲκ
613 4730 821 4797 μυρίων
853 4733 953 4801 μὲν
983 4734 1076 4786 καὶ
1103 4733 1301 4787 ἄλλων·
1333 4736 1460 4789 ἐπεὶ
1491 4735 1550 4790 δὲ
1579 4738 1673 4791 καὶ
1706 4741 1733 4792 ὁ
1775 4743 1968 4811 καιρὸς

389 4814 713 4870 ἀντέπνευσε
739 4819 859 4886 μὲν,
890 4820 992 4874 οὐκ
1019 4821 1319 4893 ἀνεσόδησε
1340 4822 1397 4875 δέ
1427 4841 1522 4877 σου
1544 4826 1610 4878 τὰ
1642 4826 1966 4896 πράγματα,

394 4904 575 4974 πάσης
619 4907 855 4976 βασάνου
922 4914 1260 4981 σαφέστερον
1307 4913 1456 4967 τοῦτ’
1481 4916 1548 4968 ἂν
1600 4918 1685 4986 εἴη
1746 4917 1967 4987 δεῖγμα,

393 4996 667 5067 ἁκισδήλῳ
691 4999 853 5066 φάναι
882 5002 1069 5073 χρυσῷ
1121 5005 1563 5060 κατεσκευάσθαι
1611 5022 1705 5060 σου
1748 5008 1818 5060 τὰ
1864 5010 1966 5079 τῆς

392 5082 649 5167 διανοίας.
682 5088 886 5142 Πολλοῦ
914 5090 1023 5161 γὰρ
1045 5093 1113 5147 τὰ
1142 5095 1448 5166 πράγματα
1481 5096 1720 5167 εἰληφὼς
1742 5098 1963 5169 διατρέ-

392 5190 577 5243 χοντος
603 5180 900 5248 κυκεῶνος,
937 5179 1049 5249 οἷος
1079 5185 1148 5239 ἂν
1192 5186 1484 5258 διαδράμοι
1538 5190 1768 5260 νεφέλας
1828 5194 1968 5262 ὁπη-

2071 4644 2358 4697 videutnus
2410 4647 2468 4695 et
2528 4639 2825 4709 diligenter
2874 4638 3262 4698 excubantetn,
3307 4649 3376 4688 ex
3433 4634 3502 4690 iis
3531 4650 3655 4704 qua:

2071 4741 2497 4808 praeceSserunt,
2547 4730 2724 4802 parati
2781 4744 2975 4786 sumus
3005 4746 3019 4782 :
3045 4739 3103 4784 et
3136 4743 3314 4796 nuper
3338 4737 3652 4794 exspectata

2072 4827 2338 4899 pericula,
2396 4827 2716 4896 priusquam
2773 4823 3076 4894 periculum
3117 4837 3307 4877 eorum
3363 4820 3652 4882 faciamue,

2073 4914 2401 4986 avertin‘lus,
2440 4928 2533 4973 tua
2587 4916 2860 4986 sapientia
2908 4915 2998 4970 illa
3051 4915 3238 4969 omnia
3272 4915 3651 4983 propulsatum

2072 5014 2137 5069 iri
2172 5012 2555 5085 prtevidentes.
2579 5010 2658 5065 Ac
2704 5007 2973 5078 tantisper
3001 5007 3230 5062 forsitan
3262 5007 3431 5077 aliqui
3459 5005 3656 5074 despe—

2073 5106 2270 5172 rarint,
2309 5109 2486 5160 donec
2522 5118 2805 5171 summam
2859 5100 3212 5171 prudentiam
3265 5111 3410 5155 tuam
3447 5099 3654 5168 cogita-

2076 5197 2230 5251 rint:
2264 5206 2378 5251 tum
2421 5208 2555 5248 vero
2588 5192 2660 5245 ita
2713 5199 3054 5256 recreantur,
3084 5199 3145 5244 ut
3202 5191 3383 5245 alllatu
3427 5188 3651 5244 Favonii

391 5265 514 5320 νίκα
542 5268 624 5340 εἴη
673 5274 921 5343 στροφῶν
967 5277 1280 5351 ἀπαρκτίας
1324 5283 1419 5336 καὶ
1489 5286 1689 5353 μικροῦ
1744 5285 1968 5339 πάντων

2071 5297 2385 5345 aestuantes.
2414 5284 2524 5340 Sed
2551 5284 2681 5354 quid
2718 5300 2819 5353 ego
2861 5283 3186 5354 imprudens
3204 5281 3370 5353 339
3393 5281 3447 5345 in
3473 5281 3656 5334 excel—

390 5354 563 5448 ὲθνῶν
592 5362 678 5430 ἐφ’
704 5364 851 5433 ἡμᾶς
898 5370 1232 5439 κινουμένων
1278 5371 1420 5426 οὕτω
1471 5374 1736 5444 σφοδρῶς,
1777 5375 1969 5447 ὥσπερ

2071 5382 2253 5437 lautia:
2309 5391 2415 5434 tua:
2476 5378 2723 5448 gurgites
2789 5391 2876 5430 me
2935 5374 3201 5446 paulatim
3261 5372 3539 5427 itnmitto?
3592 5370 3652 5425 id

390 5447 486 5512 οὖς
509 5466 639 5518 φασι
672 5459 1024 5525 καταράκτας
1056 5462 1276 5529 Νείλου,
1334 5466 1495 5535 μόνος
1530 5468 1691 5530 αὐτδς
1722 5471 1820 5532 τὰς
1874 5470 1969 5539 ἑμ-

2071 5473 2249 5543 ipsmn
2280 5476 2410 5527 νῶι-υ
2440 5447 2544 5533 est,
2575 5447 2719 5539 quod
2760 5468 2919 5523 initio
2950 5466 3218 5523 orationis
3250 5464 3651 5550 detrectabant,

391 5538 552 5606 ϐολάς
576 5543 633 5608 ἐς
668 5551 895 5603 σεαυτὸν
921 5553 1317 5626 ἀναδεχόμενος
1377 5559 1574 5613 ἑστῶτι
1628 5538 1967 5632 φρονήματι,

2071 5538 2197 5619 cum
2222 5562 2483 5618 omnibus
2514 5538 2622 5617 tuis
2670 5561 2930 5616 laudibus
2956 5559 3322 5633 praedicandis
3349 5540 3507 5629 plane
3545 5561 3651 5609 im-

1739 5698 2069 5773 Variorum
2102 5703 2289 5760 notae.

466 5813 579 5887 (85)
626 5817 697 5874 Ea
731 5821 951 5881 Pindari
982 5830 1145 5886 verba
1187 5831 1459 5905 Gregoras
1490 5850 1519 5890 a
1554 5834 1780 5890 Platone
1813 5847 2123 5908 acceperat,
2154 5834 2297 5909 apud
2327 5848 2492 5904 quem
2524 5844 2743 5893 exstant
2781 5837 2880 5895 lib.
2909 5855 2928 5894 1
2960 5836 3035 5895 De
3071 5835 3294 5908 Republ.
3331 5834 3538 5891 BOIYIN.
