4088 6480
332 450 429 513 521

577 443 651 518 [Α.
692 458 743 499 c.
789 442 927 498 1282
964 457 1031 496 an
1076 438 1235 512 I328]
1314 441 1765 503 BYZANTIN/E
1802 442 1900 503 HI:

2002 439 2192 501 )RIZE
2233 439 2376 502 LIB.
2422 438 2588 499 VIII.

3479 432 3579 494 522

2676 432 2816 506 [ων.
2860 443 3145 494 ANDBONIC.
3178 426 3332 499 εει]

324 566 404 635 τῷ
436 567 662 636 παρόντι
683 565 957 635 ἠνάγκαζε
986 563 1241 629 δέξασθαί
1289 580 1379 633 με,
1415 562 1481 617 ἶν’
1507 565 1590 634 εἴη
1620 580 1704 626 τις
1761 561 1900 615 τοῦτ’

2009 560 2086 616 illi
2121 559 2194 614 ab
2225 559 2389 614 talem
2416 574 2543 628 erga
2578 571 2663 613 me
2689 555 3041 612 aﬁectionem
3089 551 3579 615 conviciahantur;

326 658 680 724 εὐπρόσωπος
705 656 851 726 αὐτῷ
885 656 1108 728 ἀφορμὴ
1161 659 1299 727 πρὸς
1350 656 1477 720 τούς
1509 656 1900 726 βασκαίνοντας

328 750 423 801 καὶ
449 748 542 802 ὐπ’
573 749 759 802 ὀδόντα
791 748 1231 819 λοιδορουμένους
1282 749 1432 818 αὐτῷ
1475 751 1574 819 τῆς
1617 748 1895 819 ἡμετέρας

328 839 511 891 εἵνεκα
532 841 720 909 τιμῆς,
745 834 813 909 ἦς
834 839 962 910 παρ’
981 839 1145 892 αὐτοῦ
1168 839 1436 910 λαμπρῶς
1455 839 1615 901 εὐθὺς
1633 838 1906 910 ἐκαρπού-

332 945 457 998 μην,
522 929 661 999 μήτε
712 928 902 999 χρόνον
969 928 1424 1000 προεισενεγκὼν,
1492 928 1567 992 ώς
1623 928 1744 992 ἔθος
1796 930 1909 992 τοῖς

329 1021 622 1088 πλείστοις,
656 1023 794 1092 μήτε
832 1023 953 1077 τινὰ
988 1022 1179 1076 πολιὰν
1201 1022 1385 1092 τρίχα,
1427 1022 1564 1092 μήτε
1595 1022 1719 1075 τινὰ
1739 1020 1908 1091 τιμὴν

332 1113 637 1183 ἱερατικὴν.
670 1113 974 1184 Ηύτρέπιζε
1008 1113 1065 1166 δέ
1094 1130 1185 1184 μοι
1212 1113 1339 1184 ἤδη,
1373 1113 1448 1176 ὡς
1472 1111 1560 1182 ἐφ’
1590 1112 1793 1182 ἑτοίμῳ
1829 1110 1907 1181 τῷ

331 1207 634 1275 πράγματι,
671 1208 763 1259 καὶ
787 1204 822 1259 ἀ
839 1208 904 1276 τῇ
922 1205 1046 1275 ἀξία
1073 1206 1418 1274 προσήκοντα
1446 1199 1587 1275 ἦσαν
1611 1203 1904 1273 ἐνδύματα.

2008 652 2155 724 quod
2214 667 2314 707 nec
2364 666 2619 723 provecta
2653 660 2811 706 aetate
2860 664 2959 704 nec
3014 662 3152 703 cano
3185 645 3447 716 capillitio
3484 658 3585 699 nec

2008 743 2317 798 sacerdotio
2351 745 2539 815 aliquo
2587 742 3030 806 commendatus,
3073 749 3133 794 ut
3162 738 3408 809 plerique
3442 736 3585 791 sole-

2007 845 2149 896 rent.
2182 837 2271 892 illa
2306 836 2542 891 fruerer.
2577 836 2693 892 Jain
2724 849 2873 899 vero,
2901 845 2960 888 ut
2988 847 3045 887 re
3070 847 3178 886 non
3205 830 3580 896 dubia,etiam

2007 929 2262 999 dignitati
2312 937 2716 984 consentaneas
2766 935 2948 993 vestes
3001 924 3133 979 mihi
3187 922 3434 993 parabat.
3472 923 3585 993 Ego

2008 998 2165 1087 vero,
2201 1035 2326 1074 cum
2361 1018 2790 1074 adolescentiam
2835 1031 3013 1070 meam
3046 1025 3103 1069 et
3137 1028 3351 1083 tempus
3382 1012 3580 1080 hujus-

2009 1112 2155 1166 modi
2189 1111 2353 1166 rebus
2385 1110 2624 1164 alienum
2661 1087 3122 1171 considiarassem,
3169 1107 3237 1160 ad
3285 1104 3433 1159 hunc
3472 1117 3588 1156 mo-

2007 1202 2139 1257 dum
2178 1202 2345 1257 verba
2369 1201 2475 1256 feci
2503 1218 2517 1255 :
2574 1250 2579 1257 ,

340 1294 482 1364 Ἐγώ
508 1293 553 1347 δ’
584 1296 641 1352 ἐς
661 1295 763 1360 τὴν
803 1293 1052 1362 ἐμαυτοῦ
1086 1294 1314 1363 νεότητα
1345 1293 1554 1346 ἀπιδὼν
1581 1292 1678 1347 καὶ
1707 1293 1807 1362 τὴν
1845 1291 1955 1346 τῶν
1977 1291 2235 1345 τοιούτων
2260 1290 2469 1362 ἀωρίαν
2496 1292 2840 1363 πραγμάτων
2862 1288 3149 1363 παρελθὼν
3184 1288 3230 1342 ἐ)
3247 1286 3341 1354 εξτ
3368 1288 3545 1342 τοιάδε
3559 1282 3583 1351 ,⁸

401 1390 473 1444 B'.
519 1407 538 1441 ε
576 1390 708 1461 Περὶ
735 1393 834 1457 μὲν
875 1389 1116 1460 ἐμαυτοῦ
1168 1390 1281 1461 (89)
1324 1393 1416 1443 καὶ
1470 1390 1544 1452 ὡς
1594 1389 1747 1442 οὔπω
1807 1406 1898 1459 μοι

2069 1388 2136 1444 Il.
2185 1408 2204 1441 ι
2249 1389 2405 1456 Quod
2433 1389 2500 1443 ad
2531 1404 2619 1442 me
2648 1395 2705 1442 et
2743 1387 3091 1440 immaturam
3120 1382 3431 1437 sacerdotio
3458 1393 3591 1435 teta-

329 1485 518 1554 καίρια
548 1484 616 1535 τὰ
666 1483 765 1551 τῆς
822 1483 1090 1552 ίερατείας
1155 1474 1523 1553 βραχύντινα
1560 1484 1900 1552 ἀποχρήσειν

2003 1488 2110 1531 tem
2146 1480 2366 1542 attinet,
2400 1494 2509 1531 non
2544 1491 2740 1545 magna
2771 1490 2912 1545 opus
2936 1487 3056 1529 esse
3082 1472 3328 1527 arbitror
3354 1484 3590 1526 excusa-

332 1590 422 1641 μοι
449 1571 590 1625 δοκῶ
616 1572 706 1624 τὸν
735 1573 1020 1641 ἀπόλογον.
1059 1573 1129 1625 '0
1182 1589 1239 1625 τε
1270 1572 1376 1644 γάρ
1406 1591 1497 1642 μοι
1530 1573 1719 1643 χρόνος
1748 1573 1900 1627 ὀύπω

2002 1567 2168 1624 tione.
2195 1570 2330 1624 Nam
2348 1578 2404 1624 et
2428 1569 2558 1624 anni
2592 1569 2696 1624 mei
2732 1567 2934 1623 talibus
2958 1567 3123 1621 rebus
3160 1574 3291 1620 sunt
3323 1564 3586 1633 impares,

328 1662 526 1732 ὡραῖος
567 1661 702 1732 πρός
749 1678 810 1730 γε
856 1662 921 1714 τά
950 1644 1193 1715 τοιαῦτα·
1220 1662 1316 1715 καὶ
1367 1663 1547 1732 μέιτοι
1599 1679 1664 1732 γε
1722 1665 1815 1717 καὶ
1852 1666 1900 1716 οἰ

2002 1672 2054 1715 et
2085 1661 2183 1716 otii
2221 1675 2283 1715 ac
2324 1661 2634 1715 litterarum
2668 1661 2894 1715 insanus
2929 1674 2993 1738 ac
3032 1660 3275 1714 furiosus
3306 1672 3461 1710 amor
3489 1654 3589 1710 ad-

326 1757 423 1824 τῆς
452 1755 678 1823 ἡσυχίας
711 1757 804 1810 καὶ
833 1754 940 1806 τῶν
972 1755 1147 1823 λόγων
1179 1754 1469 1823 μανιώδεις
1502 1757 1597 1808 καὶ
1637 1755 1899 1825 λελυττη-

2006 1755 2116 1808 huc
2140 1753 2285 1823 apud
2318 1768 2405 1807 me
2438 1752 2655 1808 fervet:
2693 1768 2796 1807 nec
2827 1767 2913 1806 me
2945 1752 3172 1805 missum
3203 1749 3476 1804 facturum
3510 1750 3592 1801 aio

331 1849 482 1908 κότες
513 1846 712 1916 ἔρωτες
745 1845 952 1915 ἡϐῶσιν
986 1845 1065 1898 ἔτι
1098 1845 1228 1918 παρ’
1255 1848 1378 1915 ἐμοὶ
1413 1847 1509 1900 καί
1547 1863 1615 1916 με
1648 1847 1748 1918 μὴ,
1771 1848 1903 1917 πρὶν

330 1941 409 2001 εἰς
435 1939 594 2008 κόρον
650 1938 885 2007 ἐξήκειν,
952 1940 1216 2008 παρήσειν
1268 1938 1714 2008 διῐσχυρίξονται.
1764 1938 1899 1993 Τότε

329 2033 434 2098 γαρ
459 2029 552 2081 καὶ
594 2029 661 2081 τὰ
695 2031 795 2098 τῆς
846 2028 1086 2091 διανοίας
1130 2027 1191 2080 τὺ
1225 2030 1423 2096 ἄφετον
1457 2027 1602 2092 ἕξειν
1641 2030 1735 2082 καὶ
1765 2026 1902 2082 ἀποὲ

330 2127 475 2191 χρῶν
490 2123 622 2190 πρὸς
635 2122 770 2175 Θεοῦ
792 2121 1152 2192 λειτουργίαν,
1173 2119 1246 2174 Τὸ
1270 2121 1325 2175 δὲ
1350 2120 1445 2174 νῦν
1472 2121 1900 2192 ἐμϐριθεστέραν

334 2210 472 2265 εἷναί
504 2213 602 2283 τὴν
632 2213 738 2265 τῶν
773 2214 1086 2283 μυστηρίων
1118 2212 1343 2283 τόλμαν,
1370 2212 1403 2283 ἢ
1432 2212 1504 2277 ὡς
1536 2213 1635 2283 ἐμέ
1678 2229 1740 2283 γε
1769 2216 1902 2267 ἐνεῖ-

335 2319 426 2356 ναι
466 2303 653 2373 ῥᾳδίως
686 2302 928 2371 ἐνέγκαι,
961 2302 1119 2355 τοῦτο
1158 2301 1320 2357 δὀὗν
1359 2304 1407 2355 εί
1430 2305 1503 2372 μή
1548 2300 1627 2374 τῳ
1676 2304 1743 2374 δὴ
1791 2304 1900 2358 τῶν
1933 2304 1937 2308 ’

337 2394 547 2447 πάντων
571 2392 733 2463 ἄλλῳ,
767 2393 901 2446 ἀλλὰ
925 2393 1031 2464 γὰρ
1062 2394 1118 2447 εἴ
1142 2410 1193 2445 τι
1218 2386 1327 2447 τῶν
1356 2394 1612 2448 ἁπάντων
1646 2394 1774 2448 ἄλλο
1808 2396 1900 2448 καὶ

330 2484 487 2538 τοῦτο
516 2485 579 2556 δὴ
598 2484 704 2538 τῶν
734 2485 873 2539 πάνυ
907 2503 989 2537 τοι
1010 2486 1294 2557 προδήλων
1311 2487 1520 2557 ἔμοιγε.
1541 2485 1775 2556 Ὅπόσην
1789 2487 1899 2556 γὰρ

340 2574 506 2643 ἐχρῆν
536 2573 629 2626 τοῦ
657 2576 979 2644 πράγματος
1008 2574 1106 2642 τὴν
1131 2578 1349 2646 πεῖραν,
1389 2576 1575 2646 τόσην,
1610 2576 1685 2638 ὡς
1702 2578 1897 2642 εἰπεῖν,

329 2666 483 2721 ἀσκῶ
517 2667 613 2738 τὴν
644 2667 899 2738 ἀπειρίαν
926 2670 983 2720 ὲν
1020 2667 1152 2735 γοῦν
1172 2668 1249 2737 τῷ
1270 2668 1521 2738 παρόντι.
1551 2671 1622 2722 Τδ
1644 2670 1690 2723 δ’
1724 2670 1899 2735 οὓτως

335 2761 505 2831 ἔχοντ’
523 2760 746 2832 ἀμαθῶς
770 2761 1120 2832 κατατολμᾷν
1142 2762 1250 2813 τῶν
1289 2760 1451 2814 θείων
1475 2762 1569 2815 καὶ⁵
1582 2762 1895 2832 ἀψαύστων,

331 2852 514 2921 ὅμοιον
529 2850 586 2905 δν
605 2850 753 2903 ὥσπε
762 2869 791 2922 ρ
809 2850 873 2904 ἂν
893 2852 1040 2912 εἴτις
1053 2851 1299 2920 έπεπήδα
1317 2851 1578 2922 θαλάττῃ,
1599 2853 1726 2923 πρὶν
1745 2851 1777 2923 ἢ
1795 2870 1899 2921 μαι

330 2942 444 2995 θεῖν
459 2934 830 3013 διανήχεσθαι,
849 2940 965 2996 οὗθ’
987 2943 1138 3010 eme,-
1159 2942 1482 3019 ἦγημαικαὶ
1506 2944 1624 2996 οὐδὲ
1647 2943 1896 2997 πλείστου

328 3035 435 3087 δέω
457 3034 847 3105 θαυμάζειν,ζεῖ
864 3051 946 3095 τις
962 3034 1249 3103 ἀνάσχοιτὸ
1270 3050 1392 3086 ποτε
1409 3034 1899 3105 τοσαύτηνητόλμαν

330 3126 663 3197 ἀνασχέσθαι
701 3124 946 3197 λογισμῷ
998 3125 1362 3195 καθεστηκότι
1408 3126 1658 3197 πλήττων
1683 3126 1895 3183 ἑαυτόν.

2009 1848 2211 1912 ﬁrmat,
2247 1847 2570 1916 priusquam
2611 1846 2680 1901 iis
2712 1845 2780 1899 ad
2818 1846 3131 1901 satietatem
3177 1844 3414 1899 fruatur.
3448 1840 3588 1895 Tum

2008 1940 2156 1995 enim
2189 1950 2247 1995 et
2276 1939 2507 1994 liberum
2536 1938 2652 1994 fore
2686 1948 2866 1993 meum
2898 1938 3140 1991 animum
3179 1944 3237 1991 et
3262 1935 3329 1990 ad
3361 1933 3458 1989 Dei
3490 1949 3591 1987 mi-

2009 2032 2297 2086 nisterium
2350 2030 2630 2085 idoneum.
2688 2029 2844 2084 Nunc
2898 2044 3025 2105 vero
3083 2016 3349 2083 audacem
3388 2035 3592 2100 myste-

2009 2125 2217 2179 riorum
2262 2124 2644 2181 tractationem
2696 2138 2848 2178 onus-
2878 2137 2999 2179 essc
3047 2121 3288 2194 gravius,
3321 2135 3486 2189 quam
3531 2129 3592 2174 ut

2009 2213 2170 2269 lacile
2200 2213 2332 2268 illud
2361 2215 2566 2284 possim
2591 2215 2885 2279 sustinere,
2914 2213 2961 2268 si
3007 2228 3171 2266 nemo
3207 2213 3349 2266 alius
3379 2209 3589 2264 intelli-

2006 2305 2104 2375 git,
2153 2321 2255 2377 ego
2285 2315 2436 2362 certe
2469 2306 2550 2361 sic
2600 2307 2871 2377 intelligo,
2911 2315 2973 2362 ut
3026 2305 3169 2360 nihil
3217 2304 3415 2374 magis.
3449 2301 3588 2357 Nam

2007 2407 2272 2467 quantam
2323 2414 2411 2454 res
2466 2398 2864 2469 experientiam
2917 2399 3219 2468 postulant,
3252 2407 3415 2452 tantae
3449 2394 3587 2451 mihi

2009 2504 2132 2544 sum
2167 2490 2458 2560 imperitia:
2486 2491 2764 2557 conscius,
2803 2492 2910 2546 hoc
2936 2491 3158 2561 quidem
3187 2499 3457 2560 tempore.
3486 2488 3589 2543 At-

2007 2583 2100 2653 qui
2134 2583 2415 2638 howinem
2448 2583 2588 2639 adeo
2620 2584 2813 2638 rudem
2840 2584 3045 2639 divinis
3073 2594 3127 2638 et
3161 2598 3266 2637 non
3302 2581 3589 2653 tangendis

2007 2689 2129 2733 sese
2186 2677 2352 2731 rebus
2413 2676 2686 2747 ingerere,
2738 2691 2848 2731 non
2903 2675 3052 2730 aliud
3102 2675 3292 2740 fuerit,
3340 2689 3503 2745 quam
3541 2674 3587 2728 si

2006 2767 2132 2838 quis
2188 2769 2414 2823 natandi
2473 2769 2698 2824 nescius
2743 2769 2798 2824 in
2868 2785 3019 2825 mare
3076 2769 3297 2825 desiliat
3351 2786 3366 2823 :
3421 2767 3580 2839 341

2006 2874 2188 2929 neque
2230 2860 2348 2915 sani
2375 2860 2617 2916 hominis
2644 2875 2746 2933 ego
2781 2877 2902 2918 esse
2947 2870 3079 2932 puto
3111 2872 3169 2918 et
3201 2863 3361 2919 valde
3393 2865 3585 2927 mirer.

2006 2953 2054 3007 si
2094 2954 2218 3023 quis
2265 2954 2451 3008 animo
2496 2963 2756 3011 constans
2805 2956 2888 3010 vel
2943 2955 3185 3026 cegitare
3235 2956 3340 3011 tale
3373 2956 3585 3027 aliquid

2005 3048 2295 3103 sustineat.
2327 3047 2536 3114 Quibus
2582 3049 2730 3103 enim
2783 3048 3129 3112 fulminibus,
3180 3049 3382 3120 quibus
3419 3052 3587 3107 maris

2007 3140 2317 3210 gurgitibus
2351 3156 2461 3194 non
2501 3141 2664 3210 digna
2688 3141 2853 3196 fuerit
2893 3141 2983 3195 illa
3013 3143 3384 3197 conﬁdentia?
3408 3142 3586 3198 Caele.

339 3220 513 3272 Ποίων
546 3223 644 3289 μὲν
695 3220 803 3290 γὰρ
832 3221 931 3271 οὐκ
954 3218 1019 3272 ἂν
1050 3218 1133 3288 εἴη
1167 3219 1519 3289 πρηστήρων,
1547 3217 1711 3272 ποίων
1726 3218 1773 3271 δ’
1796 3220 1897 3274 οὐκ

2002 3249 2122 3287 rum
2154 3247 2262 3287 tuae
2296 3234 2597 3304 majestatis
2626 3234 2975 3313 clementiam
3003 3251 3133 3306 erga
3166 3250 3274 3299 me,
3305 3236 3576 3295 sollicitu-

330 3311 398 3365 ἂν
428 3311 725 3365 θαλαττίων
754 3311 1043 3381 πυθμένων
1097 3310 1158 3361 τὸ
1187 3310 1421 3380 πρᾶγμα
1449 3310 1706 3377 ὲπάξιον;
1753 3306 1893 3366 Εἶεν.

331 3406 404 3458 Τό
436 3423 499 3472 γε
570 3407 675 3475 μὴν
729 3403 864 3473 πρὸς
903 3403 1003 3472 ἐμὲ
1037 3405 1283 3472 εὐμενὲς,
1309 3404 1402 3456 καὶ
1457 3403 1753 3474 κηδόμενον
1803 3403 1898 3457 τοῦ

333 3496 427 3548 σοῦ
446 3497 678 3566 κράτους
710 3498 805 3550 καὶ
840 3496 973 3567 πρὸς
1006 3495 1232 3558 εὐποῖας
1255 3495 1396 3549 πάνυ
1427 3512 1510 3548 τοι
1539 3497 1743 3566 σφόδρα
1777 3498 1898 3549 ἑπιο

331 3586 505 3650 κλινὲς
522 3592 613 3641 καὶ
631 3589 949 3660 ὀξύρροπον,
969 3585 1190 3660 [P.QIO]
1207 3586 1363 3659 εἴπερ
1374 3586 1438 3657 δή
1455 3587 1627 3640 τιτῶν
1645 3588 1899 3642 ἁπάντων

328 3678 514 3747 ἕτερον
539 3679 630 3729 καὶ
663 3675 819 3730 τοῦτο
841 3676 886 3730 δ’
909 3678 968 3728 ὲν
995 3677 1105 3739 τοῖς
1143 3677 1379 3746 μάλιστα
1428 3678 1603 3746 ἔγωγε
1661 3678 1897 3749 ἄγαμαι⁸

329 3774 422 3823 καὶ
451 3769 549 3823 οὐκ
570 3769 677 3840 ἔχω
728 3769 1064 3832 παντοδαπὸς
1111 3771 1428 3841 γιγνόμενος
1467 3770 1574 3824 τίσι
1613 3772 1899 3842 χρησάμε-

328 3878 415 3924 νος
441 3861 705 3924 ἐπινοίαις
733 3861 918 3930 γνοίην
948 3858 1095 3922 ὅπως
1122 3860 1251 3912 ποτὲ
1315 3862 1410 3913 καὶ
1442 3857 1640 3913 οἷστισι
1670 3863 1781 3924 τοῖς
1816 3861 1899 3913 αὶ-

328 3953 464 4015 τίοις
507 3952 665 4015 αὐτὸς
712 3952 1078 4024 χρησάμενος,
1116 3945 1161 4004 ὦ
1223 3951 1469 4023 βασιλεῦ,
1510 3952 1750 4016 τοιοῦτός
1805 3970 1895 4024 μοι

328 4046 511 4113 γίγνῃ.
555 4042 715 4109 Ἀλλ’,
759 4042 831 4104 ώς
864 4043 1032 4108 ἔοικε,
1093 4044 1227 4114 πρὸς
1277 4044 1368 4096 τὸν
1400 4041 1576 4096 κοινὸν
1618 4045 1896 4114 Δεσπότην

326 4133 516 4204 ὥσπερ
554 4135 688 4205 πρὸς
718 4135 1026 4205 ἀρχέτυπον
1080 4136 1296 4204 εὐφυῶς
1362 4135 1741 4207 ἁμιλλώμενος
1794 4137 1896 4189 οὐκ

327 4225 615 4294 ἀναμένεις
642 4226 819 4288 αἰτίας
851 4227 938 4278 ἀεὶ
966 4226 1095 4296 περὶ
1112 4227 1220 4279 πᾶν
1249 4226 1476 4296 ἀγαθόν’
1498 4228 1637 4282 ἀλλὰ
1657 4230 1743 4300 ητὴ
1770 4228 1893 4298 μὲν,

332 4319 410 4387 πη
433 4317 716 4380 δ’ἀναίτιος
746 4319 908 4390 γίγνῃ
962 4320 1056 4371 καὶ.
1098 4319 1302 4388 σφόδρα
1331 4321 1613 4389 φιλότιμος
1668 4323 1893 4392 εὐεργέ-
1916 4350 1937 4363 κ

327 4428 447 4480 της.
479 4410 542 4463 Ὀ
573 4409 637 4481 δὴ
660 4410 755 4463 καὶ
793 4412 1024 4481 μάλιστα
1057 4410 1261 4472 πάσαις
1314 4414 1510 4483 ἀρχαῖς
1563 4413 1894 4470 οἰκειότατον

326 4519 388 4555 τε
418 4503 509 4556 καὶ
540 4501 1007 4572 πρεπωδέστατον.
1072 4502 1147 4555 Τὸ
1170 4503 1280 4576 γάρ
1309 4505 1777 4578 προῦπηργμένης
1803 4508 1892 4561 αὶ-

327 4594 444 4657 τίας
466 4595 770 4664 εὐεργετεῖν
818 4597 879 4645 οὐ
911 4594 1108 4664 μᾶλλόν
1138 4593 1189 4662 γ’
1212 4595 1279 4648 ἂν
1301 4595 1388 4665 εῑη
1429 4595 1524 4649 τοῦ
1570 4598 1826 4668 δρῶντος,
1858 4598 1891 4669 ἢ
1930 4577 1969 4629 θ

328 4685 422 4740 τοῦ
450 4689 547 4756 τὴν
576 4687 755 4739 αἰτίαν
787 4684 1250 4756 προδεὸλημένου.
1298 4687 1409 4740 Καὶ
1442 4685 1540 4740 νῦν
1588 4687 1781 4757 γέγονέ
1814 4706 1896 4743 σοι

329 4780 388 4833 te
416 4779 510 4851 τῆς
542 4776 703 4843 ἕξεως
726 4777 887 4846 φύσις
910 4777 1302 4849 ἀμεταϐλήτους
1336 4778 1558 4849 ἔχουσαι
1594 4783 1688 4834 καὶ
1707 4781 1899 4852 ὥσπερ

331 4872 531 4926 ἕκαστα
559 4871 666 4923 τῶν
711 4871 880 4923 ὄντων
925 4870 987 4922 τὸ
1018 4871 1118 4941 τῆς
1152 4869 1367 4941 φύσεως
1400 4871 1533 4924 ἴδιον
1574 4872 1896 4942 αὐτομάτως

328 4963 578 5017 ἀποτελεῖ
615 4964 709 5016 καὶ
745 4963 996 5031 ὑγραίνει
1048 4963 1149 5033 μὲν
1178 4961 1345 5035 ὕδωρ,
1376 4963 1501 5018 κάει
1541 4964 1599 5018 δὲ
1651 4965 1762 5038 πῦρ
1802 4970 1905 5023 καῖ

326 5055 490 5109 τᾶλλα
512 5053 583 5118 ώς
651 5057 684 5124 ὴ
740 5055 900 5125 φύσις
942 5054 1156 5125 ἑκάστῳ
1222 5057 1690 5128 κεχειροτόνηκεν,
1753 5057 1897 5113 οὕτω

324 5148 479 5200 δίεισι
513 5148 603 5201 τὸν
637 5147 816 5201 πάντα
838 5148 1010 5202 αἰῶνα
1048 5147 1414 5216 διατελοῦντα,
1473 5150 1685 5221 οὐδαμῆ
1732 5153 1896 5208 οὐδα-

327 5241 446 5310 μῶς
469 5240 797 5294 οὐδεπώποτ’
838 5239 1095 5309 οὐδεμιᾶς
1147 5243 1637 5314 ἀποχειροτονῆσαι
1675 5245 1899 5317 δεδυνη-

328 5335 495 5402 μένης
530 5332 760 5403 τροπῆς,
786 5330 928 5384 οὓτω
959 5332 1029 5402 δὴ,
1056 5333 1149 5385 καὶ
1202 5335 1367 5397 αὐτὸς
1428 5334 1690 5404 πεφυκὼς
1755 5339 1893 5408 πρὸς

325 5426 641 5496 εὐεργεσίας
667 5426 824 5480 τοῦτο
856 5427 951 5481 καὶ
984 5427 1162 5494 λόγοις
1212 5428 1309 5481 καὶ
1360 5431 1703 5501 πράγμασιν,
1730 5434 1893 5487 οἱονεί

2005 3324 2192 3378 dinem
2248 3333 2304 3378 et
2356 3338 2626 3377 summam
2666 3324 2733 3378 ad
2790 3324 2929 3378 bene
2968 3325 3292 3379 merendum
3336 3340 3581 3394 propen-

2004 3417 2241 3482 sionem,
2279 3417 2323 3471 si
2355 3415 2487 3486 quid
2523 3431 2753 3486 usquam
2780 3416 2929 3471 aliud
2974 3416 3057 3470 vel
3094 3416 3147 3470 in
3180 3417 3374 3486 primis
3407 3417 3585 3472 admi-

2004 3525 2096 3563 ror
2128 3531 2140 3564 :
2174 3521 2229 3565 et
2258 3526 2594 3581 quocunque
2647 3526 2733 3566 me
2781 3520 3023 3575 vertero,
3072 3526 3184 3566 non
3233 3511 3435 3579 habeo,
3472 3527 3585 3582 qne

2002 3603 2237 3657 consilio
2262 3603 2559 3670 adductus,
2601 3604 2872 3673 quibusve
2900 3605 3232 3672 rationibus,
3257 3606 3580 3673 imperator,

2005 3706 2058 3751 te
2090 3696 2223 3750 mihi
2259 3697 2421 3752 talem
2451 3698 2742 3767 praebeas:
2774 3698 2881 3755 nisi
2916 3699 3062 3769 quod
3095 3708 3342 3769 apparet,
3378 3708 3430 3754 te
3453 3715 3581 3754 cum

2001 3790 2248 3842 omnium
2286 3788 2518 3844 Domino
2548 3790 2843 3861 ingeniose’
2870 3791 3299 3847 contendentem
3328 3779 3455 3849 'non
3495 3797 3583 3849 ul-

2000 3881 2081 3935 las
2105 3890 2423 3951 exspectare
2459 3884 2838 3939 beneﬁcentiae
2872 3900 3066 3940 causas
3099 3904 3112 3939 :
3152 3885 3430 3941 sed'illud
3460 3896 3582 3942 tan-

2003 3979 2118 4025 tum
2177 3983 2448 4043 spectare,
2504 3991 2610 4044 qua
2670 3976 2886 4031 ratione
2950 3977 3090 4032 bene
3131 3977 3328 4032 mereri
3382 3978 3578 4048 possis.

2000 4065 2157 4133 Quod
2191 4082 2323 4122 sane
2377 4068 2633 4122 omnibus
2678 4068 2929 4138 imperiis
2973 4067 3353 4138 dignissimum
3396 4080 3481 4125 est
3523 4080 3582 4126 et

2001 4157 2237 4213 maxime
2264 4157 2569 4228 proprium.
2602 4158 2738 4213 Nam
2772 4159 3154 4214 beneﬁcentia:
3190 4174 3354 4215 causa
3379 4175 3581 4233 suppe-

1998 4251 2168 4307 ditata
2204 4249 2553 4318 benefacere,
2581 4267 2692 4306 non
2743 4258 2851 4305 tam
2905 4250 3139 4307 beneﬁci
3175 4250 3362 4317 fuerit,
3408 4269 3574 4324 quam

1996 4345 2116 4415 ejus
2151 4343 2246 4415 qui
2278 4344 2333 4400 id
2360 4346 2629 4401 meruerit
2663 4363 2676 4400 :
2709 4354 2762 4400 et
2810 4358 2960 4399 nunc
3011 4344 3275 4402 diuturna
3320 4347 3409 4403 illa
3439 4364 3577 4404 con-

1996 4432 2236 4488 suetudo
2270 4442 2360 4488 tua
2406 4432 2460 4487 in
2488 4433 2885 4489 immutabilem
2919 4441 3170 4490 naturam
3205 4446 3290 4492 est
3319 4446 3528 4493 mutata
3557 4457 3571 4493 :

1997 4536 2054 4581 et
2084 4526 2157 4581 ita
2194 4535 2252 4581 ut
2295 4541 2488 4581 omnes
2527 4526 2647 4580 alia:
2676 4541 2764 4582 res
2805 4526 2920 4583 sive
2945 4537 3153 4583 naturae
3190 4542 3390 4582 munus
3430 4529 3576 4586 ultro

2000 4608 2315 4675 facium-ut
2343 4629 2483 4684 aqua
2518 4615 2820 4682 humectat,
2847 4626 2905 4671 ut
2938 4616 3081 4687 ignis
3108 4616 3241 4681 urit,
3266 4616 3578 4688 eodemque

1995 4705 2159 4760 modo
2186 4696 2386 4761 caetera
2424 4722 2521 4776 per
2569 4722 2734 4763 omne
2765 4723 2941 4763 aevum
2992 4718 3219 4765 naturas
3256 4724 3386 4764 suas
3440 4711 3577 4766 reti-

1996 4804 2151 4859 nent,
2191 4810 2292 4850 nec
2320 4794 2425 4851 ulla
2464 4814 2703 4868 unquam
2738 4798 2791 4853 vi
2828 4800 2896 4853 ab
2942 4799 3011 4855 iis
3060 4799 3413 4869 depelluntur
3443 4816 3459 4854 :
3491 4798 3574 4855 sic

1996 4897 2052 4942 et
2082 4887 2198 4956 ipse
2224 4886 2296 4942 ad
2321 4886 2776 4943 benefaciendum
2797 4901 2959 4945 natus
2982 4906 3161 4961 neque
3186 4891 3368 4947 verbis
3392 4906 3574 4963 neque

1999 4978 2157 5034 factis
2207 4980 2348 5037 bene
2403 4981 2605 5037 mereri
2651 4983 2893 5038 desistis.
2947 4983 3129 5051 Quare
3180 4999 3305 5041 cum
3355 4993 3578 5056 gratum

1997 5070 2241 5125 animum
2298 5071 2581 5129 declarare
2612 5074 2796 5128 verbis
2830 5073 2883 5128 in
2938 5076 3137 5144 primis
3191 5077 3434 5145 cupiam,
3470 5090 3575 5131 nec

1996 5163 2050 5218 id
2097 5179 2198 5234 pro
2247 5164 2514 5235 dignitate
2556 5166 2737 5222 facere
2764 5166 2926 5239 342
2973 5171 3204 5238 possim,
3239 5185 3347 5224 non
3388 5169 3575 5224 minus

1994 5264 2053 5310 et
2087 5258 2316 5326 tempori
2348 5266 2405 5312 et
2452 5256 2714 5324 orationi,
2742 5276 2906 5331 quam
2944 5260 3046 5331 ipsi
3077 5260 3209 5316 mihi
3246 5276 3571 5327 succenseo,

1997 5363 2122 5404 cum
2174 5358 2469 5419 utrumque
2517 5366 2583 5406 ex
2639 5368 2795 5421 aequo
2852 5354 3283 5424 reprehensione
3345 5355 3574 5427 dignum

1989 5442 2326 5498 existimem.
2357 5443 2494 5497 Nam
2526 5444 2705 5499 oratio
2747 5459 2872 5498 cum
2922 5447 3207 5502 materiam
3250 5456 3471 5518 superet
3509 5456 3568 5504 et

1673 5565 2013 5632 Variorum
2053 5581 2237 5636 notia.

395 5662 505 5749 (89)
525 5662 599 5749 liti
624 5659 1167 5749 ‘il§liI9;__9thli_9ltiPu8
1186 5664 1626 5749 “eincomiasgicis
1688 5667 1882 5749 Latine
1981 5674 2173 5749 Neque
2202 5692 2251 5732 ei
2266 5693 2334 5749 go
2364 5694 2546 5748 operae
2577 5695 2701 5736 esse
2732 5680 3040 5737 existimavi
3071 5696 3167 5736 eas
3200 5652 3383 5738 denuo
3416 5682 3541 5740 Lati

320 5732 599 5808 vertendis
624 5729 990 5808 Wolﬁus’non
1016 5733 1153 5787 adeo
1182 5734 1326 5808 ﬁdus
1354 5750 1418 5789 ac
1442 5738 1675 5808 diligens
1706 5739 1879 5796 inter-

323 5818 448 5873 pres
477 5804 598 5856 luit.
630 5802 897 5875 Nimirum
936 5806 984 5856 ei
1013 5819 1126 5875 non
1161 5804 1295 5858 tanti
1321 5820 1442 5859 esse
1470 5802 1600 5863 visa:
1636 5819 1785 5875 sunt,
1819 5825 1879 5867 ut

322 5875 549 5929 multant
572 5872 777 5927 laboris
811 5872 1149 5940 impenderet
1181 5888 1368 5928 earum
1407 5872 1874 5948 interpretationi.

636 5969 899 6027 Parnm...
941 5966 1056 6028 Gn.
1105 5969 1397 6034 CXLVIII

1984 5760 2083 5800 nas
2125 5746 2327 5821 facere.
2371 5746 2515 5806 Satis
2557 5766 2679 5807 esse
2729 5751 2884 5817 duxi,
2933 5767 3054 5821 qua:
3103 5752 3337 5808 Wolﬁus
3386 5755 3573 5812 minus

1983 5818 2272 5944 ﬁon‘nnggc
2300 5822 2533 5887 reabse
2565 5822 2868 5887 videretur,
2900 5818 2964 5878 ea
3006 5823 3170 5895 aliter
3211 5837 3367 5879 versa
3409 5826 3571 5881 exhi-

2017 5902 2130 5943 ere.
2245 5903 2373 5945 tvm.

3176 5993 3245 6051 Π
