4088 6450
512 372 614 439 527
765 373 818 445 [Α
883 389 939 427 ιι.
983 371 1114 428 6791
1161 386 1225 426 λυ
1265 369 1429 443 6836]

1606 317 1621 333 .
1713 372 2137 435 NlCEPlIORI
2177 374 2561 437 GREGORA!

2871 367 3004 440 [ηερ.
3046 382 3332 425 mancum.
3375 370 3519 444 satu]

3661 372 3767 437 523

498 489 580 541 sit
610 484 771 556 346
791 486 949 556 longe
981 482 1231 538 inferius.
1256 483 1336 537 lla
1358 481 1506 536 enim
1533 487 1659 534 sunt
1689 496 1778 535 res
1811 481 2067 534 humanae

2186 484 2427 553 ὑμνῆσαι
2456 485 2655 547 κάλλος
2679 482 2844 537 αὐτοῦ
2872 487 2967 538 καλ⁵
3021 486 3252 555 μέγεθος
3286 485 3381 539 καὶ
3405 487 3767 557 τερπνότητα.

507 588 569 633 ut
600 578 732 633 alias
760 576 917 644 cepia
952 573 1253 636 abundent,
1309 573 1444 627 alias
1472 570 1701 641 penuria
1740 571 1990 625 laborent
2021 578 2077 624 et

504 670 737 726 subinde
777 669 936 722 aliter
982 675 1147 733 atque
1194 665 1353 718 aliter
1395 677 1519 717 sese
1571 661 1833 716 habeant.
1898 659 2080 725 Quare

500 761 778 815 medicina
830 760 938 813 illis
971 773 1079 810 non
1142 754 1395 824 simplex,
1444 753 1539 808 sed
1591 753 1741 806 varia
1786 760 1869 806 est
1922 749 2080 803 adbi-

500 852 730 912 benda,
791 850 938 904 unde
1009 849 1140 902 illud
1213 846 1567 916 proverbium
1626 863 1641 899 :
1709 844 1768 896 Ὀ
1824 842 2078 909 δεύτερος

506 942 688 1003 πλοῦς.
728 942 798 995 Et
840 941 885 994 si
943 940 1044 993 hac
1072 939 1254 991 minus
1287 936 1575 998 successit,
1609 950 1694 989 res
1734 934 1838 988 alia
1872 935 1958 986 via
1988 948 2080 1002 ag-

491 1030 822 1102 gredienda.
857 1030 953 1083 Est
984 1029 1129 1082 enim
1155 1028 1400 1081 ninnium
1431 1040 1616 1080 rerum
1646 1024 1906 1094 cognatio
1932 1039 2080 1092 quie-

492 1124 629 1178 4lam
674 1131 728 1177 et
778 1120 1105 1182 similitudo,
1134 1126 1425 1189 propterea
1455 1117 1601 1186 quod
1644 1131 1711 1169 ex
1744 1116 1936 1168 iisdem
1968 1116 2080 1167 ele-

470 1214 709 1269 'mentis
732 1228 925 1267 omnes
955 1222 1233 1267 constant.
1270 1209 1409 1263 Ecce
1437 1209 1585 1263 enim
1621 1208 1834 1261 facibus
1855 1217 1909 1259 et
1936 1209 2081 1276 rogis

492 1304 736 1365 utimur,
766 1316 888 1355 cum
919 1301 1053 1355 solis
1083 1297 1373 1368 splendore
1419 1296 1773 1351 destituimur
1823 1305 1878 1349 et
1914 1311 2002 1349 ΙΙοι
2024 1305 2079 1351 ιιι

502 1394 675 1447 veluti
721 1392 888 1446 alium
922 1390 1213 1460 quemdam
1259 1388 1430 1442 solem
1468 1386 1871 1440 machinamur.
1905 1387 2083 1455 Atque

496 1481 670 1536 etiam
705 1495 830 1535 cum
861 1487 1034 1534 totum
1067 1477 1332 1531 mundum
1365 1476 1678 1544 exprimere
1707 1475 1994 1530 studemus
2018 1489 2084 1529 ac

504 1572 743 1627 circulos
767 1563 823 1625 et
857 1569 1129 1623 motiones
1173 1567 1296 1620 cudi
1328 1574 1383 1620 et
1418 1579 1541 1619 cum
1588 1574 1733 1645 terra
1772 1565 2083 1636 conﬁgura-

496 1667 710 1723 tiones.
762 1660 948 1732 parvis
977 1658 1302 1728 quibusdam
1334 1672 1458 1711 eum
1503 1657 1740 1727 globulis
1790 1657 2085 1711 adumbra-

500 1769 646 1808 ntus.
677 1751 832 1818 Quod
864 1751 907 1805 si
956 1749 1020 1805 ad
1060 1750 1333 1819 pictorum
1356 1757 1503 1802 artes
1551 1762 1862 1838 sermonem
1899 1757 2078 1803 trans-

2184 576 2338 644 Μηδέ
2359 575 2467 643 γὰρ
2498 574 2636 644 ἔχων
2661 575 2769 643 ὅτῳ
2793 592 2879 638 τις
2905 577 3178 645 παραθείη
3214 574 3319 627 τῶν
3344 577 3401 628 ἐν
3426 576 3618 645 κόσμῳ
3633 574 3766 647 (94).

2181 664 2379 717 πολλοῦ
2422 664 2487 718 ἂν
2520 664 2733 735 δεήσειε
2767 666 2954 733 σαφῶς
3008 683 3061 719 τι
3110 664 3395 739 ἀγγέλλειν
3424 669 3554 735 περὶ
3588 666 3766 736 ἡλίου.

2182 751 2365 817 nam)
2396 751 2453 804 δὲ
2493 752 2666 820 δήπου
2722 755 2967 815 πλείονος
3008 755 3040 824 ἢ
3089 756 3287 824 μᾶλλον
3321 755 3413 808 τοῦ
3447 758 3648 819 παντός
3703 773 3769 823 γε

2178 844 2389 913 δεήσειε
2414 847 2522 907 πᾶς
2548 862 2630 906 τις
2662 844 3008 917 ἁρμοττούσῃ
3034 847 3249 918 γλώττῃ
3284 847 3545 912 διεξιέναι
3570 826 3648 901 ἶὰ
3673 850 3763 913 σὰ,

2180 936 2236 998 ὃς
2266 934 2483 989 ἅπαντα
2512 934 2620 988 τῶν
2645 939 2703 989 ἐν
2729 936 3041 1007 ἀνθρώποις
3076 938 3145 990 τὰ
3180 938 3442 991 κάλλιστα
3473 938 3568 991 καὶ
3594 938 3768 1007 ὕπερ-

2183 1026 2298 1094 φ·.ᾶ
2330 1025 2629 1096 συλλήϐδην
2658 1026 2801 1095 ἔχεις
2838 1026 3132 1081 συλλαϐών.
3177 1030 3285 1082 Καὶ
3321 1028 3428 1098 μὴν
3456 1029 3506 1081 εί
3539 1029 3637 1099 μὲν
3656 1029 3765 1082 ἀπὶ

2185 1116 2276 1170 σοῦ
2302 1133 2363 1185 γε
2394 1113 2535 1183 ἦσαν
2567 1117 2833 1187 ὴργμένοι
2860 1119 2967 1172 τῶν
3003 1119 3327 1188 -ὲγκωμίων
3361 1120 3411 1172 ot
3466 1121 3647 1188 νόμοι,
3700 1118 3763 1172 ού

2186 1211 2349 1278 μόνον
2396 1209 2779 1281 ποικιλώτεροι
2833 1211 2899 1264 ἂν
2950 1212 3225 1279 ἐγίγνοντο
3292 1210 3384 1264 καὶ
3441 1212 3659 1274 πλείους
3693 1211 3762 1280 τῇ

2183 1302 2344 1371 τέχνῃ
2378 1304 2640 1371 παρεῖχον
2667 1303 2763 1364 τὰς
2791 1302 3066 1370 ἀφορμάς·
3094 1303 3141 1354 οἱ
3173 1301 3217 1354 δ’
3251 1300 3403 1353 αὐτοὶ
3438 1302 3533 1354 καὶ
3568 1300 3768 1369 νεαρώ-

2182 1392 2333 1463 τεροί
2354 1410 2433 1445 σοι
2457 1392 2885 1464 προσϐάλλοντες
2912 1393 3007 1446 καὶ
3035 1391 3320 1459 ἁκίδδηλοι
3377 1392 3436 1444 ού
3461 1391 3663 1454 τελέως
3696 1389 3764 1443 ἂν

2185 1485 2352 1537 ἐνδεῖν
2383 1485 2601 1538 ἐδόκουν
2626 1482 2721 1537 τοῦ
2751 1484 2981 1547 εἰκότος.
3032 1484 3168 1537 Νυνὶ
3200 1482 3255 1535 δὲ
3309 1481 3558 1549 καθάπερ
3609 1480 3765 1550 ῥόδον

2189 1574 2467 1643 μαλαχθέν
2493 1575 2589 1626 καὶ
2617 1573 2894 1627 ἅπολέσαν
2932 1571 3031 1643 τὴν
3065 1573 3218 1642 ὥραν
3252 1572 3309 1624 ἐν
3345 1567 3428 1633 οἷς
3461 1571 3561 1623 οὐκ
3594 1570 3765 1641 ἐχρῆν

2186 1665 2365 1729 ἄλλοις
2402 1666 2502 1736 μὲν
2542 1668 2606 1735 δή
2640 1682 2750 1718 τισι
2776 1667 2996 1733 φανεῖεν
3028 1665 3094 1717 ἂν
3130 1665 3260 1726 ίσως
3292 1664 3393 1716 οὐκ
3418 1663 3721 1727 ἀξυντελεῖς
3744 1679 3761 1697 ·

2190 1755 2273 1809 σοὶ
2305 1756 2349 1810 δ’
2375 1756 2517 1810 οὕτω
2547 1756 2642 1809 καὶ
2680 1757 2822 1809 πάνυ
2867 1774 2948 1810 τοι
2977 1755 3184 1827 σφόδρα
3207 1754 3539 1822 ἀξυντελεῖς,
3570 1755 3763 1825 ὥσπερ

502 1845 812 1908 tulerimus,
856 1843 930 1897 ibi
963 1857 1090 1895 vero
1117 1841 1413 1912 imaginum
1459 1850 1517 1894 et
1556 1834 1926 1908 exemplorum
1979 1855 2075 1895 co-

2179 1845 2291 1906 τοῖς
2315 1840 2651 1911 ἀεροϐάμοσι
2688 1844 2910 1912 πτηνοῖς
2941 1843 3008 1894 τά
3029 1844 3101 1895 ,ἐκ
3125 1842 3231 1894 τῶν
3266 1841 3426 1896 λίνων
3463 1840 3760 1910 ἐνδύματα.

490 1939 649 2009 .piatu
703 1935 1049 1990 inveniemus
1090 1944 1143 1987 et
1194 1948 1322 1986 vere
1359 1947 1577 1986 scenam
1612 1932 1906 2001 quamdam
1961 1942 2077 1988 arte

488 2030 830 2085 .histrionica
860 2028 1138 2088 refertam.
1176 2042 1295 2095 qme
1322 2025 1525 2078 indicia
1549 2024 1797 2094 quaedam
1831 2024 2078 2079 veritatis

494 2128 786 2187 utcunque
843 2116 1121 2171 coloribus
1178 2114 1460 2170 nonnullis
1524 2122 1901 2184 repra‘seutet.
1941 2112 2076 2167 Nam

506 2222 629 2260 eum
687 2207 815 2269 alia,
875 2221 998 2259 cum
1063 2203 1439 2257 universitatis
1496 2204 1654 2273 hujus
1709 2201 2076 2258 architectum

504 2296 803 2359 imitantes,
849 2310 974 2349 cum
1012 2282 1189 2363 neque
1222 2292 1480 2363 spiritum
1515 2292 1604 2359 iis,
1658 2308 1796 2363 quas
1845 2294 2075 2358 faciunt,

504 2390 717 2445 umbris
750 2387 1021 2456 impertiri
1055 2385 1290 2456 possint,
1330 2400 1509 2455 neque
1542 2385 1820 2440 viviﬁcum
1849 2385 2078 2441 semini-

492 2483 607 2537 bus
638 2481 806 2535 solem
839 2497 853 2534 ε
884 2479 938 2532 in
967 2476 1197 2532 materia
1221 2479 1456 2542 colores,
1487 2476 1601 2531 ludi
1634 2485 1688 2531 et
1710 2477 1822 2548 loci
1855 2478 2076 2549 quidam

492 2582 632 2628 .sunt
651 2573 887 2626 illorum.
910 2573 985 2625 Ac
1005 2570 1131 2625 inde
1145 2569 1364 2639 quidem
1383 2569 1777 2639 germinantem
1794 2578 2030 2640 segetem
2048 2584 2079 2623 e

500 2672 650 2714 terra
683 2658 993 2730 producunt
1025 2665 1080 2710 et
1106 2656 1519 2710 herbescentem
1555 2656 1888 2712 viriditatem
1920 2674 1936 2710 :
1972 2658 2079 2711 illic

503 2766 636 2805 vero
666 2749 905 2803 adultam
938 2746 1260 2811 ostendunt,
1286 2760 1407 2815 qua!
1448 2761 1627 2816 neque
1660 2747 1864 2813 culmo,
1902 2764 2078 2818 neque

498 2840 692 2909 Spieis,
735 2850 914 2906 neque
956 2836 1140 2889 aristis
1179 2835 1290 2903 jam
1323 2848 1381 2888 se
1409 2834 1679 2888 contineri
1715 2836 1846 2889 velit
1880 2844 1936 2890 et
1980 2836 2088 2891 fal-.

503 2944 622 2984 cem
658 2938 865 2982 tantum
900 2940 1008 2979 non
1043 2922 1204 2995 347
1237 2922 1441 2992 flagitet
1472 2940 1486 2978 :
1519 2938 1689 2993 eaque
1733 2924 1939 2979 faciunt
1979 2944 2079 2982 nec

504 3032 751 3091 tempore
784 3026 1121 3086 exspectato,
1156 3032 1258 3070 HOC
1303 3026 1577 3075 astrorum
1613 3029 1808 3072 exortu
1852 3021 1934 3072 Vt'i
1985 3036 2079 3073 OC-

500 3128 632 3167 casu
671 3151 684 3163 .
716 3110 812 3166 sed
845 3125 955 3162 uno
1003 3124 1143 3177 saepe
1178 3108 1266 3161 die
1297 3118 1352 3161 et
1384 3118 1624 3179 segetem
1674 3112 2074 3182 germinantem

500 3212 561 3260 et
600 3212 874 3257 maturum
922 3199 1260 3253 frumentum
1311 3200 1629 3256 ostendunt.
1680 3203 1761 3257 Ad
1816 3205 2072 3260 eumdem

508 3294 730 3349 modum
774 3304 829 3347 et
859 3306 981 3356 nes,
1016 3291 1108 3360 qui
1140 3293 1427 3345 veritatem
1478 3290 1696 3363 assequi
1753 3296 2070 3365 nequimus,

434 3392 441 3399 '
498 3388 557 3442 id
593 3387 822 3441 facimus
854 3384 997 3453 quod
1026 3384 1189 3454 licet,
1231 3384 1605 3453 exemplisque
1647 3385 1885 3457 utimur,
1928 3388 2073 3441 indi-

496 3478 627 3550 gnis
678 3476 785 3532 illis
830 3476 1074 3547 quidem,
1111 3474 1205 3529 sed
1239 3491 1304 3529 ex
1335 3476 1519 3530 animo
1558 3478 1771 3532 sincero
1814 3478 2073 3546 deprom-

500 3574 635 3643 ptis.
678 3572 835 3626 Nunc
878 3571 1024 3625 enim
1058 3568 1343 3637 oportebat
1386 3573 1576 3628 stellas
1615 3571 1991 3643 magnitudine
2018 3580 2074 3624 et

492 3664 798 3735 splendore
831 3664 1071 3718 illustres
1114 3670 1165 3717 in
1215 3680 1383 3718 unum
1417 3665 1540 3719 caeli
1587 3666 1766 3720 locum
1808 3674 2074 3718 coeuntes

494 3758 672 3828 signis
701 3764 757 3811 ct
787 3758 1200 3813 ebaracteribus
1237 3758 1405 3812 certis
1428 3771 1515 3822 ea,
1548 3770 1670 3825 quae
1703 3755 1760 3811 in
1797 3765 1850 3811 te
1882 3755 2071 3824 singu-

498 3850 633 3903 laria
662 3857 715 3903 et
748 3850 1118 3920 pulcherrima
1159 3859 1319 3914 sunt,
1335 3848 1672 3913 describere,
1709 3856 1767 3902 ut
1801 3848 2069 3918 quemad-

490 3939 723 3993 modum
785 3939 877 3993 Dei
921 3941 1153 4010 gloriam
1204 3940 1329 3995 coeli
1373 3932 1652 4004 enarrant,
1695 3940 1766 3993 ila
1816 3949 1871 3994 et
1922 3951 2070 3995 tuam

492 4034 819 4087 memoriam
865 4034 917 4087 in
948 4035 1207 4089 omnibus
1245 4034 1362 4089 suis
1397 4035 1854 4093 conversionibus
1898 4040 2074 4109 erpli—

485 4133 689 4178 carent
746 4135 806 4179 et
862 4125 1301 4180 illustrissimum
1347 4124 1719 4194 imperatoriae
1772 4129 2074 4199 majestatis

494 4216 854 4287 archetypum
888 4228 941 4271 te
965 4216 1277 4287 posteritati
1322 4229 1721 4288 proponerent.
1752 4218 1910 4273 Nunc
1953 4234 2069 4274 om-

484 4322 596 4361 nes
628 4306 881 4363 homines
918 4307 972 4360 in
1017 4322 1185 4360 unum
1229 4306 1472 4378 aliquem
1506 4309 1722 4363 telluris
1744 4322 2072 4379 congressos

480 4400 677 4453 .locum
716 4416 884 4454 unum
922 4399 1027 4455 hoc
1070 4408 1263 4454 votum
1298 4399 1481 4455 facere
1519 4399 1812 4470 oportebat
1844 4401 1909 4453 ad
1942 4415 2068 4454 eum

2182 1930 2342 1982 Ὥστε
2358 1928 2800 1998 μοιδιαποροῦντι
2821 1931 2913 1981 κιλ.
2930 1929 3133 1999 ἥκιστα
3148 1930 3432 2000 δυναμένῳ
3458 1930 3593 1999 πρὸς
3612 1928 3762 1990 ἀξιον

2178 2020 2469 2088 ἀναφέρειν
2486 2022 2575 2072 τὸν
2589 2020 2746 2087 λόγον
2765 2010 3369 2091 παράδειγμαχρῆσθαι
3389 2021 3568 2072 ἔπεισι
3582 2017 3762 2087 πολλῷ

2181 2114 2273 2167 τοῦ
2301 2115 2509 2177 δέοντος
2539 2113 2788 2167 ἐνδέοντι.
2821 2114 3059 2166 Τοιαῦτα
3096 2116 3202 2185 γὰρ
3224 2114 3290 2167 τὰ
3324 2115 3432 2166 τῶν
3452 2114 3761 2182 ἀνθρώπων

2183 2211 2505 2278 πράγματα,
2569 2204 2644 2277 πὴ
2692 2206 2791 2276 μὲν
2843 2205 3203 2277 εὐποροῦντα,
3264 2206 3341 2277 πη
3379 2206 3425 2260 δ’
3451 2205 3761 2278 ἀποροῦντα

2181 2300 2275 2353 καὶ
2302 2297 2391 2352 del.
2423 2298 2603 2352 ἄλλοτ’
2636 2299 2811 2361 ἄλλως
2846 2298 3060 2368 ἔχοντα.
3121 2298 3288 2351 Ὅθεν
3338 2300 3431 2352 καὶ
3460 2299 3557 2368 ούχ
3609 2299 3758 2370 ἁπλῆ

2177 2407 2284 2457 τις,
2312 2391 2396 2443 ὅτι
2432 2391 2507 2460 μὴ
2536 2391 2630 2465 καὶ
2665 2389 2809 2465 μάλα
2859 2406 2923 2457 γε
2955 2388 3291 2459 πολύτροπος
3351 2392 3385 2462 ἠ
3425 2390 3631 2444 τούτων
3665 2390 3759 2445 0t-

2181 2482 2401 2552 ραπεία.
2480 2462 2775 2535 Ἐντεῦθεν⁷
2817 2483 2896 2543 είς
2951 2483 3255 2551 παροιμίαν
3307 2484 3402 2535 καὶ
3442 2486 3469 2536 ὁ
3506 2483 3759 2552 δεύτερος

2179 2573 2346 2637 πλοῦς
2375 2574 2743 2644 ἐξενήνεκται·
2776 2575 2870 2626 καὶ
2892 2573 2999 2626 τῶν
3034 2572 3264 2644 πρώτων
3288 2575 3758 2645 ἀποτυγχάνοντες

2178 2648 2448 2734 δευτέρων
2519 2664 2807 2735 ἁπτόμεθα
2865 2667 2959 2720 καὶ
3005 2666 3206 2736 τρίτων
3247 2667 3397 2729 ίσως.
3458 2667 3759 2735 Συγγὲκιεια

2179 2759 2287 2828 γάρ
2319 2775 2402 2820 τις
2429 2756 2558 2827 ἥκει
2590 2756 2674 2808 διὰ
2710 2756 2931 2811 πάντων
2978 2760 3072 2811 καὶ
3102 2757 3376 2827 ὁμοιότης,
3422 2758 3507 2812 ἆτ’
3535 2762 3598 2812 ἐκ
3650 2759 3758 2811 τῶν

2182 2849 2482 2918 στοιχείων,
2507 2849 2697 2918 ὥσπερ
2721 2852 2784 2901 ἐκ
2834 2849 2961 2917 μιᾶς
2998 2866 3142 2911 τινος
3195 2850 3404 2920 μητρὸς
3463 2851 3557 2903 καὶ
3598 2848 3755 2920 ῥίζης

2180 2936 2480 3009 εἰληφότων
2512 2936 2612 3004 τὴν
2642 2935 2735 2987 τοῦ
2786 2931 2927 2988 εἶναι
2985 2936 3265 2992 σύστασιν.
3332 2938 3463 2991 Ἰδοὺ
3497 2938 3603 3008 γὰρ
3662 2937 3759 2991 καὶ

2179 3028 2423 3099 λαμπάσι
2456 3030 2549 3081 καὶ
2581 3031 2803 3097 πυρσοῖς
2835 3027 3177 3099 κεχρήμεθα,
3209 3028 3313 3085 ἕως
3346 3029 3403 3082 ἐν
3441 3028 3540 3098 μὲν
3565 3030 3759 3099 στερή-

2181 3137 2263 3174 σει
2292 3121 2389 3190 τῆς
2415 3121 2487 3173 τὰ
2506 3120 2683 3172 πάντα
2716 3119 3018 3191 βοσκούσης
3058 3120 3368 3188 λαμπάδος,
3426 3121 3587 3175 οίονεί
3635 3138 3757 3174 τινα

2176 3216 2429 3285 δεύτερον
2461 3216 2523 3268 ἐκ
2586 3214 2833 3284 μηχανῆς
2883 3214 3036 3284 ἥλιον
3095 3217 3430 3284 πράττοντες
3476 3219 3544 3287 τῇ
3577 3216 3753 3270 νυκτί.

2177 3310 2286 3361 Καὶ
2326 3307 2487 3359 αὑτὸν
2517 3307 2573 3360 δὲ
2605 3308 2696 3361 τὸν
2727 3308 3132 3378 πάντα-κόψον
3165 3309 3453 3372 εἰκονίζειν
3481 3308 3757 3377 ἐθέλοντες

2176 3401 2268 3452 καὶ
2306 3399 2539 3462 κύκλους
2565 3400 2660 3452 καὶ
2694 3402 2942 3471 κινήσεις
2969 3402 3203 3473 ούρανοῦ
3240 3405 3330 3455 καὶ
3370 3404 3443 3467 ὡς
3475 3406 3587 3476 ἔχει
3622 3407 3756 3477 σχήο

2177 3502 2348 3554 ματος
2372 3487 2452 3549 είς
2486 3488 2555 3541 τὰ
2586 3488 2865 3560 περίγεια,
2894 3495 3111 3561 μικροῖς
3138 3509 3247 3545 τισι
3288 3492 3504 3563 σώμασι
3535 3511 3755 3567 σφαιρι-

2176 3577 2291 3640 κοῖς
2328 3578 2727 3647 ὑποφαίνομεν.
2754 3579 2852 3633 "Av
2882 3579 2940 3632 δὲ
2993 3580 3088 3634 καὶ
3124 3581 3261 3651 πρὸς
3295 3582 3604 3653 ζωγράφων
3633 3587 3758 3653 τέχ-

2174 3686 2269 3731 νας
2292 3670 2675 3741 ἀπαγάγωμεν
2702 3671 2793 3725 τὸν
2822 3671 3002 3738 λόγον,
3062 3673 3298 3727 ἐνταῦθα
3329 3673 3393 3742 δὴ
3441 3677 3537 3728 καὶ
3589 3678 3755 3745 ἀφθοη

2173 3759 2292 3815 νίαν
2341 3763 2569 3815 ε’ίκόνων
2619 3766 2714 3817 καὶ
2772 3767 3234 3837 παραδειγμάτων
3303 3767 3609 3838 εὑρήσομεν
3659 3769 3757 3824 καὶ

2175 3855 2384 3927 σκηνὴν
2406 3855 2482 3921 ὡς
2509 3857 2723 3928 ἀληθῶς
2746 3857 3088 3927 ὑποκρίσεως
3118 3858 3398 3929 γέμουσαν
3440 3859 3538 3913 καὶ
3564 3860 3754 3930 ἁμωσ-

2176 3948 2359 4015 γέπως
2391 3952 2504 4011 τοῖς
2536 3950 2827 4019 χρώμασιν
2854 3952 3317 4019 ἐπιπλανωμὲνας
3341 3951 3569 4022 ἔχουσαν
3590 3952 3755 4023 τάλη-

2177 4036 2305 4099 θοῦς
2332 4037 2430 4099 τὰς
2464 4039 2752 4107 ἐμφάσεις.
2796 4039 2878 4093 Τά
2928 4055 2988 4091 τε
3026 4038 3136 4107 γὰρ
3182 4040 3318 4093 ἄλλα
3381 4042 3474 4093 καὶ
3520 4040 3611 4094 τὸν
3660 4042 3754 4094 τοῦ

2174 4131 2375 4194 παντὸς
2392 4131 3017 4200 ὑποκρινόμενοιξδημιου
3026 4132 3154 4201 ργὸν
3167 4134 3387 4188 ἐκεῖνοι.
3408 4132 3600 4184 ἔπειτα
3619 4133 3755 4200 μήτε

2173 4217 2343 4288 πνοὴν
2372 4212 2460 4280 αἷς
2501 4216 2587 4289 [ιι.
2614 4216 2743 4289 215]
2770 4217 3166 4288 δημιουργοῦσι
3198 4221 3376 4281 σκιαῖς
3406 4218 3755 4301 δεδυνημένοι

2172 4306 2518 4376 χαρίζεσθαι,
2551 4307 2689 4375 μήτε
2743 4305 3013 4373 ζωογόνον
3066 4311 3177 4369 τοῖς
3210 4309 3526 4378 σπέρμασιν
3575 4308 3749 4378 ἥλιον,

2172 4392 2465 4458 παίζουσιν
2503 4392 2668 4446 οἱονεὶ
2689 4397 2806 4457 ταῖς
2837 4391 2992 4456 ὕλαις
3040 4396 3137 4447 καὶ
3173 4397 3283 4457 τοῖς
3325 4397 3585 4465 χρώμασι
3611 4414 3623 4425 ·
3660 4412 3755 4450 και

496 4489 592 4561 qui
626 4490 725 4569 tibi
760 4500 1082 4562 potestatem
1118 4491 1277 4546 istam
1305 4491 1483 4556 dedit,
1518 4500 1578 4546 ut
1615 4480 1671 4547 et
1702 4491 2067 4547 immortalem

2179 4487 2303 4555 τῇδε
2334 4486 2431 4555 μὲν
2456 4487 2521 4539 ἐκ
2547 4486 2651 4555 γῆς
2676 4475 2938 4554 ἀνάγουσι
2985 4486 3076 4540 τὸν
3108 4488 3254 4541 σῖτον
3280 4487 3442 4558 δῆσαεν
3468 4488 3548 4540 ἐτι
3593 4490 3752 4557 χλοά-

498 4580 598 4635 tibi
634 4580 801 4635 vitam
828 4580 1080 4645 donaret,
1110 4594 1222 4650 quo
1251 4581 1510 4649 magister
1542 4595 1735 4636 eorum
1775 4597 1946 4646 esses,
1976 4583 2070 4652 qui

482 4671 687 4725 .Aubivis
717 4681 989 4726 terrarum
1020 4685 1249 4740 regnare
1282 4671 1506 4735 vellent,
1534 4672 1696 4738 velut
1748 4672 1929 4727 omnis
1961 4673 2073 4727 vir-

498 4763 633 4817 tutis
679 4773 975 4833 gymnastze
1027 4773 1081 4817 et
1120 4763 1413 4818 universali
1476 4763 1866 4818 Hellanodicaa.
1916 4763 2075 4818 Nunc

496 4856 679 4909 omnis
721 4855 960 4908 humana
1009 4852 1196 4927 lingua
1261 4855 1498 4910 debebat
1550 4871 1731 4910 meum
1784 4870 2073 4910 assumere

484 4951 765 5011 animum,
798 4963 988 5002 eorum
1026 4965 1147 5019 qua
1178 4949 1498 5003 dicerentur
1522 4962 1798 5017 promum,
1839 4955 1899 5001 ut
1942 4948 2072 5003 inde

490 5040 808 5092 communis
838 5037 1084 5105 qumdam
1126 5036 1394 5091 festivitas
1427 5047 1480 5090 et
1528 5036 1851 5090 solemnitas
1887 5044 1945 5093 et
1993 5047 2068 5090 to-

499 5128 609 5182 tius
648 5127 839 5181 mundi
866 5128 934 5182 de
967 5138 1017 5184 te
1052 5139 1109 5183 et
1141 5128 1250 5182 tuis
1285 5126 1575 5183 consensio
1600 5127 1913 5180 exsisteret.
1949 5125 2068 5181 Ca:-

2179 4570 2341 4643 ζοντα
2368 4577 2462 4631 καὶ
2496 4579 3136 4649 γαλακτοτροφούμενον,
3163 4580 3291 4651 τῇδε
3323 4581 3368 4635 δ’
3396 4576 3464 4635 αὖ
3494 4581 3756 4650 τελεσφό-

2178 4686 2273 4740 ρον
2325 4667 2655 4730 δεικνύουσι,
2712 4668 2840 4740 μήθ*
2870 4669 2975 4723 ὑπὸ
3016 4669 3239 4741 καλάμῃ
3304 4671 3398 4723 καὶ
3445 4669 3615 4740 φλοιῴ
3660 4671 3754 4724 καὶ

2178 4758 2453 4830 ἁνθέριξιν
2491 4760 2574 4812 ἐτι
2611 4760 2983 4815 καλύπτεσθαι
3033 4761 3255 4816 θέλοντα
3281 4762 3377 4815 καὶ
3432 4765 3658 4833 μονονοὺ
3693 4762 3754 4816 τὸ

2177 4846 2448 4918 δρέπανον
2477 4848 2949 4917 προκαλούμενον·
3006 4850 3100 4901 καὶ
3159 4848 3332 4903 ταῦτα
3386 4849 3600 4902 ποιοῦσι
3626 4848 3752 4918 μήθ’

2178 4936 2329 5008 ὥραν
2362 4942 2774 5009 περιμένοντες,
2830 4939 2957 5010 μήτ’
2985 4940 3202 5010 ἄστρων
3252 4942 3507 5002 ἐπιτολάς
3550 4957 3611 4994 τε
3658 4940 3755 4993 καὶ

2189 5028 2536 5093 δύσεις,άλλὰ
2563 5029 2689 5097 μιᾶς
2722 5028 2935 5098 ἡμέρας
2952 5030 3121 5082 ἐνίοτε
3148 5030 3385 5098 βλάστην
3404 5045 3464 5082 τε
3489 5030 3637 5082 σίτου
3658 5029 3753 5082 καὶ

2169 5120 2371 5181 ἅλωνος
2384 5118 2535 5188 ὥραν
2552 5118 2883 5182 δεικνύντες.
2902 5121 3010 5174 Καὶ
3023 5122 3179 5189 ἡμεῖς
3199 5122 3486 5189 τοιγαροῦν
3505 5121 3579 5189 μὴ
3591 5120 3750 5173 δυνά-

492 5226 704 5284 torum,
738 5219 864 5289 quia
889 5221 1000 5290 jam
1036 5219 1278 5275 confessi
1328 5233 1539 5281 sumus,
1575 5218 1898 5287 ampliorem
1952 5232 2075 5271 esse

2179 5230 2324 5283 μενοι
2341 5211 2636 5281 τάκριϐσῦς
2658 5214 2715 5265 ἐν
2740 5211 2815 5281 τῷ
2836 5215 3063 5282 παρόντι
3085 5216 3469 5282 κατευστοχεῖν
3498 5213 3751 5280 δεύτερον

496 5310 719 5365 laudum
749 5321 963 5366 tuarum
1003 5309 1456 5382 magnitudinem,
1484 5326 1647 5378 quam
1679 5326 1802 5378 qum
1829 5312 2075 5365 oratione

2180 5308 2409 5374 μέτιμεν
2439 5305 2625 5357 πλοῦν·
2657 5306 2750 5357 καὶ
2772 5306 3183 5374 παραδείγμασι
3228 5307 3547 5377 κεχρήμεθα
3616 5305 3750 5374 πρὸς

482 5399 894 5469 comprehendi
932 5409 1117 5469 queat,
1153 5414 1217 5453 ac
1269 5414 1338 5452 ne
1387 5398 1574 5452 multis
1616 5399 1840 5466 quidem
1874 5397 2075 5467 linguis

2181 5397 2441 5468 ἀληθείας
2472 5397 2698 5464 ἔνδειξιν
2728 5400 2787 5451 οὐ
2821 5399 2968 5469 μάλα
2999 5400 3099 5469 μὲν
3148 5401 3339 5466 ἀξίοις,
3399 5404 3545 5470 μάλα
3573 5400 3621 5455 δῖ
3645 5398 3750 5451 απὸ

1843 5510 2182 5573 Variorum
2224 5519 2410 5573 nolui.

566 5616 679 5687 (94)
700 5615 939 5670 Πολλοῦ
968 5613 1496 5687 dr...v’t.ltov,addit
1526 5613 1873 5687 eod.\iatic.;
1905 5622 2069 5679 atque

2211 5608 2532 5687 _(95)_Vid_e
2558 5610 2865 5687 Munodiam
2898 5610 3526 5687 ingohitumandroniei
3565 5616 3719 5667 senio

490 5683 847 5742 itaiV’oltium
875 5681 1068 5756 legisse
1093 5681 1273 5757 arguit
1298 5685 1491 5741 Latina
1515 5684 1635 5755 ejus
1665 5686 2066 5753 interpretatio.
2171 5681 2275 5744 ris,
2307 5681 2444 5757 infra
2478 5682 2573 5735 Iih.
2605 5698 2659 5745 κ,
2680 5684 2882 5757 ροβε-1.
2926 5684 3016 5735 ubi
3050 5685 3163 5738 haec
3210 5685 3401 5738 iisdem
3431 5688 3543 5740 fere
3570 5686 3750 5741 verbis

490 5759 700 5813 Bonis.
934 5752 955 5756 ’
1161 5752 1183 5757 ’
1544 5752 1558 5755 ⁷
1818 5752 1821 5753 ⁷
2178 5752 2405 5823 repetita
2434 5763 2752 5807 ouem-runt.
2784 5752 2992 5807 Botvnv.
