4088 6462
466 299 574 364 535
718 295 797 367 [Α.
836 315 871 352 ιι
935 299 1066 354 679i
1117 319 1179 356 AD
1221 304 1381 376 6856]

1669 313 1717 373 N
1735 313 2094 375 [CEPHORI
2137 317 2519 379 GREGORE

2826 314 2958 388 ille.
2999 330 3284 372 nonnum.
3322 334 3416 373 sua
3449 316 3469 391 ἶ

3611 323 3711 385 596

476 425 561 462 res
586 409 851 504 Thracica
880 421 935 467 et
976 414 1327 474 Macedonica
1361 418 1522 493 353
1558 424 1757 492 praedia
1807 441 2040 495 recupe-

2144 428 2392 497 καρδίας,
2424 430 2764 486 ἐλπισάντων
2786 432 2986 488 αὐτίκα
3011 434 3147 504 πρὸς
3181 434 3270 487 τὸν
3299 434 3531 504 γηραιὸν
3559 433 3710 497 αὖθις

475 509 709 555 raturos.
742 499 849 556 Sed
876 517 1000 557 cum
1030 504 1173 559 idem
1215 507 1327 563 Deo
1366 511 1542 566 visum
1575 527 1682 566 non
1714 524 1881 581 esset,
1914 531 2039 571 mox

475 591 622 646 mani
656 591 843 646 studio
873 603 990 648 acta
1020 610 1086 649 ea
1131 596 1300 653 fuisse
1335 601 1607 670 apparuit,
1644 612 1704 657 ut
1749 619 2041 677 progressu

474 682 741 739 orationis
774 699 804 738 a
845 683 1008 739 nobis
1038 700 1365 756 exponetur.

2149 520 2447 590 ἐπανήξειν
2490 522 2561 577 τὰ
2596 526 2903 592 πράγματα
2956 523 3206 593 βασιλέα,
3254 525 3507 595 καθάπερ
3548 526 3715 579 κύϐου

2154 614 2583 683 μεταπεσόντος,
2609 615 2705 669 καὶ
2721 615 3160 684 ἀποδοθήσεσθαι
3189 618 3259 669 τὰ
3309 617 3438 688 περὶ
3496 617 3716 687 Θρᾴκην

2150 704 2246 759 καὶ
2272 706 2622 761 Μακεδονίαν
2664 707 2841 779 χωρία
2880 710 2994 772 τοῖς
3043 706 3463 779 προῦπάρξασιν
3521 708 3579 770 ἐς
3627 706 3718 758 τὶν

474 777 889 872 κλῆρον.μᾎλλ’
935 782 1059 835 ἐπεὶ
1126 782 1332 854 καὶτῷ
1381 786 1510 858 θείῳ
1559 788 1748 860 σκοπῷ
1820 789 2119 861 δεδογμένα
2148 780 2329 854 ⁵ταῦτα
2393 801 2490 855 οὐκ
2522 796 2612 872 ἦν,
2666 777 2901 872 μάταιος
2953 802 3012 855 ἐν
3062 777 3281 871 βραχεῖγ
3312 801 3421 853 τῶν
3466 813 3720 868 πεπραγ-

474 869 655 941 μένων
700 869 881 936 ἔδοξεν
914 872 948 941 ἠ
1010 873 1238 944 σπουδὴ,
1286 876 1363 939 ὡς
1410 878 1690 947 εἰρήσεται
1757 881 2044 951 προϊοῦσιν
2083 887 2234 956 ἡμῖν.

540 963 631 1020 Ill.
674 964 973 1021 Enimvero
1003 964 1193 1034 iunior
1223 967 1546 1037 imperatOr,
1595 970 1690 1041 qui
1740 972 1904 1046 longo
1935 975 2045 1046 iam

472 1066 722 1127 tempore
752 1057 939 1123 sciret,
972 1058 1265 1129 Byzantios
1302 1060 1387 1115 sui
1416 1060 1869 1119 'studiosissimos
1901 1079 2045 1131 esse,

470 1149 671 1218 quippe
703 1162 733 1202 a
766 1148 971 1218 quibus
1004 1149 1143 1203 clam
1188 1162 1579 1219 arcesseretur,
1618 1154 1849 1209 turbatae
1895 1163 2049 1225 pacis

469 1238 761 1294 occasione
791 1254 926 1293 usus
951 1239 1016 1294 ad
1051 1240 1243 1294 urbem
1271 1242 1508 1306 accedit,
1542 1252 1598 1298 et
1627 1245 1777 1299 omni
1808 1246 2047 1302 Thracio

468 1331 716 1387 exercitu
748 1346 934 1387 secum
980 1331 1217 1388 adducto
1250 1349 1420 1404 prope
1458 1334 1724 1393 Cosmidii
1770 1350 2047 1396 monaste-

469 1422 614 1477 rium
648 1432 1120 1478 castrametatur:
1165 1423 1311 1479 unde
1356 1427 1620 1496 palatium
1671 1430 2047 1500 conspiciubat

470 1517 696 1588 triginta
721 1519 944 1573 circiter
970 1519 1160 1575 stadiis
1192 1519 1425 1576 distans.
1459 1521 1537 1575 Ac
1568 1521 1684 1591 ipse
1718 1521 1938 1590 quidem
1969 1521 2045 1576 ibi

467 1607 699 1663 biduum
741 1609 1081 1679 totidemque
1126 1622 1316 1665 noetes
1359 1612 1634 1676 subsistit,
1684 1610 2045 1681 frigidissima

468 1699 718 1769 spirante
749 1700 941 1765 Borea,
990 1700 1165 1770 ipsius
1198 1701 1410 1756 brumae
1441 1710 1709 1770 tempore.
1743 1702 2041 1757 Excubito-

2220 983 2294 1038 I".
2339 983 2399 1039 Ὀ
2437 986 2622 1055 μέντοι
2662 986 2919 1057 βασιλεὺς
2950 986 3064 1059 (96)
3098 988 3125 1041 ό
3148 985 3269 1049 νέος
3311 984 3469 1047 εἰδὼς
3502 985 3568 1038 ἐκ
3597 984 3724 1037 πολ-

2146 1074 2240 1130 λοῦ
2259 1070 2387 1141 τοὺς
2411 1077 2744 1144 Βυζαντίους
2779 1080 2933 1143 ὅλαις
2948 1079 3204 1150 γνώμαις
3257 1078 3725 1150 προστιθεμένους

2146 1166 2297 1238 αύτῷ
2334 1168 2431 1222 καὶ
2461 1169 2637 1239 λάθρα
2689 1170 3229 1241 προσκαλουμένους,
3281 1168 3471 1240 ἐπειδὴ
3509 1170 3724 1238 πρόφα-

2148 1275 2234 1313 σιν
2266 1259 2366 1329 ἢδη
2390 1261 2491 1331 τὴν
2521 1260 2621 1330 τῆς
2648 1261 2871 1330 είρήνης
2895 1261 3054 1315 ἐλαϐε
3115 1260 3403 1330 σύγχυσιν,
3444 1261 3538 1312 ἐπί
3564 1259 3724 1312 τοῦτο

2146 1348 2439 1418 πορεύεται
2468 1350 2605 1418 μετὰ
2628 1350 2829 1411 παντὸς
2850 1349 2943 1404 τοῦ
2973 1349 3253 1420 Θρᾳκικοῦ
3286 1349 3723 1419 στρατεύματος,

2145 1442 2241 1494 καὶ
2258 1440 2429 1495 ἐλθὼν
2474 1442 2972 1511 στρατοπεδεύεται
3013 1443 3141 1511 περί
3173 1459 3275 1494 που
3335 1442 3405 1495 τὰ
3450 1441 3725 1511 πρεαύλια

2143 1533 2241 1602 τῆς
2266 1534 2358 1587 τοῦ
2402 1534 2697 1605 Κοσμιδίου
2725 1536 2930 1606 μονῆς·
2968 1534 3062 1603 ἀφ’
3092 1530 3153 1587 οὗ
3202 1535 3296 1587 καὶ
3340 1535 3410 1588 τὰ
3478 1533 3723 1604 βασίλεια

2145 1619 2403 1689 καθεώρα
2441 1621 2740 1689 τριάκοντά
2794 1640 2897 1677 που
2935 1622 3186 1683 σταδίους
3216 1624 3427 1675 τούτων
3481 1623 3725 1691 ἀφεστη-

2144 1709 2257 1773 κὼς
2280 1712 2416 1782 (97).
2450 1714 2620 1777 Αὐτὸς
2670 1713 2773 1784 μέν
2828 1710 2924 1768 οὖν
2978 1713 3146 1768 αὐτοῦ
3198 1714 3293 1767 δύο
3349 1713 3604 1781 διήνυσεν
3629 1714 3724 1766 ὂλα
3766 1770 3783 1777 _

467 1803 560 1844 res
588 1803 721 1844 vero
745 1790 800 1842 in
829 1789 932 1843 viis
953 1787 1309 1844 circumcirca
1335 1789 1618 1845 distributi
1655 1790 2039 1853 observabant,

2145 1764 2484 1872 νυχθιίιμέρα,
2516 1764 2858 1872 ψυχροτάτου
2879 1804 3003 1856 κατ’
3029 1803 3208 1855 αὐτῶν
3232 1764 3615 1865 άντιπνιέοντος
3629 1802 3721 1856 τοῦ

467 1896 536 1936 ne
565 1881 716 1951 ipsos
751 1880 937 1950 aliquo
967 1888 1356 1949 stratagemate
1385 1874 1660 1952 deciperet
1687 1880 2041 1953 Syrgiannes,

465 1972 560 2044 qui
619 1980 734 2027 tum
793 1971 1043 2027 Perinthi
1103 1973 1430 2028 versabatur
1483 1982 1541 2029 et
1592 1974 2041 2045 circumiacentia

464 2065 685 2121 castella
716 2064 1041 2120 melioribus
1073 2064 1361 2135 promissis
1386 2066 1440 2119 in
1469 2065 1574 2120 fide
1608 2067 1845 2121 retinere
1874 2081 2045 2121 cona-

464 2156 650 2211 batur.
679 2152 862 2207 Tertia
895 2168 1027 2209 vero
1057 2161 1220 2208 nocte
1270 2152 1602 2226 Syrgiannes
1647 2156 1912 2211 trecentis
1955 2170 2042 2209 ar-

467 2246 631 2301 matis
661 2246 891 2301 delectis
919 2246 1065 2301 circa
1096 2260 1382 2315 vesperam
1413 2246 1715 2316 equitando
1746 2256 2043 2315 provectus

463 2346 591 2392 ante
651 2335 785 2393 solis
835 2347 1021 2392 ortum
1071 2336 1396 2407 Byzantium
1453 2337 1725 2406 pervenit,
1783 2337 2044 2393 omnibus

464 2430 576 2485 illis
607 2428 961 2499 imperatoris
986 2429 1407 2484 excubitoribus
1435 2443 1497 2482 ac
1523 2428 1867 2483 stationariis
1902 2430 2045 2484 mili-

466 2521 637 2586 tibus,
667 2535 777 2575 non
804 2536 965 2576 secus
998 2535 1063 2575 ac
1094 2520 1140 2575 si
1170 2534 1366 2576 somno
1395 2519 1643 2589 oppressi
1673 2519 1930 2583 fuissent,
1961 2522 2045 2574 in-

464 2613 744 2683 terceptis.
786 2612 855 2667 Et
880 2612 934 2666 ni
969 2627 1138 2667 senex
1180 2612 1481 2680 imperator
1529 2611 1817 2677 vetuisset,
1866 2613 2043 2682 impe-

463 2717 580 2761 tum
614 2706 670 2760 in
696 2719 792 2760 eos
825 2705 992 2760 istius
1018 2704 1284 2759 facinoris
1315 2703 1498 2758 adhuc
1531 2705 1755 2773 ignaros
1795 2705 2042 2761 facturus

464 2798 588 2852 fuit.
617 2794 725 2851 Sed
766 2811 891 2867 cum
933 2795 1243 2860 diluxisset,
1286 2794 1471 2849 audita
1507 2796 1829 2866 Syrgiannis
1878 2797 2037 2851 inex-

462 2897 706 2960 spectata
742 2888 1082 2947 incursione.
1118 2902 1242 2941 cum
1286 2902 1390 2942 nec
1437 2888 1681 2960 Byzantii
1716 2890 1824 2943 ulla
1858 2904 1917 2943 re
1947 2889 2040 2961 iu-

461 2981 640 3036 nioris
668 2979 969 3035 Andronici
1001 2987 1237 3033 conatus
1259 2980 1537 3049 iuvarent,
1568 2994 1672 3034 nec
1703 2980 1819 3048 ipse
1865 2981 2038 3050 ἰητρο-

462 3083 612 3127 ratur
658 3074 796 3126 istos
830 3072 950 3139 (eos
981 3070 1265 3131 nimirum.
1300 3071 1395 3139 qui
1441 3086 1565 3125 cum
1609 3072 1824 3143 iuniore
1855 3076 2035 3141 erant)

2144 1885 2338 1957 βοίδρἄ
2369 1887 2490 1941 κατ’
2519 1888 2688 1957 αὐτὴν
2722 1888 2823 1959 τὴν
2875 1889 3062 1959 ἀκμὴν
3087 1889 3181 1942 τοῦ
3232 1889 3509 1959 χειμῶνος
3566 1890 3718 1952 ὄντος

2141 1973 2238 2027 τοῦ
2299 1974 2514 2043 χρόνου.
2549 1976 2615 2028 Oi.
2645 1977 2704 2028 δέ
2737 1976 2991 2045 φύλακες
3038 1976 3383 2045 πανταχόθεν
3441 1977 3723 2047 διανειμά-

2144 2082 2299 2135 μενοι
2329 2067 2426 2129 τὰς
2454 2068 2607 2129 ὁδοὺς
2635 2069 2892 2138 ἐτήρουν,
2954 2069 3030 2139 μὴ
3069 2068 3210 2139 λάθῃ
3251 2072 3723 2141 καταστρατηγή-

2144 2175 2242 2223 σας
2274 2160 2475 2221 αύτοὺς
2497 2161 2525 2213 ὁ
2554 2161 2899 2231 Συργιάννης
2949 2163 3053 2226 ἔξω
3095 2161 3403 2232 τηνικαῦτα
3438 2163 3570 2233 περὶ
3628 2162 3723 2232 τὴν

2143 2250 2431 2320 Πείρινθον
2486 2251 2779 2320 διατρίϐων
2830 2254 2925 2307 καὶ
2979 2253 3324 2322 πειρώμενος
3395 2253 3723 2323 ὑποσχέσεσι

2143 2343 2545 2412 χρηστοτέραις
2614 2343 2683 2396 τὰ
2742 2342 2906 2413 πέριξ
2977 2342 3378 2411 ἐφελκύσασθαι
3467 2342 3720 2415 φρούρια.

2141 2430 2222 2500 Τῇ
2248 2429 2303 2483 δέ
2330 2432 2491 2501 τρίτῃ
2520 2432 2678 2483 νυκτὶ
2713 2432 3071 2498 τριακοσίους
3097 2432 3514 2501 ἀπολεξάμενος
3572 2432 3723 2485 ὁπλί-

2142 2521 2661 2592 ταςόΣυργιάννης
2726 2523 2819 2575 καὶ
2862 2523 2919 2588 ἐξ
2975 2523 3215 2594 ἑσπέρας
3271 2521 3723 2592 ἐξιππασάμενος

2140 2610 2245 2683 ἧκε
2269 2613 2403 2684 πρὸς
2425 2613 2484 2666 τὸ
2519 2613 2832 2677 Βυζάντιον,
2866 2614 2997 2683 πρὶν
3065 2614 3347 2667 ἀνατεῖλαι
3392 2614 3494 2668 τὸν
3549 2613 3720 2683 ἣλιον,

2142 2707 2353 2767 πάντας
2385 2704 2627 2766 ἐκείνους
2656 2706 2780 2767 τοὺς
2806 2704 3116 2774 βασιλικοὺς
3179 2704 3485 2767 δδοστάτας
3515 2705 3608 2757 καὶ
3625 2700 3723 2768 φύ-

2139 2797 2312 2859 λακας
2344 2794 2533 2865 ὥσπερ
2583 2794 2888 2858 ὑπνοῦντας
2950 2796 3123 2865 άρδην
3190 2795 3535 2866 συνειληφώς
3590 2795 3720 2867 (98).

2141 2891 2250 2945 Καὶ
2276 2890 2324 2943 εί
2343 2890 2417 2961 μὴ
2432 2890 2721 2943 διεκώλυεν
2752 2889 2779 2941 ὁ
2815 2891 3049 2958 γηραιὸς
3077 2890 3351 2958 βασιλεὺς,
3387 2893 3493 2943 καὶ
3521 2893 3707 2943 ἐπεισ-

2138 2984 2327 3035 πεσεῐν
2366 2983 2551 3045 αὐτοῖς
2597 2982 2711 3051 (99)
2760 2982 3013 3035 ἐϐούλετο
3043 2982 3118 3036 ἐτ’
3142 2982 3400 3049 ἀγνοοῦσι
3441 2983 3501 3036 τὸ
3520 2983 3719 3053 δρᾶμα.

2154 3076 2308 3128 Ἐπεὶ
2340 3075 2386 3128 δ’
2413 3071 2595 3145 ἡμέρα
2642 3076 2865 3142 ἐγένετο
2896 3077 2989 3129 καὶ
3015 3076 3114 3146 τὴν
3148 3075 3243 3128 τοῦ
3271 3075 3594 3146 Συργιάννη
3622 3090 3725 3126 πα-

459 3164 588 3220 facti
621 3164 956 3229 pmnitentes
994 3172 1324 3233 recepturus
1352 3177 1474 3219 esse
1506 3139 1813 3231 videretur,
1856 3139 2036 3234 fugam

2146 3160 2366 3231 ράδοξον
2406 3139 2500 3215 καὶ
2528 3139 2794 3231 αἰφνίδιον
2846 3139 3185 3233 ἠκηκόεισαν
3235 3139 3470 3231 ἔφοδον,
3498 3139 3723 3217 ἔϐλεπον

459 3258 841 3328 arripuerunt.

2155 3255 2212 3308 δέ
2244 3255 2338 3308 καὶ
2364 3254 2540 3317 ἄλλως
2563 3253 2688 3308 οὔτε
2714 3256 2841 3317 τοὺς
2874 3253 3203 3318 Βυζαντίους
3225 3253 3498 3321 ἀνύοντας
3552 3254 3720 3324 λάθρα

460 3369 515 3406 τι
549 3351 692 3422 ύπέρ
721 3350 908 3433 αὐτού,
941 3351 1081 3424 μήτε
1099 3350 1191 3405 τὸν
1256 3347 1482 3421 βασιλέα
1545 3347 1945 3418 προσδέξασθαι
2015 3346 2277 3419 μέλλοντα
2326 3346 2757 3421 ἐπιστρέφοντας
2808 3346 2946 3416 πρὸς
3016 3347 3309 3416 μετάνοιαν
3363 3349 3467 3418 (Ι),
3519 3347 3717 3419 ᾤχοντο

460 3445 782 3516 φεύγοντες.

533 3536 698 3608 35kI
749 3536 840 3592 Ν.
879 3535 1075 3592 Postea
1121 3538 1347 3608 despota
1397 3535 1796 3591 Constantinus
1851 3534 2037 3599 statim

460 3644 562 3698 per
591 3643 742 3683 mare
772 3628 1217 3685 Thessalonicam
1260 3630 1518 3690 ntittitur,
1555 3637 1611 3680 ut
1645 3640 1830 3680 rerum
1860 3625 2039 3678 Mace-

463 3720 792 3777 donicarum
861 3703 1399 3777 administrationem
1468 3718 2040 3787 gubernationcmque

462 3814 728 3883 suscipiat
756 3823 812 3868 et
850 3812 1066 3878 Xenen,
1099 3812 1339 3884 iunioris
1390 3808 1739 3879 imperatoris
1785 3816 2038 3872 matrem,

465 3905 780 3977 Byzantium
822 3905 1038 3970 mittat;
1072 3912 1452 3974 pra-tereaque
1488 3900 1718 3954 militem
1762 3899 1839 3954 ibi
1874 3900 2037 3969 legat,

464 4007 527 4054 ttt
571 3996 693 4067 ipso
736 3997 866 4052 inde
919 4011 1043 4051 cum
1090 3993 1460 4049 Macedonicis
1507 3992 1679 4060 copiis
1721 3992 2037 4057 invadente,

467 4090 597 4146 hinc
623 4104 755 4145 vero
783 4089 1087 4161 Syrgianne
1116 4101 1240 4141 cum
1273 4086 1508 4142 Turcico
1553 4085 1799 4140 exercitu
1845 4095 1901 4138 et
1947 4084 2039 4138 Bi-

464 4183 649 4254 thynis
697 4181 959 4236 Romanis
1013 4186 1361 4239 occurrente.
1398 4178 1589 4247 iunior
1636 4178 1934 4245 imperator
1982 4177 2035 4229 in

463 4273 646 4329 medio
681 4274 1098 4327 circumventus
1138 4285 1262 4324 cum
1295 4270 1410 4324 suis
1443 4270 1713 4338 capiatur.
1763 4267 1879 4322 Sed
1912 4282 2037 4320 cum

458 4365 569 4435 iam
618 4363 876 4433 despotes
907 4376 938 4416 e
972 4361 1275 4431 Byzantino
1320 4364 1492 4429 portu
1547 4358 1829 4412 soluturus
1866 4366 2038 4420 esset,

461 4456 646 4510 statim
677 4469 709 4508 e
742 4452 931 4508 famuli
961 4452 1216 4507 manibus
1247 4451 1433 4505 omnia
1462 4464 1527 4504 ea
1566 4448 1784 4518 delapsa
1816 4447 1952 4502 vidit
1983 4456 2040 4501 et

464 4548 519 4603 in
555 4547 785 4602 fundum
822 4547 990 4601 maris
1018 4545 1292 4604 demersa,
1335 4556 1456 4611 qua:
1486 4540 1553 4595 ad
1586 4539 1887 4594 ornandam
1919 4540 2040 4611 eius

2214 3532 2294 3603 [Ρ.
2320 3530 2449 3604 218]
2473 3530 2543 3585 Δ’.
2568 3532 2848 3602 Πέμπεται
2867 3532 2965 3603 μὲν
2987 3531 3250 3601 δὴλοιπδν
3277 3531 3445 3596 εὐθὺς
3462 3534 3490 3587 ὁ
3524 3530 3714 3587 δεσπό-

2142 3642 2239 3695 της
2275 3627 2682 3689 Κωνσταντῖνος
2723 3627 2799 3695 (2)
2823 3627 2910 3680 διὰ
2933 3625 3198 3694 θαλάττης
3224 3628 3280 3688 ἐς
3317 3624 3715 3694 Θεσσαλονίκην

2143 3718 2442 3787 ἐπίτροπος
2486 3719 2579 3771 καὶ
2609 3718 2885 3789 διοικητὴς
2906 3719 3015 3771 τῶν
3043 3718 3145 3787 τῆς
3178 3718 3524 3781 Μακεδονίας
3543 3734 3716 3789 πραγ-

2146 3810 2336 3877 μάτων
2380 3810 2478 3879 τήν
2506 3825 2566 3862 τε
2606 3811 2897 3864 δέσποιναν
2947 3810 3121 3877 Ξένην
3149 3812 3248 3879 τὴν
3287 3812 3384 3877 τοῦ
3418 3814 3540 3865 νέου
3566 3812 3715 3881 βασι-

2140 3901 2278 3965 λέως
2325 3903 2541 3973 μητέρα
2576 3900 2655 3972 (5)
2716 3903 2946 3973 πέμψων
2980 3904 3037 3965 ἐς
3091 3904 3391 3967 Βυζάντιον
3460 3906 3551 3958 καὶ
3583 3904 3713 3974 πρός

2142 4010 2205 4061 γε
2242 3993 2698 4063 στρατολογήσων
2738 3995 2971 4056 ἐκεῖθεν,
3010 3994 3078 4047 ἵν’
3117 3996 3330 4048 ἐκείνου
3362 3996 3467 4065 μὲν
3508 3995 3713 4050 ἐκεῖθεν

2142 4084 2397 4146 ἐπιόντος
2426 4086 2566 4153 μετὰ
2592 4084 2685 4136 τοῦ
2725 4085 3099 4139 Μακεδονικοῦ
3134 4087 3569 4156 στρατεύματος,
3627 4087 3713 4138 ἐν-

2142 4175 2334 4230 τεῦθεν
2364 4176 2420 4230 δέ
2446 4175 2539 4229 τοῦ
2568 4176 2899 4246 Συργιάννου
2928 4178 3025 4231 σύν
3062 4194 3124 4245 γε
3158 4179 3452 4251 Τουρκικῷ
3504 4178 3712 4250 στρατῷ

2144 4267 2241 4321 καὶ
2266 4268 2382 4321 ὅσοι
2416 4270 2479 4321 ἐκ
2510 4267 2767 4331 Βιθυνίας
2826 4267 3115 4338 Ῥωμαίων
3165 4271 3407 4336 ὁπλῖται,
3474 4273 3635 4343 μέσος
3686 4272 3713 4322 ὁ

2146 4360 2271 4421 νέος
2326 4360 2707 4428 συγκλεισθεὶς
2760 4359 3013 4430 βασιλεὺς
3088 4361 3187 4430 τὴν
3244 4363 3513 4433 ταχίστην
3564 4362 3713 4432 ἁλοίη

2147 4448 2241 4515 ξύν
2272 4467 2335 4518 γε
2372 4453 2483 4513 τοῖς
2511 4450 2650 4518 ἀμφ’
2681 4451 2862 4504 αὐτόν.
2898 4451 3125 4504 Μέλλων
3145 4450 3190 4504 δ’
3224 4452 3324 4523 ἤδη
3366 4454 3478 4506 τῶν
3514 4454 3714 4517 Βυζαν-

2143 4541 2276 4594 τίων
2300 4540 2540 4609 λιμένων
2561 4540 2828 4593 ἀποπλεῖν
2858 4542 2887 4593 ὁ
2916 4540 3187 4613 δεσπότης
3244 4540 3384 4596 εἶδεν
3424 4543 3583 4604 εὐθὺς
3608 4543 3712 4595 τῶν

465 4652 711 4693 mensam
744 4652 909 4691 aurea
939 4644 995 4690 et
1028 4646 1287 4703 argentea
1334 4645 1465 4685 vasa
1516 4629 1744 4683 collecta
1796 4628 2035 4683 fuerant.

2145 4629 2239 4682 τοῦ
2297 4629 2487 4683 δούλου
2534 4630 2735 4700 χειρῶν
2789 4630 3150 4702 όλισθήσαντα
3190 4632 3370 4686 πάντα
3431 4633 3711 4704 συνηθροι-

440 4729 597 4799 ’ριιω
631 4745 718 4787 res
759 4740 1016 4800 magnum
1050 4727 1127 4781 illi
1167 4723 1413 4779 dolorem
1444 4722 1649 4789 attulit,
1678 4736 1783 4777 non
1823 4735 1932 4779 tam
1964 4723 2036 4777 ob

2146 4723 2529 4790 σμένα,δπόσα
2557 4726 2656 4794 τὴν
2689 4724 2899 4777 ἐκείνου
2929 4723 3209 4794 τράπεζαν
3237 4726 3476 4795 ἐπλήρου
3510 4724 3708 4797 χρύσεα

1801 4849 2142 4912 Variorum
2182 4855 2373 4911 noue.

540 4961 652 5031 (96)
691 4954 1131 5031 Pltrauzcs,_lib.
1179 4969 1382 5031 I,__cap.
1434 4949 1803 5031 10;"Laonic.
1849 4951 2039 5031 lib_._1,
2143 4951 2588 5031 fidia,i_uniorem
2614 4950 2988 5031 Andronicum
3021 4953 3268 5031 recipere
3293 4952 3569 5031 nolueritth
3597 4968 3608 5003 :
3640 4966 3706 5004 an

508 5069 525 5085 .
546 5021 606 5086 3.
639 5021 770 5083 edit.
805 5028 963 5096 Πομ
994 5025 1190 5082 Joann.
1221 5021 1517 5088 Villancus,
1540 5021 1639 5076 lib.
1672 5037 1747 5085 tx,
1772 5035 1893 5091 cap.
1917 5021 2038 5077 152.
2135 5022 2377 5096 iunioris
2400 5022 2928 5096 niilites.‘desperata
2947 5021 3183 5096 senioris
3198 5024 3511 5096 cleutentia,
3533 5024 3703 5089 fugant

516 5116 704 5155 nemo.
890 5092 910 5096 ’
2141 5092 2403 5159 ceperint.
2426 5092 2529 5147 Sed
2556 5092 2703 5160 prior
2727 5094 2995 5163 sententia
3023 5094 3193 5161 magis
3221 5094 3413 5163 placet.
3437 5093 3704 5146 Womcs.

542 5171 652 5237 (ιη)
690 5167 845 5223 A.C.
886 5166 1278 5237 1522,1tieme.
1385 5232 1437 5237 __
1620 5233 1653 5237 η
1716 5234 1730 5237 _
1795 5231 1824 5237 Α

2144 5192 2209 5237 _—-
2247 5162 2410 5237 Μήτε
2458 5164 2562 5216 τόν
2607 5162 2874 5237 βασιλέα
2901 5163 3369 5237 ᾗίῑροᾳδέξασίζὶᾳι
3413 5163 3710 5231 μέλλοντα

548 5230 660 5309 (98⁷)
700 5241 806 5294 Aut
870 5239 1135 5309 verlunn_
1161 5232 1524 5309 συλλαμϐάνω
1585 5233 1731 5309 aliud
1774 5231 2041 5309 _Grcgo_raz

2144 5230 2634 5309 ἐπιστρέφοντας,
2654 5243 2761 5286 etc.
2794 5231 3021 5286 Wolﬁus
3051 5232 3181 5302 legit
3211 5230 3707 5309 μέλλονταςλθῑψιθ

2139 5316 2202 5356 ea
2235 5303 2468 5356 lectione
2493 5302 2756 5370 deceptus
2781 5317 2807 5353 a
2834 5317 2964 5355 vero
2983 5300 3146 5356 sensit
3175 5302 3471 5357 aberravit.
3503 5300 3703 5370 ltotvtn.

2216 5373 2292 5442 (2)
2328 5368 2644 5442 Andronici
2680 5372 2811 5440 imp.
2843 5371 2987 5425 filius
3030 5373 3272 5442 secundo
3307 5373 3542 5441 genitus.
3576 5368 3707 5422 Vide

2142 5440 2510 5497 Cant'acuzen.
2544 5441 2642 5495 lib.
2681 5457 2720 5507 ι,
2750 5454 2871 5509 cap.
2906 5443 2994 5495 51.
3030 5440 3264 5496 Ducam.

2215 5512 2291 5581 (5)
2346 5511 2651 5581 Antequam
2711 5508 2873 5581 vidua
2924 5519 3099 5574 esset,
3161 5511 3327 5565 Maria
3392 5508 3702 5581 vocabatur.

2143 5574 2367 5647 Libiw,
2416 5574 2537 5649 cap.
2568 5580 2624 5646 8,
2657 5589 2793 5634 sect.
2831 5580 2893 5645 2;
2932 5581 3028 5635 lib.
3069 5597 3164 5646 vn,
3205 5598 3327 5648 cap.
3370 5581 3422 5643 6,
3456 5588 3589 5649 sect.
3636 5574 3723 5649 2;.

2142 5661 2197 5705 et
2239 5667 2362 5720 cap.
2411 5647 2500 5714 15,
2533 5660 2669 5705 sect.
2711 5650 2773 5711 l;
2809 5650 2904 5704 ltb.
2936 5667 3054 5715 vm,
3104 5667 3225 5718 cap.
3275 5647 3325 5712 i,
3373 5658 3506 5705 sect.
3544 5648 3595 5703 l.
3625 5647 3701 5697 Au

2146 5731 2362 5777 mortuo
2395 5722 2590 5775 marito
2618 5720 2863 5775 habitum
2893 5722 3231 5777 mutaverat?
3257 5721 3463 5777 Botvtx.

477 5302 769 5377 significat,
811 5317 908 5362 aut
944 5305 1233 5377 legendum
1264 5302 1528 5377 λεληθὼς,
1570 5305 1653 5356 Vel
1691 5302 2038 5377 διεληλυθὼς.

474 5373 558 5434 vel
615 5379 820 5450 aliquid
866 5373 1067 5433 simile.
1119 5374 1306 5450 Neque
1354 5375 1498 5427 enim
1551 5373 2046 5450 conprehenderat

473 5464 588 5511 eos,
622 5452 674 5505 in
705 5443 843 5520 quos
873 5450 1136 5520 impetum
1170 5444 1570 5520 facturuserat.
1596 5443 1872 5520 Wocrtus.

551 5522 664 5591 (99)
706 5512 927 5574 Scilicet
948 5512 1064 5591 τοῖς
1091 5515 1340 5591 περὶᾼτὸν
1370 5514 1510 5578 νέον,
1538 5513 1593 5566 in
1622 5514 1794 5591 ipsum
1815 5512 2046 5591 juniort's

474 5584 759 5646 exérciium
787 5596 902 5642 erat
941 5587 1193 5655 impetum
1224 5584 1482 5655 facturus,
1517 5597 1625 5655 non
1672 5585 1725 5636 in
1763 5585 1901 5655 ipso:
1932 5584 2043 5636 viav

474 5680 591 5715 rum
622 5660 880 5721 custodes,
902 5657 994 5726 qui
1018 5652 1130 5724 iam
1157 5652 1549 5726 comprehensi
1572 5652 1807 5726 fuerant.
1832 5652 2038 5706 Bomx.

544 5734 620 5800 (Ι)
657 5732 863 5785 Dubius
899 5723 1069 5794 locus,
1099 5734 1279 5779 utrum
1315 5723 1576 5796 Byzantii,
1608 5723 1888 5792 repudiata
1916 5739 2042 5793 pcr-
